4036 6394
527 353 627 417 τ’ἶὶ

1489 346 1555 407 P.
1592 344 1898 406 POSSlNl
1930 341 2600 431 onssuvartoumt
2643 345 2796 407 LIB.
2843 346 2893 407 ι.
3675 354 3767 419 γρ

528 467 834 534 :ubjectam
874 462 1176 526 notionem,
1211 468 1267 512 ut
1298 475 1361 514 ea
1396 461 1710 528 designaret
1745 459 2117 512 adhtesionem
2151 468 2194 519 Α
2225 458 2416 512 liorem
2446 461 2611 513 vitam
2646 461 2914 528 migrasse
2949 458 3136 525 audio,
3161 458 3214 512 in
3241 460 3474 529 longaeva
3508 465 3595 517 sed
3617 471 3761 521 omni-

426 599 435 606 .
532 557 672 609 maio
706 568 979 624 persuasa:
1008 554 1201 608 mentis
1230 553 1296 607 ad
1336 555 1527 620 dogma
1553 552 1785 618 falsum;
1819 567 1940 620 qua!
1978 566 2116 603 nun-

532 648 659 700 dum
695 646 923 701 lneresis
947 655 1289 709 censeretur,
1323 646 1427 699 nisi
1462 654 1755 715 postquam
1785 643 2117 703 adutoni'us,

532 740 618 813 [P.
645 738 772 810 503-]
805 741 898 809 qui
925 746 1208 792 erraverat
1242 738 1623 805 obtemperare
1678 737 2020 790 monentibus
2067 744 2121 787 et

535 849 755 902 pravam
780 832 1095 899 Opinionem
1129 845 1386 885 revocare
1405 829 1707 893 abnuisset,
1737 827 2038 898 petiittacia
2060 842 2117 879 se

533 925 815 977 involvens
847 936 967 976 sua.

605 1015 896 1083 Πέλαγος,
922 1029 976 1083 p.
1015 1012 1139 1067 149..
1174 1011 1373 1065 Vocem
1398 1010 1636 1078 πέλαγος
1673 1010 1814 1063 aliud
1842 1010 2116 1079 quidpiam

532 1128 560 1162 a
593 1115 881 1178 pervagata
913 1108 1183 1174 obviaque
1216 1106 1434 1159 notione
1469 1106 1571 1159 hoc
1599 1105 1715 1158 loco
1744 1118 1938 1156 sonare
1973 1104 2119 1172 quis.

531 1203 656 1269 quis
688 1201 876 1254 intime
900 1200 1291 1267 introspexerit
1322 1198 1538 1251 sentiet.
1574 1196 1802 1264 Reperio
1833 1198 1972 1264 apttd
2016 1196 2116 1248 lle-

534 1293 783 1363 sychium
858 1291 1177 1359 πελαγίζειν
1244 1291 1504 1357 explicari
1569 1288 1831 1358 ἐγγίζειν,
1882 1288 2119 1357 πλησιά-

529 1385 668 1453 ζειν,
704 1398 760 1441 ut
799 1402 905 1440 non
952 1396 1154 1439 temere
1190 1385 1534 1451 suspicemur
1571 1380 1865 1450 quamdam
1901 1382 2119 1435 vicinia

529 1480 915 1532 iudicationem
952 1476 1215 1531 vocabulo
1253 1475 1526 1540 πελάγους
1563 1475 1650 1529 hic
1695 1488 1723 1525 a
1758 1484 1947 1526 nostro
1977 1474 2120 1526 indi-

529 1583 661 1637 tam,
691 1586 852 1639 quam
891 1570 991 1623 loci
1040 1584 1173 1623 sane
1220 1568 1488 1624 sententia
1541 1566 1730 1636 exigit.
1764 1566 1934 1632 Quem
1970 1567 2117 1620 enim

526 1664 725 1732 alioqui
765 1677 1013 1737 saporem
1056 1662 1272 1725 haheat,
1307 1661 1491 1713 dicere
1537 1660 1929 1731 Pachytnerem
1966 1674 2024 1713 se
2055 1674 2119 1712 ex

484 1742 489 1747 ’
524 1771 583 1809 eo
617 1755 757 1827 quod
786 1756 1045 1825 pertineat
1081 1753 1149 1807 ad
1177 1751 1559 1816 Christum,‘ab
1593 1753 1703 1821 ipso
1734 1752 1910 1805 eodem
1938 1751 2118 1820 puniri

526 1847 863 1916 benignitatis
924 1846 1229 1899 existimare
1286 1844 1543 1912 pelagus?
1585 1844 1797 1897 Diceret
1826 1843 2004 1910 potius
2031 1842 2117 1911 pi-

524 1955 699 2008 gnus;
741 1939 875 1993 nihil
910 1940 1053 1993 enim
1096 1939 1161 1991 ad
1191 1936 1401 1990 ﬁduciae
1432 1951 1593 1989 omen
1638 1937 2110 1990 accommodatum

526 2033 685 2084 habet
714 2046 815 2084 vos
849 2030 1086 2101 pelagus,
1127 2029 1172 2083 si
1208 2027 1748 2097 vnlgarisigniticatu
1795 2036 2110 2096 usurpatur.

523 2121 793 2176 Nimirum
830 2138 858 2175 a
892 2123 1085 2186 πέλας,
1121 2120 1264 2189 quod
1300 2131 1379 2173 est
1406 2117 1577 2187 ἐγγύς
1616 2134 1798 2188 prope,
1834 2127 1927 2173 aut
1951 2134 1980 2173 a
2014 2136 2114 2171 πε-

524 2212 735 2278 λάζειν.
787 2197 1141 2281 ψιθύέοηει
1193 2212 1481 2273 admoveri,
1535 2212 1980 2279 appropinquare.
2034 2211 2113 2265 vi.

527 2308 643 2359 deri
687 2323 791 2358 non
823 2306 1099 2359 immerito
1132 2313 1309 2373 potest
1340 2304 1557 2357 ductum
1590 2304 1912 2358 voeabulutn
1946 2304 2113 2358 πέλα-

524 2415 646 2467 τος,
672 2408 962 2467 propterea
1013 2414 1119 2451 non
1170 2396 1329 2466 plane
1389 2396 1694 2450 abhorrens
1742 2411 1771 2449 a
1813 2396 2022 2450 viciniw
2049 2410 2114 2452 ac

524 2490 939 2561 propinquitatis
969 2490 1263 2554 mentione,
1290 2489 1396 2543 huc
1426 2502 1559 2542 sane
1588 2499 1911 2559 opportuna,
1944 2503 2109 2558 quant

526 2581 650 2637 ideo
679 2582 1088 2651 interpretando
1118 2582 1511 2650 expressimus.

2225 549 2327 603 bus
2367 551 2635 605 virtutum
2679 550 2944 619 exemplis
2973 551 3353 605 commendata
3383 563 3662 609 senectute.
3687 557 3767 609 "is

2223 642 2375 694 addit
2403 642 2665 698 Claudius
2696 641 2974 697 Maltretus
3002 643 3406 697 adnotationem
3437 646 3679 700 Eustathii
3710 651 3763 702 ad

2223 748 2275 787 ν.
2307 734 2423 799 195,
2444 735 2598 789 Iliad.
2637 751 2667 806 ρ
2697 752 2711 789 :
2757 735 2921 804 Λέγει
2955 737 2989 805 ή
3014 736 3308 806 παροιμία,
3334 738 3540 807 Πηλεὺς
3566 739 3653 809 τὴν
3682 743 3769 808 μά.

2223 845 2423 897 χαιραν
2449 829 2526 890 ὡς
2548 828 2638 882 διὰ
2666 829 3026 900 σωφροσύνην
3053 821 3312 893 λαϐόντος
3338 831 3500 884 αύτεῦ
3531 834 3616 885 καί
3640 834 3767 900 giae;

2223 922 2432 973 θεόθεν.
2463 922 2727 985 Adagium
2786 923 2888 976 hoc
2941 932 3280 977 memoratur
3325 939 3351 975 a
3405 923 3561 977 Suida
3591 929 3770 978 duobns

2224 1013 2379 1074 locis.
2415 1029 2462 1067 v.
2496 1016 2640 1083 μέγα
2680 1016 2873 1085 φρονεῖ
2909 1025 3039 1069 etv.
3078 1015 3312 1083 Πηλεύς.
3345 1015 3516 1071 Priori
3554 1018 3662 1072 loco
3702 1020 3770 1073 sic

2223 1106 2415 1159 St'l‘iilil
2446 1124 2459 1160 :
2493 1107 2654 1159 Μάλα
2694 1109 2887 1174 φρονεῖ
2913 1107 3118 1177 μᾶλλον
3153 1108 3185 1178 ἢ
3223 1107 3435 1178 Πηλεὺς
3466 1111 3557 1163 ἐπὶ
3590 1113 3649 1179 τῇ
3682 1127 3771 1179 μα-

2224 1197 2410 1268 χαίρᾳ.
2452 1200 2589 1250 Φασὶ
2625 1197 2832 1269 ταύτην
2874 1199 2982 1252 ἀπὸ
3010 1200 3107 1253 τοῦ
3147 1199 3450 1268 Ἡφαίστου
3479 1202 3768 1272 γενομένην,

2221 1288 2397 1357 δῶρον
2430 1289 2602 1359 ἰιήλεῖ
2648 1290 3006 1360 σωφροσύνης
3034 1290 3198 1343 ἕνεκα
3235 1289 3342 1343 ὑπὸ
3378 1290 3666 1360 Ἡφαίστου
3699 1294 3771 1343 ὁο-

2223 1351 2403 1449 θῆναι,
2499 1351 2787 1450 ἀρώμενος
2817 1351 2998 1434 πδντα
3030 1381 3318 1451 κατώρθου
3347 1351 3526 1436 καὶυὲν
3557 1383 3667 1443 ταῖς
3689 1382 3772 1451 μά·

2222 1487 2346 1540 χαις
2400 1474 2495 1525 καὶ
2557 1473 2617 1523 ὲν
2673 1475 2794 1536 ταῖς
2838 1473 3059 1542 θήραις.
3121 1470 3385 1527 Erasmus
3432 1474 3589 1544 hujus
3623 1472 3769 1543 adagii

2225 1563 2554 1618 mentionem
2612 1564 2809 1618 factum
2870 1580 2935 1619 ex
2979 1564 3226 1619 Zenobio
3273 1565 3441 1620 refert
3481 1566 3615 1633 apud
3650 1564 3769 1616 Ana-

2223 1667 2499 1711 creontem
2546 1667 2601 1712 et
2653 1659 2796 1725 apttd
2836 1658 3152 1712 Pindarum.
3192 1657 3305 1729 Ego
3354 1658 3408 1711 in
3455 1658 3614 1713 editis
3641 1656 3774 1709 hodie

2222 1752 2582 1805 Anacreontis
2618 1750 2707 1823 [Ρ.
2749 1750 2878 1824 504]
2936 1752 3073 1805 nihil
3126 1752 3232 1808 huc
3275 1752 3551 1822 pertinens
3600 1747 3772 1817 reperi.

2228 1844 2491 1901 Pindarus
2535 1845 2587 1899 in
2617 1844 2799 1910 Nem.,
2828 1846 2917 1900 od.
2950 1844 3014 1910 4,
3047 1854 3316 1900 memOrat
3347 1858 3527 1899 ensem
3574 1839 3703 1896 Pelei
3731 1848 3776 1891 et

2222 1938 2525 1993 calumnias
2572 1938 2629 1993 in
2672 1954 2794 1992 eum
2855 1938 3191 2008 Hippolytes.
3225 1937 3360 2005 Ejus
3397 1931 3774 1992 scholiastessd

2221 2045 2345 2085 eum
2394 2030 2571 2085 locum
2628 2030 2729 2101 legi
2772 2030 2932 2097 digna
2976 2031 3189 2086 scribit.
3220 2029 3475 2085 Catullus
3508 2028 3604 2084 sub
3635 2025 3773 2081 liuent

2220 2123 2555 2191 epithalamii
2591 2123 2735 2177 Pelei
2772 2132 2822 2177 et
2865 2120 3125 2176 Thetidos
3166 2124 3424 2177 domibus
3470 2116 3774 2199 castisl‘elri

2220 2214 2437 2268 domum
2462 2225 2733 2279 acccnset,
2759 2214 2884 2267 dum
2911 2215 2983 2268 ait
3011 2232 3025 2271 :
3060 2214 3255 2269 Domos
3277 2215 3501 2269 invisere
3515 2221 3675 2267 castas
3693 2225 3776 2263 rte-

2221 2309 2417 2371 licolte,
2452 2310 2683 2362 nondum
2719 2321 2892 2377 spreta
2918 2310 3133 2377 pietate,
3181 2310 3446 2365 solebant.
3493 2307 3611 2362 llaec
3637 2305 3776 2360 Clau-

2222 2402 2344 2455 dius
2381 2400 2686 2454 Maltretns.

2291 2491 2741 2560 Ποντογέφυρα.
2774 2505 2826 2559 p.
2860 2491 2985 2546 550.
3026 2491 3092 2546 Ἦ
3131 2493 3566 2557 Ἰουστινιάνειος
3614 2503 3778 2544 πεντε-

2219 2584 2458 2653 γέφυρα.
2491 2582 2583 2638 Sic
2635 2585 2705 2637 ibi
2744 2586 2991 2654 optimus
3041 2586 3208 2640 codex
3245 2584 3597 2645 Barherinus,
3622 2594 3774 2634 tamen

595 2674 862 2740 Πηλεύς.
917 2673 995 2727 Ad
1042 2688 1105 2728 ea
1155 2688 1273 2742 qua!
1304 2673 1586 2729 Glossario
1623 2675 1790 2745 priori
1821 2674 1967 2730 circa
2009 2675 2112 2731 hoc
2222 2676 2427 2730 habens
2452 2684 2692 2729 notatam
2722 2675 2773 2729 in
2800 2676 3043 2747 margine
3068 2677 3228 2730 aliam
3252 2678 3425 2748 hujus
3448 2675 3618 2731 ultimi
3642 2685 3778 2727 voca-

522 2771 749 2825 verbum
810 2770 1018 2833 notavi,
1072 2769 1318 2839 quaedam
1370 2769 1424 2824 in
1479 2786 1614 2826 mea
1670 2771 2109 2841 supplementum
2221 2769 2329 2823 bttli
2358 2768 2644 2823 lectionem
2678 2768 3092 2841 πονταγὲφυρα,
3118 2770 3375 2826 vitiosam
3411 2778 3466 2827 et
3488 2770 3672 2838 ipsum,
3698 2765 3774 2818 sed

524 2861 756 2915 inscitire
807 2860 877 2916 ab
910 2861 1103 2915 amicis
1146 2870 1402 2931 suggesta
1451 2861 1540 2918 hic
1588 2862 1909 2933 adjungam.
1940 2864 2011 2920 Β.
2049 2861 2108 2919 P.
2216 2868 2446 2917 eatenus
2482 2862 2550 2913 ad
2601 2870 2806 2915 rectum
2840 2863 3193 2916 accedentem
3228 2874 3504 2933 quatenus
3529 2875 3591 2915 ex
3630 2857 3774 2911 altera

522 2953 763 3010 Joannes
793 2954 1048 3027 Fayonus
1077 2955 1135 3010 S.
1170 2955 1237 3020 l.,
1264 2955 1380 3010 viso
1406 2956 1553 3010 edito
1582 2954 1943 3028 Pachymere,
1967 2956 2110 3010 scri-
2219 2955 2520 3009 errantium
2591 2955 2925 3025 syllabarum
2992 2958 3222 3010 duarrnn
3301 2959 3555 3013 mendum
3610 2963 3772 3005 Sllslll'

526 3047 634 3114 psit
655 3045 721 3097 ad
758 3060 844 3099 me
871 3044 976 3100 sibi
1008 3045 1177 3099 videri
1209 3044 1601 3116 Pachymerem
1640 3047 1754 3100 haec
1776 3048 2107 3101 scribentem
2219 3045 2303 3103 lit.
2348 3047 2581 3114 Scripsit
2625 3047 2767 3100 enim
2811 3047 2927 3101 sine
2954 3047 3119 3102 dubio
3153 3048 3517 3120 Pachytneres
3546 3041 3775 3110 ποντογέ-

524 3139 595 3192 de
627 3135 787 3192 Vccci
818 3140 1091 3202 castitate,
1123 3138 1322 3207 Ῥοπῆς
1353 3138 1461 3207 γὰρ
1486 3139 1566 3201 είς
1588 3140 1846 3209 πορνείαν
1867 3138 1969 3194 κᾶν
1995 3141 2109 3211 [lq-

2218 3154 2391 3209 φυρα.
2439 3138 2592 3204 Quod
2649 3148 2706 3193 nt
2751 3138 3142 3203 demonstrem,
3176 3142 3415 3210 primum
3463 3154 3600 3211 pono
3629 3134 3773 3192 δίκη]-

522 3230 653 3293 λεὺς
680 3223 862 3300 ὦφλεν
895 3231 929 3300 ἢ
963 3231 1029 3283 ἂν
1054 3230 1285 3293 ἐκεῖνος,
1323 3230 1578 3286 habuisse
1617 3231 1669 3284 in
1702 3241 1886 3285 tuente
1932 3233 2109 3286 locum

518 3322 906 3389 Ariswpltanis
963 3324 1017 3378 in
1071 3322 1337 3389 Nubibus,
1397 3322 1610 3391 ρ.112,
1650 3324 1740 3379 ed.
1777 3322 1939 3378 Basil.
1982 3326 2109 3378 anni

527 3414 668 3470 1547
695 3432 711 3470 :
740 3414 853 3468 Καὶ
879 3414 981 3485 τὴν
1012 3414 1172 3468 Θέτιν
1204 3414 1250 3468 δ’
1280 3414 1459 3485 ἔγημε
1516 3414 1606 3468 διὰ
1641 3413 1704 3468 τδ
1738 3416 2037 3486 σωφρονεῖν
2081 3415 2111 3468 6

526 3506 766 3577 Πηλεύς,
801 3507 853 3561 in
888 3522 1009 3577 qua:
1049 3510 1214 3563 verba
1271 3507 1597 3562 scholiastes
1659 3516 1929 3560 memorat
1988 3522 2111 3575 qua:

523 3601 865 3654 castimonia:
923 3600 1150 3670 insignis
1201 3600 1362 3654 Peleo
1408 3600 1620 3655 laudem
1657 3610 1931 3665 assarunt,
1970 3602 2113 3655 inter

525 3692 629 3746 alia
657 3691 760 3746 hoc
785 3706 801 3744 :
825 3690 1196 3758 ’Δστυόάμεια
1212 3690 1268 3746 δὲ
1285 3694 1318 3762 ἡ
1353 3692 1619 3746 Ἀκάστου
1637 3692 1796 3761 γυνὴ,
1818 3695 2112 3762 ἐρασθεῖσα

527 3782 777 3849 Πηλέως.
814 3784 909 3835 καὶ
943 3783 1018 3852 μὴ
1048 3782 1289 3836 πείσασα
1326 3783 1413 3835 διὰ
1446 3782 1804 3853 σωφροσύνην
1836 3784 2112 3838 συνελθεῖν

522 3877 689 3946 αὐτῇ,
712 3875 1123 3944 καταψεύδεται
1154 3875 1325 3929 αὐτοῦ
1347 3875 1483 3947 πρὸς
1509 3878 1803 3940 Ἄκαστον,
1830 3886 1941 3931 etc.
1973 3876 2117 3931 Pauo-

523 3968 579 4023 lo
608 3976 737 4022 ante
781 3967 922 4022 idem
980 3967 1143 4037 712
1178 3966 1509 4023 scholiastes
1553 3968 1800 4024 eamdem
1825 3968 2111 4023 historiam

523 4059 788 4114 retulerat
829 4074 893 4113 es
937 4059 1045 4112 alio
1076 4068 1319 4126 auctore,
1352 4060 1446 4129 qui
1474 4059 1617 4114 illam
1661 4060 1845 4115 Acasti
1884 4075 2110 4116 uxorem

531 4151 865 4222 Ἱππολύτην
896 4151 1223 4222 Hippolyten
1252 4151 1505 4220 appellat,
1529 4167 1652 4222 qua:
1677 4151 1860 4207 verius
1882 4151 2112 4207 Phtedra

520 4249 822 4311 diceretur,
858 4247 1013 4317 cujus
1064 4247 1258 4301 similis
1312 4246 1681 4302 castissimum
1738 4245 1983 4308 Peleunt,
2035 4245 2113 4298 uti

525 4338 753 4392 Phaedra
782 4336 1129 4408 Hippolytum
1162 4337 1413 4405 pellicere
1445 4337 1512 4390 ad
1545 4335 1872 4390 adulterium
1892 4349 2109 4399 conata,

522 4448 649 4487 cum
693 4432 1027 4502 persuadere
1058 4433 1416 4499 nequivisset,
1452 4447 1600 4485 reum
1634 4442 1692 4484 ut
1719 4431 1942 4485 Phaedra
1978 4430 2111 4501 Hip-

2216 3247 2488 3302 quaqnam
2555 3232 2881 3301 imposuisse
2923 3231 3298 3290 Iustinianum
3371 3234 3598 3306 Sangari
3644 3227 3768 3283 amni

2214 3326 2608 3395 quiutnplicem
2646 3336 2886 3396 pontem,
2921 3328 3178 3383 nimirum
3210 3332 3453 3399 quinque
3480 3328 3637 3383 veluti
3664 3338 3773 3377 con-

2219 3416 2616 3487 tignationibus
2645 3418 2944 3484 sublatum,
2970 3419 3276 3493 enjnsmodi
3326 3422 3630 3493 τριγέφυρα
3667 3430 3773 3486 pom

2215 3508 2413 3579 triplex
2446 3509 2817 3578 antiquissimi
2855 3521 2909 3565 et
2938 3492 3273 3582 miri'0petzis
3316 3492 3581 3582 hodieque
3610 3521 3773 3577 super

2214 3606 2324 3652 stes
2355 3598 2551 3652 visitur
2580 3614 2741 3668 supra
2781 3598 3093 3657 Gardonem
3124 3602 3352 3658 ﬂuvium
3392 3604 3634 3659 in‘Gallia
3660 3599 3775 3652 Nar-

2216 3691 2466 3756 bonensi,
2492 3693 2680 3761 paucis
2701 3692 2770 3747 ab
2798 3693 2930 3748 urhe
2956 3693 3141 3749 Ucetia
3168 3697 3493 3753 miliaribns.
3520 3695 3629 3749 Non
3652 3689 3769 3745 enim

2215 3784 2259 3837 si
2294 3782 2397 3838 hoc
2452 3784 2673 3840 fecisset
2726 3784 3175 3855 diligentissimus
3231 3792 3539 3845 recensitor
3562 3783 3770 3841 omnium

2213 3876 2331 3944 ejus
2363 3876 2712 3946 imperatoris
2743 3880 3125 3943 aediﬁciorum,
3154 3881 3205 3935 in
3242 3885 3465 3952 proprio
3497 3884 3560 3936 de
3590 3880 3681 3933 hoc
3703 3888 3774 3929 at-

2214 3978 2474 4037 gtltnento
2496 3982 2682 4037 opere,
2720 3973 3193 4040 praetermissurus
3408 3976 3580 4029 fuerat.
3604 3971 3772 4025 Procu-

2216 4059 2358 4129 pius.
2389 4060 2483 4116 llle
2507 4071 2686 4117 autem
2713 4063 2826 4119 hac
2851 4065 3026 4119 solum
3061 4067 3221 4121 habet
3253 4070 3396 4125 libro
3423 4068 3549 4137 περὶ
3573 4058 3770 4130 κτισμά-

2213 4168 2325 4205 των
2386 4156 2598 4222 quinto,
2647 4170 2697 4212 c.
2743 4154 2824 4210 3:
2866 4157 2925 4211 Ὀ
2981 4161 3155 4229 μέγας
3214 4161 3274 4215 δὲ
3342 4160 3584 4231 ποταμὸς
3623 4148 3770 4213 οὗτος.

2215 4241 2386 4313 ὅνπερ
2421 4243 2701 4317 Σάγγαριν
2727 4246 2955 4303 καλοῦσι
2990 4250 3105 4316 νῦν,
3140 4253 3360 4325 σφοδρῷ
3384 4254 3484 4324 μὲν
3511 4246 3699 4305 κατιὼν
3726 4244 3770 4302 ἐς

2215 4331 2356 4401 ἄγαν
2386 4334 2464 4403 τῷ
2494 4335 2717 4407 ῥείθρῳ,
2751 4339 2845 4391 ἐπὶ
2899 4340 3074 4411 μέσης
3127 4342 3184 4397 δὲ
3230 4344 3497 4415 πεφυκὼς
3542 4343 3769 4399 ἄϐυσσος.

2212 4422 2581 4494 εύρυνόμενος
2628 4426 2684 4481 δὲ
2717 4425 2970 4503 θαλάσσῃ
3015 4431 3130 4498 ῐσα,
3173 4436 3461 4504 διαγέγονε
3497 4434 3593 4505 μὲν
3632 4430 3694 4485 τά
3718 4440 3770 4494 γε

524 4527 789 4596 polytntn,
812 4525 888 4579 sic
921 4524 1249 4594 Aslydamea
1285 4524 1367 4578 vel
1391 4523 1675 4594 llippoiyte
1697 4523 1914 4578 Pclcutn
1940 4532 2111 4577 atten-

2221 4516 2302 4578 εἰς
2355 4516 2602 4587 γέφυραν
2655 4518 2937 4590 ἀνέπαφος
2980 4526 3172 4588 πᾶσιν,
3199 4527 3258 4593 ἐξ
3290 4521 3354 4581 οὗ
3397 4528 3673 4599 γεγόνασιν
3695 4520 3771 4575 ἄν·

522 4630 650 4672 tata:
680 4619 854 4687 ipsius
889 4617 1165 4685 pudicitia:
1218 4618 1358 4686 apud
1403 4618 1577 4669 virnn:
1628 4616 1794 4670 nimis
1823 4616 2106 4670 credulum

524 4714 766 4780 peregit;
796 4712 938 4765 unde
989 4710 1184 4765 Peleus
1230 4714 1298 4765 ab
1331 4711 1532 4764 Acasto
1578 4711 1801 4764 inermis
1832 4708 2109 4777 expositus

521 4804 677 4865 feris.
731 4803 962 4857 feliciori
1024 4818 1185 4872 quam
1238 4803 1560 4873 llippolytus
1613 4812 1781 4861 sorte,
1831 4801 2109 4870 μάχαιραν

522 4896 762 4967 (ἐλαϐεν)
798 4896 1280 4965 ἡφαιστότευκτον,
1313 4895 1408 4949 καὶ
1445 4893 1619 4956 οὕτως
1656 4893 1827 4963 ἔφυγε
1866 4892 1956 4944 τὸν
1988 4891 2106 4947 xiv.

518 4987 699 5051 δυνον,
753 5001 939 5040 ensem
988 5003 1017 5038 a
1046 4983 1296 5040 Vult-auo
1341 5001 1528 5040 ensum
1577 4985 1834 5040 divinitus
1877 4986 2105 5052 accepit,

521 5078 678 5147 cuius
714 5095 815 5147 ope
857 5081 1155 5150 periculum
1204 5079 1411 5147 eﬂ'ugit.
1447 5080 1644 5133 Suidas
1693 5079 1941 5133 canalem
1992 5094 2105 5131 rem

523 5172 686 5237 paulo
748 5173 904 5227 aliter
960 5175 1123 5228 refert
1183 5174 1351 5228 verbo
1425 5174 1752 5242 ’Λταλάντη.
1830 5171 2108 5226 Hactenus

525 5265 779 5337 Fayonus
813 5281 1018 5332 nOSIer,
1053 5279 1361 5337 opportune
1392 5267 1443 5319 in
1479 5264 1799 5319 memoriam
1843 5278 2107 5319 revocans

524 5377 642 5430 qua:
666 5378 694 5414 a
733 5376 817 5415 me
840 5361 973 5414 alias
1003 5361 1053 5415 in
1086 5358 1470 5429 AristOphanis
1500 5356 1775 5426 Νεφέλαις
1812 5354 1954 5411 lceta
1987 5354 2108 5409 fun-

520 5456 667 5510 ditus
719 5452 905 5508 animo
948 5453 1285 5509 exciderant.
1323 5450 1545 5506 Gaudeo
1580 5462 1762 5504 autem
1799 5447 1930 5503 mihi
1962 5449 2105 5502 hanc

522 5548 955 5617 qualemcunque
1005 5546 1245 5598 oblatam
1274 5544 1613 5599 occasionem
1646 5541 2020 5596 venerationis
2052 5549 2108 5595 et

520 5639 868 5708 gratitndinis
913 5636 1174 5692 testantia:
1216 5653 1349 5691 mea:
1383 5651 1510 5705 erga
1545 5634 1722 5688 virum
1752 5634 2015 5702 optimum
2050 5643 2107 5689 et

520 5727 922 5790 doctissimum,
988 5727 1233 5794 mihique
1288 5726 1416 5779 olim
1472 5724 1891 5789 amicissimum,
1941 5740 2101 5794 quem

520 5823 647 5873 dum
694 5820 808 5871 haec
852 5816 1055 5882 scribo,
1086 5817 1305 5886 plenum
1336 5816 1603 5887 religiosis
1637 5814 1847 5870 meritis
1884 5817 1949 5871 ad
1988 5830 2101 5870 me-

2218 4607 2456 4679 θρωποι,
2485 4610 2709 4665 ἀκάτων
2731 4611 2788 4664 δὲ
2830 4615 3143 4681 συνδέοντες
3166 4619 3372 4688 πλῆθος
3406 4620 3499 4674 καὶ
3526 4609 3769 4688 φορμηδδν

2216 4700 2389 4764 αὐτὰς
2408 4701 2667 4773 ἀλλήλαις
2691 4707 3132 4778 ὲναρμοσάμενοι
3146 4713 3386 4767 ἐνταῦθα
3406 4704 3793 4780 διαπορθμεύε-·

2219 4790 2342 4844 σθαι
2369 4794 2611 4863 τολμῶσι
2644 4796 2824 4862 πεζοὶ,
2851 4797 3004 4852 ὥσπε
3014 4817 3045 4871 ρ
3076 4802 3208 4856 ποτὲ
3233 4804 3345 4858 δέει
3367 4803 3464 4858 τοῦ
3484 4802 3674 4872 Ξέρξου
3695 4793 3769 4846 τὸν

2229 4881 2628 4953 Ἑλλήσποντον
2685 4888 2713 4940 ὀ
2758 4887 2869 4941 τῶν
2923 4890 3129 4961 Μήδων
3177 4895 3436 4963 στρατός.
3500 4890 3649 4948 Ἀλλὰ
3693 4882 3767 4938 καὶ

2215 4972 2377 5027 τοῦτο
2424 4975 2526 5030 οὐκ
2569 4977 3002 5043 ἀνεπικινδύνως
3035 4984 3221 5050 αὐτοῖς
3248 4987 3462 5055 γίνεται
3484 5001 3498 5015 ⁸
3539 4978 3767 5036 πολλάκις

2215 5067 2324 5137 γὰρ
2356 5068 2496 5138 ὁρ.ςῦ
2526 5071 2643 5134 τοῖς
2679 5071 2902 5143 δεσμοῖς
2930 5076 3212 5133 συλλαϐὼν
3239 5081 3340 5145 τὰς
3374 5079 3609 5140 ἀκάτους
3648 5069 3764 5126 ἀπά-

2217 5173 2341 5223 aug,
2374 5154 2499 5215 εἶτα
2541 5161 2642 5231 τὴν
2687 5164 2941 5220 διάῦασιν
2971 5169 3280 5238 ἀνεχαίτισε
3323 5174 3440 5233 τοῖς
3472 5169 3596 5240 τῇδε
3630 5162 3763 5215 ἰοῦσι.

2216 5249 2482 5316 Βασιλεὺς
2530 5253 2588 5307 δὲ
2631 5255 3013 5325 Ἰουστινιανδς
3056 5262 3307 5334 γέφυραν
3363 5262 3511 5334 αὐτῷ
3550 5250 3769 5330 ἐγκεχεί-

2218 5360 2387 5415 ρηκεν
2409 5347 2889 5419 ἑποικοδομεῖσθαι
2920 5355 2988 5407 τὰ
3020 5355 3137 5420 νῦν,
3172 5358 3484 5428 ἀρξάμενός
3507 5372 3563 5409 τε
3583 5350 3669 5404 τοῦ
3694 5346 3767 5414 ἔρ-

2216 5453 2315 5505 γου
2360 5439 2463 5510 ήδη
2515 5441 2718 5513 πολλὴν
2767 5446 2824 5509 ἐς
2856 5446 2990 5499 αὐτὸ
3024 5447 3310 5522 διατριϐὴν
3350 5450 3483 5521 ἔχει.
3526 5446 3689 5512 Ὅπερ
3713 5429 3763 5489 εὖ

2213 5527 2333 5585 οῖδα
2380 5532 2463 5586 ὃτι
2511 5534 2830 5590 ἀποτελέσει
2865 5539 2927 5592 ού
2954 5542 3137 5614 πο).λῷ
3179 5542 3431 5615 ὕστερον,
3460 5530 3761 5610 τεκμηριοιῖ⁸

2217 5641 2378 5693 μενος
2408 5628 2492 5681 ὅτι
2521 5627 2586 5700 δὴ
2609 5629 2761 5702 αὐτῷ
2783 5631 2852 5685 τὰ
2878 5631 3016 5703 ἔργα
3049 5636 3575 5707 συνεπιλαμϐάνεται
3600 5631 3627 5683 ὁ
3649 5623 3760 5685 Θεδς

2215 5719 2452 5777 ἅπαντα.
2481 5721 2604 5778 llaec
2636 5724 2748 5791 ille,
2783 5743 2907 5796 qua:
2929 5729 3010 5784 sic
3035 5729 3224 5787 Latine
3250 5742 3447 5785 sonant
3474 5743 3537 5784 ex
3566 5732 3759 5778 accura-

2214 5816 2424 5875 tissima
2457 5826 2511 5873 et
2542 5817 2880 5891 pereleganti
2919 5821 3370 5895 interpretatione
3417 5816 3619 5879 Claudii
3645 5807 3759 5869 Mal-
