4036 6390
346 343 457 409 ΤΗ

1741 341 2266 405 GLOSSARIUM.
3523 351 3589 412 77

349 461 474 514 treti
514 457 683 511 nostri
723 474 738 511 :
769 455 997 526 Magnus
1021 456 1234 526 ﬂuvius,
1270 471 1420 526 quem
1471 453 1623 510 hodie
1659 453 1925 525 Sangarin
1961 455 2001 511 Δ
2032 451 2274 521 quojure
2297 468 2452 508 suum
2476 453 2812 509 Garumnam
2832 453 3108 514 Ausonius
3127 457 3181 514 in
3206 457 3426 516 Mosella
3450 476 3623 532 (equo-

349 563 556 614 vocant,
612 567 772 604 cursu
825 550 1231 604 violentissimus
1291 551 1345 602 in
1403 549 1594 611 medio,
1631 547 1931 616 profundus

348 643 632 697 admodum
665 642 1050 707 latitudineque
1077 654 1375 708 wquoreus,
1399 653 1669 708 nunquam
1691 647 1808 706 post
1837 638 1933 690 ho-

349 738 518 787 mines
570 742 724 786 natos
775 741 986 799 pontem
1045 732 1202 787 subiit
1243 735 1378 786 :sed
1423 732 1634 801 scaphis
1691 730 1931 798 pluribus

347 829 596 881 connexis
663 829 948 896 tegetisque
1001 829 1171 879 instar
1225 826 1368 879 inter
1417 842 1472 880 se
1533 828 1672 894 aptis
1733 826 1930 878 audent

345 920 649 990 transgredi
678 921 898 989 pedites,
931 929 985 972 ut
1029 919 1298 988 quondam
1343 918 1620 972 Medorum
1668 919 1928 971 exercitus

347 1011 749 1076 Hellespontum
783 1012 1020 1075 transiit,
1069 1008 1262 1065 Xerxis
1320 1023 1551 1066 metuens
1603 1011 1934 1079 indignatio-

343 1121 482 1157 nem.
539 1106 604 1158 At
637 1120 718 1157 res
751 1120 856 1157 non
887 1115 1034 1157 vacat
1067 1104 1300 1172 periculo
1343 1122 1360 1158 :
1399 1121 1522 1157 nam
1562 1121 1698 1172 sirpe
1729 1105 1926 1174 ﬂumen

339 1198 550 1265 scaphis
606 1198 848 1250 onmibus
905 1198 1138 1263 abreptis
1192 1214 1307 1250 cum
1364 1199 1584 1250 nexibus
1644 1198 1926 1250 transitum

341 1290 632 1344 uiatoribus
656 1289 858 1342 abnuit.
891 1288 1048 1343 Nunc
1075 1288 1421 1343 Justinianus
1443 1290 1578 1356 Aug.
1609 1299 1813 1358 pontem
1848 1288 1926 1341 illi

341 1382 611 1450 imponere
639 1399 914 1452 aggressus
959 1385 1157 1435 acriter
1206 1384 1258 1435 in
1289 1400 1420 1451 opus
1457 1383 1732 1444 incumbit,
1785 1380 1926 1432 brevi

340 1471 527 1538 procul
563 1472 724 1524 dubio
760 1473 1190 1535 absoluendum;
1235 1473 1390 1541 idque
1446 1489 1510 1525 ex
1568 1489 1626 1524 eo
1671 1472 1922 1540 conjicio,

339 1567 482 1632 quod
522 1567 759 1618 omnibus
798 1566 947 1619 illius
1000 1567 1179 1633 coeptis
1232 1583 1448 1619 manum
1489 1567 1628 1618 Deus
1663 1566 1922 1619 admovet.

341 1658 565 1711 l’onlem
601 1660 765 1724 igitur
792 1675 956 1728 supra
985 1659 1254 1729 Sangarin
1287 1662 1556 1713 aediﬁcare
1584 1660 1924 1713 Justiuianus

339 1767 654 1819 aggressus,
684 1752 904 1820 quando
934 1767 1062 1806 suos
1094 1755 1157 1806 de
1193 1753 1313 1820 ejus
1350 1753 1594 1805 aediliciis
1643 1767 1922 1805 commen-

343 1843 513 1895 tarios
539 1841 834 1909 Procopius
865 1842 1056 1906 edidit,
1093 1852 1280 1910 postea
1328 1841 1575 1911 perfecit.
1629 1841 1922 1896 Vocatum-

338 1949 446 2002 que
498 1934 624 1986 illud
669 1948 804 2002 opus
845 1933 1279 1996 ’ῐουστινιάνειος
1323 1932 1730 2001 ποντογέιρυρα.
1787 1932 1922 1986 Cum

337 2025 483 2080 enim
526 2025 752 2094 simplex
785 2025 1036 2094 γεφύρας
1084 2025 1428 2090 vocabulum,
1462 2025 1562 2078 etsi
1601 2039 1661 2078 ex
1691 2025 1920 2095 origine,

337 2115 382 2166 si
417 2113 704 2168 Enstathio
743 2113 1043 2178 credimus,
1071 2129 1263 2168 sonare
1298 2114 1546 2168 videatur
1580 2115 1812 2168 solidum
1854 2131 1922 2168 ex

335 2207 520 2276 lapide
547 2222 610 2260 ac
632 2215 895 2261 czemento
922 2221 1082 2276 super
1108 2206 1222 2260 loca
1249 2207 1528 2261 humentia
1556 2214 1788 2260 stratum
1821 2205 1923 2277 (sic

336 2299 484 2351 enim
535 2298 624 2352 ille
673 2301 894 2353 adnotat
943 2315 1010 2352 ex
1043 2297 1352 2353 Herodiano
1381 2298 1449 2352 ad
1495 2299 1645 2353 Iliad.
1677 2315 1758 2364 φτ
1809 2300 1922 2351 Κυ-

340 2392 476 2462 ρῐως
530 2391 748 2462 γέφυρά
778 2392 896 2444 ἐστι
937 2392 1008 2460 γῆ
1055 2393 1144 2461 ἐφ’
1194 2391 1390 2463 ὑγρᾶς,
1446 2391 1781 2462 Ἡρωδιανὸς
1829 2391 1921 2444 λέ-

334 2483 478 2552 γει),
508 2491 690 2536 tamen
747 2483 878 2537 satis
930 2481 1244 2551 frequenter
1275 2481 1564 2538 adhibetur
1621 2485 1686 2536 ad
1738 2484 1923 2552 expri-

336 2574 595 2626 mendum
641 2572 895 2628 mobilem
923 2553 1239 2628 contextum
1276 2574 1604 2637 tabularum,
1637 2589 1744 2644 quo
1775 2591 1803 2627 e
1833 2575 1921 2629 lit-

337 2678 459 2719 tore
489 2666 539 2719 in
579 2667 754 2719 navim
784 2675 878 2720 aut
905 2681 935 2721 e
966 2665 1092 2720 navi
1122 2667 1382 2720 transitur
1413 2669 1478 2720 ad
1515 2667 1668 2720 littus
1701 2682 1714 2720 :
1752 2667 1920 2722 moles

329 2758 443 2813 illae
470 2758 693 2826 lapideae
726 2758 991 2826 iungentes,
1016 2759 1210 2827 quibus
1241 2774 1557 2825 magnorum
1586 2759 1712 2827 ripae
1739 2759 1920 2813 lluini-

334 2865 466 2902 num
506 2851 640 2901 liunt
671 2849 971 2903 viatoribus
1016 2850 1235 2918 perviae,
1278 2850 1530 2902 videntur
1563 2853 1626 2902 ad
1663 2850 1921 2904 dill'ereu-

332 2951 468 2994 tiam
502 2955 604 2994 non
634 2938 956 3009 simpliciter
981 2941 1243 3010 γέφυραι,
1267 2943 1361 2993 sed
1400 2942 1614 3007 proprie
1651 2945 1917 3011 ποντογέ-

333 3051 507 3102 φυραι
542 3043 766 3088 voeatte.
819 3032 874 3088 Id
937 3031 1221 3087 Mam-ilius
1271 3032 1448 3086 innuit
1507 3035 1540 3086 l.
1580 3048 1616 3086 II
1653 3033 1912 3108 Strateg.,

2038 559 2182 598 reum
2213 546 2475 616 appellat.
2506 547 2685 616 Atque
2714 548 2858 602 hanc
2891 549 3308 620 ποντογεφύρας
3346 548 3624 610 notionem

2037 635 2197 706 longe
2243 637 2605 706 antiquiorem
2664 638 2902 694 Mauritii
2955 651 3009 695 et
3055 641 3408 712 Pachymeris
3457 655 3621 699 aetate

2035 745 2143 785 non
2169 731 2312 785 male
2340 730 2567 786 forsitan
2597 733 2718 798 quis
2747 734 3114 789 autumaverit
3143 749 3208 787 ex
3242 736 3623 805 antiquissimt‘

2034 826 2173 892 apud
2207 825 2429 880 Latinos
2455 841 2556 879 Usu
2585 826 2734 881 vocis
2772 843 2902 895 ports
2947 843 3044 895 pro
3079 827 3334 897 γέφυρας
3375 845 3494 897 qua:
3523 845 3622 883 vox

2034 915 2203 969 videri
2231 926 2404 984 potest
2429 932 2493 970 ex
2523 917 2906 988 ποντογὲφυρα
2935 919 3191 974 deducta.
3232 919 3358 974 llaec
3399 937 3518 986 quae
3553 923 3626 974 ti-

2035 1008 2180 1060 mida
2231 1009 2536 1078 suspicione
2573 1011 2795 1076 protuli,
2829 1011 3118 1065 audentius
3155 1013 3538 1080 amplecterer,
3575 1019 3622 1068 si

2033 1098 2198 1168 (quod
2230 1114 2330 1153 nec
2359 1101 2611 1170 contigit,
2646 1116 2746 1155 nec
2780 1102 3193 1168 spero),nactus
3215 1118 3392 1158 essem
3424 1105 3623 1160 idonea

2036 1192 2346 1244 testimonia
2399 1203 2682 1247 auctorum
2740 1193 2943 1248 Graecae
2991 1195 3184 1262 lingua:
3228 1212 3495 1261 votet-um,
3555 1215 3623 1254 ex

2030 1283 2228 1351 quibus
2252 1295 2524 1339 constaret
2551 1285 2663 1354 jam
2699 1297 2834 1348 lttm,
2870 1297 3161 1356 antequam
3190 1287 3416 1344 Latinus
3441 1307 3622 1344 seruio

2029 1389 2058 1427 e
2109 1373 2315 1427 Grauis
2372 1385 2516 1429 esset
2563 1377 2865 1445 originibus
2924 1381 3245 1444 productus,
3292 1382 3624 1450 ποντογεφύ-

2034 1483 2131 1536 ρας
2163 1468 2484 1521 vocabulum
2512 1468 2563 1522 in
2591 1484 2690 1522 usu
2719 1469 2944 1523 Graeciae
2983 1469 3170 1533 fuisse,
3197 1481 3250 1523 ut
3277 1487 3342 1526 ex
3366 1488 3430 1527 eo
3461 1475 3618 1527 ducta

2030 1560 2331 1612 existimari
2365 1572 2546 1626 posset
2581 1562 2950 1616 vetustissima
2999 1565 3053 1616 in
3091 1561 3247 1617 Latio
3283 1581 3381 1618 vox
3416 1567 3615 1635 pontis.

2029 1652 2255 1705 Interim
2297 1655 2461 1722 igitur
2504 1656 2821 1725 vulgaribus
2866 1656 3138 1711 inha’rens
3175 1657 3490 1730 vcriloquiis
3523 1677 3619 1714 an—

2036 1746 2358 1798 Iumantium
2391 1763 2520 1815 pons
2551 1749 2750 1800 dictum
2776 1750 2931 1816 quasi
2957 1766 3082 1818 pens
3117 1754 3441 1820 compendio
3463 1754 3613 1809 verbi

2027 1839 2278 1904 pendens,
2304 1841 2446 1906 quod
2483 1840 2662 1906 spatio
2693 1840 2882 1892 subtus
2927 1855 3099 1894 vacuo
3133 1855 3363 1909 superne
3401 1843 3614 1910 impen-

2030 1931 2458 2002 deat,existimo
2505 1946 2691 1984 vocem
2733 1931 3117 2000 ποντογέφυρα
3162 1932 3364 1986 Graecis
3404 1942 3612 1986 tantum

2025 2024 2124 2076 teri
2148 2023 2417 2077 citerioris
2442 2037 2783 2094 usurpatam,
2816 2026 3015 2095 quibus
3040 2029 3283 2082 solemne
3309 2028 3406 2080 l'uit
3442 2033 3615 2098 plera-

2027 2130 2131 2181 que
2163 2115 2374 2166 Iritiora
2413 2131 2508 2167 usu
2555 2115 2783 2167 Romani
2811 2113 2948 2168 Latii
2983 2115 3243 2170 vocabula
3279 2116 3394 2169 suis
3426 2117 3612 2185 expri-

2024 2223 2173 2259 mere
2209 2205 2430 2272 litteris,
2467 2207 2858 2274 scriptionibus
2887 2206 3153 2261 inserere.
3181 2207 3350 2276 Cujus
3383 2223 3613 2262 consue-

2028 2301 2231 2354 tudinis
2291 2315 2396 2353 non
2453 2315 2623 2368 pauca
2678 2301 2729 2354 in
2783 2299 2886 2356 hoc
2942 2300 3062 2370 ipso
3109 2302 3380 2370 scriptore
3422 2312 3612 2356 nostro

2024 2394 2269 2462 exempla
2293 2395 2562 2453 vidimus.
2592 2394 2846 2462 loquendi
2903 2409 3134 2459 morem,
3171 2396 3262 2464 qui
3311 2405 3439 2450 tunc
3469 2408 3612 2459 erat,

2026 2496 2474 2553 repraesentante,
2513 2494 2572 2539 ut
2595 2497 2671 2539 tot
2699 2485 2834 2538 alios
2863 2488 3137 2551 omittam,
3171 2503 3403 2557 quorum
3442 2505 3609 2543 voca-

2023 2576 2146 2631 bula
2203 2579 2357 2631 istius
2421 2580 2641 2645 generis
2689 2587 2766 2632 tot
2827 2588 2956 2632 sunt
3003 2580 3220 2636 Lexicis
3257 2580 3609 2636 Graeco-bar-

2021 2667 2168 2722 baris
2226 2668 2630 2738 Glossariisque
2682 2671 2975 2725 recensita.
3027 2671 3215 2740 Itaque
3270 2674 3612 2743 ποντογέφυ-

2022 2779 2125 2832 ραν
2153 2773 2206 2814 et
2238 2761 2522 2816 Mauritius
2543 2774 2734 2816 auctor
2761 2762 3201 2833 Strategicorum
3224 2775 3276 2818 et
3309 2776 3496 2820 noster
3521 2768 3609 2820 hic

2019 2872 2082 2909 ex
2105 2842 2200 2909 usu
2226 2857 2496 2910 si-rmouis
2523 2867 2652 2910 tunc
2671 2857 2946 2925 popularis
2964 2859 3224 2922 dixerint,
3253 2860 3412 2913 mista
3457 2875 3613 2913 men-

2021 2946 2166 2999 tione
2195 2947 2391 3014 pontis,
2419 2946 2625 2999 Latinae
2663 2948 2831 3012 vocis,
2870 2965 2990 3002 cum
3033 2949 3256 3017 antiqua
3293 2949 3478 3005 Graeca
3510 2949 3608 3018 γέ-

2019 3056 2190 3106 φυρα,
2216 3050 2272 3092 ut
2304 3039 2518 3091 facilius
2564 3039 2960 3107 intelligeretur
2991 3041 3121 3110 quid
3169 3043 3538 3108 exprimerent
3575 3059 3605 3096 τι

331 3142 388 3180 c.
419 3127 510 3190 et,
542 3125 606 3178 de
638 3135 801 3191 ponte
829 3124 1083 3179 amnibus
1107 3124 1452 3193 imponendo,
1479 3135 1744 3192 quatenus
1774 3128 1826 3182 id
1851 3131 1914 3182 ad
1945 3129 1985 3183 C
2022 3135 2180 3201 vulgo
2206 3135 2315 3202 jam
2343 3133 2566 3202 bilingui
2607 3147 2670 3187 ac
2706 3132 2872 3185 multa
2911 3133 3168 3186 mistione
3209 3133 3469 3187 Italorum
3513 3150 3604 3187 as-

329 3215 744 3281 imperatoriam
798 3215 1041 3268 dUt'lUI'lS
1103 3213 1188 3286 [P.
1234 3213 1362 3286 505]
1412 3218 1683 3272 exercitus
1729 3235 1914 3274 Curam

327 3317 564 3375 spectat,
599 3307 918 3375 praecipiens
964 3305 1050 3361 his
1082 3307 1260 3362 verbis
1294 3323 1307 3360 :
1348 3309 1408 3360 Εἰ
1451 3312 1550 3378 μὲν
1596 3311 1916 3382 γεφυρῶσαι

327 3401 517 3470 χρεέα,
565 3401 816 3468 τουτέστι
866 3399 1284 3468 ποντογέφυραν
1333 3400 1583 3469 ποιῆσαι,
1638 3401 1754 3455 δέον
1809 3404 1916 3456 ἀπὸ

326 3491 428 3560 τῆς
467 3489 603 3553 ἰδίας
637 3491 804 3560 ὄχθης
847 3491 1113 3562 ἄρχεσθαι
1157 3492 1228 3545 τὰ
1278 3493 1372 3544 ἐπὶ
1412 3495 1640 3559 τούτων,
1667 3497 1915 3549 τουτέστι

325 3584 570 3646 ναύκλας
610 3585 855 3652 μεγάλας
901 3587 997 3638 καὶ
1046 3584 1414 3650 ποντυλῶσαι,
1450 3587 1567 3656 ἦτοι
1598 3590 1915 3658 καταστρῶ-

328 3696 448 3740 σαι,
482 3679 700 3730 πάντων
734 3679 793 3730 ἐν
813 3677 1017 3748 ἑτοίμῳ
1042 3677 1233 3730 ὄντων.
1265 3678 1338 3730 Eu
1370 3682 1622 3748 magister
1665 3682 1915 3738 militaris

326 3786 426 3825 seu
469 3770 644 3838 potius
679 3770 1046 3839 imperatoria:
1089 3770 1225 3824 artis
1275 3771 1363 3824 hic
1421 3772 1687 3839 praecipit,
1727 3774 1812 3827 ubi
1861 3777 1912 3829 in

327 3863 508 3916 amnis
540 3879 795 3929 occursu,
837 3879 995 3931 quem
1051 3864 1172 3916 belli
1225 3865 1364 3918 ratio
1412 3881 1516 3918 non
1544 3874 1752 3920 tantum
1788 3884 1913 3922 cum

327 3956 574 4010 exercitu
601 3955 930 4024 transgredi,
959 3955 1052 4009 sed
1090 3955 1252 4008 etiam
1293 3972 1388 4024 per
1421 3973 1543 4009 eum
1579 3958 1742 4030 714
1771 3961 1912 4014 viam

330 4048 558 4100 liberam
607 4061 826 4100 servare
869 4048 935 4100 ad
970 4062 1275 4116 regressum
1308 4047 1559 4112 suadeat,
1587 4065 1722 4118 opus
1755 4052 1914 4107 fuerit

330 4137 503 4194 solida
536 4138 686 4191 illum
745 4138 884 4192 mole
917 4150 1271 4192 consternere
1302 4155 1460 4207 quam
1500 4143 1912 4210 ποντογέφυραν

329 4231 512 4301 potius
581 4244 742 4298 quam
810 4230 1064 4299 γέφυραν
1121 4231 1264 4296 (quae
1313 4230 1383 4283 sit
1426 4240 1909 4299 extemporneum

325 4323 632 4393 quidpiam)
665 4323 846 4377 vocari
878 4322 976 4386 ait,
1008 4322 1267 4376 inchoare
1290 4334 1346 4376 et
1378 4336 1694 4392 apparatum
1725 4326 1910 4394 operis

325 4428 537 4485 etopus
571 4417 748 4485 ipsum
781 4432 808 4467 a
835 4418 950 4482 ripa
985 4420 1148 4484 qttam
1185 4414 1482 4480 imperator
1513 4431 1638 4469 cum
1665 4418 1908 4471 exercitu

325 4509 555 4567 obtinet,
591 4522 695 4559 non
738 4515 917 4558 autem
954 4505 1022 4558 ab
1048 4505 1298 4558 adversa.
1336 4505 1445 4558 Nec
1477 4519 1694 4559 movere
1721 4521 1909 4575 queui-

323 4615 487 4670 quam
521 4599 682 4652 debet
721 4598 982 4651 adversus
1016 4597 1127 4650 haec
1160 4598 1304 4667 quod
1339 4598 1488 4664 ponti
1531 4611 1729 4651 nomen
1766 4599 1906 4653 male

323 4694 662 4754 ﬂuminibus,
695 4708 814 4759 qua:
848 4691 962 4746 sola
997 4689 1110 4744 fere
1140 4703 1331 4759 pontes
1356 4695 1654 4761 patiuntur,
1689 4707 1906 4747 conve-

325 4789 443 4841 nire
472 4788 733 4840 videatur.
766 4783 902 4838 Nam
936 4793 1301 4853 praeterquam
1339 4785 1481 4853 quod
1523 4795 1650 4837 sunt
1683 4785 1904 4854 quidam

324 4881 491 4941 ﬂuvii,
523 4889 580 4932 ut
610 4881 677 4934 de
707 4880 867 4933 modo
899 4885 1198 4930 memorato
1238 4875 1464 4946 Saugari
1500 4875 1795 4945 Procopius
1829 4878 1908 4930 lo-

321 4974 530 5041 quitur,
569 4972 925 5042 εὺρυνόμενοι
957 4968 1202 5038 θαλάσσῃ
1229 4969 1340 5030 lca,
1373 4969 1657 5022 latitudine
1678 4969 1906 5038 a'quorei

320 5083 387 5120 ac
418 5075 582 5134 ponto
613 5065 840 5128 similes,
879 5063 1040 5116 etiam
1075 5076 1141 5114 ex
1175 5061 1384 5131 origine
1410 5061 1477 5112 ab
1499 5061 1754 5115 omnibus
1784 5060 1908 5128 qui-

320 5160 534 5226 busque
566 5157 849 5211 latioribus
872 5153 1219 5222 designandis
1245 5167 1349 5206 non
1376 5153 1588 5205 videtur
1607 5147 1907 5208 abhorrere

317 5253 520 5304 πόντευ
551 5249 897 5308 vocabulum,
929 5247 1220 5316 siquidem,
1255 5254 1311 5298 ut
1354 5245 1673 5298 Eustathius
1713 5247 1905 5300 admo-

319 5354 416 5396 Itet
459 5342 525 5392 ad
561 5340 713 5393 Iliad.
744 5338 796 5403 δ,
841 5339 1040 5400 Πόντος
1073 5337 1290 5404 ὶέγεται
1342 5336 1415 5396 ὼς
1453 5330 1541 5388 οἷά
1569 5353 1652 5398 τις
1687 5337 1902 5402 πνὸτος,

312 5438 383 5487 ὲκ
425 5433 518 5487 τοῦ
564 5433 963 5485 καταπνεῖσθαι
993 5430 1238 5498 ἀνέμοις.
1288 5429 1335 5482 Α
1370 5429 1532 5482 verbo
1576 5429 1722 5481 πνέω
1759 5431 1902 5492 spiro

314 5526 511 5580 deduci
548 5525 749 5576 πόντου
785 5539 979 5577 nomen
1009 5523 1106 5585 ait,
1145 5523 1288 5590 quod
1337 5537 1500 5588 supra
1533 5537 1726 5590 arquor
1772 5537 1902 5576 aura

314 5623 509 5688 spiret.
546 5619 598 5670 ld
637 5625 820 5669 autem
864 5626 916 5668 et
955 5614 1113 5683 paulo
1159 5613 1440 5681 amplioris
1471 5614 1606 5666 alvei
1654 5612 1903 5668 amnibus

310 5710 615 5767 convenire.
658 5709 786 5779 quis
829 5722 938 5762 non
973 5706 1158 5761 videt?
1187 5706 1364 5771 Quare
1385 5721 1488 5758 non
1521 5707 1901 5774 repugnaverit

322 5803 498 5876 ctymi
537 5803 677 5858 ratio
703 5817 796 5857 eos
828 5815 1044 5872 quoque
1077 5801 1223 5869 ponti
1260 5799 1627 5870 appellatione
1659 5800 1898 5870 aspergi,

2022 3239 2175 3279 sueto
2213 3225 2445 3293 patriam
2480 3226 2760 3292 antiquam
2800 3225 3036 3292 linguam
3077 3225 3296 3280 insertis
3326 3229 3607 3293 variegare

2019 3315 2230 3370 Latinis
2257 3316 2499 3369 vocibus.
2518 3315 2597 3368 Ad
2621 3324 2924 3368 extremum
2959 3317 3046 3368 hic
3067 3330 3332 3385 apponam
3363 3332 3426 3370 cx
3451 3316 3606 3369 Livio

2020 3410 2265 3476 quaalam
2304 3425 2330 3459 a
2364 3408 2570 3462 lectore
2602 3417 2706 3460 nou
2735 3409 3005 3461 inutiliter
3028 3409 3354 3462 conferenda
3387 3411 3454 3462 iis
3485 3427 3606 3478 qua:

2019 3498 2087 3550 de
2128 3497 2234 3550 situ
2273 3495 2514 3549 locorum
2549 3496 2798 3561 istorum,
2837 3509 3028 3550 natura
3059 3498 3308 3564 Sangarii
3341 3500 3517 3552 amnis
3550 3509 3606 3553 rt

2022 3588 2349 3642 necessitate
2399 3587 2708 3656 imponendi
2759 3589 2804 3642 ei
2843 3591 3018 3657 pontis
3060 3599 3248 3643 noster
3285 3591 3404 3652 hoc,
3440 3607 3602 3658 quem

2019 3680 2348 3734 illustratum
2377 3681 2461 3733 hic
2491 3681 2654 3743 imus,
2685 3680 2800 3734 loco
2819 3681 3011 3734 scribit
3035 3681 3128 3736 lib.
3156 3697 3272 3746 vm,
3297 3683 3331 3736 4
3356 3683 3603 3744 dcentlis,

2019 3775 2110 3828 ubi
2144 3773 2547 3842 expeditionem
2589 3773 2742 3828 Cneii
2799 3772 2982 3829 Manlii
3025 3775 3264 3828 coasolis
3313 3774 3364 3827 iu
3416 3773 3604 3829 Gallu-

2016 3867 2236 3924 Graacos
2270 3867 2550 3922 describit.
2599 3867 2691 3921 Sic
2737 3867 2921 3922 Livius
2955 3869 3116 3923 habet
3155 3885 3170 3920 :
3204 3867 3337 3923 Cum
3367 3869 3436 3922 ad
3465 3869 3604 3923 San-

2014 3964 2224 4034 garium
2271 3962 2468 4032 [lumen
2503 3962 2815 4028 pert'enisset
2847 3961 3009 4030 715
3043 3961 3296 4031 (Manlius
3327 3977 3440 4016 cos.
3474 3979 3599 4016 cum

2018 4057 2266 4108 Itomano
2325 4050 2616 4121 exercitu),
2667 4061 2899 4118 pontem,
2957 4053 3086 4121 quia
3147 4054 3280 4106 vallo
3340 4071 3600 4122 nusquam

2016 4150 2275 4199 transitus
2309 4155 2441 4206 erat,
2477 4145 2652 4212 facere
2679 4143 2936 4197 instituit.
2972 4145 3271 4213 Sangarius
3301 4161 3366 4197 ea:
3397 4147 3600 4198 Adoreo

2015 4245 2190 4290 monte
2241 4251 2332 4302 per
2363 4233 2650 4304 Phrygiam
2682 4234 2851 4301 [luens
2907 4235 3156 4288 miscetur
3187 4236 3256 4287 ad
3296 4233 3600 4304 Bithyniam

2019 4327 2323 4398 Thymbreti
2358 4329 2562 4397 ﬂuvio;
2615 4328 2735 4379 inde
2774 4326 3090 4396 majorjam
3134 4328 3410 4394 geminatis
3445 4343 3601 4396 aquis

1940 4467 1987 4522 Β
2013 4438 2108 4491 per
2139 4420 2443 4490 Bithynia»:
2473 4420 2644 4488 fertur
2699 4429 2747 4470 et
2783 4419 2838 4470 in
2878 4418 3252 4484 Propontidem
3283 4435 3393 4472 sese
3427 4419 3601 4487 e/Tun-

2017 4514 2116 4576 dit,
2153 4529 2256 4565 non
2295 4523 2403 4564 tant
2432 4512 2798 4580 magnitudine
2834 4512 3198 4565 memorabilis
3248 4528 3408 4580 quam
3459 4514 3601 4583 quod

2009 4606 2233 4674 piscium
2267 4604 2461 4657 accolis
2500 4605 2764 4674 ingentem
2807 4606 2910 4659 vim
2942 4605 3166 4676 pra'bet.
3199 4606 3278 4659 Ita
3315 4606 3429 4662 ille.

2083 4697 2170 4770 [l’.
2202 4695 2330 4769 506]
2355 4697 2715 4764 Ποσειδεὼν,
2754 4713 2805 4766 p.
2841 4697 2968 4752 268.
2996 4698 3147 4764 Quod
3172 4699 3223 4752 in
3249 4699 3411 4767 priori
3445 4699 3602 4754 Glos-

2008 4789 2158 4841 sario
2211 4786 2596 4851 admouebam,
2653 4791 2703 4840 in
2755 4787 3032 4856 prioribus
3087 4804 3177 4842 sex
3227 4788 3382 4843 libris
3442 4792 3602 4858 hujus

2010 4876 2264 4933 Historiae
2291 4879 2589 4932 desiderari
2618 4877 3104 4948 I’aehymerianum
3130 4881 3356 4945 Augusti
3395 4886 3600 4934 mensis

2011 4988 2233 5036 nomen,
2277 4971 2614 5042 μνημονικὸν
2667 4971 2769 5023 fuit
2830 4970 3077 5038 σφάλμα,
3119 4980 3178 5024 ut
3229 4988 3350 5025 mox
3391 4976 3592 5027 dicam.

2008 5071 2169 5124 Certe
2209 5069 2310 5122 hoc
2347 5066 2464 5120 loco
2495 5064 2861 5127 Ποσειδεῶνος
2898 5066 3163 5118 vocabulo
3192 5065 3352 5135 plane
3389 5068 3594 5120 sextilis

2006 5171 2062 5215 et
2109 5161 2379 5228 Augustus
2418 5155 2630 5209 Latinis
2677 5155 2853 5208 dictus
2898 5155 3102 5210 mensis
3148 5157 3493 5226 exprimitur.
3537 5157 3590 5209 Μ

2007 5255 2344 5306 demonstrat
2378 5264 2485 5302 non
2519 5248 2678 5302 modo
2707 5261 2870 5316 quam
2899 5248 3159 5303 continuo
3203 5261 3401 5306 auctor
3435 5252 3591 5304 adhi-

2008 5346 2119 5409 bet,
2153 5341 2412 5396 indieatio
2472 5339 2813 5409 tempestatis
2871 5339 3020 5408 anni,
3047 5357 3153 5410 qua
3217 5345 3477 5398 nimirum
3527 5344 3591 5395 ab

2007 5436 2184 5490 astit'o
2226 5433 2442 5486 cardine
2489 5433 2558 5486 ad
2593 5433 3018 5504 a’quinoctialem
3054 5433 3135 5487 sol
3165 5434 3396 5489 declinat
3433 5452 3452 5488 :
3493 5436 3586 5487 sed

2007 5528 2155 5581 clare
2181 5524 2352 5578 Vatic.
2377 5540 2503 5593 para
2517 5525 3025 5595 phr.exprimit,sic
3049 5525 3120 5580 ibi
3139 5527 3424 5580 scribens:
3454 5526 3589 5578 Τότε

2004 5621 2060 5672 δὲ
2091 5618 2289 5688 ἐννάτῃ
2325 5621 2414 5670 καὶ
2443 5617 2665 5688 εἰκοστῇ
2689 5616 2782 5669 τοῦ
2814 5615 3129 5684 Αὐγούστου
3157 5617 3348 5689 μηνός.
3386 5617 3588 5670 Memo-

2007 5721 2219 5764 raverat
2249 5719 2301 5763 et
2333 5710 2476 5762 hunc
2508 5724 2756 5764 mensem
2788 5708 2893 5763 vol.
2917 5709 2958 5770 ι,
2984 5723 3036 5776 p.
3072 5707 3198 5771 493,
3231 5720 3442 5776 noster,
3469 5709 3593 5764 licet

2005 5819 2104 5874 ego
2132 5817 2228 5874 per
2257 5801 2610 5870 oblivionem,
2647 5801 2722 5858 uti
2762 5799 2876 5870 jam
2918 5798 3098 5857 fassus
3137 5814 3282 5869 sum,
3310 5799 3418 5859 vol.
3453 5799 3494 5871 ι,
3530 5816 3588 5872 p.
