4036 6396
468 347 578 413 ’1Ἱῦ

1398 346 1464 410 Ρ.
1508 346 1814 407 POSSINI
1874 346 2540 412 UBSERVATIONUM
2604 353 2749 413 LIB.
2800 353 2848 414 I.

3615 358 3707 424 ’ἶἿὸ

476 466 607 532 692,
642 464 956 535 scripserim
990 465 1218 533 Augusti
1250 466 1738 537 Pachymcrtannm
1773 482 1967 522 nomen
2006 468 2057 521 in
2090 483 2135 535 Α
2163 480 2350 533 sancta
2403 470 2515 524 haec
2557 473 2696 525 dona
2752 471 3153 542 religiosissima
3196 473 3459 529 sacerdote
3501 474 3566 530 N.
3596 480 3710 546 Quis

474 575 541 613 eo
566 560 837 612 volumine
857 572 1121 624 nusquam
1143 548 1380 611 exstare.
1417 558 1508 611 Sic
1545 560 1687 613 enim
1721 559 1795 613 ibi
1828 560 2058 616 Scribit:

481 649 613 700 ἰ’ὀτε
642 650 698 700 δὲ
728 646 1093 708 Ποσειδεῶνος
1116 646 1480 716 ἑκκαιδεκάτῃ
1515 649 1651 716 μετὰ
1680 647 1779 718 τὴν
1804 649 1903 718 τῆς
1931 647 2064 701 Θεο-

478 741 641 792 τόκου
663 739 880 810 ἑορτήν.
914 737 1101 807 Ibique
1126 740 1282 791 atnltn
1317 740 1535 792 codices
1558 741 1745 808 optimi
1783 742 2065 796 ascribunt

478 849 588 887 orae
617 832 883 899 marginis
920 830 1321 899 Αὐγοῦστος,ρι
1358 831 1655 886 V’atiCanns
1672 834 1844 886 solum
1882 834 1933 886 id
1972 849 2067 884 no-

484 934 603 976 men
630 926 660 976 is
703 935 1018 976 contextum
1041 923 1253 986 recipit.
1277 921 1885 989 Demonstratqueidem
1908 926 2061 987 satis,

479 1027 536 1068 nt
562 1017 665 1069 alia
692 1015 891 1070 indicia
921 1016 1197 1079 deessent,
1222 1017 1365 1085 quod
1385 1027 1595 1069 sextam
1628 1018 1890 1069 decimam
1919 1019 2063 1071 illam

479 1107 635 1175 eujns
660 1108 907 1159 mmninit
930 1107 1076 1160 diem
1110 1107 1357 1159 illuxisse
1388 1108 1457 1157 ait
1492 1109 1749 1174 postridie
1776 1108 1897 1177 festi
1941 1111 2066 1161 Dei-

475 1215 647 1265 partr,
678 1199 896 1251 maximi
929 1214 1122 1267 nempe
1157 1199 1398 1252 omnium
1432 1199 1611 1253 Mariae
1639 1203 1827 1253 matris
1860 1200 1951 1253 Dei
1989 1203 2065 1253 fe-

474 1293 565 1355 t-ti,
593 1291 737 1359 quod
773 1291 851 1341 sit‘
878 1306 971 1359 per
994 1292 1429 1343 antonomasiam
1465 1292 1581 1344 sine
1613 1292 1796 1346 addito
1822 1304 2062 1357 vocatur,

475 1399 673 1451 nempe
726 1382 1120 1450 assumptionis
1170 1382 1291 1446 ejus
1343 1383 1393 1435 in
1448 1384 1674 1444 cmlum,
1723 1383 2064 1451 qnodGra-ci

472 1476 626 1546 juxta
657 1492 775 1528 cum
812 1475 1021 1528 Latinis
1048 1475 1133 1528 die
1163 1474 1390 1545 Augusti
1429 1478 1631 1529 mensis
1659 1477 2064 1545 quintatlecima

476 1569 775 1624 Celebrant.
835 1567 928 1620 Est
975 1578 1153 1621 tamen
1207 1569 1296 1619 ubi
1347 1567 1709 1637 l’ai-hymrres
1761 1586 1788 1620 ιι
1847 1587 1904 1620 ιιι·
1956 1572 2067 1635 ipse

477 1661 879 1729 quodammodo
903 1658 1181 1718 deﬁciens.
1209 1668 1262 1711 et
1285 1672 1348 1711 ex
1376 1661 1574 1726 aliena,
1602 1669 1661 1712 ut
1695 1661 1907 1728 opinor,
1950 1678 2065 1711 ma-

477 1756 559 1821 gis
591 1768 755 1821 quant
794 1766 857 1803 ex
895 1751 1113 1819 propria
1163 1752 1454 1812 sententia,
1484 1767 1725 1804 nu-nsem
1764 1753 2064 1821 Augu~tum

477 1861 585 1900 non
643 1842 1005 1905 Ποσειδεῶνα,
1052 1842 1145 1894 sed
1194 1843 1676 1912 Μαιμακτηριῶνα
1731 1844 1851 1895 κατ’
1912 1844 2069 1913 Ἀθη-

476 1936 664 1997 ναὶους
694 1944 869 1995 vocat.
903 1949 958 2003 p.
985 1933 1113 1987 389...
1147 1933 1202 1986 In
1226 1948 1385 2001 quem
1417 1935 1592 1987 locum
1621 1933 1740 1987 vide
1765 1948 1883 2000 quae
1902 1936 2068 1985 adro-

477 2039 660 2081 tamus
712 2028 760 2079 in
812 2027 916 2080 hoc
969 2028 1087 2095 ipso
1148 2026 1453 2089 Glossztrio,
1506 2026 1670 2076 vet-ho
1726 2026 2064 2096 Μαιμακτη-

477 2118 636 2188 ριών,
676 2130 728 2171 et
760 2117 796 2170 Ι.
834 2133 895 2171 ιιι
926 2117 1118 2171 harum
1157 2119 1634 2177 Observationum,
1669 2136 1718 2171 ιι.
1751 2120 1784 2171 4
1843 2135 1895 2171 ιι.
1931 2119 1980 2172 5.

547 2212 855 2279 Πρόνοιαι,
898 2226 951 2277 p.
983 2210 1112 2264 209.
1148 2210 1414 2264 Dicuntur
1450 2212 1537 2263 hic,
1580 2212 1829 2280 πρόνοιαι
1859 2213 2065 2278 pensio-

479 2319 592 2368 ncs,
611 2319 729 2373 qua!
750 2303 833 2355 vel
853 2305 905 2355 in
928 2304 1233 2357 mercedem
1257 2318 1434 2371 opera-
1451 2304 1728 2371 prmsentis
1747 2305 1825 2358 vel
1850 2305 1901 2358 in
1930 2318 2065 2371 pm“-

480 2398 648 2450 minm
696 2398 987 2465 praeterita!
1015 2396 1353 2449 merentibus
1380 2408 1475 2449 aut
1500 2398 1747 2450 emeritis
1781 2414 1812 2451 e
1846 2399 2063 2466 publico

480 2489 807 2548 solvuntur;
838 2490 1031 2557 quales
1069 2486 1340 2555 hodieque
1372 2487 1438 2538 ah
1477 2487 1626 2542 Italis
1660 2498 1707 2539 et
1740 2486 1910 2539 Gallis
1939 2503 2065 2555 pro-

477 2581 690 2642 risioni,
721 2580 1021 2648 provisions
1053 2581 1279 2632 vocitari
1312 2580 1587 2631 audimus.
1619 2579 1921 2632 Adnotasse
1949 2579 2061 2647 jam

477 2673 579 2727 hoc
609 2674 969 2727 delaneramus
992 2692 1001 2705 ε
1021 2670 1073 2723 ἰιι
1105 2681 1252 2724 torno
1283 2672 1482 2741 prioris
1515 2671 1824 2737 Glossario;
1865 2672 2063 2741 szepins

477 2767 623 2820 enim
669 2768 721 2819 in
755 2765 997 2818 Historia
1046 2763 1324 2817 Michaelis
1352 2775 1535 2816 noster
1567 2763 1707 2817 hanc
1741 2778 1922 2816 vocem
1958 2763 2062 2818 ista

483 2860 706 2914 notione
754 2857 1063 2926 usurpavit,
1098 2869 1219 2923 quia:
1265 2856 1317 2908 in
1352 2854 1601 2908 classicis
1645 2869 1749 2907 non
1793 2854 2065 2925 reperitur

481 2951 820 3005 auctoribus.
859 2946 1034 3002 Unum
1075 2947 1164 3001 hic
1191 2962 1221 2999 e
1260 2946 1445 3000 multis
1475 2947 1526 2998 in
1562 2947 1836 3015 specimen
1885 2946 2063 3001 locum

479 3059 699 3108 ponam,
734 3059 787 3112 p.
821 3041 887 3094 ‘16
917 3059 931 3094 :
960 3040 1247 3108 [lpovolatc
1274 3038 1317 3091 δ’
1342 3041 1406 3091 ὲκ
1438 3038 1644 3092 τούτων
1670 3039 1796 3101 τοὺς
1820 3036 2065 3102 insocia-

476 3137 673 3207 τέρους
721 3138 816 3187 καὶ
867 3128 950 3194 οἷς
1028 3132 1266 3202 τολμῆεν
1300 3134 1359 3185 τὸ
1407 3131 1666 3202 φρόνημα
1728 3131 2060 3203 γράμμασιν
2089 3161 2134 3224 c

477 3229 777 3299 Eliwpauvto
811 3226 1141 3297 βασιλικάς.

550 3317 998 3388 Προσκσμίζῖυν,
1047 3333 1098 3385 p.
1131 3316 1255 3371 616.
1307 3318 1506 3370 Contra
1545 3332 1720 3371 meam
1762 3316 1924 3386 hujus
1962 3319 2064 3374 loci

474 3413 896 3482 expositionem,
928 3426 1031 3479 qua
1068 3409 1513 3478 προσκομίζοντα
1558 3412 1885 3465 sacerdotem
1933 3412 2067 3465 cele-

478 3518 715 3558 Jrautent
774 3505 1169 3571 interpretatus
1202 3517 1344 3567 sum,
1397 3516 1558 3569 grave
1608 3513 1753 3557 stare
1804 3503 2063 3574 pt‘a‘jndi-

475 3600 621 3654 cium
661 3598 813 3648 video
863 3594 1102 3647 hominis
1147 3593 1332 3661 utique
1399 3593 1555 3649 valde
1609 3595 1752 3648 docti
1794 3607 1849 3649 et
1894 3610 1923 3648 a
1978 3610 2066 3651 me

475 3704 697 3759 semper
735 3703 856 3742 cum
890 3701 991 3741 suo
1031 3698 1144 3741 tum
1186 3692 1267 3740 sui
1305 3686 1510 3742 ordinis
1546 3689 1743 3741 merito
1785 3689 2065 3757 permagni

480 3787 647 3857 716
683 3784 873 3848 hahiti,
901 3781 1089 3836 Jacobi
1126 3780 1341 3836 Goaris.
1372 3780 1471 3837 Hic
1501 3782 1644 3835 enim
1676 3785 1790 3838 suis
1822 3784 1963 3837 notis
1997 3782 2065 3837 ad

481 3882 705 3934 miSsarn
756 3877 815 3931 S.
874 3876 1101 3931 Joannis
1160 3874 1536 3945 Chtysostomi
1593 3876 1790 3939 locum,
1847 3877 2061 3946 opinor,

478 3974 623 4027 hunc
664 3973 836 4041 ipsum
867 3983 1106 4024 tractans
1148 3985 1310 4038 quem
1341 3969 1429 4022 hic
1462 3968 1637 4022 innuit
1677 3971 2061 4038 l'achymcrcs,

477 4065 722 4119 referens
751 4065 801 4116 in
840 4061 1071 4116 solemni
1106 4058 1324 4128 liturgia
1346 4066 1495 4124 tunc,
1520 4070 1735 4128 propter
1760 4073 2063 4129 expunctus

477 4172 509 4212 e
561 4157 736 4210 Sacris
776 4153 1052 4224 diptyeltis
1093 4150 1551 4210 Alexandrinum.
1577 4152 1978 4205 Antiot-henum
2010 4165 2064 4207 et

481 4247 1038 4314 llierosolymitanum
1085 4243 1447 4311 patriarchas,
1470 4244 1645 4296 solum
1694 4259 1759 4296 ex
1801 4243 2062 4297 ecclesia-

475 4341 630 4394 sticis
655 4335 1325 4404 Constantinopolitanum
1360 4336 1714 4389 Athanasium
1746 4336 1964 4405 σύναμα
1984 4334 2064 4405 τῷ

477 4433 930 4504 προσκομίςοντι,
953 4445 1060 4482 una
1089 4446 1206 4481 cum
1246 4428 1495 4496 oﬁ'erente
1527 4427 1693 4482 fuisse
1726 4430 1871 4482 inter
1902 4444 2059 4482 sacra

474 4533 826 4586 memoratos,
858 4536 954 4588 per
984 4520 1428 4590 προσκομίζοντα
1486 4519 1738 4587 intelligit
1792 4535 1912 4573 eum
1962 4521 2055 4588 qui

2165 4492 2313 4555 δίων,

474 4619 674 4671 hostias
731 4625 780 4669 et
826 4614 1033 4668 oblatas
1085 4614 1141 4666 in
1190 4610 1460 4664 ecclesiam
1503 4611 1708 4675 intulit,
1763 4622 1818 4664 et
1866 4610 1936 4662 ab
1993 4624 2058 4663 eo

472 4707 762 4777 distinguit
784 4705 1110 4760 sacerdotem
1133 4703 1506 4758 celebrantem.
1529 4702 1643 4772 Ego
1668 4717 1795 4757 vero
1818 4714 1869 4755 ct
1891 4717 2057 4781 unum

476 4807 565 4860 hic
597 4804 870 4873 designari
921 4817 1018 4872 per
1043 4801 1270 4856 verbum
1316 4799 1759 4870 προσκομίζοντα
1807 4795 1893 4869 [Ρ.
1927 4794 2056 4868 507]

475 4898 814 4952 sacerdotem
841 4894 1016 4950 sacris
1046 4904 1361 4964 operantem
1391 4890 1685 4955 contendo,
1720 4901 1775 4944 et
1806 4890 2057 4943 nomina-

477 4991 596 5056 tim,
625 4991 766 5058 quod
799 4989 924 5044 hinc
950 4995 1163 5043 constet
1191 4985 1491 5056 nuncupari
1516 4983 1733 5039 solitum
1762 4998 1790 5035 a
1822 4983 2059 5036 diacono

474 5099 593 5137 eum
627 5083 716 5151 qui
747 5096 913 5152 panes
937 5095 1002 5135 ex
1028 5081 1225 5151 quibus
1251 5079 1442 5134 oblata:
1481 5077 1676 5132 ﬁerent
1696 5078 1754 5131 in
1785 5076 2056 5130 ecclesiam

394 5200 397 5203 <
475 5174 679 5237 intulit,
723 5186 981 5242 pernego.
1039 5171 1336 5238 Evinciqne
1395 5179 1689 5236 utrumque
1738 5167 1881 5220 istud
1924 5170 2058 5222 satis

472 5268 625 5322 clare
667 5275 797 5336 puto
846 5280 916 5319 ex
945 5265 1077 5334 ipsis
1107 5278 1227 5333 quae
1261 5260 1410 5316 Goar
1436 5261 1660 5330 exponit
1706 5274 1877 5315 sacrm
1905 5260 2058 5314 litur-

473 5363 573 5432 gize
603 5361 807 5427 verbis,
841 5373 1037 5428 nempe
1071 5338 1221 5412 hisce
1251 5372 1265 5408 :
1308 5354 1368 5408 '0
1390 5354 1641 5416 διάκονος
1663 5353 1803 5422 πρὸς
1823 5358 1887 5423 τῇ
1916 5352 2057 5423 θύρᾳ

474 5451 606 5514 στὰς
661 5452 811 5518 λέγει
834 5449 929 5503 τοῦ
984 5449 1158 5509 δεῖνος
1219 5448 1630 5515 πανιερωτάτου
1715 5446 2056 5514 μητροπολί-

469 5565 587 5613 του,
611 5543 867 5601 nimirum
897 5542 1133 5613 episcopi
1159 5543 1290 5596 ecch
1309 5541 1405 5595 sia:
1430 5540 1482 5593 in
1506 5556 1609 5612 qua
1631 5554 1848 5595 sacrum
1871 5541 2052 5606 liehat,

471 5643 647 5714 qualis
675 5650 795 5695 erat
820 5636 1291 5706 Constantinopoli
1321 5635 1656 5706 patriarcha.
1685 5632 1807 5687 Mox
1829 5632 2050 5687 subdit:

472 5734 582 5786 Καὶ
608 5731 747 5800 ὑπὲρ
777 5729 873 5782 τοῦ
919 5724 1388 5800 προσκομίζοντος
1426 5725 1495 5777 τὰ
1530 5724 1663 5793 ἅγια
1694 5724 1843 5793 δῶρα
1874 5724 2055 5777 ταῦτα.

471 5822 870 5875 εΰλαὸεστάτου
927 5819 1118 5891 ἱερέως
1184 5817 1280 5872 τοῦ
1337 5817 1529 5883 δεῖνος,
1561 5826 1609 5870 et
1654 5831 1751 5885 pro
1803 5815 2050 5884 oﬂ'ercnle

2166 564 2301 617 satis
2352 566 2640 617 attendens
2687 566 2906 617 unicum
2942 566 3032 620 hic
3062 566 3289 621 nomine
3320 570 3531 637 proprio
3553 574 3710 638 palam

2166 654 2422 722 appellari
2446 671 2548 705 non
2574 654 2749 707 videat
2775 656 3173 711 sacriﬁcantem
3199 659 3527 714 sacerdotem
3544 662 3568 716 ‘l
3588 661 3713 718 Sane

2167 746 2212 799 si
2259 746 2631 816 τερ-σκομιδή,
2670 746 2825 815 quod
2874 749 3012 800 idem
3049 748 3108 801 P.
3142 749 3289 804 Goar
3319 763 3461 807 recte
3492 756 3714 822 adnotat,

2168 838 2324 908 p.16
2374 840 2454 892 sui
2515 840 2856 911 Eut'ltulr‘gii.
2889 850 2969 895 est
3018 842 3217 895 oblatio
3266 845 3508 912 perfecta.
3547 862 3717 915 nempe

2169 933 2257 985 illa
2293 950 2411 1002 qnze
2466 935 2519 985 lit
2566 949 2593 985 a
2626 938 2910 989 sacerdote
2940 936 3003 987 ad
3034 952 3182 989 aram
3223 938 3451 991 faciente
3504 940 3646 1008 panis
3672 951 3719 995 ct

2168 1028 2278 1078 \‘ini
2315 1043 2433 1078 mox
2464 1029 2842 1095 ct-nsecrandi,
2879 1029 3067 1096 quidni
3107 1030 3134 1080 ὁ
3165 1031 3546 1100 προσκομίζων
3579 1034 3619 1085 is
3648 1035 3719 1087 di-

2167 1127 2328 1171 eatur
2358 1127 2411 1172 et
2437 1118 2774 1187 intelligatur
2805 1120 2894 1187 qui
2932 1134 2993 1172 ea
3032 1121 3137 1175 rite
3166 1120 3452 1190 fungitur?
3484 1122 3719 1191 Equidem

2170 1210 2426 1269 arbitror.
2462 1212 2506 1264 si
2536 1226 2657 1262 cum
2697 1213 2786 1279 qui
2830 1223 2985 1265 antea
3022 1228 3215 1279 panem
3259 1223 3311 1266 et
3343 1213 3543 1278 vinum,
3570 1226 3618 1268 nt
3646 1230 3721 1269 es-

2170 1310 2290 1352 scut
2356 1302 2585 1354 mattria
2651 1303 2929 1364 sacriﬁcii,
3007 1305 3058 1356 in
3121 1304 3407 1358 ecclesiam
3465 1305 3719 1370 intulerat,

2171 1393 2455 1454 designare
2512 1384 2811 1449 tliamnnm
2839 1395 3021 1460 vellet,
3051 1412 3154 1449 non
3208 1396 3642 1466 προσκομίζοντα
3676 1399 3722 1453 in

2172 1487 2422 1554 pra-scuti
2476 1503 2598 1541 eum
2649 1501 2893 1552 vocaret,
2944 1491 3038 1543 scd
3099 1491 3149 1542 in
3184 1494 3458 1559 przetcrito
3514 1509 3725 1560 προσκο-

2175 1581 2430 1646 μὶσιντα.
2468 1581 2558 1632 Hae
2589 1582 2722 1633 mihi
2762 1599 2937 1635 causa:
2966 1584 3272 1637 eonlidrndi
3303 1595 3453 1645 sunt,
3484 1586 3725 1653 interpre-

2173 1674 2430 1725 tationem
2463 1691 2491 1722 ιι
2518 1688 2660 1736 eam,
2686 1677 2783 1727 ιιιςί
2813 1689 3071 1744 gravetur
3101 1679 3428 1731 auctoritate
3476 1678 3724 1733 contraria

2175 1764 2273 1817 viri
2299 1774 2403 1816 tam
2433 1766 2767 1833 pnestantis,
2799 1772 3085 1822 veritatem
3113 1784 3268 1822 suam
3293 1786 3448 1838 a-qno
3467 1781 3519 1824 et
3539 1770 3728 1825 erudito

2173 1859 2357 1911 lectori
2393 1861 2769 1926 probaturam.

2237 1975 2598 2045 Προχώσεις,
2649 1993 2699 2047 p.
2737 1978 2861 2032 9.69.
2901 1979 3157 2034 Refertur
3207 1982 3311 2035 hoc
3356 1982 3420 2036 ad
3459 1974 3589 2052 ἔργα
3635 1982 3729 2035 τῶν

2165 2068 2402 2137 ἀνδρῶν,
2431 2085 2592 2137 opera
2645 2068 3029 2135 agricolarum,
3067 2079 3361 2141 congestas
3407 2073 3646 2127 videlicet
3683 2074 3730 2126 in

2168 2159 2311 2213 areis
2360 2159 2564 2230 lrugrs,
2602 2176 2740 2229 quas
2777 2161 2956 2213 eluvie
3008 2165 3267 2232 abreptas
3321 2173 3376 2217 et
3429 2164 3730 2231 disperditas

2167 2252 2301 2306 dicit
2332 2254 2452 2314 ταῖς
2511 2250 2826 2322 προχὼσεσι
2857 2269 2972 2306 cum
3007 2256 3133 2321 ipsis
3164 2256 3416 2323 molibus,
3450 2271 3630 2324 nempe
3653 2273 3731 2321 ag-

2164 2347 2384 2414 geribus
2408 2347 2800 2413 manipulorum
2825 2363 2921 2415 pro
2945 2348 3070 2400 anni
3098 2359 3423 2417 tempestate
3447 2351 3577 2420 (erat
3601 2351 3727 2403 enim

2164 2449 2329 2493 a'stas
2368 2455 2553 2492 mense
2599 2440 2786 2508 utique.
2821 2440 3083 2511 Angusto)
3124 2442 3176 2494 in
3213 2445 3360 2496 areis
3395 2443 3731 2504 exstantium,

2167 2540 2303 2595 quas
2340 2541 2489 2594 aqua:
2517 2534 2789 2579 torrentes
2836 2528 3197 2599 dispergenth
3230 2533 3593 2598 t-orrUperint.
3624 2530 3732 2582 Ele-

2167 2633 2303 2687 gans
2352 2617 2406 2671 itt
2449 2619 2591 2671 hunc
2640 2619 2812 2672 locum
2859 2629 2943 2674 est
2976 2622 3214 2689 epitome
3262 2623 3471 2677 codicis
3506 2619 3730 2676 Vaticani

2167 2719 2276 2764 tam
2319 2712 2483 2765 tnulta
2522 2713 2874 2783 Pachymeris
2906 2717 3064 2767 verba
3102 2716 3152 2768 in
3182 2711 3296 2768 haec
3322 2714 3495 2785 p‘auea
3532 2725 3732 2769 contra-

2168 2805 2384 2859 hcntis:
2423 2806 2693 2875 Θημονιαὶ
2731 2806 2786 2858 δὲ
2850 2809 2943 2859 καὶ
3000 2806 3205 2873 etme;
3267 2812 3457 2873 αὐτοῖς
3519 2807 3734 2879 καρποῖς

2168 2901 2485 2970 κατάρίῐουν
2520 2902 2800 2969 ἐφέροντο.
2854 2900 2909 2952 In
2954 2903 3038 2955 his
3072 2918 3169 2954 Vox
3215 2903 3479 2971 θηρονιαί
3531 2918 3733 2970 respon-

2168 2996 2258 3047 det
2303 2993 2619 3063 προχώσεσι
2651 3010 2663 3046 :
2701 3004 2829 3046 sunt
2862 3004 3042 3048 autem
3075 3012 3138 3049 ex
3178 2994 3457 3068 llesychio
3496 2996 3734 3067 οημονιαὶ

2167 3088 2219 3140 οἱ
2274 3087 2442 3157 σωροὶ
2508 3087 2618 3139 τῶν
2681 3086 3044 3157 δραγμάτων,
3089 3090 3263 3141 acervi
3333 3090 3730 3159 manipulorum.

2170 3180 2408 3232 "Alma.
2472 3179 2560 3234 hic
2615 3195 2755 3232 arca:
2804 3192 2902 3246 pro
2961 3177 3204 3247 frugibus
3276 3181 3498 3249 ponitur
3558 3181 3735 3233 usitata

2169 3272 2508 3342 synecdoche
2538 3270 2778 3325 cantanti
2814 3286 2908 3338 pro
2937 3272 3275 3335 continente,
3314 3285 3368 3326 ut
3405 3276 3457 3327 in
3493 3274 3595 3327 illis
3620 3272 3736 3322 ’Ier-

2169 3366 2376 3415 tulliani
2432 3362 2570 3416 libro
2624 3360 2702 3412 Ad
2758 3360 3084 3427 Scapulam:
3123 3362 3275 3418 Sicut
3330 3365 3427 3419 sub
3472 3363 3735 3418 Hilarium)

2166 3455 2391 3519 pl'tl’altlc’
2423 3469 2537 3505 cmu
2563 3453 2622 3504 dc
2652 3455 2787 3506 armis
2817 3454 3207 3521 sepulturarum
3242 3465 3554 3511 nostrarum
3579 3454 3736 3508 accla-

2167 3552 2421 3608 massent,
2460 3559 2598 3596 ιιι-(ιω
2632 3559 2734 3595 nou
2765 3545 2896 3605 sint,
2927 3560 3066 3597 areae
3094 3543 3335 3610 ipsorum
3364 3562 3469 3599 nou
3494 3544 3688 3613 fuerunt
3719 3554 3736 3593 :

2168 3654 2358 3690 messes
2403 3637 2540 3690 enim
2583 3653 2708 3690 suas
2754 3652 2855 3689 non
2907 3646 3146 3704 egerunt.
3192 3634 3573 3705 Expositionls
3622 3647 3736 3701 ergo

2166 3729 2351 3783 clariut
2368 3728 2414 3787 is
2437 3730 2611 3798 gratia
2636 3728 2822 3790 αὐτοῖς
2853 3731 3090 3797 καρποῖς
3114 3730 3391 3784 additum.
3414 3727 3548 3783 Nam
3578 3727 3736 3781 solum

2169 3823 2341 3888 ipsum
2375 3831 2531 3875 terrze
2575 3821 2675 3873 οὐκ
2699 3821 2928 3891 ἐφέρετο
2962 3820 3124 3891 717
3151 3824 3498 3894 κατάῤῥουν,
3528 3821 3736 3887 εεάψιω

2167 3931 2328 3982 super
2377 3914 2505 3969 illud
2551 3915 2788 3975 stabant,
2826 3915 3098 3982 spicarum
3133 3927 3187 3968 et
3226 3917 3623 3986 manipulorum
3653 3927 3734 3981 ag-

2166 4026 2343 4078 getes,
2370 4011 2677 4077 προχώσεις
2711 4009 2798 4062 hic
2842 4020 3024 4062 nostro
3058 4009 3212 4075 dicti,
3245 4022 3344 4065 aut
3371 4026 3438 4064 ex
3466 4012 3528 4064 iis
3552 4020 3734 4063 excus-

2166 4117 2350 4156 sarnm
2389 4102 2589 4155 Ctttttuli
2623 4100 2858 4171 frugum.

2244 4213 2574 4280 Ῥησείδια.
2616 4230 2666 4283 p.
2707 4215 2800 4270 29.
2851 4215 3243 4283 Sententiolas,
3276 4217 3658 4273 diminutivum
3706 4224 3732 4263 a

2165 4308 2346 4377 ρἧιξ.
2396 4306 2471 4361 Ita
2504 4308 2801 4376 Gregorius
2858 4308 3132 4379 Nyssenns
3186 4322 3336 4366 orat.
3372 4310 3444 4366 {2
3493 4306 3730 4374 λεξείδια.

2169 4399 2343 4455 Verba
2377 4400 2498 4470 ejus
2543 4412 2671 4455 sunt
2705 4416 2720 4455 :
2756 4402 3028 4472 Κατορχεί
3056 4401 3134 4472 τῷ
3185 4404 3373 4475 κρότῳ
3408 4403 3520 4459 τῶν
3575 4399 3732 4464 λεξειο

2346 4492 2724 4562 ἑνσατνρίζων
2747 4495 2863 4556 τοῖς
2902 4496 3137 4565 ῥήμασι.
3656 4534 3683 4553 κ

2235 4607 2714 4678 Σκαραμάτκιον,
2745 4624 2797 4679 p.
2823 4609 2949 4665 504.
2981 4609 3112 4677 Quae
3142 4611 3311 4666 multa
3335 4613 3406 4668 de
3430 4621 3733 4668 scaraman-

2161 4701 2251 4771 gio
2281 4711 2374 4755 aut
2404 4703 2785 4757 scaramancio
2842 4714 2996 4757 veste
3049 4705 3326 4758 senatoria
3357 4704 3615 4774 praecipui
3642 4701 3734 4755 hov

2161 4800 2312 4849 noris
2346 4794 2619 4850 Meursius
2677 4795 2860 4860 ducet,
2918 4811 3025 4851 non
3078 4809 3305 4866 repeto;
3342 4813 3445 4854 nec
3497 4794 3733 4853 describo

2164 4886 2252 4939 hic
2277 4885 2382 4939 alia
2435 4885 2610 4939 nostri
2670 4887 2911 4940 auctoris
2941 4887 3059 4940 loca
3113 4888 3274 4942 istius
3326 4891 3487 4959 quasi
3524 4887 3735 4959 paluda-

2156 4976 2332 5032 inenti
2385 4979 2713 5031 mentionem
2782 4977 3064 5033 facientia.
3105 4979 3345 5035 Tantum
3400 4983 3731 5041 observo,c1

2162 5072 2262 5125 hoc
2295 5071 2413 5126 loco
2444 5071 2592 5140 (eum
2622 5087 2741 5139 qua:
2772 5072 3062 5139 peculiaris
3088 5074 3250 5127 interit
3281 5075 3406 5143 ejus
3440 5066 3729 5129 vestimenti

2159 5165 2334 5219 forma
2380 5166 2632 5232 nnspiam
2671 5165 2934 5219 hactenus
2967 5165 3214 5235 legerim)
3256 5167 3434 5221 videri
3467 5166 3629 5219 fuisse
3655 5163 3730 5215 itt-

2159 5268 2275 5310 star
2302 5258 2512 5326 penulae
2547 5258 2755 5323 largum
2786 5268 2839 5310 et
2880 5257 3213 5325 profundunt
3249 5259 3305 5310 in
3336 5274 3553 5313 summo
3590 5269 3734 5309 assu-

2158 5361 2271 5404 tttm
2327 5350 2597 5417 capulintn
2637 5350 2906 5409 habentis,
2962 5351 3126 5417 idque
3160 5366 3224 5404 ex
3273 5366 3459 5419 panno
3489 5342 3728 5403 eraSsiori

2160 5455 2262 5494 nec
2318 5441 2569 5508 simplici,
2632 5451 2690 5494 nt
2754 5441 2913 5495 facile
2970 5443 3130 5496 hians
3191 5454 3592 5514 perseveraret.
3624 5436 3727 5491 Tali

2157 5534 2303 5586 enim
2368 5535 2534 5604 figura
2568 5547 2934 5605 opportunum
2999 5547 3306 5590 memorato
3373 5538 3458 5591 hic
3510 5532 3729 5590 ludibrio

2160 5626 2344 5680 fuerit.
2375 5625 2578 5694 Nempe
2599 5629 2749 5694 pueri
2782 5629 3116 5698 Mpytigerii,
3145 5632 3268 5701 ejus
3292 5629 3380 5701 [Ρ.
3414 5628 3540 5701 508]
3567 5629 3724 5695 jus~u.

2157 5735 2338 5775 coram
2372 5722 2551 5775 missis
2586 5723 2655 5776 ab
2710 5723 3063 5792 imperatore,
3109 5739 3345 5793 corpore
3382 5725 3526 5779 illius
3559 5719 3727 5774 talal‘is

2158 5813 2309 5885 pallii
2334 5827 2431 5884 pro
2455 5809 2581 5868 fune
2599 5815 2909 5885 utebantur,
2932 5830 3040 5887 quo
3064 5834 3128 5872 es
3160 5832 3253 5871 ora
3278 5818 3436 5873 navis
3457 5818 3520 5872 ad
3543 5820 3721 5884 aquam
