4036 6410
570 330 676 391 ἾἸ9

1493 335 1559 398 Ρ.
1603 335 1911 402 POSSINI
1957 339 2613 406 OBSERVATIONUM
2656 335 2803 398 LIB.
2833 335 2886 396 Ἰ.
3671 341 3752 406 789

569 455 860 515 prospectu
918 445 1154 516 positum
1223 446 1526 517 sign'ﬁeat;
1591 449 1730 502 unde
1762 450 1903 518 cippi
1963 447 2428 512 morm-AQuam
2484 461 2538 503 et
2598 450 2861 517 duplicem
2912 448 3195 512 ariolatur,
3259 449 3450 518 μικρὰν
3494 452 3576 503 καὶ
3612 459 3753 521 μεγά-

571 549 902 611 111ο1110111111,
965 554 1028 593 ac
1092 553 1432 608 qum-cunque
1480 539 1716 608 fastigia,
1745 549 1798 594 et
1833 542 1885 594 in
1922 555 2149 611 conspe-

565 607 716 683 ctum
754 629 983 699 objectae
1018 645 1340 684 marmorea:
1388 630 1582 685 tabulae
1617 631 1896 700 inscripta:
1931 631 2145 696 litteris,

570 723 1016 790 frequentissime
1069 721 1263 790 στῆλαι
1317 721 1478 776 dictae
1535 721 1902 789 reperiuntur.
1960 722 2148 790 Itaque

571 817 871 868 cavendum
923 830 990 868 ne
1043 816 1257 884 species
1299 831 1396 883 pro
1451 829 1650 884 genere
1704 815 1888 869 lecturi
1920 817 2149 883 obrepat

573 919 794 960 assueto
823 907 1012 975 cippos
1045 917 1095 960 et
1132 907 1456 961 colutnellas
1506 907 1558 960 in
1595 906 1839 974 apicibus
1870 907 2147 976 sepulcra-

571 996 703 1050 lium
740 997 960 1051 molium
1006 1007 1100 1051 aut
1132 997 1182 1050 id
1214 1013 1384 1066 genus
1428 1007 1907 1052 monumentorum
1935 1007 2146 1052 erectas

574 1087 786 1154 στηλῶν
823 1089 1043 1142 nomine
1073 1087 1398 1156 intelligere.
1436 1087 1534 1140 -11111
1564 1090 1705 1141 enim
1755 1087 1944 1156 στῆλαι
1995 1096 2147 1152 sunt,

575 1177 668 1228 sed
703 1191 810 1230 non
839 1175 986 1243 sola;
1021 1176 1255 1243 pertinet
1310 1178 1506 1245 quippe
1542 1177 1656 1231 haec
1696 1192 1796 1230 vox
1852 1177 2031 1243 latius,
2067 1188 2150 1231 ta-

574 1268 732 1322 bulas
785 1269 949 1322 etiam
1002 1278 1056 1323 et
1106 1269 1219 1324 vcla
1259 1268 1445 1338 ﬁguris
1478 1269 1729 1338 insignita
1763 1271 1814 1324 in
1852 1271 2149 1340 conspicuo

575 1371 778 1415 statuta
814 1361 1082 1414 indicans.

644 1453 1013 1517 Συνδοσίαι,
1055 1470 1108 1523 p.
1162 1455 1291 1509 295.
1324 1455 1438 1511 Etsi
1477 1459 1615 1527 apud
1662 1467 1872 1513 veteres
1897 1469 2150 1512 auctores

572 1547 752 1616 legere
785 1547 1068 1610 συνδοσίας
1107 1563 1215 1602 non
1253 1549 1500 1612 tuemini,
1549 1558 1679 1617 puto
1724 1558 1904 1604 tamen
1937 1548 2149 1617 Pachy-

573 1657 803 1705 merem,
829 1641 984 1710 eujus
1017 1657 1208 1696 omnes
1255 1658 1408 1711 teque
1437 1643 1659 1697 codices
1691 1643 2013 1697 vocabulum
2048 1643 2149 1696 hoc

572 1731 691 1785 loco
757 1734 900 1787 istud
960 1734 1252 1798 exhibent,
1314 1734 1366 1787 id
1428 1737 1480 1788 in
1556 1735 1777 1790 notione
1849 1734 2146 1804 largitionis

573 1823 655 1895 [ιι.
683 1823 808 1894 1110]
843 1839 1160 1892 usurpasse,
1199 1826 1352 1894 quasi
1381 1829 1599 1880 ductum
1627 1841 1656 1878 a
1687 1825 1978 1895 συνδίδωμι
2020 1843 2147 1880 con-

575 1915 762 1988 dono,
793 1916 890 1970 Cui
945 1917 1110 1972 verbo
1141 1932 1238 1971 usu
1274 1917 1502 1984 antiquo
1528 1915 1848 1971 Latinarum
1897 1918 2037 1970 inest
2069 1919 2150 1971 vis

579 2008 870 2078 peculiaris
923 2008 1198 2062 indicandi
1240 2009 1466 2064 vitiosas
1515 2008 1858 2077 profusiones
1906 2009 1957 2062 in
2012 2009 2153 2064 indi-

571 2117 731 2170 gnos.
765 2101 981 2166 Cit-ero,
1017 2100 1250 2170 Philipp.
1287 2117 1324 2155 ιι
1367 2120 1380 2156 1
1417 2102 1692 2168 Apothectr
1724 2112 1849 2157 totte
1893 2103 2152 2172 nequisti.

576 2195 679 2248 mis
710 2194 1169 2247 contionabamur.
1215 2191 1326 2247 Nec
1368 2194 1632 2247 abhorret
1685 2195 1772 2247 hic
1809 2195 2152 2264 significatus

580 2287 649 2339 ab
684 2285 845 2354 hujus
874 2285 978 2339 loci
1005 2284 1297 2338 sententia.
1329 2281 1658 2352 Vituperans
1685 2286 1885 2356 quippe
1914 2287 2149 2356 patriar-

578 2379 680 2433 cha
745 2379 1162 2432 conventionem
1198 2378 1549 2446 inperatoris
1603 2394 1724 2431 cum
1771 2380 1936 2442 crale,
1991 2379 2151 2448 cujus

580 2473 872 2525 occasione
931 2471 1099 2524 multa
1160 2469 1551 2538 pretiosissima
1609 2484 1830 2522 munera
1868 2470 2042 2524 cidem
2099 2479 2151 2525 et

572 2563 1004 2632 ejus-comitibus
1029 2562 1314 2632 magniﬁce
1341 2560 1406 2614 ab
1428 2562 1878 2630 Augusmdonata
1903 2563 2150 2629 superius

577 2669 765 2712 noster
795 2656 1136 2720 memoravit,
1170 2655 1328 2709 facile
1355 2656 1548 2722 potuit,
1577 2655 1642 2709 ad
1678 2656 1958 2723 querelam
1990 2669 2150 2709 avare

573 2758 857 2803 auctorum
902 2748 1270 2816 vectigalium,
1307 2747 1603 2816 adjungere
1635 2748 2002 2802 cohaerentem
2059 2763 2149 2802 re-

571 2841 988 2906 prcltensionem
1057 2840 1312 2895 exhausti
1377 2839 1684 2895 ambitiosis
1741 2839 2150 2909 profusionibus

571 2935 774 2986 aerarii.

647 3025 1062 3094 Egdxelog-p.
1121 3024 1246 3078 215.
1285 3022 1438 3090 Quod
1491 3023 1578 3076 hic
1634 3031 1820 3078 noster
1874 3021 2148 3089 σφάκελος

2253 537 2372 605 λην,
2401 553 2622 606 parvam
2656 549 2711 592 et
2735 553 3004 608 magnam,
3033 537 3185 608 quasi
3229 539 3372 606 prior
3399 540 3658 607 designatio
3683 544 3756 608 sit,

2252 635 2522 700 posterior
2565 635 2918 703 conﬁrmatio.
2957 634 3134 703 Λῆρος
3175 632 3358 695 πολύς.
3397 631 3494 686 Nec
3515 633 3756 703 Codinum,

2253 739 2413 792 quem
2475 729 2669 781 asserti
2730 727 2955 779 fundum
3011 726 3216 785 laudat,
3280 723 3550 779 intellexit.
3577 723 3619 776 Is
3643 726 3758 778 enim

2251 817 2389 871 nihil
2434 820 2542 870 vult
2601 818 2744 870 aliud
2803 818 2908 872 nisi
2961 817 3262 886 episcopos,
3321 815 3410 883 qtti
3457 815 3685 868 ordinant
3721 826 3763 870 et

2254 920 2581 962 consecrant
2618 909 3009 978 patriarcltam,
3065 907 3215 959 illum
3262 906 3314 958 in
3349 920 3408 958 ea
3435 905 3682 959 iunctione
3699 904 3766 958 bis

2259 1016 2421 1057 cruce
2448 1001 2686 1072 signare,
2722 1018 2952 1067 quarum
2985 1000 3418 1054 benedictionum
3459 998 3596 1066 prior
3614 1011 3763 1064 parva.

2256 1096 2530 1163 posterior
2590 1111 2780 1163 magna
2832 1094 3179 1147 consueverit
3233 1091 3431 1146 vocari.
3491 1089 3767 1142 Dicebantur

2252 1185 2451 1236 caulem
2479 1183 2880 1237 benedictiones
2907 1182 3222 1251 μηνύματα,
3247 1189 3303 1232 111
3347 1179 3634 1232 observavit
3657 1177 3766 1228 idem

2252 1273 2521 1329 Meursius
2553 1276 2719 1328 verbo
2779 1275 3039 1342 μήνυμα;
3091 1287 3214 1324 nam
3251 1273 3469 1340 μήνυμα
3499 1269 3681 1335 signum
3706 1275 3769 1319 est

2250 1376 2306 1420 et
2346 1367 2468 1418 κατ’
2505 1365 2698 1435 ἐξοχὴν
2752 1367 2956 1436 tignum
3013 1367 3180 1418 cruris
3237 1378 3399 1416 manu
3457 1359 3770 1414 benedicendo

2254 1458 2572 1513 formatum.
2607 1461 2851 1528 Μήνυμα
2879 1459 3084 1527 signum
3131 1457 3356 1520 dicitur,
3395 1469 3496 1508 non
3523 1459 3699 1515 autem,
3727 1454 3770 1500 ut

2255 1551 2299 1606 is
2326 1551 2394 1604 ibi
2419 1552 2674 1614 somniat,
2709 1551 2931 1604 vacatio.

2253 1667 2256 1670 ·
2325 1641 2410 1714 [1).
2449 1640 2576 1712 511]
2638 1642 2715 1695 Τὰ
2767 1640 3191 1708 τετελεσμένα,
3242 1653 3296 1707 p.
3331 1636 3420 1690 77.
3452 1633 3588 1700 Quid
3618 1631 3678 1685 sit
3702 1629 3772 1682 hic

2254 1735 2609 1803 ἐπαληθεύειν
2636 1737 2746 1796 τοῖς
2770 1731 3196 1800 τετελεσμένοις,
3222 1725 3553 1782 comminisci
3586 1720 3770 1774 multum

2250 1827 2500 1896 cegitans
2528 1827 2673 1880 aliud
2702 1841 2808 1879 non
2847 1825 2993 1893 potui
3027 1839 3186 1891 quam
3223 1821 3364 1886 quod
3407 1809 3773 1884 interpretando

2248 1921 2514 1988 expressi,
2562 1918 2854 1985 contigisse
2895 1928 3022 1970 tunc
3051 1916 3308 1970 nimirum
3344 1911 3537 1978 aliquid
3566 1920 3660 1975 quo
3702 1917 3774 1954 sa-

2250 2024 2343 2064 cra
2385 2009 2626 2080 symbola
2675 2010 2974 2063 consecrati
3013 2017 3066 2059 et
3113 2005 3292 2059 verbis
3334 1995 3772 2056 sacramentalibus

2251 2103 2441 2157 mutati
2481 2102 2534 2155 in
2566 2101 2768 2157 Christi
2825 2114 3024 2168 corpus
3056 2100 3210 2167 panis
3268 2097 3372 2150 alia
3405 2095 3560 2149 etiam
3593 2087 3774 2142 notione

2250 2209 2410 2263 quam
2447 2193 2536 2247 illa
2577 2195 2631 2248 in
2665 2193 2913 2248 ccclesiis
2942 2193 3140 2246 usitata
3179 2203 3325 2244 recte
3358 2185 3533 2240 vocari
3562 2182 3624 2236 τὰ
3659 2193 3776 2231 τετε-

2248 2285 2485 2354 λεσμένα
2509 2285 2804 2356 potuerint,
2839 2298 3033 2353 nempe
3067 2283 3210 2353 quod
3246 2282 3399 2335 ﬁnita
3421 2290 3472 2333 et
3497 2272 3776 2330 alterations

2249 2377 2610 2430 accidentium
2658 2390 2723 2429 ex
2772 2375 2951 2445 specie
2984 2376 3036 2430 in
3067 2389 3259 2428 novam
3297 2371 3521 2428 formam
3561 2370 3774 2428 corrupta

2252 2465 2471 2520 fuerint.
2529 2466 2602 2518 Τὸ
2637 2465 2811 2519 τελεῖν
2847 2466 3096 2519 videlicet
3150 2480 3253 2518 non
3288 2463 3460 2519 solum
3508 2475 3567 2512 ex
3603 2466 3779 2508 1151180·

2252 2571 2342 2612 11111
2373 2574 2635 2627 peragere,
2668 2559 2934 2628 perﬁcere,
2956 2558 3283 2626 sacri/icore,
3321 2557 3414 2611 sed
3443 2553 3595 2608 etiam
3617 2564 3672 2602 ex
3691 2543 3780 2598 ori-

2252 2651 2373 2718 giue
2409 2651 2582 2716 linire,
2613 2666 2935 2703 consumere.
2986 2649 3138 2705 Unde
3193 2651 3469 2716 passivum
3511 2645 3577 2697 vi
3605 2637 3778 2694 τετελε-

2253 2746 2446 2814 σμένα,
2482 2760 2602 2813 quae
2631 2745 2777 2798 velut
2809 2745 3024 2812 propria
3075 2743 3250 2811 appell
3271 2744 3366 2796 .tio
3417 2737 3682 2810 speciebus
3705 2744 3778 2784 ett-

2249 2839 2554 2892 ebaristicis
2610 2854 2639 2892 e
2691 2837 2960 2891 sacriﬁcio
3013 2836 3248 2892 servatis
3315 2849 3464 2889 more
3509 2832 3776 2886 Grtecorttttt

2250 2929 2614 2990 tribuebatur,
2681 2927 2786 2979 alio
2817 2942 2980 2982 sensu
3035 2935 3148 2980 tum
3193 2913 3488 2980 convenire
3522 2923 3596 2975 sic
3631 2923 3779 2986 putre-

2252 3019 2412 3073 factis
2451 3029 2500 3074 et
2532 3019 2582 3072 in
2623 3018 2906 3072 informem
2946 3023 3183 3086 speciem
3236 3012 3630 3084 transﬁguratis
3658 3023 3776 3075 synt-

575 3119 792 3181 scribit,
825 3118 1039 3170 videtur
1071 3117 1210 3170 idem
1237 3130 1356 3170 esse
1383 3115 1526 3184 quod
1573 3116 1682 3170 vol.
1720 3116 1760 3179 l,
1800 3131 1852 3182 p.
1885 3114 2008 3178 511,
2047 3133 2148 3183 φα-
2173 3150 2214 3206 C
2251 3110 2388 3165 bolis
2422 3111 2623 3164 Christi
2658 3112 2904 3179 corporis
2943 3111 3137 3178 potuit.
3171 3121 3443 3177 quatenus
3471 3104 3701 3206 nimirum
3729 3109 3778 3148 ex

574 3209 768 3261 κέλλου
832 3207 1095 3261 vocabulo
1153 3206 1430 3267 indicavit,
1493 3204 1696 3259 fascem
1753 3203 2004 3258 videlicet
2053 3212 2147 3258 aut

573 3300 894 3356 fnSt‘lCllltllll
949 3301 1062 3353 sive
1111 3297 1390 3352 fasccllum
1429 3299 1753 3352 chartarum
1810 3298 2145 3367 signiﬁcans.

570 3390 939 3446 Laudavimus
1003 3391 1054 3444 in
1091 3391 1257 3458 priori
1317 3390 1594 3444 Clossario
1629 3388 1920 3459 Synesium
1956 3390 2145 3443 eadem

571 3485 798 3539 notione
844 3483 1111 3552 φάκελλον
1157 3492 1532 3551 usurpantem.
1572 3481 1807 3551 ll-eperio
1844 3481 1986 3551 apud
2026 3482 2148 3536 Dio-

573 3575 784 3645 nysium
841 3575 1341 3636 Halicarnasseum,
1395 3573 1430 3624 l.
1469 3588 1563 3635 vtt,
1623 3571 1960 3641 σφακὲλλους
2012 3590 2148 3641 φρυ-

573 3665 758 3734 γάνων
781 3680 894 3732 pro
921 3662 1199 3733 fasciculis
1255 3662 1602 3731 virgultorum
1638 3662 1894 3729 positum.
1931 3660 2142 3732 Pachy-

574 3771 753 3810 nzeres
803 3755 889 3809 hic
939 3763 1132 3809 neutro
1187 3768 1389 3821 genere
1439 3761 1495 3806 et
1565 3767 1689 3805 cum
1749 3751 1968 3808 unico).
2003 3753 2143 3806 idem

572 3848 895 3902 vocabulum
933 3847 1049 3915 pari
1079 3844 1384 3914 signiﬁcatu
1419 3842 1653 3896 exhibet.

646 3941 808 4010 720
833 3937 1187 4005 Σφενδίναι.
1231 3952 1282 4002 [ι.
1312 3935 1401 3989 66.
1435 3932 1700 3989 Videntur
1732 3934 1818 3988 hic
1851 3934 1960 3988 dici
1986 3951 2146 4000 σφεν-

572 4033 718 4084 ὂὶναι
757 4029 966 4084 lacinia:
994 4031 1288 4096 pendentes
1325 4043 1354 4078 e
1389 4025 1672 4094 pontiﬁcio
1700 4027 1883 4093 galero
1927 4028 2139 4080 funicu-

575 4128 640 4179 lis
683 4124 874 4179 scricis
915 4125 964 4174 in
1014 4122 1195 4174 1111111111
1237 4121 1451 4174 tnodum
1503 4120 1776 4188 perplexis
1818 4120 1957 4174 inter
1999 4134 2139 4183 sese,

573 4232 724 4272 more
753 4218 916 4269 etiam
955 4215 1112 4267 hodie
1148 4211 1356 4265 Latinis
1389 4211 1611 4264 usitato.
1713 4213 1718 4217 ’

642 4307 926 4376 Σφραγίς,
967 4323 1019 4373 p.
1059 4305 1145 4358 11.
1178 4303 1286 4371 Ego
1323 4304 1410 4356 hic
1439 4303 1710 4371 σφραγῖδα
1737 4302 2141 4356 benedictionem

509 4427 514 4432 -
569 4401 731 4454 verti.
766 4398 1003 4452 intellexi
1039 4397 1184 4450 enim
1226 4396 1436 4462 signum
1487 4397 1664 4448 crucis
1718 4411 1882 4447 manu
1915 4410 2146 4462 expres-

2252 3205 2453 3269 nativa,
2488 3212 2546 3257 ut
2603 3203 3151 3272 dixi,signiﬁcatione
3187 3202 3391 3256 radicis
3425 3198 3564 3252 unde
3593 3193 3777 3247 verbum

2249 3296 2391 3350 istud
2409 3297 2698 3363 germinat,
2723 3308 2881 3350 sonat
2911 3306 3168 3365 praaterea
3195 3302 3526 3363 consumpta,
3550 3292 3780 3347 corruplao

2247 3401 2311 3440 ex
2347 3386 2511 3454 priori
2557 3386 2728 3441 desita
2773 3385 2882 3453 jam
2916 3386 3089 3440 forma
3138 3387 3189 3440 in
3225 3402 3425 3440 novam
3454 3385 3604 3436 aliam
3635 3379 3782 3430 demu-

2249 3487 2381 3533 tata.
2444 3477 2566 3532 Haec
2611 3489 2886 3547 utcunque
2941 3478 3048 3533 dici
3109 3479 3484 3533 verisimiliter
3521 3476 3779 3544 poterant:

2247 3586 2378 3642 puto
2405 3583 2584 3626 tamen
2617 3573 2761 3625 aliud
2794 3571 3209 3643 Pacbymerem,
3235 3571 3368 3625 dum
3394 3572 3505 3624 lucc
3537 3565 3780 3620 scribet”,

2249 3675 2545 3733 spectasse.
2585 3664 2680 3717 Sui
2739 3664 2990 3718 videlicet
3023 3663 3276 3734 Hesyt-ltii
3336 3677 3557 3724 memor,
3587 3651 3715 3726 quod
3740 3651 3778 3700 i"

2246 3772 2312 3812 eo
2347 3758 2566 3825 legisset
2610 3755 2995 3823 τετελεσμένον
3043 3755 3104 3808 τὸ
3137 3752 3250 3809 οἷον
3313 3757 3542 3826 πρᾶγμα
3567 3743 3786 3807 τελεσθῆ-

2247 3866 2354 3911 ναι,
2389 3849 2556 3919 ἧγουν
2591 3848 2970 3918 πληρωθῆναι,
3003 3848 3034 3918 ἢ
3067 3849 3160 3902 καὶ
3214 3847 3611 3919 μεμιασμένον,
3637 3847 3786 3904 rarant

2250 3943 2359 3997 illic
2393 3943 2681 3996 indicatam
2742 3942 3038 4006 notionem,
3077 3958 3184 4011 qua
3232 3943 3396 4011 721
3444 3930 3782 4001 τετελεσμένον

2251 4036 2648 4106 μεμιασμένον,
2673 4035 2936 4105 pollutum
2970 4045 3022 4088 ct
3058 4037 3492 4089 contaminatum
3517 4035 3679 4087 sonal.
3715 4020 3781 4073 "5°

2246 4131 2415 4181 voluit
2447 4129 2670 4181 innuere
2705 4129 2941 4195 ignotam
2977 4143 3080 4180 non
3116 4142 3237 4181 esse
3270 4129 3396 4182 sibi.

2322 4219 2483 4288 Τέρα,
2519 4237 2570 4290 p.
2605 4220 2728 4275 594.
2763 4219 2990 4274 Ponitur
3035 4222 3121 4274 hic
3156 4221 3361 4276 Graecis
3393 4217 3579 4274 litteris
3616 4218 3780 4266 nomen

2246 4312 2496 4367 Latinum
2554 4323 2716 4374 terra,
2769 4313 2862 4366 sed
2929 4329 3052 4366 cum
3101 4314 3267 4367 unico
3303 4333 3334 4386 ρ
3366 4313 3622 4382 scriptum
3654 4303 3781 4370 τέρα.

2253 4405 2470 4459 Videtur
2511 4413 2687 4457 autem
2726 4405 2868 4459 hanc
2919 4419 3106 4459 vocem
3156 4407 3447 4459 retinuisse
3502 4397 3781 4456 historicus.

573 4507 694 4546 sum
738 4507 766 4543 a
800 4489 1108 4559 patriarcha
1141 4485 1374 4554 losepho
1405 4500 1568 4554 super
1604 4486 1766 4539 istum
1814 4487 1878 4540 de
1914 4501 2021 4554 quo
2054 4487 2139 4540 hic
2173 4499 2218 4558 D
2245 4499 2384 4566 quod
2418 4495 2647 4566 vulgaris
2671 4507 2817 4551 esse:
2839 4496 3093 4566 loquendi
3122 4498 3292 4552 forma
3319 4498 3428 4552 illis
3463 4488 3779 4562 temporibus.

573 4583 772 4650 agitur,
798 4579 1115 4649 Georgium,
1143 4591 1247 4630 una
1279 4577 1628 4646 pronuntiata
1667 4585 1814 4630 certa
1848 4576 2136 4630 verborum

573 4673 828 4737 formula,
858 4686 962 4741 qua
1000 4672 1046 4726 is
1084 4670 1289 4724 electus
1322 4671 1388 4724 ad
1419 4667 1656 4723 ofﬁcium
1689 4668 1848 4737 primi
1889 4669 2143 4722 ecclesia-

571 4767 671 4821 stis
705 4765 961 4818 Palatium:
988 4762 1271 4818 concionis
1304 4761 1432 4830 (hoc
1463 4763 1606 4815 enim
1641 4770 1799 4815 sonat
1827 4777 2142 4832 πρωτοαπο·

572 4858 878 4926 στολάριθς)
919 4835 1018 4910 t'i-le
1055 4856 1118 4908 ad
1155 4855 1485 4922 fungendum
1528 4853 1579 4908 id
1612 4853 1980 4907 ministerium
2009 4854 2140 4907 mis-

575 4968 672 5004 sus
711 4950 916 5002 fuisset.
972 4949 1102 5012 01111
1139 4963 1276 5001 vero
1329 4947 1487 5000 talem
1539 4945 1973 4998 benedictionem
2023 4946 2140 5012 epi-

571 5040 720 5109 scopi
751 5055 852 5092 non
891 5039 1209 5106 ixi-.pcndunt
1246 5037 1348 5090 nisi
1400 5036 1504 5089 sibi
1538 5035 1802 5102 probatis,
1826 5044 1879 5088 et
1908 5035 1974 5089 de
2004 5051 2140 5103 quo-

578 5150 696 5188 rum
733 5141 878 5185 recta
923 5132 1046 5197 ﬁde,
1071 5129 1363 5184 Sttﬂicicnli
1405 5129 1735 5189 eruditione,
1761 5128 1940 5196 probis
1971 5129 2139 5181 mori-

574 5229 674 5276 Ius
710 5225 842 5278 certi
907 5223 1108 5284 fort-nt,
1161 5223 1287 5306 bity:
1340 5222 1560 5275 rebatur
1599 5222 1945 5276 Andronicus
1999 5222 2142 5274 hunc

569 5315 858 5384 Georgium
916 5326 1127 5382 gratum
1188 5323 1242 5367 ct
1303 5313 1788 5367 commendabilem
1845 5315 2017 5367 visum
2074 5315 2138 5368 iri

567 5407 796 5476 Josrplti
853 5407 1127 5468 sectariis,
1156 5421 1314 5474 quem
1372 5408 1563 5474 utique
1593 5403 1884 5474 Josephus.
1939 5406 2036 5473 ipsi
2073 5407 2140 5460 ad

568 5498 886 5550 concionem
925 5499 1138 5551 dicturo
1175 5501 1308 5549 bene
1332 5499 1864 5565 prccando,bonum,
1902 5499 2137 5563 dot-tum,

567 5591 928 5642 orthodoxum
968 5590 1323 5642 declarasset.
1364 5587 1462 5643 llic
1492 5591 1668 5645 obiter
1693 5593 2140 5660 praunnniendus

569 5680 740 5732 lector
773 5689 874 5742 est,
915 5697 979 5733 ne
1040 5681 1344 5748 decipiatur
1401 5683 1582 5749 legens
1645 5685 1784 5751 apud
1848 5681 2136 5737 Meursinm

571 5769 908 5822 vocationem
970 5770 1036 5824 ad
1089 5771 1516 5841 patriarchalutn
1584 5773 1852 5841 σφραγῖδα
1913 5773 2135 5829 dictum.

2245 4597 2300 4640 ut
2327 4589 2415 4654 qui
2448 4589 2720 4656 principes
2753 4589 3033 4656 regionum
3071 4590 3134 4643 ab
3177 4590 3298 4643 aliis
3323 4599 3682 4660 possessarum
3715 4577 3785 4645 1³⁵⁵

2243 4678 2343 4731 sibi
2374 4679 2707 4733 vindicantes
2751 4679 2966 4733 titulum
3000 4692 3297 4744 sumerent,
3350 4681 3415 4733 ad
3452 4672 3779 4734 differentiam

2244 4771 2628 4836 possidentium
2687 4774 2799 4825 sine
2836 4781 2999 4837 terra,
3029 4774 3196 4844 χωρὶς
3225 4774 3391 4844 τέρας
3442 4770 3526 4844 ἥτ’
3560 4764 3649 4822 οὖν
3681 4762 3782 4831 γῆς»

2247 4861 2379 4913 tales
2414 4860 2812 4929 appellarentur
2845 4878 2860 4917 :
2894 4872 3020 4931 puta
3061 4879 3152 4917 rex
3183 4861 3674 4934 Hierosolymorum
3712 4859 3786 4907 aut

2246 4953 2540 5020 imperator
2564 4952 3142 5021 ConstantinOpeleos,
3173 4956 3353 5023 qualis
3401 4955 3491 5008 hie
3517 4951 3785 5005 declaratus

2245 5059 2272 5096 a
2308 5059 2440 5111 papa
2474 5045 2614 5112 regis
2645 5043 2808 5098 Siculi
2843 5044 3012 5099 frater
3041 5046 3258 5113 dicitur,
3284 5045 3412 5116 jure
3437 5043 3677 5114 videlicet
3708 5036 3786 5090 d0-

2247 5133 2338 5184 tali
2370 5147 2399 5183 e
2428 5131 2534 5184 ﬁlia
2569 5131 2838 5198 Balduini,
2865 5135 2958 5203 qui
2990 5135 3121 5188 olim
3149 5135 3514 5205 imperaverat
3547 5131 3786 5185 Constan-

2247 5224 2485 5294 ιὶηοροιί.
2514 5225 2565 5278 in
2591 5240 2840 5293 sponsam
2864 5228 2937 5282 illi
2959 5228 3146 5298 juncta
3171 5238 3369 5293 tracto,
3403 5231 3498 5284 sed
3522 5227 3629 5280 sine
3648 5233 3786 5273 terra.

2246 5316 2347 5371 hoc
2377 5329 2459 5371 est
2487 5319 2621 5371 citra
2652 5320 3045 5386 possessionem
3072 5321 3194 5390 ejus
3229 5319 3473 5390 imperii,
3509 5319 3572 5369 ab
3599 5312 3784 5366 Andro-

2247 5411 2370 5463 nico
2407 5411 2654 5464 videlicet
2682 5411 2906 5465 detenti.

2323 5499 2769 5568 Ίζὶιγκμὶτορες,
2824 5519 2874 5570 p.
2911 5502 3036 5556 414.
3084 5502 3274 5556 Fuisse
3306 5517 3402 5571 per
3434 5501 3544 5554 haec
3575 5498 3784 5558 temlmra

2248 5593 2384 5659 apud
2441 5590 2658 5644 GI'LI‘COS
2713 5592 3041 5664 Byzantinos
3079 5595 3127 5646 in
3191 5611 3285 5647 usu
3346 5587 3605 5660 frequenti
3649 5589 3786 5634 arcus

2245 5685 2502 5752 quosdam
2548 5684 2836 5752 pecu!iaris
2887 5685 3072 5738 formas
3100 5702 3127 5738 a
3164 5685 3369 5740 Latinis
3403 5688 3653 5749 acceptae.
3683 5680 3784 5736 ‘l““’-

2244 5775 2496 5845 τζαγγρὰ
2531 5775 2611 5831 \cl
2648 5776 2952 5844 τζαγγροῦς
2996 5779 3278 5845 vocabant,
3320 5771 3662 5842 intelligimus
3682 5769 3787 5813 ευιιι
