4036 6388
357 345 459 410 781

1728 346 1773 404 G
1788 345 2014 404 LOSbA
2029 350 2102 404 lii
2122 349 2162 407 U
2180 345 2227 406 Μ
2240 394 2252 407 .

3507 349 3614 412 782

353 474 416 508 ex
451 456 573 510 aliis
598 442 730 513 locis
753 459 1077 526 scriptorum
1106 457 1219 525 ejus
1247 461 1371 522 aevi,
1398 467 1506 513 tum
1543 474 1605 515 ex
1649 461 1752 513 hoc
1780 458 1925 512 Can-
1957 462 2002 516 Α
2103 457 2447 525 Φάμουσος.
2479 472 2531 525 p.
2579 458 2707 513 243.
2740 456 2949 514 Dudum
3001 460 3182 514 notavi
3234 461 3301 514 ad
3332 459 3421 515 illa
3449 464 3613 516 verba

355 550 601 603 tacuzeui
632 550 669 604 1.
697 566 736 614 ι,
770 566 820 606 c.
845 551 936 616 56,
965 568 1021 622 p.
1050 552 1150 608 108
1178 554 1265 608 ed.
1294 552 1428 623 Reg.
1466 569 1480 606 :
1517 552 1637 604 Τῶν
1665 553 1730 604 ὲκ
1760 551 1931 616 τόξων

350 642 662 695 -Λατινικῶν
717 644 1026 714 λεγομένων
1090 645 1384 716 τζαγγρῶν
1448 645 1720 714 ἀφιέντων
1775 644 1927 713 βέλη.

350 728 675 797 ilnjusmt-di
726 735 964 789 arcubus
1012 736 1103 804 qui
1159 744 1467 797 uterentur,
1517 736 1930 806 τζαγκράτορες

354 823 693 893 Pachymcre
740 834 963 881 auctore
1011 827 1365 889 vocabantur,
1414 829 1611 894 opinor
1669 828 1779 880 ἀπὸ
1833 827 1930 880 τοῦ

350 915 580 981 κρατεῖν
617 913 685 964 τὰ
722 915 995 983 τζαγγρὰ,
1028 934 1059 968 a
1096 933 1254 969 mauu
1284 918 1521 971 tenendis
1556 919 1791 988 tzangris
1826 918 1930 971 La-

353 1004 480 1059 tina:
501 1005 687 1072 forma:
708 1006 956 1061 arcubus.
988 1007 1078 1062 Sic
1105 1008 1269 1062 etiam
1303 1009 1407 1062 hoc
1451 1012 1772 1066 vocabulum
1810 1022 1933 1067 ant-

353 1109 417 1148 ea
478 1095 774 1162 scripserat
804 1094 1020 1150 Nicetas
1048 1097 1099 1150 in
1138 1096 1380 1151 ltlauuele
1404 1098 1681 1153 Comneno
1707 1100 1741 1153 l.
1773 1115 1807 1154 ιι
1847 1101 1932 1154 his

353 1186 536 1240 verbis
562 1202 592 1240 a
616 1187 856 1242 Meursio
889 1188 1074 1245 relatis
1106 1206 1120 1245 :
1153 1191 1501 1259 Φραξάμενοι
1537 1208 1617 1256 τε,
1661 1191 1742 1254 ὡς
1762 1189 1929 1263 εἶχον,

352 1281 424 1332 τὰ
450 1280 604 1349 τείχη
654 1280 899 1345 τοξόταις
931 1284 1025 1337 καὶ
1058 1284 1488 1353 τζαγγράτορσι.
1522 1283 1739 1340 Nieetas
1789 1286 1928 1340 idem

356 1374 411 1427 in
445 1373 654 1435 Alexio,
689 1373 724 1427 1.
758 1390 839 1440 ιιι,
879 1375 1076 1429 milites
1124 1375 1367 1445 ejusdem
1402 1378 1618 1446 generis
1660 1376 1932 1448 τζαγγροά

354 1463 582 1527 τοξότας
633 1474 814 1520 vorat.
872 1467 1102 1522 Eosdem
1134 1476 1333 1537 'porro
1366 1470 1644 1538 proprium
1674 1471 1933 1525 habuisse

356 1554 866 1625 στρατοπεδάρχην,
900 1560 1036 1611 sicut
1071 1558 1162 1613 hic
1197 1561 1356 1614 docet
1383 1560 1760 1631 Paebymeres,
1796 1577 1929 1617 con-

357 1649 560 1713 ﬁrmat,
620 1649 703 1703 bis
762 1648 880 1717 ejus
945 1651 1420 1721 στρατοπεδάρχου
1479 1654 1810 1709 mentionem
1846 1654 1932 1708 fa-

354 1746 528 1808 ciens,
563 1743 821 1798 Codinus.
858 1743 963 1799 Sed
1014 1746 1302 1817 utrobique
1330 1748 1582 1803 mendum
1615 1760 1699 1803 est
1723 1749 1928 1805 librarii

352 1836 751 1908 τζαγγατόρων
777 1854 874 1907 pro
901 1839 1350 1910 τζαγγρατόρων,
1383 1842 1460 1894 ait
1493 1840 1788 1909 Meursius,
1820 1843 1930 1898 imo

353 1946 455 2001 pro
497 1931 948 2001 τζαγκρατόρων,
998 1935 1312 1989 scribentis.
1369 1933 1427 1989 In
1465 1951 1596 1991 voce
1626 1936 1732 1992 hac
1765 1939 1930 1993 inter-

354 2024 612 2090 pretanda
647 2039 752 2079 non
781 2025 939 2079 debui
972 2025 1231 2082 adbibere
1260 2030 1488 2099 arquitze
1528 2039 1617 2085 aut
1662 2030 1928 2100 sagittarii

256 2121 268 2128 '
353 2116 644 2177 vocabula,
681 2115 768 2188 [P.
802 2116 929 2189 5|2]
961 2134 1084 2188 quae
1108 2120 1437 2189 peculiarem
1484 2121 1714 2176 formam
1752 2138 1932 2177 armo-

357 2221 477 2259 rum
528 2207 690 2277 hujus
718 2210 927 2264 ordinis
957 2224 1061 2263 non
1112 2211 1501 2280 exprimerent.
1555 2212 1770 2268 Πιξιὶηυί
1802 2230 1932 2284 (τεο

356 2303 615 2365 tanquam
655 2299 937 2368 proprium
972 2300 1129 2370 vulgo
1155 2310 1283 2357 tunc
1313 2302 1568 2357 usitatum
1603 2320 1822 2362 nomen.

433 2392 652 2456 Τιιιὸαί,
678 2392 893 2461 p.641.
939 2392 1076 2446 Nota
1105 2403 1188 2449 est
1227 2395 1462 2465 vulgaris
1508 2407 1746 2466 potestas
1782 2400 1932 2456 vocis

351 2483 515 2553 τριϐὴ
552 2483 780 2553 duplex;
822 2501 943 2539 nam
980 2496 1035 2540 et
1080 2502 1235 2542 usum
1290 2490 1685 2548 exercitatione
1717 2505 1930 2561 partum

352 2584 410 2628 et
466 2591 672 2631 moram
704 2586 798 2631 aut
832 2581 1236 2634 cunctationem
1271 2583 1414 2651 apud
1466 2593 1713 2640 auctores
1740 2587 1934 2643 classi-

358 2684 457 2724 cos
505 2680 694 2735 sonat;
746 2671 887 2738 quod
917 2681 1205 2740 utrumque
1231 2675 1471 2730 breviter
1506 2676 1936 2749 llesycbinsex-

360 2764 582 2832 pressit,
639 2764 765 2819 dum
820 2764 982 2836 τριϐὴ
1039 2767 1276 2837 explicat
1333 2770 1584 2842 διατριϐὴ
1647 2773 1678 2842 ἦ
1736 2774 1938 2844 βραδύ-

353 2873 481 2923 της.
515 2856 618 2911 Sed
656 2858 745 2927 bjc
797 2869 986 2914 noster
1040 2859 1237 2928 plurali
1302 2878 1526 2918 numero
1559 2880 1746 2919 vocem
1798 2868 1937 2923 hanc

357 2960 586 3017 usurpat
633 2951 919 3018 peculiari.
955 2956 1008 3006 ni
1045 2950 1219 3016 fallor,
1252 2954 1497 3020 notione,
1532 2970 1630 3024 pro
1676 2955 1931 3013 induciis.

359 3029 642 3097 Sententia
670 3044 871 3113 quippe
903 3045 1003 3099 loci
1049 3045 1166 3101 hme
1196 3046 1407 3100 videtur
1443 3062 1585 3112 esse,
1640 3047 1937 3118 imperato-

359 3149 478 3189 rem
504 3145 669 3189 totum
698 3138 964 3192 intentum
993 3137 1265 3206 hostibus,
1295 3155 1323 3192 a
1351 3140 1546 3210 quibus
1574 3155 1603 3193 e
1629 3142 1936 3212 propinquo
1964 3156 2007 3215 ο

359 3229 648 3285 molestius
678 3229 988 3298 urgebatur,
1024 3233 1404 3301 reprimendis.
1444 3233 1688 3289 inducias
1723 3235 1935 3290 interim

355 3323 505 3378 velut
536 3324 796 3392 quasdam
828 3326 1168 3382 concessisse
1197 3323 1383 3382 Persis
1435 3343 1532 3397 per
1578 3335 1785 3383 tractus
1833 3329 1934 3383 im-

356 3415 498 3486 perii
545 3415 846 3471 Orientales
876 3418 1274 3487 grassantibus,
1312 3418 1448 3472 nihil
1478 3429 1665 3473 contra
1700 3436 1793 3474 eos
1823 3437 1936 3475 mo-

354 3508 564 3573 liendo,
594 3509 773 3577 quoad
812 3509 953 3563 malo
987 3508 1236 3563 viciniori
1269 3519 1325 3563 et
1356 3510 1409 3564 in
1446 3511 1565 3565 sinu
1623 3514 1820 3579 posito,
1847 3515 1936 3581 ἐγ-

356 3600 598 3667 κολπίῳ,
640 3602 969 3656 mederetur.
1026 3600 1287 3669 SuSpicor
1318 3615 1448 3671 ergo
1475 3594 1528 3656 in
1561 3616 1659 3657 usu
1692 3606 1934 3674 populari

355 3692 674 3747 Graecorum
730 3692 1151 3765 Byzantinorum
1214 3692 1381 3747 fuisse
1436 3694 1761 3749 vocabulum
1820 3715 1939 3769 τρι-

359 3785 455 3837 σαὶ
485 3785 549 3839 ad
577 3785 991 3853 sig'nilicaudum
1021 3784 1161 3856 quod
1186 3783 1362 3839 Latini
1391 3786 1633 3840 inducias
1661 3789 1935 3844 dixerunt.

358 3875 872 3945 Argumentumque
936 3875 1054 3945 ejus
1110 3891 1263 3930 sumo
1294 3890 1358 3929 ex
1417 3877 1578 3946 722
1612 3893 1743 3931 voce
1777 3876 1938 3933 hodie

360 3969 570 4025 Gallica
626 3968 792 4023 tre‘ves
823 3969 963 4024 idem
999 3967 1235 4034 valente,
1283 3984 1442 4038 quam
1474 3979 1602 4039 puto
1632 3984 1660 4023 a
1710 3969 1937 4025 Francis

357 4062 651 4118 oecasione
685 4074 965 4118 sacrarum
997 4062 1401 4130 expeditionum
1424 4062 1520 4116 diu
1556 4062 1665 4117 illic
1702 4064 1937 4117 versatis

361 4153 490 4207 inde
517 4152 738 4206 relatam
775 4151 830 4205 in
866 4153 1118 4220 patriam.

443 4244 834 4314 Ὑπέρπυρον,
867 4260 918 4313 p.
963 4244 1087 4301 646.
1138 4244 1331 4300 Merito
1385 4244 1557 4300 elevat
1592 4245 1935 4316 largitionem

357 4354 454 4395 sex
485 4339 935 4410 byperpyrorum,
973 4337 1042 4401 si,
1086 4337 1227 4407 quod
1256 4353 1321 4393 ex
1347 4336 1537 4393 Graeco
1586 4339 1803 4393 homine
1834 4339 1936 4393 lide

358 4430 687 4502 dignissimo
712 4429 917 4493 audivi,
946 4430 1266 4500 ὑπέρπνρον
1299 4431 1611 4486 nummulus
1634 4442 1716 4485 est
1738 4447 1932 4502 argen-

2034 547 2205 603 Anna:
2229 549 2567 614 Commenae,
2603 551 2638 609 Ι.
2670 566 2765 606 xm
2800 552 3094 615 Alexiadis,
3127 569 3177 622 p.
3211 554 3314 608 577
3354 571 3367 608 :
3399 555 3618 631 Φάμουέ

2039 642 2109 695 σά
2139 661 2260 696 τινα
2297 644 2602 713 γράφοντες
2630 646 2774 700 κατὰ
2805 647 2905 718 τὴν
2937 647 3032 701 τοῦ
3065 648 3332 719 βασιλέως
3354 650 3615 722 ἔρῤιπτον

2036 734 2266 805 σκηνήν,
2285 748 2335 795 et
2367 736 2471 792 hoc
2498 736 2703 792 Latime
2731 740 2917 809 stirpis
2950 740 3274 795 vocabulum
3304 740 3618 812 Byzantina:

2035 825 2258 881 Graecia!
2300 826 2468 883 fuisse
2519 831 2742 885 civitate
2778 834 3033 885 donatum
3079 833 3191 901 jam
3223 849 3250 887 a
3284 834 3617 903 temporibus

2033 916 2210 971 Alexii
2235 919 2536 986 Comoeni;
2571 937 2676 990 quo
2711 924 2890 976 minus
2914 924 3112 977 mirum
3168 935 3319 979 tanto
3343 928 3617 996 posterio-

2034 1022 2147 1060 rem
2183 1008 2233 1061 id
2264 1008 2368 1063 boc
2398 1011 2523 1065 loco
2563 1026 2827 1081 usurpare
2854 1011 3273 1083 Pachymerem,
3311 1031 3377 1071 ex
3409 1018 3617 1086 vulgari

2036 1097 2147 1152 illic
2176 1103 2570 1157 consuetudine
2599 1103 2854 1172 loquendi
2880 1105 3080 1174 scripta
3113 1108 3373 1164 maledica
3405 1119 3621 1163 mutua-

2037 1196 2092 1243 to
2121 1190 2189 1245 ab
2212 1190 2362 1248 Italis
2406 1195 2626 1248 nomine
2660 1197 2923 1264 φάμουσα
2951 1209 3004 1252 et
3036 1198 3238 1268 τόμους
3278 1201 3393 1256 sive
3424 1202 3620 1271 λόγους

2034 1282 2352 1351 (pugnaces;
2378 1286 2672 1343 dicentem.

2106 1375 2297 1444 Φιάλη
2327 1377 2683 1447 ἐκκλησίας,
2716 1397 2769 1451 p.
2803 1382 2894 1437 22.
2938 1381 3135 1450 Φιάλη,
3164 1392 3220 1436 ιιι
3269 1385 3621 1440 doctissimus

2034 1466 2267 1522 Jacobus
2290 1468 2438 1524 Goar
2488 1471 2550 1527 0.
2575 1472 2635 1527 Ρ.
2659 1474 2972 1529 observavit
3004 1478 3147 1531 notis
3167 1480 3232 1532 ad
3256 1480 3503 1545 διάταξιν
3518 1482 3620 1551 τῆς

2038 1558 2454 1628 ἱεροόιακονίας,
2515 1580 2566 1632 p.
2602 1564 2672 1617 25
2728 1566 2810 1620 sui
2850 1567 3190 1636 Eucbologii,
3244 1570 3366 1624 l'ons
3414 1585 3532 1627 erat
3563 1575 3618 1628 iu

2035 1650 2284 1704 ecclesiis
2313 1650 2624 1708 Grzecorum
2662 1658 2721 1708 ἐν
2752 1656 2889 1727 αὐλῇ
2905 1657 3001 1709 τοῦ
3027 1658 3323 1728 νάρθηκος,
3356 1661 3412 1712 in
3436 1663 3590 1716 subdi
3603 1692 3621 1705 -

2037 1743 2145 1796 vali
2168 1759 2298 1796 area
2325 1744 2611 1807 narthecia,
2646 1748 2847 1801 ultimm
2880 1748 3048 1818 partis
3076 1750 3207 1803 aedis
3233 1765 3424 1816 sacrm,
3449 1767 3622 1822 aquas

2035 1834 2264 1888 fundens
2287 1838 2406 1889 usui
2430 1837 2495 1891 ad
2527 1837 2783 1893 lationem
2811 1840 3019 1907 ingredi
3043 1841 3353 1897 volentibus
3383 1843 3616 1898 futuras.

2039 1924 2125 1998 [P.
2160 1926 2288 1999 515]
2310 1927 2600 1999 Colligitur
2628 1941 2806 1986 autem
2837 1947 2899 1987 ex
2932 1932 3252 1991 Balsamone.
3288 1936 3354 1991 ad
3393 1952 3515 1995 can.
3550 1938 3620 1996 76

2038 2027 2207 2074 sextae
2237 2021 2451 2092 synodi,
2485 2037 2666 2077 aream
2703 2024 2868 2078 etiam
2900 2025 3094 2095 ipsam,
3146 2028 3198 2081 in
3231 2044 3334 2097 qua
3371 2030 3489 2086 fons
3514 2041 3620 2096 est,

2037 2112 2235 2167 usitata
2263 2112 2517 2170 videlicet
2546 2116 2887 2187 synecdoche
2916 2119 3119 2189 φιάλην
3149 2121 3373 2175 dictam.
3404 2125 3622 2177 lfonnu-

2041 2216 2218 2261 merat
2249 2208 2393 2261 enim
2428 2208 2628 2277 φιάλας
2677 2211 2790 2274 τοῖς
2828 2211 3038 2282 ἑτέροις
3077 2214 3273 2283 μέρεσι
3317 2216 3427 2269 τῶν
3458 2216 3622 2271 θείων

2038 2300 2206 2365 ναῶν,
2261 2301 2469 2369 phialas
2524 2303 2650 2358 aliis
2692 2306 2936 2372 partitur:
2969 2322 3244 2361 sacrorum
3282 2310 3624 2380 templorum,

2040 2410 2179 2464 quas
2223 2408 2415 2448 omnes
2469 2405 2750 2465 utcunque
2813 2397 3125 2453 subdivales
3174 2404 3451 2457 communi
3489 2420 3623 2474 προ-

2040 2488 2185 2542 νάων
2209 2488 2429 2543 nomine
2461 2489 2845 2558 comprehendi
2875 2505 2938 2544 ex
2971 2491 3268 2559 probatiori
3294 2494 3476 2549 amitis
3498 2511 3628 2550 sen-

2044 2582 2210 2634 tentia
2273 2581 2460 2636 tradit.
2516 2581 2616 2635 Est
2671 2581 2840 2650 igitur
2874 2583 3040 2653 φιάλη
3073 2584 3172 2654 τῆς
3213 2586 3512 2658 ἐκκλησίας
3541 2591 3624 2642 vel

2042 2670 2165 2725 fons
2205 2680 2330 2727 ante
2362 2671 2508 2726 fores
2542 2671 2672 2727 aedis
2708 2687 2884 2729 sacra:
2923 2677 3153 2743 positus,
3213 2677 3294 2731 vel
3332 2692 3455 2734 area
3491 2696 3628 2751 quo-

2041 2780 2147 2835 que
2177 2764 2290 2833 ipsa
2324 2765 2507 2832 templi
2543 2765 2701 2821 ostiis
2728 2775 3015 2835 praetenta,
3047 2768 3099 2822 in
3134 2784 3237 2839 qua
3277 2775 3377 2825 sub
3405 2774 3530 2830 divo
3565 2777 3618 2829 in

2042 2858 2251 2911 concha
2285 2856 2405 2911 fons
2437 2855 2637 2913 tubniis
2666 2858 2863 2914 ductus
2900 2874 3068 2929 aquas
3102 2862 3362 2918 salientes
3387 2875 3621 2921 erui-tat.

2043 2948 2288 3003 Iinitatos
2323 2956 2374 3002 ct
2405 2948 2553 3003 hunc
2598 2964 2802 3003 morem
2839 2949 3065 3007 Latinos
3111 2953 3453 3008 demonstrat
3483 2953 3625 3009 Pau-

2041 3039 2136 3094 lini
2188 3041 2363 3104 locus,
2422 3041 2583 3109 epist.
2614 3040 2684 3095 ’55
2716 3060 2730 3098 :
2769 3040 2834 3096 1η
2864 3043 3140 3108 vestibulo,
3183 3045 3455 3114 inquiens,
3489 3062 3616 3101 cau-

2040 3135 2251 3188 tltarum
2308 3134 2552 3187 ministra
2592 3135 2860 3196 manibus.
2894 3144 2942 3189 et
2967 3136 3146 3190 oribus
3199 3139 3390 3192 nostris
3418 3141 3623 3209 ﬂuenta

2040 3232 2337 3277 ructantem
2394 3224 2703 3294 fustigiatus
2760 3224 2934 3278 solido
2976 3240 3080 3278 trra
3135 3227 3305 3278 titulus
3372 3236 3527 3280 ornat
3572 3237 3626 3282 et

2040 3319 2329 3383 inumbrat,
2364 3334 2466 3371 non
2494 3318 2606 3371 sine
2641 3319 2864 3388 mystica
2895 3318 3061 3384 specie
3093 3328 3326 3388 quatuor
3362 3319 3624 3373 columnis

2038 3410 2288 3463 salientes
2336 3427 2503 3479 aquas
2538 3411 2796 3465 ambiens.
2832 3409 2907 3464 De
2957 3425 3107 3464 more
3142 3410 3366 3479 antiquo
3394 3412 3611 3467 lavmdi

2040 3521 2235 3560 manus
2256 3516 2406 3560 extra
2442 3507 2727 3563 ecclesiam
2771 3514 2898 3560 ante
2927 3506 3229 3577 ingressum
3261 3506 3384 3561 vide
3413 3508 3623 3577 cpisto-

2040 3599 2145 3652 lam
2175 3598 2234 3652 S.
2267 3597 2371 3651 Nili
2403 3598 2493 3665 24,
2525 3600 2563 3654 Ι.
2591 3614 2607 3653 ι
2632 3598 2723 3653 ed.
2749 3596 2905 3655 Rom.
2938 3598 3081 3669 typis
3110 3599 3439 3665 Barberinis,
3472 3616 3527 3669 ρ.
3564 3603 3621 3658 9.

2111 3691 2274 3761 723
2309 3692 2792 3760 Φυλλοκρινεῖν,
2859 3706 2912 3761 p.
2974 3691 3096 3745 115.
3168 3689 3626 3764 Ἐφνλλοκρίνονν

2040 3782 2286 3852 ἀκριϐῶς
2310 3783 2409 3854 τὴν
2442 3782 2725 3854 ἐξήγησιν.
2756 3782 2831 3836 lla
2864 3783 3169 3855 clarissime
3198 3783 3452 3855 exprimit
3479 3785 3623 3839 hunc

2002 3918 2016 3930 .
2041 3874 2220 3929 locum
2249 3877 2420 3930 codex
2455 3878 2696 3946 optimus
2734 3874 3091 3942 Barberinus,
3123 3893 3283 3947 quem
3311 3879 3423 3932 haec
3450 3878 3620 3933 editio

2043 3968 2311 4038 przecipue
2356 3971 2507 4038 sequi
2564 3970 2865 4039 proﬁtetur.
2918 3970 3101 4034 Quare
3132 3970 3297 4023 aliam
3330 3971 3619 4025 lectionem

2041 4061 2296 4116 Allatiaui
2353 4060 2731 4131 ὲφιλοκρίνουν
2762 4075 2860 4130 pro
2909 4061 3335 4132 ἐφυλλοκρίνονν
3366 4063 3618 4131 legentis,

2041 4154 2238 4209 silente
2274 4153 2574 4222 praesertim
2616 4151 2901 4217 Vaticano,
2939 4154 3029 4222 qui
3063 4168 3275 4208 comma
3311 4152 3454 4208 istud
3479 4170 3621 4224 prte-

2043 4244 2191 4310 terit,
2223 4243 2650 4313 posthabendam
2674 4242 2826 4304 duxi,
2855 4243 2953 4297 etsi
2983 4244 3127 4298 ultro
3158 4244 3331 4299 fatear
3359 4245 3479 4315 ejus
3512 4263 3615 4302 ex-

2041 4337 2361 4407 peditiorem
2414 4352 2631 4391 sensum
2688 4351 2829 4392 esse.
2882 4335 3014 4391 Nam
3051 4341 3385 4407 φιλοκρενεϊν
3431 4351 3618 4391 notum

2041 4430 2264 4483 verbum
2300 4437 2408 4487 est.
2463 4428 2626 4484 ctiam
2662 4431 2946 4484 commode
3001 4431 3281 4499 quadrans
3314 4432 3363 4483 iu
3394 4443 3621 4485 senten-

357 4534 481 4580 teus
512 4532 748 4593 quatuor
807 4522 980 4589 aspris
1036 4521 1389 4589 aequivalens.
1442 4521 1575 4575 Cum
1632 4535 1834 4590 autem,
1882 4534 1937 4577 ut
1965 4519 2018 4578 D
2050 4522 2175 4575 tiam
2232 4521 2364 4575 lori.
2420 4520 2524 4575 Sed
2559 4536 2682 4575 cum
2714 4522 2882 4576 sciam
2929 4520 3314 4592 Pacbymerem
3347 4522 3413 4575 ab
3439 4523 3619 4577 obviis

360 4617 506 4672 idem
545 4615 815 4675 tradebat,
848 4629 1009 4683 aspra
1041 4628 1146 4668 non
1182 4614 1303 4681 plus
1337 4614 1548 4683 singula
1586 4614 1801 4668 valeant
1846 4631 1944 4670 sex

359 4708 585 4764 minutis
615 4707 781 4761 aureis
811 4706 926 4761 sive
977 4705 1266 4775 quatriuis,
1326 4713 1382 4758 ut
1420 4705 1581 4773 vulgo
1635 4704 1723 4760 hic
1756 4705 1941 4760 Romae

357 4805 675 4873 loquuntur,
738 4813 968 4869 quorum
1020 4779 1414 4867 quinquaginta
1443 4794 1643 4850 Julinm
1680 4797 1793 4850 sive
1839 4798 1936 4850 de.

359 4899 573 4954 narium
595 4894 901 4949 Romanum
928 4891 1104 4961 pretio
1135 4890 1438 4958 adaequant,
1479 4889 1801 4958 intelligitur
1833 4892 1936 4959 hy—

358 5006 629 5064 perpyron
688 4988 970 5059 quatrinos
1020 4984 1212 5055 viginti
1269 4992 1501 5052 quatuor
1533 4983 1789 5053 pendere,
1834 4984 1937 5037 hoc

359 5098 467 5150 est,
503 5099 568 5139 ne
600 5082 933 5152 scmijulium
966 5079 1186 5147 quidem
1230 5076 1559 5141 Romanum,
1595 5092 1753 5146 quem
1789 5092 1939 5146 gros-

354 5195 473 5234 sum
506 5185 721 5240 vocant,
754 5173 1118 5228 aestimatione
1170 5167 1419 5234 assequi;
1460 5183 1583 5221 nam
1649 5167 1694 5221 is
1744 5166 1932 5236 viginti

359 5271 602 5343 quinque
639 5266 925 5336 quatrinos
949 5263 1212 5318 continet.
1247 5259 1519 5316 Usitatum
1552 5269 1608 5313 et
1640 5258 1762 5313 aliis
1793 5259 1935 5314 scri-

353 5341 605 5435 ptoribus
657 5360 761 5415 hoc
815 5358 1017 5413 Graeca:
1071 5363 1301 5408 monetae
1361 5368 1558 5411 nomen
1630 5351 1830 5406 titulum
1882 5359 1935 5406 te

355 5458 628 5516 Meursius
663 5453 910 5510 docuerit
939 5469 952 5506 :
984 5451 1076 5505 sed
1105 5459 1367 5519 quantum
1394 5461 1456 5501 ea
1494 5446 1690 5509 valeat,
1724 5445 1767 5498 si
1809 5459 1935 5500 cre-

356 5554 591 5611 dendum
643 5546 867 5601 duxeris
922 5544 975 5598 in
1030 5558 1089 5597 re
1133 5540 1444 5596 Grzecornm
1481 5538 1756 5606 p0pnlaris
1804 5552 1934 5591 usus

356 5643 564 5704 homini
604 5651 729 5696 nato
761 5641 1101 5705 ednta'oquc
1134 5636 1186 5688 in
1239 5629 1449 5687 Graecia
1501 5631 1644 5685 unde
1673 5645 1771 5686 nos
1804 5631 1935 5684 bau—

353 5741 551 5800 simus,
600 5749 664 5789 ex
712 5734 814 5787 hac
868 5738 1054 5786 nostra
1093 5725 1384 5781 testimonii
1427 5723 1545 5794 ejus
1589 5722 1931 5786 recitatione,

354 5832 550 5896 lector,
582 5827 776 5883 disces.

2042 4627 2186 4678 serpe
2233 4611 2505 4682 refugere,
2558 4613 2885 4668 obsoletiora
2920 4614 3114 4682 cupide
3141 4628 3448 4678 accersere,
3478 4617 3624 4669 arbi-

2045 4713 2158 4756 tror
2194 4702 2342 4755 illum
2379 4718 2501 4756 raro
2528 4703 2789 4758 vocabulo
2833 4702 2921 4759 hic
2950 4704 3024 4757 nti
3055 4704 3334 4767 maluisse,
3382 4716 3437 4759 et
3477 4710 3618 4775 quod

2042 4797 2213 4849 codex
2248 4797 2490 4849 oumium
2532 4797 3005 4850 emendatissimns
3041 4800 3253 4861 Suadct,
3300 4799 3621 4870 ἐφυλὲοκρί-

2042 4904 2165 4940 νουν
2191 4888 2464 4957 posuisse,
2501 4896 2558 4941 nt
2586 4888 2853 4942 indicaret
2876 4888 3084 4957 singula
3117 4889 3241 4943 folia
3274 4892 3620 4945 dissertatio-

2042 4982 2129 5035 nis
2158 4996 2186 5033 a
2220 4982 2395 5036 Vecco
2426 4982 2643 5049 scripta:
2663 4995 2895 5034 excussa
2924 4989 3228 5048 perattcnte.
3257 4999 3284 5034 a
3320 4983 3618 5039 lectoribus

2043 5072 2228 5128 fuisse.
2266 5073 2463 5126 Iterum
2510 5057 2684 5126 ntiiur
2716 5074 2816 5127 hoc
2858 5076 3025 5127 verbo
3055 5084 3261 5140 noster,
3289 5092 3340 5144 p.
3372 5077 3495 5142 148,
3524 5080 3614 5132 ubi

2038 5166 2117 5220 sic
2142 5167 2336 5221 scribit
2381 5166 2449 5221 de
2489 5166 2853 5221 odiOsissimis
2896 5166 3344 5224 criminatoribus
3388 5171 3615 5226 asseclir

2037 5260 2319 5313 Athanasii
2362 5258 2685 5326 patriarcha!
2717 5273 2733 5314 :
2766 5260 2873 5311 Καὶ
2906 5259 3158 5313 τοσοῦτον
3189 5262 3614 5335 ἐφώλοκρὶνθυν

2037 5352 2207 5404 ταῦτα
2259 5351 2353 5404 καὶ
2401 5352 2610 5414 ποιναῖς
2654 5350 2995 5417 ἐξεκόλαζον,
3038 5353 3114 5417 ὡς
3162 5353 3239 5424 μὴ
3289 5354 3453 5421 μόνον
3488 5357 3616 5416 τοὺς

2035 5441 2463 5513 ἀδιαφοροῦντας
2488 5443 2720 5496 δεδιέναι
2764 5446 2857 5497 καὶ
2884 5445 3111 5515 τρέμειν
3136 5446 3362 5499 ἐκείνων
3388 5447 3616 5499 ἐπιστα-

2040 5537 2182 5592 σίαν.
2217 5535 2356 5589 ἁ).λὰ
2400 5538 2495 5591 καὶ
2523 5537 2613 5589 τὸν
2648 5536 2911 5589 δοκοῦντα
2946 5536 3480 5609 προσεκτικώτατον.
3517 5538 3614 5592 lite

2037 5627 2291 5682 similiter
2322 5628 2659 5681 Burltet‘intts
2693 5628 2859 5681 codex
2896 5628 3200 5683 clarissime
3227 5627 3420 5681 scribit
3452 5628 3615 5697 ἐφυλ-

2036 5718 2341 5788 λοκρίνουν,
2378 5716 2650 5771 Allatiauo
2707 5718 2760 5771 in
2794 5734 2895 5771 suo
2950 5717 3323 5787 ἐφιλοκρενουν
3359 5733 3615 5783 perame-

2040 5817 2216 5875 raate,
2250 5806 2513 5863 Vaticano
2548 5816 2725 5863 autem
2758 5808 2835 5863 sic
2868 5807 3043 5863 locum
3076 5808 3412 5878 exprimente
3448 5824 3463 5862 :
3503 5805 3610 5861 Καὶ
