4036 6398
493 425 602 484 'i\’7

1427 424 1487 485 P.
1524 422 1828 483 POSSINI
1861 410 2514 484 onsnavartoxun
2558 424 2714 484 LIB.
2752 423 2838 487 II.

3621 422 3715 486 738

484 532 762 592 distinctis
784 533 1029 604 personis
1061 541 1226 596 Inest,
1254 531 1329 586 ita
1359 530 1688 600 principium
1712 531 1931 600 spirans
1954 531 2069 585 sive
2099 537 2144 593 Α
2176 542 2434 601 utrosque
2465 532 2852 588 stabiliendum
2882 530 3189 601 oportebat,
3226 529 3363 584 uitro
3388 532 3590 585 damnat
3631 534 3715 585 fal-

488 629 717 697 spiratio
738 626 922 682 activa
950 644 1053 681 una
1091 627 1392 693 eademque
1433 640 1662 679 numero
1695 625 1750 677 iu
1785 623 1946 679 Patre
1979 638 2073 694 ge-

490 732 738 786 nerante,
791 721 842 775 in
876 718 1016 775 Filio
1063 719 1248 787 μοιιίιο
1277 716 1591 787 reperitur;
1642 715 1783 771 unde
1810 716 1867 769 lit
1901 722 1959 770 ut
2005 730 2072 769 ex

490 816 656 870 unico
689 814 957 883 principio
1005 814 1266 883 procedat
1319 809 1575 881 Spiritus,
1613 811 1961 881 quantumvis
2020 809 2072 863 id

491 908 823 976 principium
860 906 1078 960 uuicmu
1133 903 1514 958 iudistinctum
1556 902 1610 957 in
1644 902 1851 956 duabus
1889 916 2075 970 perso-

495 1000 580 1053 nis
612 1000 879 1054 subsistat
922 997 1321 1052 identiliratum
1362 996 1604 1065 utrique.
1639 994 1792 1049 Unde
1823 993 1986 1048 etiam
2016 994 2074 1045 lit

494 1102 576 1155 ut,
624 1096 768 1160 quod
802 1092 1007 1146 diserte
1044 1091 1209 1143 tradit
1264 1088 1323 1142 S.
1352 1087 1619 1141 Maximus
1675 1087 1726 1140 in
1772 1085 1919 1138 Diui.
1952 1101 2071 1137 cum

491 1184 683 1237 Anam.
715 1223 729 1245 ,
758 1182 919 1236 Pater
951 1191 1200 1236 sanctum
1239 1179 1508 1248 Spiritum
1542 1179 1703 1249 727
1742 1192 1845 1231 non
1878 1177 2075 1245 produ-

489 1284 579 1329 cat
609 1289 715 1343 qua
746 1272 913 1327 Pater
940 1282 1025 1327 est
1070 1270 1158 1342 [P.
1183 1269 1311 1341 518]
1365 1269 1513 1341 (nam
1569 1270 1804 1336 Spiritus
1854 1267 2071 1322 Patrem

492 1382 599 1422 non
635 1367 849 1435 habet),
881 1382 981 1419 nec
1010 1365 1179 1419 Filius
1216 1374 1466 1418 sanctum
1499 1363 1758 1432 Spiritum
1790 1361 2071 1430 producat,

489 1473 596 1527 qua
646 1457 815 1512 Filius
851 1467 932 1511 est
958 1455 1150 1525 (Filius
1177 1456 1323 1508 enim
1357 1465 1414 1508 ut
1441 1453 1607 1508 Filius
1641 1454 1818 1509 solum
1852 1451 2071 1507 Patrem

492 1549 763 1620 reSpieit),
793 1550 886 1603 sed
922 1558 1028 1601 tam
1066 1547 1230 1601 Pater
1265 1564 1425 1616 quam
1466 1546 1637 1600 Filius
1680 1556 1910 1601 eatenus
1949 1555 2070 1598 tan-

491 1656 604 1698 tum
657 1643 967 1711 producant
1026 1642 1319 1710 Spiritum,
1349 1649 1619 1708 quatenus
1676 1639 2071 1692 identiticatum

490 1738 591 1790 sibi
622 1737 853 1805 quisque
880 1735 1150 1798 obtinent,
1198 1743 1252 1787 et
1287 1740 1544 1787 exercent
1575 1731 1795 1785 unicum
1826 1728 2073 1784 iudivisi-

490 1830 599 1883 bile
625 1828 868 1899 Spiraudi
902 1827 1259 1898 principium,
1299 1810 1446 1896 quod
1478 1825 1708 1894 spiratio
1748 1824 1924 1879 activa
1975 1838 2071 1876 ro-

488 1923 604 1977 cari
661 1922 962 1993 praesertim
1010 1921 1064 1975 in
1116 1918 1319 1974 scholis
1356 1918 1513 1973 solet.
1570 1914 1880 1970 Doctrinam
1936 1915 2075 1968 hanc

493 2018 715 2084 antiqua
761 2014 1018 2068 continue
1064 2012 1357 2066 traditione
1400 2010 1524 2063 inde
1576 2023 1746 2076 usque
1788 2023 1815 2059 a
1851 2007 2073 2061 Christo

493 2114 548 2161 rt
575 2105 840 2174 apostolis
883 2102 1287 2166 transmissam,
1317 2101 1410 2157 .sic
1457 2101 1659 2154 diserte
1691 2098 1898 2153 Graecis
1942 2097 2076 2166 ipsis

494 2192 920 2267 agnoscentibus
951 2205 1005 2249 et
1038 2194 1477 2260 admittentibus,
1510 2192 1745 2261 explicat
1781 2191 2075 2245 concilium

497 2289 896 2343 tnttiuicuieum
952 2287 1311 2358 Lugdunense
1364 2294 1418 2339 et
1447 2299 1497 2339 et
1551 2299 1734 2338 coram
1773 2281 2076 2351 praesidens

498 2384 793 2460 Gregorius
826 2381 869 2435 Χ
902 2391 1052 2451 pont.
1082 2395 1228 2435 max.
1261 2379 1546 2434 Decretum
1570 2376 1622 2430 id
1651 2376 1827 2431 refero
1855 2383 2013 2443 prout
2046 2388 2076 2429 a

500 2475 745 2530 Manucle
786 2474 982 2529 Calcca
1022 2475 1323 2537 recitatur,
1365 2470 1525 2540 quale
1562 2470 1711 2524 illinc
1744 2469 1810 2523 ad
1856 2467 2076 2521 Graecos

500 2573 727 2624 missum
770 2568 1010 2637 ipsorum
1048 2567 1231 2636 lingua
1261 2575 1364 2621 est.
1394 2565 1444 2619 ls
1479 2564 1623 2619 enim
1673 2565 1917 2632 scriptor
1940 2562 2079 2616 libro

498 2661 698 2716 Contra
732 2660 966 2725 Gra'cos,
997 2676 1046 2715 e.
1086 2658 1179 2724 59,
1210 2658 1291 2713 sic
1323 2656 1487 2713 habet
1516 2674 1531 2712 :
1566 2656 1875 2726 Γρηγόριος
1920 2656 1978 2706 ὲν
2007 2655 2073 2724 τῇ

498 2755 642 2808 κατὰ
671 2754 1009 2822 Λούγδουνον
1043 2748 1480 2821 συγκροτηθείσῃ
1528 2748 1794 2819 καθολικῇ
1847 2745 2074 2815 συνόδῳ.

499 2848 735 2900 Εὔλαιδεῖ
765 2847 862 2900 καὶ
910 2848 1080 2916 πιστῇ
1112 2843 1376 2915 ὁμολογίᾳ
1425 2842 1608 2914 φαμὲν
1640 2841 1700 2894 τὸ
1761 2836 1987 2907 Πνεῦμα
2019 2836 2080 2889 τὸ

499 2942 657 3010 ἅγιον
692 2940 880 3003 ἁῐδίως
931 2943 995 2993 ὲκ
1034 2938 1248 3009 Harpe;
1296 2937 1393 2992 καὶ
1430 2935 1584 2999 Υἰοῦ,
1639 2935 1737 3005 οὐχ
1768 2933 1843 2996 ὡς
1887 2935 1950 2985 ἐκ
1985 2929 2079 2984 δύο

500 3033 707 3103 ἀρχῶν,
741 3032 857 3086 ἀλλ’
886 3031 961 3095 ὡς
992 3033 1055 3084 ὲκ
1087 3032 1238 3100 μιᾶς.
1275 3029 1336 3083 ού
1377 3028 1497 3082 δυσὶ
1532 3026 1820 3082 πνεύσεσιν
1845 3026 1879 3095 ἢ
1912 3027 2080 3077 ἐκπο-

502 3127 779 3199 ρεύσεσιν,
805 3124 940 3177 ἀλλὰ
970 3125 1067 3195 μιᾷ
1095 3126 1188 3176 καὶ
1214 3125 1280 3193 τῇ
1303 3122 1442 3193 αύτῇ
1466 3120 1886 3189 ἐκπορεύεσθαι.
1910 3115 2081 3168 Τοῦτο

2179 641 2268 678 sas
2322 625 2612 694 epinioues
2671 624 2804 678 istas
2857 634 2909 677 et
2963 634 3021 677 ut
3090 622 3374 676 hzereticas
3434 621 3715 690 proscribit.

2180 716 2355 771 Verba
2381 716 2498 787 ejus
2537 715 2913 785 superioribus
2941 715 3200 769 continua
3232 713 3323 768 hic
3351 712 3713 767 describamus.

2189 812 2333 865 Ἀλλ’
2360 811 2482 864 ἐπει
2514 827 2663 872 τινες
2690 808 2778 862 διὰ
2812 808 2912 876 τῆς
2945 807 3228 877 ἀρῤήκτου
3256 803 3459 872 ταύτης
3488 802 3718 865 ἀληθείας

2174 903 2401 970 ἄγνοιαν
2448 904 2527 963 εἰς
2582 899 2837 962 ποικίλας
2866 898 3108 967 αἱρέσεις
3142 894 3541 963 ύπωλίσθησαν,
3577 894 3721 961 ἡμεῖς

2175 996 2358 1048 πᾶσαν
2406 994 2525 1047 ὁδὸν
2578 995 2699 1054 ταῖς
2735 989 3014 1052 τοιαύταις
3048 989 3328 1058 αἱρέσεσιν
3376 984 3722 1055 ἁποφράττειν

2173 1084 2596 1154 ἐπιθυμοῦντες,
2647 1085 2749 1154 τῆς
2794 1084 2949 1152 ἱερᾶς
2984 1079 3475 1151 σύμψηφιζομένης
3505 1077 3722 1141 συνόδου,

2175 1170 2341 1249 728
2362 1178 2764 1248 κατακρίνομεν
2790 1179 2885 1230 καὶ
2908 1173 3387 1243 ἀποδοκιμάζομεν
3404 1171 3598 1231 πάντας
3615 1170 3726 1231 τοὺς

2173 1268 2457 1338 ἀρνεῖσθαι
2488 1264 2805 1337 τολμῶντας
2828 1265 3063 1328 αἰωνὶως
3085 1268 3149 1317 ὲκ
3174 1264 3385 1335 [ἰατρὸς
3416 1264 3507 1315 καὶ
3533 1259 3650 1312 Υἱοῦ
3673 1257 3725 1311 rb

2174 1362 2328 1429 ἅγιον
2360 1359 2754 1431 ἐκπορεύεσθαι
2796 1357 3039 1427 Πνεῦμα,
3071 1356 3104 1427 ἢ
3135 1356 3405 1426 προπετεῐ
3436 1370 3543 1406 τινι
3566 1352 3725 1423 τόλμῃ

2172 1452 2606 1524 διισχυρίζεσθαι
2634 1452 2710 1515 Ero
2769 1450 2998 1519 Πνεῦμα
3047 1450 3111 1502 ὲκ
3149 1446 3360 1516 Πατρδς
3396 1445 3486 1499 καὶ
3514 1442 3636 1497 Υἱοῦ
3662 1443 3726 1505 ὠς

2172 1549 2315 1603 δυοῖν
2348 1547 2555 1617 ἀρχῶν.
2574 1544 2688 1597 ἀλλ’
2716 1544 2816 1613 οὐχ
2842 1545 2915 1603 ὡς
2940 1544 3004 1594 ἐκ
3036 1542 3168 1610 μιᾶς
3198 1535 3609 1609 ἐκπορεύεσθαιο
3637 1532 3725 1588 Sed

2173 1640 2421 1708 quoniam
2473 1651 2565 1704 per
2608 1632 2997 1703 irrefrugubilis
3036 1632 3187 1685 istius
3230 1628 3582 1700 ignorantiam
3608 1625 3725 1678 reri-

2176 1732 2298 1785 tatis
2322 1732 2374 1785 in
2399 1729 2577 1784 varias
2600 1727 2821 1781 hwreses
2846 1725 3067 1795 quidam
3091 1722 3329 1791 prolapsi
3355 1730 3498 1782 sunt,
3519 1734 3604 1771 nos
3632 1732 3727 1768 om-

2176 1840 2291 1879 nem
2327 1823 2530 1876 aditum
2560 1818 2860 1874 istiusmodi
2914 1816 3205 1871 Ita'resibus
3240 1801 3510 1868 obstruere
3541 1809 3729 1877 cupien-

2180 1924 2276 1983 tes,
2329 1931 2482 1969 sacro
2513 1913 2836 1982 suffragante
2873 1909 3118 1971 concilio,
3145 1907 3462 1960 damnamus
3501 1913 3731 1961 et.re;n'o-

2178 2012 2363 2064 bamus
2418 2024 2592 2063 omnes
2629 2007 2718 2078 qui
2760 2021 2948 2075 negare
2973 2004 3406 2073 prwsumpserint
3432 1996 3731 2078 a'temaliter

2179 2103 2438 2172 Spiritum
2498 2111 2743 2155 sanctum
2777 2115 2841 2154 ea:
2878 2096 3044 2151 Patre
3075 2107 3122 2152 et
3151 2095 3295 2150 Filio
3325 2073 3618 2162 procedere,
3652 2096 3732 2142 aut

2175 2197 2266 2265 qui
2311 2195 2590 2248 temerario
2645 2209 2780 2246 ausu
2827 2192 3154 2244 asseruerint
3199 2187 3459 2256 Spiritum
3488 2201 3550 2239 ea;
3590 2185 3733 2236 Patre

2178 2300 2223 2342 et
2261 2287 2415 2352 Filio,
2449 2296 2700 2355 tanquam
2733 2299 2796 2336 ex
2828 2281 3029 2335 duobus
3085 2280 3366 2348 principiis
3418 2285 3466 2330 et
3498 2292 3595 2328 non
3626 2284 3732 2326 tun-

2178 2398 2335 2453 qnam
2367 2396 2429 2433 ea:
2468 2394 2573 2432 uno
2620 2375 2921 2446 procedere.
2970 2371 3097 2428 limo
3127 2370 3427 2441 Gregorius
3469 2367 3514 2422 Χ
3542 2369 3591 2420 iu
3621 2379 3735 2417 cou-

2180 2475 2306 2530 cilio
2350 2470 2717 2543 Lugdunensi.
2754 2468 2831 2521 Ex
2860 2466 3063 2535 quibus
3106 2474 3334 2532 apparet
3378 2478 3536 2532 quam
3568 2464 3736 2511 exacte

2180 2567 2246 2622 ad
2277 2564 2597 2621 catholicam
2654 2561 2957 2623 veritatem,
3005 2572 3280 2627 quamque
3310 2554 3446 2609 citra
3490 2547 3735 2619 suspicio-

2182 2676 2303 2714 nem
2346 2656 2557 2710 favendi
2608 2653 2922 2708 Graecorum
2975 2650 3177 2713 errori,
3232 2659 3349 2702 tres
3407 2645 3523 2698 illos
3552 2640 3737 2696 Vet'cus

2182 2751 2667 2806 anathematismos
2707 2744 2951 2799 formulae
2997 2742 3119 2797 litlei
3162 2739 3460 2810 quotannis
3500 2737 3549 2790 iu
3579 2730 3737 2788 eccle-

2181 2848 2261 2900 sia
2300 2845 2385 2897 tlie
2413 2842 2750 2898 orthodoxiue
2801 2838 3020 2892 recitari
3067 2835 3240 2890 solitae
3299 2829 3584 2888 addiderit.
3619 2825 3736 2879 Cum

2180 2941 2325 2995 enim
2360 2936 2648 2991 anathema
2687 2932 2818 2987 dixit
2849 2932 2895 2985 ei
2939 2931 3029 2998 qui
3081 2929 3389 2983 afﬁrmaret
3420 2924 3606 2980 Filium
3635 2928 3740 2972 esse

2182 3046 2404 3087 eatisam
2450 3031 2564 3083 sive
2597 3026 2924 3097 principium
2968 3023 3225 3092 Spiritus,
3252 3036 3310 3074 et
3344 3020 3394 3074 ei
3436 3016 3636 3087 pariter
3659 3005 3737 3078 Qui

2183 3125 2392 3180 diceret
2426 3122 2617 3175 Fllilllll
2651 3135 2769 3174 esse
2802 3132 3125 3170 concausam
3157 3116 3273 3169 sive
3307 3104 3734 3178 compriucipiutn

496 3192 705 3274 ἀνωθεν
733 3216 1002 3288 ὡμολόγει
1036 3192 1129 3268 καὶ
1156 3192 1398 3266 διδάσκει
1429 3211 1462 3281 ἡ
1493 3209 1615 3280 ἱερὰ
1639 3209 1733 3263 καὶ
1762 3208 1894 3276 ἁγία
1935 3205 2071 3258 Ῥω-

2184 3235 2289 3274 una
2319 3232 2438 3270 cum
2472 3213 2629 3266 Patre
2652 3211 2893 3279 ejusdem
2932 3207 3186 3277 Spiritus,
3219 3203 3486 3260 intellexit
3511 3199 3575 3252 de
3600 3192 3735 3263 prin-

497 3310 669 3382 μαῖκὴ
713 3307 1032 3376 Ἐκκλησία,
1061 3308 1095 3376 ἡ
1127 3307 1309 3376 μήτηρ
1339 3303 1558 3357 πάντων
1585 3302 1694 3354 τῶν
1728 3298 1938 3353 πιστῶν
1977 3299 2066 3351 καὶ

493 3403 835 3466 διδάσκαλος.
893 3399 1065 3453 Τοῦτο
1118 3399 1339 3467 κατέχει
1373 3397 1409 3467 ἡ
1441 3395 1549 3448 τῶν
1579 3392 1877 3465 ὀρθοδόξων
1909 3389 2083 3444 [Ιατὲ-

503 3511 611 3564 ρων
636 3494 727 3547 καὶ
755 3492 1094 3549 διδασκάλων
1119 3489 1227 3542 τῶν
1275 3505 1334 3540 τε
1383 3485 1627 3541 Λατίνων
1656 3484 1750 3538 καὶ
1776 3483 1884 3535 τῶν
1916 3481 2084 3550 Γραι-

498 3587 612 3641 κῶν
644 3586 851 3657 ἀληθὴς
880 3587 973 3638 καὶ
1003 3570 1406 3655 ἀμετακίνητος
1437 3581 1638 3650 ψῆφος,
1672 3580 1773 3633 hoc
1799 3590 1919 3632 est:
1953 3575 2083 3630 Gre-

499 3681 678 3751 gorius
716 3679 962 3735 Decimus
1012 3679 1065 3730 in
1102 3676 1241 3745 apud
1273 3674 1592 3745 Lugdunum
1622 3681 1933 3740 congregata
1962 3668 2083 3721 uui-

498 3772 696 3826 uersali
751 3770 974 3842 synodo.
1011 3769 1205 3824 Devota
1233 3778 1278 3823 et
1310 3766 1455 3835 ﬁdeli
1488 3764 1817 3833 confessione
1857 3761 2080 3813 dicimus

503 3866 761 3935 Spiritum
797 3875 1032 3917 sanctum
1058 3861 1380 3917 wternaliler
1401 3875 1466 3914 ea:
1493 3856 1655 3911 Putre
1684 3864 1732 3911 et
1762 3853 1927 3920 Filio,
1979 3869 2083 3908 non

503 3970 753 4028 umquam
785 3972 849 4010 ex
880 3954 1084 4008 duobus
1116 3952 1407 4022 principiis,
1448 3950 1538 4005 sed
1571 3959 1826 4019 tanquam
1857 3962 1920 4000 ex
1954 3960 2080 4011 uno,

503 4068 602 4106 non
646 4050 849 4104 duabus
881 4045 1258 4118 spirationibus
1286 4056 1376 4099 aut
1402 4041 1840 4115 processionibus,
1859 4039 1946 4092 sed
1976 4054 2082 4092 una

507 4157 552 4200 et
581 4146 759 4198 cadent
793 4142 1090 4214 procedere.
1133 4139 1244 4193 Hoc
1277 4141 1527 4192 hactenus
1553 4133 1795 4205 professa
1823 4142 1922 4196 est,
1946 4147 2084 4200 pra:-

505 4240 721 4302 diruvit,
741 4235 941 4298 docuit,
966 4235 1062 4286 hoc
1085 4232 1313 4301 ﬁrmiter
1334 4238 1488 4293 tenet,
1506 4230 1783 4296 prwdicat,
1805 4224 2085 4295 proﬁtetur

502 4343 550 4385 et
601 4330 749 4382 docet
799 4337 1139 4382 sacrosancta
1188 4321 1430 4377 Romana
1470 4320 1731 4383 lt'cclesia,
1765 4328 1933 4372 mater
1973 4333 2084 4371 om-

506 4424 651 4476 nium
685 4420 923 4491 ﬁdelium
947 4430 996 4471 et
1027 4418 1306 4487 magistra.
1344 4415 1455 4470 Hoc
1481 4414 1634 4468 habet
1665 4413 2083 4468 ortltodoxorunt

506 4516 732 4570 Patrum
763 4523 915 4582 atque
952 4512 1221 4564 doctorum
1274 4508 1586 4562 Latinorum
1631 4508 1832 4577 pariter
1859 4517 1904 4559 et
1939 4501 2085 4558 Crte-

505 4625 685 4663 rorunt
730 4624 850 4661 veru
883 4615 933 4659 et
962 4603 1407 4658 incommutabilis
1429 4603 1708 4656 sententia.
1737 4597 1812 4653 ita
1844 4598 1915 4651 ibi
1945 4594 2081 4650 Gre-

507 4703 693 4773 gorius
726 4699 795 4766 Χ,
830 4699 1011 4755 Statim
1043 4705 1162 4766 post
1188 4695 1432 4750 iudicans
1461 4709 1528 4748 cx
1567 4694 1666 4745 ista
1700 4707 1803 4744 non
1834 4690 1970 4743 satis
1998 4687 2083 4739 di-

509 4797 705 4854 stincte
730 4794 1018 4848 observata
1054 4789 1284 4844 veritate
1314 4792 1493 4857 lapsos
1525 4786 1786 4855 quosdam
1821 4781 1873 4835 in
1905 4780 2083 4834 varias

514 4891 769 4950 lnereses,
815 4898 1009 4956 nempe
1041 4884 1176 4935 duas
1229 4879 1363 4933 istas
1395 4893 1425 4933 e
1473 4876 1749 4930 eontrario
1782 4876 2082 4942 oppositas,

510 4982 806 5037 dicentium
839 4994 904 5032 ex
937 4976 1051 5031 solo
1085 4974 1243 5028 Patre
1294 4970 1588 5042 procedere
1636 4978 1884 5022 sanctum
1914 4965 2087 5033 Spirio

511 5090 646 5138 tum,
688 5085 740 5128 et
776 5069 1157 5127 aliirmantium
1209 5082 1273 5120 ex
1323 5066 1488 5119 Patre
1540 5060 1780 5127 it‘il‘oiue
1836 5058 2083 5113 emudem

510 5180 770 5237 tauquam
842 5182 907 5220 ex
969 5166 1183 5219 duobus
1220 5158 1516 5232 procedere
1577 5157 1879 5225 principiis.
1930 5152 2083 5219 Quod

512 5273 804 5327 utrumque
833 5258 1107 5313 exorbitat
1140 5272 1167 5309 α
1209 5263 1354 5307 recta
1394 5253 1514 5312 title,
1553 5251 1680 5303 hinc
1706 5251 1770 5301 ad
1804 5250 2081 5301 dexteram

515 5355 672 5409 illinc
701 5354 766 5406 ad
802 5345 1082 5405 sinistram
1115 5348 1184 5401 ab
1216 5362 1319 5398 una
1342 5360 1466 5398 vera
1489 5348 1591 5397 sita
1627 5345 1678 5395 in
1710 5342 1888 5394 medio
1918 5342 2080 5393 delle-

516 5462 670 5504 Ctens
713 5447 816 5498 via.
847 5442 981 5509 Quia
1025 5455 1156 5497 vero
1206 5441 1342 5491 hanc
1376 5440 1665 5491 secundam
1703 5436 1946 5487 lucresim
1979 5437 2085 5484 duo

510 5541 731 5609 Spiritui
765 5547 957 5592 sancto
995 5532 1262 5603 principia
1319 5531 1690 5597 assignantem
1728 5526 1898 5581 Graeci
1938 5526 2085 5578 Lati—

512 5634 594 5687 uis
632 5628 993 5698 imputabant,
1029 5632 1083 5678 et
1131 5621 1365 5690 priorem
1414 5618 1559 5672 Patri
1613 5617 1714 5671 soli
1749 5616 1864 5685 ejus
1894 5616 2088 5683 produ-

509 5724 745 5777 ctionem
797 5718 1133 5772 tribuentem
1188 5710 1364 5766 Latini
1421 5711 1659 5765 vicissim
1719 5710 2089 5777 impiugebaut

504 5811 736 5875 Graecis,
788 5822 845 5864 ut
896 5821 1089 5866 animos
1135 5816 1229 5863 aut
1262 5822 1450 5863 errore
1489 5814 1583 5857 aut
1626 5804 1934 5871 suspicione
1969 5801 2087 5855 istis

507 5906 811 5986 Gregorius
856 5910 1133 5988 purgaret,
1187 5910 1345 5971 prout
1381 5899 1447 5955 ad
1496 5898 1912 5953 conscrsioncm
1949 5896 2087 5949 inter

1244 5977 1537 5986 -η-νμ-ι

2176 3312 2319 3380 cipit)
2351 3325 2451 3378 quo
2481 3309 2595 3361 sive
2629 3303 2867 3373 fat-mali,
2906 3312 2961 3354 ut
2995 3301 3298 3367 loquuntur
3339 3299 3391 3352 in
3426 3291 3641 3350 scholis,
3665 3284 3734 3338 tti-

2188 3403 2380 3456 mirum
2412 3397 2700 3466 spiratione
2728 3393 2919 3457 actira,
2946 3407 3065 3460 qua:
3097 3405 3220 3442 cum
3252 3389 3331 3441 ‘sit
3361 3398 3467 3439 una
3495 3375 3736 3435 eteadem

2185 3486 2596 3545 intlivisibilitcr
2630 3484 2903 3537 exsisteus
2945 3481 2996 3533 iu
3028 3478 3188 3531 Patre
3222 3490 3277 3532 et
3307 3475 3465 3534 Filio,
3491 3480 3543 3525 et
3573 3468 3633 3520 ab
3658 3461 3738 3517 illo

2187 3583 2309 3637 huic
2340 3579 2764 3642 communicata,
2800 3575 2907 3630 dici
2935 3590 3035 3628 non
3064 3581 3241 3642 potest
3268 3577 3574 3637 competere
3599 3559 3736 3616 Filio.

2186 3690 2289 3744 qua
2331 3675 2553 3743 praecise
2601 3670 2772 3725 Filius
2804 3678 2885 3722 est
2914 3682 3129 3738 quaque
3166 3664 3253 3737 [P.
3285 3662 3412 3736 510]
3444 3660 3586 3714 Patri
3618 3652 3738 3707 rela—

2190 3769 2296 3822 tive
2334 3768 2629 3837 opponitur
2680 3771 2734 3817 et
2783 3763 2850 3816 ab
2895 3777 2961 3815 eo
3012 3760 3393 3828 distinguitur,
3425 3749 3739 3837 spirationrttl

2186 3863 2433 3926 activam,
2464 3859 2577 3913 sive
2634 3856 2897 3910 rationem
2960 3850 3211 3922 principii
3272 3856 3521 3917 respectu
3578 3831 3734 3894 saucii

2186 3953 2443 4021 S,=iritus,
2477 3949 2603 4019 quia
2655 3949 2954 4002 secundum
3007 3944 3164 3998 istam
3210 3942 3480 3995 rationem
3532 3948 3630 3988 non
3672 3922 3742 3979 tli-

2186 4045 2420 4103 stiuctus
2449 4061 2475 4095 a
2507 4043 2690 4105 Patre,
2718 4041 2813 4092 sed
2849 4038 2988 4090 idem
3020 4052 3140 4089 cum
3165 4034 3260 4090 illo
3290 4044 3394 4097 est,
3418 4023 3743 4100 quemadmo-

2187 4139 2312 4192 dum
2346 4146 2400 4188 et
2428 4133 2728 4189 secundum
2761 4130 3024 4190 divinam,
3055 4141 3215 4195 quam
3250 4126 3381 4181 item
3414 4122 3481 4176 ab
3511 4120 3597 4172 illo
3618 4109 3743 4166 arci-

2187 4230 2287 4299 pit,
2317 4228 2608 4281 essentiam
2641 4234 2695 4279 et
2730 4234 3002 4276 naturam.
3046 4220 3124 4272 Ac
3156 4228 3381 4288 propter
3410 4211 3647 4269 eamdem
3671 4216 3741 4254 ra-

2190 4323 2393 4377 tionem
2439 4331 2721 4388 perperam
2776 4314 3046 4367 diceretur
3101 4308 3539 4378 contprincipium
3589 4296 3738 4352 Flius

2189 4415 2345 4470 Patri
2381 4420 2612 4480 respectu
2635 4410 2803 4465 sancti
2830 4406 3086 4474 Spiritus,
3116 4405 3160 4458 si
3191 4404 3372 4472 agitur
3406 4403 3471 4454 de
3502 4389 3741 4467 principi0

2187 4524 2318 4577 quo,
2354 4505 2476 4575 quia
2536 4502 2773 4557 indicata
2820 4497 3184 4567 comprincipt'i
3244 4490 3509 4548 vocabulo
3536 4480 3743 4541 dualilas

2191 4574 2582 4669 principiorum
2652 4591 3111 4659 simplicissimum
3186 4587 3530 4640 identitatem
3605 4574 3742 4628 unius

2190 4685 2506 4754 spiratiouis
2543 4683 2732 4736 activa:
2790 4680 2843 4733 in
2881 4678 3042 4731 Patre
3102 4675 3263 4731 simul
3304 4690 3368 4729 ac
3426 4672 3559 4727 Filio
3589 4660 3743 4720 subsi-

2190 4752 2387 4834 steutis
2443 4777 2717 4829 videretur
2769 4773 3083 4826 excludere.
3134 4766 3300 4839 quue
3332 4768 3469 4822 satis
3510 4752 3747 4816 indicavit

2191 4874 2308 4944 ipse
2370 4871 2577 4926 Veceus
2608 4884 2665 4923 se
2713 4868 2788 4921 ita
2838 4864 3158 4934 intelligere,
3207 4876 3330 4915 cum
3380 4843 3748 4927 p.52,Gta:cis

2187 4964 2596 5037 objicieutibus,
2652 4975 2718 5015 ex
2772 4973 2838 5012 eo
2872 4956 3012 5026 quod
3060 4957 3173 5024 ipse
3208 4968 3329 5007 cum
3384 4949 3590 5005 Latinis
3626 4938 3750 4994 allir—

2189 5065 2367 5113 maret
2422 5053 2682 5123 Spiritum
2748 5059 2994 5104 sanctum
3058 5062 3123 5099 ex
3159 5045 3317 5098 Patre
3366 5049 3425 5095 "et
3465 5037 3595 5091 Filio
3636 5043 3747 5101 pro-

2190 5153 2405 5209 cedere,
2441 5145 2726 5200 tnanil‘este
2774 5143 2924 5211 sequi
2965 5140 3157 5194 Filium
3207 5137 3312 5191 dici
3343 5123 3748 5202 opm-tereptiu-

2188 5244 2390 5312 cipium
2429 5240 2666 5308 Spiritus
2702 5236 2876 5290 sancti
2933 5244 3021 5285 aut
3083 5231 3270 5283 saltem
3320 5212 3745 5294 eotuprincipiui“

2192 5311 2293 5389 una
2330 5351 2451 5388 cum
2492 5332 2668 5391 Putre,
2696 5327 2987 5394 respondet
3025 5340 3130 5376 non
3178 5322 3350 5389 magis
3386 5328 3585 5371 rectam
3621 5311 3740 5360 [nunc

2189 5443 2309 5483 esse
2352 5423 2760 5484 collectionem,
2786 5418 2944 5473 Pater
2993 5433 3107 5469 cum
3149 5412 3290 5466 Filio
3326 5422 3399 5464 est
3455 5399 3743 5477 principium

2188 5522 2357 5577 sancti
2390 5518 2643 5587 Spiritus,
2693 5530 2814 5584 ergo
2848 5513 2953 5564 duo
2977 5521 3095 5563 sunt
3129 5507 3390 5574 principia
3440 5498 3604 5557 sancti
3637 5491 3744 5559 Spi-

2192 5616 2347 5677 ritus,
2378 5629 2539 5677 quaur
2574 5611 2729 5664 istam
2757 5609 2981 5660 alterum
3040 5605 3106 5655 ab
3159 5600 3411 5654 erunibus
3454 5597 3568 5648 sine
3602 5582 3746 5641 dubio

2191 5705 2584 5777 explodeudam
2616 5720 2630 5755 :
2669 5700 2828 5753 Pater
2882 5706 2955 5751 est
2979 5695 3239 5765 perfectus
3286 5689 3447 5749 Deus,
3482 5682 3647 5777 Filius
3676 5681 3743 5726 est

2191 5799 2448 5869 perfectus
2502 5794 2665 5855 Deus,
2696 5792 2925 5860 Spiritus
2958 5798 3171 5843 sanctus
3196 5793 3269 5837 est
3294 5779 3550 5848 perfectus
3583 5770 3741 5869 Deus:

2192 5858 2311 5961 'et‘go
2341 5900 2439 5944 tres
2471 5896 2593 5942 sunt
2620 5858 2835 5955 perfecti
2867 5882 2964 5935 dii.
2994 5879 3072 5935 Ita
3097 5878 3165 5933 ibi
3190 5873 3415 5931 Veeeus.
3448 5864 3591 5936 Quod
3615 5858 3740 5915 itit-ut
