4036 6374
1062 332 1097 353 ς

233 389 341 453 789

1709 380 1941 441 NOTAE.

3386 366 3494 426 790

228 498 488 561 interius,
521 510 575 565 p.
631 492 721 557 92,
789 489 1040 558 repetiit,
1094 487 1147 540 in
1194 487 1560 556 disputatione
1621 496 1888 550 contra,‘
1919 494 1978 538 ut
2015 481 2320 549 ¥eecus,.si
2352 480 2674 551 Pacbymeri
2707 478 3003 541 credimus,
3049 475 3212 531 etiam
3263 474 3500 542 juratus,

236 588 604 660 patriarcham
640 583 958 653 Gregorium
996 580 1278 652 Cyprium,
1304 581 1594 650 utrobique
1637 580 1810 649 signi-

239 682 432 745 ﬁcans,
451 678 739 746 sicutjuua,
771 675 928 729 unice
955 673 1292 735 indistincta,
1321 672 1600 725 individua
1619 670 1812 724 divini-

238 782 321 827 tas
352 772 407 825 in
439 770 617 824 tribus
646 766 900 838 personis
933 765 1207 821 distinctis
1234 763 1417 828 Patre,
1449 763 1587 817 Filio
1616 771 1668 818 et
1692 764 1814 832 Spi-

236 865 345 917 ritu
395 869 583 913 sancto
632 858 936 919 subsistens
984 870 1090 909 non
1153 856 1355 922 patitur
1385 867 1482 906 eos
1516 862 1637 907 tres-
1682 853 1812 905 deos

235 953 368 1013 dici,
397 952 482 1003 ita.
504 963 647 1012 una,
673 948 834 1001 unice
883 944 1199 998 indistincta
1219 984 1233 1008 ,
1260 930 1542 996 individua
1588 942 1811 1009 spiratio

236 1044 412 1097 activa
430 1040 595 1111 729
617 1041 669 1093 in
691 1040 852 1093 Patre
874 1052 938 1090 ac
961 1036 1098 1090 Filio
1115 1036 1383 1089 cxsistens
1401 1050 1502 1087 non
1523 1035 1704 1089 sinere
1721 1049 1814 1088 eos

237 1133 344 1188 diei
373 1134 480 1187 duo
511 1129 1035 1198 principiaSpiritus
1069 1128 1266 1184 sancti.
1296 1126 1552 1181 Eamde
1597 1142 1815 1196 quoque

238 1225 400 1278 istam
430 1224 693 1277 unitatem
723 1219 1041 1290 spirationis
1064 1221 1277 1283 activae,
1303 1221 1356 1273 in
1386 1219 1546 1274 Patre
1573 1219 1699 1272 licet
1728 1218 1817 1271 Fi-

236 1315 417 1383 lioque
455 1314 726 1369 distinctis
759 1313 1100 1377 exsistentis,
1128 1313 1217 1366 illa
1253 1313 1557 1380 respiciunt
1583 1326 1706 1381 qua:
1730 1325 1817 1365 re-

236 1408 412 1462 fertur
436 1424 464 1461 a
500 1415 684 1461 nostro
719 1404 980 1459 historico
1017 1405 1243 1468 dixisse,
1284 1420 1336 1473 p.
1371 1404 1461 1483 δῇ,
1490 1407 1591 1457 sub
1628 1405 1813 1465 linem,

236 1501 283 1555 si
318 1500 440 1569 quis
470 1501 647 1554 inesse
692 1496 1035 1553 contenderit
1077 1497 1448 1566 praepositioni
1481 1495 1570 1548 διά
1598 1511 1692 1565 per
1722 1510 1820 1549 no-

240 1595 447 1647 tionem
476 1606 674 1655 causm,
724 1606 845 1645 eum
897 1590 1020 1659 jure
1057 1590 1382 1644 temeritatis
1424 1587 1813 1643 accusandum.

239 1685 368 1739 Vult
420 1687 586 1753 enim,
638 1687 854 1755 quando
890 1683 1080 1738 Patres
1110 1683 1283 1739 (irasci
1330 1683 1517 1738 dicunt
1566 1693 1815 1735 sanctum

241 1776 502 1846 Spiritum
534 1790 564 1828 a
621 1774 782 1828 Patre
830 1774 917 1827 διὰ
947 1773 1102 1839 Υἱοῦ,
1133 1789 1225 1843 per
1257 1770 1456 1825 Filium
1502 1773 1817 1841 procedere,

1914 575 2142 630 nimium
2177 588 2309 628 sane
2336 572 2653 636 liberaliter,
2682 580 2742 624 ut
2765 584 2887 623 non
2904 568 3078 623 dicam
3105 566 3271 636 73o
3299 565 3505 635 injuste

1916 682 1979 722 ac
2009 666 2362 729 calumniose,
2395 664 2657 719 concedat
2694 662 2911 717 crimini
2949 659 3225 725 subiacens
3276 659 3504 713 uictima

1914 757 2100 822 Italos,
2133 758 2244 813 hoe
2272 766 2354 811 est
2388 755 2638 810 Latinam
2666 764 2721 809 et
2747 753 3048 807 Romanam
3080 750 3405 814 Ecclesiam,
3438 766 3507 805 eo

1914 845 2057 911 quod
2089 858 2275 899 vocem
2310 842 2553 912 Filioque
2589 841 2906 910 apposuerit
2951 839 3230 911 Symbolo.
3275 839 3388 895 lloc
3426 841 3509 912 vi-

1912 950 2031 989 sum
2088 935 2190 989 sibi
2238 911 2473 989 audisse,
2508 934 2590 1004 (ut
2642 948 2841 989 sensus
2887 931 3172 987 affet-tibus
3232 911 3504 985 serviunt)

1914 1024 2324 1079 schisutaticum
2353 1024 2694 1088 historicum,
2713 1024 2842 1079 dum
2867 1023 2993 1077 huic
3013 1022 3170 1077 Vecci
3195 1032 3250 1078 et
3275 1036 3504 1077 suorum
3544 1034 3548 1055 ί

1913 1112 2227 1169 Gratcornm
2255 1116 2649 1171 concertationi
2685 1117 2997 1182 interesset,
3028 1115 3189 1171 facile
3212 1129 3505 1171 concesse-

1914 1207 2016 1261 rim
2051 1221 2067 1259 :
2101 1203 2335 1260 Veccum
2365 1221 2565 1262 revera
2604 1209 2679 1261 ita
2727 1206 2967 1262 locutum
2995 1221 3139 1276 aegre
3175 1205 3415 1260 adducar
3445 1214 3504 1259 ut

1915 1297 2156 1351 credam.
2199 1293 2333 1348 Nam
2372 1296 2582 1365 prolabi
2618 1299 2918 1367 scriptores
2971 1297 3150 1351 studio
3201 1312 3263 1351 ac
3312 1295 3503 1351 favore

1915 1405 2093 1445 causae
2124 1390 2375 1459 proprias,
2411 1390 2720 1459 exemplum
2750 1389 2805 1444 in
2839 1391 2941 1445 hoc
2967 1389 3085 1458 ipso
3115 1402 3355 1456 praesens
3403 1388 3503 1441 ha-

1917 1483 2018 1536 beo
2050 1479 2299 1535 Vaticani
2332 1481 2728 1550 paraphrastis,
2759 1481 2852 1551 qui
2886 1496 3012 1537 cum
3060 1482 3177 1537 haec
3226 1481 3501 1537 duntaxat

1921 1573 2081 1629 modo
2124 1589 2153 1626 a
2200 1572 2361 1629 nobis
2398 1572 2668 1643 descripta
2700 1573 2755 1628 in
2787 1571 3125 1646 Pacbymere
3161 1574 3402 1645 legisset,
3437 1586 3504 1627 ea

1920 1666 2230 1721 immaniter
2259 1667 2596 1737 ampliﬁcatis
2628 1667 2952 1722 deformavit
2978 1667 3032 1722 in
3060 1669 3206 1724 hunc
3239 1667 3454 1721 modum
3483 1681 3503 1720 :

1935 1756 2098 1809 Ἀλλὰ
2137 1757 2277 1821 τέως
2322 1758 2419 1812 καὶ
2451 1758 2613 1828 μόνον
2649 1760 2710 1812 τὸ
2730 1758 2990 1829 ἔγκλημα.
3020 1757 3405 1829 θεραπεύοιτο,
3440 1756 3502 1809 οὐ

239 1881 369 1919 cum
418 1863 504 1929 illa
556 1862 943 1933 prmpositione
991 1862 1079 1915 διὰ
1116 1878 1208 1929 per
1242 1861 1484 1916 indicent
1520 1861 1827 1915 cctntnuni—

1932 1852 2035 1901 τῶν
2075 1848 2298 1903 Ἰταλῶν
2327 1847 2632 1925 οΰμςνουν·
2666 1851 2865 1903 ἐκεῖνοι
2904 1850 3013 1920 γὰρ
3056 1849 3228 1920 χωρὶς
3264 1849 3376 1903 τῶν
3409 1849 3507 1903 ἄλ-

240 1956 512 2009 eatiouem
567 1969 598 2008 a
655 1955 822 2009 Patre
854 1954 1052 2007 factam
1105 1953 1241 2008 Filio
1273 1954 1588 2023 spirationis
1622 1954 1820 2008 activa:

244 2049 411 2104 unius
439 2047 810 2117 ejusdemque,
838 2048 1061 2101 omnino
1086 2047 1388 2114 negandam
1416 2061 1536 2101 esse
1559 2047 1821 2115 praeposi-

244 2145 451 2197 tionem
500 2140 648 2194 illam
674 2140 764 2194 διά
787 2155 880 2208 per
907 2141 1148 2194 indicare
1182 2140 1343 2193 ullam
1377 2139 1641 2194 rati0ncm
1673 2140 1826 2208 priu-

246 2235 375 2303 cipii
416 2233 591 2288 sancti
626 2232 888 2300 Spiritus,
941 2250 1065 2303 quae
1108 2232 1248 2287 Filio
1282 2240 1573 2299 competat,
1612 2216 1829 2286 distino

247 2340 338 2381 rta
378 2328 445 2382 ab
480 2342 543 2380 ca
574 2341 693 2395 qua:
723 2326 862 2379 inest
891 2327 1040 2381 Patri
1080 2326 1448 2394 quamqueilli
1484 2325 1646 2379 Pater
1673 2340 1823 2378 com-

251 2419 517 2473 municat.
549 2416 643 2473 llis
677 2418 749 2471 ita
780 2418 834 2471 in
880 2417 1186 2471 universum
1211 2414 1546 2485 praestructis
1579 2416 1645 2467 ad
1674 2426 1831 2467 an.o-

250 2511 493 2565 liendam
544 2525 574 2563 a
629 2507 806 2564 Vecco
851 2509 1220 2577 suspicionem
1259 2522 1476 2562 omnem
1530 2507 1824 2569 hwwseos,

251 2604 505 2673 quaedam
545 2603 648 2656 alia
689 2603 743 2656 itt
784 2617 834 2655 c.
874 2602 908 2655 9
951 2610 1155 2656 restant
1182 2601 1506 2668 explicanda
1536 2601 1712 2655 nobis.

324 2693 387 2748 P.
419 2693 507 2749 30.
546 2694 666 2762 Τὴν
686 2692 755 2748 δὲ
783 2688 1170 2761 καξασκευήν
1192 2692 1301 2760 τῆς
1322 2693 1691 2760 προτάσεως.
1719 2693 1829 2750 Re-

254 2787 497 2856 spiciunt
535 2787 650 2840 hace
679 2788 856 2841 locum
902 2784 1255 2855 Hermogenis
1293 2786 1327 2838 l.
1361 2802 1375 2839 I
1410 2786 1482 2839 De
1509 2787 1827 2853 inuentione,

255 2880 349 2934 ubi
381 2879 697 2949 κατασλευὴ
743 2879 842 2946 τῆς
890 2878 1204 2947 προτάσεως
1232 2877 1427 2931 dicitur
1453 2879 1624 2943 αἰτία,
1665 2896 1843 2934 causa-

255 2973 376 3027 sive
405 2973 540 3025 ratio
570 2986 668 3025 cur
702 2971 1025 3025 enuntietur
1068 2977 1122 3024 et
1151 2969 1448 3023 allii-tuetur
1477 2970 1698 3038 aliquid.
1735 2972 1831 3026 Est

256 3063 406 3119 enim
460 3063 722 3134 πρότασις
765 3062 1071 3129 prepositio,
1124 3061 1448 3125 enuntiatio,
1504 3061 1841 3130 allirtnatio;

256 3171 383 3228 qua:
408 3171 529 3210 cum
556 3156 752 3208 habere
789 3154 1195 3207 luudamentum
1219 3153 1432 3222 aliquod
1464 3153 1676 3216 debeat.
1700 3156 1828 3211 illud

257 3248 581 3314 κατασκευή
614 3246 835 3300 dicitur.

332 3333 470 3386 Ibid.
496 3334 932 3402 Παρῃρημένην
959 3335 1249 3402 opponitur
1282 3334 1360 3404 τῷ
1392 3335 1674 3404 κειμένην.
1704 3335 1840 3385 Kst-

263 3425 407 3496 μένη
432 3439 556 3478 cum
579 3425 648 3478 sit
679 3426 971 3493 propositio
1005 3440 1285 3495 expresse,
1320 3427 1485 3490 clare,
1518 3426 1834 3493 intelligibi-

258 3521 389 3574 liter
407 3519 608 3572 etcitra
628 3518 1127 3586 interpretationem
1162 3519 1275 3572 visu
1307 3519 1479 3587 primo
1493 3517 1837 3588 agnoscibili-

262 3622 348 3665 ter
371 3612 544 3679 posita
573 3612 719 3678 (nam
747 3612 806 3662 sb
824 3610 1077 3678 κείμενον
1096 3618 1275 3664 textus
1291 3611 1486 3665 dicitur
1507 3610 1841 3681 glossemata

256 3702 600 3767 excludcns),
624 3703 870 3771 sequitur
901 3719 931 3756 e
962 3704 1167 3757 ratione
1197 3704 1452 3757 contrarii
1482 3712 1541 3757 ut
1584 3719 1837 3773 παρῃρη-

262 3796 403 3864 μένη
440 3794 745 3861 sitoblique
781 3796 1073 3862 insinuata,
1100 3796 1338 3850 latenter
1356 3798 1694 3852 adumbrata.
1730 3797 1847 3852 Nec

259 3884 481 3952 penitus
544 3884 597 3938 id
647 3885 895 3939 abhorret
946 3901 974 3938 a
1032 3886 1252 3940 notione
1297 3886 1497 3940 usitata
1546 3884 1643 3938 τοῦ
1697 3903 1843 3951 παρ-

260 3976 563 4048 αιρεῖσθαι,
596 3991 715 4047 quae
757 3987 841 4031 est
883 3978 1144 4041 adimere,
1176 3976 1454 4042 sull'urari,
1476 3978 1717 4045 auferre,
1743 3994 1843 4047 pu-

258 4071 418 4126 blica:
435 4069 680 4123 videlicet
702 4068 994 4138 cognitioni
1013 4069 1352 4131 subtrahere,
1379 4069 1480 4121 hoc
1501 4075 1584 4123 est
1609 4067 1841 4122 abscon-

261 4163 392 4217 dere
423 4175 522 4215 nec
552 4160 654 4214 nisi
703 4175 797 4227 per
836 4160 1091 4231 ambages
1127 4168 1181 4214 et
1208 4160 1548 4227 conjecturas
1579 4161 1841 4224 indicare,

262 4261 358 4309 aut
383 4252 544 4306 etiam
572 4251 788 4318 penitus
808 4250 1018 4305 tollere;
1056 4249 1205 4304 Unde
1245 4249 1624 4320 disjttnctivam
1663 4252 1840 4320 posui,

263 4354 362 4399 aut
389 4344 635 4397 omissam
677 4350 770 4396 aut
821 4342 1026 4411 oblique
1077 4342 1404 4397 insinuatam
1456 4344 1839 4411 interpretans,

265 4452 452 4505 nequa
496 4450 581 4488 me
612 4434 777 4503 fugiat
819 4433 946 4497 νοῦς
980 4434 1259 4488 σκοτεινοῦ
1298 4436 1687 4506 συγγραφέως,
1719 4452 1842 4489 sen-

1927 1933 2137 1994 λωνῶν
2161 1940 2388 2010 ἔχουσιν.
2406 1934 2700 2011 αἱρέσεων,
2728 1941 2809 2013 τῷ
2841 1943 3111 2011 τολμῆσαι
3142 1942 3304 2013 μόνον
3330 1957 3504 2010 προσ-

1929 2031 2108 2085 θεῖναι
2153 2031 2233 2102 τῷ
2293 2031 2551 2103 συμϐόλῳ
2605 2032 2707 2104 τὴν
2749 2033 3194 2104 ).έξιν,,μεγάλης
3234 2032 3517 2103 αἱρέσεως⁵

1929 2118 2157 2184 εἰκότως
2218 2121 2397 2193 ἔνοχοι
2440 2122 2706 2190 γίνονται.
2759 2121 2874 2178 lloc
2927 2131 3010 2179 est
3041 2140 3056 2177 :
3087 2122 3195 2178 Sed
3249 2124 3506 2177 hactenus

1930 2215 2218 2280 duntaxat,
2252 2227 2310 2268 ut
2360 2219 2558 2269 crimen
2606 2226 2879 2270 excusaret
2902 2214 3152 2286 (Veccns)
3187 2232 3289 2269 non
3331 2218 3515 2285 utique

1930 2307 2195 2361 Italorum
2232 2325 2252 2362 :
2300 2307 2382 2361 illi
2420 2308 2581 2372 enim,
2615 2319 2807 2377 pra'ter
2852 2307 2992 2362 alias
3035 2306 3225 2377 quibus
3270 2315 3512 2361 tenentur

1930 2396 2177 2462 Itwreses,
2214 2397 2294 2451 vel
2340 2401 2454 2452 solo
2490 2414 2627 2451 ausu
2654 2399 2945 2452 auditionis
2978 2396 3229 2467 Symbolo
3259 2398 3517 2467 apposita:

1931 2491 2088 2543 unius
2115 2491 2275 2553 vocis,
2307 2490 2534 2559 ingentis
2574 2490 2831 2545 Itwreseos
2877 2493 2952 2544 rei
2978 2491 3098 2562 jure
3139 2493 3343 2560 peracti
3390 2502 3510 2546 sunt

1933 2581 2181 2637 habendi.
2210 2579 2289 2635 lta
2315 2581 2667 2650 interpolator
2687 2582 3086 2645 schismaticus,
3123 2584 3321 2638 oblitus
3343 2599 3524 2653 quam.

1934 2688 2075 2742 saepe
2106 2675 2247 2744 apud
2278 2676 2620 2744 scriptorem,
2655 2690 2816 2743 quem
2848 2675 3126 2745 compilet,
3152 2674 3346 2743 legerit
3371 2674 3512 2729 Vee-

1933 2780 2057 2818 cum
2105 2780 2318 2819 onmem
2361 2765 2590 2834 lapidem
2621 2766 2880 2829 movisse,
2917 2767 2968 2820 in
3019 2781 3196 2834 eoque
3242 2779 3508 2819 summam

1933 2870 2148 2925 semper
2181 2856 2587 2911 cententionent
2617 2856 2949 2923 adhibuisse,
2987 2869 3043 2911 ut
3087 2856 3362 2911 cvinceret
3409 2871 3517 2925 pu-

1935 2962 2029 3001 ros
2065 2948 2211 3000 omni
2254 2947 2526 3002 hereseos
2569 2945 2689 3001 labe
2719 2945 2946 3002 Latinos
2981 2962 3125 3011 esse,
3166 2954 3226 3000 ut
3269 2945 3394 2999 inde
3427 2944 3513 2998 itt-

1940 3038 2104 3093 ferret
2131 3048 2280 3093 recte
2306 3040 2543 3109 potuisse
2570 3041 2693 3097 illos
2718 3042 2770 3095 in
2795 3040 3232 3095 communionem
3260 3056 3287 3092 a
3309 3038 3519 3093 Graecis

1938 3130 2172 3197 admitti,
2199 3131 2412 3187 etiamsi
2441 3132 2582 3188 forte
2604 3148 2710 3188 non
2741 3135 2875 3189 satis
2900 3141 3198 3203 purgarent
3251 3130 3510 3186 invidiam

1857 3218 1902 3279 C
1935 3223 2302 3292 adjunctiouis
2346 3226 2493 3280 verbi
2538 3227 2603 3279 ad
2635 3226 2981 3297 symbolum;
3022 3242 3164 3296 quae,
3199 3234 3253 3279 ut
3295 3240 3522 3280 sumine

1931 3314 2054 3384 jure
2087 3326 2357 3385 ageretur,
2393 3331 2550 3372 error
2572 3326 2764 3373 contra
2792 3318 2986 3386 dogma
3023 3332 3144 3372 esse
3175 3333 3283 3372 non
3307 3328 3517 3385 posset,

1937 3409 2031 3462 sed
2077 3416 2361 3475 peccatum
2392 3409 2654 3464 duntaxat
2694 3420 2883 3465 contra
2924 3410 3292 3479 disciplinam,
3325 3410 3508 3479 qualia

1938 3514 2043 3553 non
2093 3499 2354 3559 inducunt
2407 3500 2790 3566 obligatiooem
2843 3501 3245 3557 communionis
3295 3502 3516 3556 abrum-

1939 3591 2146 3661 pendas.
2193 3591 2261 3647 Ut
2315 3592 2478 3662 igitur
2532 3594 2813 3650 historiam
2872 3611 3033 3665 quam
3093 3597 3354 3665 scriptam
3406 3596 3547 3664 prae

1938 3684 2112 3740 oculis
2148 3684 2379 3743 habebat
2421 3698 2739 3758 anonymns'
2771 3688 3119 3753 epitomator,
3146 3671 3361 3742 all'ecthi
3407 3688 3531 3757 ιιι-ξι

1941 3786 2065 3831 vato
2103 3792 2230 3848 erga
2265 3780 2503 3834 scbistna
2535 3779 2845 3849 indulgens,
2884 3779 2936 3833 in
2964 3778 3366 3849 praejttdicatatn
3393 3793 3520 3833 cor-

1941 3877 2084 3943 rupit
2141 3876 2494 3940 sententiam,
2551 3877 2620 3931 ita
2680 3876 2945 3945 suspicari
3008 3878 3155 3941 licet,
3208 3875 3522 3930 audientem

1942 3965 2098 4020 Verci
2123 3967 2283 4021 verba
2315 3967 2723 4037 l’acbymerem,
2750 3968 3149 4035 eontendentis,
3180 3966 3273 4023 vel
3297 3967 3341 4021 si
3381 3966 3521 4020 forte

1942 4060 2122 4115 all'erri
2155 4062 2406 4131 nequiret
2436 4062 2628 4117 idonea
2663 4064 2942 4118 excusatio
2980 4062 3336 4118 additamenti
3368 4061 3522 4115 Lati-

1944 4166 2132 4205 norum
2178 4152 2243 4206 ad
2275 4152 2599 4223 symbolum,
2634 4153 2686 4207 in
2717 4168 2826 4221 quo
2853 4155 2966 4223 ipse
2994 4168 3234 4224 pugnare
3272 4153 3528 4217 odiosius

1942 4256 2049 4296 non
2078 4241 2302 4296 duceret
2334 4245 2700 4298 necessarium
2732 4245 2799 4299 ad
2842 4259 3084 4309 causam,
3127 4255 3306 4299 tamen
3346 4245 3522 4298 Ita-re»

1945 4335 2063 4388 ticte
2115 4335 2385 4389 immunes
2431 4335 2568 4391 labis
2614 4337 2801 4406 utique
2848 4337 2994 4406 ipsos
3047 4353 3190 4401 esse,
3224 4339 3316 4407 qui
3361 4337 3415 4391 in
3455 4352 3519 4391 ea

1943 4440 2106 4495 quam
2166 4427 2455 4483 tradebant
2518 4430 2584 4486 de
2639 4431 2989 4498 processione
3046 4435 3224 4486 sancti
3285 4431 3523 4500 Spiritus

263 4529 429 4581 tentia
462 4527 708 4596 lucifuga:
735 4527 1006 4595 scriptoris
1035 4542 1051 4579 :
1082 4540 1200 4580 eam
1234 4526 1402 4587 enim,
1435 4542 1502 4582 ne
1533 4527 1840 4596 aliquaver-
1866 4555 1921 4615 Β
1946 4518 2108 4574 etiam
2134 4534 2200 4574 ex
2227 4520 2363 4574 Filio
2397 4522 2640 4577 doctrina
2669 4537 2777 4578 non
2813 4524 2976 4578 dubie
3005 4524 3390 4594 suifragatores
3414 4523 3523 4578 Pa.-
3590 4555 3597 4562 -

261 4637 384 4676 sum
418 4618 685 4681 elabatnr,
715 4619 894 4686 sepire
918 4618 1159 4687 undique
1189 4622 1500 4672 consultum
1527 4627 1630 4674 est.

340 4714 479 4767 Ibid.
526 4711 741 4766 lnducit
782 4710 1071 4765 historicus
1107 4711 1333 4765 Veccum
1366 4721 1687 4779 purgantem
1722 4726 1846 4767 sese

265 4824 295 4861 a
331 4805 640 4875 suSpiuzione
668 4803 923 4872 culpandi
955 4803 1174 4859 Graecos
1221 4812 1316 4859 aut
1367 4804 1581 4858 favendi
1615 4803 1844 4861 Latinis.

266 4901 333 4955 ln
382 4913 488 4968 quo
532 4898 583 4953 ei
640 4896 844 4967 alliugit
896 4895 1119 4963 aliquid.
1151 4910 1217 4950 ex
1252 4910 1352 4950 suo
1378 4895 1609 4951 fortasse
1656 4910 1843 4963 sensu,

265 4990 539 5058 ejusmodi
605 4990 745 5056 quod
797 5002 904 5040 non
945 4989 1080 5041 citra
1113 4986 1364 5056 injuriatn
1406 4987 1721 5040 Latinorum
1750 4988 1843 5049 sit,

266 5084 361 5153 qui
399 5092 452 5135 et
493 5080 546 5135 in
575 5077 903 5134 tractatione
958 5077 1154 5146 prioris
1201 5078 1356 5131 istius
1389 5079 1694 5132 concordia:
1728 5093 1847 5147 quge

268 5188 516 5242 tempore
545 5171 819 5226 Michaelis
845 5167 1128 5237 Palmologi
1154 5169 1206 5223 in
1242 5169 1477 5223 concilio
1497 5167 1845 5240 Lugdunensi

266 5270 497 5331 coaluit,
527 5276 582 5319 et
602 5267 653 5317 iu
685 5275 944 5333 apparatu
975 5262 1225 5316 secunda!
1248 5264 1298 5315 in
1326 5262 1558 5316 concilio
1585 5263 1850 5319 Florenti-

270 5376 345 5414 no
400 5359 648 5418 llrntalze,
687 5372 903 5424 semper
954 5356 1311 5411 defenderunt
1359 5372 1419 5412 se
1452 5358 1596 5424 jnste
1632 5371 1694 5410 ac
1731 5356 1849 5410 sine

267 5456 427 5519 culpa
461 5454 682 5505 verbum
712 5448 953 5517 Filioque
992 5450 1236 5519 symbolo
1265 5448 1483 5502 Nion-uo
1517 5449 1661 5503 dicto
1690 5448 1847 5503 addi-

267 5547 444 5609 (lisse,
478 5559 600 5596 eum
625 5552 802 5596 tamen
831 5541 919 5595 hic
943 5540 1151 5596 Veccus
1174 5544 1412 5609 graviter
1436 5543 1487 5595 in
1510 5556 1576 5595 eo
1597 5555 1848 5610 peccasse

271 5637 414 5699 illos,
453 5634 608 5705 quasi
639 5633 780 5687 ultro
813 5634 1196 5701 pravaricaus,
1229 5635 1567 5703 profiteatur.
1604 5633 1692 5706 [P.
1714 5631 1844 5705 520]

272 5710 451 5784 Verba
502 5726 747 5781 historici
795 5725 901 5780 tale
933 5725 1107 5781 Vecco
1151 5725 1354 5782 dietum
1401 5727 1688 5781 tribuentis
1734 5727 1848 5779 haec

271 5834 401 5882 sunt
437 5834 452 5874 :
489 5817 688 5883 Δεδιὼς
715 5817 772 5872 δὲ
803 5817 958 5884 αὖθις
987 5849 1055 5861 --
1095 5819 1307 5875 κεῖσθαι
1355 5818 1416 5874 rb
1450 5820 1727 5888 μέγιστονκ
1767 5818 1843 5872 Eu

1951 4621 2060 4667 tres
2086 4609 2307 4666 Graecos
2359 4613 2547 4680 prima:
2587 4615 2930 4670 auctoritatis
2961 4615 3242 4669 nabcrcnt.
3270 4615 3400 4667 Eam
3434 4612 3525 4667 illo

1947 4705 2362 4761 concessionem
2393 4707 2446 4760 in
2478 4720 2794 4773 expressam
2828 4706 3146 4763 Latinorum
3182 4707 3250 4761 ob
3292 4705 3529 4759 additio-

1946 4809 2070 4849 netu
2098 4795 2165 4849 ad
2189 4796 2497 4866 symbolum
2529 4798 2935 4852 damnationem
2975 4802 3526 4868 augendo-perverte-

1947 4887 2040 4941 rit.
2099 4889 2233 4947 Utut
2285 4891 2377 4955 sit,
2431 4890 2683 4958 equidem
2735 4891 2870 4943 satis
2922 4890 3068 4944 clare
3119 4889 3527 4944 demonstrasse

1951 4981 2084 5034 mihi
2120 4982 2310 5036 videor
2350 4985 2567 5050 propria
2601 4998 2768 5052 super
2803 4998 2868 5035 eo
2901 4992 3223 5051 argumento
3262 4982 3527 5036 disserta-

1952 5075 2118 5140 tione,
2151 5090 2269 5143 quai
2302 5080 2480 5129 exsta’t
2513 5073 2548 5128 l.
2595 5091 2647 5128 tt.
2683 5090 2927 5128 mearum
2970 5074 3427 5130 Observationum
3459 5074 3527 5127 ad

1952 5168 2102 5236 prius
2146 5166 2394 5220 volumen
2443 5166 2602 5233 hujus
2645 5165 2894 5222 Historia;
2929 5183 2958 5220 a
2998 5182 3050 5236 β.
3082 5167 3188 5221 665
3214 5196 3283 5206 —-
3313 5181 3366 5234 p.
3397 5164 3529 5230 674,

1951 5262 2276 5317 additionem
2338 5261 2403 5314 ad
2452 5260 2769 5330 Symbolum
2826 5271 2971 5316 recte
3005 5276 3069 5316 ac
3113 5260 3407 5332 prudenter
3451 5261 3529 5313 fa-

1951 5364 2091 5409 clam
2150 5352 2278 5406 nulli
2330 5366 2451 5407 esse
2503 5352 2791 5407 obnoxiam
2825 5353 3275 5423 reprehensioni;
3316 5360 3373 5405 ut
3407 5365 3529 5404 eam

1949 5464 2043 5503 seu
2072 5445 2278 5502 Veccus
2310 5461 2402 5501 seu
2432 5447 2791 5518 Pachymeres
2814 5447 3035 5518 culpare
3054 5447 3302 5510 voluerit,
3327 5443 3532 5498 frustra

1949 5541 2079 5595 sint.

2020 5631 2083 5687 P.
2116 5632 2211 5687 '59..
2243 5633 2447 5686 Καίτοι
2488 5649 2553 5704 γε
2583 5632 2655 5687 τὰ
2674 5632 2888 5702 μέτριά
2917 5648 2986 5700 γε
3014 5630 3143 5698 τοῖς
3178 5630 3390 5700 λόγοις
3421 5629 3533 5683 αὖ·

1916 5745 1920 5748 ’
1948 5724 2056 5779 τοῦ
2085 5726 2677 5793 προσαρθρούμενος,
2711 5725 2946 5780 obnoxie
2997 5725 3170 5779 fateor
3216 5724 3271 5778 in
3307 5738 3412 5781 ms.
3441 5737 3530 5777 me

1950 5818 2144 5889 legisse
2176 5816 2638 5889 προσαρχόμενος.
2662 5816 2766 5873 Sed
2798 5817 3021 5874 verbum
3053 5817 3295 5887 ignotum
3321 5825 3375 5875 et
3403 5818 3533 5877 huic
