4036 6440
346 363 451 425 7θῖ

1295 365 1362 426 Ρ.
1409 366 1701 427 POSSlNl
1740 367 2396 429 OBSERVATIONUM
2431 367 2577 427 LIB.
2623 365 2703 426 II.

3487 366 3590 427 7‘38

345 474 437 531 but
470 492 481 526 :
514 476 586 528 Οὐ
640 476 754 547 μὴν
791 477 846 530 δὲ
901 477 1037 549 πρὸς
1092 479 1188 531 τοῦ
1240 480 1382 533 κατὰ
1429 479 1755 549 Λάμψακον,
1799 478 1923 532 Haec
1955 481 1991 532 Α
2022 478 2331 547 ἀρτοφορῐῳ
2367 478 2528 546 μέχρι
2568 475 2662 529 καὶ
2694 474 2792 543 τῆς
2824 474 3047 542 τορινῆς
3079 470 3156 534 si;
3184 470 3428 525 τδ-ὲπιδν
3464 472 3599 535 ἔτος.

348 565 566 619 videtur
619 566 730 620 sola
791 576 935 621 recta
993 569 1176 633 lectio,
1203 585 1363 638 quam
1431 571 1551 625 ideo
1594 587 1754 624 uuam
1798 586 1919 625 sum

351 659 650 725 amplexus.
715 659 1013 728 Operosior
1068 659 1168 715 l'uit
1226 662 1507 730 inquisitio
1571 663 1764 717 fabulae
1829 671 1923 716 aut

353 750 615 812 historiae,
672 766 835 818 quam
884 760 1074 806 auctor
1130 753 1233 808 hoc
1284 754 1406 807 loco
1468 755 1665 818 innuit,
1727 755 1801 807 rei
1856 755 1923 807 ad

352 840 712 908 Lampsacum
776 854 962 913 gestae.
1036 845 1456 921 Circumspectis
1525 847 1614 899 diu
1670 847 1925 903 omnibus

348 932 515 1005 133
544 933 596 986 in
624 935 725 988 hoc
749 936 962 989 tandem
994 937 1260 1005 acquievi,
1283 947 1341 992 ut
1367 939 1646 992 crederem
1673 938 1927 991 habuisse

359 1025 748 1094 l’achymerem
805 1028 919 1081 haec
977 1031 1300 1083 scribentem
1358 1030 1408 1083 in
1465 1031 1644 1084 animo
1692 1031 1740 1083 id
1785 1029 1938 1096 quod-

358 1126 548 1170 auctor
578 1116 933 1187 Etytnologici
971 1119 1135 1173 refert
1174 1122 1340 1171 verbo
1368 1120 1672 1189 Λάμψακος
1704 1122 1755 1173 in
1787 1120 1930 1174 hunc

358 1207 576 1261 modum
616 1208 788 1261 εὍτι
831 1212 944 1274 τοῖς
1005 1210 1400 1280 Λαμψακηνοῖς
1449 1212 1696 1280 χρησμὸς
1749 1211 1939 1279 ἐδόθη,

356 1299 491 1351 ὅπου
522 1300 587 1353 ἂν
607 1301 790 1365 αὐτοῖς
818 1300 1033 1372 λάμψῃ,
1057 1305 1173 1355 ἐκεῖ
1193 1303 1344 1355 πόλιν
1372 1304 1579 1355 κτίσαι.
1615 1304 1930 1374 Ἀστραπῆς

360 1392 453 1446 οὖν
483 1395 800 1463 γενομένης,
832 1391 970 1448 εἶδον
1009 1396 1098 1448 τὸν
1132 1396 1299 1449 τόπον
1333 1396 1427 1449 καὶ
1458 1396 1679 1449 ἔκτισαν
1713 1398 1809 1468 τὴν
1839 1399 1937 1451 πό-

356 1485 461 1548 λιν,
489 1487 792 1553 Λάμψακον
821 1486 1035 1555 ταύτην.
1070 1488 1637 1558 προσαγορεύσαντες,
1676 1490 1771 1541 καὶ
1809 1489 1938 1552 τοὺς

360 1577 735 1642 πολεμοῦντας
779 1579 967 1639 αὐτοῖς
1001 1577 1333 1647 βαρϐάρους,
1378 1581 1536 1650 λόχον
1572 1582 1935 1647 ποιήσαντας,

359 1666 449 1719 διὰ
492 1667 592 1733 τῆς
622 1667 913 1735 ἀστραπῆς
949 1666 1151 1730 ἰδόντες
1180 1667 1554 1720 κατέκαυσαν.
1582 1667 1661 1721 Ita
1695 1668 1804 1721 ille.
1838 1666 1936 1720 Hic

361 1765 613 1821 eventus,
653 1757 973 1810 insidiarum
1020 1756 1143 1809 luce
1182 1755 1414 1825 fulguris
1466 1771 1498 1809 a
1548 1755 1936 1823 Lampsacenis

363 1848 549 1901 urbem
584 1847 929 1901 molientibus
961 1848 1321 1909 delectarunt,
1374 1861 1427 1903 et
1462 1849 1647 1901 statim
1686 1848 1935 1903 immisso

358 1939 484 2007 igne
545 1940 598 1993 in
656 1942 766 1994 suis
829 1941 961 2008 ipsis
1012 1940 1236 1994 latebris
1277 1943 1621 1994 incensurum
1674 1940 1933 2003 hostium,

357 2032 574 2085 videtur
627 2032 783 2100 quasi
836 2032 1164 2101 proverbiali
1219 2032 1538 2085 celebritate
1602 2031 1807 2086 relatus
1868 2034 1934 2085 ad

359 2124 816 2192 signiﬁcationem
862 2126 1113 2179 vindicta:
1139 2123 1334 2179 celeris
1364 2124 1623 2178 divinitus
1655 2124 1933 2188 immissm,

360 2216 513 2269 clade
534 2222 654 2283 post
677 2217 854 2269 minas
875 2232 982 2268 non
1007 2218 1273 2280 tardante,
1297 2215 1379 2286 lP.
1401 2215 1531 2285 5‘23]
1556 2218 1648 2268 sed
1675 2216 1936 2270 continuo

362 2307 667 2372 excipiente
715 2307 1101 2361 iudicationem
1142 2307 1612 2376 primannAtque
1643 2307 1789 2360 haud
1819 2308 1948 2363 scio-

362 2416 431 2453 an
461 2415 565 2453 non
600 2401 723 2452 inde
764 2399 1030 2453 Adrastea
1065 2399 1332 2462 Nemesis,
1361 2400 1476 2455 sive
1510 2399 1595 2453 hic
1633 2412 1930 2454 memorata

363 2492 511 2562 δικη,
572 2493 919 2562 peculiariter
973 2496 1111 2561 apud
1160 2494 1559 2561 Lampsacenos
1611 2494 1754 2547 culta
1805 2494 1933 2547 olim

363 2581 564 2644 fuerit,
629 2584 783 2651 cujus
837 2583 984 2637 velut
1045 2583 1299 2651 auspiciis
1366 2593 1570 2638 structa
1653 2583 1741 2635 illa
1800 2583 1935 2636 civi-

366 2686 449 2730 tas
504 2676 716 2731 fuisset.
778 2674 972 2732 Strabo
1023 2676 1283 2731 videndus
1335 2677 1373 2730 Ι.
1411 2692 1535 2741 xm,
1583 2692 1635 2746 p.
1692 2676 1792 2731 684
1843 2678 1933 2731 ed.

364 2769 531 2824 Basil.

437 2864 498 2915 P.
523 2864 610 2917 77.
636 2862 773 2929 Quid
798 2862 884 2916 hic
918 2877 1037 2916 esse
1065 2872 1247 2929 putem
1290 2862 1651 2932 ἐπαληθεύειν
1680 2865 1793 2925 τοῖς
1847 2879 1936 2914 τε·-

365 2955 734 3023 τε).εσμὲνοις,
794 2955 979 3007 videat
1030 2954 1214 3021 teqttﬁs
1276 2954 1445 3008 lector
1520 2955 1570 3008 itt
1632 2954 1932 3016 Glossariu,

365 3045 535 3099 verbo
562 3044 631 3097 τὰ
660 3044 1039 3113 τετελεσμένα,
1071 3054 1358 3112 antequam
1395 3059 1569 3098 meam
1615 3044 1936 3113 interpreta-

370 3138 570 3193 tionem
591 3138 831 3191 damnet.

441 3226 577 3281 Ibid.
610 3226 682 3279 Τὸ
715 3226 760 3279 δ’
792 3224 860 3280 αὖ
884 3228 947 3280 ἐκ
976 3227 1068 3280 τοῦ
1100 3226 1445 3297 παρεικότος,
1490 3236 1600 3281 etc.
1622 3227 1697 3279 Τὸ
1736 3242 1933 3297 παρει-

371 3320 466 3383 κός
532 3332 690 3375 smmt
742 3323 830 3375 hic
889 3322 1204 3384 remissum,
1246 3321 1591 3384 dissolutum,
1636 3322 1931 3390 negligens,

368 3412 515 3481 quod
557 3422 719 3482 negat
773 3429 931 3482 posse
983 3416 1271 3468 convenire
1321 3415 1410 3467 Dei
1470 3414 1766 3482 sapientiae,
1821 3414 1934 3468 acri

374 3520 591 3574 semper
621 3505 799 3574 vigilia
832 3505 1052 3559 intentae
1090 3505 1143 3557 in
1200 3518 1287 3558 res
1325 3520 1446 3573 quat
1485 3505 1641 3568 ﬁunt,
1700 3514 1754 3559 et
1803 3504 1934 3560 nulli

374 3613 484 3651 non
530 3598 745 3651 eventui
788 3613 943 3650 suum
979 3598 1339 3665 interponenti
1368 3597 1652 3664 judicium.

445 3684 508 3753 Ρ,
552 3685 637 3739 78.
672 3686 966 3738 Μανίαισιν
999 3687 1317 3754 ὑποκρέκει,
1363 3687 1497 3755 φησὶ
1531 3686 1813 3757 Πίνδαρος.
1845 3687 1939 3740 Αι-

372 3778 515 3831 ludit
577 3777 716 3844 quod
778 3785 955 3829 exstat
1009 3776 1278 3845 hodieque
1330 3780 1472 3844 apud
1532 3776 1825 3830 Pindarum
1884 3779 1935 3832 in

369 3870 582 3940 Olymp.
629 3870 701 3922 Τὸ
732 3867 1038 3938 καυχᾶσθαι
1072 3869 1220 3939 παρὰ
1269 3871 1461 3934 καιρὸν
1504 3870 1780 3940 μανίαισιν
1805 3870 1935 3924 ὑπο-

372 3961 584 4027 κρέκει.

440 4050 555 4105 Νοιι
587 4053 889 4120 dissimulo,
939 4053 1065 4107 mihi
1095 4053 1197 4107 hoc
1228 4060 1392 4122 caput
1433 4063 1490 4107 et
1520 4052 1718 4119 legenti
1758 4066 1811 4108 et
1853 4056 1937 4109 in-

370 4148 852 4217 terpretantisaepe
877 4151 1091 4205 taedium
1134 4150 1384 4203 obortum
1430 4149 1499 4204 ob
1547 4149 1715 4218 εὐήθη
1771 4151 1936 4203 δεισι-

372 4236 657 4306 δαιμονίαν
687 4241 991 4308 scriptoris,
1019 4241 1110 4310 qui
1142 4250 1218 4293 tot
1242 4240 1617 4309 prchationum
1647 4243 1941 4296 anxiarum-

375 4329 628 4399 ambages
665 4332 810 4384 casui
841 4332 1065 4385 minime.
1112 4332 1248 4384 miro
1279 4333 1651 4400 prmtexendas
1712 4344 1934 4398 putave-

373 4422 469 4486 rit,
504 4432 693 4475 aestum
738 4423 903 4476 animi
942 4433 1226 4476 ostentans
1277 4424 1503 4476 aniculae
1551 4427 1936 4493 superstitiosa:

2028 570 2335 632 Μέλλοντος
2366 571 2475 639 γὰρ
2503 568 2598 621 τοῦ
2641 566 2831 636 ἱερέως
2865 564 3006 619 κατὰ
3052 558 3150 634 τὴν
3188 564 3287 632 τῆς
3315 565 3607 634 Κυριακῆς

2028 661 2242 731 ἡμέραν
2305 660 2562 729 ὲμὸαλεῖν
2624 657 2702 727 τῷ
2752 656 3067 727 άρτοφορίῳ
3133 655 3614 725 προηγιασμὲνους

2040 752 2230 819 ἁγίους
2264 753 2488 820 ἄρτους,
2528 741 2655 820 εὗρε
2685 749 2777 802 τὸν
2804 747 2995 818 χρόνον
3039 746 3439 799 διαϐιϐάσαντα
3465 746 3613 813 ἅγιον

2034 843 2199 911 ἄρτον
2239 843 2517 911 σεσηπότα
2579 841 2760 910 πάντη
2814 840 2908 892 καὶ
2967 838 3448 907 ὰπηχρειωμένον.
3506 838 3615 890 Καὶ

2029 936 2189 988 τοῦτο
2213 935 2353 1003 μέγα
2379 934 2542 1005 734
2567 933 2796 1003 σημεῖόν
2813 948 2954 993 τινες
2976 931 3085 983 τῶν
3112 929 3389 999 μικροθαυ
3400 930 3612 995 μάστων

2034 1029 2348 1081 ὑπέλαϐονο
2381 1028 2535 1093 Quod
2598 1027 2841 1079 dicturus
2902 1024 3026 1094 (ait)
3063 1040 3201 1084 sum,
3261 1023 3482 1090 quidam
3532 1024 3614 1074 in-

2031 1136 2153 1188 gens
2181 1128 2483 1186 portentum
2522 1128 2862 1187 putaverunt,
2906 1118 3175 1169 inventum
3201 1130 3390 1174 nempe
3420 1130 3529 1167 esse
3561 1115 3613 1167 in

2033 1228 2185 1265 sacra
2227 1211 2416 1280 pyxide
2438 1227 2623 1279 panem
2649 1220 3011 1263 consecratum
3067 1207 3455 1274 putrefactum.
3511 1205 3617 1258 Pa-

2035 1320 2148 1356 nem
2183 1315 2357 1356 autem
2392 1308 2545 1371 longo
2577 1319 2684 1355 a’vo
2707 1315 3003 1371 putrescere
3035 1301 3250 1352 minime
3301 1300 3497 1351 mirum
3517 1306 3610 1351 est.

2041 1398 2311 1451 Nimirum
2339 1398 2388 1449 in
2424 1398 2558 1464 festo
2595 1394 2928 1453 Palmarum,
2948 1410 3047 1462 quo
3076 1393 3160 1445 die
3182 1390 3616 1461 inaugurabatur

2036 1487 2344 1557 patriarcha
2369 1486 2618 1555 Cyprius.
2642 1502 2759 1538 cum
2796 1485 2862 1537 de
2894 1499 3037 1536 more
3068 1483 3286 1542 fuissent
3318 1482 3616 1534 consecrati

2037 1597 2196 1648 panes
2222 1595 2286 1632 ex
2332 1580 2519 1642 quibus
2568 1578 2776 1640 deinde,
2832 1592 2931 1643 quo
2984 1576 3088 1627 ritu
3127 1589 3220 1640 per
3258 1574 3615 1642 insequentem

2036 1673 2421 1726 hebdomadam
2456 1672 2541 1740 fas
2563 1680 2664 1732 est,
2691 1687 2849 1723 sacra
2879 1684 2944 1722 ex
2967 1666 3447 1735 prwsanctiﬂratis
3479 1666 3619 1717 dicta

2039 1765 2457 1823 celebrarentur.
2527 1763 2745 1831 contigit
2784 1777 2921 1815 σασα·
2970 1760 3196 1828 quodam
3250 1759 3394 1826 feria
3428 1765 3617 1827 quarta

2038 1853 2260 1920 majoris
2283 1852 2629 1906 hebdomade:
2674 1867 2883 1905 sacrum
2917 1867 2976 1903 eo
3017 1849 3101 1903 die
3130 1849 3253 1916 ﬁeri
3285 1848 3504 1902 solitum
3555 1863 3617 1900 ex

2036 1946 2497 2016 prasancliﬁcatis
2530 1944 2721 1997 omitti.
2758 1942 2908 1996 Unde
2947 1942 3306 1995 consumenda
3333 1956 3428 2009 per
3458 1938 3614 2002 itlud,

2038 2040 2085 2092 si
2114 2042 2211 2092 rite
2242 2050 2517 2108 peractum
2551 2036 2708 2104 foret,
2739 2035 2892 2102 panis
2929 2034 3239 2087 consecrati"
3268 2032 3536 2097 particula
3563 2031 3615 2084 in

2036 2149 2188 2186 sacra
2214 2132 2407 2202 pyxide
2429 2131 2609 2182 relicta
2644 2138 2725 2182 est
2752 2143 2915 2196 usque
2962 2127 3032 2179 ad
3066 2126 3398 2199 dominicam
3460 2125 3615 2194 Tyri-

2037 2236 2145 2276 nen
2182 2231 2417 2274 vocatam
2448 2220 2766 2288 insequentis
2789 2219 2938 2273 anni.
2981 2217 3097 2282 Qua
3116 2218 3201 2270 die
3226 2232 3351 2269 cum
3376 2218 3448 2269 ad
3469 2231 3614 2269 arant

2037 2315 2279 2369 sacerdos
2332 2314 2530 2382 faciens
2581 2328 2737 2365 novas
2792 2310 3091 2364 consecrati
3122 2311 3280 2378 panis
3328 2310 3616 2377 particulas

2038 2408 2220 2461 indere
2262 2422 2430 2460 sacra:
2459 2405 2643 2475 ρειπίάὶ
2677 2404 2900 2464 deberet,
2934 2404 3121 2471 reperit
3169 2405 3221 2456 in
3275 2420 3338 2456 ea
3375 2401 3616 2472 putrefa-

2038 2513 2175 2553 ctum
2202 2499 2333 2552 tanti
2353 2501 2598 2567 temporis
2627 2514 2796 2559 mora,
2827 2497 2914 2567 qui
2941 2497 2989 2550 ei
3012 2512 3152 2549 anno
3200 2496 3471 2561 superiori
3506 2494 3617 2562 [ue-

2041 2603 2123 2645 rat
2151 2592 2373 2656 inditus,
2408 2606 2620 2644 sacrum
2658 2604 2869 2658 panem.
2907 2589 2973 2641 Et
3003 2591 3101 2641 hoc
3130 2605 3384 2654 magnum
3436 2587 3612 2656 prodi-

2039 2686 2177 2755 gium
2209 2684 2423 2753 quidam
2470 2699 2634 2751 parva
2675 2684 2929 2734 mirantes
2970 2691 3313 2749 putaverunt.
3348 2680 3614 2733 Hactenus

2038 2776 2125 2830 liic
2158 2775 2435 2830 breviatur
2465 2813 2479 2836 ,
2521 2775 2677 2841 cujus
2708 2775 2761 2826 in
2783 2773 2997 2838 negotio
3041 2781 3302 2839 suscepto
3338 2771 3619 2825 tractando

2038 2882 2244 2921 securae
2277 2866 2542 2921 libertatis
2579 2866 2679 2920 hoc
2708 2865 2982 2933 specimen
3005 2864 3163 2927 habe,
3190 2864 3405 2923 lector;
3433 2862 3488 2916 in
3506 2877 3617 2929 quo

2038 2959 2081 3013 si
2133 2958 2533 3011 tninus'ﬁdant
2577 2959 2874 3024 epitomen,
2930 2964 3079 3008 certe
3142 2974 3250 3010 non
3286 2955 3617 3009 immeritam-

2038 3065 2322 3104 eensuram
2376 3050 2552 3102 nostri
2610 3049 2711 3101 hoc
2773 3049 2891 3102 loco
2936 3048 3185 3101 historici
3244 3047 3471 3111 videbis,
3516 3060 3608 3099 nec

1963 3144 2006 3200 C
2041 3155 2432 3210 usquequaque
2462 3140 2816 3207 improbabis,
2850 3148 2907 3193 ut
2939 3139 3152 3207 opinor.

2111 3232 2170 3286 P.
2201 3232 2291 3285 85.
2330 3233 2403 3283 De
2444 3230 2790 3283 veneratione
2813 3230 3125 3296 angelorum
3159 3230 3293 3284 feria
3342 3231 3607 3285 tertiaecu-

2033 3326 2206 3394 jU5ViS
2235 3322 2587 3377 hebdomadas:
2617 3338 2642 3373 a
2674 3321 3302 3390 Coustantinopolitanis
3347 3321 3605 3375 ceiebrari

2039 3417 2195 3471 solita
2227 3415 2467 3483 populari
2494 3428 2763 3469 concursu
2796 3414 2861 3466 ad
2889 3423 3094 3482 partem
3116 3414 3401 3468 dexteram
3427 3413 3607 3465 altar's

2042 3508 2220 3574 templi
2255 3518 2459 3560 sanctas
2494 3505 2732 3571 Sophim,
2764 3506 2886 3559 vide
2904 3520 3022 3574 qua:
3055 3517 3260 3560 annoto
3298 3506 3351 3560 in
3395 3505 3606 3559 Glossa-

2040 3598 2122 3651 rie
2158 3597 2327 3649 verbo
2372 3596 2617 3662 Ὀδηγοί.

2113 3688 2197 3759 [Ρ.
2223 3687 2348 3759 524]
2379 3688 2438 3742 P.
2466 3689 2556 3742 87.
2591 3687 2800 3742 lrenen.
2831 3687 2957 3741 Fuit
2983 3685 3100 3741 haec
3146 3702 3308 3742 soror
3336 3685 3605 3740 Marchio-

2044 3781 2133 3833 nis
2195 3781 2583 3834 Montisferrati
2618 3782 2668 3834 in
2726 3780 3015 3845 Subalpina
3046 3782 3296 3846 regione;
3330 3780 3416 3832 cui
3450 3778 3613 3831 etiam

2038 3873 2234 3926 deinde
2268 3875 2383 3927 sine
2412 3873 2598 3927 liberis
2630 3883 2847 3927 mortuo
2881 3872 3024 3927 ﬁlius
3060 3874 3363 3927 Andronici
3393 3886 3457 3926 ex
3509 3871 3606 3924 boc

2037 3966 2274 4019 set-nmio
2318 3976 2477 4018 natus
2532 3964 2808 4033 conjugio,
2860 3974 2918 4017 ut
2953 3972 3144 4033 postea
3194 3973 3383 4019 noster
3437 3965 3605 4023 docet,

2034 4055 2156 4125 jure
2180 4066 2427 4111 materno
2453 4057 2742 4110 successit.

2115 4147 2171 4202 1).
2199 4148 2289 4202 95.
2326 4150 2364 4200 Α
2397 4148 2620 4201 cunctis.
2656 4146 2855 4202 Cuncti
2900 4140 3155 4200 nimirum
3207 4147 3305 4217 qui
3346 4146 3602 4208 aderant,

2039 4252 2240 4312 praeter
2298 4242 2529 4299 Veceum
2606 4251 2660 4295 et
2719 4243 3161 4308 archidiaconos,
3224 4238 3610 4311 prmoccupatis

2040 4334 2333 4386 schismate
2361 4343 2416 4387 et
2445 4347 2633 4386 errore
2664 4332 3196 4400 animisjudicabant
3251 4332 3320 4387 de
3359 4327 3602 4398 praesenti

2043 4423 2415 4476 controversia
2443 4440 2455 4474 :
2489 4422 2649 4474 aliter
2681 4422 2828 4476 enim
2889 4435 3163 4488 nunquam
3199 4418 3372 4472 valide
3399 4425 3447 4469 et
3502 4415 3607 4465 inc-

374 4514 555 4582 potius
584 4528 746 4582 quam
777 4515 916 4576 viro,
957 4516 1256 4580 praesertim
1316 4516 1591 4585 theologo,
1646 4527 1934 4570 consenta-
1967 4518 2013 4569 ι)
2044 4515 2367 4568 luctabititer
2391 4515 2666 4581 disputata
2719 4513 3082 4575 censuissent,
3142 4527 3266 4579 qum
3298 4507 3604 4563 Theodorus
3634 4570 3637 4573 γ

371 4620 553 4660 neum.
581 4604 762 4669 Quare
797 4620 902 4658 non
942 4606 1149 4675 prolixe
1186 4605 1355 4660 solum
1412 4607 1629 4676 ignosco
1673 4607 1936 4662 Vaticano
1972 4624 1975 4625 '

372 4696 684 4761 hreviatori,
727 4695 866 4765 quod
905 4698 1160 4752 verbosas
1192 4697 1417 4753 lacinias
1466 4699 1817 4753 ridicularum
1845 4702 1939 4753 ad-

374 4786 718 4840 miratiomtm
763 4800 826 4839 ex
868 4787 968 4840 hoc
993 4788 1167 4855 capite
1218 4789 1463 4843 recidens
1501 4790 1629 4842 illud
1665 4791 1716 4843 iu
1754 4806 1940 4844 versus

372 4877 727 4944 paucissimos
762 4878 1120 4943 contraxerit,
1156 4880 1248 4933 sed
1275 4881 1434 4947 etiam
1461 4882 1578 4949 eius
1616 4882 1703 4934 hic
1723 4882 1936 4951 quidem

367 4967 634 5036 judiciqu
667 4968 848 5033 laudo,
873 4979 925 5023 et
963 4972 1015 5025 in
1046 4971 1163 5039 ejus
1198 4972 1425 5040 gloriam
1464 4981 1630 5026 totam
1664 4974 1937 5043 hancejus

371 5059 641 5127 epitomen
676 5061 971 5115 adscriho:
1016 5064 1080 5116 Ὃ
1142 5064 1199 5116 δὲ
1258 5064 1436 5135 μέλλω
1485 5066 1629 5134 ἐρεῖν
1692 5065 1935 5134 (inquit),

370 5149 516 5211 τινὲς
541 5149 681 5217 μέγα
715 5168 768 5202 τι
800 5154 1025 5220 σημεῖον
1051 5156 1285 5222 ἔκρινον,
1318 5153 1405 5204 διὰ
1444 5155 1503 5206 τὸ
1530 5153 1820 5223 εὑρεθῆναι
1850 5156 1938 5206 τὸν

375 5243 529 5309 ἅγιον
552 5243 714 5311 ἄρτον
737 5245 794 5294 ὲν
837 5245 912 5313 τῷ
969 5245 1277 5315 ἀρτοφορίῳ
1330 5247 1624 5312 σεσηπῷτα.
1676 5245 1844 5299 Τοῦτο
1880 5247 1938 5299 es

377 5334 563 5388 καινὸν
592 5336 690 5386 οὐκ
726 5337 873 5389 ἔστιν
906 5340 955 5389 εἰ
988 5340 1247 5407 σέσηπτο.
1281 5338 1437 5390 Κατὰ
1487 5338 1583 5407 τὴν
1618 5338 1727 5392 τῶν
1761 5340 1937 5392 Baiana

373 5426 589 5497 ὲ“ρτῆν,
623 5429 708 5480 ὅτε
740 5430 766 5481 ὁ
786 5429 1029 5499 Κύπριος
1051 5430 1338 5498 ἀρχιερεὺς
1367 5428 1617 5493 ἐτελεῖτο,
1643 5430 1939 5499 πεποίηντο

373 5520 514 5571 κατὰ
552 5519 612 5572 τὸ
644 5521 872 5591 συνήθες
899 5521 1319 5589 προηγιασμὲνα
1344 5536 1357 5550 ⁸
1389 5521 1484 5574 καὶ
1523 5522 1664 5575 κατά
1693 5539 1745 5575 τι
1803 5540 1936 5591 συμ-

374 5610 476 5661 ϐὰν
501 5612 566 5680 τῇ
605 5611 735 5683 ἁγίᾳ
769 5613 862 5663 καὶ
925 5612 1135 5682 μεγάλῃ
1182 5610 1413 5680 Τετράδι
1457 5611 1791 5681 παρελείφθη
1864 5611 1937 5681 μὴ

373 5701 694 5770 τελεσθῆναι
723 5702 790 5755 τά
815 5702 915 5770 τῆς
941 5701 1090 5764 θείας
1125 5702 1434 5771 ἱερουργίας.
1464 5703 1933 5773 προηγιασμένης.

375 5790 683 5846 Κάντεῦθεν
715 5793 1117 5859 Ξντκπολειξθεὶς
1173 5795 1375 5862 ὀέἱγιος
1429 5795 1590 5864 ἄρτος
1637 5792 1703 5866 ἧν
1749 5796 1804 5846 ὲν
1860 5794 1937 5864 τῷ

2041 4606 2256 4660 Muzalo
2335 4605 2422 4658 hic
2502 4602 2742 4657 refertur
2819 4600 3115 4669 protulisse
3192 4612 3416 4668 prorsus
3476 4591 3602 4647 ἁσύ·

2044 4715 2215 4752 στατα
2235 4706 2290 4750 ct
2322 4711 2441 4751 sese
2479 4695 2708 4749 invicem
2742 4691 3096 4746 destruentis.
3154 4689 3270 4744 Duo
3299 4689 3440 4742 enim
3462 4682 3605 4737 aﬁlr-

2045 4798 2175 4852 mat,
2209 4790 2379 4858 prius,
2410 4802 2468 4842 se
2493 4800 2792 4857 agnoscere
2818 4799 2916 4853 pro
2960 4799 3085 4838 vera
3124 4781 3445 4836 Daniasceni
3482 4788 3601 4829 sen-

2045 4883 2266 4936 tentiam
2292 4896 2320 4932 a
2362 4879 2539 4934 Vecco
2594 4878 2906 4946 allegatum,
2944 4890 3046 4944 qua
3079 4875 3124 4928 is
3170 4880 3391 4927 sanctus
3424 4869 3602 4921 doctor

2044 4974 2274 5029 afﬁrmat
2303 4972 2512 5026 Patrem
2553 4987 2663 5027 esse
2691 4969 3057 5035 productorem
3084 4982 3177 5036 per
3203 4964 3425 5020 Verbum
3447 4969 3601 5012 enun-

2041 5068 2246 5123 tiatorii
2283 5067 2518 5136 Spiritus
2550 5079 2569 5128 ;
2606 5064 2861 5125 alterum,
2896 5075 2954 5114 se
2974 5070 3155 5112 tamen
3182 5074 3291 5111 non
3325 5052 3596 5108 admittere

2044 5161 2303 5231 Spiritum
2346 5173 2437 5227 per
2479 5156 2706 5211 Verbum
2740 5165 2787 5207 et
2811 5151 2857 5204 F
2862 5152 3013 5204 ilium
3063 5151 3409 5218 originemex
3446 5139 3602 5238 Patre

2043 5254 2272 5307 trahere.
2304 5248 2466 5317 Atqui
2500 5249 2635 5301 citra
2665 5245 2829 5299 ullam
2877 5243 3274 5298 dubitationem
3308 5244 3409 5296 est,
3443 5240 3595 5325 origi-

2043 5358 2163 5397 nem
2189 5343 2457 5411 passivam
2502 5353 2569 5393 ex
2625 5350 2780 5405 aequo
2836 5332 3175 5403 respondere
3219 5324 3411 5394 origini
3468 5325 3592 5411 acu-

2041 5450 2154 5497 vze;
2188 5406 2329 5487 unde
2353 5432 2441 5500 qui
2467 5429 2707 5484 admittit
2742 5427 2883 5480 istud
2917 5414 3460 5487 assertnm,produrit
3492 5406 3591 5500 Pa'

2042 5536 2120 5577 ter
2143 5541 2235 5591 per
2271 5523 2469 5577 Filium
2492 5520 2776 5591 Spiritum,
2813 5516 3028 5571 nouuisi
3062 5530 3186 5568 eum
3218 5498 3588 5591 absurdissima

2043 5587 2488 5682 inconsequentia
2533 5587 2737 5678 negare
2789 5618 2969 5673 potest
3019 5608 3120 5660 hoc
3184 5587 3586 5682 alilldsst’iri’f“

2043 5713 2261 5757 sanctus
2299 5704 2610 5770 producitur
2663 5719 2694 5754 a
2726 5699 2891 5752 Patre
2944 5712 3035 5765 per
3067 5692 3284 5747 Filium.
3328 5676 3585 5751 ριιοιιιοιιο

2042 5792 2207 5862 igitur
2252 5801 2361 5847 tam
2393 5790 2675 5848 manifesta
2706 5786 3098 5864 ’ἁσυλλοτεττία
3129 5785 3367 5853 plausum
3413 5786 3439 5826 a
3459 5779 3587 5822 ουιι*
