4036 6386
381 363 491 427 797

1886 382 2123 442 NOT

3516 386 3633 452 798

386 480 814 538 etis'astantibus
848 486 1088 540 meruit?
1114 488 1383 559 nisiquod
1420 494 1770 563 prarjudirato
1794 512 1956 551 sensu
1993 510 2033 561 Α
2065 499 2276 568 publica
2330 498 2694 569 disputatione
2749 502 3100 571 propugnari,
3175 516 3284 556 non
3331 501 3623 568 impactum

380 573 662 640 sapiebant
696 588 749 631 et
774 578 978 633 similes
1017 582 1290 638 habebant
1314 585 1459 639 labra
1497 588 1753 643 lactucas.
1777 592 1947 656 Quam

379 680 503 718 mox
536 666 780 735 adiungit
806 670 1015 727 analo
1044 674 1169 727 dicti
1192 679 1275 729 sui
1304 679 1588 743 rationem,
1627 681 1785 749 735
1806 683 1948 750 quid

381 757 637 810 nimirum
675 775 738 813 ex
768 776 828 815 ea
858 777 1022 831 quam
1066 767 1270 834 respuit
1332 770 1575 823 doctrina
1625 783 1951 838 Sequeretur

376 847 525 900 aliud
558 867 671 902 esse
724 857 893 905 sancti
934 855 1162 922 Spiritus
1209 859 1523 925 principium
1574 864 1799 916 activum
1842 864 1948 918 Pa-

376 949 529 1004 trem,
562 942 708 995 aliud
739 945 971 1013 ejusdem
1003 950 1318 1016 principium
1354 955 1576 1006 activum
1606 954 1945 1022 Filiutn,va-

375 1048 499 1084 nam
536 1050 655 1088 esse
693 1037 1027 1092 demonstrat
1053 1044 1295 1094 doctrina
1337 1043 1493 1098 Vacci
1552 1063 1579 1097 a
1645 1049 1797 1101 nobis
1853 1049 1945 1101 de-

373 1120 575 1174 clarata
606 1126 852 1190 superius
886 1130 1033 1182 nolis
1088 1131 1154 1181 ad
1187 1145 1236 1183 c.
1268 1131 1301 1187 9
1331 1132 1487 1199 hujus
1519 1134 1667 1195 libri,
1701 1150 1859 1201 quam
1898 1135 1944 1187 is

376 1212 626 1266 haustam
661 1232 726 1269 ex
778 1220 1013 1287 antiqui.~
1045 1220 1294 1278 Patrihus
1353 1227 1663 1280 distinctius
1706 1228 1943 1294 esplica-

376 1311 485 1356 tam
514 1321 541 1357 a
576 1304 920 1375 Lugdunensi
951 1314 1189 1379 generali
1222 1317 1452 1369 concilio
1498 1326 1552 1371 et
1592 1318 1850 1385 Gregorio
1895 1318 1942 1372 X

373 1394 614 1456 tenebat,
646 1396 919 1454 aﬂirtnans
942 1403 1048 1454 vim
1069 1405 1337 1469 spirandi,
1371 1407 1486 1461 sive
1507 1408 1766 1461 rationem
1793 1410 1941 1474 prin~

369 1486 494 1553 cipii
530 1488 690 1542 activi
732 1503 984 1559 respectu
1017 1493 1253 1563 Spiritus
1280 1501 1481 1566 sancti,
1533 1516 1693 1553 unam
1747 1501 1942 1554 indivi-

368 1576 604 1633 sibiliter
641 1588 697 1635 et
724 1584 972 1638 eamdem
1013 1587 1274 1641 exsistere
1320 1590 1369 1642 in
1402 1589 1565 1645 Patre
1602 1601 1655 1643 et
1684 1591 1844 1655 Filio,
1873 1592 1938 1645 ab

366 1668 460 1723 illo
504 1672 630 1725 huic
675 1679 1155 1746 communicatam,
1191 1697 1255 1734 (ξι
1312 1698 1418 1751 quo
1472 1684 1622 1737 ﬁeret
1656 1692 1713 1738 ut
1774 1684 1938 1740 Pater

367 1773 420 1816 et
462 1763 636 1819 Filius
691 1781 855 1821 unum
890 1782 1074 1825 essent
1127 1775 1449 1842 principium
1520 1779 1753 1831 activum
1808 1777 1933 1848 Spi-

367 1853 503 1907 ritus
578 1858 779 1922 sancti,
848 1876 956 1914 non
1018 1863 1143 1927 duo,

364 1944 600 2013 Spiritus
666 1960 890 2006 sanctus
946 1969 1054 2007 non
1123 1962 1237 2010 tres
1297 1958 1393 2025 dii,
1434 1959 1525 2013 sed
1599 1974 1737 2013 unus
1787 1959 1931 2015 Deus

363 2047 510 2093 Sunt.

435 2129 498 2185 Ρ.
533 2132 622 2185 94.
662 2130 816 2185 Nihil
847 2134 1095 2190 habentes
1129 2138 1272 2202 quod
1307 2138 1613 2205 objicerent,
1656 2150 1762 2194 etc.
1823 2140 1928 2195 Te-

362 2237 513 2278 mere
538 2225 750 2294 judicat
779 2227 1140 2300 Pachymeres
1182 2233 1597 2288 archidiaconos
1644 2234 1775 2287 nihil
1831 2234 1932 2287 Ita-

364 2314 547 2369 buisse
598 2319 737 2385 quod
779 2332 1116 2387 opponerent
1167 2325 1419 2377 secundae
1471 2326 1604 2392 parti
1665 2323 1928 2378 orationis

361 2408 704 2475 patriarchae,
741 2426 861 2479 ,qua
910 2413 954 2465 is
1033 2412 1395 2467 allirmavetat
1448 2431 1553 2468 non
1599 2430 1755 2484 posse
1808 2415 1929 2469 illos

362 2486 743 2555 demouslrare
779 2504 1136 2558 testimonium
1185 2504 1496 2559 Damasceni
1536 2508 1760 2576 conﬂari
1798 2522 1928 2560 con-

266 2612 277 2616 ’
357 2593 671 2664 ﬁrmarit/ue
704 2611 767 2648 ex
802 2596 924 2649 aliis
980 2613 1180 2667 quoque
1228 2600 1635 2652 auctoritatibus
1683 2599 1925 2653 Patrum.

361 2690 473 2745 lloc
504 2692 645 2745 enim
686 2690 759 2744 illi
783 2704 886 2742 non
922 2695 1220 2745 Omiseruat
1257 2692 1437 2745 facere
1464 2694 1587 2759 quia
1639 2707 1742 2744 non
1813 2705 1933 2758 pos-

358 2790 506 2844 sent,
540 2783 632 2835 sed
665 2782 791 2849 quia
823 2780 889 2835 de
928 2782 1028 2836 hoc
1056 2798 1199 2837 nunc
1225 2798 1333 2837 non
1359 2783 1634 2850 agebatur,
1656 2793 1704 2835 et
1725 2792 1924 2836 Statum

362 2874 653 2943 proposita:
695 2883 821 2927 tunc
847 2877 909 2926 ad
956 2875 1296 2927 tractandum
1347 2875 1666 2943 quaestionis
1716 2884 1927 2929 mutare

360 2967 637 3021 nolebant.
677 2965 773 3020 llic
806 2981 994 3032 nempe
1024 2966 1187 3018 cardo
1217 2975 1333 3019 erat
1355 2966 1740 3018 controversiae
1807 2966 1928 3021 loro

360 3055 453 3108 illo
477 3070 539 3107 ac
571 3066 811 3122 tempore
834 3056 1217 3124 disceptandas,
1244 3064 1463 3109 rectene
1529 3055 1733 3109 Veccus
1795 3072 1928 3109 con-

356 3149 613 3201 clusisset
672 3163 735 3201 ex
776 3148 1093 3201 Damasceni
1165 3149 1281 3203 loco
1342 3148 1602 3217 Spiritum
1648 3164 1714 3203 ex
1771 3148 1927 3202 Patre

355 3256 453 3308 per
485 3239 675 3292 Filium
711 3241 1003 3308 procedere
1061 3239 1276 3304 aientis,
1306 3255 1411 3293 non
1461 3255 1581 3294 esse
1641 3241 1927 3297 luereticos

353 3327 601 3395 Latinos,
657 3330 746 3396 qui
784 3328 1043 3398 Spiritum
1081 3345 1144 3384 ex
1211 3330 1370 3383 Patre
1424 3340 1479 3385 et
1515 3329 1650 3385 Filio
1684 3331 1927 3385 dicereut

353 3423 673 3494 precedere.
728 3419 794 3474 Ut
856 3420 995 3473 bona
1040 3436 1103 3474 ea
1159 3422 1498 3491 judicaretur
1544 3423 1732 3485 illatio,
1792 3423 1923 3475 nihil

350 3511 495 3564 aliud
541 3510 821 3580 Oportebat
844 3524 1004 3577 quam
1031 3525 1214 3563 verum
1240 3519 1293 3563 et
1314 3511 1674 3565 orthodoxntn
1702 3510 1923 3578 agnosci

348 3620 380 3659 a
412 3603 616 3657 Gram-is
663 3612 713 3655 et
748 3603 1054 3670 patriarcha
1085 3601 1404 3655 Damasceni
1440 3602 1836 3666 testimonium,
1869 3612 1924 3656 et

348 3688 807 3759 aequipollentiam
845 3688 1286 3757 praepositionum
1310 3704 1401 3756 per
1418 3699 1471 3742 et
1497 3703 1768 3759 ex,'qnam
1786 3692 1920 3746 adeo

349 3782 426 3836 illi
460 3781 841 3843 admittebant,
880 3781 1119 3834 utetiam
1145 3777 1356 3834 Muzalo
1414 3781 1573 3849 paulo
1615 3793 1740 3835 ante
1791 3799 1919 3853 pro-

310 3873 526 3929 -fcssus
547 3874 614 3925 sit
652 3874 910 3927 audacius
945 3872 1197 3924 allirtnari
1242 3887 1336 3939 per
1371 3871 1574 3926 Filium
1632 3889 1791 3942 quam
1853 3888 1919 3927 ea:

345 3966 483 4020 Filio
523 3965 813 4033 procedere
844 3963 1125 4032 Spiritum.
1156 3964 1368 4027 Alioqui
1422 3980 1529 4033 qua
1578 3966 1681 4018 lide
1727 3965 1918 4020 scribit

348 4060 435 4113 hic
476 4056 840 4126 Pachymeres
864 4055 1283 4109 archidiaconos
1340 4052 1503 4109 Vecci
1536 4055 1775 4110 asseclas
1808 4070 1910 4108 non

346 4149 588 4218 potuisse
617 4147 942 4202 conllrntare
976 4144 1293 4199 Damasceni
1319 4146 1689 4199 testimonium
1725 4161 1918 4198 conso-

346 4241 431 4294 nis
464 4238 874 4292 auctoritatibus
902 4235 1123 4291 Patrum
1172 4237 1421 4300 aliorum,
1473 4252 1596 4290 cum
1640 4238 1780 4290 idem
1814 4239 1915 4293 hoc

345 4332 466 4400 ipso
516 4330 652 4383 libro
679 4331 926 4396 superius
953 4371 967 4395 ,
998 4343 1051 4397 p.
1092 4327 1185 4393 28,
1230 4329 1476 4383 retulerit
1526 4326 1757 4382 Veccum
1790 4343 1917 4381 san-

344 4435 555 4477 ctorum
591 4421 675 4493 [Ρ.
710 4421 836 4492 525]
890 4421 1089 4489 scripta
1144 4421 1404 4475 attentius
1453 4421 1815 4489 perlegentem
1856 4420 1909 4471 in

2060 591 2189 655 ipsis
2227 590 2418 644 falsum
2457 592 2662 645 crimen
2711 593 2919 660 privata
2969 592 3275 657 lelensione
3325 592 3498 646 refelli
3535 607 3624 644 res

2056 692 2328 750 posceret,
2359 691 2633 750 poterant,
2678 684 2896 752 inquam
2982 683 3262 737 eli'undere
3310 691 3623 749 congestam

2053 774 2182 841 ip~is
2212 774 2363 843 longa
2412 774 2642 828 lectione
2690 772 2888 827 Patrutt
2967 775 3447 845 chrestomathiam
3503 789 3600 828 cru

2050 866 2275 920 ditionis
2314 863 2478 936 736
2527 867 2866 932 orlltodoxm,
2910 882 3014 936 qua
3056 865 3344 920 InanilcSto
3398 867 3618 921 evince-

2052 968 2171 1011 rcnt
2208 956 2880 1025 didicisseDamasceunm
2944 973 3062 1027 qua:
3124 959 3289 1012 tradit
3321 960 3384 1012 de
3442 957 3618 1013 sant-ti

2051 1047 2288 1117 Spiritus
2321 1065 2413 1115 per
2444 1048 2639 1101 Filium
2686 1064 2713 1100 a
2776 1049 2938 1103 Patre
2977 1050 3322 1117 processione
3371 1049 3438 1101 ab
3480 1045 3620 1100 anti-

2045 1141 2330 1210 quioribus
2365 1141 2677 1194 (lcrtorihus
2711 1141 2984 1201 Ecclesiae.
3020 1142 3288 1195 nimirum
3343 1154 3407 1192 ex
3446 1140 3616 1192 Atha-

2043 1231 2199 1284 nasio
2230 1232 2322 1283 lib.
2344 1230 2417 1283 De
2441 1230 2672 1283 humana
2698 1242 2890 1283 natura
2928 1242 3196 1293 suscepta,
3227 1246 3275 1285 c.
3305 1232 3358 1294 4,
3387 1232 3476 1283 ubi
3508 1240 3617 1283 tra-

2043 1337 2198 1377 ctans
2269 1324 2444 1376 locum
2509 1323 2786 1391 prOpIteta!
2836 1322 3053 1376 Davitlis
3126 1338 3189 1376 ex
3250 1321 3393 1377 Psal.
3449 1335 3611 1384 xxxv,

2044 1414 2111 1470 10
2146 1432 2159 1467 :
2193 1415 2458 1479 Quoniam
2504 1416 2645 1483 apud
2703 1425 2751 1467 te
2776 1425 2848 1466 est
2914 1414 3030 1482 fons
3083 1415 3225 1478 vitta,
3293 1414 3371 1466 sic
3422 1412 3615 1465 scribit

2045 1506 2109 1561 de
2136 1504 2340 1558 Davide
2403 1504 2630 1574 loquens
2693 1522 2709 1559 :
2746 1503 2869 1557 Οἵδε
2914 1506 3021 1572 γὰρ
3066 1506 3217 1577 παρὰ
3266 1504 3386 1573 Θεῷ
3438 1504 3612 1571 "arpi.

2040 1597 2166 1650 ὄντα
2193 1597 2283 1650 τὸν
2313 1597 2441 1650 Υἱδν
2459 1596 2641 1668 πηγὴν
2670 1596 2762 1649 τοῦ
2788 1597 2944 1664 ἁγίου
2978 1596 3295 1664 Ιῐνεῦματος
3319 1609 3335 1626 ο
3374 1594 3609 1648 Noverat

2040 1693 2174 1765 enim
2196 1688 2337 1754 apud
2370 1689 2591 1742 Patrem
2622 1688 2822 1742 Filium
2851 1704 2962 1741 esse
2988 1688 3191 1756 [autem
3227 1689 3399 1741 sancti
3444 1687 3607 1750 Spiri-

2040 1791 2145 1837 tus.
2175 1781 2251 1834 Et
2291 1781 2539 1852 Didymo,
2575 1781 2609 1834 l.
2640 1796 2675 1833 tt
2706 1780 2780 1833 De
2810 1779 3011 1845 Spiritu
3039 1788 3247 1840 sancto.
3287 1778 3441 1843 cujus
3458 1776 3608 1832 Grae-

1229 1865 1370 1919 sicut
1421 1866 1609 1932 Pater,
1643 1866 1817 1923 Filius
1881 1876 1934 1922 et
1966 1874 2005 1927 Β
2036 1886 2158 1925 eum
2191 1880 2504 1925 contextum
2547 1871 2755 1924 Veecus
2786 1870 2985 1923 habere
3018 1870 3190 1938 putuit
3224 1885 3237 1919 :
3273 1881 3369 1919 nos
3414 1866 3468 1919 itt
3490 1867 3603 1920 sola

2031 1976 2153 2032 quae
2185 1970 2362 2016 exstat
2418 1961 2607 2015 Latina
2659 1962 2774 2028 ejus
2833 1971 3058 2015 auctore
3112 1960 3442 2029 Hieronymo
3486 1974 3606 2011 ver-

2032 2049 2207 2111 sione,
2256 2050 2368 2101 harc
2422 2048 2649 2118 legimus
2688 2050 2754 2102 ad
2804 2050 2890 2101 illa
2943 2050 3147 2102 Christi
3205 2050 3257 2102 in
3317 2049 3603 2116 Evangelia

2028 2138 2252 2195 Joannis
2281 2140 2441 2193 verba
2473 2155 2487 2192 :
2527 2159 2545 2191 ε
2589 2139 2710 2193 Non
2739 2142 2878 2193 enim
2909 2142 3151 2209 loquetur
3171 2159 3202 2194 a
3237 2150 3399 2194 semet
3428 2142 3600 2207 ipso,»

2029 2235 2127 2288 hoc
2162 2244 2255 2299 est,
2311 2250 2414 2287 non
2448 2235 2559 2287 sine
2595 2250 2705 2287 meo
2736 2245 2781 2287 et
2819 2234 2996 2288 Patris
3032 2234 3277 2295 arbitrio,
3317 2234 3441 2302 quia
3465 2234 3606 2285 inse-

2027 2324 2282 2394 parabilis
2323 2341 2354 2376 a
2384 2340 2498 2376 mea
2538 2334 2587 2376 et
2618 2323 2795 2378 Patris
2830 2324 3118 2388 voluntate,
3142 2325 3264 2393 quia
3296 2340 3398 2376 non
3436 2336 3502 2375 ex
3526 2338 3580 2375 se

2026 2416 2118 2468 sed
2163 2430 2228 2468 ea:
2272 2414 2434 2468 Patre
2486 2427 2532 2468 et
2574 2432 2656 2468 me
2714 2427 2811 2470 est.
2875 2416 2992 2469 Hoc
3036 2418 3171 2469 enim
3231 2415 3403 2482 ipsum
3465 2415 3604 2484 quod

2027 2504 2287 2566 subsistit,
2316 2521 2347 2557 a
2377 2500 2540 2557 Patre
2575 2514 2622 2557 et
2658 2520 2738 2558 me
2762 2505 2841 2557 illi
2891 2514 2987 2557 est.
3039 2504 3112 2556 lix
3187 2502 3493 2570 Epiphanio
3551 2504 3603 2555 in

2027 2596 2322 2656 Ant-orato,
2365 2611 2423 2649 η.
2460 2594 2530 2647 67
2559 2609 2575 2647 :
2609 2596 2841 2663 Χριστὸς
2873 2597 2935 2646 ἐκ
2960 2594 3054 2647 τοῦ
3088 2594 3301 2662 Πατρὸς
3347 2593 3600 2645 πιστεύε-

2027 2699 2119 2735 ται
2146 2682 2278 2745 Θεὸς
2302 2683 2365 2735 ὲκ
2396 2682 2553 2747 Θεοῦ,
2587 2684 2684 2735 καὶ
2711 2684 2769 2735 τὸ
2804 2684 3026 2752 Πνεῦμα
3055 2685 3121 2735 ἐκ
3153 2683 3246 2735 τοῦ
3296 2683 3534 2750 Χριστοῦ
3562 2681 3595 2750 ἢ

2029 2775 2163 2843 παρ’
2191 2775 2538 2844 ἀμφοτέρων,
2576 2775 2815 2828 Christus
2869 2790 2932 2828 ea:
2984 2774 3147 2828 Patre
3197 2775 3429 2828 creditur
3455 2774 3596 2827 Deus

2029 2863 2094 2919 de
2132 2864 2258 2931 Deo,
2290 2875 2339 2918 et
2370 2866 2612 2933 Spiritus
2638 2882 2704 2921 ex
2727 2867 2935 2920 Christo
2961 2879 3056 2921 aut
3103 2867 3166 2920 ab
3223 2866 3493 2918 ambobus.
3530 2865 3598 2918 Et

2029 2970 2185 3008 antea
2212 2957 2418 3010 clarius
2461 2958 2649 3011 eodem
2682 2958 2819 3010 libro
2849 2973 2903 3011 n.
2937 2957 2969 3009 8
3002 2975 3015 3010 :
3077 2955 3303 3024 Πνεῦμα
3334 2953 3470 3006 Θεοῦ
3503 2954 3598 3005 καὶ

2031 3048 2255 3115 Πνεῦμα
2275 3048 2369 3099 τοῦ
2407 3049 2619 3119 Ilua-pb;
2648 3049 2743 3102 καὶ
2776 3049 2998 3117 Πνεῦμα
3034 3048 3190 3110 Υἱοῦ,
3221 3048 3282 3098 οὐ
3313 3046 3452 3098 κατά
3477 3060 3598 3096 τινα

2032 3136 2305 3206 σύνθεσιν,
2326 3139 2578 3211 καθάπερ
2613 3142 2669 3193 ὲν
2697 3143 2829 3211 ἡμῖν
2852 3141 3001 3210 ψυχὴ
3036 3141 3130 3192 καὶ
3166 3140 3348 3208 σῶμα,
3381 3136 3498 3189 ἀλλ’
3539 3138 3597 3189 ὲν

2032 3230 2182 3300 μέσῳ
2211 3232 2425 3301 Πατρος
2450 3235 2544 3286 καὶ
2598 3232 2753 3297 Υἰοῦ,
2806 3235 2869 3285 ὲκ
2918 3233 3012 3285 τοῦ
3057 3231 3267 3300 Πατρὸς
3320 3228 3415 3281 καὶ
3465 3226 3597 3279 Υἱοῦ

2025 3324 2206 3393 τρίτον
2232 3327 2296 3393 τῇ
2327 3325 2592 3396 ὀνομασίᾳ
2624 3342 2637 3355 ⁸
2671 3325 2907 3394 Spiritus
2940 3325 3031 3378 Dei
3055 3333 3105 3377 et
3136 3322 3367 3391 Spiritus
3410 3320 3596 3373 Patris

2025 3425 2070 3466 et
2103 3414 2336 3483 Spiritus
2368 3415 2519 3480 Filii,
2552 3434 2654 3469 non
2683 3418 3059 3486 compositione
3093 3415 3293 3484 aliqua,
3346 3411 3599 3481 quemad-

2027 3508 2240 3559 modum
2274 3509 2330 3561 in
2369 3510 2514 3562 nobis
2539 3511 2717 3562 anima
2737 3521 2782 3562 et
2814 3526 3027 3578 corpus,
3064 3508 3153 3561 sed
3189 3509 3326 3560 inter
3380 3505 3596 3558 Patrem

2026 3597 2328 3669 Filiumque
2353 3602 2551 3653 medius
2566 3617 2632 3654 ex
2665 3600 2827 3654 Patre
2856 3614 2902 3655 et
2940 3596 3105 3665 Filio,
3126 3598 3474 3669 appellatione
3492 3607 3598 3648 ler-

2023 3692 2153 3744 tius.
2188 3682 2265 3744 Ex
2301 3692 2567 3760 Gregorio
2599 3692 2863 3762 Nysseno,
2904 3694 2939 3747 Ι.
2976 3709 2986 3744 t
3024 3692 3219 3746 Contra
3245 3687 3592 3742 Eunoutium:

2034 3779 2121 3842 Ὠς
2154 3782 2483 3835 συνάπτεται
2507 3782 2583 3852 τῷ
2616 3785 2788 3851 Πατρὶ
2822 3787 2848 3837 ὀ
2905 3784 3055 3850 Υἱὸς,
3090 3784 3181 3835 καὶ
3212 3783 3269 3834 τὸ
3326 3782 3384 3847 ἐξ
3424 3779 3591 3832 αὐτοῦ

2021 3864 2162 3923 εἶναι
2194 3872 2332 3942 ἔχων
2353 3874 2450 3941 οὐχ
2488 3873 2758 3942 ὑστερίζει
2810 3876 2951 3927 κατὰ
2994 3874 3093 3944 τὴν
3141 3872 3396 3941 ὓπαρξιν,
3449 3868 3592 3922 οὕτω

2020 3962 2181 4014 πάλιν
2228 3963 2320 4014 καὶ
2377 3963 2470 4014 τοῦ
2517 3964 2858 4030 Μονογενοῦς
2905 3965 3087 4032 ἔχεται
3128 3964 3187 4016 τὸ
3248 3961 3473 4029 Πνεῦμα
3533 3962 3592 4015 τὸ

2020 4055 2197 4120 ἆγιον,
2239 4054 2455 4122 ἐπινοίᾳ
2478 4054 2611 4125 μόνῃ
2641 4055 2784 4107 κατὰ
2806 4056 2897 4108 τὸν
2925 4057 3028 4123 τῆς
3056 4056 3237 4118 αἰτίας
3264 4055 3440 4121 λόγον,
3458 4071 3592 4121 προσ

2017 4147 2390 4216 θεωρουμένου
2420 4148 2518 4215 τῆς
2573 4147 2671 4199 τοῦ
2719 4147 3033 4217 Πνεῦματος
3082 4148 3438 4209 ὑποστάσεως
3465 4161 3481 4177 ο
3519 4143 3588 4198 Ut

2018 4234 2168 4290 Patri
2195 4237 2506 4303 coniunctus
2534 4248 2609 4290 est
2645 4237 2844 4300 Filius,
2873 4247 2919 4291 et
2950 4255 3069 4290 cum
3127 4254 3191 4291 ea:
3230 4238 3324 4290 illo
3347 4255 3456 4291 esse
3487 4240 3586 4290 ha-

2015 4329 2157 4391 beat,
2191 4345 2296 4381 non
2338 4338 2511 4382 tamen
2542 4332 2807 4394 posterius
2833 4331 3065 4393 exsistit,
3092 4331 3168 4383 sic
3213 4331 3369 4383 etiam
3422 4327 3596 4398 Spiri—

2015 4430 2099 4471 tus
2138 4427 2353 4472 sanctus
2387 4420 2622 4487 proxime
2672 4420 2835 4474 ha'ret
2874 4421 3034 4485 Filio,
3086 4438 3173 4491 qui
3225 4422 3341 4475 sola
3390 4423 3595 4490 cogita-

345 4516 538 4567 horutn
606 4513 880 4578 pletisttue
942 4511 1048 4564 dici
1101 4510 1421 4565 obserVasse
1467 4520 1710 4563 sanctum
1742 4508 1912 4576 Spit'i-
1948 4527 1991 4582 ι)
2024 4513 2165 4566 tione
2191 4514 2475 4565 secundum
2510 4514 2771 4568 rationem
2802 4516 3052 4585 principii
3089 4518 3238 4584 prius
3287 4517 3593 4569 considera-

343 4619 454 4657 tnm
483 4620 547 4657 ea:
587 4604 745 4656 Putre
791 4619 883 4669 per
912 4601 1117 4655 Filium
1164 4601 1437 4669 profundi,
1471 4600 1913 4667 exsplendescere,

341 4698 587 4763 prtebcri,
620 4697 852 4762 prodire,
909 4694 1207 4761 procudere,
1271 4692 1630 4759 landasseque
1671 4695 1722 4744 itt
1794 4707 1913 4744 eam

344 4789 669 4843 sententiam
703 4794 949 4838 sanctum
1002 4783 1318 4849 Maximum,
1377 4783 1681 4847 Tarasiutn,
1742 4782 1915 4837 Alba-

347 4883 579 4943 nasiutn,
606 4878 880 4940 Bastlium,
909 4886 1104 4945 prazter
1125 4874 1343 4930 Graecos
1372 4876 1704 4929 recentiores
1735 4873 1913 4943 magni

338 4970 577 5024 nominis
633 4968 1027 5021 Marouiensetn
1112 4966 1354 5020 Nicetium
1438 4977 1493 5019 et
1548 4966 1912 5031 Nicephorum

341 5060 732 5123 Bletntnidam;
789 5068 846 5112 ttt
894 5060 1141 5112 omittam
1194 5072 1329 5125 quos
1389 5057 1584 5110 ibidem
1635 5066 1916 5126 percenset

338 5136 546 5215 Graecis
576 5167 790 5220 quoque
816 5151 1153 5206 venerabiles
1184 5149 1400 5202 Latinos
1430 5149 1637 5207 Patres,
1681 5150 1914 5202 Antth-

339 5242 504 5302 sitim,
537 5240 925 5309 Augustinum,
960 5239 1375 5308 Hieronymum.
1404 5238 1542 5303 Quin
1585 5250 1639 5291 et
1673 5240 1913 5293 tuoxltoc

343 5334 461 5401 ipso
492 5347 570 5396 c.,
592 5348 658 5400 .p.
691 5333 780 5397 95,
819 5334 960 5385 idem
1000 5334 1232 5384 attirtnat
1265 5331 1532 5399 prolatum
1553 5346 1582 5383 a
1620 5330 1790 5384 Vecco
1817 5346 1913 5398 pro

338 5427 591 5492 dogmate
617 5426 806 5478 eodem
841 5423 1168 5478 luculentum
1234 5422 1604 5477 testimonium
1662 5421 1912 5492 Gregorii

337 5516 596 5586 Nysseni.
656 5514 1003 5570 Calumniose
1068 5514 1234 5584 igitur
1301 5520 1357 5567 et
1419 5512 1472 5565 itt
1532 5511 1911 5565 contumeliam

336 5619 516 5660 causa:
540 5604 820 5657 catholica:
843 5602 1181 5658 scitismatici
1209 5603 1309 5657 hoc
1360 5601 1530 5656 Vecco
1570 5611 1626 5653 et
1673 5601 1790 5669 ejus
1817 5614 1911 5653 so-

339 5698 442 5752 ciis
467 5698 769 5766 impingunt
798 5711 813 5761 ;
847 5696 937 5764 qui
973 5696 1161 5763 utique
1215 5705 1486 5764 poterant,
1519 5693 1562 5746 si
1620 5702 1793 5746 status
1857 5692 1910 5745 id

341 5789 622 5858 pru'senlis
656 5788 1034 5845 controversia:
1055 5799 1271 5858 caperet
1298 5798 1349 5842 et
1370 5786 1695 5842 catholicum
1714 5783 1908 5853 dogma

2019 4610 2106 4653 tur
2138 4600 2479 4653 subsistentia
2516 4599 2773 4669 Spiritus.
2830 4603 2907 4656 Ex
2942 4603 3148 4665 Cvrillo
3199 4604 3587 4668 Alexandrino,

2018 4691 2190 4746 l.tDe
2218 4693 2437 4746 Adorat.
2468 4709 2487 4748 :
2524 4693 2684 4747 Ἔστι
2734 4694 2829 4747 τοῦ
2874 4695 3009 4748 εοεοῦ
3062 4699 3154 4749 καὶ
3198 4696 3432 4765 Πατρὺς,
3496 4698 3589 4748 καὶ

2021 4783 2126 4853 μὴν
2150 4785 2245 4837 καὶ
2270 4784 2365 4838 τοῦ
2398 4784 2553 4850 Υἱοῦ,
2584 4787 2645 4839 τὸ
2669 4788 2945 4851 οὐσιωδώς
3007 4787 3066 4851 ἐξ
3107 4790 3307 4856 ἀμφοῖν
3352 4788 3449 4843 εἶτ’
3493 4785 3589 4841 οὖν

2017 4878 2080 4928 ὲκ
2109 4877 2322 4945 Harpe;
2353 4878 2421 4929 δι’
2454 4878 2584 4930 Υὶοῦ
2632 4880 2997 4949 προχεόμενον
3064 4878 3312 4946 Πνεῦμα·
3358 4878 3451 4933 Est
3492 4879 3587 4933 Dei

2015 4975 2065 5019 et
2121 4967 2327 5030 Putris,
2352 4970 2515 5024 sedet
2549 4969 2685 5022 Filii
2735 4987 2958 5039 quoque,
3023 4972 3112 5039 qui
3164 4970 3589 5024 substantialiter

2014 5075 2079 5111 ea:
2108 5058 2383 5122 ambobus,
2404 5061 2650 5111 nimirum
2675 5076 2739 5113 ex
2772 5061 2930 5112 Patre
2964 5077 3055 5129 per
3096 5058 3317 5122 Filium,
3370 5059 3590 5129 profun-

2015 5149 2163 5201 ditur
2211 5148 2462 5218 Spiritus.
2489 5150 2561 5202 Es
2595 5150 2986 5219 Chrysostomo
3023 5152 3073 5203 in
3111 5151 3345 5217 quadam
3402 5150 3587 5203 Homi-

2018 5239 2085 5291 lia
2118 5250 2248 5293 tom.
2289 5238 2327 5291 ν
2361 5242 2448 5292 ed.
2484 5240 2651 5293 Savil.
2690 5257 2741 5309 p.
2772 5241 2876 5295 674
2907 5256 2921 5294 :
2966 5241 3025 5293 ὐ
3071 5241 3260 5312 Σωτὴρ
3308 5240 3584 5293 δείκνυσιν

2014 5330 2205 5383 ἑαυτὸν
2233 5332 2414 5399 πηγὴν
2466 5331 2632 5401 ζωῆς,
2672 5332 2765 5385 καὶ
2802 5332 2945 5403 ὕδωρ
2998 5332 3103 5396 ζῶν
3131 5335 3189 5386 τὸ
3251 5332 3472 5401 Πνεῦμα
3525 5330 3587 5382 τὸ

2015 5424 2190 5489 ἅγιον.
2226 5424 2311 5484 Ει,
2329 5425 2459 5493 ὁρᾷς
2485 5425 2665 5494 πηγὴν
2691 5424 2882 5487 ὓδατος
2912 5426 3003 5479 τὸν
3034 5428 3187 5491 Θεὸν,
3223 5424 3331 5488 ζῶν
3354 5425 3411 5477 δὲ
3439 5423 3584 5491 ὕδωρ

2012 5515 2072 5567 τὸ
2104 5513 2325 5582 Πνεῦμα
2346 5518 2408 5568 τὸ
2436 5516 2592 5585 ἅγιον
2623 5534 2636 5547 '
2670 5518 2821 5585 πηγὴ
2847 5517 3035 5580 ὓδατος
3071 5517 3270 5580 ζῶντος
3296 5517 3326 5568 ὁ
3373 5516 3581 5582 Πατὴρ,

2014 5607 2254 5673 ποταμὸς
2288 5608 2351 5659 ἐκ
2381 5609 2478 5676 τῆς
2507 5610 2692 5678 πηγῆς
2719 5611 3119 5677 προερχόμενος
3144 5610 3172 5659 ὁ
3228 5606 3375 5669 Υἱὸς,
3438 5603 3583 5671 ὕδωρ

2010 5696 2105 5750 τοῦ
2134 5698 2382 5766 ποταμοῦ
2414 5699 2473 5751 τὸ
2501 5700 2721 5765 Πνεῦμα
2756 5700 2815 5751 τὸ
2836 5699 3012 5762 ἅγιον·
3053 5698 3307 5752 Salvator
3356 5697 3583 5748 ostendit

2013 5808 2066 5844 se
2098 5791 2265 5859 ipsum
2320 5790 2510 5857 [ornem
2559 5808 2665 5845 eme
2723 5791 2862 5857 ritw,
2923 5799 2969 5843 et
3012 5806 3203 5853 aquam
3253 5805 3418 5843 rivum
3465 5803 3580 5840 esse
