4036 6440
439 354 542 417 7η

1486 362 1784 424 POSSINI
1816 359 2471 421 OBSERVATIONUM
2522 358 2664 420 LIB.
2714 355 2803 419 Π.

3575 353 3689 416 800

436 467 691 537 Spiritum
715 479 977 524 slmclum,
1007 471 1091 536 Et,
1127 474 1264 527 vides
1317 474 1520 543 [atatem
1587 493 1741 546 aqum
1795 476 2005 537 Deum;
2038 478 2080 531 Α
2113 473 2195 526 tit.
2229 468 2404 524 Verba
2458 469 2672 524 Ricardi
2727 469 2841 523 htec
2891 474 3019 521 sunt
3066 480 3081 518 :
3120 464 3261 522 Nam
3305 465 3426 521 Setia
3473 466 3682 535 quidem

437 576 631 625 aquam
696 573 873 614 autem
944 563 1113 632 vivam
1184 563 1447 632 Spiritum
1519 576 1791 622 sanctum.
1859 565 2003 622 Fons

435 665 586 718 aqme
622 651 746 704 vim
774 651 934 706 Pater
956 630 1055 718 Est,
1113 630 1308 723 [iumen
1329 671 1394 710 ea:
1429 656 1573 726 fonte
1606 658 1888 728 procedens
1920 657 2007 711 Fi-

436 740 556 800 lius.
585 759 723 808 aqua
745 744 981 812 ﬂuminis
1004 744 1235 816 Spiritus
1266 761 1506 804 sanctus.

506 833 666 903 737
694 834 820 889 llzec
873 851 991 902 qua:
1033 853 1202 905 pauca
1234 839 1299 893 de
1343 839 1527 894 multis
1558 840 1872 909 speciminis
1915 843 2006 897 hic

436 921 607 989 gratia
639 927 942 990 posuimus,
968 926 1099 995 quin
1128 936 1180 980 et
1205 927 1257 982 in
1279 929 1527 983 eamdem
1551 932 1876 986 sententiam
1898 947 2003 985 non

436 1012 614 1067 minus
640 1014 837 1069 diserta
866 1018 1041 1085 plura,
1085 1020 1203 1074 sine
1252 1019 1419 1075 dubio
1470 1029 1760 1090 potuerant
1790 1039 1856 1078 ex
1896 1022 2035 1078 Pas--

437 1105 608 1159 tribus
643 1107 883 1177 allegare
908 1111 1040 1164 socii
1075 1111 1260 1178 Verci,
1291 1111 1492 1181 quippe
1517 1112 1720 1179 quibus
1751 1114 1841 1169 diu
1884 1129 2005 1170 cum

437 1197 617 1253 Vecco
657 1198 711 1253 in
734 1200 1019 1271 theologica
1040 1202 1276 1270 Spiritus
1302 1202 1388 1275 IP.
1411 1201 1723 1274 526]saucti
1752 1219 2006 1275 perscru-

438 1288 642 1341 tatione
684 1291 916 1344 versatis
957 1291 1138 1362 ignota
1171 1292 1223 1345 in
1255 1291 1360 1348 hoc
1390 1306 1591 1362 genere
1624 1308 1747 1349 esse
1776 1309 1882 1350 non
1906 1310 2007 1366 po-

438 1389 617 1432 terant
670 1396 793 1449 quae
848 1381 1001 1437 fuere
1053 1382 1158 1451 ipsi
1199 1383 1375 1438 Vecco
1440 1385 1904 1453 perspectissima,
1946 1394 2008 1442 ut

406 1471 754 1539 ‘intel'igitur
786 1488 851 1527 ex
889 1474 1050 1544 hujus
1080 1475 1319 1544 scriptis,
1353 1490 1471 1546 quae
1495 1476 1689 1546 partim
1717 1478 1886 1533 edidit
1920 1476 2003 1534 Ill.

438 1561 690 1629 Allatius,
714 1565 905 1630 partim
942 1567 1070 1636 legit
1094 1566 1146 1620 in
1176 1583 1337 1621 manu
1380 1568 1622 1624 exaratis
1648 1569 1928 1626 codicibus
1952 1580 2009 1627 et

435 1670 499 1709 ex
539 1654 604 1709 iis
646 1657 873 1726 plurima
903 1658 1189 1727 descripsit
1229 1659 1486 1718 Petavius
1529 1672 1714 1717 noster
1749 1664 1804 1716 in
1842 1678 2010 1731 opere

437 1742 886 1816 Thcologicorum
924 1748 1270 1817 Dogmatum.
1298 1751 1403 1806 Sed
1431 1753 1685 1807 consulto
1717 1752 1785 1806 id.
1808 1754 2011 1810 omise-

437 1848 584 1903 runt,
642 1841 783 1909 quod
844 1857 986 1897 nune
1040 1857 1146 1896 non
1194 1851 1314 1897 erat
1373 1843 1463 1899 his
1515 1843 1687 1898 locus.
1733 1844 2012 1911 Agebatur

435 1929 652 1999 quippe,
692 1940 750 1984 ut
797 1930 947 1995 dixi,
981 1947 1243 1987 verumne
1302 1940 1452 1988 esset
1500 1933 1708 1988 crimen
1742 1933 2013 1993 haereseos

436 2019 729 2090 impactum
765 2022 944 2079 Vecco
970 2032 1024 2078 et
1052 2024 1219 2080 sociis
1255 2040 1271 2078 :
1304 2039 1409 2079 non
1438 2033 1616 2079 autem
1651 2024 1717 2079 de
1760 2026 2012 2097 dogmate

435 2113 836 2182 inquirebatur.
871 2110 937 2171 Et
978 2117 1317 2173 calumnioso
1361 2118 1595 2173 artiﬁcio
1625 2116 1787 2173 Vecci
1820 2122 2014 2174 adver-

434 2205 566 2259 sarii
599 2205 816 2261 eludere
841 2208 1183 2263 conabantur
1207 2210 1315 2264 vim
1359 2209 1694 2267 defensionis
1725 2210 1865 2281 ejus,
1904 2212 2015 2269 alio

438 2296 770 2350 traducvnda
801 2302 1123 2368 quaestione.

511 2387 568 2443 P.
622 2390 710 2445 95.
775 2389 896 2445 Non
950 2393 1212 2460 confiteris
1272 2392 1531 2462 Spiritum
1593 2404 1835 2451 sanctum
1886 2416 2013 2454 con-

438 2482 644 2533 tinuum
693 2481 874 2546 Patri,
910 2495 1015 2538 etc.
1072 2485 1186 2540 lloc
1227 2486 1400 2554 ipsum
1449 2488 1743 2544 absurdum
1798 2489 2013 2547 Latinis

438 2573 687 2643 impingit
716 2590 841 2629 acer
866 2575 1177 2630 Graecorum
1209 2578 1483 2635 haereseos
1521 2578 1776 2635 defensor
1806 2581 2011 2651 Grego—

440 2665 552 2719 rius
583 2665 851 2733 Palamas,
890 2669 1231 2725 contendens
1268 2670 1452 2726 doceri
1488 2686 1517 2725 a
1565 2671 1839 2738 Patribus,
1887 2676 2012 2746 Spi-

436 2757 600 2811 ritum
642 2769 890 2814 sanctum
936 2762 1194 2816 continue
1244 2777 1307 2816 ac
1340 2765 1473 2818 citra
1518 2765 1752 2820 medium
1794 2782 1822 2822 a
1851 2766 2015 2825 Patre

435 2850 748 2918 procedere.
795 2853 907 2906 Καὶ
961 2853 1093 2924 μὴν,
1129 2855 1324 2925 inquit,
1361 2857 1562 2928 ὲρῤἕθη
1610 2859 1707 2912 καὶ
1749 2856 1811 2912 τὸ
1871 2860 2015 2915 Θεϊον

436 2940 660 3011 Πνεῦμα
696 2944 760 2995 ὲκ
792 2944 1005 3011 Πατρὶς
1036 2946 1277 3015 ἀμέσως.
1316 2946 1552 3031 Ynltque
1585 2950 1637 3004 id
1682 2952 1856 3006 astrui
1889 2968 2016 3007 ver-

434 3034 585 3088 sibus
611 3035 934 3105 quibusdam
956 3036 1015 3093 S.
1042 3037 1284 3109 Gregorii
1309 3042 1590 3111 Theologi,
1624 3043 1820 3111 quibus
1848 3043 2019 3100 Filius

2105 563 2355 631 processit
2403 563 2466 615 de
2514 560 2813 615 substantia
2848 558 2983 613 Adae
3045 559 3372 616 immediate.
3407 559 3582 629 utique
3628 560 3688 614 in

2104 666 2357 727 quantum
2392 654 2494 723 fuit
2546 653 2610 707 de
2658 652 2869 722 proprio
2911 653 3138 716 semine;
3191 652 3418 705 mediate
3462 667 3579 706 vero
3629 653 3687 705 in

2103 755 2359 814 quantum
2419 745 2520 814 fuit
2554 744 2618 798 de
2649 745 2843 798 semine
2900 741 3052 797 Erat.
3092 742 3281 796 Talem
3330 753 3511 797 autem
3562 757 3687 798 esse

2104 837 2180 890 ait
2222 836 2621 906 processionem
2681 835 2845 906 738
2887 835 3061 890 sancti
3098 834 3337 904 Spiritus
3383 849 3450 890 ex
3498 835 3685 901 Patre,

2105 929 2397 982 mediatam
2455 927 2670 995 quidem
2731 938 2998 997 quatenus
3045 941 3113 982 ex
3165 928 3304 981 Filio
3360 939 3486 995 est,
3522 944 3688 997 quem

2108 1016 2273 1071 Pater
2318 1017 2539 1087 genuit.
2586 1016 2748 1071 simul
2785 1026 2964 1070 autem
3016 1015 3391 1070 immediatam
3438 1032 3691 1084 quoque,

2108 1108 2368 1178 quoniam
2406 1104 2576 1160 Filius
2613 1105 2817 1174 pariter
2854 1117 2908 1160 et
2937 1106 3097 1161 Pater
3145 1117 3391 1161 sanctum
3425 1106 3693 1175 Spiritum

2107 1198 2440 1267 producunt.
2478 1196 2712 1266 Spiritus
2754 1196 2904 1252 enim
2954 1211 3172 1251 sanctus
3204 1199 3393 1268 (verba
3422 1209 3552 1252 sunt
3578 1199 3695 1251 Au-

2106 1290 2336 1359 gustini,
2368 1289 2406 1346 l.
2436 1304 2527 1354 ιν,
2577 1288 2653 1345 De
2688 1288 2977 1352 Trinitate,
3028 1304 3079 1345 c.
3126 1288 3220 1359 27)
3273 1304 3378 1344 non
3424 1289 3490 1342 de
3527 1288 3696 1344 Patre

2106 1380 2339 1445 procedit
2368 1382 2422 1435 in
2471 1379 2687 1445 Filium,
2714 1391 2763 1434 et
2792 1382 2856 1435 de
2885 1378 3028 1434 Filio
3078 1381 3313 1449 procedit
3372 1382 3440 1434 ad
3491 1382 3693 1435 sancti-

2106 1471 2378 1541 ﬁcandam
2429 1483 2754 1537 creaturam,
2784 1474 2874 1528 sed
2901 1473 3060 1526 simul
3080 1474 3145 1528 de
3175 1483 3398 1543 utroque
3432 1474 3692 1542 procedit,

2106 1565 2343 1635 quamvis
2380 1564 2477 1618 hoc
2513 1564 2658 1619 Filio
2694 1565 2857 1619 Pater
2882 1563 3113 1629 dederit,
3153 1578 3208 1619 ut
3251 1566 3694 1636 quemadmodum

2109 1656 2173 1706 de
2205 1668 2281 1716 se,
2310 1654 2389 1708 ita
2418 1653 2480 1708 de
2512 1655 2606 1710 illo
2635 1671 2835 1725 quoque
2862 1657 3129 1725 procedat.
3161 1655 3287 1713 Haec
3319 1659 3693 1727 Augustinus;

2111 1757 2232 1810 quae
2260 1752 2529 1812 quatenus
2554 1744 2810 1810 mediata,
2841 1756 3113 1813 quatenus
3141 1747 3513 1801 immmediata
3542 1744 3694 1800 Patri

2115 1834 2184 1888 sit
2212 1836 2385 1889 sancti
2434 1834 2673 1903 Spiritus
2730 1841 3027 1908 processio,
3060 1840 3362 1894 luculenter
3390 1841 3693 1908 explicant.

2188 1923 2250 1981 Ρ.
2302 1923 2391 1980 96.
2444 1924 2655 1981 Semire
2695 1939 2874 1983 autem
2919 1933 3226 1985 continuum
3260 1941 3369 1987 etc.
3414 1931 3700 2001 Signiﬁcat

2118 2017 2204 2072 his
2242 2020 2420 2073 verbis
2453 2018 2658 2076 Veccus
2679 2037 2785 2075 non
2816 2037 2976 2090 posse
3005 2023 3272 2078 catholice
3291 2025 3397 2079 dici
3431 2028 3696 2080 duntaxat

2116 2111 2476 2165 immediatant
2498 2115 2906 2183 processionem
2930 2118 3105 2171 sancti
3149 2116 3385 2186 Spiritus
3408 2134 3473 2171 ex
3496 2119 3693 2180 Patre;

2118 2202 2396 2257 dicendam
2428 2207 2574 2259 enim
2604 2220 2726 2261 esse
2747 2207 3294 2263 simulimmediatam
3316 2221 3363 2263 et
3382 2212 3699 2269 mediarum.

2119 2294 2303 2365 Itaque
2329 2297 2416 2351 hic
2445 2297 2506 2352 τὸ
2525 2298 2811 2370 προσεχῶς
2832 2302 3076 2357 continue
3099 2313 3389 2369 usurpatur
3411 2302 3697 2365 exclusiue,

2121 2388 2223 2442 hoc
2267 2401 2350 2443 cst
2405 2406 2526 2443 cum
2578 2392 2959 2448 subintellecta
3017 2394 3308 2463 negatione
3356 2397 3699 2451 mediatianis

2120 2479 2303 2533 ullius.
2333 2478 2518 2547 Qualis
2569 2493 2749 2538 tamen
2807 2485 2987 2555 aliqua
3031 2487 3083 2540 in
3118 2487 3471 2555 processione
3518 2489 3699 2542 sancti

2123 2569 2358 2641 Spiritus
2393 2590 2420 2627 a
2472 2574 2634 2629 Patre
2684 2579 3025 2647 agttsscenda
3079 2579 3399 2634 orthodoxis
3449 2590 3553 2643 est,
3602 2580 3698 2634 sed

2118 2679 2241 2735 qua:
2274 2680 2377 2719 non
2417 2667 2673 2722 excludat
2702 2669 3070 2723 immediatam
3103 2670 3281 2725 Patris
3325 2671 3497 2738 ipsius
3527 2670 3688 2725 actio

2121 2770 2245 2809 nem
2277 2756 2329 2809 in
2383 2760 2740 2825 productione
2777 2760 3037 2828 Spiritus,
3070 2771 3125 2815 at
3178 2772 3385 2816 tantum
3445 2762 3691 2817 admittat

2121 2846 2207 2920 [P.
2244 2846 2376 2922 527‘]
2410 2850 2461 2904 in
2502 2866 2569 2906 ea
2607 2853 2939 2907 consortium
2971 2852 3119 2916 Filii,
3157 2858 3241 2909 cui
3304 2858 3456 2925 prius
3488 2857 3689 2912 ratione

2124 2938 2282 2993 Pater
2328 2942 2442 3010 ipse
2487 2944 2967 2998 connnunicaverit
2992 2954 3046 2999 et
3075 2946 3122 2999 ei
3157 2961 3251 3014 per
3285 2949 3711 3016 generationem

2124 3034 2537 3089 identificaverit
2556 3034 2701 3089 illam
2720 3036 2892 3106 ipsam
2914 3053 3073 3091 unam
3093 3039 3296 3092 etindit
3312 3040 3516 3102 iditum,
3533 3056 3700 3109 quam

435 3134 491 3180 et
544 3124 602 3181 S.
639 3127 874 3195 Spiritus
928 3131 1133 3199 pariter
1184 3133 1443 3187 dicuntur
1501 3132 1638 3187 Θεοῦ
1693 3137 1911 3206 Harpe;
1947 3140 2015 3192 τὰ

2124 3124 2239 3194 ipse
2295 3126 2655 3193 originaliter,
2688 3127 2791 3181 hoc
2835 3141 2917 3181 est
2944 3144 3053 3182 non
3087 3130 3305 3182 aliunde
3330 3138 3561 3184 tractam
3606 3133 3697 3186 sed

434 3216 665 3288 δεύτερα
704 3219 873 3291 ἔχειν,
903 3224 1160 3278 secundas
1206 3240 1241 3277 α
1287 3222 1393 3277 Dec
1444 3223 1609 3281 Putre
1647 3225 1860 3284 habere.
1910 3228 2016 3284 Sed

435 3309 639 3364 frustra
667 3322 793 3366 sunt
818 3313 870 3366 hi
904 3315 1263 3372 schismatici.
1291 3315 1429 3369 Nam
1463 3317 1620 3388 juxta
1657 3318 1875 3374 Patrum
1907 3330 2015 3375 tam

435 3402 750 3459 Graecorum
782 3420 941 3473 quam
967 3407 1283 3462 Latinorum
1313 3412 1676 3467 orthodoxam
1714 3413 2016 3469 doctrinam

434 3502 727 3561 utrumque
773 3513 961 3552 verum
1009 3509 1128 3565 est,
1174 3509 1224 3554 et
1275 3503 1572 3570 procedere
1618 3504 1843 3573 ἀμέσως
1882 3508 2018 3561 citra

436 3585 665 3640 medium
707 3604 735 3641 a
785 3587 947 3644 Patre
985 3601 1234 3645 sanctum
1271 3591 1559 3662 Spiritum,
1588 3603 1644 3650 et
1673 3598 1923 3651 eumdem
1951 3598 2021 3652 δι’

437 3675 591 3740 Tib-1,
623 3695 715 3745 per
737 3678 931 3732 Filium
985 3695 1012 3732 a
1049 3681 1211 3735 Patre
1263 3685 1512 3748 produci.
1569 3685 1708 3754 Apte
1767 3676 2020 3742 conciliat

439 3769 552 3823 hau-
584 3770 637 3822 in
675 3774 912 3840 speciem
946 3774 1218 3827 co~ttrari:t
1256 3774 1525 3829 Ricardus
1556 3774 1888 3842 Victorinus,
1922 3780 1958 3833 Ι.
1985 3797 2020 3835 v

436 3860 516 3915 De
562 3862 843 3929 Trinitate,
874 3880 921 3916 c.
961 3865 1012 3927 6,
1053 3868 1156 3918 sim
1186 3866 1408 3918 litudine
1455 3882 1519 3921 ex
1561 3868 1817 3922 humanis
1856 3885 2021 3940 genae

438 3952 740 4008 rationibus
770 3956 1004 4008 adducta
1037 3973 1050 4008 :
1088 3954 1333 4010 Procedit
1379 3972 1604 4026 na-nque
1629 3958 1747 4030 (ait)
1793 3977 2018 4027 persona

436 4046 502 4098 de
540 4063 758 4113 persona
801 4048 1114 4117 quandoque
1159 4050 1369 4117 quidem
1420 4055 1787 4108 tantummodo
1834 4058 2019 4110 inmte-

437 4136 600 4200 diute,
632 4140 944 4207 quandoque
988 4141 1359 4194 tantummodo
1416 4145 1663 4211 mediate,
1705 4150 2020 4220 quandoque

439 4238 613 4281 autem
677 4232 904 4283 mediate
953 4231 1113 4284 simul
1174 4241 1223 4285 et
1305 4233 1632 4291 immediate.
1703 4237 2018 4307 Exemplum

436 4322 633 4375 deinde
686 4323 1051 4389 proccssionis
1086 4328 1461 4381 tantummodo
1505 4330 1831 4387 immediatae
1869 4334 2019 4402 pauit

442 4414 494 4465 in
547 4416 730 4466 lsaaco
782 4426 1031 4481 respectu
1070 4418 1364 4471 Abrahami
1394 4461 1408 4485 ,
1449 4421 1717 4483 siquidem
1775 4423 2019 4479 lsaacum

2079 3586 2101 3605 ‘
2123 3585 2457 3652 processione
2492 3584 2728 3649 Spiritus
2759 3586 2931 3640 sancti
2968 3587 3105 3642 libro

2123 3217 2445 3270 naturaliter
2471 3216 2858 3272 identiﬁcatam
2894 3234 3009 3274 sua:
3039 3235 3304 3290 persouze,
3338 3222 3500 3277 habet
3531 3223 3700 3290 spira~

2123 3307 2326 3361 ti0nem
2384 3307 2638 3372 activam,
2696 3310 2748 3363 in
2783 3324 2911 3379 qua,
2954 3324 3059 3364 non
3116 3311 3288 3364 solum
3333 3312 3384 3365 in
3419 3322 3611 3367 natura
3642 3323 3697 3367 et

2119 3398 2354 3452 essentia
2387 3399 2764 3465 divina,Patcr
2795 3411 2847 3453 et
2872 3399 3043 3455 Filius
3074 3417 3242 3456 unum
3267 3411 3413 3460 sunt.
3434 3404 3701 3457 Audiatur

2119 3499 2342 3546 sanctus
2416 3493 2707 3548 Ansehnus
2766 3494 2880 3548 haec
2935 3494 3217 3566 eleganter
3274 3498 3575 3565 explicans,
3627 3497 3703 3551 De

3149 3604 3164 3641 :
3212 3586 3429 3641 Constat
3480 3590 3671 3653 inexpu
3685 3619 3705 3629 -

2118 3676 2322 3744 gnabili
2349 3678 2554 3730 ratione
2587 3676 2841 3747 Spiritum
2873 3692 3114 3733 sanctum
3136 3698 3248 3734 esse
3282 3682 3345 3734 de
3375 3679 3517 3735 Filio
3544 3682 3704 3736 sicuti

2119 3778 2195 3822 est
2229 3771 2292 3821 de
2330 3767 2513 3831 Patre,
2548 3785 2639 3823 nec
2674 3781 2849 3824 tamen
2881 3788 2993 3825 esse
3031 3776 3095 3825 de
3123 3774 3329 3826 duobus
3350 3775 3704 3837 dicersis,scd

2119 3861 2183 3913 de
2211 3875 2337 3914 uno.
2366 3859 2448 3914 Ea:
2475 3876 2532 3914 eo
2563 3863 2696 3914 enim
2725 3864 2865 3932 quod
2903 3859 3065 3917 Pater
3087 3874 3135 3917 et
3166 3863 3336 3918 Filius
3372 3881 3533 3918 unum
3560 3877 3705 3929 sunt,

2120 3952 2177 4005 id
2197 3964 2268 4005 est
2289 3969 2353 4006 ex
2378 3952 2505 4020 Deo,
2535 3963 2613 4008 est
2646 3966 2692 4008 et
2725 3954 2959 4023 Spiritus
2989 3968 3225 4018 sanctus,
3250 3974 3352 4009 non
3384 3974 3450 4012 ex
3478 3975 3536 4011 ea
3569 3959 3710 4011 unde

2120 4042 2214 4095 alii
2245 4051 2367 4096 sunt
2408 4043 2472 4096 ab
2526 4044 2766 4098 invicem.
2790 4042 2893 4098 Sed
2923 4047 3172 4113 quoniam
3206 4046 3367 4112 Deus,
3398 4049 3462 4100 de
3489 4065 3591 4117 quo
3623 4062 3705 4102 est

2123 4130 2355 4199 Spiritus
2397 4147 2636 4200 sanctus,
2673 4146 2750 4191 est
2818 4135 2982 4191 Pater
3040 4147 3088 4192 et
3136 4136 3335 4205 Filius,
3364 4140 3563 4193 idcirco
3592 4157 3710 4194 cere

2121 4226 2316 4280 dicitur
2359 4243 2470 4283 esse
2504 4228 2568 4282 de
2602 4228 2760 4284 Patre
2783 4239 2830 4284 et
2876 4229 3044 4297 Filio,
3079 4233 3169 4303 qui
3209 4233 3315 4286 duo
3359 4243 3504 4287 sunt.
3538 4232 3707 4299 Cujus

2125 4319 2264 4371 ratio
2297 4327 2399 4383 est,
2435 4321 2560 4386 quia
2589 4321 2919 4390 principium
2949 4326 3185 4377 activum
3226 4324 3465 4394 Spiritus
3506 4327 3704 4386 sancti,

2124 4414 2238 4465 sive
2263 4413 2493 4482 spiratio
2522 4415 2720 4479 activa,
2753 4416 3019 4484 ejusmodi
3055 4418 3304 4486 qumiam
3343 4420 3422 4472 vis
3450 4429 3554 4481 est,
3586 4436 3709 4488 qua-

442 4505 756 4559 immediate
797 4507 1141 4563 Abrahamus
1189 4514 1408 4581 genuit;
1460 4515 1833 4581 processionis
1883 4531 2014 4569 vero
2046 4504 2089 4559 D
2122 4513 2178 4556 Ill
2215 4506 2268 4557 in
2304 4515 2488 4560 actum
2528 4517 2687 4561 exeat
2721 4509 2892 4579 exigit
2923 4508 3255 4563 itleutilicari
3298 4514 3549 4578 persOnis
3575 4514 3710 4565 «1112-

444 4597 822 4651 tantummodo
875 4598 1122 4654 mediataa
1169 4601 1221 4654 in
1265 4601 1471 4658 laccho
1527 4615 1777 4674 respectu
1839 4607 2013 4662 Abra-

442 4682 623 4750 liami;
661 4699 782 4749 nam
806 4684 1040 4742 Jacobus
1069 4690 1502 4758 patriarcharum
1528 4695 1813 4749 duodecim
1839 4707 2012 4765 pater,

444 4775 678 4829 mediate
711 4786 917 4830 tantum
943 4779 1010 4833 ab
1036 4781 1349 4839 Abrahamo
1374 4793 1457 4839 est
1483 4785 1720 4854 genitus,
1745 4798 2016 4861 quatenus

444 4865 612 4921 lilium
637 4868 929 4923 Abrahami
960 4871 1204 4928 isaacum
1227 4888 1436 4943 patrem
1463 4877 1673 4942 habuit,
1703 4880 1820 4946 ipse
1844 4880 2017 4933 Abra-

444 4959 588 5013 hami
636 4975 823 5030 nepos.
861 4962 974 5018 Hoc
1021 4970 1259 5023 secundo
1307 4971 1467 5023 modo
1526 4983 1656 5025 vere
1709 4981 1937 5038 negatur
1986 4990 2015 5027 a

444 5054 756 5107 ductoribus
786 5057 1071 5114 catholicis
1112 5071 1362 5115 sanctum
1412 5060 1679 5129 Spiritum
1716 5064 1942 5118 mediate
1987 5080 2015 5118 a

446 5140 607 5196 Patre
647 5147 956 5211 proci-dere.
990 5150 1092 5202 Sed
1124 5160 1208 5205 est
1244 5152 1349 5204 alia
1395 5153 1673 5219 processio
1705 5153 2016 5208 innueriiala

445 5233 607 5286 simul
639 5245 691 5288 et
735 5237 999 5302 inediata,
1040 5241 1193 5309 cujus
1234 5242 1466 5295 formam
1521 5241 1787 5299 Ricardus
1835 5247 2019 5299 statuit

447 5327 498 5377 in
532 5329 881 5395 generatione
910 5329 1061 5386 Sethi
1122 5347 1185 5386 ex
1240 5334 1445 5385 Adamn
1470 5345 1521 5389 et
1555 5336 1682 5389 Eva.
1719 5336 1851 5390 Nam
1884 5354 2020 5407 quo-

447 5431 589 5468 niam
626 5417 733 5471 Eva
790 5436 853 5474 ex
911 5420 1117 5473 Adamo
1151 5434 1528 5490 processerat,
1580 5425 1764 5491 utique
1798 5441 1859 5479 cs
1904 5427 2022 5495 ejus

444 5518 592 5561 costa
655 5509 906 5575 formata,
956 5510 1105 5565 Sethi
1156 5513 1443 5579 productio
1499 5530 1594 5583 per
1656 5517 1820 5570 Evam
1880 5516 2018 5571 iacta

446 5599 681 5653 mediata
715 5612 942 5657 eatenus
972 5615 1221 5672 respectu
1258 5605 1449 5660 Adami
1479 5607 1582 5663 fuit
1622 5627 1637 5664 :
1676 5624 1862 5663 verum
1894 5611 2021 5680 quia

445 5690 588 5745 idem
626 5692 979 5747 nihilominus
1026 5694 1265 5752 Adamus
1299 5713 1393 5767 per
1419 5714 1478 5754 se
1509 5702 1576 5756 ad
1602 5702 1747 5757 illam
1794 5716 2022 5771 genera-

446 5784 652 5839 tionem
693 5785 990 5853 concurrit,
1036 5787 1345 5846 immediata
1378 5794 1566 5850 eadem
1613 5794 1821 5851 Adamo
1854 5796 2021 5851 exsti-

2117 4597 2238 4658 hus,
2271 4612 2501 4666 quarum
2543 4614 2649 4653 una
2693 4616 2757 4654 ex
2789 4600 2960 4656 altera
2992 4603 3343 4671 processerit.
3380 4602 3537 4656 Unde
3580 4620 3710 4658 catt-

2116 4702 2231 4741 sam
2272 4690 2475 4754 reperit
2508 4690 2775 4747 Ricardtts
2804 4692 3139 4756 Victorinus,
3165 4695 3203 4748 Ι.
3250 4711 3278 4746 ν
3305 4693 3383 4748 De
3424 4695 3705 4760 Trinitate,

2117 4794 2168 4834 c.
2198 4779 2253 4844 7,
2282 4795 2380 4835 cur
2414 4783 2608 4838 ordine
2653 4785 2929 4853 posterior
2953 4785 3025 4840 sit
3057 4786 3336 4853 processio
3362 4792 3536 4841 sam-ti
3581 4789 3705 4857 Spi-

2121 4871 2259 4924 ritus
2310 4875 2659 4939 processione
2698 4873 2822 4928 Filii
2857 4892 2871 4928 :
2909 4874 3249 4931 Naturaliter
3298 4878 3524 4948 (inquit)
3563 4883 3708 4946 prior

2118 4972 2198 5016 est
2249 4965 2489 5018 dualitas
2536 4983 2698 5035 quam
2749 4968 3010 5023 trinitas:
3065 4987 3186 5024 nam
3231 4970 3329 5024 illa
3386 4983 3553 5038 potest
3596 4991 3707 5028 esse

2124 5058 2241 5112 sine
2268 5060 2391 5123 ista,
2428 5060 2533 5115 ista
2586 5078 2707 5116 vero
2748 5079 3020 5131 nunquam
3063 5065 3175 5118 sine
3208 5064 3331 5117 illa.
3374 5066 3708 5121 Naturairter

2123 5148 2300 5217 itaque
2330 5159 2375 5203 et
2407 5152 2669 5215 processio
2698 5151 2845 5220 prior
2873 5163 2970 5218 est,
2998 5169 3116 5223 qua:
3145 5165 3307 5221 potest
3341 5156 3622 5239 sybsistere
3655 5159 3706 5209 in

2121 5256 2462 5307 personarum
2493 5243 2777 5309 dualitate,
2810 5262 2966 5313 quant
2999 5245 3116 5307 illa,
3135 5262 3251 5313 qua:
3280 5263 3383 5300 non
3413 5259 3707 5305 rotcstcsse

2125 5334 2239 5386 sine
2298 5350 2642 5402 personarum
2727 5338 2990 5392 trinitate.
3058 5338 3197 5393 Hinc
3259 5341 3577 5409 iutnlljgitur
3652 5340 3701 5392 id

2127 5426 2271 5493 quod
2326 5427 2505 5480 innuit
2565 5430 2745 5482 verbis
2780 5445 2947 5497 sultra
2979 5430 3271 5500 descriptis
3305 5430 3535 5490 Vercus.
3573 5448 3703 5500 prov

2128 5518 2409 5586 prietatem
2468 5535 2595 5574 esse
2652 5521 3024 5574 dislittctivant
3098 5525 3469 5589 processimus
3506 5523 3626 5578 Filii
3670 5538 3699 5577 a

2128 5612 2475 5680 proccssione
2532 5611 2767 5681 Spiritus
2822 5616 3021 5675 sant-ti,
3077 5615 3219 5682 quod
3268 5614 3438 5670 Fiius
3482 5618 3700 5684 quidem

2126 5703 2387 5772 procedat
2408 5704 2479 5759 ab
2499 5720 2603 5761 uno
2629 5705 2746 5761 solo
2765 5707 3035 5777 principio
3058 5709 3197 5776 quod
3221 5717 3275 5761 et
3297 5724 3424 5777 quo,
3453 5709 3519 5763 ab
3541 5709 3701 5763 unica

2128 5793 2380 5849 nimirum
2444 5809 2676 5866 persona
2734 5797 2939 5865 divina,
2994 5797 3176 5864 Patre,
3224 5806 3277 5853 et
3329 5815 3427 5869 per
3483 5801 3694 5855 unicam
