4036 6374
305 336 408 401 801

1826 342 2066 403 NOTAE.

3480 360 3587 423 80:2

302 453 712 521 generationem
788 455 1022 509 activam
1085 451 1661 510 incommunicabilem
1733 457 1890 512 alteri
1928 463 1965 516 Α
1996 459 2122 528 poni
2157 467 2366 527 poterat
2402 459 2531 514 illud
2567 460 2768 519 Christi
2803 463 2870 518 ad
2902 464 3280 536 Nicodamum,
3310 469 3470 528 Joan.
3496 492 3580 533 ιιι.

301 561 570 615 personas,
609 546 844 617 Spiritus
880 563 1010 602 vero
1059 557 1283 602 sanctus
1314 550 1573 618 procedat
1603 558 1657 606 et
1695 566 1888 620 prace-

295 638 428 691 dere
477 639 659 707 exigat
713 654 806 706 per
855 639 1076 693 unicum
1122 641 1338 709 quidem
1373 640 1535 710 739
1562 642 1885 710 principium

297 733 425 800 quo,
475 747 671 800 nempe
723 733 1064 799 spirationem
1101 734 1324 786 artiram
1378 735 1589 788 unicam
1655 736 1888 792 indivise

295 835 654 890 propagatam
693 839 759 876 ex
794 823 952 877 Patre
1002 825 1057 876 in
1111 823 1335 889 Filium,
1388 838 1570 881 tamen
1609 843 1637 881 a
1676 829 1883 886 duobus

299 913 584 982 principiis
616 916 776 984 quod,
811 915 1042 984 geminis
1076 915 1328 968 videlicet
1361 917 1883 987 personis,quarum

297 1004 388 1059 ubi
423 1008 574 1074 prior
603 1007 757 1060 alteri
789 1007 1278 1062 communicaverit
1313 1010 1418 1062 vim
1465 1012 1735 1080 propriam
1771 1014 1885 1081 spi-

297 1100 478 1166 randi,
507 1101 676 1152 amba:
710 1102 1091 1169 conSpiranles
1142 1117 1238 1171 per
1278 1117 1438 1156 unam
1495 1103 1881 1159 indivisibilent

298 1193 668 1260 operationem
737 1194 1038 1262 producant
1103 1195 1320 1248 tertiam
1380 1211 1705 1264 personam,
1762 1213 1885 1268 quas

296 1293 521 1339 Sanctus
549 1294 632 1339 est
667 1286 921 1353 Spiritus.
957 1287 1130 1356 Atque
1169 1287 1285 1344 ha'c
1325 1299 1404 1344 est
1431 1291 1518 1344 illa
1555 1294 1694 1344 ratio
1731 1295 1887 1362 diﬂ'e-

295 1379 482 1430 rentice
517 1395 676 1447 quam
710 1379 906 1449 allegat
945 1381 1032 1434 hic
1068 1379 1290 1448 Vecvus,
1319 1399 1436 1437 eam
1481 1387 1698 1438 obstare
1729 1388 1882 1440 aiens

295 1471 590 1538 quominus
647 1472 753 1525 dici
819 1474 988 1541 possit
1043 1474 1281 1541 Spiritus
1338 1478 1585 1530 continue
1631 1495 1693 1530 ex
1723 1477 1884 1532 Patre

293 1563 582 1632 προσεχῶς
614 1566 677 1616 ἐκ
707 1563 798 1617 τοῦ
834 1566 1075 1635 Πατρός,
1120 1568 1260 1635 quod
1293 1570 1522 1636 sumpsit
1573 1585 1635 1623 es
1677 1569 1872 1637 Grego-

293 1653 381 1706 rio
419 1653 666 1725 Nysseno
701 1658 752 1712 in
784 1659 1016 1727 epistola
1068 1665 1133 1713 ad
1186 1661 1492 1724 Ahlabium,
1524 1663 1664 1715 unde
1710 1671 1880 1714 totum

293 1745 444 1801 hunc
491 1749 666 1803 locum
705 1751 860 1816 juvat
893 1752 980 1806 hic
1008 1753 1340 1821 descriptum
1377 1768 1681 1824 proponere
1719 1771 1730 1807 :
1769 1755 1876 1808 Τοῦ

292 1835 353 1902 ἐξ
389 1838 572 1901 αἰτίας
595 1838 748 1903 ὄντος
775 1842 938 1895 πάλιν
970 1843 1141 1914 ἄλλην
1172 1844 1438 1916 διαφορὰν
1470 1845 1758 1916 ἐννοοῦμεν
1776 1864 1788 1877 ·
1815 1847 1876 1899 τὸ

293 1928 398 2000 μὲν
451 1935 560 2003 γὰρ
614 1935 905 2004 προσεχῶς
935 1937 998 1988 ὲκ
1043 1936 1138 1988 τοῦ
1189 1936 1434 2003 πρώτου,
1466 1939 1525 1990 τὸ
1555 1939 1612 1990 δὲ
1652 1939 1742 1992 διὰ
1783 1938 1878 1991 τοῦ

291 2023 585 2093 προσεχῶς
610 2039 624 2054 ’
665 2024 797 2095 Ejus
836 2029 973 2094 quod
1010 2044 1074 2081 ex
1100 2029 1358 2098 principio
1391 2043 1464 2084 est
1497 2046 1683 2084 rursus
1711 2032 1880 2086 aliam

287 2115 650 2185 differentiam
706 2119 1078 2188 intelligimus.
1137 2120 1279 2175 Nam
1327 2122 1475 2175 aliud
1517 2124 1763 2178 continue
1815 2143 1880 2179 ex

288 2212 463 2278 primo
492 2221 589 2273 est,
624 2213 774 2264 aliud
801 2229 921 2266 vero
971 2230 1063 2280 per
1092 2213 1228 2266 illud
1257 2215 1396 2281 quod
1425 2226 1502 2268 est
1541 2218 1788 2270 continue
1816 2235 1880 2272 ex

287 2302 482 2368 primo.
513 2299 664 2354 Unde
694 2305 876 2356 statim
910 2304 1072 2357 infert
1112 2301 1390 2374 Nyssenus
1418 2307 1582 2373 idem,
1611 2307 1754 2361 ὥστε
1785 2312 1880 2364 καὶ

287 2391 698 2461 τὺεμονογενὲς
741 2395 1116 2464 ἀναμφίϐολον
1174 2395 1270 2449 ἐπὶ
1323 2396 1418 2450 τοῦ
1473 2399 1603 2452 Υἱοῦ
1665 2403 1876 2470 μένειν.

291 2483 408 2539 Hoc
450 2484 568 2539 loco
621 2491 910 2556 μονογενὲς
948 2503 1054 2541 ιιοιι
1109 2489 1250 2542 idem
1287 2490 1430 2556 quod
1473 2490 1662 2547 Latine
1693 2495 1878 2563 unige-

288 2575 463 2628 nitum
514 2587 688 2640 sonat,
727 2579 844 2643 sed,
876 2587 1033 2648 prout
1083 2580 1296 2633 erudite
1347 2583 1490 2635 hunc
1530 2586 1704 2651 ipsum
1740 2585 1877 2654 Nys-

287 2667 409 2722 seui
441 2670 618 2721 locum
667 2678 907 2725 tractans
944 2671 1180 2739 explicat
1208 2669 1426 2727 Manuel
1457 2676 1703 2742 Cale-cas,
1739 2694 1786 2730 (τ.
1821 2680 1876 2740 '5.

286 2759 564 2828 signiﬁcat
613 2761 666 2812 id
717 2763 855 2827 quod
911 2779 1074 2816 unum
1105 2782 1168 2818 ex
1197 2781 1300 2818 uno
1340 2769 1667 2835 producitur.
1701 2768 1873 2823 Verba

285 2863 418 2908 Sunt
463 2853 673 2908 Calecae
706 2872 718 2908 :
755 2855 857 2909 Καὶ
889 2857 946 2910 τὸ
981 2860 1277 2927 μονογενὲς
1326 2860 1702 2929 ἀναμφιϐόλου
1739 2863 1877 2933 (lege

286 2948 703 3018 ἀναμφιϐόλως)
753 2951 846 3001 ἐπὶ
879 2950 971 3003 τοῦ
1004 2950 1139 3004 Υἱοῦ
1192 2953 1364 3022 μένει.
1423 2954 1601 3016 Μόνος
1653 2956 1761 3022 γὰρ
1811 2958 1874 3008 ἐκ

290 3038 488 3109 μόνον,
520 3042 640 3093 ἐπεὶ
670 3041 832 3112 μέχρι
853 3043 1048 3095 τούτου
1086 3044 1303 3115 ἵστησιν
1331 3046 1358 3097 ὁ
1389 3045 1546 3112 λόγος
1570 3049 1667 3114 τῆς
1701 3047 1877 3119 ὑπάρ-

284 3131 427 3195 ξεως
461 3133 629 3188 αὑτοῦ
664 3134 726 3186 τὸ
761 3137 983 3204 ἰδίωμα·
1027 3135 1331 3207 Manogenis
1363 3139 1552 3193 titulus
1580 3140 1689 3193 sine
1716 3141 1872 3194 dubio

1998 551 2065 606 10
2093 573 2102 606 :
2134 551 2211 606 Tu
2241 570 2293 608 es
2324 556 2580 623 magister
2613 555 2669 608 in
2693 555 2889 622 Israel,
2923 571 2970 612 et
2997 561 3105 614 Itwc
3135 563 3389 632 ignoras?
3418 568 3582 640 740

1995 643 2147 708 Quod
2183 651 2364 696 autem
2408 654 2569 714 negat
2594 661 2652 700 se
2686 647 2762 700 ita
2799 648 2939 718 loqui
2974 652 3243 717 didicisse,
3279 657 3430 726 culpa
3464 660 3581 727 ejus

1995 745 2098 799 ρει,
2136 734 2278 802 quod
2315 737 2516 806 scripta
2553 739 2936 804 magiSIrorum
2965 759 3070 798 non
3094 744 3312 814 legisset
3337 759 3396 803 ut
3420 751 3583 805 debu-

1993 836 2130 889 erat,
2171 826 2388 881 Patrum
2422 830 2681 884 nimirum
2713 835 3087 902 antiquorum,
3122 838 3209 892 uhi
3247 855 3364 906 quae
3395 843 3584 897 all‘ere-

1991 915 2084 969 bat
2112 914 2322 972 Veccus
2350 920 2658 974 invenerat.
2689 922 2794 978 Sed
2821 923 2978 995 longe
3011 929 3260 985 inscitius
3289 933 3446 999 hujus
3503 937 3584 987 di-

1992 1017 2136 1060 ctum
2191 1008 2424 1063 refertur
2454 1009 2626 1076 infra,
2676 1014 2764 1068 ubi
2814 1016 3191 1073 ει-Ιιίειιιιιιίειιε
3248 1022 3349 1076 iste
3397 1022 3585 1078 diliuit

1992 1097 2244 1153 haeresim
2281 1104 2522 1172 reputari
2558 1105 2619 1156 τὸ
2653 1109 2909 1178 συνιστᾷν
2942 1108 3118 1161 θέλειν
3147 1111 3437 1182 ἀσύνηθες,
3476 1116 3580 1168 κᾶν

1990 1192 2228 1260 ἀσφαλὲς
2254 1189 2344 1266 ἦν,
2387 1197 2627 1252 stabilire
2663 1199 2792 1254 velle
2842 1202 3108 1257 insuetum
3147 1205 3444 1275 quippiam,
3481 1212 3580 1263 etsi

1991 1302 2237 1340 securum
2295 1289 2386 1344 sit.
2419 1289 2538 1357 Quo
2569 1291 2915 1361 iniquissimo
2948 1297 3129 1352 edicto
3161 1314 3351 1356 omnes
3386 1302 3579 1355 Eccle-

1988 1377 2081 1432 siae
2113 1375 2327 1443 Patres,
2362 1395 2550 1433 omnes
2583 1381 2842 1451 theologi,
2872 1401 3064 1440 omnes
3099 1402 3382 1444 sacrorum
3419 1391 3581 1444 libro-

1993 1487 2112 1524 rum
2151 1473 2450 1542 intepretes
2487 1476 2539 1529 in
2575 1477 2954 1532 haereticorum
3001 1482 3273 1548 ergastula
3326 1484 3577 1550 compin-

1990 1575 2214 1632 guntur.
2251 1564 2459 1632 Quotus
2508 1568 2651 1622 enim
2702 1569 2933 1638 quisque
2968 1570 3183 1625 illorum
3236 1589 3341 1628 non
3375 1575 3575 1644 aliquid

1989 1655 2193 1723 profert
2224 1657 2510 1725 insuetum,
2545 1657 2728 1713 idiotis
2747 1661 3046 1730 praesertim
3075 1671 3170 1716 aut
3203 1665 3252 1717 in
3279 1665 3459 1719 studio
3490 1684 3576 1721 5a—

1991 1759 2099 1798 Crae
2137 1747 2400 1800 doctrina:
2445 1749 2807 1818 ncgligeutius
2852 1754 3104 1820 versatis,
3153 1755 3364 1824 qualem
3395 1773 3453 1811 se
3486 1759 3573 1811 hic

1981 1837 2288 1904 patriarcha
2313 1838 2694 1896 schismaticus
2717 1844 2893 1911 prodit
2929 1844 2951 1896 ?

2057 1929 2189 1983 lhid.
2228 1929 2325 1985 Ubi
2348 1931 2488 1984 enim
2520 1933 2638 2000 plus
2669 1937 2812 1988 clare
2840 1937 3284 2003 deprehendatur,
3309 1951 3413 1996 etc.
3443 1944 3574 1999 Vor-

1985 2019 2051 2076 ιω
2085 2023 2819 2095 suntConstantinopolitani
2844 2031 3166 2098 patriarcha:
3187 2034 3435 2104 Gregorii
3466 2038 3572 2108 Cy-

1987 2117 2114 2184 prii,
2144 2132 2264 2186 quaa
2303 2118 2453 2173 illum
2487 2121 2784 2175 ostendunt
2813 2125 2984 2179 nihilo
3015 2135 3105 2181 aut
3141 2127 3440 2184 doctiorem
3476 2142 3570 2185 aut

1993 2209 2420 2266 moderatiorem
2469 2214 2770 2271 Athanasio
2819 2217 2923 2272 isto
2967 2219 3354 2287 Alexandrino,
3407 2238 3568 2292 quem

1985 2303 2148 2355 modo
2203 2307 2540 2364 notavimus.
2575 2307 2829 2364 Profecto
2882 2312 3053 2374 enim,
3088 2313 3132 2364 si
3162 2329 3224 2366 ex
3277 2329 3432 2382 aequo
3485 2330 3572 2369 re-

1984 2396 2285 2462 spondente
2309 2397 2393 2451 vel
2427 2397 2587 2454 famte
2618 2415 2725 2470 qua
2763 2402 3163 2469 celebrabatur,
3206 2406 3288 2460 vel
3321 2407 3566 2475 dignitati

1985 2502 2086 2550 qua
2127 2487 2390 2558 fulgebat,
2427 2502 2573 2546 esset
2603 2494 2909 2550 eruditione
2955 2499 3232 2564 praeditus,
3272 2515 3378 2552 non
3417 2501 3570 2566 igno-

1984 2589 2133 2632 raret
2162 2595 2279 2648 quas
2309 2582 2372 2635 de
2421 2582 2733 2638 immediata
2766 2586 2927 2640 simul
2967 2597 3022 2640 et
3069 2588 3306 2644 mediata
3341 2605 3566 2658 proces-

1981 2669 2136 2722 sione
2187 2671 2364 2725 sancti
2418 2671 2654 2742 Spiritus
2710 2690 2772 2729 ex
2822 2675 2981 2730 Patre
3039 2688 3269 2742 veteres,
3312 2690 3368 2733 ut
3404 2684 3566 2748 paulo

1980 2761 2224 2826 superius
2261 2764 2616 2828 ostendimus,
2645 2763 2900 2820 Ecclesia:
2928 2769 3176 2822 doctores
3207 2785 3400 2838 magno
3431 2787 3564 2823 con-

1979 2864 2142 2903 sensu
2180 2853 2434 2915 tradunt;
2474 2863 2526 2908 et
2565 2855 2611 2910 si
2636 2871 2754 2909 eam
2789 2859 3148 2912 reverentiam
3183 2861 3420 2929 antiquis
3455 2861 3563 2914 Pa-

1981 2942 2155 2996 tribus
2201 2944 2465 3000 tribueret
2497 2963 2659 3015 quam
2699 2947 2767 3002 iis
2812 2963 2842 3002 a
2887 2951 3156 3006 catholico
3205 2955 3418 3022 quovis,
3453 2970 3566 3006 uia-

1979 3033 2124 3088 xime
2156 3045 2337 3088 autent
2397 3038 2688 3106 episcopis,
2729 3040 2930 3095 deferri
2978 3057 3078 3112 par
3127 3053 3231 3106 est,
3288 3060 3562 3113 nunquam

1979 3128 2273 3196 nugatoria:
2306 3131 2646 3197 loquacitatis
2680 3133 3048 3202 plenissimam
3083 3135 3308 3198 diceret,
3341 3151 3501 3205 quam
3533 3155 3562 3190 a

285 3223 438 3277 Filio
465 3227 710 3294 proprius
753 3240 922 3281 manet
956 3244 974 3282 :
1002 3229 1146 3282 solus
1174 3233 1311 3283 enim
1342 3249 1406 3286 ea:
1437 3233 1550 3286 solo
1576 3241 1672 3299 est,
1706 3251 1872 3304 quan-
1903 3219 1941 3271 (ἶ
1979 3229 2167 3274 εθυείο
2215 3220 2477 3290 Gregorio
2529 3224 2771 3294 Nysscno
2816 3227 3036 3282 άῖεθτιίε
3071 3227 3327 3284 ΗΠῘΙῚΜΓῘ
3376 3230 3563 3284 verbis

280 3319 565 3386 doquidem
625 3328 838 3373 eatenus
884 3320 1178 3376 orthodoxa
1229 3324 1471 3378 doctrina
1543 3326 1681 3378 sistit
1725 3327 1869 3380 illius

280 3411 610 3466 exsistentite
663 3412 1059 3477 praprietatem.
1095 3411 1356 3466 Potuerat
1425 3415 1523 3468 hoc
1576 3416 1870 3485 GregOrius

281 3501 564 3573 Nysscnus
619 3503 878 3558 didicisse
931 3521 960 3558 a
1001 3507 1220 3561 seniore
1252 3507 1418 3562 fratre
1453 3507 1684 3574 Basilio,
1715 3512 1870 3578 cujus

281 3607 470 3654 ex3tat
519 3598 584 3651 ad
634 3599 856 3651 fratrem
890 3597 1190 3669 Nyssenum
1226 3602 1477 3668 epistola,
1515 3603 1565 3655 in
1616 3619 1720 3671 qua
1754 3607 1869 3658 hmo

281 3693 537 3759 leguntur
571 3707 584 3744 :
627 3690 688 3742 Ὀ
739 3690 794 3743 δὲ
832 3690 982 3751 Υἱὸς,
1017 3691 1043 3742 ὁ
1082 3691 1142 3744 τὸ
1191 3693 1255 3744 ἐκ
1304 3692 1400 3745 τοῦ
1456 3694 1672 3762 Πατρὺς
1707 3696 1872 3747 ἐκπο-

282 3783 585 3854 ρευόμενον
618 3782 842 3851 Πνεῦμα
889 3782 958 3834 δι’
989 3782 1186 3834 ἑαυτοῦ
1223 3783 1320 3835 καὶ
1353 3784 1473 3852 μεθ’
1508 3784 1703 3837 ἑαυτοῦ
1731 3802 1871 3853 γνω-

281 3873 476 3947 ρίζων,
518 3874 678 3944 μόνος
723 3874 1030 3943 μονογενῶς
1083 3878 1147 3928 ἐκ
1203 3875 1297 3927 τοῦ
1343 3876 1641 3946 ἁγεννὴτου
1693 3878 1868 3946 φωτὸς

278 3966 590 4036 ἐκλάμψας,
615 3967 876 4036 οὐδεμίαν
907 3967 1049 4020 κατὰ
1085 3967 1145 4020 τὸ
1179 3963 1379 4030 ἰδιάζον
1413 3969 1524 4021 τῶν
1553 3973 1870 4040 γνωρισμά-

279 4077 390 4113 των
419 4061 518 4129 τὴν
550 4060 839 4112 κοινωνίαν
870 4060 987 4129 ἔχει
1023 4059 1158 4130 πρὸς
1192 4060 1284 4112 τὸν
1321 4061 1538 4131 Πατέρα
1572 4061 1604 4130 ἢ
1639 4062 1772 4131 πρὸς
1807 4063 1868 4116 τὸ

278 4149 513 4220 Πνεῦμα
540 4152 599 4204 τὸ
630 4151 819 4218 ἅγιον·
853 4149 1034 4205 Filius
1091 4168 1231 4216 vero,
1278 4153 1366 4220 qui
1418 4167 1482 4205 ea:
1536 4151 1697 4204 Patre
1745 4170 1870 4220 pro-

277 4246 602 4314 gredientem
628 4243 882 4314 Spiritum
913 4261 1008 4313 per
1037 4261 1091 4299 se
1117 4246 1288 4312 ipsum
1314 4246 1433 4298 etin
1459 4262 1512 4298 se
1542 4245 1654 4315 ipso
1687 4255 1868 4299 notum

278 4339 437 4407 facit,
467 4337 613 4391 solus
665 4339 888 4406 unigena
925 4339 1079 4390 modo
1107 4353 1171 4391 ea:
1201 4339 1434 4406 ingenita
1481 4341 1595 4392 luce
1637 4339 1868 4407 resplen-

275 4431 428 4496 dens,
458 4429 658 4483 nullam
681 4429 970 4484 secundum
1001 4431 1375 4500 proprietatem
1409 4431 1680 4485 nationum
1727 4447 1868 4484 com-

274 4523 577 4575 munionem
620 4521 774 4575 liabet
820 4537 940 4575 cum
975 4521 1142 4576 Patre
1182 4531 1275 4574 aut
1308 4520 1518 4591 Spiritu
1555 4532 1758 4576 sancto.
1787 4519 1868 4575 Ex

273 4615 477 4680 quibus
508 4614 764 4669 omnibus
801 4624 970 4683 patet,
999 4616 1152 4684 juxta
1185 4615 1492 4670 doctrinam
1542 4615 1863 4669 catholicam

273 4707 523 4774 Patrum,
562 4707 1074 4762 characteristicam
1130 4722 1256 4763 esse
1311 4707 1697 4776 proprietatem
1743 4704 1863 4760 Filii

270 4798 489 4862 aeterni,
528 4813 635 4866 qua
681 4811 735 4855 et
769 4813 799 4852 a
849 4797 1010 4852 Patre
1047 4807 1102 4852 et
1131 4812 1160 4851 a
1194 4795 1404 4867 Spiritu
1444 4811 1638 4853 sancto
1670 4799 1866 4854 distin-

271 4892 479 4960 guitur,
513 4892 579 4945 ab
630 4908 735 4946 uno
784 4891 1088 4961 procedere,
1121 4891 1236 4946 sive
1272 4901 1331 4945 ut
1371 4891 1613 4962 loquitur
1651 4890 1864 4944 Manuel

270 4987 532 5053 Calocas,
592 4989 754 5056 μόνον
801 4991 865 5041 ὲκ
916 4989 1104 5059 μόνου,
1152 4989 1320 5042 solum
1370 5003 1433 5040 ex
1474 4985 1586 5040 solo
1615 4987 1862 5054 produci.

269 5082 391 5136 lloc
443 5080 584 5136 idem
631 5089 715 5135 est
750 5083 894 5150 quod
933 5080 1142 5136 Veccus
1185 5095 1252 5135 ex
1302 5077 1544 5150 Nysseno
1594 5078 1699 5133 hoc
1745 5077 1865 5131 loco

268 5182 433 5227 vocat
461 5189 573 5229 esse
607 5171 808 5228 Filium
850 5173 1097 5228 continue
1128 5188 1192 5226 ea:
1221 5172 1401 5226 Patre.
1433 5171 1719 5226 Notionem
1764 5185 1861 5222 au-

271 5277 380 5320 tem
429 5280 494 5320 ac
545 5267 938 5336 proprietatem
980 5265 1190 5336 pariter
1221 5263 1587 5319 distinctivam
1625 5261 1864 5332 Spiritus

267 5358 446 5415 sancti
479 5373 598 5413 esse
627 5359 844 5428 produci
871 5374 962 5427 per
987 5375 1106 5412 eum
1126 5357 1215 5428 qui
1249 5358 1493 5412 continue
1515 5355 1744 5411 eaPatre
1764 5366 1862 5418 cst,

268 5454 378 5507 hoc
415 5459 522 5514 est,
559 5449 898 5506 identificata
947 5450 1156 5506 duabus
1214 5451 1462 5520 personis
1499 5459 1554 5504 et
1608 5462 1637 5504 a
1689 5446 1864 5516 prima

266 5544 428 5599 alteri
463 5543 862 5597 communicata
893 5541 1196 5610 spiratione
1231 5542 1475 5611 produci.

343 5634 444 5709 [P.
479 5633 609 5706 528]
630 5633 690 5689 P.
731 5633 820 5690 97.
856 5635 943 5689 Ita
968 5652 1086 5690 vero
1118 5635 1260 5707 loqui
1291 5653 1392 5691 non
1424 5639 1729 5705 didicimus,
1757 5648 1862 5694 etc.

271 5730 618 5798 Responsum
653 5736 737 5782 est
764 5727 1119 5782 Alexandrini
1167 5729 1494 5797 patriarchae
1531 5745 1598 5786 ex
1633 5732 1859 5796 lectulo,

267 5836 408 5877 sane
427 5818 854 5876 somniculosum
881 5827 933 5876 et
959 5819 1402 5877 oscitahundunt.
1438 5822 1536 5879 Cui
1561 5822 1754 5878 merito
1785 5838 1868 5880 rc-

1893 4574 1946 4633 D

1972 3313 2302 3368 sententiam
2335 3315 2616 3372 fateretur.

2045 3404 2104 3457 P.
2142 3405 2230 3460 98.
2270 3406 2524 3461 Fatemur
2551 3410 2920 3476 temeritatem,
2954 3419 3001 3463 et
3037 3411 3239 3466 ueniam
3270 3413 3558 3480 poscimus.

1975 3493 2152 3551 Verba
2193 3509 2321 3552 sunt
2380 3498 2561 3565 Vecci,
2608 3503 2662 3555 in
2698 3503 2895 3570 quibus
2948 3503 3028 3556 vel
3081 3504 3258 3558 ironia
3307 3505 3556 3572 qumdam

1972 3595 2313 3660 agnoscenda
2359 3593 2520 3646 tacita
2555 3601 2658 3659 est,
2693 3593 2773 3645 vel
2805 3595 3088 3662 permissio
3119 3598 3429 3651 necessaria
3458 3599 3557 3650 ho-

1973 3680 2105 3732 mini
2149 3695 2369 3734 causam
2403 3692 2667 3738 accusatis
2699 3685 3036 3740 calurnniosc
3060 3689 3379 3742 innocentia:
3415 3687 3558 3756 apud

1973 3783 2374 3842 prreoccupatos
2411 3791 2595 3830 errore
2656 3777 2937 3831 incurabili
2975 3779 3188 3848 judices
3226 3781 3427 3850 agenti.
3469 3778 3560 3833 Vi-

1915 3885 1934 3901 ·
1971 3865 2132 3920 debat
2172 3867 2261 3922 ille
2297 3883 2458 3923 ruere
2505 3868 2790 3924 manifeste
2817 3882 2870 3926 et
2920 3871 3374 3942 iuconsequeuter
3410 3873 3556 3940 loqui

1972 3957 2358 4026 patriarcham,
2416 3962 2508 4013 sed
2544 3975 2607 4014 eo
2664 3962 2956 4030 supercilio
2990 3971 3049 4015 ut
3102 3979 3160 4017 se
3201 3965 3400 4018 reviuci
3447 3981 3553 4018 non

1971 4061 2256 4113 passurum
2293 4060 2602 4119 appareret.
2637 4051 2859 4106 Frustra
2904 4052 3072 4120 igitur
3105 4054 3475 4118 contenderet,
3503 4056 3553 4109 si
3593 4093 3598 4096 -

1973 4140 2248 4194 vindicare
2272 4156 2299 4193 a
2331 4142 2598 4196 calumnia
2626 4143 2949 4211 ungat-italis
2979 4145 3209 4214 impacta
3243 4160 3556 4214 usquequa-

1972 4246 2077 4299 que
2113 4235 2472 4287 orthodoxam
2524 4234 2755 4304 Nysseui
2793 4236 3092 4289 doetrinam
3131 4248 3465 4304 conaretur;
3500 4251 3555 4294 et

1971 4323 2188 4379 interim
2239 4327 2584 4381 occasionem
2637 4329 2879 4395 perderet
2916 4343 2975 4384 se
3006 4345 3070 4384 ac
3113 4346 3238 4384 suos
3273 4331 3341 4384 ab
3375 4335 3552 4385 luere-

1971 4431 2094 4472 seos
2135 4417 2358 4472 infamia
2398 4421 2684 4488 purgandi.
2733 4415 3156 4476 Usitatissimutﬁ
3194 4424 3436 4490 patronis
3469 4433 3552 4478 esi

1973 4526 2098 4568 reos
2135 4512 2185 4566 in
2215 4513 2418 4582 judicio
2443 4512 2875 4578 defendentibus,
2909 4527 3193 4584 postquam
3238 4518 3370 4569 satis
3409 4517 3551 4570 refu-

1974 4612 2156 4656 tarunt
2184 4603 2621 4658 criminationem
2654 4605 2890 4674 aliquam
2928 4607 3106 4660 minus
3138 4607 3204 4660 all
3242 4622 3351 4662 rem
3386 4609 3554 4678 perti-

1970 4704 2206 4760 nentem,
2234 4710 2300 4750 ea
2330 4711 2437 4750 non
2469 4699 2648 4764 agnita
2680 4699 2898 4768 quidem
2932 4714 3028 4768 pro
3054 4715 3199 4762 vera,
3227 4702 3317 4753 scd
3346 4701 3550 4755 omissa

1969 4786 2048 4838 uti
2081 4802 2271 4855 parum
2303 4789 2563 4855 curanda,
2609 4791 2815 4846 referre
2843 4807 2900 4845 se
2930 4793 2995 4845 ad
3040 4801 3200 4861 caput
3231 4808 3411 4846 causae
3452 4795 3554 4847 hoc

1969 4888 2055 4932 aut
2092 4881 2258 4935 simili
2309 4898 2508 4952 genere
2546 4883 2850 4953 loquendi:
2885 4903 2904 4937 ι
2949 4885 3145 4940 Verum
3195 4885 3266 4938 sit
3299 4885 3372 4938 ita
3421 4901 3555 4940 sane

1969 4981 2026 5025 ut
2059 4973 2223 5027 vultis
2260 4993 2272 5029 :
2313 4986 2496 5030 tamen
2531 4979 2609 5032 vel
2640 4979 2740 5032 hoc
2767 4977 2930 5032 etiam
2962 4991 3228 5031 conces-o
3259 4988 3413 5030 extra
3441 4979 3556 5030 cul-

1969 5081 2092 5136 pam
2125 5082 2245 5124 esse
2275 5068 2329 5123 in
2365 5085 2546 5126 causa:
2571 5073 2750 5144 capite
2783 5088 2960 5128 meum
2993 5082 3301 5141 susceptum
3335 5082 3496 5142 patet.
3529 5091 3548 5122 ι

1968 5158 2152 5216 Talem
2194 5163 2418 5218 omnino
2453 5181 2675 5221 sensum
2723 5168 2838 5221 htec
2881 5164 3036 5221 Vecci
3067 5167 3227 5221 habet
3252 5167 3453 5233 oratio,
3495 5177 3554 5220 ut

1969 5261 2112 5314 clare
2145 5259 2463 5329 intelligitur
2494 5275 2558 5315 ex
2589 5262 3068 5330 consequentibus.

2041 5350 2099 5405 P.
2126 5351 2220 5406 99.
2245 5351 2502 5407 Alludeas
2532 5354 2602 5407 ad
2628 5371 2816 5410 nomen
2842 5354 3013 5411 aliud.
3052 5356 3335 5423 Quodnam
3388 5354 3554 5410 fuerit

1968 5445 2096 5501 illud
2147 5445 2290 5500 aliud
2341 5461 2536 5502 nomen
2590 5447 2807 5519 Georgii
2847 5449 3295 5518 Moschamparis,
3353 5463 3418 5502 ne
3469 5446 3554 5502 lll.

1969 5539 2187 5610 quidem
2219 5541 2453 5597 Allatius
2479 5543 2532 5597 in
2567 5543 2977 5599 accuratissima
3024 5546 3090 5599 de
3117 5542 3368 5612 Gcorgiis
3423 5543 3556 5596 Dia.

1970 5635 2112 5690 triba
2137 5635 2307 5690 multa
2352 5637 2418 5690 de
2450 5638 2552 5692 hoc
2593 5652 2902 5694 memorans
2943 5637 3141 5708 prodit.
3173 5637 3325 5690 Licet
3368 5638 3552 5705 snspio

1969 5727 2170 5782 carie:
2209 5729 2414 5784 urbano
2464 5728 2559 5783 illo
2587 5729 2749 5783 Vecci
2789 5729 2954 5794 dicto,
2997 5727 3176 5799 ψύλλο.
3223 5744 3307 5790 τις
3355 5732 3552 5782 intra.

1971 5819 2170 5875 Οἱσασα
2213 5832 2315 5878 etc.
2348 5821 2583 5891 Psyllum
2615 5821 2779 5880 fuisse
2833 5823 3295 5891 cogm‘nminatum.
3338 5821 3545 5877 lic-citat
