4036 6438
460 321 573 385 803

1387 311 1456 376 'P.
1500 310 1809 375 POSSINI
1850 304 2505 393 OBSERVATlONUM
2543 311 2691 371 LIB.
2736 302 2824 369 ῙῙ.

3602 308 3702 371 831i

465 433 610 488 hunc
639 429 795 501 741
830 427 1002 482 locum
1030 443 1085 499 ρ.
1120 421 1227 482 549
1254 420 1411 481 editae
1436 426 1501 481 de
1531 425 1776 496 Georgiis
1799 423 2043 477 diatribae
2078 426 2116 479 A
2146 422 2309 476 sociis
2335 420 2593 491 judicium
2622 438 2637 486 ;
2674 427 2837 487 atque
2879 417 2980 471 hoc
3010 415 3183 485 ipsum
3214 414 3563 486 colloqbium,
3592 433 3703 472 ctnu

470 524 627 576 modo
664 522 908 574 laudatus
932 519 1053 576 'Lco
1092 519 1322 575 Allatius
1356 533 1475 573 cum
1507 514 1682 587 aliqua
1727 517 2041 571 diversitate

470 625 576 665 tam
615 612 666 663 in
708 621 965 665 contextu
1010 608 1199 664 Graeco
1247 624 1405 679 quam
1439 611 1490 662 in
1528 609 1719 662 Latina
1769 610 2042 675 interpreo

471 707 694 766 latione,
727 703 881 770 cujus
932 700 1020 755 hic
1068 703 1362 754 admonere
1396 700 1651 753 lectorem
1703 697 1894 751 debeo.
1931 696 2043 750 lllic

470 796 637 863 igitur
668 794 754 847 illa
787 794 946 845 verba
970 792 1147 861 φύλλα
1168 806 1253 854 τις
1281 784 1735 845 vertutttur'cuirx
1762 788 2040 859 quispiam.

470 885 729 952 Suspicor
760 885 1013 938 mendum
1048 884 1363 954 typothetaa,
1395 872 1486 951 qui
1518 898 1543 934 c
1586 896 1681 950 pro
1710 898 1741 947 p
1793 880 1843 932 in
1879 878 2044 948 priori

472 977 734 1029 vocabulo
768 974 1028 1039 posuerit,
1065 972 1206 1026 facili
1234 974 1418 1040 utique
1443 973 1616 1042 lapsu,
1651 971 1860 1041 qualem
1900 987 2047 1022 ama-

472 1069 760 1122 nucnsium
799 1065 881 1139 [P.
1082 1067 1275 1121 eruditi
1312 1075 1611 1134 agnoscunt
1644 1064 1693 1116 in
1740 1062 1860 1118 loco
1884 1061 2044 1116 Plinii

470 1160 509 1213 1.
547 1176 663 1224 ιιι,
713 1173 764 1212 c.
813 1156 880 1211 10
911 1174 925 1211 :
962 1155 1136 1226 Napis
1177 1157 1390 1219 culices,
1444 1166 1572 1219 etc.,
1628 1156 1715 1209 ulii
1752 1171 1815 1209 ex
1865 1156 2047 1213 Theo»

472 1251 715 1317 phrasto,
750 1264 909 1317 quem
942 1248 1301 1311 describebat,
1345 1249 1542 1316 pulices
1583 1257 1774 1301 auctor
1801 1248 1918 1300 sine
1946 1247 2047 1300 du-

474 1344 562 1395 bio
593 1353 873 1411 posuerat.
907 1340 1012 1394 Sed
1041 1350 1339 1394 memoratu
1391 1340 1603 1408 dignior
1630 1341 1682 1394 in
1715 1340 1918 1395 Grzecis
1953 1356 2046 1391 va-

475 1435 643 1487 rietas
675 1441 778 1486 est.
819 1430 921 1487 Ubi
959 1431 1101 1485 enim
1147 1431 1448 1485 clarissime
1483 1433 1650 1484 codex
1697 1430 2048 1494 Barberiuus,

477 1522 674 1576 luridus
723 1533 922 1576 nostrae
971 1522 1246 1586 editionis,
1293 1521 1453 1575 habet
1485 1521 1598 1573 οὔτ’
1643 1522 1895 1592 ἁνασπᾷν
1925 1521 2049 1575 οὔτε

476 1616 767 1684 κατασπᾷν
814 1616 927 1683 ἔχει
978 1613 1076 1683 τὴν
1122 1612 1398 1682 πείρινθα,
1431 1611 1518 1665 ill.
1573 1612 1823 1675 Allatius,
1861 1612 1941 1665 vel
1982 1628 2048 1666 ex

474 1708 696 1777 proprio
726 1707 936 1770 codice,
979 1719 1139 1774 quem
1179 1706 1244 1757 ad
1276 1720 1493 1757 manttm
1526 1706 1684 1758 modo
1718 1719 1823 1756 non
1860 1705 2050 1767 habeo,

475 1799 558 1852 vel
584 1815 647 1852 ex
680 1799 987 1868 conjectura
1023 1798 1151 1866 legit
1184 1798 1283 1867 τὴν
1313 1794 1598 1865 μήρινθον.
1631 1794 1906 1849 Arbitrum
1936 1794 2049 1847 dis-

475 1891 762 1957 crepantia!
808 1892 1055 1944 codicum
1118 1889 1347 1942 duorum
1402 1888 1720 1941 Vaticanum
1775 1885 2052 1954 exemplar

470 1981 674 2033 ferrem
704 1997 717 2033 :
746 1980 841 2034 sed
874 1980 918 2033 is
949 1989 1233 2048 utramque
1268 1980 1414 2032 illam
1444 1980 1635 2033 vitavit
1667 1992 1873 2041 vocem,
1908 1977 2051 2031 hunc

478 2070 655 2123 locum
690 2070 766 2124 sic
799 2069 1109 2137 exprimens
1142 2069 1329 2123 :‘I'D.a.
1357 2068 1612 2137 (scribere
1655 2069 1822 2120 voluit
1857 2066 2053 2136 ψύλλα)

475 2179 563 2225 τις
592 2162 890 2215 ὲπεκάθισε
950 2162 1029 2233 τῷ
1059 2163 1160 2230 τῆς
1197 2161 1414 2230 ἁμάξης
1440 2160 1618 2230 ῥυμῷ,
1652 2162 1774 2232 ἥτις
1801 2158 1926 2213 οὔτε
1962 2160 2059 2229 βά-

481 2272 574 2325 ρος
605 2256 762 2325 φέρει
796 2256 863 2323 τῇ
898 2254 1084 2324 ἁμάξῃ
1117 2253 1243 2305 οὔτε
1277 2252 1385 2324 μὴν
1432 2254 1667 2323 ἐλαφρόν
1699 2270 1753 2306 τι
1787 2254 1881 2305 καὶ
1925 2250 2055 2306 κοῦ-

480 2364 606 2414 φον,
639 2350 917 2400 verbosius
940 2361 1099 2415 quam
1146 2347 1504 2402 breviatorem
1541 2348 1737 2413 decuit,
1790 2361 1887 2401 nec
1916 2346 2056 2399 mul-

469 2436 596 2492 tum
661 2440 955 2508 eleganter.
1020 2438 1131 2508 Ego
1183 2454 1281 2493 cur
1342 2440 1657 2507 abrogarem
1727 2439 1885 2491 fidem
1937 2452 2058 2491 meo

483 2533 782 2601 archetypo
813 2546 1027 2586 causam
1063 2548 1167 2585 non
1206 2531 1391 2593 habui,
1421 2546 1543 2585 cum
1569 2531 1735 2600 proba
1768 2542 1821 2584 et
1850 2528 2061 2600 Pachy-

485 2639 631 2677 mcre
666 2627 821 2691 dgna
863 2625 1107 2677 videatur
1144 2625 1258 2679 lucc
1311 2625 1488 2690 lectio,
1542 2634 1727 2692 utpote
1770 2640 1927 2691 quant
1961 2641 2061 2693 ap-

482 2724 673 2783 pareat
692 2717 905 2766 ductam
929 2729 992 2767 ex
1020 2714 1252 2770 Homero
1278 2715 1442 2770 Iliad.
1487 2734 1566 2769 ωε
1596 2715 1800 2780 Ἀὐτὰρ
1824 2711 1905 2782 ὅγ’
1933 2712 2058 2780 υἷας

485 2807 701 2874 ἄμαξαν
721 2808 980 2877 ἐΰτροχον
1003 2808 1286 2877 ἡμιονείην
1308 2810 1526 2861 ὁπλίσαι
1555 2808 1776 2878 ἠνώγει,
1808 2810 2061 2878 πείρινθα

482 2898 540 2950 δὲ
574 2897 734 2965 δῆσαι
771 2897 856 2949 ἐπ’
907 2900 1101 2967 αὐτῆς,
1134 2908 1188 2952 cl.
1240 2900 1429 2970 Odyss.
1478 2918 1542 2954 οε
1596 2901 1706 2953 Καὶ
1756 2901 1821 2954 τὰ
1857 2901 1955 2971 μὲν
2006 2902 2065 2965 ἐς

487 2990 741 3059 πείρινθα
766 2990 906 3043 τίθει
946 2992 1331 3062 Πεισίστρατος
1355 2994 1528 3064 ἣρως.
1558 2994 1791 3059 Quorum
1821 2994 2059 3047 locorum

2144 525 2327 568 secuta
2358 530 2572 569 reorum
2607 514 2914 567 auditorum
2950 510 3426 569 condemnatione,
3453 512 3703 582 synodum

2146 615 2415 670 vocatam,
2446 620 2605 674 cujus
2635 615 2754 659 acta
2790 603 3059 672 publicata
3093 603 3194 655 rltc
3217 602 3351 658 sint.
3391 601 3560 671 Hujus
3588 619 3709 670 qua-

2146 695 2429 763 liscunque
2482 695 2671 766 synodi
2712 693 2991 763 exemplar
3031 693 3311 761 antiquum
3348 704 3537 747 nactus
3562 691 3709 748 Jaco-

2146 790 2251 844 bus
2307 789 2629 844 Sirmondus
2659 799 2871 852 uoster,
2916 789 2969 842 id
3019 790 3447 844 communicavit
3492 787 3711 843 ﬂenrico

2144 875 2441 943 Spondano
2483 872 2735 946 episcopo
2774 876 3111 944 Apamicnsi,
3156 878 3248 946 qui
3304 893 3569 931 summam
3601 877 3711 946 ejus

2147 971 2368 1023 exhibet
2407 970 2459 1021 in
2504 985 2599 1022 sua
2634 970 3042 1024 continuatione
3077 970 3370 1023 Annalium
3412 971 3620 1024 Baronii
3648 972 3709 1026 ad

2151 1077 2350 1114 annum
2385 1062 2539 1124 1285,
2565 1078 2620 1114 ιι.
2656 1062 2743 1116 10.
2772 1060 2977 1115 Dicitur
3003 1062 3113 1115 illic
3147 1063 3247 1117 ista
3276 1066 3515 1132 synodus
3545 1064 3711 1118 habita

2150 1156 2249 1209 Sub
2280 1154 2592 1208 Andronico
2648 1153 2950 1224 Palmologo
2996 1157 3330 1224 imperatore
3369 1164 3424 1208 et
3470 1155 3713 1224 Gregorio

2150 1246 2461 1313 patriarcha
2490 1255 2676 1301 contra
2708 1244 2972 1300 Joannem
3003 1234 3245 1300 ~Veccnm
3279 1257 3337 1299 et
3358 1246 3520 1314 hujus
3551 1248 3712 1303 socios

2151 1334 2565 1390 Coostantinum
2624 1336 2982 1393 Melitcnioteu
3027 1346 3080 1391 ct
3131 1336 3430 1406 Georgium
3475 1336 3713 1391 illet0clti-

2149 1434 2286 1495 tam,
2332 1427 2421 1494 qui
2460 1427 2776 1482 Latinorum
2837 1429 3028 1496 dogma
3062 1430 3126 1483 de
3169 1429 3529 1497 processioue
3557 1430 3712 1497 Spiri-

2154 1526 2241 1571 tus
2282 1517 2453 1571 sancti
2502 1517 2900 1585 proﬁtebantur
2959 1520 3026 1572 ab
3058 1518 3218 1574 annis
3274 1529 3423 1573 octo.
3468 1518 3614 1575 l'lunc
3648 1520 3713 1574 ibi

2156 1626 2437 1664 numerum
2464 1611 2594 1664 Acta
2622 1612 2810 1681 synodi
2840 1612 3171 1680 exprimunt,
3211 1627 3280 1666 ex
3313 1628 3421 1679 quo
3446 1613 3588 1666 illam
3620 1613 3710 1667 hoc

2158 1720 2301 1757 anno
2332 1703 2662 1757 celebratam
2716 1704 3003 1769 evincitur,
3044 1703 3156 1770 qui,
3196 1714 3253 1757 ut
3279 1698 3425 1758 libro
3453 1706 3606 1760 tertio
3628 1706 3714 1759 ha-

2159 1812 2275 1851 rum
2328 1795 2818 1855 Observationum,
2853 1811 2902 1850 r.
2955 1792 3010 1859 2,
3057 1795 3579 1859 demonstrabimus,
3606 1811 3716 1851 vere

2153 1898 2378 1946 Octavus
2405 1894 2488 1939 est
2514 1885 2581 1938 ab
2607 1885 2740 1939 inito
2771 1900 2799 1938 a
2826 1878 3004 1940 Vccco
3029 1886 3409 1956 patriarcbatu
3436 1895 3492 1941 et
3523 1897 3714 1954 recepta

2163 1981 2338 2052 palam
2368 1976 2531 2047 (quod
2560 1977 2658 2030 sub
2690 1977 2828 2029 idem
2852 1986 3062 2045 tempus
3083 1979 3336 2049 contigit)
3357 1977 3719 2034 Constantino-

2157 2062 2275 2144 poli
2315 2070 2696 2126 communione
2749 2084 2874 2123 cum
2909 2068 3157 2123 Ecclesia
3206 2068 3478 2124 Romana.
3535 2068 3718 2123 Deinde

2159 2170 2461 2218 memorant
2529 2161 2718 2216 eadem
2805 2162 2935 2215 Acta
2997 2162 3404 2232 pseudosynodi
3475 2159 3715 2215 Joannem

2157 2255 2393 2310 Veccum
2439 2254 2547 2323 jam
2587 2263 2711 2307 ante
2741 2252 2810 2307 oh
2836 2253 3081 2307 eamdem
3128 2269 3355 2309 causam
3394 2253 3555 2309 fuisse
3582 2252 3717 2307 dam-

2157 2357 2345 2401 natum
2376 2346 2428 2401 in
2458 2346 2687 2411 quadam
2737 2343 3047 2401 Graecorum
3092 2347 3304 2415 synodo
3332 2364 3348 2413 ;
3383 2358 3538 2415 quam
3569 2357 3717 2413 appa-

2159 2448 2241 2494 ret
2266 2455 2385 2493 eam
2422 2453 2543 2491 esse
2575 2438 2729 2506 cujus
2762 2431 3009 2490 meminit
3038 2447 3246 2504 noster,
3297 2456 3350 2507 p.
3383 2440 3471 2494 54.
3516 2437 3638 2491 Nam
3670 2435 3715 2488 in

2160 2547 2220 2586 ea
2279 2531 2465 2583 dicunt
2501 2524 2732 2583 Vercum
2780 2522 3009 2582 libellum
3051 2531 3433 2597 resipisceutia:
3492 2528 3576 2601 [P.
3605 2525 3716 2597 530]

2161 2620 2428 2683 obtulisse,
2468 2634 2569 2689 quo
2607 2619 2972 2688 acquiescebat
3017 2618 3360 2673 damnationi
3410 2635 3473 2672 ac
3530 2614 3717 2685 deposi-

2159 2714 2292 2769 tioni
2323 2728 2453 2766 sum.
2492 2710 2581 2764 Sic
2626 2710 2879 2763 nimirum
2941 2710 3231 2778 appellant,
3266 2727 3428 2781 quam
3477 2718 3717 2764 extortam

2164 2807 2238 2862 ibi
2267 2804 2460 2871 ,Vecco
2491 2803 2851 2872 Pachymcres
2881 2811 3068 2855 narrat
3122 2804 3561 2871 subscriptionem
3586 2814 3715 2854 com-
3766 2822 3767 2829 η

2165 2907 2320 2975 positi
2346 2904 2529 2961 libelli.
2559 2889 2660 2973 quo
2692 2901 2951 2973 professio
2978 2910 3132 2953 recta?
3164 2899 3298 2966 ﬁdei
3329 2892 3721 2965 conjungebatttr

2166 3014 2284 3054 cum
2316 2999 2623 3052 amolitione
2669 2996 3053 3064 suspicionum,
3104 2992 3147 3044 si
3176 3007 3298 3060 qum
3332 2991 3385 3043 in
3417 2986 3717 3041 contrarium

486 3081 552 3132 ad
587 3084 818 3149 Priorem
848 3081 1164 3138 Eustathius
1206 3085 1359 3139 docet
1390 3085 1647 3155 πείρινθα
1683 3085 1784 3138 dici
1828 3086 1887 3137 τὸ
1913 3087 2066 3139 πλιν-
2091 3098 2133 3154 c
2168 3099 2459 3153 exstarent,
2507 3089 2693 3159 quibus
2748 3085 2817 3137 ad
2859 3093 3168 3155 extremum.
3197 3080 3542 3135 annectebant
3582 3071 3717 3129 abdi-

489 3173 603 3224 θίον
631 3174 690 3223 τὸ
736 3173 847 3226 ἄνω
875 3173 975 3241 τῆς
1018 3174 1257 3244 ἁμάξης,
1289 3175 1425 3227 ὅπου
1464 3176 1532 3227 τὰ
1560 3176 1760 3244 φορτία
1796 3176 2065 3231 ἐπιτίθεν-

487 3280 599 3324 ται,
627 3264 690 3315 ad
725 3265 1073 3333 posteriorem
1106 3277 1285 3319 autem
1318 3265 1445 3336 :Ei'q
1486 3266 1531 3319 δ’
1561 3267 1623 3319 ἂν
1669 3268 1923 3337 πείρινθα
1969 3270 2064 3322 καὶ

487 3354 520 3423 ἡ
558 3354 662 3421 πρὸ
695 3353 886 3405 τούτου
934 3353 1165 3422 ῥηθεῖσά
1194 3371 1295 3406 που
1343 3354 1642 3423 ὑπερτερία
1679 3355 1770 3406 ἐπὶ
1795 3353 1895 3422 τῆς
1921 3356 2062 3407 κατὰ

485 3444 584 3516 τὴν
631 3446 955 3498 Ναυσικάαν
1001 3446 1241 3515 ἁμάξης,
1272 3448 1409 3515 ὅπερ
1450 3449 1498 3500 οἱ
1551 3447 1778 3519 ὕστερον
1822 3449 2064 3517 ἐσχάραν

486 3541 769 3595 καλοῦσιν.
798 3541 875 3594 Ex
906 3543 1102 3609 quibus
1139 3543 1395 3595 habemus
1428 3541 1680 3612 πείρινθα
1708 3542 1887 3595 vocari
1918 3542 2064 3595 locu-

488 3633 597 3687 lntn
639 3643 731 3687 aut
756 3635 945 3688 cistam
990 3635 1102 3688 sive
1134 3648 1353 3701 capsam
1386 3635 1674 3701 quamdam
1711 3632 1898 3688 formae
1929 3649 2065 3702 qua-

489 3725 657 3777 dratae
688 3725 937 3778 curribus
965 3725 1162 3792 imponi
1206 3726 1419 3778 solitam
1452 3726 1729 3793 capiendis
1756 3727 1916 3779 rebus
1946 3742 2066 3795 quas

488 3817 748 3870 vehendw
786 3816 914 3878 sint,
949 3816 1283 3886 ὑπερτερίαν
1312 3826 1367 3870 et
1409 3817 1650 3887 ἐσχάραν
1690 3817 1810 3870 aliis
1841 3818 2062 3873 dictam.

489 3908 646 3962 l‘nde
676 3908 830 3971 satis,
882 3906 1091 3975 Opinor,
1132 3907 1439 3961 defenditur
1480 3918 1662 3961 nostra
1714 3917 1767 3962 et
1817 3908 1974 3963 lectio
2014 3890 2075 3963 et.

490 3999 688 4053 versio.
733 3998 840 4051 Nec
880 4000 1059 4053 obstat
1097 4000 1238 4068 quod
1288 3999 1451 4053 verba
1501 4000 1756 4070 ἀνασπᾷν
1795 4009 1848 4055 et
1896 4017 2069 4054 κατα-

492 4093 634 4163 σπᾷν
656 4091 827 4159 magis
858 4092 1150 4146 convenire
1173 4091 1458 4145 videantur
1486 4092 1738 4162 μηρίνθῳ
1762 4092 1878 4161 fimi
1907 4108 2066 4162 quam

488 4182 729 4252 πείρινθι
784 4183 1011 4251 plaustri
1050 4182 1222 4235 cistas.
1280 4181 1392 4235 Etsi
1430 4182 1573 4236 enim
1623 4183 1866 4236 trahendi
1918 4185 2069 4238 notio

487 4291 553 4330 ex
589 4277 796 4343 origine
844 4275 976 4342 ipsis
1024 4274 1165 4328 inest
1211 4275 1595 4342 congruentior
1635 4273 1749 4328 l‘uni
1787 4276 2069 4329 tractionis

487 4369 865 4429 instrumento,
892 4375 1070 4418 tamen
1097 4380 1203 4419 non
1225 4367 1401 4419 minus
1426 4355 1679 4434 frequens
1715 4376 1797 4420 est
1839 4367 2067 4422 istorum

487 4460 774 4511 vctborttm
803 4473 930 4509 usus
955 4456 1019 4509 ad
1055 4456 1461 4525 signiﬁcandam
1497 4457 2063 4527 depressionettt,qum

490 4549 548 4602 lit
567 4547 928 4617 aggravando,
952 4559 1039 4597 aut
1061 4546 1506 4609 sublevationem,
1527 4563 1645 4616 quae
1669 4550 1726 4601 lit
1776 4548 2065 4601 minuendo

490 4643 722 4712 pondus.
749 4640 1022 4695 Utscnsus
1044 4638 1134 4692 hic
1157 4638 1248 4703 sit,
1283 4640 1512 4708 pulicem
1548 4641 1867 4695 insidentem
1892 4650 2067 4696 tracto

491 4750 614 4788 cum
650 4733 854 4801 impetu
893 4732 1073 4784 currui
1108 4746 1205 4785 nec
1230 4732 1429 4785 addere
1474 4748 1573 4787 nec
1604 4734 1887 4788 detrahere
1916 4733 2071 4801 quid-

492 4839 650 4893 quam
684 4822 891 4884 oneris,
923 4824 1015 4875 sed
1062 4822 1282 4890 perinde
1326 4822 1527 4877 habere
1557 4838 1619 4877 ac
1654 4827 1697 4876 si
1751 4838 1856 4876 non
1897 4830 2066 4877 esset.

560 4916 623 4972 P.
660 4915 784 4970 100.
821 4914 950 4969 Volo
984 4924 1034 4967 et
1059 4915 1201 4968 vobis
1238 4916 1547 4979 orthodoxe,
1588 4923 1696 4969 etc.
1727 4913 1831 4970 Per
1863 4915 2065 4984 hyper-

490 5007 667 5062 bolem
703 5008 817 5062 haec
852 5007 955 5061 dici
999 5006 1325 5061 credendum
1356 5018 1461 5070 est,
1496 5019 1549 5060 et
1598 5022 1660 5060 ea
1697 5008 1894 5060 ﬁducia
1938 5022 2066 5075 qua,

492 5102 534 5155 si
572 5100 759 5153 ﬁerent
790 5116 911 5169 quas
945 5099 1056 5153 ﬁeri
1095 5116 1200 5153 non
1235 5116 1390 5168 posse
1416 5101 1505 5169 qui
1534 5101 1769 5168 loquitur
1795 5100 2066 5169 intelligit,

492 5193 538 5247 is
586 5208 646 5246 se
698 5193 845 5245 dnrte
910 5191 1142 5260 cuipiam
1186 5192 1372 5261 objicit
1437 5193 1755 5247 conditioni.
1823 5192 2066 5247 Similem

490 5284 778 5353 quamdam
809 5283 1051 5337 nonnulli
1079 5285 1397 5353 interpretes
1417 5284 1717 5354 appingunt
1739 5284 2067 5338 sententiam

494 5376 599 5428 illis
631 5373 794 5429 Musis
823 5384 874 5428 et
908 5372 1057 5427 Pauli
1093 5375 1271 5428 verbis
1310 5388 1326 5427 :
1366 5373 1583 5428 Dimitte
1628 5375 1739 5428 illis
1762 5413 1777 5438 ,
1822 5385 1918 5429 aut
1951 5375 2069 5429 dele

493 5469 650 5521 mede
679 5470 810 5522 libro
831 5468 1030 5540 (Exod.
1063 5485 1195 5532 χχιι,
1222 5468 1341 5539 52);
1372 5480 1426 5523 et
1458 5487 1472 5522 :
1504 5469 1760 5536 Optabam
1788 5471 2068 5526 auat/temo

492 5575 601 5612 esse
624 5578 653 5613 τι
696 5560 901 5613 Christo
933 5576 1029 5629 pro
1052 5559 1305 5628 fratribus
1340 5562 1467 5613 meis
1510 5559 1686 5629 (Rom.
1724 5579 1799 5626 ιχ,
1829 5563 1908 5634 5).

567 5651 728 5723 742
791 5652 1156 5722 Supplendnm
1205 5652 1291 5706 hic
1345 5654 1486 5719 quod
1529 5653 1822 5709 historicus
1867 5655 2071 5709 diserte

495 5760 600 5802 n0n
649 5747 921 5815 exprimit,
961 5744 1225 5831 perlatum
1266 5760 1291 5799 a
1322 5745 1687 5801 schismaticis
1717 5748 1781 5803 de
1814 5744 1990 5802 Vccco
2017 5756 2070 5803 et

2167 3184 2424 3236 rationem
2447 3178 2749 3234 sacerdotii.
2783 3176 3039 3245 Adiungit
3068 3172 3513 3243 pscudmynodus
3535 3163 3730 3229 codicis

2168 3270 2536 3328 Sirmondiani
2567 3267 2801 3325 Veccum
2839 3278 3024 3337 postea
3064 3266 3116 3318 in
3148 3265 3384 3333 priorem
3419 3257 3714 3316 sententiam

2168 3363 2417 3418 rediisse.
2454 3359 2510 3414 ιιι
2542 3374 2673 3414 vero
2733 3358 2960 3427 negabat
3012 3354 3240 3420 Veccns,
3299 3356 3388 3423 qtti
3434 3368 3496 3408 eo
3541 3349 3717 3415 scripto

2168 3470 2228 3510 se
2263 3468 2547 3507 revocasse
2576 3453 2734 3505 tidem
2767 3449 2918 3520 prius
2940 3455 3340 3519 propuguatam
3378 3461 3478 3499 non
3500 3438 3717 3498 credide-

2166 3556 2276 3611 rat,
2309 3548 2401 3601 sed
2458 3554 2670 3598 tantum
2706 3543 2969 3611 temporis
3023 3555 3186 3595 causa
3250 3542 3448 3593 throno
3491 3532 3712 3590 cessisse.

2171 3637 2429 3708 Sequitur
2453 3638 2563 3691 illic
2594 3635 2872 3691 sententia
2905 3631 3388 3688 condemnationis
3417 3632 3469 3684 in
3506 3624 3714 3682 Veccum

2169 3740 2223 3788 et
2259 3732 2392 3786 duos
2414 3731 2529 3799 ejus
2577 3730 2755 3783 socios
2790 3727 2933 3791 latae,
2970 3742 3090 3780 cum
3132 3723 3469 3781 refutatione
3509 3714 3714 3789 capitum

2172 3823 2432 3878 doctrinae
2469 3821 2678 3874 illorum
2709 3820 2773 3873 de
2801 3818 3005 3884 Spiritu
3041 3826 3256 3882 sancto,
3287 3828 3342 3873 et
3379 3820 3561 3872 iterata
3591 3813 3717 3865 dete-

2171 3916 2404 3970 statione
2435 3914 2590 3967 factae
2610 3911 3011 3966 conciliationis
3034 3909 3417 3966 Ecc'esiarum
3454 3908 3639 3964 Graecae
3665 3914 3716 3953 ac

2171 4008 2395 4071 Latinae,
2437 4021 2601 4077 quam
2640 4005 3039 4073 οιιτειιιελιισμένηῦἶ
3063 4004 3378 4074 οἰκονομίαν
3403 4003 3493 4055 καὶ
3521 3996 3716 4069 εἰρήνην

2173 4101 2442 4171 πολεμίαν
2486 4108 2697 4152 vocant.
2736 4098 3021 4151 Adduntur
3046 4097 3098 4150 in
3139 4098 3246 4151 line
3291 4092 3713 4162 subscriptiones,

2173 4195 2348 4264 primo
2376 4191 2721 4261 imperatoris
2749 4189 2928 4245 rubris
2953 4189 3170 4253 litteris,
3203 4188 3532 4243 Andronicus
3552 4183 3599 4236 in
3626 4178 3715 4231 Deo

2171 4285 2341 4357 fidelis
2388 4298 2478 4337 rex
2526 4292 2574 4336 et
2603 4282 2892 4349 imperator
2948 4281 3125 4335 Ducas
3163 4281 3396 4351 Angelus
3450 4275 3714 4357 Committi:

2174 4354 2535 4440 Palirologus.
2587 4370 2781 4423 deinde
2827 4369 3168 4438 patriarchae,
3208 4365 3490 4437 Gregorius
3538 4354 3716 4415 miscri-

2171 4466 2350 4520 cordia
2390 4464 2484 4517 Dei
2521 4462 2755 4528 archiep.
2793 4461 2854 4515 C.
2891 4459 2958 4515 I’.
2990 4478 3133 4516 norm
3167 4460 3347 4514 Roma:
3373 4468 3420 4512 et
3464 4445 3712 4510 tertiaterti-

2172 4576 2263 4612 cus
2297 4557 2625 4625 patriarcha.
2665 4553 3028 4608 Sttbscrihunt
3058 4554 3183 4609 inde
3212 4555 3284 4608 42
3317 4548 3566 4622 episcopi.
3598 4555 3713 4609 'l"°‘

2173 4666 2288 4702 rutn
2339 4649 2544 4716 primus
2595 4643 2928 4699 cstJoannes
2966 4644 3304 4713 Epltcsinus,
3354 4655 3406 4697 et
3435 4657 3464 4695 e
3499 4640 3634 4693 clero
3667 4631 3710 4680 it!

2171 4740 2431 4807 dignitate
2491 4736 2773 4791 constituti
2838 4737 3034 4805 viginti
3114 4746 3257 4792 octo.
3312 4736 3483 4791 Locus
3538 4720 3710 4799 Synodi

2171 4832 2404 4886 omissus
2440 4845 2495 4884 tn
2534 4829 2719 4883 codice
2751 4827 3053 4894 Sirmondi,
3119 4830 3241 4893 fuit,
3274 4839 3330 4881 ut
3384 4825 3711 4891 Pachynlel‘cs

2170 4922 2346 4984 docet,
2385 4921 2698 4974 Alcxiacum
2746 4920 3044 4975 triclinium
3094 4921 3145 4974 in
3192 4919 3393 4990 palatio
3433 4904 3707 4970 Constanti-

2172 5014 2514 5080 tlttpnlitanO.

2244 5106 2304 5158 P.
2340 5105 2464 5160 109.
2491 5102 2661 5159 Sacra
2710 5100 3059 5171 Raptotheca.
3101 5102 3199 5158 llic
3242 5103 3393 5164 liber,
3427 5094 3558 5166 quod
3587 5085 3708 5141 scire

2174 5198 2441 5253 hactenus
2486 5197 2754 5263 potuerim
2779 5235 2794 5259 ,
2836 5212 2945 5249 non
2995 5204 3202 5273 exstat.
3234 5191 3488 5273 collectio
3516 5184 3622 5244 fuit,
3661 5178 3708 5226 ⁸³⁸

2174 5298 2427 5360 apparet,
2464 5288 2904 5343 testimoniorum
2939 5303 2969 5343 e
3000 5272 3275 5348 Patribus,
3302 5301 3394 5358 per
3422 5294 3533 5350 quae
3556 5276 3709 5338 impu'

2173 5381 2327 5452 gnari
2359 5391 2412 5434 et
2438 5374 2686 5434 convinci
2724 5382 2955 5435 haereses
3012 5390 3252 5449 possent,
3303 5390 3468 5445 eaque
3524 5370 3704 5421 summa

2172 5490 2303 5530 cura
2340 5481 2395 5527 et
2423 5473 2526 5527 [ide
2555 5471 2695 5526 facta
2723 5489 2738 5540 ;
2767 5474 2911 5528 unde
2936 5472 3012 5528 illi
3054 5475 3211 5542 vulgo
3262 5466 3588 5543 prmjndicata

2172 5565 2485 5621 dﬂililabilis
2530 5564 2690 5636 743
2748 5565 3024 5620 ﬁdelitatis
3078 5568 3370 5621 auctet-itas
3428 5548 3701 5640 adita-serit:

2172 5656 2249 5712 Ex
2299 5671 2364 5709 (⁵ο
2415 5658 2558 5724 (1ηοά
2611 5658 2769 5725 paulo
2826 5668 2950 5729 post
2997 5661 3102 5714 hoc
3152 5659 3268 5713 loco
3321 5653 3633 5729 memoratur
3661 5643 3703 5682 cl

2174 5750 2319 5827 operi
2354 5758 2553 5804 attexta
2589 5728 2988 5822 exceptiuncula
3035 5751 3285 5809 Comueni
3331 5735 3575 5801 Manuelis
3608 5728 3705 5780 Au-

3943 4114 3945 4225 ι

3943 4304 3945 4453 i

3939 5572 3943 5661 ι
