4036 6416
453 336 557 404 805

1923 333 2165 395 NOTAE.

3600 328 3706 397 866

452 456 594 529 gusti
625 452 982 509 submonentis
1010 451 1287 522 quippiam
1323 446 1741 505 ad'sententiam
1774 446 1846 502 ibi
1880 446 2019 501 reci-
2053 454 2093 507 Α
2125 440 2498 496 Scholasticus
2546 440 2863 504 monachus,
2898 437 3184 497 Matthmus
3231 442 3556 509 monachus,
3596 446 3706 500 Μίδα

448 561 621 602 tatam
677 546 738 601 S.
790 544 1022 600 Joannis
1091 542 1411 597 Damasceni
1480 539 1779 611 pertinens,
1831 539 2024 591 oborta

455 640 586 693 mihi
615 639 852 706 suspicio
884 639 1127 706 qtttedam
1160 645 1267 698 est,
1297 648 1458 703 quam
1494 647 1615 685 meo
1651 630 1892 699 periequ
1936 630 2024 683 hic

453 740 720 793 exponam
765 725 989 793 judiciis
1047 724 1314 777 lectorum
1363 722 1723 775 eruditorum.
1780 720 1918 785 Quid
1978 718 2024 770 si

451 817 718 871 thuelis
763 816 1027 872 Comneui
1070 816 1227 883 jussu
1279 814 1630 879 coiupilatam
1687 821 1741 866 et
1805 813 2026 864 nomine

448 910 652 962 editam
690 920 1036 963 autumemus
1069 907 1395 976 farraginem
1432 906 1590 958 istam
1628 905 2024 957 sententiarum

449 999 696 1065 Patrum,
731 1016 852 1069 quae
891 1016 987 1068 pro
1022 999 1451 1052 armamentario
1477 1013 1595 1052 esse
1622 1005 1804 1066 posset
1837 1000 2030 1048 catho-

449 1093 573 1149 licis
606 1094 873 1161 theologis
916 1105 982 1146 ad
1015 1091 1375 1145 heterodoxos
1428 1088 1860 1160 impugnandos?
1883 1087 2026 1142 Sane

450 1184 571 1238 talia
602 1185 829 1240 curandi
862 1185 1063 1237 avitum
1098 1183 1405 1252 exemplum
1443 1183 1655 1237 Manuel
1686 1183 1897 1244 habuit,
1931 1198 2025 1236 ne-

441 1292 545 1344 pos
593 1277 786 1345 utique
844 1275 1199 1343 imperatoris
1261 1275 1435 1328 Alexii
1494 1273 1785 1338 Comneni,
1858 1293 2021 1347 quem

452 1367 622 1435 ipsius
655 1368 797 1432 tilia,
828 1366 1091 1420 Manuelis
1125 1368 1287 1420 amita
1319 1368 1474 1420 Anna
1511 1379 1780 1423 memorat
1809 1371 2027 1424 Alexia-
2074 1366 2083 1373 ’

451 1462 531 1513 dis
571 1460 611 1513 ι.
642 1475 731 1524 xv,
793 1476 849 1528 p.
891 1458 995 1513 490
1037 1460 1125 1514 ed.
1173 1457 1305 1527 Reg.
1341 1475 1564 1515 curasse
1597 1477 1732 1530 opus
1772 1463 2023 1531 componi

450 1560 500 1603 et
559 1552 643 1604 edi
679 1552 984 1618 argumenti
1035 1560 1200 1621 atque
1253 1567 1383 1605 usus
1420 1567 1526 1604 non
1580 1552 1870 1608 absimilis.
1907 1552 2022 1607 Non

446 1643 551 1696 erit
597 1644 695 1698 abs
727 1660 783 1698 re
812 1646 975 1697 verba
1016 1645 1101 1699 hic
1138 1649 1306 1697 Annze
1336 1644 1709 1714 ponerejuxta
1753 1646 2024 1714 interpre—

448 1735 713 1789 tationem
744 1744 1005 1791 nostram.
1040 1736 1141 1791 Ubi
1178 1737 1286 1805 egit
1321 1737 1439 1790 fuse
1465 1740 1530 1790 de
1563 1738 1761 1791 Basilio
1788 1742 2022 1808 quodam

2130 535 2306 588 ximus
2351 533 2683 600 Marganius,
2717 533 2933 587 Gabriel
2987 535 3220 589 Severus
3264 535 3711 607 Philadelphien-

2132 627 2230 690 sis,
2285 624 2547 692 Georgius
2590 625 2865 687 Coresius,
2934 637 2987 677 et
3021 627 3219 692 passim
3271 626 3385 689 alii,
3447 630 3710 697 colligunt.

2130 734 2250 771 eum
2283 733 2510 787 negasse
2537 719 2706 771 sancti
2743 718 2982 784 Spiritus
3008 719 3412 787 processiouem
3439 736 3503 775 ex
3530 722 3705 776 Filio:

2130 809 2223 863 sed
2244 821 2295 862 et
2328 825 2355 862 e
2396 809 2793 863 recentioribus
2819 807 3026 862 Latinis
3061 809 3112 862 id
3146 825 3243 877 pro
3286 822 3435 864 certo
3465 813 3707 870 admittit

2127 901 2324 960 Joann,
2375 901 2652 956 Gerardus
2689 900 2940 965 Vossius,
2982 902 3017 956 l.
3075 919 3112 956 ll
3148 902 3223 955 De
3256 903 3520 958 historicis
3551 905 3705 961 Grae-

2129 995 2225 1051 cis.
2260 1008 2311 1063 p.
2334 993 2460 1048 28L
2490 993 2631 1060 Quin
2675 996 2843 1048 multo
2882 1006 3010 1049 ante
3034 996 3118 1047 vir
3151 1010 3376 1050 summa:
3405 1001 3707 1065 auctorita-

2132 1087 2198 1139 tis
2240 1085 2298 1139 S.
2330 1084 2437 1140 Th.
2493 1089 2682 1142 doctor
2724 1088 3014 1154 Angelicus
3066 1089 3205 1142 idem
3258 1100 3607 1146 coocesserat
3652 1093 3706 1145 in

2130 1177 2369 1243 Summa,
2407 1194 2445 1233 tt
2490 1187 2668 1248 parte,
2718 1190 2912 1249 quaest.
2962 1180 3050 1243 '56,
3087 1192 3191 1235 art.
3236 1182 3294 1247 2,
3336 1183 3426 1235 ubi
3455 1199 3576 1237 cum
3605 1183 3706 1238 sibi

2128 1272 2419 1338 obiecisset
2449 1284 2771 1343 argumento
2809 1274 2843 1327 3
2870 1275 3014 1328 hunc
3048 1275 3226 1344 ipsum
3265 1275 3441 1330 locum
3510 1276 3705 1330 Dama-

2128 1364 2302 1427 sceni,
2330 1366 2409 1418 sic
2459 1367 2753 1433 respondet
2788 1379 2802 1417 :
2836 1366 2918 1418 Ad
2970 1367 3002 1420 5
3052 1368 3329 1420 dicendum
3378 1370 3516 1436 quod
3542 1368 3712 1437 Spiri-

2128 1467 2235 1509 tum
2289 1468 2529 1511 sanctum
2583 1475 2685 1512 non
2740 1460 3019 1528 procedere
3074 1476 3107 1512 a
3166 1459 3307 1514 Filio
3339 1469 3506 1530 primo
3536 1463 3636 1530 fuit
3677 1479 3709 1516 a

2132 1546 2470 1603 Nestorianis
2525 1551 2908 1614 introductum,
2962 1564 3013 1605 ut
3060 1562 3202 1621 patet
3234 1554 3285 1605 in
3319 1556 3547 1621 quodam
3571 1571 3712 1624 sym-

2129 1640 2245 1693 bolo
2287 1641 2729 1696 Nestorianorum
2785 1643 3039 1696 damnato
3074 1646 3126 1697 in
3170 1642 3439 1709 Ephesina
3483 1648 3706 1710 synodo.

2132 1729 2199 1782 Et
2247 1732 2384 1784 hunc
2435 1749 2665 1787 errorem
2725 1744 2934 1786 secutus
2988 1733 3088 1802 fuit
3150 1733 3505 1788 Theodericus
3545 1734 3709 1805 (forte

444 1839 679 1881 auctore
730 1829 955 1881 lia-regis
1002 1842 1164 1895 quam
1206 1836 1365 1882 vocat
1408 1828 1838 1896 Bngomilorum,
1885 1845 2021 1897 quo-
2057 1799 2099 1854 Β
2132 1822 2413 1890 legendum
2452 1822 2817 1894 Theodoritus)
2874 1823 3227 1878 Nestorianus
3278 1836 3327 1878 et
3367 1825 3545 1893 plures
3592 1836 3708 1895 post

448 1935 570 1975 rum
612 1922 863 1984 dogmata
905 1929 957 1973 et
998 1919 1243 1974 facinora
1283 1922 1354 1975 ob
1391 1922 1779 1991 turpitudinem
1820 1922 2021 1976 referre

450 2024 509 2065 se
536 2013 736 2064 audere
786 2021 969 2078 negat,
1022 2026 1318 2066 memorem
1367 2015 1705 2066 verecundiae
1739 2013 2019 2067 mulierem

452 2118 683 2170 eamque
708 2104 1007 2173 principem
1034 2105 1295 2166 decentis,
1324 2105 1400 2157 sic
1418 2107 1682 2158 continuo
1704 2105 2020 2176 subjungit:

455 2194 586 2258 Quo:
623 2196 670 2247 si
703 2195 789 2246 cui
824 2211 977 2248 nosse
1025 2197 1162 2249 tanti
1192 2206 1288 2251 est.
1334 2196 1606 2249 consulere
1639 2199 1683 2250 is
1716 2200 1904 2263 poterit
1961 2198 2026 2251 li-

455 2285 605 2339 brum
653 2288 741 2354 qui
804 2287 1114 2339 inscribitur
1170 2285 1481 2355 Dogmatica
1535 2286 1818 2355 Panoplia,
1870 2290 2026 2357 jussu

455 2380 554 2431 mei
598 2382 766 2447 patris
797 2380 1053 2446 scrip'um
1101 2389 1255 2447 atque
1288 2381 1508 2431 editum.
1567 2382 1766 2434 Auctor
1794 2383 1908 2451 ejus
1949 2393 2026 2437 est

456 2471 738 2523 monachus
797 2473 1110 2541 Zygadenus
1163 2473 1391 2533 nomine,
1427 2484 1581 2526 notus
1637 2475 1862 2529 dominre
1903 2495 2029 2533 mete

453 2562 584 2613 atria:
613 2574 887 2621 matcrmc,
920 2575 965 2613 et
995 2565 1233 2615 onmibus
1269 2563 1373 2615 Deo
1409 2566 1572 2617 sacris
1605 2565 1922 2634 hominibus,
1944 2588 2032 2624 sa-

452 2652 750 2704 cerdotibus
776 2668 838 2703 ac
872 2652 1206 2721 pontiﬁcibus
1235 2651 1545 2720 familiaris.
1581 2654 1734 2709 Hunc
1767 2673 2026 2712 summum

453 2746 863 2812 grammaticum
893 2751 1232 2812 eamdemque
1267 2748 1520 2797 rhetorem
1572 2763 1674 2800 non
1718 2749 2031 2803 inexercita-

454 2847 587 2899 tum,
622 2835 894 2904 theologica
912 2854 1026 2890 vero
1044 2848 1089 2889 et
1113 2837 1353 2891 catholici
1377 2838 1637 2908 dogmatis
1657 2855 1765 2906 pra:
1789 2843 2029 2896 onmibus

454 2928 885 2993 scientissimum,
910 2930 1178 2998 Augustus
1211 2942 1358 2996 pater
1383 2948 1526 2983 meus
1551 2931 1618 2984 ad
1636 2949 1691 2984 se
1721 2937 2027 2989 accersitum

457 3020 610 3081 iussit
636 3019 871 3089 digerere
904 3020 1088 3074 ordine
1116 3022 1171 3073 in
1207 3038 1333 3090 opus
1368 3040 1525 3075 unum
1545 3035 1762 3077 cunctas
1785 3030 2028 3089 meres-es,

453 3119 500 3163 et
544 3113 822 3179 unicuique
874 3111 1055 3164 relata:
1095 3113 1373 3178 sigillatim
1397 3129 1653 3182 opponere
1689 3117 2030 3184 refutationes

455 3212 758 3256 sanctorum
798 3201 1044 3267 Patrum,
1075 3214 1193 3270 post
1222 3221 1399 3258 omnes
1449 3207 1669 3275 denique
1713 3197 2029 3280 salijungvre

457 3293 700 3345 ultimam
750 3293 886 3346 hanc
931 3292 1321 3363 Bagomilorum
1365 3297 1603 3349 haeresim
1642 3300 1857 3368 ejusque
1904 3305 2033 3371 dog-

456 3395 623 3450 mata,
643 3397 796 3452 prout
823 3401 879 3438 ea
902 3385 1092 3450 impius
1115 3385 1202 3438 ille
1223 3386 1453 3439 Basilius
1476 3403 1808 3456 exposuerat.
1836 3391 1915 3444 Ex
1939 3401 2032 3445 hoc

456 3478 645 3531 Alexii‘
676 3480 923 3530 inundata
960 3479 1162 3531 exstitit
1193 3494 1319 3546 opus
1350 3480 1528 3548 ingens
1571 3482 1746 3549 plures
1774 3484 1828 3536 in
1873 3485 2032 3540 libros

459 3569 734 3635 tributum,
771 3572 856 3623 cui
886 3571 1143 3640 hodieque
1195 3573 1442 3625 universo
1477 3572 1706 3626 adhaeret
1740 3579 2037 3630 nomencla-

402 3683 417 3692 -
460 3663 532 3715 tio
577 3664 641 3715 ab
679 3664 996 3731 imperatore
1044 3665 1273 3731 printum
1320 3666 1617 3734 excogitata
1657 3678 1812 3736 atque
1863 3670 2032 3723 indita

459 3756 554 3808 illa
578 3772 736 3826 quam
785 3757 1017 3808 diximus
1058 3754 1333 3825 Panoptia:
1378 3760 1723 3827 dogmaticw.
1759 3759 2032 3818 Hactenus

460 3849 649 3912 Anna;
684 3862 747 3901 ex
780 3849 937 3917 cujus
967 3850 1147 3903 verbis
1177 3850 1301 3919 quis
1344 3853 1585 3916 prudens
1629 3866 1734 3907 non
1767 3862 2033 3919 agnoseat

464 3943 604 3995 haud
657 3943 1005 3997 abhorruisse
1052 3956 1079 3995 a
1120 3943 1282 4017 genio
1325 3944 1519 3998 domus
1564 3943 1877 4009 Camoenae,
1940 3956 2033 4001 aut

461 4033 530 4086 ab
561 4033 740 4085 indole
767 4034 1024 4101 peculiari
1060 4033 1318 4087 Mannelis
1349 4030 1434 4104 [Ρ.
1471 4033 1598 4103 551]
1627 4051 1896 4089 summam
1927 4039 2030 4091 sibi

461 4142 662 4197 ponere
696 4126 838 4181 soliti
874 4128 925 4180 in
979 4128 1279 4182 imitatione
1321 4129 1619 4183 facinorum
1664 4132 1840 4183 otuuis
1873 4146 2035 4201 gene-

460 4221 537 4273 ris
562 4219 905 4273 laudatorum
947 4219 1002 4273 in
1032 4235 1132 4275 avo
1162 4234 1262 4275 suo
1292 4221 1482 4274 Alexio
1515 4222 1780 4290 Augusto,
1807 4224 2035 4277 descen-

455 4312 588 4367 dere
618 4313 670 4366 in
701 4327 888 4367 curam
923 4313 1283 4367 eoncinnandi
1310 4314 1432 4368 talis
1454 4317 1826 4369 commentarii
1859 4329 1909 4370 et
1935 4332 2034 4371 suo

456 4406 666 4461 nomini
701 4398 819 4474 ejus
848 4406 1139 4460 editionem
1169 4408 1462 4476 imputandi
1483 4409 1506 4462 ?
1531 4408 1586 4462 In
1617 4424 1724 4479 quo
1754 4406 1895 4463 forte
1926 4426 2030 4465 non

2131 1918 2324 1986 ipsum,
2351 1919 2491 1971 inter
2517 1938 2644 1988 quos
2676 1921 2773 1989 fuit
2803 1923 2958 1975 etiam
3020 1922 3400 1975 Dnmasceuus.
3459 1921 3608 1976 Unde
3657 1923 3712 1976 in

2131 2009 2229 2062 hoc
2294 2012 2407 2079 ejus
2460 2013 2732 2066 sententia:
2793 2023 3006 2067 nonest
3059 2016 3328 2077 standum,
3384 2017 3618 2083 quaint-is
3677 2030 3711 2068 a

2132 2104 2450 2172 qz‘ibusdam
2483 2105 2699 2156 dicatur
2730 2104 2867 2174 quod
2900 2106 3257 2159 Daiitascenus
3285 2107 3419 2160 sicut
3459 2124 3562 2159 non
3589 2124 3714 2162 con-

2133 2193 2306 2261 ﬁtetur
2335 2190 2592 2260 Spiritum
2623 2206 2861 2247 sanctum
2895 2211 3005 2248 esse
3045 2212 3075 2248 a
3110 2194 3267 2258 Filio,
3300 2197 3376 2249 ita
3420 2198 3576 2250 etiam
3609 2212 3712 2249 non

2136 2294 2374 2352 negatex
2410 2287 2457 2338 vi
2505 2287 2801 2339 verborum.
2856 2285 2928 2340 Ita
2978 2286 3051 2341 ibi
3098 2288 3320 2342 sanctus
3363 2289 3571 2342 ductor.
3610 2288 3714 2341 Dc-

2134 2374 2361 2429 f‘ndunt
2396 2387 2573 2430 tamen
2618 2377 2712 2432 hic
2771 2378 2837 2430 ab
2885 2393 3071 2432 errore
3107 2378 3497 2433 Damascennui
3539 2378 3709 2435 Graeci

2135 2483 2350 2537 qut-quc
2390 2470 2512 2538 ipsi,
2557 2470 2651 2522 sed
2702 2471 2987 2524 orthodoxi
3024 2478 3075 2524 et
3117 2471 3281 2524 alieni
3326 2486 3352 2523 a
3396 2471 3712 2533 schismate,

2137 2560 2470 2631 Nicephorius
2500 2560 2822 2626 Blemmida,
2856 2577 2941 2616 or.
2994 2563 3058 2616 ad
3093 2560 3352 2617 Iacobum
3396 2565 3712 2634 episcopum

2138 2654 2400 2722 Bulgariae
2445 2654 2508 2705 de
2556 2654 2901 2720 processime
2935 2652 3168 2721 Spiritus
3221 2657 3428 2723 sancti;
3464 2655 3716 2710 Bessario

2137 2747 2452 2809 cardinalis,
2477 2748 2637 2815 epist.
2672 2746 2737 2797 a.l
2775 2746 3021 2798 A'exium
3058 2744 3332 2799 Lascarim
3365 2745 3714 2801 Philanthro-

2139 2854 2357 2907 penum,
2401 2849 2453 2891 et
2485 2839 2733 2892 oratione
2770 2839 3077 2907 dogtnatica
3117 2839 3181 2892 ad
3217 2840 3479 2909 synodum
3514 2837 3711 2893 Orien-

2140 2927 2338 2990 taletn;
2394 2926 2696 2980 Demetrius
2742 2926 3041 2997 Cydonins,
3088 2930 3352 2995 Opnsculo
3399 2928 3473 2981 De
3506 2944 3717 2998 proces-

2139 3020 2281 3072 sione
2316 3016 2547 3085 Spiritus
2572 3021 2771 3085 sancti;
2801 3019 3068 3088 Josepbus
3092 3020 3462 3075 Methonensis
3493 3033 3546 3075 et
3581 3020 3715 3075 Gre-

2142 3113 2323 3179 gorius
2386 3111 2825 3181 Protosyncellus
2859 3124 3046 3167 c0ntra
3078 3116 3236 3183 epist.
3274 3113 3437 3169 Marci
3470 3114 3710 3184 Ephesii,

2136 3200 2454 3257 Gennadius
2487 3206 2795 3270 patriarcha
2829 3221 2926 3273 pro
2956 3205 3187 3258 concilio
3210 3205 3538 3266 Florentino,
3570 3218 3711 3273 quos

2135 3310 2323 3347 omnes
2375 3294 2576 3356 laudat,
2635 3296 2909 3350 falsissime
2962 3308 3018 3350 et
3064 3297 3431 3351 eruditissime
3472 3307 3712 3350 tractans

2137 3387 2278 3439 hunc
2309 3386 2511 3449 locum,
2555 3388 2631 3440 Ill.
2666 3388 2770 3442 Leo
2797 3388 3045 3453 Allatius,
3086 3389 3121 3442 Ι.
3160 3406 3198 3443 ιι
3232 3388 3308 3442 De
3337 3388 3480 3442 Eccl.
3522 3388 3709 3444 Occid.

2132 3488 2182 3533 et
2220 3476 2429 3532 Orient.
2454 3489 2704 3549 perpetua
2742 3481 3101 3546 consensione,
3133 3480 3262 3535 αἳ.
3300 3480 3497 3533 Horum
3533 3480 3713 3548 plero-

2135 3586 2362 3638 rumque
2415 3588 2510 3641 pro
2578 3572 2914 3626 Daurasceno
2975 3574 3253 3642 res‘pousio
3296 3573 3412 3627 fere
3454 3571 3713 3626 coincidit

2135 3678 2256 3716 cum
2310 3667 2599 3731 postremis
2651 3665 2707 3716 S.
2765 3665 2985 3718 Thema:
3037 3666 3325 3734 Aquinatis
3373 3670 3530 3719 modo
3579 3665 3710 3717 rela-

2140 3756 2208 3808 tis
2274 3757 2472 3809 t'erbis.
2516 3756 2687 3809 Aiunt
2737 3757 2945 3810 scilicet
3000 3766 3055 3812 et
3085 3757 3171 3811 isti
3237 3771 3575 3825 nequaquam
3627 3771 3715 3812 se-

2136 3849 2226 3914 qui
2252 3864 2317 3901 ex
2350 3864 2413 3901 eo
2432 3852 2570 3917 quod
2590 3850 2790 3903 scribat
2813 3848 3180 3904 Damascenus
3197 3865 3250 3903 se
3268 3865 3370 3903 non
3398 3849 3567 3902 dicere
3596 3849 3717 3917 Spi-

2137 3938 2296 3991 ritum
2327 3956 2391 3992 ea:
2422 3940 2579 4004 Filio,
2615 3942 2799 4010 negari
2838 3944 2904 3993 ab
2948 3943 3066 4009 ipso
3112 3943 3255 3996 istud
3307 3944 3505 4009 ipsum.
3556 3941 3708 4007 Qua:-

2137 4032 2259 4085 dam
2308 4033 2451 4086 enim
2483 4044 2627 4086 certa
2669 4049 2735 4086 ex
2778 4049 2944 4088 causa
2992 4049 3097 4087 non
3133 4034 3403 4096 dicuntur,
3437 4048 3556 4102 quas
3600 4049 3713 4088 non

2139 4135 2411 4193 negantur
2457 4134 2660 4188 tamen,
2699 4128 2825 4194 quia
2877 4127 3038 4180 verba
3092 4141 3213 4195 quin
3257 4128 3492 4181 hatretici
3542 4143 3714 4197 pravo

2137 4233 2295 4272 sensu
2370 4220 2716 4288 protulerint,
2787 4220 3055 4273 interdum
3128 4221 3382 4274 Catholiti
3457 4234 3714 4276 verentur

2137 4326 2418 4378 usurpare,
2479 4327 2546 4365 nc
2599 4312 2785 4366 audita
2838 4323 3096 4380 putentur
3150 4316 3418 4382 appictam
3476 4314 3580 4368 illis
3616 4329 3713 4382 per

2139 4403 2423 4456 daninatos
2453 4416 2700 4458 anetores
2725 4405 2900 4459 adhuc
2930 4405 3163 4458 retinuere
3191 4407 3539 4461 sontentiam.
3568 4407 3738 4473 ρηοχ

459 4512 651 4567 parum
706 4498 783 4551 illi
836 4498 1107 4568 profuerit
1159 4501 1309 4569 prior
1362 4500 1447 4553 illa
1482 4498 1752 4571 Zygadeni
1786 4502 2030 4572 scriptio,
2067 4542 2109 4596 D
2143 4495 2285 4547 niam
2342 4511 2472 4565 ergo
2530 4498 2827 4552 Eunomius
2885 4499 3170 4553 Trinitatis
3230 4503 3715 4557 consubstantialis

417 4613 421 4615 λ
456 4604 622 4661 quam
656 4591 881 4645 resectis
911 4599 1117 4645 tantum
1151 4592 1609 4662 descriptionibus
1650 4594 1939 4648 bacresium
1976 4608 2032 4649 et

465 4684 880 4740 recitatioaibus
943 4683 1303 4738 absurdarnm
1369 4688 1755 4750 assertionum,
1826 4689 2034 4747 quibus

461 4779 565 4833 illa:
596 4778 939 4844 constabant,
990 4784 1105 4831 tum
1164 4778 1491 4831 testimoniis
1549 4777 1772 4832 Patrum
1801 4795 1827 4833 a
1860 4779 2034 4849 Zyga-

463 4871 605 4923 deuo
631 4868 907 4935 congestis
936 4867 989 4921 in
1045 4868 1294 4921 ordinem
1330 4869 1673 4923 commodum
1706 4871 2035 4934 distributis,

465 4963 476 5013 I
502 4960 821 5023 terim-erit,
852 4968 904 5012 et
933 4957 1135 5028 proprii
1164 4961 1397 5013 nominis
1422 4941 1751 5014 auctoritaﬁ
1774 4963 2036 5014 tutiuitmn

462 5054 763 5122 Vulgaverit
789 5067 930 5107 novo
966 5052 1124 5106 titulo
1156 5053 1310 5122 ἱερᾶς
1345 5051 1834 5124 ὁπλοθήκης,εαετί
1863 5068 2041 5105 arma-

464 5148 735 5199 mentarii.

538 5238 671 5292 ibid.
707 5238 794 5293 Ait
832 5240 1079 5293 nimirum
1111 5238 1249 5291 idem
1280 5245 1515 5291 sanctus.
1560 5235 1637 5290 Ex
1693 5238 1779 5291 bis
1838 5238 2036 5292 Dama—

465 5328 612 5381 sceni
669 5328 867 5390 verbis,
924 5343 1043 5396 quin
1087 5328 1336 5396 leguntur
1374 5326 1638 5396 hodieque
1693 5329 1834 5395 apud
1890 5327 2038 5382 illum

468 5419 505 5472 l.
548 5435 559 5472 I
595 5418 670 5472 De
713 5419 838 5487 ﬁde,
867 5420 1065 5487 capite,
1110 5426 1169 5471 ut
1209 5418 1428 5487 quidam
1475 5419 1666 5481 citant,
1721 5418 1788 5471 l2
1838 5420 1958 5491 (ego
1987 5421 2038 5474 in

469 5511 528 5563 ll
579 5511 787 5579 reperio
818 5511 905 5565 ed.
944 5509 1268 5564 Basileensis
1306 5509 1430 5563 anni
1466 5508 1697 5580 1575.p.
1723 5510 1834 5579 43),
1881 5510 2044 5582 744

468 5617 579 5657 non
645 5604 804 5657 modo
850 5601 1024 5657 Graeci
1075 5601 1409 5656 schismatici
1465 5602 1693 5673 antiqui,
1770 5604 2043 5660 Macarius

466 5695 812 5764 Aucyranus.
854 5694 1147 5763 Gregorius
1186 5692 1456 5756 Palatinis,
1519 5692 1788 5763 lost-phus
1841 5695 2043 5765 Bryen-

467 5785 617 5853 nius,
679 5785 939 5841 Euntnncl
1022 5785 1354 5855 Palmologus
1414 5786 1708 5855 Augmtus,
1772 5787 2040 5856 Georgius

2141 4586 2311 4640 hostis
2360 4596 2607 4641 sanctum
2648 4592 2907 4657 Spiritum
2956 4606 3079 4643 esse
3126 4606 3188 4643 ex
3228 4584 3364 4645 Filio
3399 4593 3711 4650 affirmave-

2141 4687 2246 4739 rat,
2298 4691 2363 4731 eo
2404 4678 2606 4732 scilicet
2658 4680 2817 4733 modo
2843 4679 2898 4745 id
2939 4681 3246 4750 intelligens
3276 4699 3385 4752 quo
3435 4686 3609 4754 ipsum
3644 4703 3711 4742 ex

2137 4767 2300 4823 Patre
2367 4769 2562 4823 Filium
2616 4781 2670 4825 et
2723 4770 2960 4825 Verbum
3017 4790 3121 4827 non
3173 4780 3714 4834 consubstantialiter

2140 4864 2436 4930 procedere
2471 4865 2671 4926 aiebat,
2705 4864 2947 4919 vitabant
2987 4869 3238 4922 catholici
3271 4870 3592 4934 simpliciter
3634 4885 3715 4926 ta-

2142 4953 2243 5007 lem
2282 4955 2608 5006 sententiam
2648 4954 2866 5018 efferre,
2915 4958 2999 5009 cui
3033 4975 3095 5012 ex
3140 4960 3245 5015 late
3284 4963 3499 5030 vulgato
3532 4964 3715 5018 Euno-

2143 5045 2234 5097 mii
2268 5061 2455 5100 errore
2482 5049 2695 5114 reprobi
2730 5052 2994 5117 dogmatis
3025 5051 3289 5106 calumnia
3319 5056 3565 5111 haereret.
3597 5058 3714 5123 Qua

2142 5135 2254 5188 sola
2289 5140 2541 5192 cautione
2575 5141 2710 5192 idem
2739 5139 3103 5196 Damascenus
3131 5143 3331 5215 refugit
3360 5162 3555 5203 vocare
3582 5150 3713 5205 bea-

2142 5235 2251 5281 tam
2309 5227 2531 5282 Mariam
2582 5229 3000 5300 ChriSIiparam,
3054 5235 3181 5291 licet
3222 5238 3444 5293 minime
3491 5252 3716 5311 negaret

2143 5334 2262 5373 eam
2316 5337 2444 5376 vere
2494 5321 2771 5377 Chzistnm
2830 5327 3124 5395 peperisse.
3178 5341 3388 5387 tantum
3440 5350 3506 5388 ne
3557 5347 3716 5391 utens

2145 5414 2289 5469 notis
2321 5415 2501 5469 verbis
2534 5414 2792 5485 Nestorii,
2819 5421 3016 5489 quibus
3038 5422 3127 5479 ille
3163 5426 3522 5481 htercsiareha
3566 5429 3717 5484 blas-

2145 5508 2395 5576 phematn
2466 5525 2618 5565 suam
2671 5515 3008 5582 exprimebat
3068 5518 3404 5587 opinionem,
3460 5536 3717 5588 personas

2117 5600 2280 5652 ‘duas
2310 5599 2533 5654 Christo
2564 5601 2933 5672 aﬂiugcntem,
2969 5606 3128 5678 745
3164 5608 3402 5663 divinam
3433 5621 3487 5664 et
3523 5615 3718 5668 huma—

2148 5707 2294 5758 nam,
2351 5693 2430 5747 sic
2486 5704 2545 5747 nt
2597 5696 2766 5749 Maria
2832 5698 2998 5753 Solius
3042 5702 3291 5756 humanae
3331 5717 3719 5772 personfemao

2147 5796 2231 5841 ter
2263 5795 2426 5855 esset,
2456 5788 2598 5845 unde
2629 5789 2774 5844 illam
2808 5792 3168 5848 contendebat
3195 5795 3592 5866 Cliristiparam
3626 5814 3721 5855 γο-
