  <div class='ocr_page' id='page_1' title='image "/cluster/home/n/w/nwhite01/storage/ocr_20150623/144:no.2/coo.31924054870492/409.png"; bbox 0 0 4036 6438; ppageno 0'>
   <div class='ocr_carea' id='block_1_1' title="bbox 378 302 494 368">
    <p class='ocr_par' dir='ltr' id='par_1_1' title="bbox 378 302 494 368">
     <span class='ocr_line' id='line_1_1' title="bbox 378 302 494 368; baseline -0.017 -1"><span class='ocrx_word' id='word_1_1' title='bbox 378 302 494 368; x_wconf 65' lang='grc' dir='ltr'><strong>ἙΟἸ</strong></span> 
     </span>
    </p>
   </div>
   <div class='ocr_carea' id='block_1_2' title="bbox 1301 290 2731 359">
    <p class='ocr_par' dir='ltr' id='par_1_2' title="bbox 1301 290 2731 359">
     <span class='ocr_line' id='line_1_2' title="bbox 1301 290 2731 359; baseline -0.001 -3"><span class='ocrx_word' id='word_1_2' title='bbox 1301 293 1373 359; x_wconf 81' lang='grc' dir='ltr'><strong>Ῥ.</strong></span> <span class='ocrx_word' id='word_1_3' title='bbox 1420 296 1723 358; x_wconf 74' lang='lat' dir='ltr'><strong>POSSINI</strong></span> <span class='ocrx_word' id='word_1_4' title='bbox 1763 290 2419 355; x_wconf 70' lang='lat' dir='ltr'><strong>OBSERVATIUNUM</strong></span> <span class='ocrx_word' id='word_1_5' title='bbox 2465 294 2611 356; x_wconf 62' lang='lat' dir='ltr'><strong>illi.</strong></span> <span class='ocrx_word' id='word_1_6' title='bbox 2654 290 2731 355; x_wconf 81' lang='grc' dir='ltr'><strong>Ιῐ.</strong></span> 
     </span>
    </p>
   </div>
   <div class='ocr_carea' id='block_1_3' title="bbox 3512 295 3607 359">
    <p class='ocr_par' dir='ltr' id='par_1_3' title="bbox 3512 295 3607 359">
     <span class='ocr_line' id='line_1_3' title="bbox 3512 295 3607 359; baseline -0.021 0"><span class='ocrx_word' id='word_1_7' title='bbox 3512 295 3607 359; x_wconf 62' lang='grc' dir='ltr'><strong>8Γ8</strong></span> 
     </span>
    </p>
   </div>
   <div class='ocr_carea' id='block_1_4' title="bbox 390 406 3612 489">
    <p class='ocr_par' dir='ltr' id='par_1_4' title="bbox 390 406 3612 489">
     <span class='ocr_line' id='line_1_4' title="bbox 390 406 3612 489; baseline -0.005 -13"><span class='ocrx_word' id='word_1_8' title='bbox 390 420 499 476; x_wconf 88' lang='lat' dir='ltr'><strong>cari</strong></span> <span class='ocrx_word' id='word_1_9' title='bbox 530 418 747 482; x_wconf 66' lang='lat' dir='ltr'><strong>dobere,</strong></span> <span class='ocrx_word' id='word_1_10' title='bbox 773 431 877 471; x_wconf 90' lang='lat' dir='ltr'><strong>non</strong></span> <span class='ocrx_word' id='word_1_11' title='bbox 914 423 1091 470; x_wconf 86' lang='lat' dir='ltr'><strong>autem</strong></span> <span class='ocrx_word' id='word_1_12' title='bbox 1120 411 1403 489; x_wconf 81' lang='lat' dir='ltr'><strong>Deiparam</strong></span> <span class='ocrx_word' id='word_1_13' title='bbox 1426 430 1439 466; x_wconf 95' lang='lat'>:</span> <span class='ocrx_word' id='word_1_14' title='bbox 1465 424 1531 465; x_wconf 88' lang='lat' dir='ltr'><strong>ne</strong></span> <span class='ocrx_word' id='word_1_15' title='bbox 1562 410 1687 472; x_wconf 88' lang='lat' dir='ltr'><strong>illis,</strong></span> <span class='ocrx_word' id='word_1_16' title='bbox 1716 411 1958 478; x_wconf 84' lang='lat' dir='ltr'><strong>inquam,</strong></span> <span class='ocrx_word' id='word_1_17' title='bbox 1992 416 2035 470; x_wconf 75' lang='grc' dir='ltr'><strong>Α</strong></span> <span class='ocrx_word' id='word_1_18' title='bbox 2067 406 2237 476; x_wconf 84' lang='lat' dir='ltr'><strong>pergit</strong></span> <span class='ocrx_word' id='word_1_19' title='bbox 2264 410 2484 471; x_wconf 85' lang='lat' dir='ltr'><strong>diserte,</strong></span> <span class='ocrx_word' id='word_1_20' title='bbox 2516 416 2787 471; x_wconf 67' lang='lat' dir='ltr'><strong>accurate,</strong></span> <span class='ocrx_word' id='word_1_21' title='bbox 2820 408 3119 476; x_wconf 86' lang='lat' dir='ltr'><strong>eleganter,</strong></span> <span class='ocrx_word' id='word_1_22' title='bbox 3149 408 3351 461; x_wconf 82' lang='lat' dir='ltr'><strong>acriter</strong></span> <span class='ocrx_word' id='word_1_23' title='bbox 3377 424 3492 476; x_wconf 72' lang='lat' dir='ltr'><strong>quae</strong></span> <span class='ocrx_word' id='word_1_24' title='bbox 3516 412 3612 479; x_wconf 73' lang='lat' dir='ltr'><strong>Cy-</strong></span> 
     </span>
    </p>
   </div>
   <div class='ocr_carea' id='block_1_5' title="bbox 390 498 1958 568">
    <p class='ocr_par' dir='ltr' id='par_1_5' title="bbox 390 498 1958 568">
     <span class='ocr_line' id='line_1_5' title="bbox 390 498 1958 568; baseline -0.011 -3"><span class='ocrx_word' id='word_1_25' title='bbox 390 509 579 565; x_wconf 85' lang='lat' dir='ltr'><strong>iisdem</strong></span> <span class='ocrx_word' id='word_1_26' title='bbox 623 506 989 560; x_wconf 84' lang='lat' dir='ltr'><strong>Damascenus</strong></span> <span class='ocrx_word' id='word_1_27' title='bbox 1025 505 1205 557; x_wconf 84' lang='lat' dir='ltr'><strong>verbis</strong></span> <span class='ocrx_word' id='word_1_28' title='bbox 1247 511 1404 555; x_wconf 84' lang='lat' dir='ltr'><strong>utens</strong></span> <span class='ocrx_word' id='word_1_29' title='bbox 1443 500 1610 553; x_wconf 77' lang='lat' dir='ltr'><strong>videri</strong></span> <span class='ocrx_word' id='word_1_30' title='bbox 1642 509 1825 568; x_wconf 87' lang='lat' dir='ltr'><strong>posset</strong></span> <span class='ocrx_word' id='word_1_31' title='bbox 1858 498 1958 550; x_wconf 57' lang='lat' dir='ltr'><strong>mia</strong></span> 
     </span>
    </p>
   </div>
   <div class='ocr_carea' id='block_1_6' title="bbox 388 589 1959 660">
    <p class='ocr_par' dir='ltr' id='par_1_6' title="bbox 388 589 1959 660">
     <span class='ocr_line' id='line_1_6' title="bbox 388 589 1959 660; baseline -0.009 -7"><span class='ocrx_word' id='word_1_32' title='bbox 388 615 492 653; x_wconf 89' lang='lat' dir='ltr'><strong>nus</strong></span> <span class='ocrx_word' id='word_1_33' title='bbox 522 598 692 652; x_wconf 83' lang='lat' dir='ltr'><strong>cautis</strong></span> <span class='ocrx_word' id='word_1_34' title='bbox 731 613 834 651; x_wconf 91' lang='lat' dir='ltr'><strong>non</strong></span> <span class='ocrx_word' id='word_1_35' title='bbox 864 596 998 649; x_wconf 82' lang='lat' dir='ltr'><strong>satis</strong></span> <span class='ocrx_word' id='word_1_36' title='bbox 1031 595 1198 647; x_wconf 79' lang='lat' dir='ltr'><strong>vitare</strong></span> <span class='ocrx_word' id='word_1_37' title='bbox 1237 592 1617 660; x_wconf 81' lang='lat' dir='ltr'><strong>contagionem</strong></span> <span class='ocrx_word' id='word_1_38' title='bbox 1680 589 1959 642; x_wconf 68' lang='lat' dir='ltr'><strong>Nestoriu-</strong></span> 
     </span>
    </p>
   </div>
   <div class='ocr_carea' id='block_1_7' title="bbox 390 678 1959 752">
    <p class='ocr_par' dir='ltr' id='par_1_7' title="bbox 390 678 1959 752">
     <span class='ocr_line' id='line_1_7' title="bbox 390 678 1959 752; baseline -0.008 -8"><span class='ocrx_word' id='word_1_39' title='bbox 390 706 471 745; x_wconf 75' lang='lat' dir='ltr'><strong>nae</strong></span> <span class='ocrx_word' id='word_1_40' title='bbox 503 690 664 751; x_wconf 88' lang='lat' dir='ltr'><strong>labis,</strong></span> <span class='ocrx_word' id='word_1_41' title='bbox 697 702 801 742; x_wconf 90' lang='lat' dir='ltr'><strong>non</strong></span> <span class='ocrx_word' id='word_1_42' title='bbox 865 686 1037 741; x_wconf 89' lang='lat' dir='ltr'><strong>solum</strong></span> <span class='ocrx_word' id='word_1_43' title='bbox 1078 686 1145 739; x_wconf 77' lang='lat' dir='ltr'><strong>iis</strong></span> <span class='ocrx_word' id='word_1_44' title='bbox 1178 686 1252 737; x_wconf 91' lang='lat' dir='ltr'><strong>uti</strong></span> <span class='ocrx_word' id='word_1_45' title='bbox 1298 681 1550 746; x_wconf 90' lang='lat' dir='ltr'><strong>noluerit,</strong></span> <span class='ocrx_word' id='word_1_46' title='bbox 1584 681 1667 752; x_wconf 78' lang='grc' dir='ltr'><strong>[Ρ.</strong></span> <span class='ocrx_word' id='word_1_47' title='bbox 1701 678 1829 751; x_wconf 72' lang='lat'><strong>532]</strong></span> <span class='ocrx_word' id='word_1_48' title='bbox 1866 679 1959 732; x_wconf 87' lang='lat' dir='ltr'><strong>sed</strong></span> 
     </span>
    </p>
   </div>
   <div class='ocr_carea' id='block_1_8' title="bbox 390 772 1955 848">
    <p class='ocr_par' dir='ltr' id='par_1_8' title="bbox 390 772 1955 848">
     <span class='ocr_line' id='line_1_8' title="bbox 390 772 1955 848; baseline -0.006 -14"><span class='ocrx_word' id='word_1_49' title='bbox 390 781 553 835; x_wconf 88' lang='lat' dir='ltr'><strong>etiam</strong></span> <span class='ocrx_word' id='word_1_50' title='bbox 586 793 925 848; x_wconf 81' lang='lat' dir='ltr'><strong>nequaquam</strong></span> <span class='ocrx_word' id='word_1_51' title='bbox 957 793 1014 831; x_wconf 87' lang='lat' dir='ltr'><strong>se</strong></span> <span class='ocrx_word' id='word_1_52' title='bbox 1039 778 1112 831; x_wconf 85' lang='lat' dir='ltr'><strong>ita</strong></span> <span class='ocrx_word' id='word_1_53' title='bbox 1143 776 1289 843; x_wconf 83' lang='lat' dir='ltr'><strong>loqui</strong></span> <span class='ocrx_word' id='word_1_54' title='bbox 1317 776 1516 828; x_wconf 80' lang='lat' dir='ltr'><strong>diserte</strong></span> <span class='ocrx_word' id='word_1_55' title='bbox 1545 774 1620 827; x_wconf 86' lang='lat' dir='ltr'><strong>sit</strong></span> <span class='ocrx_word' id='word_1_56' title='bbox 1650 772 1955 841; x_wconf 78' lang='lat' dir='ltr'><strong>professus.</strong></span> 
     </span>
    </p>
   </div>
   <div class='ocr_carea' id='block_1_9' title="bbox 392 864 1958 936">
    <p class='ocr_par' dir='ltr' id='par_1_9' title="bbox 392 864 1958 936">
     <span class='ocr_line' id='line_1_9' title="bbox 392 864 1958 936; baseline -0.008 -14"><span class='ocrx_word' id='word_1_57' title='bbox 392 870 518 923; x_wconf 59' lang='lat' dir='ltr'><strong>Hau:</strong></span> <span class='ocrx_word' id='word_1_58' title='bbox 574 879 854 935; x_wconf 74' lang='lat' dir='ltr'><strong>utrunque</strong></span> <span class='ocrx_word' id='word_1_59' title='bbox 902 866 1257 936; x_wconf 87' lang='lat' dir='ltr'><strong>plausibiliter</strong></span> <span class='ocrx_word' id='word_1_60' title='bbox 1302 864 1603 933; x_wconf 75' lang='lat' dir='ltr'><strong>allegentur</strong></span> <span class='ocrx_word' id='word_1_61' title='bbox 1648 876 1822 916; x_wconf 85' lang='lat' dir='ltr'><strong>:vcra</strong></span> <span class='ocrx_word' id='word_1_62' title='bbox 1882 871 1958 912; x_wconf 77' lang='lat' dir='ltr'><strong>ta-</strong></span> 
     </span>
    </p>
   </div>
   <div class='ocr_carea' id='block_1_10' title="bbox 393 953 1960 1028">
    <p class='ocr_par' dir='ltr' id='par_1_10' title="bbox 393 953 1960 1028">
     <span class='ocr_line' id='line_1_10' title="bbox 393 953 1960 1028; baseline -0.006 -13"><span class='ocrx_word' id='word_1_63' title='bbox 393 976 514 1016; x_wconf 83' lang='lat' dir='ltr'><strong>men</strong></span> <span class='ocrx_word' id='word_1_64' title='bbox 564 964 684 1028; x_wconf 85' lang='lat' dir='ltr'><strong>ejus</strong></span> <span class='ocrx_word' id='word_1_65' title='bbox 735 961 857 1013; x_wconf 90' lang='lat' dir='ltr'><strong>nodi</strong></span> <span class='ocrx_word' id='word_1_66' title='bbox 906 960 1101 1012; x_wconf 88' lang='lat' dir='ltr'><strong>solutio</strong></span> <span class='ocrx_word' id='word_1_67' title='bbox 1149 967 1254 1023; x_wconf 88' lang='lat' dir='ltr'><strong>est,</strong></span> <span class='ocrx_word' id='word_1_68' title='bbox 1299 973 1462 1025; x_wconf 89' lang='lat' dir='ltr'><strong>quam</strong></span> <span class='ocrx_word' id='word_1_69' title='bbox 1520 970 1585 1008; x_wconf 80' lang='lat' dir='ltr'><strong>ex</strong></span> <span class='ocrx_word' id='word_1_70' title='bbox 1638 953 1960 1007; x_wconf 75' lang='lat' dir='ltr'><strong>Bessarione</strong></span> 
     </span>
    </p>
   </div>
   <div class='ocr_carea' id='block_1_11' title="bbox 391 1044 1955 1124">
    <p class='ocr_par' dir='ltr' id='par_1_11' title="bbox 391 1044 1955 1124">
     <span class='ocr_line' id='line_1_11' title="bbox 391 1044 1955 1124; baseline -0.008 -15"><span class='ocrx_word' id='word_1_71' title='bbox 391 1056 549 1124; x_wconf 91' lang='lat' dir='ltr'><strong>epist.</strong></span> <span class='ocrx_word' id='word_1_72' title='bbox 576 1056 640 1107; x_wconf 88' lang='lat' dir='ltr'><strong>ad</strong></span> <span class='ocrx_word' id='word_1_73' title='bbox 672 1053 946 1108; x_wconf 83' lang='lat' dir='ltr'><strong>Lascaritn</strong></span> <span class='ocrx_word' id='word_1_74' title='bbox 976 1052 1206 1107; x_wconf 69' lang='lat' dir='ltr'><strong>at’l‘erunt</strong></span> <span class='ocrx_word' id='word_1_75' title='bbox 1228 1050 1505 1112; x_wconf 86' lang='lat' dir='ltr'><strong>Petavius,</strong></span> <span class='ocrx_word' id='word_1_76' title='bbox 1531 1058 1673 1101; x_wconf 90' lang='lat' dir='ltr'><strong>tomo</strong></span> <span class='ocrx_word' id='word_1_77' title='bbox 1702 1047 1743 1100; x_wconf 93' lang='lat' dir='ltr'><strong>ll</strong></span> <span class='ocrx_word' id='word_1_78' title='bbox 1775 1044 1955 1099; x_wconf 82' lang='lat' dir='ltr'><strong>Tlteol.</strong></span> 
     </span>
    </p>
   </div>
   <div class='ocr_carea' id='block_1_12' title="bbox 390 1139 1960 1216">
    <p class='ocr_par' dir='ltr' id='par_1_12' title="bbox 390 1139 1960 1216">
     <span class='ocr_line' id='line_1_12' title="bbox 390 1139 1960 1216; baseline -0.006 -17"><span class='ocrx_word' id='word_1_79' title='bbox 390 1148 565 1216; x_wconf 86' lang='lat' dir='ltr'><strong>dogm.</strong></span> <span class='ocrx_word' id='word_1_80' title='bbox 598 1146 634 1199; x_wconf 92' lang='lat' dir='ltr'><strong>l.</strong></span> <span class='ocrx_word' id='word_1_81' title='bbox 670 1162 764 1209; x_wconf 86' lang='lat' dir='ltr'><strong>vn,</strong></span> <span class='ocrx_word' id='word_1_82' title='bbox 794 1161 842 1199; x_wconf 81' lang='grc' dir='ltr'>ο.</span> <span class='ocrx_word' id='word_1_83' title='bbox 878 1146 965 1205; x_wconf 89' lang='grc'><strong>17.</strong></span> <span class='ocrx_word' id='word_1_84' title='bbox 1000 1162 1053 1201; x_wconf 92' lang='lat' dir='ltr'><strong>n.</strong></span> <span class='ocrx_word' id='word_1_85' title='bbox 1085 1145 1151 1210; x_wconf 86' lang='lat'><strong>8;</strong></span> <span class='ocrx_word' id='word_1_86' title='bbox 1184 1154 1239 1198; x_wconf 85' lang='lat' dir='ltr'><strong>et</strong></span> <span class='ocrx_word' id='word_1_87' title='bbox 1280 1143 1528 1203; x_wconf 79' lang='lat' dir='ltr'><strong>Allatius,</strong></span> <span class='ocrx_word' id='word_1_88' title='bbox 1563 1142 1598 1193; x_wconf 92' lang='lat' dir='ltr'><strong>l.</strong></span> <span class='ocrx_word' id='word_1_89' title='bbox 1636 1156 1671 1195; x_wconf 91' lang='lat' dir='ltr'><strong>tt</strong></span> <span class='ocrx_word' id='word_1_90' title='bbox 1719 1139 1791 1193; x_wconf 83' lang='lat' dir='ltr'><strong>De</strong></span> <span class='ocrx_word' id='word_1_91' title='bbox 1837 1154 1960 1192; x_wconf 86' lang='lat' dir='ltr'><strong>con-</strong></span> 
     </span>
    </p>
   </div>
   <div class='ocr_carea' id='block_1_13' title="bbox 388 1231 1975 1303">
    <p class='ocr_par' dir='ltr' id='par_1_13' title="bbox 388 1231 1975 1303">
     <span class='ocr_line' id='line_1_13' title="bbox 388 1231 1975 1303; baseline -0.006 -10"><span class='ocrx_word' id='word_1_92' title='bbox 388 1256 530 1293; x_wconf 74' lang='lat' dir='ltr'><strong>um.</strong></span> <span class='ocrx_word' id='word_1_93' title='bbox 562 1237 941 1303; x_wconf 76' lang='lat' dir='ltr'><strong>Ecclesiarum,</strong></span> <span class='ocrx_word' id='word_1_94' title='bbox 974 1253 1024 1293; x_wconf 93' lang='lat' dir='ltr'><strong>c.</strong></span> <span class='ocrx_word' id='word_1_95' title='bbox 1048 1238 1104 1299; x_wconf 72' lang='lat'><strong>‘2,</strong></span> <span class='ocrx_word' id='word_1_96' title='bbox 1134 1253 1187 1291; x_wconf 83' lang='grc' dir='ltr'><strong>η.</strong></span> <span class='ocrx_word' id='word_1_97' title='bbox 1224 1235 1312 1302; x_wconf 85' lang='grc'><strong>10,</strong></span> <span class='ocrx_word' id='word_1_98' title='bbox 1337 1249 1529 1303; x_wconf 83' lang='lat' dir='ltr'><strong>nempe</strong></span> <span class='ocrx_word' id='word_1_99' title='bbox 1565 1235 1683 1287; x_wconf 89' lang='lat' dir='ltr'><strong>ideo</strong></span> <span class='ocrx_word' id='word_1_100' title='bbox 1711 1231 1975 1291; x_wconf 63' lang='lat' dir='ltr'><strong>absolute.</strong></span> 
     </span>
    </p>
   </div>
   <div class='ocr_carea' id='block_1_14' title="bbox 391 1322 1956 1399">
    <p class='ocr_par' dir='ltr' id='par_1_14' title="bbox 391 1322 1956 1399">
     <span class='ocr_line' id='line_1_14' title="bbox 391 1322 1956 1399; baseline -0.006 -16"><span class='ocrx_word' id='word_1_101' title='bbox 391 1346 455 1384; x_wconf 86' lang='lat' dir='ltr'><strong>ac</strong></span> <span class='ocrx_word' id='word_1_102' title='bbox 481 1332 599 1385; x_wconf 87' lang='lat' dir='ltr'><strong>sine</strong></span> <span class='ocrx_word' id='word_1_103' title='bbox 638 1331 887 1399; x_wconf 84' lang='lat' dir='ltr'><strong>adjuncta</strong></span> <span class='ocrx_word' id='word_1_104' title='bbox 926 1329 1109 1384; x_wconf 85' lang='lat' dir='ltr'><strong>Patris</strong></span> <span class='ocrx_word' id='word_1_105' title='bbox 1148 1328 1422 1382; x_wconf 80' lang='lat' dir='ltr'><strong>mentione</strong></span> <span class='ocrx_word' id='word_1_106' title='bbox 1467 1341 1574 1379; x_wconf 78' lang='lat' dir='ltr'><strong>esse</strong></span> <span class='ocrx_word' id='word_1_107' title='bbox 1618 1342 1665 1377; x_wconf 70' lang='grc' dir='ltr'><strong>ε.</strong></span> <span class='ocrx_word' id='word_1_108' title='bbox 1696 1322 1956 1391; x_wconf 78' lang='lat' dir='ltr'><strong>Spiritum</strong></span> 
     </span>
    </p>
   </div>
   <div class='ocr_carea' id='block_1_15' title="bbox 388 1418 1959 1486">
    <p class='ocr_par' dir='ltr' id='par_1_15' title="bbox 388 1418 1959 1486">
     <span class='ocr_line' id='line_1_15' title="bbox 388 1418 1959 1486; baseline -0.007 -9"><span class='ocrx_word' id='word_1_109' title='bbox 388 1438 457 1477; x_wconf 77' lang='lat' dir='ltr'><strong>ea:</strong></span> <span class='ocrx_word' id='word_1_110' title='bbox 484 1424 622 1477; x_wconf 83' lang='lat' dir='ltr'><strong>Filio</strong></span> <span class='ocrx_word' id='word_1_111' title='bbox 657 1437 764 1476; x_wconf 91' lang='lat' dir='ltr'><strong>non</strong></span> <span class='ocrx_word' id='word_1_112' title='bbox 792 1423 991 1476; x_wconf 79' lang='lat' dir='ltr'><strong>dixisse</strong></span> <span class='ocrx_word' id='word_1_113' title='bbox 1038 1421 1452 1480; x_wconf 86' lang='lat' dir='ltr'><strong>Damascenum,</strong></span> <span class='ocrx_word' id='word_1_114' title='bbox 1504 1418 1643 1486; x_wconf 88' lang='lat' dir='ltr'><strong>quod</strong></span> <span class='ocrx_word' id='word_1_115' title='bbox 1692 1422 1959 1469; x_wconf 86' lang='lat' dir='ltr'><strong>metueret</strong></span> 
     </span>
    </p>
   </div>
   <div class='ocr_carea' id='block_1_16' title="bbox 387 1509 1954 1581">
    <p class='ocr_par' dir='ltr' id='par_1_16' title="bbox 387 1509 1954 1581">
     <span class='ocr_line' id='line_1_16' title="bbox 387 1509 1954 1581; baseline -0.007 -13"><span class='ocrx_word' id='word_1_116' title='bbox 387 1530 461 1568; x_wconf 81' lang='lat' dir='ltr'><strong>ne</strong></span> <span class='ocrx_word' id='word_1_117' title='bbox 488 1516 568 1568; x_wconf 90' lang='lat' dir='ltr'><strong>sic</strong></span> <span class='ocrx_word' id='word_1_118' title='bbox 608 1514 880 1568; x_wconf 74' lang='lat' dir='ltr'><strong>videretur</strong></span> <span class='ocrx_word' id='word_1_119' title='bbox 909 1526 1207 1581; x_wconf 78' lang='lat' dir='ltr'><strong>agnoscere</strong></span> <span class='ocrx_word' id='word_1_120' title='bbox 1241 1510 1293 1563; x_wconf 91' lang='lat' dir='ltr'><strong>in</strong></span> <span class='ocrx_word' id='word_1_121' title='bbox 1342 1509 1482 1565; x_wconf 83' lang='lat' dir='ltr'><strong>Filio</strong></span> <span class='ocrx_word' id='word_1_122' title='bbox 1541 1523 1954 1577; x_wconf 80' lang='grc' dir='ltr'>προκαταρκτι-</span> 
     </span>
    </p>
   </div>
   <div class='ocr_carea' id='block_1_17' title="bbox 388 1600 1956 1672">
    <p class='ocr_par' dir='ltr' id='par_1_17' title="bbox 388 1600 1956 1672">
     <span class='ocr_line' id='line_1_17' title="bbox 388 1600 1956 1672; baseline -0.003 -16"><span class='ocrx_word' id='word_1_123' title='bbox 388 1603 494 1668; x_wconf 76' lang='grc' dir='ltr'><strong>κὴν</strong></span> <span class='ocrx_word' id='word_1_124' title='bbox 538 1605 740 1669; x_wconf 73' lang='grc' dir='ltr'>αἰτίαν,</span> <span class='ocrx_word' id='word_1_125' title='bbox 782 1603 1040 1671; x_wconf 76' lang='lat' dir='ltr'><strong>originale</strong></span> <span class='ocrx_word' id='word_1_126' title='bbox 1071 1603 1386 1672; x_wconf 71' lang='lat' dir='ltr'><strong>principium</strong></span> <span class='ocrx_word' id='word_1_127' title='bbox 1446 1600 1702 1671; x_wconf 82' lang='lat' dir='ltr'><strong>Spiritus,</strong></span> <span class='ocrx_word' id='word_1_128' title='bbox 1739 1600 1881 1668; x_wconf 88' lang='lat' dir='ltr'><strong>quod</strong></span> <span class='ocrx_word' id='word_1_129' title='bbox 1927 1613 1956 1651; x_wconf 76' lang='grc' dir='ltr'><strong>ιι</strong></span> 
     </span>
    </p>
   </div>
   <div class='ocr_carea' id='block_1_18' title="bbox 388 1692 1959 1765">
    <p class='ocr_par' dir='ltr' id='par_1_18' title="bbox 388 1692 1959 1765">
     <span class='ocr_line' id='line_1_18' title="bbox 388 1692 1959 1765; baseline -0.004 -16"><span class='ocrx_word' id='word_1_130' title='bbox 388 1695 646 1765; x_wconf 77' lang='lat' dir='ltr'><strong>dogmate</strong></span> <span class='ocrx_word' id='word_1_131' title='bbox 681 1694 946 1747; x_wconf 83' lang='lat' dir='ltr'><strong>catholico</strong></span> <span class='ocrx_word' id='word_1_132' title='bbox 984 1695 1270 1760; x_wconf 77' lang='lat' dir='ltr'><strong>abhorret;</strong></span> <span class='ocrx_word' id='word_1_133' title='bbox 1306 1694 1460 1762; x_wconf 85' lang='lat' dir='ltr'><strong>juxta</strong></span> <span class='ocrx_word' id='word_1_134' title='bbox 1507 1692 1670 1758; x_wconf 86' lang='lat' dir='ltr'><strong>quod,</strong></span> <span class='ocrx_word' id='word_1_135' title='bbox 1709 1702 1767 1744; x_wconf 88' lang='lat' dir='ltr'><strong>ut</strong></span> <span class='ocrx_word' id='word_1_136' title='bbox 1796 1704 1959 1758; x_wconf 86' lang='lat' dir='ltr'><strong>supe-</strong></span> 
     </span>
    </p>
   </div>
   <div class='ocr_carea' id='block_1_19' title="bbox 390 1780 1959 1845">
    <p class='ocr_par' dir='ltr' id='par_1_19' title="bbox 390 1780 1959 1845">
     <span class='ocr_line' id='line_1_19' title="bbox 390 1780 1959 1845; baseline -0.003 -8"><span class='ocrx_word' id='word_1_137' title='bbox 390 1784 506 1839; x_wconf 84' lang='lat' dir='ltr'><strong>rius</strong></span> <span class='ocrx_word' id='word_1_138' title='bbox 550 1785 888 1838; x_wconf 86' lang='lat' dir='ltr'><strong>ostendimus</strong></span> <span class='ocrx_word' id='word_1_139' title='bbox 931 1785 1071 1839; x_wconf 80' lang='lat' dir='ltr'><strong>uotis</strong></span> <span class='ocrx_word' id='word_1_140' title='bbox 1119 1785 1186 1839; x_wconf 84' lang='lat' dir='ltr'><strong>ad</strong></span> <span class='ocrx_word' id='word_1_141' title='bbox 1239 1800 1290 1840; x_wconf 91' lang='lat' dir='ltr'><strong>c.</strong></span> <span class='ocrx_word' id='word_1_142' title='bbox 1328 1784 1360 1838; x_wconf 89' lang='lat'><strong>8</strong></span> <span class='ocrx_word' id='word_1_143' title='bbox 1393 1794 1446 1837; x_wconf 84' lang='lat' dir='ltr'><strong>et</strong></span> <span class='ocrx_word' id='word_1_144' title='bbox 1472 1783 1504 1836; x_wconf 84' lang='lat'><strong>9</strong></span> <span class='ocrx_word' id='word_1_145' title='bbox 1538 1783 1571 1837; x_wconf 91' lang='grc' dir='ltr'><strong>Ι.</strong></span> <span class='ocrx_word' id='word_1_146' title='bbox 1607 1799 1646 1845; x_wconf 88' lang='lat' dir='ltr'><strong>t,</strong></span> <span class='ocrx_word' id='word_1_147' title='bbox 1700 1784 1772 1835; x_wconf 84' lang='lat' dir='ltr'><strong>ita</strong></span> <span class='ocrx_word' id='word_1_148' title='bbox 1820 1780 1959 1834; x_wconf 86' lang='lat' dir='ltr'><strong>inest</strong></span> 
     </span>
    </p>
   </div>
   <div class='ocr_carea' id='block_1_20' title="bbox 391 1874 1955 1945">
    <p class='ocr_par' dir='ltr' id='par_1_20' title="bbox 391 1874 1955 1945">
     <span class='ocr_line' id='line_1_20' title="bbox 391 1874 1955 1945; baseline -0.003 -13"><span class='ocrx_word' id='word_1_149' title='bbox 391 1875 533 1932; x_wconf 78' lang='lat' dir='ltr'><strong>Filio</strong></span> <span class='ocrx_word' id='word_1_150' title='bbox 593 1876 674 1933; x_wconf 79' lang='lat' dir='ltr'><strong>vis</strong></span> <span class='ocrx_word' id='word_1_151' title='bbox 732 1876 996 1944; x_wconf 72' lang='lat' dir='ltr'><strong>Spit-audi,</strong></span> <span class='ocrx_word' id='word_1_152' title='bbox 1032 1877 1134 1930; x_wconf 87' lang='lat' dir='ltr'><strong>hoc</strong></span> <span class='ocrx_word' id='word_1_153' title='bbox 1172 1884 1257 1930; x_wconf 88' lang='lat' dir='ltr'><strong>est</strong></span> <span class='ocrx_word' id='word_1_154' title='bbox 1312 1874 1647 1945; x_wconf 84' lang='lat' dir='ltr'><strong>producendi</strong></span> <span class='ocrx_word' id='word_1_155' title='bbox 1706 1883 1955 1928; x_wconf 87' lang='lat' dir='ltr'><strong>sanctum</strong></span> 
     </span>
    </p>
   </div>
   <div class='ocr_carea' id='block_1_21' title="bbox 381 1966 1952 2035">
    <p class='ocr_par' dir='ltr' id='par_1_21' title="bbox 381 1966 1952 2035">
     <span class='ocr_line' id='line_1_21' title="bbox 381 1966 1952 2035; baseline -0.001 -14"><span class='ocrx_word' id='word_1_156' title='bbox 381 1966 673 2035; x_wconf 82' lang='lat' dir='ltr'><strong>Spiritum,</strong></span> <span class='ocrx_word' id='word_1_157' title='bbox 715 1978 773 2020; x_wconf 91' lang='lat' dir='ltr'><strong>ut</strong></span> <span class='ocrx_word' id='word_1_158' title='bbox 802 1969 847 2021; x_wconf 88' lang='lat' dir='ltr'><strong>is</strong></span> <span class='ocrx_word' id='word_1_159' title='bbox 900 1967 1045 2019; x_wconf 85' lang='lat' dir='ltr'><strong>illam</strong></span> <span class='ocrx_word' id='word_1_160' title='bbox 1113 1983 1144 2020; x_wconf 87' lang='lat' dir='ltr'><strong>a</strong></span> <span class='ocrx_word' id='word_1_161' title='bbox 1204 1967 1366 2021; x_wconf 80' lang='lat' dir='ltr'><strong>Patre</strong></span> <span class='ocrx_word' id='word_1_162' title='bbox 1423 1967 1709 2034; x_wconf 79' lang='lat' dir='ltr'><strong>acceperit,</strong></span> <span class='ocrx_word' id='word_1_163' title='bbox 1746 1981 1851 2018; x_wconf 89' lang='lat' dir='ltr'><strong>non</strong></span> <span class='ocrx_word' id='word_1_164' title='bbox 1890 1981 1952 2019; x_wconf 77' lang='lat' dir='ltr'><strong>ex</strong></span> 
     </span>
    </p>
   </div>
   <div class='ocr_carea' id='block_1_22' title="bbox 387 2052 1958 2125">
    <p class='ocr_par' dir='ltr' id='par_1_22' title="bbox 387 2052 1958 2125">
     <span class='ocr_line' id='line_1_22' title="bbox 387 2052 1958 2125; baseline -0.005 -15"><span class='ocrx_word' id='word_1_165' title='bbox 387 2072 469 2120; x_wconf 74' lang='lat' dir='ltr'><strong>se,</strong></span> <span class='ocrx_word' id='word_1_166' title='bbox 501 2067 770 2125; x_wconf 88' lang='lat' dir='ltr'><strong>quatenus</strong></span> <span class='ocrx_word' id='word_1_167' title='bbox 819 2071 844 2107; x_wconf 72' lang='grc' dir='ltr'>τι</span> <span class='ocrx_word' id='word_1_168' title='bbox 884 2054 1047 2108; x_wconf 83' lang='lat' dir='ltr'><strong>Patre</strong></span> <span class='ocrx_word' id='word_1_169' title='bbox 1098 2053 1385 2106; x_wconf 83' lang='lat' dir='ltr'><strong>distinctus</strong></span> <span class='ocrx_word' id='word_1_170' title='bbox 1443 2063 1545 2115; x_wconf 81' lang='lat' dir='ltr'><strong>est,</strong></span> <span class='ocrx_word' id='word_1_171' title='bbox 1580 2054 1794 2116; x_wconf 85' lang='lat' dir='ltr'><strong>habeat,</strong></span> <span class='ocrx_word' id='word_1_172' title='bbox 1850 2052 1958 2103; x_wconf 91' lang='lat' dir='ltr'><strong>imo</strong></span> 
     </span>
    </p>
   </div>
   <div class='ocr_carea' id='block_1_23' title="bbox 386 2144 1957 2214">
    <p class='ocr_par' dir='ltr' id='par_1_23' title="bbox 386 2144 1957 2214">
     <span class='ocr_line' id='line_1_23' title="bbox 386 2144 1957 2214; baseline -0.003 -13"><span class='ocrx_word' id='word_1_173' title='bbox 386 2150 576 2203; x_wconf 83' lang='lat' dir='ltr'><strong>eadem</strong></span> <span class='ocrx_word' id='word_1_174' title='bbox 644 2146 1046 2214; x_wconf 82' lang='lat' dir='ltr'><strong>simplicissime</strong></span> <span class='ocrx_word' id='word_1_175' title='bbox 1103 2161 1209 2199; x_wconf 86' lang='lat' dir='ltr'><strong>una</strong></span> <span class='ocrx_word' id='word_1_176' title='bbox 1257 2144 1400 2198; x_wconf 82' lang='lat' dir='ltr'><strong>Patri</strong></span> <span class='ocrx_word' id='word_1_177' title='bbox 1452 2146 1656 2212; x_wconf 64' lang='lat' dir='ltr'><strong>pariter</strong></span> <span class='ocrx_word' id='word_1_178' title='bbox 1709 2145 1840 2198; x_wconf 88' lang='lat' dir='ltr'><strong>insit</strong></span> <span class='ocrx_word' id='word_1_179' title='bbox 1894 2158 1957 2196; x_wconf 87' lang='lat' dir='ltr'><strong>ac</strong></span> 
     </span>
    </p>
   </div>
   <div class='ocr_carea' id='block_1_24' title="bbox 385 2236 1957 2307">
    <p class='ocr_par' dir='ltr' id='par_1_24' title="bbox 385 2236 1957 2307">
     <span class='ocr_line' id='line_1_24' title="bbox 385 2236 1957 2307; baseline -0.003 -13"><span class='ocrx_word' id='word_1_180' title='bbox 385 2240 547 2307; x_wconf 71' lang='lat' dir='ltr'><strong>Filio,</strong></span> <span class='ocrx_word' id='word_1_181' title='bbox 591 2240 715 2293; x_wconf 85' lang='lat' dir='ltr'><strong>huic</strong></span> <span class='ocrx_word' id='word_1_182' title='bbox 743 2240 809 2291; x_wconf 85' lang='lat' dir='ltr'><strong>ab</strong></span> <span class='ocrx_word' id='word_1_183' title='bbox 840 2239 930 2289; x_wconf 91' lang='lat' dir='ltr'><strong>illo</strong></span> <span class='ocrx_word' id='word_1_184' title='bbox 962 2236 1375 2302; x_wconf 81' lang='lat' dir='ltr'><strong>communicata,</strong></span> <span class='ocrx_word' id='word_1_185' title='bbox 1411 2238 1489 2291; x_wconf 89' lang='lat' dir='ltr'><strong>sic</strong></span> <span class='ocrx_word' id='word_1_186' title='bbox 1531 2246 1587 2291; x_wconf 91' lang='lat' dir='ltr'><strong>ut</strong></span> <span class='ocrx_word' id='word_1_187' title='bbox 1633 2236 1717 2289; x_wconf 83' lang='lat' dir='ltr'><strong>illa</strong></span> <span class='ocrx_word' id='word_1_188' title='bbox 1770 2245 1957 2305; x_wconf 84' lang='lat' dir='ltr'><strong>quate-</strong></span> 
     </span>
    </p>
   </div>
   <div class='ocr_carea' id='block_1_25' title="bbox 389 2326 1954 2401">
    <p class='ocr_par' dir='ltr' id='par_1_25' title="bbox 389 2326 1954 2401">
     <span class='ocr_line' id='line_1_25' title="bbox 389 2326 1954 2401; baseline -0.004 -16"><span class='ocrx_word' id='word_1_189' title='bbox 389 2347 493 2401; x_wconf 72' lang='lat' dir='ltr'><strong>nus</strong></span> <span class='ocrx_word' id='word_1_190' title='bbox 517 2334 569 2383; x_wconf 93' lang='lat' dir='ltr'><strong>in</strong></span> <span class='ocrx_word' id='word_1_191' title='bbox 607 2330 766 2383; x_wconf 82' lang='lat' dir='ltr'><strong>Patre</strong></span> <span class='ocrx_word' id='word_1_192' title='bbox 791 2338 874 2382; x_wconf 79' lang='lat' dir='ltr'><strong>est</strong></span> <span class='ocrx_word' id='word_1_193' title='bbox 904 2328 1358 2397; x_wconf 72' lang='grc' dir='ltr'>προκαταρκτικὴ</span> <span class='ocrx_word' id='word_1_194' title='bbox 1394 2327 1625 2391; x_wconf 68' lang='lat' dir='ltr'><strong>dicatur,</strong></span> <span class='ocrx_word' id='word_1_195' title='bbox 1657 2328 1779 2397; x_wconf 82' lang='lat' dir='ltr'><strong>quia</strong></span> <span class='ocrx_word' id='word_1_196' title='bbox 1812 2326 1954 2379; x_wconf 72' lang='lat' dir='ltr'><strong>tilum</strong></span> 
     </span>
    </p>
   </div>
   <div class='ocr_carea' id='block_1_26' title="bbox 388 2420 1954 2481">
    <p class='ocr_par' dir='ltr' id='par_1_26' title="bbox 388 2420 1954 2481">
     <span class='ocr_line' id='line_1_26' title="bbox 388 2420 1954 2481; baseline -0.004 -5"><span class='ocrx_word' id='word_1_197' title='bbox 388 2438 453 2476; x_wconf 79' lang='lat' dir='ltr'><strong>ex</strong></span> <span class='ocrx_word' id='word_1_198' title='bbox 488 2437 547 2476; x_wconf 87' lang='lat' dir='ltr'><strong>se</strong></span> <span class='ocrx_word' id='word_1_199' title='bbox 591 2421 753 2475; x_wconf 82' lang='lat' dir='ltr'><strong>habet</strong></span> <span class='ocrx_word' id='word_1_200' title='bbox 801 2436 830 2473; x_wconf 84' lang='lat' dir='ltr'><strong>a</strong></span> <span class='ocrx_word' id='word_1_201' title='bbox 880 2420 1027 2473; x_wconf 90' lang='lat' dir='ltr'><strong>nullo</strong></span> <span class='ocrx_word' id='word_1_202' title='bbox 1068 2420 1168 2472; x_wconf 84' lang='lat' dir='ltr'><strong>sibi</strong></span> <span class='ocrx_word' id='word_1_203' title='bbox 1204 2420 1315 2473; x_wconf 91' lang='lat' dir='ltr'><strong>alio</strong></span> <span class='ocrx_word' id='word_1_204' title='bbox 1363 2421 1638 2481; x_wconf 88' lang='lat' dir='ltr'><strong>tributam,</strong></span> <span class='ocrx_word' id='word_1_205' title='bbox 1675 2435 1778 2472; x_wconf 91' lang='lat' dir='ltr'><strong>non</strong></span> <span class='ocrx_word' id='word_1_206' title='bbox 1825 2421 1954 2472; x_wconf 87' lang='lat' dir='ltr'><strong>item</strong></span> 
     </span>
    </p>
   </div>
   <div class='ocr_carea' id='block_1_27' title="bbox 388 2510 1951 2583">
    <p class='ocr_par' dir='ltr' id='par_1_27' title="bbox 388 2510 1951 2583">
     <span class='ocr_line' id='line_1_27' title="bbox 388 2510 1951 2583; baseline -0.003 -17"><span class='ocrx_word' id='word_1_207' title='bbox 388 2524 657 2583; x_wconf 82' lang='lat' dir='ltr'><strong>quatenus</strong></span> <span class='ocrx_word' id='word_1_208' title='bbox 687 2511 822 2566; x_wconf 85' lang='lat' dir='ltr'><strong>Filio</strong></span> <span class='ocrx_word' id='word_1_209' title='bbox 848 2512 1123 2566; x_wconf 75' lang='lat' dir='ltr'><strong>com‘enit.</strong></span> <span class='ocrx_word' id='word_1_210' title='bbox 1173 2510 1275 2564; x_wconf 72' lang='lat' dir='ltr'><strong>Hic</strong></span> <span class='ocrx_word' id='word_1_211' title='bbox 1311 2512 1454 2565; x_wconf 87' lang='lat' dir='ltr'><strong>enim</strong></span> <span class='ocrx_word' id='word_1_212' title='bbox 1506 2511 1719 2565; x_wconf 91' lang='lat' dir='ltr'><strong>aliunde</strong></span> <span class='ocrx_word' id='word_1_213' title='bbox 1752 2511 1951 2574; x_wconf 77' lang='lat' dir='ltr'><strong>hausit,</strong></span> 
     </span>
    </p>
   </div>
   <div class='ocr_carea' id='block_1_28' title="bbox 389 2602 1956 2675">
    <p class='ocr_par' dir='ltr' id='par_1_28' title="bbox 389 2602 1956 2675">
     <span class='ocr_line' id='line_1_28' title="bbox 389 2602 1956 2675; baseline -0.003 -15"><span class='ocrx_word' id='word_1_214' title='bbox 389 2621 581 2675; x_wconf 87' lang='lat' dir='ltr'><strong>nempe</strong></span> <span class='ocrx_word' id='word_1_215' title='bbox 611 2620 639 2658; x_wconf 87' lang='lat' dir='ltr'><strong>a</strong></span> <span class='ocrx_word' id='word_1_216' title='bbox 668 2603 835 2658; x_wconf 79' lang='lat' dir='ltr'><strong>Patre</strong></span> <span class='ocrx_word' id='word_1_217' title='bbox 864 2603 1133 2658; x_wconf 83' lang='lat' dir='ltr'><strong>tribuente</strong></span> <span class='ocrx_word' id='word_1_218' title='bbox 1161 2619 1256 2672; x_wconf 85' lang='lat' dir='ltr'><strong>per</strong></span> <span class='ocrx_word' id='word_1_219' title='bbox 1282 2603 1683 2673; x_wconf 77' lang='lat' dir='ltr'><strong>generationem</strong></span> <span class='ocrx_word' id='word_1_220' title='bbox 1712 2602 1810 2671; x_wconf 90' lang='lat' dir='ltr'><strong>ipsi</strong></span> <span class='ocrx_word' id='word_1_221' title='bbox 1835 2618 1956 2656; x_wconf 86' lang='lat' dir='ltr'><strong>om-</strong></span> 
     </span>
    </p>
   </div>
   <div class='ocr_carea' id='block_1_29' title="bbox 391 2693 1956 2767">
    <p class='ocr_par' dir='ltr' id='par_1_29' title="bbox 391 2693 1956 2767">
     <span class='ocr_line' id='line_1_29' title="bbox 391 2693 1956 2767; baseline -0.003 -16"><span class='ocrx_word' id='word_1_222' title='bbox 391 2700 478 2751; x_wconf 89' lang='lat' dir='ltr'><strong>nia</strong></span> <span class='ocrx_word' id='word_1_223' title='bbox 513 2713 631 2767; x_wconf 77' lang='lat' dir='ltr'><strong>qua:</strong></span> <span class='ocrx_word' id='word_1_224' title='bbox 660 2699 839 2763; x_wconf 83' lang='lat' dir='ltr'><strong>habet,</strong></span> <span class='ocrx_word' id='word_1_225' title='bbox 874 2706 1066 2765; x_wconf 76' lang='lat' dir='ltr'><strong>przrter</strong></span> <span class='ocrx_word' id='word_1_226' title='bbox 1108 2712 1217 2748; x_wconf 80' lang='lat' dir='ltr'><strong>esse</strong></span> <span class='ocrx_word' id='word_1_227' title='bbox 1253 2693 1489 2759; x_wconf 82' lang='lat' dir='ltr'><strong>Patrem,</strong></span> <span class='ocrx_word' id='word_1_228' title='bbox 1521 2710 1584 2749; x_wconf 87' lang='lat' dir='ltr'><strong>ac</strong></span> <span class='ocrx_word' id='word_1_229' title='bbox 1618 2710 1956 2763; x_wconf 86' lang='lat' dir='ltr'><strong>consequen-</strong></span> 
     </span>
    </p>
   </div>
   <div class='ocr_carea' id='block_1_30' title="bbox 390 2786 1956 2859">
    <p class='ocr_par' dir='ltr' id='par_1_30' title="bbox 390 2786 1956 2859">
     <span class='ocr_line' id='line_1_30' title="bbox 390 2786 1956 2859; baseline -0.003 -17"><span class='ocrx_word' id='word_1_230' title='bbox 390 2800 473 2844; x_wconf 89' lang='lat' dir='ltr'><strong>ter</strong></span> <span class='ocrx_word' id='word_1_231' title='bbox 502 2789 674 2859; x_wconf 83' lang='lat' dir='ltr'><strong>ipsam</strong></span> <span class='ocrx_word' id='word_1_232' title='bbox 712 2802 926 2856; x_wconf 84' lang='lat' dir='ltr'><strong>quoque</strong></span> <span class='ocrx_word' id='word_1_233' title='bbox 956 2788 1118 2841; x_wconf 87' lang='lat' dir='ltr'><strong>dante</strong></span> <span class='ocrx_word' id='word_1_234' title='bbox 1160 2788 1210 2840; x_wconf 92' lang='lat' dir='ltr'><strong>in</strong></span> <span class='ocrx_word' id='word_1_235' title='bbox 1241 2802 1297 2841; x_wconf 83' lang='lat' dir='ltr'><strong>se</strong></span> <span class='ocrx_word' id='word_1_236' title='bbox 1326 2786 1661 2856; x_wconf 85' lang='lat' dir='ltr'><strong>originaliter</strong></span> <span class='ocrx_word' id='word_1_237' title='bbox 1690 2788 1956 2840; x_wconf 76' lang='lat' dir='ltr'><strong>exsisteb-</strong></span> 
     </span>
    </p>
   </div>
   <div class='ocr_carea' id='block_1_31' title="bbox 390 2876 1953 2950">
    <p class='ocr_par' dir='ltr' id='par_1_31' title="bbox 390 2876 1953 2950">
     <span class='ocr_line' id='line_1_31' title="bbox 390 2876 1953 2950; baseline -0.002 -16"><span class='ocrx_word' id='word_1_238' title='bbox 390 2890 496 2935; x_wconf 88' lang='lat' dir='ltr'><strong>tem</strong></span> <span class='ocrx_word' id='word_1_239' title='bbox 524 2881 874 2950; x_wconf 88' lang='lat' dir='ltr'><strong>spirationem</strong></span> <span class='ocrx_word' id='word_1_240' title='bbox 911 2879 1170 2943; x_wconf 81' lang='lat' dir='ltr'><strong>activam,</strong></span> <span class='ocrx_word' id='word_1_241' title='bbox 1201 2893 1303 2945; x_wconf 85' lang='lat' dir='ltr'><strong>qua</strong></span> <span class='ocrx_word' id='word_1_242' title='bbox 1334 2877 1492 2930; x_wconf 87' lang='lat' dir='ltr'><strong>simul</strong></span> <span class='ocrx_word' id='word_1_243' title='bbox 1531 2892 1651 2931; x_wconf 84' lang='lat' dir='ltr'><strong>cum</strong></span> <span class='ocrx_word' id='word_1_244' title='bbox 1691 2876 1827 2930; x_wconf 86' lang='lat' dir='ltr'><strong>Filio</strong></span> <span class='ocrx_word' id='word_1_245' title='bbox 1856 2891 1953 2947; x_wconf 86' lang='lat' dir='ltr'><strong>per</strong></span> 
     </span>
    </p>
   </div>
   <div class='ocr_carea' id='block_1_32' title="bbox 387 2968 1950 3040">
    <p class='ocr_par' dir='ltr' id='par_1_32' title="bbox 387 2968 1950 3040">
     <span class='ocr_line' id='line_1_32' title="bbox 387 2968 1950 3040; baseline -0.001 -14"><span class='ocrx_word' id='word_1_246' title='bbox 387 2972 605 3026; x_wconf 87' lang='lat' dir='ltr'><strong>modum</strong></span> <span class='ocrx_word' id='word_1_247' title='bbox 634 2971 794 3025; x_wconf 88' lang='lat' dir='ltr'><strong>unius</strong></span> <span class='ocrx_word' id='word_1_248' title='bbox 821 2970 1069 3040; x_wconf 83' lang='lat' dir='ltr'><strong>principii</strong></span> <span class='ocrx_word' id='word_1_249' title='bbox 1098 2970 1360 3039; x_wconf 81' lang='lat' dir='ltr'><strong>spirantis</strong></span> <span class='ocrx_word' id='word_1_250' title='bbox 1386 2968 1645 3038; x_wconf 87' lang='lat' dir='ltr'><strong>Spiritum</strong></span> <span class='ocrx_word' id='word_1_251' title='bbox 1677 2969 1950 3037; x_wconf 78' lang='lat' dir='ltr'><strong>producit.</strong></span> 
     </span>
    </p>
   </div>
   <div class='ocr_carea' id='block_1_33' title="bbox 2057 498 3367 569">
    <p class='ocr_par' dir='ltr' id='par_1_33' title="bbox 2057 498 3367 569">
     <span class='ocr_line' id='line_1_33' title="bbox 2057 498 3367 569; baseline 0.002 -18"><span class='ocrx_word' id='word_1_252' title='bbox 2057 498 2208 567; x_wconf 86' lang='lat' dir='ltr'><strong>prius</strong></span> <span class='ocrx_word' id='word_1_253' title='bbox 2245 500 2499 553; x_wconf 87' lang='lat' dir='ltr'><strong>mendose</strong></span> <span class='ocrx_word' id='word_1_254' title='bbox 2534 500 2587 553; x_wconf 90' lang='lat' dir='ltr'><strong>iu</strong></span> <span class='ocrx_word' id='word_1_255' title='bbox 2623 511 2766 553; x_wconf 89' lang='lat' dir='ltr'><strong>tomo</strong></span> <span class='ocrx_word' id='word_1_256' title='bbox 2797 500 3087 568; x_wconf 82' lang='lat' dir='ltr'><strong>scripserat</strong></span> <span class='ocrx_word' id='word_1_257' title='bbox 3113 515 3367 569; x_wconf 85' lang='lat' dir='ltr'><strong>arguere.</strong></span> 
     </span>
    </p>
   </div>
   <div class='ocr_carea' id='block_1_34' title="bbox 2127 589 3615 658">
    <p class='ocr_par' dir='ltr' id='par_1_34' title="bbox 2127 589 3615 658">
     <span class='ocr_line' id='line_1_34' title="bbox 2127 589 3615 658; baseline -0.001 -16"><span class='ocrx_word' id='word_1_258' title='bbox 2127 590 2264 644; x_wconf 83' lang='lat' dir='ltr'><strong>ibid.</strong></span> <span class='ocrx_word' id='word_1_259' title='bbox 2298 589 2599 644; x_wconf 64' lang='lat' dir='ltr'><strong>Praesertim</strong></span> <span class='ocrx_word' id='word_1_260' title='bbox 2629 589 2935 644; x_wconf 74' lang='lat' dir='ltr'><strong>incursabat</strong></span> <span class='ocrx_word' id='word_1_261' title='bbox 2955 599 3332 658; x_wconf 69' lang='lat' dir='ltr'><strong>expositionem</strong></span> <span class='ocrx_word' id='word_1_262' title='bbox 3357 592 3410 642; x_wconf 81' lang='lat' dir='ltr'><strong>in</strong></span> <span class='ocrx_word' id='word_1_263' title='bbox 3431 606 3489 642; x_wconf 78' lang='lat' dir='ltr'><strong>eo</strong></span> <span class='ocrx_word' id='word_1_264' title='bbox 3513 598 3615 642; x_wconf 86' lang='lat' dir='ltr'><strong>tra-</strong></span> 
     </span>
    </p>
   </div>
   <div class='ocr_carea' id='block_1_35' title="bbox 2056 680 3612 747">
    <p class='ocr_par' dir='ltr' id='par_1_35' title="bbox 2056 680 3612 747">
     <span class='ocr_line' id='line_1_35' title="bbox 2056 680 3612 747; baseline 0.003 -14"><span class='ocrx_word' id='word_1_265' title='bbox 2056 681 2249 735; x_wconf 84' lang='lat' dir='ltr'><strong>ditam.</strong></span> <span class='ocrx_word' id='word_1_266' title='bbox 2300 680 2537 746; x_wconf 80' lang='lat' dir='ltr'><strong>Juvabit,</strong></span> <span class='ocrx_word' id='word_1_267' title='bbox 2574 683 2628 737; x_wconf 89' lang='lat' dir='ltr'><strong>ui</strong></span> <span class='ocrx_word' id='word_1_268' title='bbox 2663 682 2840 747; x_wconf 81' lang='lat' dir='ltr'><strong>fallor,</strong></span> <span class='ocrx_word' id='word_1_269' title='bbox 2868 682 3141 737; x_wconf 88' lang='lat' dir='ltr'><strong>eruditum</strong></span> <span class='ocrx_word' id='word_1_270' title='bbox 3174 683 3432 737; x_wconf 86' lang='lat' dir='ltr'><strong>lectorem</strong></span> <span class='ocrx_word' id='word_1_271' title='bbox 3464 682 3612 738; x_wconf 80' lang='lat' dir='ltr'><strong>Vecci</strong></span> 
     </span>
    </p>
   </div>
   <div class='ocr_carea' id='block_1_36' title="bbox 2059 774 3613 846">
    <p class='ocr_par' dir='ltr' id='par_1_36' title="bbox 2059 774 3613 846">
     <span class='ocr_line' id='line_1_36' title="bbox 2059 774 3613 846; baseline 0.001 -19"><span class='ocrx_word' id='word_1_272' title='bbox 2059 774 2256 837; x_wconf 88' lang='lat' dir='ltr'><strong>locum,</strong></span> <span class='ocrx_word' id='word_1_273' title='bbox 2283 789 2444 843; x_wconf 84' lang='lat' dir='ltr'><strong>quem</strong></span> <span class='ocrx_word' id='word_1_274' title='bbox 2472 774 2558 829; x_wconf 89' lang='lat' dir='ltr'><strong>his</strong></span> <span class='ocrx_word' id='word_1_275' title='bbox 2580 775 2759 829; x_wconf 85' lang='lat' dir='ltr'><strong>verbis</strong></span> <span class='ocrx_word' id='word_1_276' title='bbox 2788 775 2988 830; x_wconf 86' lang='lat' dir='ltr'><strong>indicat</strong></span> <span class='ocrx_word' id='word_1_277' title='bbox 3014 775 3396 846; x_wconf 81' lang='lat' dir='ltr'><strong>Pachymeres.</strong></span> <span class='ocrx_word' id='word_1_278' title='bbox 3423 777 3613 829; x_wconf 78' lang='lat' dir='ltr'><strong>videre.</strong></span> 
     </span>
    </p>
   </div>
   <div class='ocr_carea' id='block_1_37' title="bbox 2058 863 3614 937">
    <p class='ocr_par' dir='ltr' id='par_1_37' title="bbox 2058 863 3614 937">
     <span class='ocr_line' id='line_1_37' title="bbox 2058 863 3614 937; baseline 0.001 -20"><span class='ocrx_word' id='word_1_279' title='bbox 2058 863 2311 933; x_wconf 76' lang='lat' dir='ltr'><strong>Reperiet</strong></span> <span class='ocrx_word' id='word_1_280' title='bbox 2349 866 2499 920; x_wconf 91' lang='lat' dir='ltr'><strong>illum</strong></span> <span class='ocrx_word' id='word_1_281' title='bbox 2525 870 2775 922; x_wconf 90' lang='lat' dir='ltr'><strong>oratione</strong></span> <span class='ocrx_word' id='word_1_282' title='bbox 2804 867 2857 929; x_wconf 84' lang='grc'>1,</span> <span class='ocrx_word' id='word_1_283' title='bbox 2890 867 2943 920; x_wconf 93' lang='lat' dir='ltr'><strong>in</strong></span> <span class='ocrx_word' id='word_1_284' title='bbox 2977 876 3179 921; x_wconf 88' lang='lat' dir='ltr'><strong>tomum</strong></span> <span class='ocrx_word' id='word_1_285' title='bbox 3204 866 3392 937; x_wconf 79' lang='lat' dir='ltr'><strong>Cyprii</strong></span> <span class='ocrx_word' id='word_1_286' title='bbox 3429 883 3484 935; x_wconf 89' lang='lat' dir='ltr'><strong>p.</strong></span> <span class='ocrx_word' id='word_1_287' title='bbox 3515 867 3614 921; x_wconf 67' lang='grc'><strong>227</strong></span> 
     </span>
    </p>
   </div>
   <div class='ocr_carea' id='block_1_38' title="bbox 2061 958 3613 1016">
    <p class='ocr_par' dir='ltr' id='par_1_38' title="bbox 2061 958 3613 1016">
     <span class='ocr_line' id='line_1_38' title="bbox 2061 958 3613 1016; baseline 0.004 -6"><span class='ocrx_word' id='word_1_288' title='bbox 2061 968 2115 1010; x_wconf 89' lang='lat' dir='ltr'><strong>ct</strong></span> <span class='ocrx_word' id='word_1_289' title='bbox 2170 958 2276 1012; x_wconf 72' lang='grc'><strong>228</strong></span> <span class='ocrx_word' id='word_1_290' title='bbox 2335 959 2465 1013; x_wconf 88' lang='lat' dir='ltr'><strong>tomi</strong></span> <span class='ocrx_word' id='word_1_291' title='bbox 2516 960 2737 1015; x_wconf 87' lang='lat' dir='ltr'><strong>secundi</strong></span> <span class='ocrx_word' id='word_1_292' title='bbox 2796 961 3018 1016; x_wconf 62' lang='lat' dir='ltr'><strong>Grati-ite</strong></span> <span class='ocrx_word' id='word_1_293' title='bbox 3070 961 3381 1015; x_wconf 66' lang='lat' dir='ltr'><strong>orthodoxae</strong></span> <span class='ocrx_word' id='word_1_294' title='bbox 3427 963 3491 1013; x_wconf 84' lang='lat' dir='ltr'><strong>ab</strong></span> <span class='ocrx_word' id='word_1_295' title='bbox 3542 961 3613 1016; x_wconf 89' lang='lat' dir='ltr'><strong>lll.</strong></span> 
     </span>
    </p>
   </div>
   <div class='ocr_carea' id='block_1_39' title="bbox 2058 1049 3189 1108">
    <p class='ocr_par' dir='ltr' id='par_1_39' title="bbox 2058 1049 3189 1108">
     <span class='ocr_line' id='line_1_39' title="bbox 2058 1049 3189 1108; baseline 0.004 -5"><span class='ocrx_word' id='word_1_296' title='bbox 2058 1049 2239 1105; x_wconf 85' lang='lat' dir='ltr'><strong>Leone</strong></span> <span class='ocrx_word' id='word_1_297' title='bbox 2274 1050 2469 1103; x_wconf 85' lang='lat' dir='ltr'><strong>Allatio</strong></span> <span class='ocrx_word' id='word_1_298' title='bbox 2499 1052 2655 1105; x_wconf 69' lang='lat' dir='ltr'><strong>edita:</strong></span> <span class='ocrx_word' id='word_1_299' title='bbox 2687 1050 2874 1108; x_wconf 70' lang='lat' dir='ltr'><strong>Romae</strong></span> <span class='ocrx_word' id='word_1_300' title='bbox 2905 1069 2995 1106; x_wconf 86' lang='lat' dir='ltr'><strong>an.</strong></span> <span class='ocrx_word' id='word_1_301' title='bbox 3029 1054 3189 1108; x_wconf 82' lang='grc'>1659.</span> 
     </span>
    </p>
   </div>
   <div class='ocr_carea' id='block_1_40' title="bbox 2130 1142 3616 1217">
    <p class='ocr_par' dir='ltr' id='par_1_40' title="bbox 2130 1142 3616 1217">
     <span class='ocr_line' id='line_1_40' title="bbox 2130 1142 3616 1217; baseline 0.005 -21"><span class='ocrx_word' id='word_1_302' title='bbox 2130 1142 2188 1196; x_wconf 83' lang='grc' dir='ltr'><strong>Ρ.</strong></span> <span class='ocrx_word' id='word_1_303' title='bbox 2227 1144 2350 1197; x_wconf 83' lang='grc'><strong>117.</strong></span> <span class='ocrx_word' id='word_1_304' title='bbox 2382 1142 2484 1200; x_wconf 80' lang='lat' dir='ltr'><strong>Vix</strong></span> <span class='ocrx_word' id='word_1_305' title='bbox 2545 1146 2678 1199; x_wconf 84' lang='lat' dir='ltr'><strong>tanti</strong></span> <span class='ocrx_word' id='word_1_306' title='bbox 2719 1154 2801 1201; x_wconf 88' lang='lat' dir='ltr'><strong>est</strong></span> <span class='ocrx_word' id='word_1_307' title='bbox 2854 1148 3151 1201; x_wconf 87' lang='lat' dir='ltr'><strong>admonere</strong></span> <span class='ocrx_word' id='word_1_308' title='bbox 3195 1150 3499 1217; x_wconf 83' lang='lat' dir='ltr'><strong>comparari</strong></span> <span class='ocrx_word' id='word_1_309' title='bbox 3534 1151 3616 1205; x_wconf 83' lang='lat' dir='ltr'><strong>hic</strong></span> 
     </span>
    </p>
   </div>
   <div class='ocr_carea' id='block_1_41' title="bbox 2060 1234 3613 1305">
    <p class='ocr_par' dir='ltr' id='par_1_41' title="bbox 2060 1234 3613 1305">
     <span class='ocr_line' id='line_1_41' title="bbox 2060 1234 3613 1305; baseline 0.005 -18"><span class='ocrx_word' id='word_1_310' title='bbox 2060 1234 2319 1301; x_wconf 78' lang='lat' dir='ltr'><strong>Veccum,</strong></span> <span class='ocrx_word' id='word_1_311' title='bbox 2373 1246 2495 1303; x_wconf 89' lang='lat' dir='ltr'><strong>post</strong></span> <span class='ocrx_word' id='word_1_312' title='bbox 2543 1237 2948 1291; x_wconf 79' lang='lat' dir='ltr'><strong>damnationem</strong></span> <span class='ocrx_word' id='word_1_313' title='bbox 3003 1248 3059 1292; x_wconf 87' lang='lat' dir='ltr'><strong>et</strong></span> <span class='ocrx_word' id='word_1_314' title='bbox 3103 1239 3431 1305; x_wconf 81' lang='lat' dir='ltr'><strong>ejectionetn</strong></span> <span class='ocrx_word' id='word_1_315' title='bbox 3471 1257 3613 1294; x_wconf 79' lang='lat' dir='ltr'><strong>suam</strong></span> 
     </span>
    </p>
   </div>
   <div class='ocr_carea' id='block_1_42' title="bbox 2060 1325 3618 1401">
    <p class='ocr_par' dir='ltr' id='par_1_42' title="bbox 2060 1325 3618 1401">
     <span class='ocr_line' id='line_1_42' title="bbox 2060 1325 3618 1401; baseline 0.004 -21"><span class='ocrx_word' id='word_1_316' title='bbox 2060 1325 2321 1394; x_wconf 75' lang='lat' dir='ltr'><strong>Gregorio</strong></span> <span class='ocrx_word' id='word_1_317' title='bbox 2363 1326 2564 1398; x_wconf 85' lang='lat' dir='ltr'><strong>Cyprio</strong></span> <span class='ocrx_word' id='word_1_318' title='bbox 2592 1332 2930 1398; x_wconf 85' lang='lat' dir='ltr'><strong>persecutori</strong></span> <span class='ocrx_word' id='word_1_319' title='bbox 2964 1346 3064 1385; x_wconf 89' lang='lat' dir='ltr'><strong>suo</strong></span> <span class='ocrx_word' id='word_1_320' title='bbox 3094 1334 3335 1401; x_wconf 80' lang='lat' dir='ltr'><strong>graviter</strong></span> <span class='ocrx_word' id='word_1_321' title='bbox 3379 1343 3432 1387; x_wconf 89' lang='lat' dir='ltr'><strong>et</strong></span> <span class='ocrx_word' id='word_1_322' title='bbox 3488 1333 3618 1401; x_wconf 88' lang='lat' dir='ltr'><strong>peri-</strong></span> 
     </span>
    </p>
   </div>
   <div class='ocr_carea' id='block_1_43' title="bbox 2059 1416 3618 1487">
    <p class='ocr_par' dir='ltr' id='par_1_43' title="bbox 2059 1416 3618 1487">
     <span class='ocr_line' id='line_1_43' title="bbox 2059 1416 3618 1487; baseline 0.005 -18"><span class='ocrx_word' id='word_1_323' title='bbox 2059 1416 2243 1470; x_wconf 79' lang='lat' dir='ltr'><strong>culose</strong></span> <span class='ocrx_word' id='word_1_324' title='bbox 2276 1418 2581 1471; x_wconf 79' lang='lat' dir='ltr'><strong>molestiam</strong></span> <span class='ocrx_word' id='word_1_325' title='bbox 2626 1419 3006 1487; x_wconf 79' lang='lat' dir='ltr'><strong>faeessentem,</strong></span> <span class='ocrx_word' id='word_1_326' title='bbox 3035 1436 3157 1476; x_wconf 88' lang='lat' dir='ltr'><strong>cum</strong></span> <span class='ocrx_word' id='word_1_327' title='bbox 3190 1422 3283 1477; x_wconf 92' lang='lat' dir='ltr'><strong>illo</strong></span> <span class='ocrx_word' id='word_1_328' title='bbox 3326 1438 3391 1477; x_wconf 77' lang='lat' dir='ltr'><strong>ex</strong></span> <span class='ocrx_word' id='word_1_329' title='bbox 3437 1423 3618 1477; x_wconf 78' lang='lat' dir='ltr'><strong>fabulis</strong></span> 
     </span>
    </p>
   </div>
   <div class='ocr_carea' id='block_1_44' title="bbox 2061 1506 3618 1583">
    <p class='ocr_par' dir='ltr' id='par_1_44' title="bbox 2061 1506 3618 1583">
     <span class='ocr_line' id='line_1_44' title="bbox 2061 1506 3618 1583; baseline 0.007 -25"><span class='ocrx_word' id='word_1_330' title='bbox 2061 1506 2147 1577; x_wconf 85' lang='lat' dir='ltr'><strong>[P.</strong></span> <span class='ocrx_word' id='word_1_331' title='bbox 2171 1506 2297 1579; x_wconf 79' lang='lat'><strong>535]</strong></span> <span class='ocrx_word' id='word_1_332' title='bbox 2322 1511 2605 1562; x_wconf 81' lang='lat' dir='ltr'><strong>notissimo</strong></span> <span class='ocrx_word' id='word_1_333' title='bbox 2629 1509 2798 1566; x_wconf 81' lang='lat' dir='ltr'><strong>Nesso</strong></span> <span class='ocrx_word' id='word_1_334' title='bbox 2823 1511 3116 1580; x_wconf 82' lang='lat' dir='ltr'><strong>Centauro,</strong></span> <span class='ocrx_word' id='word_1_335' title='bbox 3140 1515 3232 1583; x_wconf 84' lang='lat' dir='ltr'><strong>qui</strong></span> <span class='ocrx_word' id='word_1_336' title='bbox 3261 1517 3388 1569; x_wconf 90' lang='lat' dir='ltr'><strong>dum</strong></span> <span class='ocrx_word' id='word_1_337' title='bbox 3417 1517 3618 1581; x_wconf 79' lang='lat' dir='ltr'><strong>rapiens</strong></span> 
     </span>
    </p>
   </div>
   <div class='ocr_carea' id='block_1_45' title="bbox 2062 1598 3612 1677">
    <p class='ocr_par' dir='ltr' id='par_1_45' title="bbox 2062 1598 3612 1677">
     <span class='ocr_line' id='line_1_45' title="bbox 2062 1598 3612 1677; baseline 0.006 -26"><span class='ocrx_word' id='word_1_338' title='bbox 2062 1598 2369 1668; x_wconf 74' lang='lat' dir='ltr'><strong>Dejaniram</strong></span> <span class='ocrx_word' id='word_1_339' title='bbox 2401 1604 2610 1656; x_wconf 88' lang='lat' dir='ltr'><strong>eminus</strong></span> <span class='ocrx_word' id='word_1_340' title='bbox 2637 1604 2740 1657; x_wconf 91' lang='lat' dir='ltr'><strong>telo</strong></span> <span class='ocrx_word' id='word_1_341' title='bbox 2765 1604 3009 1659; x_wconf 74' lang='lat' dir='ltr'><strong>Herculis</strong></span> <span class='ocrx_word' id='word_1_342' title='bbox 3043 1607 3337 1661; x_wconf 74' lang='lat' dir='ltr'><strong>transﬁxus</strong></span> <span class='ocrx_word' id='word_1_343' title='bbox 3365 1609 3612 1677; x_wconf 75' lang='lat' dir='ltr'><strong>exspirat,</strong></span> 
     </span>
    </p>
   </div>
   <div class='ocr_carea' id='block_1_46' title="bbox 2061 1695 3619 1768">
    <p class='ocr_par' dir='ltr' id='par_1_46' title="bbox 2061 1695 3619 1768">
     <span class='ocr_line' id='line_1_46' title="bbox 2061 1695 3619 1768; baseline 0.005 -22"><span class='ocrx_word' id='word_1_344' title='bbox 2061 1708 2158 1746; x_wconf 73' lang='grc' dir='ltr'><strong>δυο</strong></span> <span class='ocrx_word' id='word_1_345' title='bbox 2189 1695 2448 1761; x_wconf 87' lang='lat' dir='ltr'><strong>sanguine</strong></span> <span class='ocrx_word' id='word_1_346' title='bbox 2482 1695 2641 1749; x_wconf 84' lang='lat' dir='ltr'><strong>misto</strong></span> <span class='ocrx_word' id='word_1_347' title='bbox 2676 1711 2794 1749; x_wconf 90' lang='lat' dir='ltr'><strong>cum</strong></span> <span class='ocrx_word' id='word_1_348' title='bbox 2828 1710 3035 1749; x_wconf 81' lang='lat' dir='ltr'><strong>veneno</strong></span> <span class='ocrx_word' id='word_1_349' title='bbox 3068 1697 3290 1768; x_wconf 56' lang='lat' dir='ltr'><strong>Hydra,</strong></span> <span class='ocrx_word' id='word_1_350' title='bbox 3329 1714 3437 1766; x_wconf 86' lang='lat' dir='ltr'><strong>quo</strong></span> <span class='ocrx_word' id='word_1_351' title='bbox 3478 1710 3619 1754; x_wconf 83' lang='lat' dir='ltr'><strong>esset</strong></span> 
     </span>
    </p>
   </div>
   <div class='ocr_carea' id='block_1_47' title="bbox 2063 1785 3619 1855">
    <p class='ocr_par' dir='ltr' id='par_1_47' title="bbox 2063 1785 3619 1855">
     <span class='ocr_line' id='line_1_47' title="bbox 2063 1785 3619 1855; baseline 0.003 -19"><span class='ocrx_word' id='word_1_352' title='bbox 2063 1786 2229 1836; x_wconf 75' lang='lat' dir='ltr'><strong>tincta</strong></span> <span class='ocrx_word' id='word_1_353' title='bbox 2282 1785 2462 1850; x_wconf 87' lang='lat' dir='ltr'><strong>cuspis</strong></span> <span class='ocrx_word' id='word_1_354' title='bbox 2508 1785 2840 1839; x_wconf 79' lang='lat' dir='ltr'><strong>vnlnerantis</strong></span> <span class='ocrx_word' id='word_1_355' title='bbox 2873 1786 3044 1852; x_wconf 81' lang='lat' dir='ltr'><strong>ipsum</strong></span> <span class='ocrx_word' id='word_1_356' title='bbox 3090 1786 3282 1855; x_wconf 74' lang='lat' dir='ltr'><strong>iaculi,</strong></span> <span class='ocrx_word' id='word_1_357' title='bbox 3311 1801 3511 1844; x_wconf 86' lang='lat' dir='ltr'><strong>vestem</strong></span> <span class='ocrx_word' id='word_1_358' title='bbox 3542 1789 3619 1841; x_wconf 89' lang='lat' dir='ltr'><strong>in-</strong></span> 
     </span>
    </p>
   </div>
   <div class='ocr_carea' id='block_1_48' title="bbox 2062 1856 3616 1949">
    <p class='ocr_par' dir='ltr' id='par_1_48' title="bbox 2062 1856 3616 1949">
     <span class='ocr_line' id='line_1_48' title="bbox 2062 1856 3616 1949; baseline 0.003 -20"><span class='ocrx_word' id='word_1_359' title='bbox 2062 1875 2270 1939; x_wconf 76' lang='lat' dir='ltr'><strong>tererit,</strong></span> <span class='ocrx_word' id='word_1_360' title='bbox 2302 1892 2463 1945; x_wconf 87' lang='lat' dir='ltr'><strong>quam</strong></span> <span class='ocrx_word' id='word_1_361' title='bbox 2498 1877 2691 1930; x_wconf 84' lang='lat' dir='ltr'><strong>deinde.</strong></span> <span class='ocrx_word' id='word_1_362' title='bbox 2726 1856 2954 1932; x_wconf 56' lang='lat' dir='ltr'><strong>indu‘ens</strong></span> <span class='ocrx_word' id='word_1_363' title='bbox 2983 1879 3245 1933; x_wconf 80' lang='lat' dir='ltr'><strong>Hercules</strong></span> <span class='ocrx_word' id='word_1_364' title='bbox 3272 1897 3337 1935; x_wconf 80' lang='lat' dir='ltr'><strong>ex</strong></span> <span class='ocrx_word' id='word_1_365' title='bbox 3365 1898 3425 1936; x_wconf 84' lang='lat' dir='ltr'><strong>ea</strong></span> <span class='ocrx_word' id='word_1_366' title='bbox 3451 1882 3616 1949; x_wconf 85' lang='lat' dir='ltr'><strong>perie-</strong></span> 
     </span>
    </p>
   </div>
   <div class='ocr_carea' id='block_1_49' title="bbox 2062 1967 3615 2037">
    <p class='ocr_par' dir='ltr' id='par_1_49' title="bbox 2062 1967 3615 2037">
     <span class='ocr_line' id='line_1_49' title="bbox 2062 1967 3615 2037; baseline 0 -16"><span class='ocrx_word' id='word_1_367' title='bbox 2062 1969 2152 2021; x_wconf 89' lang='lat' dir='ltr'><strong>rit.</strong></span> <span class='ocrx_word' id='word_1_368' title='bbox 2215 1967 2343 2020; x_wconf 91' lang='lat' dir='ltr'><strong>lllud</strong></span> <span class='ocrx_word' id='word_1_369' title='bbox 2406 1968 2543 2023; x_wconf 80' lang='lat' dir='ltr'><strong>forte</strong></span> <span class='ocrx_word' id='word_1_370' title='bbox 2616 1969 2976 2037; x_wconf 82' lang='lat' dir='ltr'><strong>opportunius</strong></span> <span class='ocrx_word' id='word_1_371' title='bbox 3022 1969 3322 2033; x_wconf 70' lang='lat' dir='ltr'><strong>potabitur,</strong></span> <span class='ocrx_word' id='word_1_372' title='bbox 3377 1970 3538 2025; x_wconf 86' lang='lat' dir='ltr'><strong>scribi</strong></span> <span class='ocrx_word' id='word_1_373' title='bbox 3589 1984 3615 2022; x_wconf 88' lang='lat' dir='ltr'><strong>a</strong></span> 
     </span>
    </p>
   </div>
   <div class='ocr_carea' id='block_1_50' title="bbox 2060 2059 3617 2130">
    <p class='ocr_par' dir='ltr' id='par_1_50' title="bbox 2060 2059 3617 2130">
     <span class='ocr_line' id='line_1_50' title="bbox 2060 2059 3617 2130; baseline 0.001 -18"><span class='ocrx_word' id='word_1_374' title='bbox 2060 2059 2391 2127; x_wconf 80' lang='lat' dir='ltr'><strong>Pachymere</strong></span> <span class='ocrx_word' id='word_1_375' title='bbox 2433 2059 2536 2112; x_wconf 85' lang='lat' dir='ltr'><strong>hor.</strong></span> <span class='ocrx_word' id='word_1_376' title='bbox 2592 2075 2713 2113; x_wconf 87' lang='lat' dir='ltr'><strong>cum</strong></span> <span class='ocrx_word' id='word_1_377' title='bbox 2774 2061 2935 2113; x_wconf 90' lang='lat' dir='ltr'><strong>unico</strong></span> <span class='ocrx_word' id='word_1_378' title='bbox 2976 2064 3165 2130; x_wconf 80' lang='lat' dir='ltr'><strong>sigma.</strong></span> <span class='ocrx_word' id='word_1_379' title='bbox 3197 2078 3324 2116; x_wconf 91' lang='lat' dir='ltr'><strong>cum</strong></span> <span class='ocrx_word' id='word_1_380' title='bbox 3369 2073 3542 2114; x_wconf 85' lang='lat' dir='ltr'><strong>tamen</strong></span> <span class='ocrx_word' id='word_1_381' title='bbox 3568 2071 3617 2114; x_wconf 83' lang='lat' dir='ltr'><strong>et</strong></span> 
     </span>
    </p>
   </div>
   <div class='ocr_carea' id='block_1_51' title="bbox 2059 2150 3615 2221">
    <p class='ocr_par' dir='ltr' id='par_1_51' title="bbox 2059 2150 3615 2221">
     <span class='ocr_line' id='line_1_51' title="bbox 2059 2150 3615 2221; baseline 0.004 -21"><span class='ocrx_word' id='word_1_382' title='bbox 2059 2152 2257 2219; x_wconf 76' lang='lat' dir='ltr'><strong>passim</strong></span> <span class='ocrx_word' id='word_1_383' title='bbox 2316 2151 2381 2203; x_wconf 86' lang='lat' dir='ltr'><strong>ab</strong></span> <span class='ocrx_word' id='word_1_384' title='bbox 2416 2150 2534 2204; x_wconf 81' lang='lat' dir='ltr'><strong>aliis</strong></span> <span class='ocrx_word' id='word_1_385' title='bbox 2587 2167 2708 2205; x_wconf 86' lang='lat' dir='ltr'><strong>cum</strong></span> <span class='ocrx_word' id='word_1_386' title='bbox 2742 2153 2939 2221; x_wconf 83' lang='lat' dir='ltr'><strong>duplici</strong></span> <span class='ocrx_word' id='word_1_387' title='bbox 2980 2154 3262 2208; x_wconf 83' lang='lat' dir='ltr'><strong>scribatur</strong></span> <span class='ocrx_word' id='word_1_388' title='bbox 3290 2163 3345 2209; x_wconf 88' lang='lat' dir='ltr'><strong>et</strong></span> <span class='ocrx_word' id='word_1_389' title='bbox 3392 2155 3463 2208; x_wconf 85' lang='lat' dir='ltr'><strong>ita</strong></span> <span class='ocrx_word' id='word_1_390' title='bbox 3511 2154 3615 2209; x_wconf 76' lang='lat' dir='ltr'><strong>ﬁeri</strong></span> 
     </span>
    </p>
   </div>
   <div class='ocr_carea' id='block_1_52' title="bbox 2062 2242 3235 2300">
    <p class='ocr_par' dir='ltr' id='par_1_52' title="bbox 2062 2242 3235 2300">
     <span class='ocr_line' id='line_1_52' title="bbox 2062 2242 3235 2300; baseline 0.003 -3"><span class='ocrx_word' id='word_1_391' title='bbox 2062 2242 2259 2297; x_wconf 85' lang='lat' dir='ltr'><strong>debere</strong></span> <span class='ocrx_word' id='word_1_392' title='bbox 2295 2242 2486 2295; x_wconf 73' lang='lat' dir='ltr'><strong>doceat</strong></span> <span class='ocrx_word' id='word_1_393' title='bbox 2512 2243 2828 2298; x_wconf 79' lang='lat' dir='ltr'><strong>Eustathius</strong></span> <span class='ocrx_word' id='word_1_394' title='bbox 2862 2248 2927 2297; x_wconf 83' lang='lat' dir='ltr'><strong>ad</strong></span> <span class='ocrx_word' id='word_1_395' title='bbox 2966 2245 3119 2299; x_wconf 72' lang='lat' dir='ltr'><strong>tliad.</strong></span> <span class='ocrx_word' id='word_1_396' title='bbox 3162 2264 3235 2300; x_wconf 85' lang='grc' dir='ltr'><strong>ω.</strong></span> 
     </span>
    </p>
   </div>
   <div class='ocr_carea' id='block_1_53' title="bbox 2128 2330 3619 2401">
    <p class='ocr_par' dir='ltr' id='par_1_53' title="bbox 2128 2330 3619 2401">
     <span class='ocr_line' id='line_1_53' title="bbox 2128 2330 3619 2401; baseline 0.003 -17"><span class='ocrx_word' id='word_1_397' title='bbox 2128 2332 2186 2385; x_wconf 80' lang='grc' dir='ltr'><strong>Ρ.</strong></span> <span class='ocrx_word' id='word_1_398' title='bbox 2236 2331 2361 2385; x_wconf 82' lang='grc'>150.</span> <span class='ocrx_word' id='word_1_399' title='bbox 2401 2330 2494 2395; x_wconf 84' lang='grc' dir='ltr'><strong>Ὠς</strong></span> <span class='ocrx_word' id='word_1_400' title='bbox 2540 2331 3044 2400; x_wconf 74' lang='grc' dir='ltr'>ἁταλιιιπωρήτως</span> <span class='ocrx_word' id='word_1_401' title='bbox 3085 2333 3340 2401; x_wconf 74' lang='grc' dir='ltr'><strong>ἔχοντες</strong></span> <span class='ocrx_word' id='word_1_402' title='bbox 3387 2334 3514 2401; x_wconf 75' lang='grc' dir='ltr'><strong>περὶ</strong></span> <span class='ocrx_word' id='word_1_403' title='bbox 3559 2332 3619 2388; x_wconf 63' lang='grc' dir='ltr'>τι)</span> 
     </span>
    </p>
   </div>
   <div class='ocr_carea' id='block_1_54' title="bbox 2056 2422 3620 2492">
    <p class='ocr_par' dir='ltr' id='par_1_54' title="bbox 2056 2422 3620 2492">
     <span class='ocr_line' id='line_1_54' title="bbox 2056 2422 3620 2492; baseline -0.001 -15"><span class='ocrx_word' id='word_1_404' title='bbox 2056 2423 2267 2477; x_wconf 80' lang='grc' dir='ltr'><strong>κακόν.</strong></span> <span class='ocrx_word' id='word_1_405' title='bbox 2309 2422 2400 2477; x_wconf 90' lang='lat' dir='ltr'><strong>Sic</strong></span> <span class='ocrx_word' id='word_1_406' title='bbox 2439 2423 2773 2477; x_wconf 81' lang='lat' dir='ltr'><strong>restituimus</strong></span> <span class='ocrx_word' id='word_1_407' title='bbox 2830 2440 2893 2477; x_wconf 81' lang='lat' dir='ltr'><strong>ex</strong></span> <span class='ocrx_word' id='word_1_408' title='bbox 2961 2425 3246 2492; x_wconf 75' lang='lat' dir='ltr'><strong>marginali</strong></span> <span class='ocrx_word' id='word_1_409' title='bbox 3296 2427 3620 2480; x_wconf 83' lang='lat' dir='ltr'><strong>correctione</strong></span> 
     </span>
    </p>
   </div>
   <div class='ocr_carea' id='block_1_55' title="bbox 2056 2512 3619 2586">
    <p class='ocr_par' dir='ltr' id='par_1_55' title="bbox 2056 2512 3619 2586">
     <span class='ocr_line' id='line_1_55' title="bbox 2056 2512 3619 2586; baseline 0.003 -22"><span class='ocrx_word' id='word_1_410' title='bbox 2056 2512 2402 2581; x_wconf 80' lang='lat' dir='ltr'><strong>perantiqua,</strong></span> <span class='ocrx_word' id='word_1_411' title='bbox 2434 2528 2553 2566; x_wconf 87' lang='lat' dir='ltr'><strong>cum</strong></span> <span class='ocrx_word' id='word_1_412' title='bbox 2605 2515 2663 2566; x_wconf 80' lang='grc' dir='ltr'>ὲν</span> <span class='ocrx_word' id='word_1_413' title='bbox 2698 2514 2777 2583; x_wconf 83' lang='grc' dir='ltr'>τῷ</span> <span class='ocrx_word' id='word_1_414' title='bbox 2813 2515 3055 2584; x_wconf 83' lang='grc' dir='ltr'><strong>κειμένῳ</strong></span> <span class='ocrx_word' id='word_1_415' title='bbox 3088 2517 3380 2586; x_wconf 86' lang='lat' dir='ltr'><strong>utriusque</strong></span> <span class='ocrx_word' id='word_1_416' title='bbox 3428 2516 3619 2571; x_wconf 78' lang='lat' dir='ltr'><strong>codicis</strong></span> 
     </span>
    </p>
   </div>
   <div class='ocr_carea' id='block_1_56' title="bbox 2056 2605 3620 2676">
    <p class='ocr_par' dir='ltr' id='par_1_56' title="bbox 2056 2605 3620 2676">
     <span class='ocr_line' id='line_1_56' title="bbox 2056 2605 3620 2676; baseline 0.002 -18"><span class='ocrx_word' id='word_1_417' title='bbox 2056 2605 2097 2658; x_wconf 86' lang='grc' dir='ltr'><strong>Β</strong></span> <span class='ocrx_word' id='word_1_418' title='bbox 2124 2614 2178 2658; x_wconf 77' lang='lat' dir='ltr'><strong>et</strong></span> <span class='ocrx_word' id='word_1_419' title='bbox 2203 2606 2248 2659; x_wconf 82' lang='grc' dir='ltr'><strong>Α</strong></span> <span class='ocrx_word' id='word_1_420' title='bbox 2285 2605 2554 2672; x_wconf 74' lang='lat' dir='ltr'><strong>legeretur</strong></span> <span class='ocrx_word' id='word_1_421' title='bbox 2593 2605 2784 2658; x_wconf 75' lang='grc' dir='ltr'>καλόν.</span> <span class='ocrx_word' id='word_1_422' title='bbox 2823 2606 2928 2660; x_wconf 87' lang='lat' dir='ltr'><strong>Sed</strong></span> <span class='ocrx_word' id='word_1_423' title='bbox 2965 2608 3056 2673; x_wconf 80' lang='lat' dir='ltr'><strong>qui</strong></span> <span class='ocrx_word' id='word_1_424' title='bbox 3101 2609 3324 2676; x_wconf 68' lang='lat' dir='ltr'><strong>penitus</strong></span> <span class='ocrx_word' id='word_1_425' title='bbox 3375 2608 3620 2675; x_wconf 82' lang='lat' dir='ltr'><strong>introspi-</strong></span> 
     </span>
    </p>
   </div>
   <div class='ocr_carea' id='block_1_57' title="bbox 2056 2694 3619 2766">
    <p class='ocr_par' dir='ltr' id='par_1_57' title="bbox 2056 2694 3619 2766">
     <span class='ocr_line' id='line_1_57' title="bbox 2056 2694 3619 2766; baseline 0 -16"><span class='ocrx_word' id='word_1_426' title='bbox 2056 2697 2186 2758; x_wconf 84' lang='lat' dir='ltr'><strong>ciat,</strong></span> <span class='ocrx_word' id='word_1_427' title='bbox 2216 2694 2502 2749; x_wconf 76' lang='lat' dir='ltr'><strong>manifeste</strong></span> <span class='ocrx_word' id='word_1_428' title='bbox 2535 2695 2905 2763; x_wconf 80' lang='lat' dir='ltr'><strong>deprehendet</strong></span> <span class='ocrx_word' id='word_1_429' title='bbox 2944 2699 3101 2766; x_wconf 85' lang='lat' dir='ltr'><strong>plane</strong></span> <span class='ocrx_word' id='word_1_430' title='bbox 3140 2711 3333 2751; x_wconf 87' lang='lat' dir='ltr'><strong>contra</strong></span> <span class='ocrx_word' id='word_1_431' title='bbox 3362 2700 3467 2753; x_wconf 83' lang='lat' dir='ltr'><strong>loci</strong></span> <span class='ocrx_word' id='word_1_432' title='bbox 3505 2713 3619 2752; x_wconf 55' lang='lat' dir='ltr'><strong>seu.</strong></span> 
     </span>
    </p>
   </div>
   <div class='ocr_carea' id='block_1_58' title="bbox 2057 2784 3623 2856">
    <p class='ocr_par' dir='ltr' id='par_1_58' title="bbox 2057 2784 3623 2856">
     <span class='ocr_line' id='line_1_58' title="bbox 2057 2784 3623 2856; baseline -0.001 -17"><span class='ocrx_word' id='word_1_433' title='bbox 2057 2788 2279 2839; x_wconf 83' lang='lat' dir='ltr'><strong>tentiam</strong></span> <span class='ocrx_word' id='word_1_434' title='bbox 2363 2784 2449 2837; x_wconf 89' lang='lat' dir='ltr'><strong>hic</strong></span> <span class='ocrx_word' id='word_1_435' title='bbox 2524 2784 2688 2838; x_wconf 80' lang='grc' dir='ltr'>καλόν</span> <span class='ocrx_word' id='word_1_436' title='bbox 2762 2786 2907 2853; x_wconf 85' lang='lat' dir='ltr'><strong>poni.</strong></span> <span class='ocrx_word' id='word_1_437' title='bbox 2971 2786 3035 2838; x_wconf 81' lang='lat' dir='ltr'><strong>Et</strong></span> <span class='ocrx_word' id='word_1_438' title='bbox 3102 2787 3433 2856; x_wconf 71' lang='lat' dir='ltr'><strong>suffragatur</strong></span> <span class='ocrx_word' id='word_1_439' title='bbox 3488 2788 3623 2841; x_wconf 79' lang='lat' dir='ltr'><strong>Vati-</strong></span> 
     </span>
    </p>
   </div>
   <div class='ocr_carea' id='block_1_59' title="bbox 2056 2875 3620 2948">
    <p class='ocr_par' dir='ltr' id='par_1_59' title="bbox 2056 2875 3620 2948">
     <span class='ocr_line' id='line_1_59' title="bbox 2056 2875 3620 2948; baseline 0.001 -19"><span class='ocrx_word' id='word_1_440' title='bbox 2056 2892 2221 2930; x_wconf 77' lang='lat' dir='ltr'><strong>canus</strong></span> <span class='ocrx_word' id='word_1_441' title='bbox 2254 2875 2607 2943; x_wconf 86' lang='lat' dir='ltr'><strong>interpolator</strong></span> <span class='ocrx_word' id='word_1_442' title='bbox 2628 2917 2641 2939; x_wconf 92' lang='lat'><strong>,</strong></span> <span class='ocrx_word' id='word_1_443' title='bbox 2700 2876 2788 2943; x_wconf 89' lang='lat' dir='ltr'><strong>qui</strong></span> <span class='ocrx_word' id='word_1_444' title='bbox 2844 2891 2939 2943; x_wconf 90' lang='lat' dir='ltr'><strong>pro</strong></span> <span class='ocrx_word' id='word_1_445' title='bbox 2990 2879 3132 2942; x_wconf 85' lang='lat' dir='ltr'><strong>illis,</strong></span> <span class='ocrx_word' id='word_1_446' title='bbox 3159 2880 3620 2948; x_wconf 81' lang='grc' dir='ltr'>ἁταλαιπωρήτως</span> 
     </span>
    </p>
   </div>
   <div class='ocr_carea' id='block_1_60' title="bbox 2055 2964 3620 3038">
    <p class='ocr_par' dir='ltr' id='par_1_60' title="bbox 2055 2964 3620 3038">
     <span class='ocr_line' id='line_1_60' title="bbox 2055 2964 3620 3038; baseline 0 -18"><span class='ocrx_word' id='word_1_447' title='bbox 2055 2968 2271 3037; x_wconf 81' lang='grc' dir='ltr'>ἔχοντες</span> <span class='ocrx_word' id='word_1_448' title='bbox 2323 2964 2454 3035; x_wconf 73' lang='grc' dir='ltr'>περὶ</span> <span class='ocrx_word' id='word_1_449' title='bbox 2484 2965 2543 3018; x_wconf 73' lang='grc' dir='ltr'><strong>τὸ</strong></span> <span class='ocrx_word' id='word_1_450' title='bbox 2589 2964 2778 3030; x_wconf 72' lang='grc' dir='ltr'>καλόν,</span> <span class='ocrx_word' id='word_1_451' title='bbox 2813 2967 2927 3022; x_wconf 60' lang='lat' dir='ltr'><strong>hate</strong></span> <span class='ocrx_word' id='word_1_452' title='bbox 2971 2969 3155 3023; x_wconf 85' lang='lat' dir='ltr'><strong>subdit</strong></span> <span class='ocrx_word' id='word_1_453' title='bbox 3193 2986 3207 3023; x_wconf 89' lang='lat'><strong>:</strong></span> <span class='ocrx_word' id='word_1_454' title='bbox 3251 2971 3323 3023; x_wconf 90' lang='grc' dir='ltr'><strong>Το</strong></span> <span class='ocrx_word' id='word_1_455' title='bbox 3357 2971 3519 3024; x_wconf 78' lang='grc' dir='ltr'>κακὸν</span> <span class='ocrx_word' id='word_1_456' title='bbox 3552 2970 3620 3038; x_wconf 73' lang='grc' dir='ltr'><strong>μὴ</strong></span> 
     </span>
    </p>
   </div>
   <div class='ocr_carea' id='block_1_61' title="bbox 386 3058 2370 3133">
    <p class='ocr_par' dir='ltr' id='par_1_61' title="bbox 386 3058 2370 3133">
     <span class='ocr_line' id='line_1_61' title="bbox 386 3058 2370 3133; baseline 0 -19"><span class='ocrx_word' id='word_1_457' title='bbox 386 3061 529 3130; x_wconf 85' lang='lat' dir='ltr'><strong>Ergo</strong></span> <span class='ocrx_word' id='word_1_458' title='bbox 578 3060 946 3112; x_wconf 82' lang='lat' dir='ltr'><strong>Damascenus</strong></span> <span class='ocrx_word' id='word_1_459' title='bbox 1005 3074 1126 3112; x_wconf 90' lang='lat' dir='ltr'><strong>cum</strong></span> <span class='ocrx_word' id='word_1_460' title='bbox 1174 3058 1375 3111; x_wconf 88' lang='lat' dir='ltr'><strong>diserte</strong></span> <span class='ocrx_word' id='word_1_461' title='bbox 1432 3058 1709 3128; x_wconf 81' lang='lat' dir='ltr'><strong>professus</strong></span> <span class='ocrx_word' id='word_1_462' title='bbox 1758 3058 2023 3133; x_wconf 75' lang='lat' dir='ltr'><strong>fuissetc</strong></span> <span class='ocrx_word' id='word_1_463' title='bbox 2058 3059 2370 3130; x_wconf 77' lang='grc' dir='ltr'>μισοῦντες.</span> 
     </span>
    </p>
   </div>
   <div class='ocr_carea' id='block_1_62' title="bbox 387 3146 1953 3220">
    <p class='ocr_par' dir='ltr' id='par_1_62' title="bbox 387 3146 1953 3220">
     <span class='ocr_line' id='line_1_62' title="bbox 387 3146 1953 3220; baseline -0.001 -16"><span class='ocrx_word' id='word_1_464' title='bbox 387 3152 479 3204; x_wconf 79' lang='grc' dir='ltr'>τὸν</span> <span class='ocrx_word' id='word_1_465' title='bbox 534 3149 752 3220; x_wconf 82' lang='grc' dir='ltr'>ΙΙατέρα</span> <span class='ocrx_word' id='word_1_466' title='bbox 806 3147 1077 3218; x_wconf 76' lang='grc' dir='ltr'><strong>προϐολέα</strong></span> <span class='ocrx_word' id='word_1_467' title='bbox 1125 3146 1193 3200; x_wconf 86' lang='grc' dir='ltr'>δι’</span> <span class='ocrx_word' id='word_1_468' title='bbox 1233 3147 1365 3200; x_wconf 81' lang='grc' dir='ltr'>Υἱοῦ</span> <span class='ocrx_word' id='word_1_469' title='bbox 1411 3149 1504 3202; x_wconf 80' lang='grc' dir='ltr'>τοῦ</span> <span class='ocrx_word' id='word_1_470' title='bbox 1558 3150 1953 3220; x_wconf 74' lang='grc' dir='ltr'>ἒκφαντορικοῦ</span> 
     </span>
    </p>
   </div>
   <div class='ocr_carea' id='block_1_63' title="bbox 389 3239 1957 3312">
    <p class='ocr_par' dir='ltr' id='par_1_63' title="bbox 389 3239 1957 3312">
     <span class='ocr_line' id='line_1_63' title="bbox 389 3239 1957 3312; baseline -0.002 -16"><span class='ocrx_word' id='word_1_471' title='bbox 389 3242 707 3312; x_wconf 77' lang='grc' dir='ltr'>Πνεύματος</span> <span class='ocrx_word' id='word_1_472' title='bbox 722 3241 935 3296; x_wconf 81' lang='lat' dir='ltr'><strong>Patrem</strong></span> <span class='ocrx_word' id='word_1_473' title='bbox 966 3244 1332 3309; x_wconf 79' lang='lat' dir='ltr'><strong>productorem</strong></span> <span class='ocrx_word' id='word_1_474' title='bbox 1362 3258 1454 3308; x_wconf 85' lang='lat' dir='ltr'><strong>per</strong></span> <span class='ocrx_word' id='word_1_475' title='bbox 1482 3239 1679 3295; x_wconf 80' lang='lat' dir='ltr'><strong>Filium</strong></span> <span class='ocrx_word' id='word_1_476' title='bbox 1711 3242 1957 3295; x_wconf 63' lang='lat' dir='ltr'><strong>enuntio.</strong></span> 
     </span>
    </p>
   </div>
   <div class='ocr_carea' id='block_1_64' title="bbox 389 3331 1957 3404">
    <p class='ocr_par' dir='ltr' id='par_1_64' title="bbox 389 3331 1957 3404">
     <span class='ocr_line' id='line_1_64' title="bbox 389 3331 1957 3404; baseline -0.001 -17"><span class='ocrx_word' id='word_1_477' title='bbox 389 3336 510 3389; x_wconf 81' lang='lat' dir='ltr'><strong>torii</strong></span> <span class='ocrx_word' id='word_1_478' title='bbox 543 3333 802 3404; x_wconf 78' lang='lat' dir='ltr'><strong>Spiritus,</strong></span> <span class='ocrx_word' id='word_1_479' title='bbox 827 3343 971 3386; x_wconf 87' lang='lat' dir='ltr'><strong>recte</strong></span> <span class='ocrx_word' id='word_1_480' title='bbox 1007 3333 1274 3386; x_wconf 79' lang='lat' dir='ltr'><strong>recusavit</strong></span> <span class='ocrx_word' id='word_1_481' title='bbox 1307 3334 1485 3387; x_wconf 84' lang='lat' dir='ltr'><strong>dicere</strong></span> <span class='ocrx_word' id='word_1_482' title='bbox 1522 3334 1585 3385; x_wconf 82' lang='grc' dir='ltr'><strong>ἐκ</strong></span> <span class='ocrx_word' id='word_1_483' title='bbox 1614 3331 1709 3384; x_wconf 80' lang='grc' dir='ltr'>τοῦ</span> <span class='ocrx_word' id='word_1_484' title='bbox 1738 3333 1865 3385; x_wconf 87' lang='grc' dir='ltr'><strong>Υἰοῦ</strong></span> <span class='ocrx_word' id='word_1_485' title='bbox 1898 3334 1957 3386; x_wconf 78' lang='grc' dir='ltr'>τὸ</span> 
     </span>
    </p>
   </div>
   <div class='ocr_carea' id='block_1_65' title="bbox 388 3422 1956 3494">
    <p class='ocr_par' dir='ltr' id='par_1_65' title="bbox 388 3422 1956 3494">
     <span class='ocr_line' id='line_1_65' title="bbox 388 3422 1956 3494; baseline -0.001 -16"><span class='ocrx_word' id='word_1_486' title='bbox 388 3425 642 3494; x_wconf 76' lang='grc' dir='ltr'>Πνεῦμα,</span> <span class='ocrx_word' id='word_1_487' title='bbox 664 3440 726 3479; x_wconf 70' lang='lat' dir='ltr'><strong>ex</strong></span> <span class='ocrx_word' id='word_1_488' title='bbox 745 3422 886 3477; x_wconf 78' lang='lat' dir='ltr'><strong>Filio</strong></span> <span class='ocrx_word' id='word_1_489' title='bbox 905 3422 1161 3493; x_wconf 79' lang='lat' dir='ltr'><strong>Spiritum</strong></span> <span class='ocrx_word' id='word_1_490' title='bbox 1189 3440 1323 3485; x_wconf 75' lang='lat' dir='ltr'><strong>esse.</strong></span> <span class='ocrx_word' id='word_1_491' title='bbox 1348 3422 1531 3485; x_wconf 73' lang='grc' dir='ltr'><strong>ἁπλῶς</strong></span> <span class='ocrx_word' id='word_1_492' title='bbox 1549 3432 1602 3476; x_wconf 89' lang='lat' dir='ltr'><strong>et</strong></span> <span class='ocrx_word' id='word_1_493' title='bbox 1619 3425 1734 3479; x_wconf 89' lang='lat' dir='ltr'><strong>sine</strong></span> <span class='ocrx_word' id='word_1_494' title='bbox 1762 3426 1956 3492; x_wconf 88' lang='lat' dir='ltr'><strong>adjun-</strong></span> 
     </span>
    </p>
   </div>
   <div class='ocr_carea' id='block_1_66' title="bbox 387 3516 1956 3586">
    <p class='ocr_par' dir='ltr' id='par_1_66' title="bbox 387 3516 1956 3586">
     <span class='ocr_line' id='line_1_66' title="bbox 387 3516 1956 3586; baseline 0 -17"><span class='ocrx_word' id='word_1_495' title='bbox 387 3528 475 3570; x_wconf 88' lang='lat' dir='ltr'><strong>cta</strong></span> <span class='ocrx_word' id='word_1_496' title='bbox 503 3516 698 3582; x_wconf 80' lang='lat' dir='ltr'><strong>Patris,</strong></span> <span class='ocrx_word' id='word_1_497' title='bbox 731 3516 822 3583; x_wconf 88' lang='lat' dir='ltr'><strong>qui</strong></span> <span class='ocrx_word' id='word_1_498' title='bbox 849 3516 897 3569; x_wconf 88' lang='lat' dir='ltr'><strong>ei</strong></span> <span class='ocrx_word' id='word_1_499' title='bbox 922 3531 986 3569; x_wconf 82' lang='lat' dir='ltr'><strong>ex</strong></span> <span class='ocrx_word' id='word_1_500' title='bbox 1017 3531 1076 3571; x_wconf 89' lang='lat' dir='ltr'><strong>se</strong></span> <span class='ocrx_word' id='word_1_501' title='bbox 1110 3518 1387 3584; x_wconf 63' lang='lat' dir='ltr'><strong>prmbitam</strong></span> <span class='ocrx_word' id='word_1_502' title='bbox 1424 3518 1527 3569; x_wconf 91' lang='lat' dir='ltr'><strong>vim</strong></span> <span class='ocrx_word' id='word_1_503' title='bbox 1582 3516 1821 3586; x_wconf 87' lang='lat' dir='ltr'><strong>spirandi</strong></span> <span class='ocrx_word' id='word_1_504' title='bbox 1878 3517 1956 3569; x_wconf 82' lang='lat' dir='ltr'><strong>si-</strong></span> 
     </span>
    </p>
   </div>
   <div class='ocr_carea' id='block_1_67' title="bbox 387 3603 1958 3676">
    <p class='ocr_par' dir='ltr' id='par_1_67' title="bbox 387 3603 1958 3676">
     <span class='ocr_line' id='line_1_67' title="bbox 387 3603 1958 3676; baseline -0.001 -15"><span class='ocrx_word' id='word_1_505' title='bbox 387 3606 498 3661; x_wconf 85' lang='lat' dir='ltr'><strong>mul</strong></span> <span class='ocrx_word' id='word_1_506' title='bbox 524 3621 646 3660; x_wconf 91' lang='lat' dir='ltr'><strong>cum</strong></span> <span class='ocrx_word' id='word_1_507' title='bbox 677 3620 742 3661; x_wconf 90' lang='lat' dir='ltr'><strong>eo</strong></span> <span class='ocrx_word' id='word_1_508' title='bbox 780 3616 1051 3669; x_wconf 79' lang='lat' dir='ltr'><strong>exerceat,</strong></span> <span class='ocrx_word' id='word_1_509' title='bbox 1100 3607 1393 3660; x_wconf 89' lang='lat' dir='ltr'><strong>mentione.</strong></span> <span class='ocrx_word' id='word_1_510' title='bbox 1428 3606 1655 3660; x_wconf 86' lang='lat' dir='ltr'><strong>Fallitur</strong></span> <span class='ocrx_word' id='word_1_511' title='bbox 1694 3621 1820 3676; x_wconf 88' lang='lat' dir='ltr'><strong>ergo</strong></span> <span class='ocrx_word' id='word_1_512' title='bbox 1857 3603 1958 3659; x_wconf 83' lang='lat' dir='ltr'><strong>Pa-</strong></span> 
     </span>
    </p>
   </div>
   <div class='ocr_carea' id='block_1_68' title="bbox 386 3696 1956 3770">
    <p class='ocr_par' dir='ltr' id='par_1_68' title="bbox 386 3696 1956 3770">
     <span class='ocr_line' id='line_1_68' title="bbox 386 3696 1956 3770; baseline -0.003 -17"><span class='ocrx_word' id='word_1_513' title='bbox 386 3700 693 3770; x_wconf 83' lang='lat' dir='ltr'><strong>chytueres,</strong></span> <span class='ocrx_word' id='word_1_514' title='bbox 747 3699 872 3750; x_wconf 87' lang='lat' dir='ltr'><strong>dum</strong></span> <span class='ocrx_word' id='word_1_515' title='bbox 920 3696 1023 3751; x_wconf 91' lang='lat' dir='ltr'><strong>hoc</strong></span> <span class='ocrx_word' id='word_1_516' title='bbox 1072 3698 1190 3750; x_wconf 89' lang='lat' dir='ltr'><strong>loco</strong></span> <span class='ocrx_word' id='word_1_517' title='bbox 1220 3698 1294 3751; x_wconf 89' lang='lat' dir='ltr'><strong>ait</strong></span> <span class='ocrx_word' id='word_1_518' title='bbox 1322 3697 1428 3751; x_wconf 84' lang='lat' dir='ltr'><strong>isto</strong></span> <span class='ocrx_word' id='word_1_519' title='bbox 1455 3698 1772 3751; x_wconf 86' lang='lat' dir='ltr'><strong>Damasceni</strong></span> <span class='ocrx_word' id='word_1_520' title='bbox 1807 3698 1956 3750; x_wconf 89' lang='lat' dir='ltr'><strong>testi—</strong></span> 
     </span>
    </p>
   </div>
   <div class='ocr_carea' id='block_1_69' title="bbox 389 3786 1953 3858">
    <p class='ocr_par' dir='ltr' id='par_1_69' title="bbox 389 3786 1953 3858">
     <span class='ocr_line' id='line_1_69' title="bbox 389 3786 1953 3858; baseline 0.001 -15"><span class='ocrx_word' id='word_1_521' title='bbox 389 3791 574 3843; x_wconf 86' lang='lat' dir='ltr'><strong>monio</strong></span> <span class='ocrx_word' id='word_1_522' title='bbox 597 3788 750 3858; x_wconf 85' lang='lat' dir='ltr'><strong>quasi</strong></span> <span class='ocrx_word' id='word_1_523' title='bbox 781 3802 1037 3842; x_wconf 82' lang='lat' dir='ltr'><strong>mucrone</strong></span> <span class='ocrx_word' id='word_1_524' title='bbox 1070 3788 1300 3856; x_wconf 88' lang='lat' dir='ltr'><strong>quodam</strong></span> <span class='ocrx_word' id='word_1_525' title='bbox 1333 3786 1546 3842; x_wconf 78' lang='lat' dir='ltr'><strong>confodi</strong></span> <span class='ocrx_word' id='word_1_526' title='bbox 1576 3804 1694 3842; x_wconf 91' lang='lat' dir='ltr'><strong>cum</strong></span> <span class='ocrx_word' id='word_1_527' title='bbox 1731 3787 1953 3844; x_wconf 68' lang='lat' dir='ltr'><strong>Latinos</strong></span> 
     </span>
    </p>
   </div>
   <div class='ocr_carea' id='block_1_70' title="bbox 386 3878 1955 3951">
    <p class='ocr_par' dir='ltr' id='par_1_70' title="bbox 386 3878 1955 3951">
     <span class='ocr_line' id='line_1_70' title="bbox 386 3878 1955 3951; baseline -0.001 -14"><span class='ocrx_word' id='word_1_528' title='bbox 386 3883 654 3951; x_wconf 88' lang='lat' dir='ltr'><strong>Spiritum</strong></span> <span class='ocrx_word' id='word_1_529' title='bbox 690 3895 754 3934; x_wconf 83' lang='lat' dir='ltr'><strong>ex</strong></span> <span class='ocrx_word' id='word_1_530' title='bbox 784 3878 927 3933; x_wconf 85' lang='lat' dir='ltr'><strong>Filio</strong></span> <span class='ocrx_word' id='word_1_531' title='bbox 975 3881 1266 3948; x_wconf 86' lang='lat' dir='ltr'><strong>procedere</strong></span> <span class='ocrx_word' id='word_1_532' title='bbox 1305 3881 1568 3945; x_wconf 87' lang='lat' dir='ltr'><strong>dicentes,</strong></span> <span class='ocrx_word' id='word_1_533' title='bbox 1599 3890 1710 3934; x_wconf 90' lang='lat' dir='ltr'><strong>tum</strong></span> <span class='ocrx_word' id='word_1_534' title='bbox 1740 3879 1955 3936; x_wconf 65' lang='lat' dir='ltr'><strong>ercos</strong></span> 
     </span>
    </p>
   </div>
   <div class='ocr_carea' id='block_1_71' title="bbox 391 3971 1958 4043">
    <p class='ocr_par' dir='ltr' id='par_1_71' title="bbox 391 3971 1958 4043">
     <span class='ocr_line' id='line_1_71' title="bbox 391 3971 1958 4043; baseline -0.002 -14"><span class='ocrx_word' id='word_1_535' title='bbox 391 3977 464 4030; x_wconf 81' lang='lat' dir='ltr'><strong>iis</strong></span> <span class='ocrx_word' id='word_1_536' title='bbox 483 3975 888 4043; x_wconf 86' lang='lat' dir='ltr'><strong>patrocinantes</strong></span> <span class='ocrx_word' id='word_1_537' title='bbox 916 3971 1245 4027; x_wconf 84' lang='lat' dir='ltr'><strong>adstruenda</strong></span> <span class='ocrx_word' id='word_1_538' title='bbox 1291 3972 1669 4040; x_wconf 70' lang='lat' dir='ltr'><strong>requivalentia</strong></span> <span class='ocrx_word' id='word_1_539' title='bbox 1704 3973 1958 4042; x_wconf 62' lang='lat' dir='ltr'><strong>preposi-</strong></span> 
     </span>
    </p>
   </div>
   <div class='ocr_carea' id='block_1_72' title="bbox 392 4064 1956 4135">
    <p class='ocr_par' dir='ltr' id='par_1_72' title="bbox 392 4064 1956 4135">
     <span class='ocr_line' id='line_1_72' title="bbox 392 4064 1956 4135; baseline -0.004 -12"><span class='ocrx_word' id='word_1_540' title='bbox 392 4070 603 4123; x_wconf 84' lang='lat' dir='ltr'><strong>tionum</strong></span> <span class='ocrx_word' id='word_1_541' title='bbox 625 4082 690 4120; x_wconf 78' lang='lat' dir='ltr'><strong>ea:</strong></span> <span class='ocrx_word' id='word_1_542' title='bbox 707 4076 760 4119; x_wconf 88' lang='lat' dir='ltr'><strong>et</strong></span> <span class='ocrx_word' id='word_1_543' title='bbox 783 4081 912 4135; x_wconf 82' lang='lat' dir='ltr'><strong>per:</strong></span> <span class='ocrx_word' id='word_1_544' title='bbox 939 4077 1156 4119; x_wconf 88' lang='lat' dir='ltr'><strong>neutros</strong></span> <span class='ocrx_word' id='word_1_545' title='bbox 1173 4065 1315 4120; x_wconf 89' lang='lat' dir='ltr'><strong>enim</strong></span> <span class='ocrx_word' id='word_1_546' title='bbox 1342 4080 1401 4118; x_wconf 91' lang='lat' dir='ltr'><strong>re</strong></span> <span class='ocrx_word' id='word_1_547' title='bbox 1426 4080 1549 4118; x_wconf 86' lang='lat' dir='ltr'><strong>vera</strong></span> <span class='ocrx_word' id='word_1_548' title='bbox 1569 4064 1652 4117; x_wconf 86' lang='lat' dir='ltr'><strong>vel</strong></span> <span class='ocrx_word' id='word_1_549' title='bbox 1678 4066 1956 4118; x_wconf 90' lang='lat' dir='ltr'><strong>minimum</strong></span> 
     </span>
    </p>
   </div>
   <div class='ocr_carea' id='block_1_73' title="bbox 332 4157 1963 4230">
    <p class='ocr_par' dir='ltr' id='par_1_73' title="bbox 332 4157 1963 4230">
     <span class='ocr_line' id='line_1_73' title="bbox 332 4157 1963 4230; baseline -0.001 -18"><span class='ocrx_word' id='word_1_550' title='bbox 332 4222 337 4227; x_wconf 27' lang='lat'><strong>,</strong></span> <span class='ocrx_word' id='word_1_551' title='bbox 392 4162 708 4229; x_wconf 74' lang='lat' dir='ltr'><strong>perstringit</strong></span> <span class='ocrx_word' id='word_1_552' title='bbox 740 4159 844 4214; x_wconf 88' lang='lat' dir='ltr'><strong>ista</strong></span> <span class='ocrx_word' id='word_1_553' title='bbox 874 4160 1069 4230; x_wconf 83' lang='grc' dir='ltr'><strong>χρῆσις</strong></span> <span class='ocrx_word' id='word_1_554' title='bbox 1095 4174 1159 4213; x_wconf 82' lang='lat' dir='ltr'><strong>ex</strong></span> <span class='ocrx_word' id='word_1_555' title='bbox 1180 4173 1308 4214; x_wconf 91' lang='lat' dir='ltr'><strong>vero</strong></span> <span class='ocrx_word' id='word_1_556' title='bbox 1332 4157 1650 4213; x_wconf 87' lang='lat' dir='ltr'><strong>Damasceni</strong></span> <span class='ocrx_word' id='word_1_557' title='bbox 1680 4172 1841 4213; x_wconf 87' lang='lat' dir='ltr'><strong>sensu</strong></span> <span class='ocrx_word' id='word_1_558' title='bbox 1869 4157 1963 4211; x_wconf 86' lang='lat' dir='ltr'><strong>de-</strong></span> 
     </span>
    </p>
   </div>
   <div class='ocr_carea' id='block_1_74' title="bbox 386 4251 611 4306">
    <p class='ocr_par' dir='ltr' id='par_1_74' title="bbox 386 4251 611 4306">
     <span class='ocr_line' id='line_1_74' title="bbox 386 4251 611 4306; baseline 0 0"><span class='ocrx_word' id='word_1_559' title='bbox 386 4251 611 4306; x_wconf 84' lang='lat' dir='ltr'><strong>clarata.</strong></span> 
     </span>
    </p>
   </div>
   <div class='ocr_carea' id='block_1_75' title="bbox 460 4338 1967 4409">
    <p class='ocr_par' dir='ltr' id='par_1_75' title="bbox 460 4338 1967 4409">
     <span class='ocr_line' id='line_1_75' title="bbox 460 4338 1967 4409; baseline -0.005 -12"><span class='ocrx_word' id='word_1_560' title='bbox 460 4343 521 4397; x_wconf 80' lang='lat' dir='ltr'><strong>P.</strong></span> <span class='ocrx_word' id='word_1_561' title='bbox 550 4343 674 4397; x_wconf 75' lang='grc'><strong>114.</strong></span> <span class='ocrx_word' id='word_1_562' title='bbox 695 4340 945 4395; x_wconf 76' lang='lat' dir='ltr'><strong>Perlatus</strong></span> <span class='ocrx_word' id='word_1_563' title='bbox 967 4350 1139 4394; x_wconf 76' lang='lat' dir='ltr'><strong>tomus</strong></span> <span class='ocrx_word' id='word_1_564' title='bbox 1162 4341 1214 4395; x_wconf 85' lang='lat' dir='ltr'><strong>in</strong></span> <span class='ocrx_word' id='word_1_565' title='bbox 1236 4356 1424 4394; x_wconf 74' lang='lat' dir='ltr'><strong>manus</strong></span> <span class='ocrx_word' id='word_1_566' title='bbox 1454 4338 1622 4405; x_wconf 80' lang='lat' dir='ltr'><strong>l’ecci,</strong></span> <span class='ocrx_word' id='word_1_567' title='bbox 1643 4348 1748 4395; x_wconf 89' lang='lat' dir='ltr'><strong>etc.</strong></span> <span class='ocrx_word' id='word_1_568' title='bbox 1769 4338 1967 4409; x_wconf 29' lang='lat' dir='ltr'><strong>Exstat.</strong></span> 
     </span>
    </p>
   </div>
   <div class='ocr_carea' id='block_1_76' title="bbox 2135 3154 3620 3226">
    <p class='ocr_par' dir='ltr' id='par_1_76' title="bbox 2135 3154 3620 3226">
     <span class='ocr_line' id='line_1_76' title="bbox 2135 3154 3620 3226; baseline -0.002 -18"><span class='ocrx_word' id='word_1_569' title='bbox 2135 3154 2193 3209; x_wconf 76' lang='grc' dir='ltr'><strong>Ρ.</strong></span> <span class='ocrx_word' id='word_1_570' title='bbox 2283 3156 2404 3215; x_wconf 81' lang='grc'><strong>169.</strong></span> <span class='ocrx_word' id='word_1_571' title='bbox 2475 3157 2720 3226; x_wconf 80' lang='grc' dir='ltr'><strong>Πέμπει.</strong></span> <span class='ocrx_word' id='word_1_572' title='bbox 2761 3156 2817 3210; x_wconf 86' lang='grc' dir='ltr'><strong>1η</strong></span> <span class='ocrx_word' id='word_1_573' title='bbox 2883 3166 3115 3222; x_wconf 85' lang='lat' dir='ltr'><strong>utroque</strong></span> <span class='ocrx_word' id='word_1_574' title='bbox 3177 3170 3285 3212; x_wconf 86' lang='lat' dir='ltr'><strong>tus.</strong></span> <span class='ocrx_word' id='word_1_575' title='bbox 3357 3155 3620 3224; x_wconf 68' lang='lat' dir='ltr'><strong>lege-batur</strong></span> 
     </span>
    </p>
   </div>
   <div class='ocr_carea' id='block_1_77' title="bbox 2065 3247 3616 3317">
    <p class='ocr_par' dir='ltr' id='par_1_77' title="bbox 2065 3247 3616 3317">
     <span class='ocr_line' id='line_1_77' title="bbox 2065 3247 3616 3317; baseline -0.002 -20"><span class='ocrx_word' id='word_1_576' title='bbox 2065 3248 2326 3316; x_wconf 80' lang='grc' dir='ltr'><strong>πέμπειν.</strong></span> <span class='ocrx_word' id='word_1_577' title='bbox 2353 3248 2507 3303; x_wconf 85' lang='lat' dir='ltr'><strong>Unde</strong></span> <span class='ocrx_word' id='word_1_578' title='bbox 2533 3248 2954 3317; x_wconf 85' lang='lat' dir='ltr'><strong>lectorquidant,</strong></span> <span class='ocrx_word' id='word_1_579' title='bbox 2978 3258 3040 3300; x_wconf 85' lang='lat' dir='ltr'><strong>ut</strong></span> <span class='ocrx_word' id='word_1_580' title='bbox 3064 3247 3279 3301; x_wconf 80' lang='lat' dir='ltr'><strong>fulciret</strong></span> <span class='ocrx_word' id='word_1_581' title='bbox 3311 3247 3616 3316; x_wconf 80' lang='lat' dir='ltr'><strong>pendentem</strong></span> 
     </span>
    </p>
   </div>
   <div class='ocr_carea' id='block_1_78' title="bbox 2062 3336 3621 3410">
    <p class='ocr_par' dir='ltr' id='par_1_78' title="bbox 2062 3336 3621 3410">
     <span class='ocr_line' id='line_1_78' title="bbox 2062 3336 3621 3410; baseline -0.003 -20"><span class='ocrx_word' id='word_1_582' title='bbox 2062 3340 2412 3407; x_wconf 81' lang='lat' dir='ltr'><strong>sententiam,</strong></span> <span class='ocrx_word' id='word_1_583' title='bbox 2445 3341 2499 3394; x_wconf 90' lang='lat' dir='ltr'><strong>in</strong></span> <span class='ocrx_word' id='word_1_584' title='bbox 2560 3340 2802 3410; x_wconf 82' lang='lat' dir='ltr'><strong>margine</strong></span> <span class='ocrx_word' id='word_1_585' title='bbox 2836 3336 3087 3405; x_wconf 87' lang='lat' dir='ltr'><strong>ascripsit</strong></span> <span class='ocrx_word' id='word_1_586' title='bbox 3132 3338 3294 3404; x_wconf 74' lang='grc' dir='ltr'>ἔγνω.</span> <span class='ocrx_word' id='word_1_587' title='bbox 3339 3340 3441 3391; x_wconf 85' lang='lat' dir='ltr'><strong>Sed</strong></span> <span class='ocrx_word' id='word_1_588' title='bbox 3470 3346 3621 3400; x_wconf 74' lang='lat' dir='ltr'><strong>cxpe-</strong></span> 
     </span>
    </p>
   </div>
   <div class='ocr_carea' id='block_1_79' title="bbox 2065 3427 3618 3487">
    <p class='ocr_par' dir='ltr' id='par_1_79' title="bbox 2065 3427 3618 3487">
     <span class='ocr_line' id='line_1_79' title="bbox 2065 3427 3618 3487; baseline -0.003 -4"><span class='ocrx_word' id='word_1_589' title='bbox 2065 3432 2233 3484; x_wconf 88' lang='lat' dir='ltr'><strong>ditior</strong></span> <span class='ocrx_word' id='word_1_590' title='bbox 2261 3432 2528 3487; x_wconf 89' lang='lat' dir='ltr'><strong>correctio</strong></span> <span class='ocrx_word' id='word_1_591' title='bbox 2553 3440 2637 3487; x_wconf 88' lang='lat' dir='ltr'><strong>est</strong></span> <span class='ocrx_word' id='word_1_592' title='bbox 2675 3431 2896 3486; x_wconf 80' lang='lat' dir='ltr'><strong>extritio</strong></span> <span class='ocrx_word' id='word_1_593' title='bbox 2928 3429 3262 3485; x_wconf 88' lang='lat' dir='ltr'><strong>abundantis</strong></span> <span class='ocrx_word' id='word_1_594' title='bbox 3299 3430 3489 3484; x_wconf 72' lang='lat' dir='ltr'><strong>litterae</strong></span> <span class='ocrx_word' id='word_1_595' title='bbox 3511 3443 3538 3479; x_wconf 93' lang='grc' dir='ltr'><strong>ν</strong></span> <span class='ocrx_word' id='word_1_596' title='bbox 3569 3427 3618 3479; x_wconf 83' lang='lat' dir='ltr'><strong>in</strong></span> 
     </span>
    </p>
   </div>
   <div class='ocr_carea' id='block_1_80' title="bbox 2063 3522 3188 3590">
    <p class='ocr_par' dir='ltr' id='par_1_80' title="bbox 2063 3522 3188 3590">
     <span class='ocr_line' id='line_1_80' title="bbox 2063 3522 3188 3590; baseline 0.004 -16"><span class='ocrx_word' id='word_1_597' title='bbox 2063 3539 2191 3575; x_wconf 81' lang='lat' dir='ltr'><strong>voce</strong></span> <span class='ocrx_word' id='word_1_598' title='bbox 2218 3524 2481 3590; x_wconf 78' lang='grc' dir='ltr'><strong>πέμπειν.</strong></span> <span class='ocrx_word' id='word_1_599' title='bbox 2518 3523 2806 3578; x_wconf 82' lang='lat' dir='ltr'><strong>Vaticanus</strong></span> <span class='ocrx_word' id='word_1_600' title='bbox 2831 3523 2944 3577; x_wconf 78' lang='lat' dir='ltr'><strong>htec</strong></span> <span class='ocrx_word' id='word_1_601' title='bbox 2964 3522 3188 3579; x_wconf 90' lang='lat' dir='ltr'><strong>omittit.</strong></span> 
     </span>
    </p>
   </div>
   <div class='ocr_carea' id='block_1_81' title="bbox 2134 3612 3618 3686">
    <p class='ocr_par' dir='ltr' id='par_1_81' title="bbox 2134 3612 3618 3686">
     <span class='ocr_line' id='line_1_81' title="bbox 2134 3612 3618 3686; baseline -0.001 -19"><span class='ocrx_word' id='word_1_602' title='bbox 2134 3615 2218 3685; x_wconf 79' lang='grc' dir='ltr'><strong>μ).</strong></span> <span class='ocrx_word' id='word_1_603' title='bbox 2275 3612 2520 3686; x_wconf 73' lang='lat'><strong>554.]1’.</strong></span> <span class='ocrx_word' id='word_1_604' title='bbox 2579 3616 2701 3671; x_wconf 86' lang='grc'><strong>178.</strong></span> <span class='ocrx_word' id='word_1_605' title='bbox 2737 3616 2899 3670; x_wconf 82' lang='grc' dir='ltr'><em>Κατὰ</em></span> <span class='ocrx_word' id='word_1_606' title='bbox 2921 3614 3033 3681; x_wconf 78' lang='grc' dir='ltr'><strong>τὴν</strong></span> <span class='ocrx_word' id='word_1_607' title='bbox 3081 3616 3340 3683; x_wconf 79' lang='grc' dir='ltr'><strong>περαίαν</strong></span> <span class='ocrx_word' id='word_1_608' title='bbox 3363 3618 3475 3681; x_wconf 73' lang='grc' dir='ltr'><strong>τὴν</strong></span> <span class='ocrx_word' id='word_1_609' title='bbox 3522 3613 3618 3665; x_wconf 79' lang='grc' dir='ltr'><strong>δυ-</strong></span> 
     </span>
    </p>
   </div>
   <div class='ocr_carea' id='block_1_82' title="bbox 2062 3705 3616 3775">
    <p class='ocr_par' dir='ltr' id='par_1_82' title="bbox 2062 3705 3616 3775">
     <span class='ocr_line' id='line_1_82' title="bbox 2062 3705 3616 3775; baseline -0.005 -16"><span class='ocrx_word' id='word_1_610' title='bbox 2062 3706 2257 3770; x_wconf 77' lang='grc' dir='ltr'>τικήν.</span> <span class='ocrx_word' id='word_1_611' title='bbox 2308 3705 2572 3770; x_wconf 72' lang='lat' dir='ltr'><strong>liequirct</strong></span> <span class='ocrx_word' id='word_1_612' title='bbox 2619 3706 2883 3775; x_wconf 85' lang='lat' dir='ltr'><strong>quispiam</strong></span> <span class='ocrx_word' id='word_1_613' title='bbox 2933 3710 2989 3760; x_wconf 87' lang='lat' dir='ltr'><strong>in</strong></span> <span class='ocrx_word' id='word_1_614' title='bbox 3028 3707 3477 3773; x_wconf 82' lang='lat' dir='ltr'><strong>interpretatiOne</strong></span> <span class='ocrx_word' id='word_1_615' title='bbox 3512 3717 3616 3755; x_wconf 74' lang='lat' dir='ltr'><strong>utea</strong></span> 
     </span>
    </p>
   </div>
   <div class='ocr_carea' id='block_1_83' title="bbox 2062 3794 3643 3865">
    <p class='ocr_par' dir='ltr' id='par_1_83' title="bbox 2062 3794 3643 3865">
     <span class='ocr_line' id='line_1_83' title="bbox 2062 3794 3643 3865; baseline -0.003 -19"><span class='ocrx_word' id='word_1_616' title='bbox 2062 3797 2205 3863; x_wconf 85' lang='lat' dir='ltr'><strong>quod</strong></span> <span class='ocrx_word' id='word_1_617' title='bbox 2241 3796 2568 3863; x_wconf 74' lang='lat' dir='ltr'><strong>respondeat</strong></span> <span class='ocrx_word' id='word_1_618' title='bbox 2599 3797 2716 3850; x_wconf 91' lang='lat' dir='ltr'><strong>voci</strong></span> <span class='ocrx_word' id='word_1_619' title='bbox 2744 3795 2991 3865; x_wconf 79' lang='grc' dir='ltr'>δυτικήν.</span> <span class='ocrx_word' id='word_1_620' title='bbox 3029 3794 3344 3850; x_wconf 77' lang='lat' dir='ltr'><strong>Existimavi</strong></span> <span class='ocrx_word' id='word_1_621' title='bbox 3366 3812 3472 3858; x_wconf 86' lang='lat' dir='ltr'><strong>me,</strong></span> <span class='ocrx_word' id='word_1_622' title='bbox 3506 3807 3643 3846; x_wconf 79' lang='lat' dir='ltr'><strong>cum</strong></span> 
     </span>
    </p>
   </div>
   <div class='ocr_carea' id='block_1_84' title="bbox 2063 3884 3620 3956">
    <p class='ocr_par' dir='ltr' id='par_1_84' title="bbox 2063 3884 3620 3956">
     <span class='ocr_line' id='line_1_84' title="bbox 2063 3884 3620 3956; baseline -0.003 -18"><span class='ocrx_word' id='word_1_623' title='bbox 2063 3884 2312 3938; x_wconf 64' lang='lat' dir='ltr'><strong>(inlatam</strong></span> <span class='ocrx_word' id='word_1_624' title='bbox 2346 3885 2605 3949; x_wconf 80' lang='lat' dir='ltr'><strong>dicerem,</strong></span> <span class='ocrx_word' id='word_1_625' title='bbox 2629 3885 2764 3939; x_wconf 82' lang='lat' dir='ltr'><strong>duas</strong></span> <span class='ocrx_word' id='word_1_626' title='bbox 2788 3885 2905 3939; x_wconf 82' lang='lat' dir='ltr'><strong>illas</strong></span> <span class='ocrx_word' id='word_1_627' title='bbox 2930 3901 3091 3940; x_wconf 86' lang='lat' dir='ltr'><strong>voces</strong></span> <span class='ocrx_word' id='word_1_628' title='bbox 3128 3889 3370 3956; x_wconf 79' lang='grc' dir='ltr'>περαίαν</span> <span class='ocrx_word' id='word_1_629' title='bbox 3406 3897 3452 3939; x_wconf 87' lang='lat' dir='ltr'><strong>el</strong></span> <span class='ocrx_word' id='word_1_630' title='bbox 3483 3885 3620 3937; x_wconf 83' lang='grc' dir='ltr'>δυτι-</span> 
     </span>
    </p>
   </div>
   <div class='ocr_carea' id='block_1_85' title="bbox 2065 3975 3620 4046">
    <p class='ocr_par' dir='ltr' id='par_1_85' title="bbox 2065 3975 3620 4046">
     <span class='ocr_line' id='line_1_85' title="bbox 2065 3975 3620 4046; baseline 0.001 -19"><span class='ocrx_word' id='word_1_631' title='bbox 2065 3977 2190 4046; x_wconf 78' lang='grc' dir='ltr'>κήν,</span> <span class='ocrx_word' id='word_1_632' title='bbox 2224 3975 2381 4030; x_wconf 87' lang='lat' dir='ltr'><strong>unica</strong></span> <span class='ocrx_word' id='word_1_633' title='bbox 2409 3976 2497 4029; x_wconf 87' lang='lat' dir='ltr'><strong>illa</strong></span> <span class='ocrx_word' id='word_1_634' title='bbox 2527 3975 2819 4043; x_wconf 73' lang='lat' dir='ltr'><strong>ettplicare.</strong></span> <span class='ocrx_word' id='word_1_635' title='bbox 2850 3975 2975 4031; x_wconf 70' lang='lat' dir='ltr'><strong>Sive</strong></span> <span class='ocrx_word' id='word_1_636' title='bbox 3003 3979 3146 4031; x_wconf 81' lang='lat' dir='ltr'><strong>enim</strong></span> <span class='ocrx_word' id='word_1_637' title='bbox 3171 3979 3426 4033; x_wconf 83' lang='lat' dir='ltr'><strong>suburbia</strong></span> <span class='ocrx_word' id='word_1_638' title='bbox 3452 3988 3620 4029; x_wconf 85' lang='lat' dir='ltr'><strong>trans-</strong></span> 
     </span>
    </p>
   </div>
   <div class='ocr_carea' id='block_1_86' title="bbox 2067 4066 3618 4138">
    <p class='ocr_par' dir='ltr' id='par_1_86' title="bbox 2067 4066 3618 4138">
     <span class='ocr_line' id='line_1_86' title="bbox 2067 4066 3618 4138; baseline -0.002 -18"><span class='ocrx_word' id='word_1_639' title='bbox 2067 4068 2272 4120; x_wconf 85' lang='lat' dir='ltr'><strong>marina</strong></span> <span class='ocrx_word' id='word_1_640' title='bbox 2308 4066 2567 4136; x_wconf 81' lang='lat' dir='ltr'><strong>Byzantio</strong></span> <span class='ocrx_word' id='word_1_641' title='bbox 2588 4066 2747 4138; x_wconf 65' lang='grc'><strong>747</strong></span> <span class='ocrx_word' id='word_1_642' title='bbox 2771 4069 2875 4120; x_wconf 87' lang='lat' dir='ltr'><strong>duo</strong></span> <span class='ocrx_word' id='word_1_643' title='bbox 2896 4066 3066 4130; x_wconf 81' lang='lat' dir='ltr'><strong>fuere,</strong></span> <span class='ocrx_word' id='word_1_644' title='bbox 3093 4068 3324 4123; x_wconf 69' lang='lat' dir='ltr'><strong>alteaum</strong></span> <span class='ocrx_word' id='word_1_645' title='bbox 3352 4072 3415 4123; x_wconf 87' lang='lat' dir='ltr'><strong>ad</strong></span> <span class='ocrx_word' id='word_1_646' title='bbox 3438 4068 3618 4122; x_wconf 66' lang='lat' dir='ltr'><strong>Brtum</strong></span> 
     </span>
    </p>
   </div>
   <div class='ocr_carea' id='block_1_87' title="bbox 2064 4156 3617 4225">
    <p class='ocr_par' dir='ltr' id='par_1_87' title="bbox 2064 4156 3617 4225">
     <span class='ocr_line' id='line_1_87' title="bbox 2064 4156 3617 4225; baseline -0.001 -16"><span class='ocrx_word' id='word_1_647' title='bbox 2064 4170 2313 4225; x_wconf 77' lang='lat' dir='ltr'><strong>vergens,</strong></span> <span class='ocrx_word' id='word_1_648' title='bbox 2345 4158 2574 4209; x_wconf 84' lang='lat' dir='ltr'><strong>alterum</strong></span> <span class='ocrx_word' id='word_1_649' title='bbox 2615 4159 2682 4208; x_wconf 89' lang='lat' dir='ltr'><strong>ad</strong></span> <span class='ocrx_word' id='word_1_650' title='bbox 2721 4156 3022 4221; x_wconf 83' lang='lat' dir='ltr'><strong>Occasum,</strong></span> <span class='ocrx_word' id='word_1_651' title='bbox 3062 4174 3127 4213; x_wconf 80' lang='lat' dir='ltr'><strong>ex</strong></span> <span class='ocrx_word' id='word_1_652' title='bbox 3166 4160 3287 4214; x_wconf 90' lang='lat' dir='ltr'><strong>istis</strong></span> <span class='ocrx_word' id='word_1_653' title='bbox 3315 4162 3414 4215; x_wconf 86' lang='lat' dir='ltr'><strong>hoc</strong></span> <span class='ocrx_word' id='word_1_654' title='bbox 3458 4157 3617 4211; x_wconf 87' lang='lat' dir='ltr'><strong>solum</strong></span> 
     </span>
    </p>
   </div>
   <div class='ocr_carea' id='block_1_88' title="bbox 2065 4246 3616 4316">
    <p class='ocr_par' dir='ltr' id='par_1_88' title="bbox 2065 4246 3616 4316">
     <span class='ocr_line' id='line_1_88' title="bbox 2065 4246 3616 4316; baseline -0.003 -15"><span class='ocrx_word' id='word_1_655' title='bbox 2065 4247 2389 4310; x_wconf 87' lang='lat' dir='ltr'><strong>secundum,</strong></span> <span class='ocrx_word' id='word_1_656' title='bbox 2441 4247 2496 4299; x_wconf 91' lang='lat' dir='ltr'><strong>in</strong></span> <span class='ocrx_word' id='word_1_657' title='bbox 2533 4262 2641 4316; x_wconf 87' lang='lat' dir='ltr'><strong>quo</strong></span> <span class='ocrx_word' id='word_1_658' title='bbox 2674 4246 2993 4302; x_wconf 86' lang='lat' dir='ltr'><strong>Genuenses</strong></span> <span class='ocrx_word' id='word_1_659' title='bbox 3026 4250 3361 4316; x_wconf 88' lang='lat' dir='ltr'><strong>habitarunt,</strong></span> <span class='ocrx_word' id='word_1_660' title='bbox 3385 4249 3616 4306; x_wconf 79' lang='lat' dir='ltr'><strong>Galatatu</strong></span> 
     </span>
    </p>
   </div>
   <div class='ocr_carea' id='block_1_89' title="bbox 2067 4338 3619 4411">
    <p class='ocr_par' dir='ltr' id='par_1_89' title="bbox 2067 4338 3619 4411">
     <span class='ocr_line' id='line_1_89' title="bbox 2067 4338 3619 4411; baseline 0.001 -21"><span class='ocrx_word' id='word_1_661' title='bbox 2067 4339 2267 4392; x_wconf 83' lang='lat' dir='ltr'><strong>dictum</strong></span> <span class='ocrx_word' id='word_1_662' title='bbox 2322 4338 2571 4406; x_wconf 85' lang='lat' dir='ltr'><strong>reperio;</strong></span> <span class='ocrx_word' id='word_1_663' title='bbox 2606 4350 2660 4392; x_wconf 89' lang='lat' dir='ltr'><strong>et</strong></span> <span class='ocrx_word' id='word_1_664' title='bbox 2699 4339 2765 4392; x_wconf 89' lang='lat' dir='ltr'><strong>de</strong></span> <span class='ocrx_word' id='word_1_665' title='bbox 2808 4339 2911 4393; x_wconf 90' lang='lat' dir='ltr'><strong>hoc</strong></span> <span class='ocrx_word' id='word_1_666' title='bbox 2942 4342 3058 4394; x_wconf 87' lang='lat' dir='ltr'><strong>solo</strong></span> <span class='ocrx_word' id='word_1_667' title='bbox 3111 4355 3274 4411; x_wconf 88' lang='lat' dir='ltr'><strong>agere</strong></span> <span class='ocrx_word' id='word_1_668' title='bbox 3301 4342 3387 4397; x_wconf 92' lang='lat' dir='ltr'><strong>hic</strong></span> <span class='ocrx_word' id='word_1_669' title='bbox 3423 4339 3619 4407; x_wconf 81' lang='lat' dir='ltr'><strong>Pachy-</strong></span> 
     </span>
    </p>
   </div>
   <div class='ocr_carea' id='block_1_90' title="bbox 385 4426 3617 4503">
    <p class='ocr_par' dir='ltr' id='par_1_90' title="bbox 385 4426 3617 4503">
     <span class='ocr_line' id='line_1_90' title="bbox 385 4426 3617 4503; baseline -0.002 -11"><span class='ocrx_word' id='word_1_670' title='bbox 385 4436 482 4492; x_wconf 81' lang='lat' dir='ltr'><strong>hic</strong></span> <span class='ocrx_word' id='word_1_671' title='bbox 512 4437 806 4489; x_wconf 85' lang='lat' dir='ltr'><strong>indicatum</strong></span> <span class='ocrx_word' id='word_1_672' title='bbox 834 4434 990 4487; x_wconf 80' lang='lat' dir='ltr'><strong>Vecci</strong></span> <span class='ocrx_word' id='word_1_673' title='bbox 1020 4447 1179 4501; x_wconf 85' lang='lat' dir='ltr'><strong>opus.</strong></span> <span class='ocrx_word' id='word_1_674' title='bbox 1211 4433 1416 4487; x_wconf 82' lang='lat' dir='ltr'><strong>editum</strong></span> <span class='ocrx_word' id='word_1_675' title='bbox 1454 4443 1597 4487; x_wconf 91' lang='lat' dir='ltr'><strong>tomo</strong></span> <span class='ocrx_word' id='word_1_676' title='bbox 1627 4433 1669 4486; x_wconf 95' lang='lat' dir='ltr'><strong>ll</strong></span> <span class='ocrx_word' id='word_1_677' title='bbox 1699 4430 1962 4487; x_wconf 80' lang='lat' dir='ltr'><strong>Orthoao-</strong></span> <span class='ocrx_word' id='word_1_678' title='bbox 1987 4426 2040 4487; x_wconf 86' lang='lat' dir='ltr'>D</span> <span class='ocrx_word' id='word_1_679' title='bbox 2069 4429 2626 4503; x_wconf 44' lang='lat' dir='ltr'><strong>meremﬁxistitnm&#39;it</strong></span> <span class='ocrx_word' id='word_1_680' title='bbox 2648 4440 2774 4484; x_wconf 85' lang='lat' dir='ltr'><strong>ante</strong></span> <span class='ocrx_word' id='word_1_681' title='bbox 2794 4446 2881 4483; x_wconf 89' lang='lat' dir='ltr'><strong>tne</strong></span> <span class='ocrx_word' id='word_1_682' title='bbox 2910 4433 3292 4501; x_wconf 80' lang='lat' dir='ltr'><strong>paraphrastes</strong></span> <span class='ocrx_word' id='word_1_683' title='bbox 3318 4433 3617 4489; x_wconf 60' lang='lat' dir='ltr'><strong>Vaticanus,</strong></span> 
     </span>
    </p>
   </div>
   <div class='ocr_carea' id='block_1_91' title="bbox 381 4524 1960 4594">
    <p class='ocr_par' dir='ltr' id='par_1_91' title="bbox 381 4524 1960 4594">
     <span class='ocr_line' id='line_1_91' title="bbox 381 4524 1960 4594; baseline -0.004 -12"><span class='ocrx_word' id='word_1_684' title='bbox 381 4544 474 4583; x_wconf 71' lang='grc' dir='ltr'><strong>,τω</strong></span> <span class='ocrx_word' id='word_1_685' title='bbox 523 4526 743 4583; x_wconf 65' lang='lat' dir='ltr'><strong>Gracia</strong></span> <span class='ocrx_word' id='word_1_686' title='bbox 770 4540 799 4579; x_wconf 86' lang='lat' dir='ltr'><strong>a</strong></span> <span class='ocrx_word' id='word_1_687' title='bbox 831 4541 886 4594; x_wconf 91' lang='lat' dir='ltr'><strong>p.</strong></span> <span class='ocrx_word' id='word_1_688' title='bbox 916 4526 1022 4578; x_wconf 73' lang='lat'><strong>915</strong></span> <span class='ocrx_word' id='word_1_689' title='bbox 1049 4526 1113 4578; x_wconf 87' lang='lat' dir='ltr'><strong>ad</strong></span> <span class='ocrx_word' id='word_1_690' title='bbox 1145 4524 1273 4588; x_wconf 71' lang='lat'><strong>286,</strong></span> <span class='ocrx_word' id='word_1_691' title='bbox 1308 4525 1397 4578; x_wconf 92' lang='lat' dir='ltr'><strong>ubi</strong></span> <span class='ocrx_word' id='word_1_692' title='bbox 1428 4535 1618 4579; x_wconf 83' lang='lat' dir='ltr'><strong>auctor</strong></span> <span class='ocrx_word' id='word_1_693' title='bbox 1657 4526 1757 4579; x_wconf 89' lang='lat' dir='ltr'><strong>sub</strong></span> <span class='ocrx_word' id='word_1_694' title='bbox 1791 4525 1960 4593; x_wconf 86' lang='lat' dir='ltr'><strong>ipsum</strong></span> 
     </span>
    </p>
   </div>
   <div class='ocr_carea' id='block_1_92' title="bbox 386 4614 1966 4690">
    <p class='ocr_par' dir='ltr' id='par_1_92' title="bbox 386 4614 1966 4690">
     <span class='ocr_line' id='line_1_92' title="bbox 386 4614 1966 4690; baseline -0.004 -18"><span class='ocrx_word' id='word_1_695' title='bbox 386 4619 714 4690; x_wconf 82' lang='lat' dir='ltr'><strong>principium</strong></span> <span class='ocrx_word' id='word_1_696' title='bbox 756 4627 978 4686; x_wconf 85' lang='lat' dir='ltr'><strong>questus</strong></span> <span class='ocrx_word' id='word_1_697' title='bbox 1002 4617 1233 4687; x_wconf 89' lang='lat' dir='ltr'><strong>primum</strong></span> <span class='ocrx_word' id='word_1_698' title='bbox 1264 4617 1410 4670; x_wconf 86' lang='lat' dir='ltr'><strong>hunc</strong></span> <span class='ocrx_word' id='word_1_699' title='bbox 1429 4615 1685 4687; x_wconf 78' lang='lat' dir='ltr'><strong>Cyprium</strong></span> <span class='ocrx_word' id='word_1_700' title='bbox 1709 4614 1775 4668; x_wconf 90' lang='lat' dir='ltr'><strong>ad</strong></span> <span class='ocrx_word' id='word_1_701' title='bbox 1795 4614 1966 4668; x_wconf 86' lang='lat' dir='ltr'><strong>schis-</strong></span> 
     </span>
    </p>
   </div>
   <div class='ocr_carea' id='block_1_93' title="bbox 387 4698 1963 4774">
    <p class='ocr_par' dir='ltr' id='par_1_93' title="bbox 387 4698 1963 4774">
     <span class='ocr_line' id='line_1_93' title="bbox 387 4698 1963 4774; baseline -0.004 -11"><span class='ocrx_word' id='word_1_702' title='bbox 387 4724 478 4763; x_wconf 82' lang='lat' dir='ltr'><strong>ma</strong></span> <span class='ocrx_word' id='word_1_703' title='bbox 509 4708 818 4763; x_wconf 64' lang='lat' dir='ltr'><strong>Grecorum</strong></span> <span class='ocrx_word' id='word_1_704' title='bbox 843 4722 874 4761; x_wconf 89' lang='lat' dir='ltr'><strong>a</strong></span> <span class='ocrx_word' id='word_1_705' title='bbox 901 4707 1157 4761; x_wconf 85' lang='lat' dir='ltr'><strong>trecentis</strong></span> <span class='ocrx_word' id='word_1_706' title='bbox 1179 4707 1291 4774; x_wconf 87' lang='lat' dir='ltr'><strong>jam</strong></span> <span class='ocrx_word' id='word_1_707' title='bbox 1322 4698 1481 4760; x_wconf 85' lang='lat' dir='ltr'><strong>annis</strong></span> <span class='ocrx_word' id='word_1_708' title='bbox 1518 4706 1829 4760; x_wconf 86' lang='lat' dir='ltr'><strong>inchoatum</strong></span> <span class='ocrx_word' id='word_1_709' title='bbox 1861 4703 1963 4757; x_wconf 85' lang='lat' dir='ltr'><strong>isto</strong></span> 
     </span>
    </p>
   </div>
   <div class='ocr_carea' id='block_1_94' title="bbox 389 4798 1961 4871">
    <p class='ocr_par' dir='ltr' id='par_1_94' title="bbox 389 4798 1961 4871">
     <span class='ocr_line' id='line_1_94' title="bbox 389 4798 1961 4871; baseline -0.008 -13"><span class='ocrx_word' id='word_1_710' title='bbox 389 4800 562 4871; x_wconf 71' lang='lat' dir='ltr'><strong>Itnpio</strong></span> <span class='ocrx_word' id='word_1_711' title='bbox 590 4814 690 4855; x_wconf 89' lang='lat' dir='ltr'><strong>suo</strong></span> <span class='ocrx_word' id='word_1_712' title='bbox 724 4807 870 4852; x_wconf 82' lang='grc' dir='ltr'>ιοιιιο</span> <span class='ocrx_word' id='word_1_713' title='bbox 908 4798 1156 4852; x_wconf 67' lang='lat' dir='ltr'><strong>haeresim</strong></span> <span class='ocrx_word' id='word_1_714' title='bbox 1188 4798 1406 4860; x_wconf 87' lang='lat' dir='ltr'><strong>addere,</strong></span> <span class='ocrx_word' id='word_1_715' title='bbox 1436 4798 1489 4853; x_wconf 89' lang='lat' dir='ltr'><strong>in</strong></span> <span class='ocrx_word' id='word_1_716' title='bbox 1524 4800 1654 4851; x_wconf 89' lang='lat' dir='ltr'><strong>tanti</strong></span> <span class='ocrx_word' id='word_1_717' title='bbox 1686 4805 1961 4851; x_wconf 87' lang='lat' dir='ltr'><strong>auctorem</strong></span> 
     </span>
    </p>
   </div>
   <div class='ocr_carea' id='block_1_95' title="bbox 393 4890 1967 4961">
    <p class='ocr_par' dir='ltr' id='par_1_95' title="bbox 393 4890 1967 4961">
     <span class='ocr_line' id='line_1_95' title="bbox 393 4890 1967 4961; baseline -0.006 -14"><span class='ocrx_word' id='word_1_718' title='bbox 393 4894 518 4950; x_wconf 79' lang='lat' dir='ltr'><strong>mali</strong></span> <span class='ocrx_word' id='word_1_719' title='bbox 554 4891 637 4947; x_wconf 75' lang='lat' dir='ltr'><strong>fas</strong></span> <span class='ocrx_word' id='word_1_720' title='bbox 668 4902 860 4961; x_wconf 87' lang='lat' dir='ltr'><strong>putans</strong></span> <span class='ocrx_word' id='word_1_721' title='bbox 888 4890 980 4943; x_wconf 71' lang='lat' dir='ltr'><strong>irze</strong></span> <span class='ocrx_word' id='word_1_722' title='bbox 1026 4890 1209 4944; x_wconf 78' lang='lat' dir='ltr'><strong>libera:</strong></span> <span class='ocrx_word' id='word_1_723' title='bbox 1229 4890 1474 4945; x_wconf 89' lang='lat' dir='ltr'><strong>aculeum</strong></span> <span class='ocrx_word' id='word_1_724' title='bbox 1506 4903 1783 4952; x_wconf 81' lang='lat' dir='ltr'><strong>exserere,</strong></span> <span class='ocrx_word' id='word_1_725' title='bbox 1811 4895 1967 4939; x_wconf 82' lang='lat' dir='ltr'><strong>vocat</strong></span> 
     </span>
    </p>
   </div>
   <div class='ocr_carea' id='block_1_96' title="bbox 391 4978 1967 5052">
    <p class='ocr_par' dir='ltr' id='par_1_96' title="bbox 391 4978 1967 5052">
     <span class='ocr_line' id='line_1_96' title="bbox 391 4978 1967 5052; baseline -0.005 -13"><span class='ocrx_word' id='word_1_726' title='bbox 391 5000 519 5039; x_wconf 83' lang='lat' dir='ltr'><strong>eum</strong></span> <span class='ocrx_word' id='word_1_727' title='bbox 554 4996 609 5052; x_wconf 78' lang='grc' dir='ltr'><strong>ρ.</strong></span> <span class='ocrx_word' id='word_1_728' title='bbox 657 4982 763 5037; x_wconf 70' lang='grc'><strong>216</strong></span> <span class='ocrx_word' id='word_1_729' title='bbox 823 4983 991 5037; x_wconf 82' lang='grc' dir='ltr'>κακὸν</span> <span class='ocrx_word' id='word_1_730' title='bbox 1042 4981 1370 5043; x_wconf 81' lang='grc' dir='ltr'>διαπόντιον,</span> <span class='ocrx_word' id='word_1_731' title='bbox 1402 4981 1540 5050; x_wconf 81' lang='grc' dir='ltr'><strong>θῆρα</strong></span> <span class='ocrx_word' id='word_1_732' title='bbox 1575 4979 1877 5039; x_wconf 79' lang='grc' dir='ltr'>θαλάττιον,</span> <span class='ocrx_word' id='word_1_733' title='bbox 1907 4978 1967 5031; x_wconf 70' lang='grc' dir='ltr'><strong>ἆυ</strong></span> 
     </span>
    </p>
   </div>
   <div class='ocr_carea' id='block_1_97' title="bbox 389 5069 1964 5144">
    <p class='ocr_par' dir='ltr' id='par_1_97' title="bbox 389 5069 1964 5144">
     <span class='ocr_line' id='line_1_97' title="bbox 389 5069 1964 5144; baseline -0.003 -18"><span class='ocrx_word' id='word_1_734' title='bbox 389 5091 547 5144; x_wconf 79' lang='grc' dir='ltr'>γριον</span> <span class='ocrx_word' id='word_1_735' title='bbox 580 5075 742 5143; x_wconf 81' lang='grc' dir='ltr'><strong>κῆτος</strong></span> <span class='ocrx_word' id='word_1_736' title='bbox 770 5075 870 5143; x_wconf 77' lang='grc' dir='ltr'><strong>τῆς</strong></span> <span class='ocrx_word' id='word_1_737' title='bbox 901 5074 1129 5144; x_wconf 76' lang='grc' dir='ltr'><strong>Κύπρου</strong></span> <span class='ocrx_word' id='word_1_738' title='bbox 1160 5073 1473 5127; x_wconf 77' lang='grc' dir='ltr'>ὲπαναστὰν</span> <span class='ocrx_word' id='word_1_739' title='bbox 1517 5074 1627 5133; x_wconf 78' lang='grc' dir='ltr'>τοῖς</span> <span class='ocrx_word' id='word_1_740' title='bbox 1657 5069 1780 5122; x_wconf 74' lang='grc' dir='ltr'><strong>καθ’</strong></span> <span class='ocrx_word' id='word_1_741' title='bbox 1819 5070 1964 5137; x_wconf 77' lang='grc' dir='ltr'><strong>ἡμᾶς</strong></span> 
     </span>
    </p>
   </div>
   <div class='ocr_carea' id='block_1_98' title="bbox 390 5161 1964 5235">
    <p class='ocr_par' dir='ltr' id='par_1_98' title="bbox 390 5161 1964 5235">
     <span class='ocr_line' id='line_1_98' title="bbox 390 5161 1964 5235; baseline -0.003 -18"><span class='ocrx_word' id='word_1_742' title='bbox 390 5164 782 5234; x_wconf 76' lang='grc' dir='ltr'><strong>ὲνδεδημηκδς,</strong></span> <span class='ocrx_word' id='word_1_743' title='bbox 813 5165 912 5235; x_wconf 77' lang='grc' dir='ltr'>οὐχ</span> <span class='ocrx_word' id='word_1_744' title='bbox 945 5165 1034 5219; x_wconf 76' lang='grc' dir='ltr'>ἵνα</span> <span class='ocrx_word' id='word_1_745' title='bbox 1078 5166 1296 5235; x_wconf 78' lang='grc' dir='ltr'><strong>φυγάδα</strong></span> <span class='ocrx_word' id='word_1_746' title='bbox 1328 5166 1614 5235; x_wconf 76' lang='grc' dir='ltr'><strong>προφήτην</strong></span> <span class='ocrx_word' id='word_1_747' title='bbox 1641 5161 1964 5228; x_wconf 80' lang='grc' dir='ltr'><strong>ὑποδέξηται</strong></span> 
     </span>
    </p>
   </div>
   <div class='ocr_carea' id='block_1_99' title="bbox 392 5253 1969 5328">
    <p class='ocr_par' dir='ltr' id='par_1_99' title="bbox 392 5253 1969 5328">
     <span class='ocr_line' id='line_1_99' title="bbox 392 5253 1969 5328; baseline -0.006 -16"><span class='ocrx_word' id='word_1_748' title='bbox 392 5258 485 5312; x_wconf 75' lang='grc' dir='ltr'><strong>καὶ</strong></span> <span class='ocrx_word' id='word_1_749' title='bbox 507 5259 586 5319; x_wconf 78' lang='grc' dir='ltr'><strong>εἰς</strong></span> <span class='ocrx_word' id='word_1_750' title='bbox 608 5257 910 5328; x_wconf 79' lang='grc' dir='ltr'>ὑπηρεσίαν</span> <span class='ocrx_word' id='word_1_751' title='bbox 934 5256 1068 5312; x_wconf 76' lang='grc' dir='ltr'>Θεοῦ</span> <span class='ocrx_word' id='word_1_752' title='bbox 1091 5257 1450 5326; x_wconf 74' lang='grc' dir='ltr'>διασὼσηται,</span> <span class='ocrx_word' id='word_1_753' title='bbox 1475 5254 1591 5309; x_wconf 77' lang='grc' dir='ltr'><strong>ἀλλ’</strong></span> <span class='ocrx_word' id='word_1_754' title='bbox 1614 5254 1702 5308; x_wconf 74' lang='grc' dir='ltr'>ἵνα</span> <span class='ocrx_word' id='word_1_755' title='bbox 1741 5253 1969 5321; x_wconf 76' lang='grc' dir='ltr'><strong>Ἐκκλη-</strong></span> 
     </span>
    </p>
   </div>
   <div class='ocr_carea' id='block_1_100' title="bbox 395 5343 1965 5417">
    <p class='ocr_par' dir='ltr' id='par_1_100' title="bbox 395 5343 1965 5417">
     <span class='ocr_line' id='line_1_100' title="bbox 395 5343 1965 5417; baseline -0.001 -18"><span class='ocrx_word' id='word_1_756' title='bbox 395 5347 518 5400; x_wconf 77' lang='grc' dir='ltr'>σίαν</span> <span class='ocrx_word' id='word_1_757' title='bbox 546 5347 675 5416; x_wconf 82' lang='grc' dir='ltr'>ὅλην</span> <span class='ocrx_word' id='word_1_758' title='bbox 710 5348 981 5402; x_wconf 83' lang='grc' dir='ltr'>καταπιὸν</span> <span class='ocrx_word' id='word_1_759' title='bbox 1030 5347 1271 5416; x_wconf 78' lang='grc' dir='ltr'>ἄφαντον</span> <span class='ocrx_word' id='word_1_760' title='bbox 1304 5346 1714 5417; x_wconf 77' lang='grc' dir='ltr'>ἀπεργάσηται.</span> <span class='ocrx_word' id='word_1_761' title='bbox 1757 5343 1965 5401; x_wconf 81' lang='lat' dir='ltr'><strong>Malum</strong></span> 
     </span>
    </p>
   </div>
   <div class='ocr_carea' id='block_1_101' title="bbox 391 5438 1967 5509">
    <p class='ocr_par' dir='ltr' id='par_1_101' title="bbox 391 5438 1967 5509">
     <span class='ocr_line' id='line_1_101' title="bbox 391 5438 1967 5509; baseline -0.003 -16"><span class='ocrx_word' id='word_1_762' title='bbox 391 5449 553 5508; x_wconf 84' lang='lat' dir='ltr'><strong>ponto</strong></span> <span class='ocrx_word' id='word_1_763' title='bbox 581 5440 941 5509; x_wconf 81' lang='lat' dir='ltr'><strong>deportatum,</strong></span> <span class='ocrx_word' id='word_1_764' title='bbox 979 5439 1148 5508; x_wconf 79' lang='lat' dir='ltr'><strong>feram</strong></span> <span class='ocrx_word' id='word_1_765' title='bbox 1179 5438 1461 5504; x_wconf 78' lang='lat' dir='ltr'><strong>marinam,</strong></span> <span class='ocrx_word' id='word_1_766' title='bbox 1488 5439 1770 5492; x_wconf 80' lang='lat' dir='ltr'><strong>immanem</strong></span> <span class='ocrx_word' id='word_1_767' title='bbox 1796 5446 1967 5491; x_wconf 82' lang='lat' dir='ltr'><strong>cetum</strong></span> 
     </span>
    </p>
   </div>
   <div class='ocr_carea' id='block_1_102' title="bbox 392 5530 1966 5604">
    <p class='ocr_par' dir='ltr' id='par_1_102' title="bbox 392 5530 1966 5604">
     <span class='ocr_line' id='line_1_102' title="bbox 392 5530 1966 5604; baseline -0.004 -16"><span class='ocrx_word' id='word_1_768' title='bbox 392 5535 566 5603; x_wconf 78' lang='lat' dir='ltr'><strong>Cypro</strong></span> <span class='ocrx_word' id='word_1_769' title='bbox 581 5533 744 5604; x_wconf 62' lang='grc'><strong>746</strong></span> <span class='ocrx_word' id='word_1_770' title='bbox 757 5542 1112 5602; x_wconf 74' lang='lat' dir='ltr'><strong>erumpentem</strong></span> <span class='ocrx_word' id='word_1_771' title='bbox 1132 5541 1180 5586; x_wconf 82' lang='lat' dir='ltr'><strong>et</strong></span> <span class='ocrx_word' id='word_1_772' title='bbox 1200 5532 1300 5584; x_wconf 82' lang='lat' dir='ltr'><strong>huc</strong></span> <span class='ocrx_word' id='word_1_773' title='bbox 1317 5546 1524 5601; x_wconf 74' lang='lat' dir='ltr'><strong>peregre</strong></span> <span class='ocrx_word' id='word_1_774' title='bbox 1541 5530 1842 5598; x_wconf 76' lang='lat' dir='ltr'><strong>appulsttm,</strong></span> <span class='ocrx_word' id='word_1_775' title='bbox 1862 5545 1966 5582; x_wconf 87' lang='lat' dir='ltr'><strong>non</strong></span> 
     </span>
    </p>
   </div>
   <div class='ocr_carea' id='block_1_103' title="bbox 393 5622 1964 5696">
    <p class='ocr_par' dir='ltr' id='par_1_103' title="bbox 393 5622 1964 5696">
     <span class='ocr_line' id='line_1_103' title="bbox 393 5622 1964 5696; baseline -0.003 -19"><span class='ocrx_word' id='word_1_776' title='bbox 393 5637 451 5677; x_wconf 85' lang='lat' dir='ltr'><strong>ut</strong></span> <span class='ocrx_word' id='word_1_777' title='bbox 478 5626 757 5696; x_wconf 76' lang='lat' dir='ltr'><strong>fugitivum</strong></span> <span class='ocrx_word' id='word_1_778' title='bbox 795 5624 1099 5694; x_wconf 83' lang='lat' dir='ltr'><strong>prophetam</strong></span> <span class='ocrx_word' id='word_1_779' title='bbox 1121 5624 1189 5677; x_wconf 83' lang='lat' dir='ltr'><strong>ad</strong></span> <span class='ocrx_word' id='word_1_780' title='bbox 1216 5622 1312 5676; x_wconf 86' lang='lat' dir='ltr'><strong>Dei</strong></span> <span class='ocrx_word' id='word_1_781' title='bbox 1338 5623 1689 5682; x_wconf 78' lang='lat' dir='ltr'><strong>ministerium</strong></span> <span class='ocrx_word' id='word_1_782' title='bbox 1709 5629 1964 5683; x_wconf 76' lang='lat' dir='ltr'><strong>serraret,</strong></span> 
     </span>
    </p>
   </div>
   <div class='ocr_carea' id='block_1_104' title="bbox 393 5715 1967 5774">
    <p class='ocr_par' dir='ltr' id='par_1_104' title="bbox 393 5715 1967 5774">
     <span class='ocr_line' id='line_1_104' title="bbox 393 5715 1967 5774; baseline -0.004 -1"><span class='ocrx_word' id='word_1_783' title='bbox 393 5721 567 5774; x_wconf 71' lang='lat' dir='ltr'><strong>sedul</strong></span> <span class='ocrx_word' id='word_1_784' title='bbox 602 5717 886 5772; x_wconf 72' lang='lat' dir='ltr'><strong>Ecclesium</strong></span> <span class='ocrx_word' id='word_1_785' title='bbox 918 5717 1213 5771; x_wconf 76' lang='lat' dir='ltr'><strong>universam</strong></span> <span class='ocrx_word' id='word_1_786' title='bbox 1253 5716 1528 5771; x_wconf 73' lang='lat' dir='ltr'><strong>absorbens</strong></span> <span class='ocrx_word' id='word_1_787' title='bbox 1566 5715 1811 5771; x_wconf 72' lang='lat' dir='ltr'><strong>aboleret.</strong></span> <span class='ocrx_word' id='word_1_788' title='bbox 1841 5715 1967 5768; x_wconf 89' lang='lat' dir='ltr'><strong>lude</strong></span> 
     </span>
    </p>
   </div>
   <div class='ocr_carea' id='block_1_105' title="bbox 2063 4518 3617 4594">
    <p class='ocr_par' dir='ltr' id='par_1_105' title="bbox 2063 4518 3617 4594">
     <span class='ocr_line' id='line_1_105' title="bbox 2063 4518 3617 4594; baseline 0.005 -23"><span class='ocrx_word' id='word_1_789' title='bbox 2063 4535 2091 4571; x_wconf 85' lang='lat' dir='ltr'><strong>a</strong></span> <span class='ocrx_word' id='word_1_790' title='bbox 2119 4533 2228 4586; x_wconf 91' lang='lat' dir='ltr'><strong>quo</strong></span> <span class='ocrx_word' id='word_1_791' title='bbox 2258 4520 2345 4572; x_wconf 89' lang='lat' dir='ltr'><strong>hic</strong></span> <span class='ocrx_word' id='word_1_792' title='bbox 2391 4519 2543 4573; x_wconf 87' lang='lat' dir='ltr'><strong>locus</strong></span> <span class='ocrx_word' id='word_1_793' title='bbox 2589 4520 2669 4573; x_wconf 90' lang='lat' dir='ltr'><strong>sic</strong></span> <span class='ocrx_word' id='word_1_794' title='bbox 2700 4519 2921 4574; x_wconf 72' lang='lat' dir='ltr'><strong>cliertur</strong></span> <span class='ocrx_word' id='word_1_795' title='bbox 2958 4539 2971 4575; x_wconf 95' lang='lat'>:</span> <span class='ocrx_word' id='word_1_796' title='bbox 3008 4522 3167 4577; x_wconf 82' lang='grc' dir='ltr'><strong>Κατὰ</strong></span> <span class='ocrx_word' id='word_1_797' title='bbox 3194 4524 3494 4594; x_wconf 75' lang='grc' dir='ltr'>ἀντιπέραν</span> <span class='ocrx_word' id='word_1_798' title='bbox 3528 4518 3617 4586; x_wconf 81' lang='grc' dir='ltr'>τῆς</span> 
     </span>
    </p>
   </div>
   <div class='ocr_carea' id='block_1_106' title="bbox 2064 4610 3615 4682">
    <p class='ocr_par' dir='ltr' id='par_1_106' title="bbox 2064 4610 3615 4682">
     <span class='ocr_line' id='line_1_106' title="bbox 2064 4610 3615 4682; baseline 0 -21"><span class='ocrx_word' id='word_1_799' title='bbox 2064 4610 2278 4671; x_wconf 78' lang='grc' dir='ltr'><strong>πόλεως</strong></span> <span class='ocrx_word' id='word_1_800' title='bbox 2311 4612 2446 4679; x_wconf 79' lang='grc' dir='ltr'><strong>πρὸς</strong></span> <span class='ocrx_word' id='word_1_801' title='bbox 2479 4610 2554 4681; x_wconf 83' lang='grc' dir='ltr'>τῷ</span> <span class='ocrx_word' id='word_1_802' title='bbox 2583 4610 2799 4665; x_wconf 77' lang='grc' dir='ltr'>Γαλατᾶ</span> <span class='ocrx_word' id='word_1_803' title='bbox 2836 4614 3013 4682; x_wconf 85' lang='grc' dir='ltr'><strong>μέρει.</strong></span> <span class='ocrx_word' id='word_1_804' title='bbox 3046 4615 3171 4671; x_wconf 88' lang='lat' dir='ltr'><strong>Sive</strong></span> <span class='ocrx_word' id='word_1_805' title='bbox 3223 4618 3381 4671; x_wconf 88' lang='lat' dir='ltr'><strong>unius</strong></span> <span class='ocrx_word' id='word_1_806' title='bbox 3423 4621 3615 4667; x_wconf 80' lang='lat' dir='ltr'><strong>tantum</strong></span> 
     </span>
    </p>
   </div>
   <div class='ocr_carea' id='block_1_107' title="bbox 2064 4702 3613 4774">
    <p class='ocr_par' dir='ltr' id='par_1_107' title="bbox 2064 4702 3613 4774">
     <span class='ocr_line' id='line_1_107' title="bbox 2064 4702 3613 4774; baseline 0 -17"><span class='ocrx_word' id='word_1_807' title='bbox 2064 4702 2306 4757; x_wconf 82' lang='lat' dir='ltr'><strong>suburbii</strong></span> <span class='ocrx_word' id='word_1_808' title='bbox 2366 4704 2483 4756; x_wconf 64' lang='lat' dir='ltr'><strong>duae</strong></span> <span class='ocrx_word' id='word_1_809' title='bbox 2532 4703 2942 4774; x_wconf 81' lang='lat' dir='ltr'><strong>distinguuntur</strong></span> <span class='ocrx_word' id='word_1_810' title='bbox 2996 4717 3180 4774; x_wconf 81' lang='lat' dir='ltr'><strong>partes</strong></span> <span class='ocrx_word' id='word_1_811' title='bbox 3229 4704 3518 4773; x_wconf 71' lang='grc' dir='ltr'>ἀνατολικὴ</span> <span class='ocrx_word' id='word_1_812' title='bbox 3570 4710 3613 4752; x_wconf 73' lang='lat' dir='ltr'><strong>cl</strong></span> 
     </span>
    </p>
   </div>
   <div class='ocr_carea' id='block_1_108' title="bbox 2063 4796 3617 4868">
    <p class='ocr_par' dir='ltr' id='par_1_108' title="bbox 2063 4796 3617 4868">
     <span class='ocr_line' id='line_1_108' title="bbox 2063 4796 3617 4868; baseline 0.001 -18"><span class='ocrx_word' id='word_1_813' title='bbox 2063 4797 2292 4868; x_wconf 75' lang='grc' dir='ltr'>δοτική,</span> <span class='ocrx_word' id='word_1_814' title='bbox 2327 4812 2554 4866; x_wconf 84' lang='lat' dir='ltr'><strong>quarum</strong></span> <span class='ocrx_word' id='word_1_815' title='bbox 2590 4798 2731 4851; x_wconf 87' lang='lat' dir='ltr'><strong>hanc</strong></span> <span class='ocrx_word' id='word_1_816' title='bbox 2776 4796 2944 4850; x_wconf 81' lang='lat' dir='ltr'><strong>solam</strong></span> <span class='ocrx_word' id='word_1_817' title='bbox 2995 4798 3308 4853; x_wconf 87' lang='lat' dir='ltr'><strong>incendium</strong></span> <span class='ocrx_word' id='word_1_818' title='bbox 3354 4799 3617 4864; x_wconf 77' lang='lat' dir='ltr'><strong>corripue-</strong></span> 
     </span>
    </p>
   </div>
   <div class='ocr_carea' id='block_1_109' title="bbox 2066 4887 3615 4957">
    <p class='ocr_par' dir='ltr' id='par_1_109' title="bbox 2066 4887 3615 4957">
     <span class='ocr_line' id='line_1_109' title="bbox 2066 4887 3615 4957; baseline -0.001 -19"><span class='ocrx_word' id='word_1_819' title='bbox 2066 4888 2160 4951; x_wconf 89' lang='lat' dir='ltr'><strong>rit,</strong></span> <span class='ocrx_word' id='word_1_820' title='bbox 2215 4901 2279 4940; x_wconf 76' lang='lat' dir='ltr'><strong>ex</strong></span> <span class='ocrx_word' id='word_1_821' title='bbox 2313 4888 2501 4939; x_wconf 87' lang='lat' dir='ltr'><strong>eodem</strong></span> <span class='ocrx_word' id='word_1_822' title='bbox 2553 4887 2907 4956; x_wconf 86' lang='lat' dir='ltr'><strong>paraphraste</strong></span> <span class='ocrx_word' id='word_1_823' title='bbox 2953 4887 3196 4957; x_wconf 75' lang='lat' dir='ltr'><strong>intelligo</strong></span> <span class='ocrx_word' id='word_1_824' title='bbox 3234 4888 3500 4957; x_wconf 78' lang='lat' dir='ltr'><strong>prepriam</strong></span> <span class='ocrx_word' id='word_1_825' title='bbox 3526 4895 3615 4948; x_wconf 89' lang='lat' dir='ltr'><strong>ap-</strong></span> 
     </span>
    </p>
   </div>
   <div class='ocr_carea' id='block_1_110' title="bbox 2067 4976 3613 5049">
    <p class='ocr_par' dir='ltr' id='par_1_110' title="bbox 2067 4976 3613 5049">
     <span class='ocr_line' id='line_1_110' title="bbox 2067 4976 3613 5049; baseline -0.001 -23"><span class='ocrx_word' id='word_1_826' title='bbox 2067 4979 2410 5044; x_wconf 74' lang='lat' dir='ltr'><strong>pellationem</strong></span> <span class='ocrx_word' id='word_1_827' title='bbox 2461 4979 2620 5032; x_wconf 85' lang='lat' dir='ltr'><strong>istius</strong></span> <span class='ocrx_word' id='word_1_828' title='bbox 2655 4979 2887 5049; x_wconf 73' lang='grc' dir='ltr'><strong>περαῖας</strong></span> <span class='ocrx_word' id='word_1_829' title='bbox 2914 4978 3139 5049; x_wconf 78' lang='grc' dir='ltr'><strong>δυτικῆς</strong></span> <span class='ocrx_word' id='word_1_830' title='bbox 3168 4978 3414 5035; x_wconf 82' lang='lat' dir='ltr'><strong>Galatam</strong></span> <span class='ocrx_word' id='word_1_831' title='bbox 3439 4976 3613 5031; x_wconf 81' lang='lat' dir='ltr'><strong>fuisse.</strong></span> 
     </span>
    </p>
   </div>
   <div class='ocr_carea' id='block_1_111' title="bbox 2068 5070 3617 5142">
    <p class='ocr_par' dir='ltr' id='par_1_111' title="bbox 2068 5070 3617 5142">
     <span class='ocr_line' id='line_1_111' title="bbox 2068 5070 3617 5142; baseline -0.001 -18"><span class='ocrx_word' id='word_1_832' title='bbox 2068 5070 2181 5125; x_wconf 84' lang='lat' dir='ltr'><strong>Hoc</strong></span> <span class='ocrx_word' id='word_1_833' title='bbox 2236 5073 2522 5141; x_wconf 85' lang='lat' dir='ltr'><strong>sequebar.</strong></span> <span class='ocrx_word' id='word_1_834' title='bbox 2582 5070 2639 5126; x_wconf 92' lang='lat' dir='ltr'><strong>Si</strong></span> <span class='ocrx_word' id='word_1_835' title='bbox 2704 5087 2790 5127; x_wconf 83' lang='lat' dir='ltr'><strong>me</strong></span> <span class='ocrx_word' id='word_1_836' title='bbox 2848 5075 2989 5127; x_wconf 87' lang='lat' dir='ltr'><strong>ratio</strong></span> <span class='ocrx_word' id='word_1_837' title='bbox 3044 5074 3332 5140; x_wconf 75' lang='lat' dir='ltr'><strong>fefellerit,</strong></span> <span class='ocrx_word' id='word_1_838' title='bbox 3387 5072 3617 5142; x_wconf 77' lang='lat' dir='ltr'><strong>ignoscat</strong></span> 
     </span>
    </p>
   </div>
   <div class='ocr_carea' id='block_1_112' title="bbox 2068 5161 2612 5231">
    <p class='ocr_par' dir='ltr' id='par_1_112' title="bbox 2068 5161 2612 5231">
     <span class='ocr_line' id='line_1_112' title="bbox 2068 5161 2612 5231; baseline 0 -16"><span class='ocrx_word' id='word_1_839' title='bbox 2068 5161 2239 5216; x_wconf 82' lang='lat' dir='ltr'><strong>lector</strong></span> <span class='ocrx_word' id='word_1_840' title='bbox 2272 5172 2325 5216; x_wconf 89' lang='lat' dir='ltr'><strong>et</strong></span> <span class='ocrx_word' id='word_1_841' title='bbox 2354 5163 2612 5231; x_wconf 81' lang='lat' dir='ltr'><strong>corrigat.</strong></span> 
     </span>
    </p>
   </div>
   <div class='ocr_carea' id='block_1_113' title="bbox 2140 5246 3612 5329">
    <p class='ocr_par' dir='ltr' id='par_1_113' title="bbox 2140 5246 3612 5329">
     <span class='ocr_line' id='line_1_113' title="bbox 2140 5246 3612 5329; baseline -0.005 -23"><span class='ocrx_word' id='word_1_842' title='bbox 2140 5250 2199 5306; x_wconf 80' lang='grc' dir='ltr'><strong>Ρ.</strong></span> <span class='ocrx_word' id='word_1_843' title='bbox 2240 5252 2363 5308; x_wconf 89' lang='grc'><strong>186.</strong></span> <span class='ocrx_word' id='word_1_844' title='bbox 2418 5252 2824 5322; x_wconf 74' lang='grc' dir='ltr'>Ποιμαντικὴν</span> <span class='ocrx_word' id='word_1_845' title='bbox 2863 5256 3207 5329; x_wconf 74' lang='grc' dir='ltr'><strong>,βακτηρίαν</strong></span> <span class='ocrx_word' id='word_1_846' title='bbox 3251 5256 3449 5315; x_wconf 70' lang='grc' dir='ltr'><em>λαϐὼν</em></span> <span class='ocrx_word' id='word_1_847' title='bbox 3468 5246 3612 5318; x_wconf 72' lang='grc' dir='ltr'><strong>παρὰ</strong></span> 
     </span>
    </p>
   </div>
   <div class='ocr_carea' id='block_1_114' title="bbox 2068 5343 3610 5413">
    <p class='ocr_par' dir='ltr' id='par_1_114' title="bbox 2068 5343 3610 5413">
     <span class='ocr_line' id='line_1_114' title="bbox 2068 5343 3610 5413; baseline 0 -16"><span class='ocrx_word' id='word_1_848' title='bbox 2068 5343 2177 5398; x_wconf 83' lang='grc' dir='ltr'><strong>τοῦ</strong></span> <span class='ocrx_word' id='word_1_849' title='bbox 2205 5344 2589 5413; x_wconf 79' lang='grc' dir='ltr'><strong>κρατοῦντος.</strong></span> <span class='ocrx_word' id='word_1_850' title='bbox 2621 5346 2774 5400; x_wconf 83' lang='lat' dir='ltr'><strong>Hunc</strong></span> <span class='ocrx_word' id='word_1_851' title='bbox 2822 5363 3024 5402; x_wconf 78' lang='lat' dir='ltr'><strong>morem</strong></span> <span class='ocrx_word' id='word_1_852' title='bbox 3057 5350 3403 5406; x_wconf 83' lang='lat' dir='ltr'><strong>Orientalium</strong></span> <span class='ocrx_word' id='word_1_853' title='bbox 3452 5348 3610 5411; x_wconf 82' lang='lat' dir='ltr'><strong>impe-</strong></span> 
     </span>
    </p>
   </div>
   <div class='ocr_carea' id='block_1_115' title="bbox 2068 5432 3610 5512">
    <p class='ocr_par' dir='ltr' id='par_1_115' title="bbox 2068 5432 3610 5512">
     <span class='ocr_line' id='line_1_115' title="bbox 2068 5432 3610 5512; baseline -0.005 -21"><span class='ocrx_word' id='word_1_854' title='bbox 2068 5445 2309 5491; x_wconf 84' lang='lat' dir='ltr'><strong>ratorum</strong></span> <span class='ocrx_word' id='word_1_855' title='bbox 2362 5437 2563 5491; x_wconf 82' lang='lat' dir='ltr'><strong>imitari</strong></span> <span class='ocrx_word' id='word_1_856' title='bbox 2591 5437 2848 5497; x_wconf 84' lang='lat' dir='ltr'><strong>Germani</strong></span> <span class='ocrx_word' id='word_1_857' title='bbox 2913 5440 3223 5510; x_wconf 82' lang='lat' dir='ltr'><strong>voluerunt,</strong></span> <span class='ocrx_word' id='word_1_858' title='bbox 3247 5444 3436 5512; x_wconf 86' lang='lat' dir='ltr'><strong>quibus</strong></span> <span class='ocrx_word' id='word_1_859' title='bbox 3486 5432 3610 5489; x_wconf 80' lang='lat' dir='ltr'><strong>male</strong></span> 
     </span>
    </p>
   </div>
   <div class='ocr_carea' id='block_1_116' title="bbox 2070 5521 3607 5602">
    <p class='ocr_par' dir='ltr' id='par_1_116' title="bbox 2070 5521 3607 5602">
     <span class='ocr_line' id='line_1_116' title="bbox 2070 5521 3607 5602; baseline 0.003 -22"><span class='ocrx_word' id='word_1_860' title='bbox 2070 5543 2190 5580; x_wconf 84' lang='lat' dir='ltr'><strong>cum</strong></span> <span class='ocrx_word' id='word_1_861' title='bbox 2238 5526 2480 5581; x_wconf 76' lang='lat' dir='ltr'><strong>Romana</strong></span> <span class='ocrx_word' id='word_1_862' title='bbox 2520 5527 2758 5583; x_wconf 86' lang='lat' dir='ltr'><strong>Ecclesia</strong></span> <span class='ocrx_word' id='word_1_863' title='bbox 2812 5532 3084 5599; x_wconf 83' lang='lat' dir='ltr'><strong>convenit,</strong></span> <span class='ocrx_word' id='word_1_864' title='bbox 3128 5542 3431 5602; x_wconf 82' lang='lat' dir='ltr'><strong>arrogantes</strong></span> <span class='ocrx_word' id='word_1_865' title='bbox 3474 5536 3523 5579; x_wconf 77' lang='lat' dir='ltr'><strong>cl</strong></span> <span class='ocrx_word' id='word_1_866' title='bbox 3559 5521 3607 5574; x_wconf 72' lang='grc' dir='ltr'><strong>Μ</strong></span> 
     </span>
    </p>
   </div>
   <div class='ocr_carea' id='block_1_117' title="bbox 2070 5614 3607 5693">
    <p class='ocr_par' dir='ltr' id='par_1_117' title="bbox 2070 5614 3607 5693">
     <span class='ocr_line' id='line_1_117' title="bbox 2070 5614 3607 5693; baseline 0 -20"><span class='ocrx_word' id='word_1_867' title='bbox 2070 5622 2169 5673; x_wconf 79' lang='lat' dir='ltr'><strong>sibi</strong></span> <span class='ocrx_word' id='word_1_868' title='bbox 2202 5619 2291 5689; x_wconf 88' lang='lat' dir='ltr'><strong>jus</strong></span> <span class='ocrx_word' id='word_1_869' title='bbox 2325 5621 2648 5676; x_wconf 77' lang='lat' dir='ltr'><strong>investiendi</strong></span> <span class='ocrx_word' id='word_1_870' title='bbox 2693 5623 2974 5692; x_wconf 82' lang='lat' dir='ltr'><strong>episcopos</strong></span> <span class='ocrx_word' id='word_1_871' title='bbox 3029 5627 3312 5681; x_wconf 84' lang='lat' dir='ltr'><strong>traditione</strong></span> <span class='ocrx_word' id='word_1_872' title='bbox 3346 5614 3607 5693; x_wconf 66' lang='lat' dir='ltr'><strong>pastoralis</strong></span> 
     </span>
    </p>
   </div>
   <div class='ocr_carea' id='block_1_118' title="bbox 2071 5713 3605 5790">
    <p class='ocr_par' dir='ltr' id='par_1_118' title="bbox 2071 5713 3605 5790">
     <span class='ocr_line' id='line_1_118' title="bbox 2071 5713 3605 5790; baseline -0.003 -23"><span class='ocrx_word' id='word_1_873' title='bbox 2071 5714 2286 5778; x_wconf 81' lang='lat' dir='ltr'><strong>baculi;</strong></span> <span class='ocrx_word' id='word_1_874' title='bbox 2323 5713 2463 5781; x_wconf 84' lang='lat' dir='ltr'><strong>quod</strong></span> <span class='ocrx_word' id='word_1_875' title='bbox 2497 5716 2561 5769; x_wconf 86' lang='lat' dir='ltr'><strong>ab</strong></span> <span class='ocrx_word' id='word_1_876' title='bbox 2598 5715 2871 5772; x_wconf 70' lang='lat' dir='ltr'><strong>Hadriano</strong></span> <span class='ocrx_word' id='word_1_877' title='bbox 2933 5734 3069 5790; x_wconf 86' lang='lat' dir='ltr'><strong>papa</strong></span> <span class='ocrx_word' id='word_1_878' title='bbox 3113 5720 3279 5778; x_wconf 79' lang='lat' dir='ltr'><strong>fuisse</strong></span> <span class='ocrx_word' id='word_1_879' title='bbox 3316 5719 3605 5773; x_wconf 76' lang='lat' dir='ltr'><strong>concessum</strong></span> 
     </span>
    </p>
   </div>
  </div>
