4036 6388
316 304 422 363 809

1753 299 1990 363 NUTIE.

3452 302 3554 368 8l£

319 411 515 467 Carolo
540 411 753 482 Magno,
785 429 846 468 ac
871 425 1271 485 consequenter
1316 417 1480 486 ipsius
1514 427 1728 484 quoque
1757 427 1882 466 suc-
1913 418 1954 470 Α
1988 407 2272 477 utrobique
2299 410 2634 462 observatam
2664 408 2914 469 formam,
2949 419 3000 462 et
3039 409 3230 465 ambos
3260 411 3552 468 historicos

318 504 642 573 cessoribus,
693 505 1006 574 Sigebertns
1052 509 1296 577 regnanti
1329 519 1382 562 et
1420 524 1444 559 a
1472 508 1717 560 Romano
1751 518 1884 572 pon-

319 598 463 650 tiﬁce
513 598 755 658 discordi
808 598 1040 655 l-leurico
1089 611 1372 656 asseutans
1417 597 1699 662 confluxit,
1743 595 1884 652 haud

318 689 514 757 dignus
553 690 655 744 lide
683 691 799 745 sine
829 691 1117 760 antiqttiori
1148 701 1282 745 teste
1313 706 1424 744 rem
1453 689 1729 742 aliirmans
1774 694 1885 740 trc-

320 781 495 834 centis
545 780 694 849 prius
741 783 894 834 annis
940 792 1170 850 gestam,
1224 791 1284 835 ut
1313 779 1563 834 observat
1597 777 1884 838 Duronius,

322 885 412 922 an.
463 869 594 925 Chr.
651 870 778 925 774.
817 871 956 937 Quid
988 873 1057 926 sit
1095 872 1459 925 dibambulum
1501 871 1588 924 hic
1631 869 1886 922 continue

323 970 701 1027 memoratum,
737 963 856 1016 vide
892 963 944 1015 in
971 963 1272 1018 Glossario.

393 1049 454 1102 L.
489 1066 572 1112 tu,
609 1065 657 1104 c.
689 1051 740 1105 Ι.
779 1051 1041 1105 Narratur
1070 1052 1231 1106 simul
1273 1053 1570 1122 assumptio
1609 1051 1889 1108 Michaelis

322 1141 374 1194 in
419 1143 751 1196 consortium
813 1143 1046 1211 imperii,
1097 1144 1258 1198 simul
1310 1142 1548 1212 ejusdem
1607 1144 1888 1198 eorouatio

321 1233 610 1300 solemnis;
644 1251 778 1302 quas
808 1244 986 1290 tamen
1047 1237 1279 1292 diversis
1309 1238 1601 1307 contigisse
1637 1237 1889 1307 tempori-

326 1327 444 1388 bus,
479 1337 532 1379 et
555 1326 802 1381 haucilla
838 1337 948 1381 toto
981 1343 1125 1381 anno
1171 1328 1336 1383 fuisse
1373 1329 1752 1399 poswrioretn,
1797 1344 1888 1382 os-

325 1418 610 1472 tendemus
656 1419 689 1471 Ι.
727 1435 784 1473 Ill
837 1421 1031 1472 barum
1062 1419 1316 1483 0bserv.,
1357 1435 1406 1476 c.
1453 1421 1508 1474 5.
1541 1419 1697 1487 Quod
1743 1421 1888 1475 diem

324 1511 516 1564 attinet
542 1511 879 1565 caeremoniae
907 1511 1168 1566 delectam
1204 1510 1325 1566 Maii
1362 1512 1454 1577 Ἡ,
1490 1527 1552 1566 ea
1585 1513 1698 1580 ipsa
1729 1512 1891 1567 hodie

324 1602 376 1654 in
429 1601 581 1657 libris
613 1603 1002 1658 ecclesiasticis
1043 1603 1356 1659 Graecorum
1398 1605 1671 1660 memoriae
1730 1605 1892 1658 anni-

324 1696 578 1749 w-rsariaa
623 1697 803 1767 magni
831 1695 1178 1751 Constantini
1219 1707 1273 1752 et
1305 1698 1496 1751 matris
1539 1698 1658 1766 eius
1688 1695 1748 1752 S.
1781 1695 1890 1751 lle-

326 1787 459 1840 leme
492 1795 813 1842 consecrata
843 1788 1104 1843 cernitur.
1141 1788 1446 1858 Descriptio
1495 1790 1630 1843 ritus
1658 1803 1888 1844 corona-

325 1879 489 1932 tionis
532 1883 895 1948 Augustorum
939 1877 1322 1948 Orientalium,
1362 1897 1523 1950 quam
1564 1881 1652 1936 hic
1678 1879 1888 1952 Pachy-

328 1985 504 2022 tneres
540 1969 724 2037 paucis
775 1971 1106 2040 exsequitur,
1163 1973 1296 2026 satis
1329 1988 1562 2028 consona
1592 1974 1896 2042 reperietur

327 2061 550 2129 longiori
598 2075 628 2113 a
668 2059 1047 2115 Cantacuzeno
1098 2062 1259 2116 editae
1289 2076 1340 2115 c.
1371 2063 1456 2126 Η,
1494 2062 1528 2117 Ι.
1583 2078 1622 2127 ι,
1669 2062 1714 2117 si
1771 2064 1894 2131 quis

325 2163 614 2222 utramque
649 2153 966 2208 contulerit.
1007 2153 1181 2208 Unam
1239 2155 1524 2209 observavi
1577 2155 1895 2224 discrepan-

327 2243 483 2308 tiam,
520 2257 585 2297 ex
618 2257 722 2313 qua
755 2258 858 2296 non
911 2243 1338 2300 inverisimiliter
1377 2245 1508 2299 mibi
1534 2246 1722 2300 videor
1765 2261 1896 2301 con-

327 2336 545 2390 firmare
565 2335 932 2405 conjecturam
964 2336 1122 2391 modo
1143 2332 1434 2391 indicatam
1461 2337 1528 2391 de
1547 2337 1896 2392 distinctione

325 2426 623 2481 evectionis
652 2427 716 2479 ad
750 2413 1034 2494 imperium
1063 2437 1120 2481 et
1154 2427 1528 2483 coronationis
1559 2428 1612 2482 in
1659 2427 1762 2483 hoc
1807 2428 1896 2499 ju-

328 2516 466 2570 niori
508 2515 812 2582 Michaele;
849 2517 1078 2585 ideoque
1109 2516 1266 2570 istam
1328 2517 1689 2573 diﬂerentiam
1731 2533 1898 2588 expo-

327 2624 450 2662 nam
485 2609 811 2666 distinctius.
855 2608 1052 2664 Scribit
1091 2608 1192 2662 hoc
1223 2609 1340 2663 loco
1371 2609 1584 2664 laudato
1618 2609 1897 2666 'Cantacu-

329 2715 496 2756 zenns
531 2701 684 2755 ε’Τοῦ
715 2700 1001 2772 μέλλοντος
1037 2700 1434 2771 χρισθήσεσοαι
1483 2701 1753 2772 βασιλέως
1806 2705 1898 2756 ἐπὶ

329 2791 558 2855 ἀσπίδος
617 2792 1002 2860 καθεσθέντος,
1055 2794 1084 2846 ὁ
1118 2792 1374 2864 βασιλεὺς
1421 2795 1515 2846 καὶ
1574 2795 1756 2866 πατὴρ
1801 2795 1896 2848 τοῦ

326 2886 828 2957 ἀναγορευομένου,
861 2885 915 2940 εῐ
948 2903 1012 2954 γε
1036 2885 1302 2955 περίεστι,
1336 2886 1428 2938 καὶ
1460 2885 1488 2937 ὁ
1522 2887 1896 2957 πατριάρχης,

327 2978 440 3032 τῶν
466 2978 818 3051 ἐμπροσθίων
845 2978 1029 3049 μερῶν
1083 2977 1590 3048 ἐπιλαμϐανόμενοι
1616 2981 1714 3048 τῆς
1737 2980 1914 3056 ἀσπίέ

329 3073 439 3137 δος,
471 3072 578 3125 τῶν
602 3071 646 3124 δ’
679 3070 980 3124 ἐπιλοίπων
1005 3071 1052 3122 ol
1085 3071 1142 3124 ὲν
1172 3070 1482 3140 ἀξιώμασιν
1513 3070 1895 3140 ὑπερέχοντες,

329 3164 591 3218 δεσπόται
617 3181 675 3217 τε
706 3164 798 3216 καὶ
838 3163 1365 3232 σεϐαστοκράτορες,
1410 3163 1566 3232 εἴπερ
1594 3161 1754 3226 εἰσὶν,
1783 3163 1816 3233 ἢ
1855 3165 1903 3216 οἱ

329 3253 753 3322 ἐπιφανέστατοι
788 3252 1020 3321 μάλιστα
1052 3251 1160 3304 τῶν
1193 3252 1599 3320 συγκλητικῶν,
1647 3254 1741 3304 καὶ
1773 3271 1904 3322 μετ.

329 3346 658 3412 εωρίσαντες
699 3343 774 3406 ὡς
819 3343 896 3395 ἔνι
938 3343 1172 3412 μάλιστα.
1221 3343 1385 3396 αὐτὸν
1421 3344 1534 3410 ἅμα
1588 3346 1654 3414 τῇ
1693 3345 1901 3409 ἀσπίδι,

329 3439 442 3492 τοῖς
473 3437 737 3506 πλήθεσιν
775 3435 1183 3487 ἐπιδεικνύουσι
1237 3434 1328 3486 τὸν
1359 3433 1584 3503 βασιλέα
1634 3433 1902 3488 πάντοθεν

329 3529 796 3597 περιισταμένοις.
857 3525 971 3579 Hoc
1019 3533 1102 3579 est
1149 3541 1164 3580 :
1203 3523 1532 3591 Iitiperatore
1604 3527 1903 3596 inungendo

329 3631 490 3682 super
521 3625 728 3669 scutum
771 3613 1097 3679 considente,
1135 3616 1422 3682 imperator
1457 3626 1606 3679 pater
1641 3617 1776 3682 eius,
1814 3619 1904 3687 qui

332 3709 686 3776 acclamatur,
734 3712 778 3763 si
807 3710 1018 3777 quidem
1067 3719 1320 3775 superest,
1350 3713 1412 3763 'et
1444 3711 1772 3778 patriarcha,
1809 3711 1917 3765 an?

329 3804 614 3858 terioribus
644 3803 780 3856 scuti
809 3803 1045 3871 partibus
1087 3805 1362 3870 correptis,
1393 3804 1625 3872 reliquas
1668 3821 1786 3858 vero
1827 3814 1905 3859 te-

330 3894 576 3948 nentibus
629 3893 1029 3964 magistratibus
1090 3895 1386 3963 primariis,
1449 3911 1628 3962 nempe
1677 3897 1905 3966 despotis

330 3996 383 4039 et
433 3985 962 4050 sebastorratoribus,
1019 3985 1065 4037 si
1109 3985 1327 4044 adsunt,
1374 3995 1464 4037 aut
1521 3985 1904 4040 illustrissimis

326 4079 620 4149 quibusque
651 4075 816 4148 748
846 4077 1073 4130 maxime
1103 4075 1166 4147 [P
1203 4075 1330 4147 5'55]
1365 4078 1780 4140 senatoriorum,
1817 4078 1905 4146 ip-

328 4186 451 4223 sum
482 4186 588 4223 una
621 4185 740 4222 cum
787 4177 933 4221 scuto
959 4178 1217 4238 quantum
1245 4169 1502 4222 altissime
1543 4178 1765 4238 possunt
1803 4170 1907 4222 ele-

329 4273 509 4314 vantes
550 4260 978 4330 inaugurandum
1020 4260 1393 4327 imperatorem
1425 4261 1764 4329 circumfusa:
1808 4278 1908 4314 un-

331 4353 490 4421 dique
529 4351 860 4404 multitudini
896 4360 1186 4407 ostentant.
1238 4349 1316 4403 lta
1353 4350 1795 4406 Cantacttzenus.
1840 4356 1910 4406 At

1984 503 2128 570 quod
2160 501 2392 554 viderint
2454 501 2558 555 fide
2583 502 2782 568 optima
2829 517 3104 557 narrasse.
3157 503 3388 559 Tantum
3437 508 3555 562 ani-

1988 593 2459 659 madvertendam,
2487 594 2623 649 duas
2654 594 2962 652 functiones
2988 612 3091 649 una
3115 607 3169 650 et
3196 599 3280 652 die
3311 605 3365 654 et
3394 615 3553 669 opera

1987 684 2040 736 in
2093 685 2406 740 Andronico
2457 685 2681 741 Juniore
2729 688 3020 754 exercitas,
3067 692 3453 761 assumptiouis
3503 693 3558 748 in

1989 776 2274 844 imperium
2327 787 2382 831 et
2428 781 2813 840 coronatiOuis,
2855 781 2909 834 in
2943 781 3202 836 Michaele
3243 783 3385 838 dicta
3437 787 3561 854 qui-

1991 866 2112 920 dem
2146 867 2230 922 die
2261 867 2380 922 Maii
2410 869 2473 922 2!
2507 871 2730 925 alteram
2761 874 3041 940 duntaxat,
3087 891 3280 945 nempe
3325 892 3559 932 corona-

1992 959 2211 1033 tionem,
2242 975 2364 1014 cum
2391 961 2503 1030 jam
2529 965 2826 1034 assumptio
2857 981 2997 1020 anno
3030 969 3301 1037 superiori
3331 985 3562 1038 pra-ces-

1991 1051 2191 1116 sisset;
2247 1053 2298 1106 id
2328 1054 2469 1116 quod
2499 1054 2751 1110 distincte
2795 1055 3012 1126 quidem
3046 1056 3136 1114 hic
3166 1075 3270 1114 non
3303 1062 3563 1131 exprimit

1993 1143 2374 1212 Pachymeres,
2424 1146 2551 1200 alibi
2585 1155 2764 1203 tamen
2811 1149 3070 1216 insinuat,
3113 1151 3198 1207 vcl
3230 1152 3281 1206 in
3319 1153 3471 1208 titulo
3505 1170 3557 1208 c.

1989 1232 2046 1297 4,
2077 1234 2113 1288 1.
2150 1251 2230 1301 ut,
2267 1238 2353 1290 ubi
2387 1237 2698 1294 Micliaelem
2738 1241 2848 1311 jam
2884 1252 2996 1297 tttm
3033 1247 3248 1313 quando
3277 1262 3470 1313 sp0ttsa
3508 1251 3559 1304 ei

1991 1326 2160 1393 qnmr't
2193 1337 2278 1380 est
2310 1338 2483 1397 empta
2521 1333 2683 1400 (quod
2719 1332 2874 1402 longe
2902 1344 3027 1389 ante
3061 1337 3161 1392 hoc
3196 1347 3404 1408 tempus
3435 1356 3565 1396 con-

1995 1417 2134 1488 tigit)
2186 1416 2484 1489 Augustum
2517 1419 2794 1476 Juniorem
2851 1437 3030 1491 vocat,
3076 1427 3159 1482 vel
3197 1443 3245 1483 c.
3288 1431 3346 1496 1,
3392 1429 3428 1484 l.
3463 1445 3559 1496 vn,

1993 1510 2083 1564 ubi
2120 1509 2414 1566 Andronici
2445 1528 2645 1567 annum
2681 1515 3001 1570 vicesimum
3052 1519 3274 1573 tertium
3306 1537 3430 1576 cum
3458 1521 3558 1598 1ςί-

1995 1600 2198 1655 chaelis
2229 1601 2552 1662 duodecimo
2596 1607 2936 1663 concurrisse
2963 1608 3059 1674 ait,
3094 1621 3252 1678 prout
3315 1613 3440 1666 alibi
3483 1612 3565 1667 fu-

1995 1689 2108 1743 sius
2153 1690 2564 1760 explicabimus,
2608 1679 2832 1750 Observ.
2871 1697 2906 1750 Ι.
2957 1713 3040 1765 nt,
3070 1713 3117 1753 ο.
3157 1700 3211 1754 5.
3242 1698 3356 1754 Νοη
3394 1700 3565 1757 fuisse

1998 1789 2174 1836 autem
2204 1783 2308 1838 rite
2343 1797 2674 1854 assumptum
2720 1790 2786 1843 ab
2835 1790 3145 1848 Andronico
3187 1807 3285 1849 avo
3336 1793 3388 1848 in
3432 1811 3563 1852 con-

1998 1875 2224 1928 sortium
2257 1877 2469 1946 imperii
2494 1880 2864 1937 Andronicum
2894 1883 3196 1950 .luniorem,
3225 1887 3321 1941 sed
3351 1895 3556 1941 tantum

1999 1964 2369 2033 designatione
2401 1969 2586 2033 tacita,
2612 1970 2749 2046 .dum
2779 1971 2910 2026 vixit
2945 1973 3062 2042 ejus
3111 1982 3265 2045 pater
3308 1975 3558 2042 Michael,

1997 2067 2051 2110 ut
2095 2059 2361 2113 hmredem
2417 2060 2625 2128 imperii
2660 2077 2686 2115 a
2717 2064 2916 2132 populo
2960 2067 3278 2131 reveritum,
3325 2083 3433 2124 non
3467 2069 3566 2124 ob-

1998 2147 2158 2202 scure
2186 2163 2246 2203 se
2270 2149 2590 2204 arbitratum
2623 2151 2801 2207 innuit
2829 2154 3173 2212 Andronicus
3213 2159 3324 2230 ipse
3358 2164 3564 2228 senior,

1999 2237 2150 2303 dum,
2195 2249 2357 2310 prout
2397 2250 2581 2294 narrat
2611 2242 3040 2313 Cantacuzenus,
3106 2249 3142 2306 Ι.
3182 2267 3223 2318 ι,
3257 2268 3305 2307 c.
3338 2254 3394 2319 2,
3427 2271 3572 2310 mor-

2001 2337 2094 2382 tuo
2135 2329 2396 2400 Michaele
2434 2331 2734 2390 Andronici
2795 2336 3033 2394 Junioris
3062 2349 3251 2409 patre,
3301 2345 3468 2400 vetuit
3503 2362 3571 2401 ne

1994 2420 2269 2489 juraretur
2321 2425 2662 2494 deincepstin
2705 2428 2866 2500 hujus
2892 2447 3108 2497 nomen,
3150 2434 3308 2488 talem
3338 2437 3385 2490 ei
3416 2446 3570 2508 patre

1999 2515 2124 2568 vivo
2163 2513 2403 2570 habitum
2449 2517 2708 2573 honorem
2750 2521 3002 2576 videlicet
3059 2525 3398 2593 existimans,
3458 2546 3567 2585 noti

2003 2616 2064 2661 ut
2089 2607 2200 2676 jam
2240 2607 2502 2677 Augusto,
2534 2612 2626 2665 sed
2663 2620 2866 2664 tantum
2898 2623 2956 2666 ut
2984 2613 3210 2684 Augusti
3251 2619 3381 2685 lilio,
3407 2637 3569 2690 quam

2001 2698 2409 2766 appellationem
2445 2701 2618 2769 patris
2655 2711 2829 2756 morte
2862 2705 3210 2772 perdidisset.
3247 2710 3426 2780 Atque
3455 2712 3572 2766 lucc

2005 2789 2197 2858 primae
2230 2805 2388 2861 avum
2424 2791 2568 2845 inter
2595 2802 2646 2846 et
2674 2801 2921 2863 nepotem
2953 2795 3241 2854 discordiae
3290 2815 3449 2856 causa
3480 2819 3577 2857 ex-

2003 2881 2165 2946 stitit,
2196 2896 2300 2950 qua
2336 2883 2568 2952 denique
2599 2886 2898 2952 composita
2927 2887 3086 2942 simul
3117 2903 3428 2959 assumptus
3482 2909 3573 2947 so-

2004 2973 2256 3031 lemniter
2293 2975 2345 3028 in
2399 2974 2660 3045 collegam
2697 2977 2908 3046 imperii
2952 2980 3112 3035 simul
3167 2996 3456 3041 coronatus
3484 2987 3580 3040 Ju—

2006 3063 2131 3117 nior
2157 3064 2498 3120 Andronicus
2544 3076 2646 3132 est,
2682 3068 2822 3136 quod
2860 3083 2888 3121 a
2920 3067 3322 3140 Cantacuzeno,
3377 3075 3415 3131 Ι.
3449 3095 3486 3144 t,
3523 3094 3576 3134 c.

2010 3153 2100 3217 41,
2141 3153 2397 3210 refertur.
2431 3155 2600 3226 quue
2649 3169 3032 3226 praestructum
3060 3201 3076 3227 ,
3133 3163 3415 3236 utriusque
3464 3167 3576 3236 jam

2010 3247 2299 3300 concordis
2333 3248 2564 3302 consilio
2599 3248 2845 3304 innititur
2881 3251 2947 3306 ad
2997 3263 3320 3322 apparatum
3363 3259 3580 3327 nuptia-

2010 3353 2149 3402 rum,
2197 3352 2333 3406 qnas
2371 3339 2561 3396 Iunior
2589 3340 2964 3398 celebraturus
3027 3354 3293 3401 eratcum
3331 3347 3439 3402 lilia
3487 3365 3583 3406 co-

2010 3428 2153 3483 mitis
2186 3427 2492 3497 Sabandite,
2531 3446 2692 3500 quam
2723 3433 2844 3488 ideo
2883 3434 3056 3490 frater
3081 3435 3198 3503 elus
3227 3438 3402 3508 (pater
3431 3441 3578 3494 enim

2009 3519 2248 3587 obierat)
2281 3519 2371 3573 tibi
2410 3522 2520 3576 rite
2545 3521 2856 3578 Andronico
2910 3525 3119 3582 Juniori
3163 3527 3294 3594 iam,
3350 3539 3411 3584 ut
3451 3547 3479 3585 a
3516 3531 3586 3585 lo-

2010 3611 2148 3679 gatis
2176 3611 2454 3675 audiebat,
2505 3614 2818 3682 imperatori
2879 3616 3202 3688 inaugurato
3267 3607 3578 3691 despondit,

2013 3719 2118 3756 non
2153 3705 2226 3758 uti
2259 3715 2420 3759 antea
2447 3707 2602 3776 quasi
2637 3692 2881 3764 sororem
2919 3721 3046 3764 ttatu
3079 3713 3344 3769 minorem
3376 3724 3431 3769 et
3479 3717 3579 3770 sibi

2009 3799 2280 3854 subditam
2315 3803 2587 3869 tractavit,
2613 3804 2706 3858 sed
2737 3805 2784 3859 ei
2838 3806 3094 3874 deinceps
3137 3808 3280 3863 ultro
3326 3811 3582 3876 decessit,

2009 3888 2111 3942 sibi
2166 3890 2501 3956 superiorem
2557 3892 2701 3946 illam
2753 3909 3055 3963 agnoscens
3093 3907 3147 3952 et
3173 3898 3443 3953 dominam
3483 3917 3583 3970 ap-

2011 3978 2247 4047 pellans.
2282 3979 2360 4033 Ita
2401 3981 2603 4035 diserte
2645 3994 2908 4038 memorat
2941 3986 3371 4048 Cantacuzcuns.
3407 4005 3456 4044 c.
3489 3991 3582 4056 40,
3611 3983 3630 4002 ⁸

2011 4085 2140 4124 sane
2171 4079 2295 4125 ante
2323 4071 2424 4124 hoc
2467 4080 2678 4140 tempus
2716 4075 2934 4130 nomine
2967 4076 3249 4130 dumtaxat
3307 4079 3474 4150 749
3507 4091 3586 4136 te-

2012 4177 2114 4214 nus
2150 4177 2212 4216 ac
2255 4162 2694 4230 praesumptione,
2745 4165 2882 4218 citra
2943 4167 3107 4220 ullam
3153 4167 3406 4236 legitimis
3446 4173 3588 4225 celo...

2013 4251 2221 4306 bratam
2252 4253 2441 4306 ritibus
2482 4257 2928 4321 assttmptionem,
2962 4257 3130 4313 fuisse
3175 4259 3434 4316 tributam
3470 4263 3585 4316 An-

2013 4342 2238 4397 dronico
2270 4341 2483 4398 Juniori
2521 4345 2932 4413 appellationem
2985 4348 3356 4419 imperatoris,
3401 4363 3456 4407 et
3487 4355 3586 4408 Se-

336 4455 526 4499 ηοειθι-
571 4444 625 4498 in
665 4443 967 4498 elevations;
1019 4444 1158 4495 sculi
1189 4441 1388 4496 nullam
1433 4444 1780 4512 imperaloris
1820 4458 1905 4497 sa-
1933 4453 1986 4513 Ι)
2015 4434 2135 4486 nior
2175 4433 2517 4490 Andronicus
2559 4435 2900 4492 demonstrat
2932 4440 3084 4504 dum,
3137 4440 3402 4497 referente
3443 4444 3586 4498 Catt-

337 4539 509 4592 nioris
551 4552 771 4608 Operam
815 4541 1099 4595 memorat,
1149 4543 1436 4605 totumque
1487 4535 1541 4589 id
1601 4535 1804 4589 factum
1853 4536 1907 4588 itt

335 4632 568 4685 solidum
610 4629 836 4682 ascribit
885 4629 1002 4686 τοῖς
1055 4628 1115 4679 ἐν
1148 4627 1292 4679 τέλει
1334 4627 1758 4695 magistratibus,
1803 4641 1908 4680 non

334 4722 666 4783 omissuros,
689 4729 748 4774 ut
765 4726 1013 4788 apparet,
1036 4718 1334 4772 Andronici
1357 4719 1526 4787 patris
1558 4718 1910 4784 mentione-tn,

336 4816 384 4870 si
434 4829 538 4882 qua
583 4813 634 4865 in
665 4811 763 4864 ista
799 4809 1074 4864 functione
1097 4824 1222 4877 pars
1257 4811 1371 4874 ejus
1405 4809 1702 4862 exstitisset
1729 4827 1743 4874 ;
1772 4810 1915 4863 sicut

337 4907 500 4976 paulo
547 4905 688 4960 infra
727 4905 851 4958 dum
894 4900 1139 4955 meminit
1169 4901 1434 4969 impositze
1476 4900 1637 4969 capiti
1673 4899 1915 4954 Michae-

341 5001 409 5053 lis
443 5006 560 5066 post
613 4995 986 5049 inunctionem
1035 5005 1271 5056 coronae,
1344 4991 1603 5044 distincte
1651 4991 1914 5046 admonet

341 5100 554 5155 palt't'llt
597 5085 715 5153 ejus
775 5084 1044 5137 seniorem
1115 5079 1414 5149 Angustum
1467 5095 1758 5133 coronasse
1803 5081 1916 5148 jam

341 5184 626 5236 inunctnm
662 5177 999 5232 Michaelctn,
1031 5171 1316 5236 adiuvante
1350 5171 1657 5238 patriarcha
1682 5210 1694 5232 ,
1732 5187 1793 5222 ac
1830 5185 1922 5223 co-

345 5287 493 5324 rona:
521 5273 644 5322 dum
676 5267 966 5335 imponitur
996 5271 1200 5332 partem
1231 5273 1453 5316 tenente.
1484 5260 1622 5326 Quid
1654 5261 1740 5314 ltic
1771 5264 1922 5315 dice-

348 5363 520 5417 mus?
553 5378 619 5413 an
659 5357 1000 5429 negligentia:
1035 5354 1329 5407 taxandutn
1359 5351 1750 5420 Pacbymerem
1780 5351 1802 5403 ?
1850 5366 1920 5407 an

346 5453 697 5526 exquisitiori
731 5447 1060 5505 caeremonias
1097 5461 1253 5501 usum
1282 5446 1334 5498 in
1372 5444 1684 5498 Andronico
1719 5457 1922 5514 nepote

336 5536 727 5616 inaugurando
749 5541 1120 5597 Andronicum
1149 5552 1308 5589 avum
1339 5550 1500 5604 quam
1526 5545 1734 5604 patrem
1764 5554 1922 5590 cutu-

351 5647 473 5699 dem
512 5643 564 5696 in
599 5637 858 5694 Michaele
889 5635 1002 5688 lilio
1050 5633 1206 5700 longe
1238 5628 1563 5684 charissima
1587 5627 1612 5678 ἲ
1640 5627 1784 5681 Nihil
1830 5630 1927 5683 ho-

355 5752 474 5793 rum
527 5731 819 5787 verisimile
869 5724 1170 5796 putaverint
1202 5739 1215 5775 :
1248 5719 1344 5774 sed
1379 5721 1632 5775 existimo
1663 5730 1715 5776 et
1761 5737 1922 5776 unam

595 5829 866 5888 PA'I‘ROL.
906 5826 1021 5884 Gn.
1054 5818 1329 5881 CXLIV.

2016 4534 2295 4591 tacuzenc,
2334 4525 2372 4580 l.
2407 4541 2447 4593 t,
2480 4543 2530 4582 c.
2581 4529 2636 4593 9,
2665 4530 3040 4584 Andronicum
3064 4547 3185 4586 eum
3225 4533 3583 4604 Palaaologum

2013 4618 2338 4685 simpliciter
2360 4627 2514 4673 vocat
2543 4609 2595 4674 et
2621 4631 2681 4674 ut
2710 4621 3014 4690 principem
3049 4625 3266 4690 agnosci
3293 4627 3540 4694 prohibet
3566 4643 3583 4692 ;

2014 4718 2070 4762 et
2107 4707 2224 4777 ipse
2299 4709 2456 4764 fateri
2514 4710 2733 4765 videtur
2781 4715 3129 4769 Andronicus
3197 4713 3407 4781 Junior,
3459 4720 3582 4772 dum

2013 4803 2204 4856 eodem
2247 4803 2402 4864 libro,
2431 4817 2482 4859 c.
2514 4784 2606 4869 23,
2641 4805 2776 4872 petit
2809 4805 2876 4857 ab
2911 4821 3012 4858 avo
3037 4806 3247 4859 admitti
3278 4821 3337 4860 se
3380 4807 3430 4860 in
3459 4824 3590 4858 ροη-

2017 4897 2250 4951 sortium
2300 4896 2513 4964 imperii
2547 4912 2668 4951 cum
2695 4896 2818 4966 jure
2850 4899 3234 4952 successionis.
3276 4899 3442 4954 Recte
3491 4901 3591 4968 igi-

2019 4998 2106 5041 tur
2133 5002 2255 5041 cum
2281 4986 2442 5040 simul
2482 4994 2815 5054 assumptus,
2846 4987 3004 5040 simul
3041 4987 3297 5043 inunctus
3344 5004 3409 5044 ac
3432 4974 3593 5045 coro-

2023 5087 2181 5132 natus
2230 5077 2572 5132 Andronicus
2607 5075 2800 5130 Junior
2839 5077 2959 5144 fuit,
3001 5081 3143 5149 quod
3169 5092 3357 5134 narrat
3385 5081 3590 5136 Canta--

2020 5185 2282 5233 cuzenus,
2316 5181 2366 5221 c.
2399 5168 2489 5230 41,
2525 5167 2665 5222 scuti
2697 5175 2904 5235 partem
2940 5171 3266 5225 anteriorem
3298 5172 3415 5241 ipse
3457 5188 3594 5227 avus

2022 5259 2297 5330 Angustus
2333 5257 2525 5322 tenuit,
2573 5272 2638 5312 eo
2668 5269 2934 5313 consueto
2985 5261 3088 5314 ritu
3141 5261 3316 5330 ipsum
3358 5265 3596 5319 evebens

2023 5353 2079 5408 in
2110 5355 2404 5421 Angustam
2456 5350 2798 5419 dignitatem,
2850 5351 2996 5420 quod
3051 5355 3290 5408 nondum
3329 5353 3536 5408 fecerat
3579 5371 3594 5407 :

2024 5445 2248 5515 quando
2278 5452 2455 5496 autem
2485 5443 2744 5496 inuncttts
2775 5452 2827 5497 et
2863 5456 3162 5500 coronatus
3192 5446 3453 5499 duntaxat
3482 5447 3594 5514 jam

2027 5546 2185 5588 antea
2242 5542 2464 5587 evectus
2521 5533 2573 5585 in
2621 5535 2907 5600 imperiqu
2942 5551 2968 5586 a
3031 5547 3186 5603 patre
3235 5533 3460 5588 Michael
3493 5545 3598 5600 est,

2029 5638 2240 5684 scutum
2278 5626 2332 5680 in
2381 5639 2491 5694 quo
2538 5625 2859 5679 elevabatur
2893 5643 2921 5680 a
2977 5636 3129 5695 patre
3168 5626 3435 5680 sublatum
3493 5641 3601 5680 non

2033 5733 2137 5786 est,
2183 5727 2344 5790 prout
2386 5716 2752 5786 Pachytneres
2777 5732 2891 5773 rem
2930 5733 2958 5771 a
2995 5734 3053 5773 se
3083 5721 3253 5774 visam
3283 5721 3604 5776 describens

3093 5810 3169 5873 9.6
