  <div class='ocr_page' id='page_1' title='image "/cluster/home/n/w/nwhite01/storage/ocr_20150623/144:no.2/coo.31924054870492/411.png"; bbox 0 0 4036 6404; ppageno 0'>
   <div class='ocr_carea' id='block_1_1' title="bbox 478 336 576 401">
    <p class='ocr_par' dir='ltr' id='par_1_1' title="bbox 478 336 576 401">
     <span class='ocr_line' id='line_1_1' title="bbox 478 336 576 401; baseline -0.01 0"><span class='ocrx_word' id='word_1_1' title='bbox 478 336 576 401; x_wconf 80' lang='lat'><strong>811</strong></span> 
     </span>
    </p>
   </div>
   <div class='ocr_carea' id='block_1_2' title="bbox 1397 281 2824 394">
    <p class='ocr_par' dir='ltr' id='par_1_2' title="bbox 1397 281 2824 394">
     <span class='ocr_line' id='line_1_2' title="bbox 1397 281 2824 394; baseline -0.006 0"><span class='ocrx_word' id='word_1_2' title='bbox 1397 330 1467 393; x_wconf 90' lang='lat' dir='ltr'><strong>P.</strong></span> <span class='ocrx_word' id='word_1_3' title='bbox 1508 326 1812 394; x_wconf 85' lang='lat' dir='ltr'><strong>POSSINI</strong></span> <span class='ocrx_word' id='word_1_4' title='bbox 1848 325 2502 391; x_wconf 57' lang='lat' dir='ltr'><strong>OBSER‘VATIONUM</strong></span> <span class='ocrx_word' id='word_1_5' title='bbox 2547 281 2693 389; x_wconf 69' lang='lat' dir='ltr'><strong>Lm.</strong></span> <span class='ocrx_word' id='word_1_6' title='bbox 2749 328 2824 387; x_wconf 91' lang='lat' dir='ltr'><strong>ll.</strong></span> 
     </span>
    </p>
   </div>
   <div class='ocr_carea' id='block_1_3' title="bbox 3598 337 3688 398">
    <p class='ocr_par' dir='ltr' id='par_1_3' title="bbox 3598 337 3688 398">
     <span class='ocr_line' id='line_1_3' title="bbox 3598 337 3688 398; baseline 0 -1"><span class='ocrx_word' id='word_1_7' title='bbox 3598 337 3688 398; x_wconf 80' lang='lat' dir='ltr'><strong>8l2</strong></span> 
     </span>
    </p>
   </div>
   <div class='ocr_carea' id='block_1_4' title="bbox 464 446 3689 524">
    <p class='ocr_par' dir='ltr' id='par_1_4' title="bbox 464 446 3689 524">
     <span class='ocr_line' id='line_1_4' title="bbox 464 446 3689 524; baseline 0.004 -30"><span class='ocrx_word' id='word_1_8' title='bbox 464 451 771 524; x_wconf 67' lang='lat' dir='ltr'><strong>signiﬁcat,</strong></span> <span class='ocrx_word' id='word_1_9' title='bbox 816 450 887 504; x_wconf 84' lang='lat' dir='ltr'><strong>Dc</strong></span> <span class='ocrx_word' id='word_1_10' title='bbox 930 447 1138 518; x_wconf 81' lang='lat' dir='ltr'><strong>sparsis</strong></span> <span class='ocrx_word' id='word_1_11' title='bbox 1171 447 1222 502; x_wconf 94' lang='lat' dir='ltr'><strong>in</strong></span> <span class='ocrx_word' id='word_1_12' title='bbox 1258 447 1358 504; x_wconf 89' lang='lat' dir='ltr'><strong>hac</strong></span> <span class='ocrx_word' id='word_1_13' title='bbox 1385 451 1676 506; x_wconf 82' lang='lat' dir='ltr'><strong>occasione</strong></span> <span class='ocrx_word' id='word_1_14' title='bbox 1713 452 1766 503; x_wconf 92' lang='lat' dir='ltr'><strong>in</strong></span> <span class='ocrx_word' id='word_1_15' title='bbox 1797 449 2051 519; x_wconf 80' lang='lat' dir='ltr'><strong>populum</strong></span> <span class='ocrx_word' id='word_1_16' title='bbox 2086 453 2130 508; x_wconf 78' lang='grc' dir='ltr'><strong>Α</strong></span> <span class='ocrx_word' id='word_1_17' title='bbox 2161 446 2422 502; x_wconf 80' lang='lat' dir='ltr'><strong>auxilium</strong></span> <span class='ocrx_word' id='word_1_18' title='bbox 2456 448 2800 517; x_wconf 80' lang='lat' dir='ltr'><strong>implorasse,</strong></span> <span class='ocrx_word' id='word_1_19' title='bbox 2833 448 2906 501; x_wconf 88' lang='lat' dir='ltr'><strong>ita</strong></span> <span class='ocrx_word' id='word_1_20' title='bbox 2943 448 3252 518; x_wconf 78' lang='lat' dir='ltr'><strong>patriarcha</strong></span> <span class='ocrx_word' id='word_1_21' title='bbox 3285 463 3416 504; x_wconf 89' lang='lat' dir='ltr'><strong>nunc</strong></span> <span class='ocrx_word' id='word_1_22' title='bbox 3444 454 3618 509; x_wconf 89' lang='lat' dir='ltr'><strong>sedens</strong></span> <span class='ocrx_word' id='word_1_23' title='bbox 3643 470 3689 508; x_wconf 85' lang='lat' dir='ltr'><strong>et</strong></span> 
     </span>
    </p>
   </div>
   <div class='ocr_carea' id='block_1_5' title="bbox 472 540 2054 611">
    <p class='ocr_par' dir='ltr' id='par_1_5' title="bbox 472 540 2054 611">
     <span class='ocr_line' id='line_1_5' title="bbox 472 540 2054 611; baseline -0.006 -9"><span class='ocrx_word' id='word_1_24' title='bbox 472 543 772 602; x_wconf 84' lang='lat' dir='ltr'><strong>nummulis</strong></span> <span class='ocrx_word' id='word_1_25' title='bbox 802 543 942 596; x_wconf 88' lang='lat' dir='ltr'><strong>intra</strong></span> <span class='ocrx_word' id='word_1_26' title='bbox 986 542 1080 597; x_wconf 91' lang='lat' dir='ltr'><strong>lini</strong></span> <span class='ocrx_word' id='word_1_27' title='bbox 1115 551 1395 611; x_wconf 80' lang='lat' dir='ltr'><strong>segmenta</strong></span> <span class='ocrx_word' id='word_1_28' title='bbox 1443 541 1650 611; x_wconf 77' lang='lat' dir='ltr'><strong>ligatis,</strong></span> <span class='ocrx_word' id='word_1_29' title='bbox 1681 555 1915 610; x_wconf 88' lang='lat' dir='ltr'><strong>quorum</strong></span> <span class='ocrx_word' id='word_1_30' title='bbox 1966 540 2054 593; x_wconf 91' lang='lat' dir='ltr'><strong>hic</strong></span> 
     </span>
    </p>
   </div>
   <div class='ocr_carea' id='block_1_6' title="bbox 471 633 2050 704">
    <p class='ocr_par' dir='ltr' id='par_1_6' title="bbox 471 633 2050 704">
     <span class='ocr_line' id='line_1_6' title="bbox 471 633 2050 704; baseline -0.002 -15"><span class='ocrx_word' id='word_1_31' title='bbox 471 636 722 689; x_wconf 88' lang='lat' dir='ltr'><strong>meminit</strong></span> <span class='ocrx_word' id='word_1_32' title='bbox 782 635 1168 704; x_wconf 75' lang='lat' dir='ltr'><strong>l‘achymeres,</strong></span> <span class='ocrx_word' id='word_1_33' title='bbox 1217 634 1340 686; x_wconf 92' lang='lat' dir='ltr'><strong>vide</strong></span> <span class='ocrx_word' id='word_1_34' title='bbox 1400 649 1520 702; x_wconf 63' lang='lat' dir='ltr'><strong>quae</strong></span> <span class='ocrx_word' id='word_1_35' title='bbox 1567 633 1950 688; x_wconf 88' lang='lat' dir='ltr'><strong>adnotavimus</strong></span> <span class='ocrx_word' id='word_1_36' title='bbox 1999 633 2050 686; x_wconf 88' lang='lat' dir='ltr'><strong>itt</strong></span> 
     </span>
    </p>
   </div>
   <div class='ocr_carea' id='block_1_7' title="bbox 463 724 1696 795">
    <p class='ocr_par' dir='ltr' id='par_1_7' title="bbox 463 724 1696 795">
     <span class='ocr_line' id='line_1_7' title="bbox 463 724 1696 795; baseline -0.002 -12"><span class='ocrx_word' id='word_1_37' title='bbox 463 726 750 783; x_wconf 85' lang='lat' dir='ltr'><strong>Glossario</strong></span> <span class='ocrx_word' id='word_1_38' title='bbox 779 727 905 778; x_wconf 84' lang='lat' dir='ltr'><strong>torni</strong></span> <span class='ocrx_word' id='word_1_39' title='bbox 941 724 1134 792; x_wconf 84' lang='lat' dir='ltr'><strong>prioris</strong></span> <span class='ocrx_word' id='word_1_40' title='bbox 1160 725 1325 779; x_wconf 89' lang='lat' dir='ltr'><strong>verbo</strong></span> <span class='ocrx_word' id='word_1_41' title='bbox 1365 725 1696 795; x_wconf 80' lang='grc' dir='ltr'><strong>ὲπικόμπια.</strong></span> 
     </span>
    </p>
   </div>
   <div class='ocr_carea' id='block_1_8' title="bbox 536 815 2050 894">
    <p class='ocr_par' dir='ltr' id='par_1_8' title="bbox 536 815 2050 894">
     <span class='ocr_line' id='line_1_8' title="bbox 536 815 2050 894; baseline -0.001 -22"><span class='ocrx_word' id='word_1_42' title='bbox 536 817 623 894; x_wconf 80' lang='grc' dir='ltr'><strong>[Ρ.</strong></span> <span class='ocrx_word' id='word_1_43' title='bbox 650 815 782 889; x_wconf 81' lang='grc'><strong>5⁸56]</strong></span> <span class='ocrx_word' id='word_1_44' title='bbox 809 816 868 870; x_wconf 83' lang='grc' dir='ltr'><strong>Ρ.</strong></span> <span class='ocrx_word' id='word_1_45' title='bbox 901 815 1203 872; x_wconf 74' lang='lat' dir='ltr'><strong>197.1rene</strong></span> <span class='ocrx_word' id='word_1_46' title='bbox 1227 817 1561 873; x_wconf 86' lang='lat' dir='ltr'><strong>marchionis</strong></span> <span class='ocrx_word' id='word_1_47' title='bbox 1585 815 1974 872; x_wconf 85' lang='lat' dir='ltr'><strong>Montisferrati</strong></span> <span class='ocrx_word' id='word_1_48' title='bbox 1999 817 2050 870; x_wconf 89' lang='lat' dir='ltr'><strong>itt</strong></span> 
     </span>
    </p>
   </div>
   <div class='ocr_carea' id='block_1_9' title="bbox 466 909 2053 981">
    <p class='ocr_par' dir='ltr' id='par_1_9' title="bbox 466 909 2053 981">
     <span class='ocr_line' id='line_1_9' title="bbox 466 909 2053 981; baseline -0.003 -12"><span class='ocrx_word' id='word_1_49' title='bbox 466 913 674 969; x_wconf 81' lang='lat' dir='ltr'><strong>Lomba</strong></span> <span class='ocrx_word' id='word_1_50' title='bbox 687 913 802 966; x_wconf 92' lang='lat' dir='ltr'><strong>rdia</strong></span> <span class='ocrx_word' id='word_1_51' title='bbox 837 912 970 976; x_wconf 87' lang='lat' dir='ltr'><strong>tilia,</strong></span> <span class='ocrx_word' id='word_1_52' title='bbox 999 912 1236 966; x_wconf 84' lang='lat' dir='ltr'><strong>secunda</strong></span> <span class='ocrx_word' id='word_1_53' title='bbox 1259 911 1462 981; x_wconf 66' lang='lat' dir='ltr'><strong>coniux</strong></span> <span class='ocrx_word' id='word_1_54' title='bbox 1487 911 1784 966; x_wconf 85' lang='lat' dir='ltr'><strong>Andronici</strong></span> <span class='ocrx_word' id='word_1_55' title='bbox 1808 909 2053 965; x_wconf 84' lang='lat' dir='ltr'><strong>Senioris</strong></span> 
     </span>
    </p>
   </div>
   <div class='ocr_carea' id='block_1_10' title="bbox 467 999 2054 1072">
    <p class='ocr_par' dir='ltr' id='par_1_10' title="bbox 467 999 2054 1072">
     <span class='ocr_line' id='line_1_10' title="bbox 467 999 2054 1072; baseline -0.004 -12"><span class='ocrx_word' id='word_1_56' title='bbox 467 1004 842 1072; x_wconf 87' lang='lat' dir='ltr'><strong>imperatoris.</strong></span> <span class='ocrx_word' id='word_1_57' title='bbox 868 1017 979 1058; x_wconf 85' lang='lat' dir='ltr'><strong>tres</strong></span> <span class='ocrx_word' id='word_1_58' title='bbox 1000 1003 1047 1057; x_wconf 92' lang='lat' dir='ltr'><strong>ei</strong></span> <span class='ocrx_word' id='word_1_59' title='bbox 1084 1017 1264 1058; x_wconf 86' lang='lat' dir='ltr'><strong>mares</strong></span> <span class='ocrx_word' id='word_1_60' title='bbox 1294 1001 1522 1072; x_wconf 86' lang='lat' dir='ltr'><strong>peperit,</strong></span> <span class='ocrx_word' id='word_1_61' title='bbox 1555 999 1848 1062; x_wconf 83' lang='lat' dir='ltr'><strong>Joannem.</strong></span> <span class='ocrx_word' id='word_1_62' title='bbox 1873 1000 2054 1054; x_wconf 80' lang='lat' dir='ltr'><strong>Theo—</strong></span> 
     </span>
    </p>
   </div>
   <div class='ocr_carea' id='block_1_11' title="bbox 466 1080 2050 1164">
    <p class='ocr_par' dir='ltr' id='par_1_11' title="bbox 466 1080 2050 1164">
     <span class='ocr_line' id='line_1_11' title="bbox 466 1080 2050 1164; baseline -0.007 -11"><span class='ocrx_word' id='word_1_63' title='bbox 466 1101 684 1164; x_wconf 89' lang='lat' dir='ltr'><strong>dorum,</strong></span> <span class='ocrx_word' id='word_1_64' title='bbox 713 1095 1075 1151; x_wconf 70' lang='lat' dir='ltr'><strong>Demetrium.</strong></span> <span class='ocrx_word' id='word_1_65' title='bbox 1127 1095 1243 1148; x_wconf 87' lang='lat' dir='ltr'><strong>Hoc</strong></span> <span class='ocrx_word' id='word_1_66' title='bbox 1275 1094 1478 1148; x_wconf 88' lang='lat' dir='ltr'><strong>diserte</strong></span> <span class='ocrx_word' id='word_1_67' title='bbox 1514 1095 1670 1147; x_wconf 84' lang='lat' dir='ltr'><strong>docet</strong></span> <span class='ocrx_word' id='word_1_68' title='bbox 1711 1080 2050 1145; x_wconf 79' lang='lat' dir='ltr'><strong>Cantacuze-</strong></span> 
     </span>
    </p>
   </div>
   <div class='ocr_carea' id='block_1_12' title="bbox 468 1183 2047 1261">
    <p class='ocr_par' dir='ltr' id='par_1_12' title="bbox 468 1183 2047 1261">
     <span class='ocr_line' id='line_1_12' title="bbox 468 1183 2047 1261; baseline -0.006 -15"><span class='ocrx_word' id='word_1_69' title='bbox 468 1207 598 1255; x_wconf 84' lang='lat' dir='ltr'><strong>nus.</strong></span> <span class='ocrx_word' id='word_1_70' title='bbox 659 1189 983 1261; x_wconf 69' lang='lat' dir='ltr'><strong>Prmfatione</strong></span> <span class='ocrx_word' id='word_1_71' title='bbox 1034 1185 1102 1239; x_wconf 78' lang='lat' dir='ltr'><strong>ad</strong></span> <span class='ocrx_word' id='word_1_72' title='bbox 1165 1185 1486 1247; x_wconf 82' lang='lat' dir='ltr'><strong>Historiam,</strong></span> <span class='ocrx_word' id='word_1_73' title='bbox 1549 1199 1602 1254; x_wconf 87' lang='lat' dir='ltr'><strong>p.</strong></span> <span class='ocrx_word' id='word_1_74' title='bbox 1673 1184 1706 1238; x_wconf 85' lang='lat'><strong>5</strong></span> <span class='ocrx_word' id='word_1_75' title='bbox 1765 1183 1855 1237; x_wconf 85' lang='lat' dir='ltr'><strong>ed.</strong></span> <span class='ocrx_word' id='word_1_76' title='bbox 1917 1184 2047 1252; x_wconf 77' lang='lat' dir='ltr'><strong>lleg.</strong></span> 
     </span>
    </p>
   </div>
   <div class='ocr_carea' id='block_1_13' title="bbox 471 1275 2049 1338">
    <p class='ocr_par' dir='ltr' id='par_1_13' title="bbox 471 1275 2049 1338">
     <span class='ocr_line' id='line_1_13' title="bbox 471 1275 2049 1338; baseline -0.006 0"><span class='ocrx_word' id='word_1_77' title='bbox 471 1285 686 1338; x_wconf 87' lang='lat' dir='ltr'><strong>Mortuo</strong></span> <span class='ocrx_word' id='word_1_78' title='bbox 714 1282 834 1335; x_wconf 87' lang='lat' dir='ltr'><strong>sine</strong></span> <span class='ocrx_word' id='word_1_79' title='bbox 863 1279 1051 1334; x_wconf 86' lang='lat' dir='ltr'><strong>liberis</strong></span> <span class='ocrx_word' id='word_1_80' title='bbox 1108 1277 1278 1331; x_wconf 79' lang='lat' dir='ltr'><strong>fratre</strong></span> <span class='ocrx_word' id='word_1_81' title='bbox 1326 1277 1516 1332; x_wconf 89' lang='lat' dir='ltr'><strong>lrenes</strong></span> <span class='ocrx_word' id='word_1_82' title='bbox 1551 1275 1868 1331; x_wconf 88' lang='lat' dir='ltr'><strong>marchione</strong></span> <span class='ocrx_word' id='word_1_83' title='bbox 1898 1275 2049 1328; x_wconf 81' lang='lat' dir='ltr'><strong>Illon-</strong></span> 
     </span>
    </p>
   </div>
   <div class='ocr_carea' id='block_1_14' title="bbox 469 1367 2050 1439">
    <p class='ocr_par' dir='ltr' id='par_1_14' title="bbox 469 1367 2050 1439">
     <span class='ocr_line' id='line_1_14' title="bbox 469 1367 2050 1439; baseline -0.007 -9"><span class='ocrx_word' id='word_1_84' title='bbox 469 1374 755 1439; x_wconf 88' lang='lat' dir='ltr'><strong>tisfcrrati,</strong></span> <span class='ocrx_word' id='word_1_85' title='bbox 800 1389 922 1426; x_wconf 90' lang='lat' dir='ltr'><strong>cum</strong></span> <span class='ocrx_word' id='word_1_86' title='bbox 968 1373 1035 1426; x_wconf 84' lang='lat' dir='ltr'><strong>ad</strong></span> <span class='ocrx_word' id='word_1_87' title='bbox 1089 1369 1488 1425; x_wconf 90' lang='lat' dir='ltr'><strong>successionem</strong></span> <span class='ocrx_word' id='word_1_88' title='bbox 1545 1368 1883 1439; x_wconf 83' lang='lat' dir='ltr'><strong>principatus</strong></span> <span class='ocrx_word' id='word_1_89' title='bbox 1931 1367 2050 1434; x_wconf 79' lang='lat' dir='ltr'><strong>ejus</strong></span> 
     </span>
    </p>
   </div>
   <div class='ocr_carea' id='block_1_15' title="bbox 467 1457 2048 1536">
    <p class='ocr_par' dir='ltr' id='par_1_15' title="bbox 467 1457 2048 1536">
     <span class='ocr_line' id='line_1_15' title="bbox 467 1457 2048 1536; baseline -0.006 -16"><span class='ocrx_word' id='word_1_90' title='bbox 467 1467 764 1522; x_wconf 82' lang='lat' dir='ltr'><strong>mittendus</strong></span> <span class='ocrx_word' id='word_1_91' title='bbox 815 1472 959 1518; x_wconf 82' lang='lat' dir='ltr'><strong>esset</strong></span> <span class='ocrx_word' id='word_1_92' title='bbox 1011 1461 1208 1536; x_wconf 89' lang='lat' dir='ltr'><strong>aliquis</strong></span> <span class='ocrx_word' id='word_1_93' title='bbox 1248 1475 1315 1516; x_wconf 82' lang='lat' dir='ltr'><strong>ex</strong></span> <span class='ocrx_word' id='word_1_94' title='bbox 1351 1457 1532 1513; x_wconf 89' lang='lat' dir='ltr'><strong>lrencs</strong></span> <span class='ocrx_word' id='word_1_95' title='bbox 1563 1459 1706 1522; x_wconf 85' lang='lat' dir='ltr'><strong>ﬁliis,</strong></span> <span class='ocrx_word' id='word_1_96' title='bbox 1736 1467 1891 1526; x_wconf 87' lang='lat' dir='ltr'><strong>pater</strong></span> <span class='ocrx_word' id='word_1_97' title='bbox 1931 1473 2048 1512; x_wconf 89' lang='lat' dir='ltr'><strong>om-</strong></span> 
     </span>
    </p>
   </div>
   <div class='ocr_carea' id='block_1_16' title="bbox 466 1547 2048 1614">
    <p class='ocr_par' dir='ltr' id='par_1_16' title="bbox 466 1547 2048 1614">
     <span class='ocr_line' id='line_1_16' title="bbox 466 1547 2048 1614; baseline -0.007 -2"><span class='ocrx_word' id='word_1_98' title='bbox 466 1559 617 1614; x_wconf 89' lang='lat' dir='ltr'><strong>nium</strong></span> <span class='ocrx_word' id='word_1_99' title='bbox 674 1557 958 1612; x_wconf 87' lang='lat' dir='ltr'><strong>minimum</strong></span> <span class='ocrx_word' id='word_1_100' title='bbox 1007 1552 1339 1609; x_wconf 81' lang='lat' dir='ltr'><strong>Demetrium</strong></span> <span class='ocrx_word' id='word_1_101' title='bbox 1380 1566 1445 1604; x_wconf 92' lang='lat' dir='ltr'><strong>eo</strong></span> <span class='ocrx_word' id='word_1_102' title='bbox 1494 1549 1815 1614; x_wconf 90' lang='lat' dir='ltr'><strong>destinavit,</strong></span> <span class='ocrx_word' id='word_1_103' title='bbox 1866 1557 1922 1603; x_wconf 91' lang='lat' dir='ltr'><strong>et</strong></span> <span class='ocrx_word' id='word_1_104' title='bbox 1951 1547 2048 1602; x_wconf 89' lang='lat' dir='ltr'><strong>de-</strong></span> 
     </span>
    </p>
   </div>
   <div class='ocr_carea' id='block_1_17' title="bbox 463 1637 2044 1716">
    <p class='ocr_par' dir='ltr' id='par_1_17' title="bbox 463 1637 2044 1716">
     <span class='ocr_line' id='line_1_17' title="bbox 463 1637 2044 1716; baseline -0.008 -13"><span class='ocrx_word' id='word_1_105' title='bbox 463 1659 636 1716; x_wconf 75' lang='lat' dir='ltr'><strong>spoue</strong></span> <span class='ocrx_word' id='word_1_106' title='bbox 681 1645 835 1700; x_wconf 84' lang='lat' dir='ltr'><strong>titulo</strong></span> <span class='ocrx_word' id='word_1_107' title='bbox 868 1645 1195 1700; x_wconf 78' lang='lat' dir='ltr'><strong>honoratum</strong></span> <span class='ocrx_word' id='word_1_108' title='bbox 1250 1641 1301 1695; x_wconf 93' lang='lat' dir='ltr'><strong>in</strong></span> <span class='ocrx_word' id='word_1_109' title='bbox 1335 1637 1772 1709; x_wconf 78' lang='lat' dir='ltr'><strong>Longobar-Jiam</strong></span> <span class='ocrx_word' id='word_1_110' title='bbox 1808 1638 1954 1692; x_wconf 91' lang='lat' dir='ltr'><strong>misit</strong></span> <span class='ocrx_word' id='word_1_111' title='bbox 1977 1639 2044 1691; x_wconf 88' lang='lat' dir='ltr'><strong>ad</strong></span> 
     </span>
    </p>
   </div>
   <div class='ocr_carea' id='block_1_18' title="bbox 465 1731 2043 1806">
    <p class='ocr_par' dir='ltr' id='par_1_18' title="bbox 465 1731 2043 1806">
     <span class='ocr_line' id='line_1_18' title="bbox 465 1731 2043 1806; baseline -0.008 -10"><span class='ocrx_word' id='word_1_112' title='bbox 465 1743 612 1796; x_wconf 86' lang='lat' dir='ltr'><strong>illam</strong></span> <span class='ocrx_word' id='word_1_113' title='bbox 670 1738 1043 1795; x_wconf 77' lang='lat' dir='ltr'><strong>haereditatctn</strong></span> <span class='ocrx_word' id='word_1_114' title='bbox 1095 1735 1217 1806; x_wconf 85' lang='lat' dir='ltr'><strong>jure</strong></span> <span class='ocrx_word' id='word_1_115' title='bbox 1264 1744 1514 1788; x_wconf 86' lang='lat' dir='ltr'><strong>materno</strong></span> <span class='ocrx_word' id='word_1_116' title='bbox 1545 1733 1904 1786; x_wconf 90' lang='lat' dir='ltr'><strong>cernendam.</strong></span> <span class='ocrx_word' id='word_1_117' title='bbox 1939 1731 2043 1785; x_wconf 90' lang='lat' dir='ltr'><strong>Sed</strong></span> 
     </span>
    </p>
   </div>
   <div class='ocr_carea' id='block_1_19' title="bbox 2160 539 3691 610">
    <p class='ocr_par' dir='ltr' id='par_1_19' title="bbox 2160 539 3691 610">
     <span class='ocr_line' id='line_1_19' title="bbox 2160 539 3691 610; baseline 0.003 -15"><span class='ocrx_word' id='word_1_118' title='bbox 2160 539 2278 610; x_wconf 81' lang='lat' dir='ltr'><strong>ejus</strong></span> <span class='ocrx_word' id='word_1_119' title='bbox 2319 553 2630 596; x_wconf 84' lang='lat' dir='ltr'><strong>assessores</strong></span> <span class='ocrx_word' id='word_1_120' title='bbox 2664 539 2960 602; x_wconf 85' lang='lat' dir='ltr'><strong>antistites,</strong></span> <span class='ocrx_word' id='word_1_121' title='bbox 3020 555 3210 594; x_wconf 92' lang='lat' dir='ltr'><strong>omnes</strong></span> <span class='ocrx_word' id='word_1_122' title='bbox 3253 541 3516 597; x_wconf 88' lang='lat' dir='ltr'><strong>schismati</strong></span> <span class='ocrx_word' id='word_1_123' title='bbox 3563 546 3691 599; x_wconf 89' lang='lat' dir='ltr'><strong>addi-</strong></span> 
     </span>
    </p>
   </div>
   <div class='ocr_carea' id='block_1_20' title="bbox 2158 627 3688 700">
    <p class='ocr_par' dir='ltr' id='par_1_20' title="bbox 2158 627 3688 700">
     <span class='ocr_line' id='line_1_20' title="bbox 2158 627 3688 700; baseline 0.005 -17"><span class='ocrx_word' id='word_1_124' title='bbox 2158 631 2385 684; x_wconf 89' lang='lat' dir='ltr'><strong>ctissimi</strong></span> <span class='ocrx_word' id='word_1_125' title='bbox 2409 669 2426 695; x_wconf 93' lang='lat'><strong>,</strong></span> <span class='ocrx_word' id='word_1_126' title='bbox 2461 627 2686 686; x_wconf 84' lang='lat' dir='ltr'><strong>Joannis</strong></span> <span class='ocrx_word' id='word_1_127' title='bbox 2714 631 2898 697; x_wconf 84' lang='lat' dir='ltr'><strong>Vecci,</strong></span> <span class='ocrx_word' id='word_1_128' title='bbox 2933 632 3024 700; x_wconf 89' lang='lat' dir='ltr'><strong>qui</strong></span> <span class='ocrx_word' id='word_1_129' title='bbox 3073 642 3199 686; x_wconf 90' lang='lat' dir='ltr'><strong>tunc</strong></span> <span class='ocrx_word' id='word_1_130' title='bbox 3228 632 3291 686; x_wconf 92' lang='lat' dir='ltr'><strong>de</strong></span> <span class='ocrx_word' id='word_1_131' title='bbox 3324 637 3575 691; x_wconf 84' lang='lat' dir='ltr'><strong>sententia</strong></span> <span class='ocrx_word' id='word_1_132' title='bbox 3609 653 3688 691; x_wconf 82' lang='lat' dir='ltr'><strong>ca-</strong></span> 
     </span>
    </p>
   </div>
   <div class='ocr_carea' id='block_1_21' title="bbox 2160 722 3690 794">
    <p class='ocr_par' dir='ltr' id='par_1_21' title="bbox 2160 722 3690 794">
     <span class='ocr_line' id='line_1_21' title="bbox 2160 722 3690 794; baseline 0.005 -18"><span class='ocrx_word' id='word_1_133' title='bbox 2160 722 2488 777; x_wconf 85' lang='lat' dir='ltr'><strong>tholicorum</strong></span> <span class='ocrx_word' id='word_1_134' title='bbox 2540 723 2590 778; x_wconf 92' lang='lat' dir='ltr'><strong>ei</strong></span> <span class='ocrx_word' id='word_1_135' title='bbox 2643 724 3012 778; x_wconf 91' lang='lat' dir='ltr'><strong>assistentium</strong></span> <span class='ocrx_word' id='word_1_136' title='bbox 3055 724 3423 794; x_wconf 83' lang='lat' dir='ltr'><strong>episcoporum</strong></span> <span class='ocrx_word' id='word_1_137' title='bbox 3465 728 3690 784; x_wconf 83' lang='lat' dir='ltr'><strong>ecclesia-</strong></span> 
     </span>
    </p>
   </div>
   <div class='ocr_carea' id='block_1_22' title="bbox 2161 814 3692 890">
    <p class='ocr_par' dir='ltr' id='par_1_22' title="bbox 2161 814 3692 890">
     <span class='ocr_line' id='line_1_22' title="bbox 2161 814 3692 890; baseline 0.004 -21"><span class='ocrx_word' id='word_1_138' title='bbox 2161 815 2298 869; x_wconf 89' lang='lat' dir='ltr'><strong>stica</strong></span> <span class='ocrx_word' id='word_1_139' title='bbox 2331 822 2602 884; x_wconf 87' lang='lat' dir='ltr'><strong>potestate</strong></span> <span class='ocrx_word' id='word_1_140' title='bbox 2634 814 2972 869; x_wconf 78' lang='lat' dir='ltr'><strong>relaxaverat</strong></span> <span class='ocrx_word' id='word_1_141' title='bbox 2997 817 3270 872; x_wconf 83' lang='lat' dir='ltr'><strong>vinculum</strong></span> <span class='ocrx_word' id='word_1_142' title='bbox 3301 834 3330 872; x_wconf 93' lang='lat' dir='ltr'><strong>e</strong></span> <span class='ocrx_word' id='word_1_143' title='bbox 3351 830 3494 873; x_wconf 83' lang='lat' dir='ltr'><strong>sexto</strong></span> <span class='ocrx_word' id='word_1_144' title='bbox 3519 835 3692 890; x_wconf 75' lang='lat' dir='ltr'><strong>cogna-</strong></span> 
     </span>
    </p>
   </div>
   <div class='ocr_carea' id='block_1_23' title="bbox 2158 905 3694 976">
    <p class='ocr_par' dir='ltr' id='par_1_23' title="bbox 2158 905 3694 976">
     <span class='ocr_line' id='line_1_23' title="bbox 2158 905 3694 976; baseline 0.004 -16"><span class='ocrx_word' id='word_1_145' title='bbox 2158 905 2322 960; x_wconf 87' lang='lat' dir='ltr'><strong>tionis</strong></span> <span class='ocrx_word' id='word_1_146' title='bbox 2369 907 2541 975; x_wconf 79' lang='lat' dir='ltr'><strong>gradu</strong></span> <span class='ocrx_word' id='word_1_147' title='bbox 2570 917 2772 969; x_wconf 88' lang='lat' dir='ltr'><strong>orttnn,</strong></span> <span class='ocrx_word' id='word_1_148' title='bbox 2813 923 2919 976; x_wconf 92' lang='lat' dir='ltr'><strong>quo</strong></span> <span class='ocrx_word' id='word_1_149' title='bbox 2955 923 2983 962; x_wconf 88' lang='lat' dir='ltr'><strong>a</strong></span> <span class='ocrx_word' id='word_1_150' title='bbox 3013 906 3136 975; x_wconf 79' lang='lat' dir='ltr'><strong>jure</strong></span> <span class='ocrx_word' id='word_1_151' title='bbox 3158 911 3500 965; x_wconf 88' lang='lat' dir='ltr'><strong>contrahendi</strong></span> <span class='ocrx_word' id='word_1_152' title='bbox 3527 915 3694 966; x_wconf 80' lang='lat' dir='ltr'><strong>matri-</strong></span> 
     </span>
    </p>
   </div>
   <div class='ocr_carea' id='block_1_24' title="bbox 2158 998 3696 1072">
    <p class='ocr_par' dir='ltr' id='par_1_24' title="bbox 2158 998 3696 1072">
     <span class='ocr_line' id='line_1_24' title="bbox 2158 998 3696 1072; baseline 0.005 -22"><span class='ocrx_word' id='word_1_153' title='bbox 2158 1000 2398 1052; x_wconf 89' lang='lat' dir='ltr'><strong>monium</strong></span> <span class='ocrx_word' id='word_1_154' title='bbox 2445 999 2682 1066; x_wconf 72' lang='lat' dir='ltr'><strong>despoue</strong></span> <span class='ocrx_word' id='word_1_155' title='bbox 2712 999 2946 1054; x_wconf 80' lang='lat' dir='ltr'><strong>Michael</strong></span> <span class='ocrx_word' id='word_1_156' title='bbox 2976 998 3217 1072; x_wconf 76' lang='lat' dir='ltr'><strong>Angelus</strong></span> <span class='ocrx_word' id='word_1_157' title='bbox 3247 1011 3301 1058; x_wconf 90' lang='lat' dir='ltr'><strong>et</strong></span> <span class='ocrx_word' id='word_1_158' title='bbox 3337 1005 3483 1057; x_wconf 81' lang='lat' dir='ltr'><strong>Anna</strong></span> <span class='ocrx_word' id='word_1_159' title='bbox 3517 1003 3696 1058; x_wconf 69' lang='lat' dir='ltr'><strong>Palzeo-</strong></span> 
     </span>
    </p>
   </div>
   <div class='ocr_carea' id='block_1_25' title="bbox 2155 1089 3692 1161">
    <p class='ocr_par' dir='ltr' id='par_1_25' title="bbox 2155 1089 3692 1161">
     <span class='ocr_line' id='line_1_25' title="bbox 2155 1089 3692 1161; baseline 0.003 -18"><span class='ocrx_word' id='word_1_160' title='bbox 2155 1089 2273 1160; x_wconf 79' lang='lat' dir='ltr'><strong>loga</strong></span> <span class='ocrx_word' id='word_1_161' title='bbox 2309 1089 2415 1144; x_wconf 86' lang='lat' dir='ltr'><strong>ﬁlia</strong></span> <span class='ocrx_word' id='word_1_162' title='bbox 2451 1089 2730 1145; x_wconf 71' lang='lat' dir='ltr'><strong>llichaelis</strong></span> <span class='ocrx_word' id='word_1_163' title='bbox 2758 1092 3107 1161; x_wconf 87' lang='lat' dir='ltr'><strong>imperatoris</strong></span> <span class='ocrx_word' id='word_1_164' title='bbox 3149 1094 3488 1158; x_wconf 87' lang='lat' dir='ltr'><strong>arcebantur,</strong></span> <span class='ocrx_word' id='word_1_165' title='bbox 3517 1094 3692 1150; x_wconf 86' lang='lat' dir='ltr'><strong>factum</strong></span> 
     </span>
    </p>
   </div>
   <div class='ocr_carea' id='block_1_26' title="bbox 2154 1182 3692 1248">
    <p class='ocr_par' dir='ltr' id='par_1_26' title="bbox 2154 1182 3692 1248">
     <span class='ocr_line' id='line_1_26' title="bbox 2154 1182 3692 1248; baseline 0.001 -11"><span class='ocrx_word' id='word_1_166' title='bbox 2154 1185 2413 1237; x_wconf 85' lang='lat' dir='ltr'><strong>damnare</strong></span> <span class='ocrx_word' id='word_1_167' title='bbox 2463 1182 2720 1248; x_wconf 85' lang='lat' dir='ltr'><strong>voluisse,</strong></span> <span class='ocrx_word' id='word_1_168' title='bbox 2763 1183 2905 1238; x_wconf 91' lang='lat' dir='ltr'><strong>ultro</strong></span> <span class='ocrx_word' id='word_1_169' title='bbox 2940 1183 3159 1240; x_wconf 86' lang='lat' dir='ltr'><strong>fatendo</strong></span> <span class='ocrx_word' id='word_1_170' title='bbox 3207 1186 3466 1241; x_wconf 81' lang='lat' dir='ltr'><strong>excedere</strong></span> <span class='ocrx_word' id='word_1_171' title='bbox 3510 1185 3558 1239; x_wconf 89' lang='lat' dir='ltr'><strong>id</strong></span> <span class='ocrx_word' id='word_1_172' title='bbox 3602 1189 3692 1238; x_wconf 90' lang='lat' dir='ltr'><strong>vim</strong></span> 
     </span>
    </p>
   </div>
   <div class='ocr_carea' id='block_1_27' title="bbox 2153 1276 3698 1357">
    <p class='ocr_par' dir='ltr' id='par_1_27' title="bbox 2153 1276 3698 1357">
     <span class='ocr_line' id='line_1_27' title="bbox 2153 1276 3698 1357; baseline 0.001 -28"><span class='ocrx_word' id='word_1_173' title='bbox 2153 1276 2535 1345; x_wconf 89' lang='lat' dir='ltr'><strong>patriarchalis</strong></span> <span class='ocrx_word' id='word_1_174' title='bbox 2561 1276 2928 1332; x_wconf 86' lang='lat' dir='ltr'><strong>auctoritatis.</strong></span> <span class='ocrx_word' id='word_1_175' title='bbox 2963 1278 3322 1357; x_wconf 85' lang='lat' dir='ltr'><strong>Permittebat</strong></span> <span class='ocrx_word' id='word_1_176' title='bbox 3352 1286 3521 1332; x_wconf 87' lang='lat' dir='ltr'><strong>autem</strong></span> <span class='ocrx_word' id='word_1_177' title='bbox 3555 1276 3698 1341; x_wconf 87' lang='lat' dir='ltr'><strong>Deus,</strong></span> 
     </span>
    </p>
   </div>
   <div class='ocr_carea' id='block_1_28' title="bbox 2151 1372 3699 1441">
    <p class='ocr_par' dir='ltr' id='par_1_28' title="bbox 2151 1372 3699 1441">
     <span class='ocr_line' id='line_1_28' title="bbox 2151 1372 3699 1441; baseline 0 -16"><span class='ocrx_word' id='word_1_178' title='bbox 2151 1372 2244 1440; x_wconf 90' lang='lat' dir='ltr'><strong>qui</strong></span> <span class='ocrx_word' id='word_1_179' title='bbox 2299 1384 2405 1424; x_wconf 90' lang='lat' dir='ltr'><strong>non</strong></span> <span class='ocrx_word' id='word_1_180' title='bbox 2456 1387 2578 1425; x_wconf 89' lang='lat' dir='ltr'><strong>raro</strong></span> <span class='ocrx_word' id='word_1_181' title='bbox 2630 1372 2892 1426; x_wconf 86' lang='lat' dir='ltr'><strong>factiosos</strong></span> <span class='ocrx_word' id='word_1_182' title='bbox 2939 1381 3130 1426; x_wconf 88' lang='lat' dir='ltr'><strong>contra</strong></span> <span class='ocrx_word' id='word_1_183' title='bbox 3183 1373 3473 1429; x_wconf 87' lang='lat' dir='ltr'><strong>Ecclesiam</strong></span> <span class='ocrx_word' id='word_1_184' title='bbox 3515 1374 3699 1441; x_wconf 82' lang='lat' dir='ltr'><strong>conspi-</strong></span> 
     </span>
    </p>
   </div>
   <div class='ocr_carea' id='block_1_29' title="bbox 2153 1463 3695 1529">
    <p class='ocr_par' dir='ltr' id='par_1_29' title="bbox 2153 1463 3695 1529">
     <span class='ocr_line' id='line_1_29' title="bbox 2153 1463 3695 1529; baseline -0.001 -12"><span class='ocrx_word' id='word_1_185' title='bbox 2153 1471 2338 1517; x_wconf 89' lang='lat' dir='ltr'><strong>rantes</strong></span> <span class='ocrx_word' id='word_1_186' title='bbox 2379 1463 2582 1517; x_wconf 91' lang='lat' dir='ltr'><strong>mutuis</strong></span> <span class='ocrx_word' id='word_1_187' title='bbox 2637 1463 2782 1516; x_wconf 90' lang='lat' dir='ltr'><strong>inter</strong></span> <span class='ocrx_word' id='word_1_188' title='bbox 2831 1477 2952 1517; x_wconf 88' lang='lat' dir='ltr'><strong>sese</strong></span> <span class='ocrx_word' id='word_1_189' title='bbox 2993 1465 3363 1520; x_wconf 84' lang='lat' dir='ltr'><strong>simultatibus</strong></span> <span class='ocrx_word' id='word_1_190' title='bbox 3418 1465 3695 1529; x_wconf 85' lang='lat' dir='ltr'><strong>committit,</strong></span> 
     </span>
    </p>
   </div>
   <div class='ocr_carea' id='block_1_30' title="bbox 2151 1555 3696 1625">
    <p class='ocr_par' dir='ltr' id='par_1_30' title="bbox 2151 1555 3696 1625">
     <span class='ocr_line' id='line_1_30' title="bbox 2151 1555 3696 1625; baseline -0.001 -15"><span class='ocrx_word' id='word_1_191' title='bbox 2151 1569 2274 1610; x_wconf 89' lang='lat' dir='ltr'><strong>sese</strong></span> <span class='ocrx_word' id='word_1_192' title='bbox 2321 1555 2454 1608; x_wconf 90' lang='lat' dir='ltr'><strong>istos</strong></span> <span class='ocrx_word' id='word_1_193' title='bbox 2509 1555 2662 1609; x_wconf 76' lang='lat' dir='ltr'><strong>ranis</strong></span> <span class='ocrx_word' id='word_1_194' title='bbox 2691 1555 2845 1609; x_wconf 89' lang='lat' dir='ltr'><strong>hisce</strong></span> <span class='ocrx_word' id='word_1_195' title='bbox 2883 1556 3155 1625; x_wconf 91' lang='lat' dir='ltr'><strong>scrupulis</strong></span> <span class='ocrx_word' id='word_1_196' title='bbox 3189 1557 3414 1612; x_wconf 85' lang='lat' dir='ltr'><strong>invicem</strong></span> <span class='ocrx_word' id='word_1_197' title='bbox 3446 1557 3696 1612; x_wconf 85' lang='lat' dir='ltr'><strong>infestare.</strong></span> 
     </span>
    </p>
   </div>
   <div class='ocr_carea' id='block_1_31' title="bbox 2149 1647 3701 1722">
    <p class='ocr_par' dir='ltr' id='par_1_31' title="bbox 2149 1647 3701 1722">
     <span class='ocr_line' id='line_1_31' title="bbox 2149 1647 3701 1722; baseline -0.001 -18"><span class='ocrx_word' id='word_1_198' title='bbox 2149 1649 2236 1722; x_wconf 76' lang='grc' dir='ltr'><strong>[Ρ.</strong></span> <span class='ocrx_word' id='word_1_199' title='bbox 2262 1647 2395 1721; x_wconf 78' lang='grc'><strong>557]</strong></span> <span class='ocrx_word' id='word_1_200' title='bbox 2414 1649 2547 1703; x_wconf 84' lang='lat' dir='ltr'><strong>Nam</strong></span> <span class='ocrx_word' id='word_1_201' title='bbox 2572 1649 2733 1718; x_wconf 90' lang='lat' dir='ltr'><strong>paulo</strong></span> <span class='ocrx_word' id='word_1_202' title='bbox 2761 1650 3016 1720; x_wconf 89' lang='lat' dir='ltr'><strong>superius</strong></span> <span class='ocrx_word' id='word_1_203' title='bbox 3039 1651 3138 1704; x_wconf 78' lang='lat' dir='ltr'><strong>c.&#39;5</strong></span> <span class='ocrx_word' id='word_1_204' title='bbox 3165 1648 3527 1722; x_wconf 85' lang='lat' dir='ltr'><strong>Pachymeres</strong></span> <span class='ocrx_word' id='word_1_205' title='bbox 3557 1650 3701 1706; x_wconf 88' lang='lat' dir='ltr'><strong>refert</strong></span> 
     </span>
    </p>
   </div>
   <div class='ocr_carea' id='block_1_32' title="bbox 2151 1741 3697 1814">
    <p class='ocr_par' dir='ltr' id='par_1_32' title="bbox 2151 1741 3697 1814">
     <span class='ocr_line' id='line_1_32' title="bbox 2151 1741 3697 1814; baseline 0.001 -20"><span class='ocrx_word' id='word_1_206' title='bbox 2151 1741 2517 1811; x_wconf 89' lang='lat' dir='ltr'><strong>patriarcham</strong></span> <span class='ocrx_word' id='word_1_207' title='bbox 2566 1751 2619 1795; x_wconf 93' lang='lat' dir='ltr'><strong>et</strong></span> <span class='ocrx_word' id='word_1_208' title='bbox 2663 1741 2951 1811; x_wconf 85' lang='lat' dir='ltr'><strong>episcopos</strong></span> <span class='ocrx_word' id='word_1_209' title='bbox 3008 1741 3301 1812; x_wconf 58' lang='lat' dir='ltr'><strong>prwfracte</strong></span> <span class='ocrx_word' id='word_1_210' title='bbox 3355 1759 3571 1814; x_wconf 78' lang='lat' dir='ltr'><strong>negasse</strong></span> <span class='ocrx_word' id='word_1_211' title='bbox 3600 1743 3697 1797; x_wconf 78' lang='lat' dir='ltr'><strong>An-</strong></span> 
     </span>
    </p>
   </div>
   <div class='ocr_carea' id='block_1_33' title="bbox 465 1819 3703 1900">
    <p class='ocr_par' dir='ltr' id='par_1_33' title="bbox 465 1819 3703 1900">
     <span class='ocr_line' id='line_1_33' title="bbox 465 1819 3703 1900; baseline -0.004 -4"><span class='ocrx_word' id='word_1_212' title='bbox 465 1845 640 1888; x_wconf 67' lang='lat' dir='ltr'><strong>maler</strong></span> <span class='ocrx_word' id='word_1_213' title='bbox 688 1829 864 1895; x_wconf 72' lang='grc' dir='ltr'><strong>Ιτεηθν</strong></span> <span class='ocrx_word' id='word_1_214' title='bbox 900 1845 1019 1900; x_wconf 58' lang='lat' dir='ltr'><strong>(tum</strong></span> <span class='ocrx_word' id='word_1_215' title='bbox 1052 1838 1180 1884; x_wconf 76' lang='grc' dir='ltr'><strong>ιηιιε</strong></span> <span class='ocrx_word' id='word_1_216' title='bbox 1211 1826 1402 1895; x_wconf 64' lang='lat' dir='ltr'><strong>Procul</strong></span> <span class='ocrx_word' id='word_1_217' title='bbox 1423 1842 1453 1880; x_wconf 72' lang='grc'><strong>³</strong></span> <span class='ocrx_word' id='word_1_218' title='bbox 1487 1826 1605 1879; x_wconf 67' lang='lat' dir='ltr'><strong>Viro</strong></span> <span class='ocrx_word' id='word_1_219' title='bbox 1639 1823 2049 1878; x_wconf 55' lang='grc' dir='ltr'><strong>Τιιθεεθιοηῖοεε</strong></span> <span class='ocrx_word' id='word_1_220' title='bbox 2082 1819 2122 1874; x_wconf 81' lang='grc' dir='ltr'><strong>Β</strong></span> <span class='ocrx_word' id='word_1_221' title='bbox 2155 1833 2384 1886; x_wconf 91' lang='lat' dir='ltr'><strong>dronico</strong></span> <span class='ocrx_word' id='word_1_222' title='bbox 2417 1832 2813 1887; x_wconf 89' lang='lat' dir='ltr'><strong>instantissime</strong></span> <span class='ocrx_word' id='word_1_223' title='bbox 2853 1835 3032 1887; x_wconf 88' lang='lat' dir='ltr'><strong>oranti</strong></span> <span class='ocrx_word' id='word_1_224' title='bbox 3071 1834 3514 1888; x_wconf 91' lang='lat' dir='ltr'><strong>constitutionem</strong></span> <span class='ocrx_word' id='word_1_225' title='bbox 3547 1833 3703 1888; x_wconf 86' lang='lat' dir='ltr'><strong>eccle-</strong></span> 
     </span>
    </p>
   </div>
   <div class='ocr_carea' id='block_1_34' title="bbox 463 1913 2050 1997">
    <p class='ocr_par' dir='ltr' id='par_1_34' title="bbox 463 1913 2050 1997">
     <span class='ocr_line' id='line_1_34' title="bbox 463 1913 2050 1997; baseline -0.009 -17"><span class='ocrx_word' id='word_1_226' title='bbox 463 1927 1006 1997; x_wconf 75' lang='lat' dir='ltr'><strong>tlegehat,qn:eqne,</strong></span> <span class='ocrx_word' id='word_1_227' title='bbox 1039 1930 1098 1975; x_wconf 93' lang='lat' dir='ltr'><strong>ut</strong></span> <span class='ocrx_word' id='word_1_228' title='bbox 1148 1917 1517 1987; x_wconf 84' lang='lat' dir='ltr'><strong>Pachymercs</strong></span> <span class='ocrx_word' id='word_1_229' title='bbox 1565 1915 1764 1969; x_wconf 85' lang='lat' dir='ltr'><strong>alicubi</strong></span> <span class='ocrx_word' id='word_1_230' title='bbox 1805 1913 2050 1966; x_wconf 85' lang='lat' dir='ltr'><strong>timidius</strong></span> 
     </span>
    </p>
   </div>
   <div class='ocr_carea' id='block_1_35' title="bbox 468 2005 2051 2081">
    <p class='ocr_par' dir='ltr' id='par_1_35' title="bbox 468 2005 2051 2081">
     <span class='ocr_line' id='line_1_35' title="bbox 468 2005 2051 2081; baseline -0.011 -7"><span class='ocrx_word' id='word_1_231' title='bbox 468 2019 696 2081; x_wconf 87' lang='lat' dir='ltr'><strong>iudicat,</strong></span> <span class='ocrx_word' id='word_1_232' title='bbox 734 2015 902 2069; x_wconf 90' lang='lat' dir='ltr'><strong>multo</strong></span> <span class='ocrx_word' id='word_1_233' title='bbox 935 2024 1113 2067; x_wconf 90' lang='lat' dir='ltr'><strong>autem</strong></span> <span class='ocrx_word' id='word_1_234' title='bbox 1147 2010 1420 2066; x_wconf 86' lang='lat' dir='ltr'><strong>exsertius</strong></span> <span class='ocrx_word' id='word_1_235' title='bbox 1452 2007 1721 2077; x_wconf 77' lang='lat' dir='ltr'><strong>Gregoras</strong></span> <span class='ocrx_word' id='word_1_236' title='bbox 1744 2005 2051 2076; x_wconf 77' lang='lat' dir='ltr'><strong>proﬁtetur,</strong></span> 
     </span>
    </p>
   </div>
   <div class='ocr_carea' id='block_1_36' title="bbox 463 2097 2049 2172">
    <p class='ocr_par' dir='ltr' id='par_1_36' title="bbox 463 2097 2049 2172">
     <span class='ocr_line' id='line_1_36' title="bbox 463 2097 2049 2172; baseline -0.01 -7"><span class='ocrx_word' id='word_1_237' title='bbox 463 2115 707 2166; x_wconf 82' lang='lat' dir='ltr'><strong>rationes</strong></span> <span class='ocrx_word' id='word_1_238' title='bbox 735 2109 790 2163; x_wconf 93' lang='lat' dir='ltr'><strong>in</strong></span> <span class='ocrx_word' id='word_1_239' title='bbox 827 2107 1011 2161; x_wconf 85' lang='lat' dir='ltr'><strong>multis</strong></span> <span class='ocrx_word' id='word_1_240' title='bbox 1069 2117 1306 2172; x_wconf 86' lang='lat' dir='ltr'><strong>sequens</strong></span> <span class='ocrx_word' id='word_1_241' title='bbox 1347 2101 1597 2172; x_wconf 88' lang='lat' dir='ltr'><strong>proprias</strong></span> <span class='ocrx_word' id='word_1_242' title='bbox 1633 2099 1776 2154; x_wconf 88' lang='lat' dir='ltr'><strong>haud</strong></span> <span class='ocrx_word' id='word_1_243' title='bbox 1823 2097 2049 2153; x_wconf 90' lang='lat' dir='ltr'><strong>multum</strong></span> 
     </span>
    </p>
   </div>
   <div class='ocr_carea' id='block_1_37' title="bbox 463 2187 2050 2264">
    <p class='ocr_par' dir='ltr' id='par_1_37' title="bbox 463 2187 2050 2264">
     <span class='ocr_line' id='line_1_37' title="bbox 463 2187 2050 2264; baseline -0.011 -7"><span class='ocrx_word' id='word_1_244' title='bbox 463 2202 702 2258; x_wconf 80' lang='lat' dir='ltr'><strong>obnoxie</strong></span> <span class='ocrx_word' id='word_1_245' title='bbox 761 2196 943 2251; x_wconf 83' lang='lat' dir='ltr'><strong>mariti</strong></span> <span class='ocrx_word' id='word_1_246' title='bbox 1001 2194 1219 2264; x_wconf 87' lang='lat' dir='ltr'><strong>placitis</strong></span> <span class='ocrx_word' id='word_1_247' title='bbox 1269 2205 1396 2246; x_wconf 88' lang='lat' dir='ltr'><strong>suas</strong></span> <span class='ocrx_word' id='word_1_248' title='bbox 1449 2190 1780 2259; x_wconf 67' lang='lat' dir='ltr'><strong>subiungere</strong></span> <span class='ocrx_word' id='word_1_249' title='bbox 1838 2187 2050 2243; x_wconf 82' lang='lat' dir='ltr'><strong>solebat</strong></span> 
     </span>
    </p>
   </div>
   <div class='ocr_carea' id='block_1_38' title="bbox 463 2280 2052 2365">
    <p class='ocr_par' dir='ltr' id='par_1_38' title="bbox 463 2280 2052 2365">
     <span class='ocr_line' id='line_1_38' title="bbox 463 2280 2052 2365; baseline -0.007 -22"><span class='ocrx_word' id='word_1_250' title='bbox 463 2294 788 2355; x_wconf 72' lang='lat' dir='ltr'><strong>voluntates,</strong></span> <span class='ocrx_word' id='word_1_251' title='bbox 826 2289 1090 2360; x_wconf 88' lang='lat' dir='ltr'><strong>aptiorem</strong></span> <span class='ocrx_word' id='word_1_252' title='bbox 1140 2284 1498 2365; x_wconf 63' lang='lat' dir='ltr'><strong>praerogativa</strong></span> <span class='ocrx_word' id='word_1_253' title='bbox 1545 2282 1721 2337; x_wconf 65' lang='lat' dir='ltr'><strong>aetatis</strong></span> <span class='ocrx_word' id='word_1_254' title='bbox 1765 2280 2052 2335; x_wconf 90' lang='lat' dir='ltr'><strong>adultioris</strong></span> 
     </span>
    </p>
   </div>
   <div class='ocr_carea' id='block_1_39' title="bbox 463 2373 2048 2444">
    <p class='ocr_par' dir='ltr' id='par_1_39' title="bbox 463 2373 2048 2444">
     <span class='ocr_line' id='line_1_39' title="bbox 463 2373 2048 2444; baseline -0.007 -8"><span class='ocrx_word' id='word_1_255' title='bbox 463 2384 531 2436; x_wconf 88' lang='lat' dir='ltr'><strong>ad</strong></span> <span class='ocrx_word' id='word_1_256' title='bbox 559 2384 660 2438; x_wconf 89' lang='lat' dir='ltr'><strong>hoc</strong></span> <span class='ocrx_word' id='word_1_257' title='bbox 684 2379 1035 2436; x_wconf 86' lang='lat' dir='ltr'><strong>Theodorum</strong></span> <span class='ocrx_word' id='word_1_258' title='bbox 1072 2384 1383 2439; x_wconf 84' lang='lat' dir='ltr'><strong>autumans,</strong></span> <span class='ocrx_word' id='word_1_259' title='bbox 1418 2389 1539 2429; x_wconf 91' lang='lat' dir='ltr'><strong>eum</strong></span> <span class='ocrx_word' id='word_1_260' title='bbox 1563 2390 1627 2427; x_wconf 77' lang='lat' dir='ltr'><strong>ex</strong></span> <span class='ocrx_word' id='word_1_261' title='bbox 1667 2373 2048 2444; x_wconf 87' lang='lat' dir='ltr'><strong>propinquiori</strong></span> 
     </span>
    </p>
   </div>
   <div class='ocr_carea' id='block_1_40' title="bbox 465 2463 2046 2536">
    <p class='ocr_par' dir='ltr' id='par_1_40' title="bbox 465 2463 2046 2536">
     <span class='ocr_line' id='line_1_40' title="bbox 465 2463 2046 2536; baseline -0.008 -7"><span class='ocrx_word' id='word_1_262' title='bbox 465 2485 690 2529; x_wconf 89' lang='lat' dir='ltr'><strong>strenue</strong></span> <span class='ocrx_word' id='word_1_263' title='bbox 748 2471 986 2536; x_wconf 86' lang='lat' dir='ltr'><strong>mittens,</strong></span> <span class='ocrx_word' id='word_1_264' title='bbox 1049 2468 1342 2524; x_wconf 86' lang='lat' dir='ltr'><strong>adventum</strong></span> <span class='ocrx_word' id='word_1_265' title='bbox 1431 2465 1691 2521; x_wconf 88' lang='lat' dir='ltr'><strong>Demetrii</strong></span> <span class='ocrx_word' id='word_1_266' title='bbox 1761 2463 2046 2534; x_wconf 68' lang='lat' dir='ltr'><strong>prmveuit.</strong></span> 
     </span>
    </p>
   </div>
   <div class='ocr_carea' id='block_1_41' title="bbox 464 2556 2044 2632">
    <p class='ocr_par' dir='ltr' id='par_1_41' title="bbox 464 2556 2044 2632">
     <span class='ocr_line' id='line_1_41' title="bbox 464 2556 2044 2632; baseline -0.006 -15"><span class='ocrx_word' id='word_1_267' title='bbox 464 2567 647 2632; x_wconf 82' lang='lat' dir='ltr'><strong>Quare</strong></span> <span class='ocrx_word' id='word_1_268' title='bbox 667 2563 1075 2619; x_wconf 88' lang='lat' dir='ltr'><strong>marcbionatus</strong></span> <span class='ocrx_word' id='word_1_269' title='bbox 1103 2559 1626 2614; x_wconf 84' lang='lat' dir='ltr'><strong>Montisferratensis</strong></span> <span class='ocrx_word' id='word_1_270' title='bbox 1649 2556 2044 2626; x_wconf 88' lang='lat' dir='ltr'><strong>possessionem</strong></span> 
     </span>
    </p>
   </div>
   <div class='ocr_carea' id='block_1_42' title="bbox 466 2647 2050 2721">
    <p class='ocr_par' dir='ltr' id='par_1_42' title="bbox 466 2647 2050 2721">
     <span class='ocr_line' id='line_1_42' title="bbox 466 2647 2050 2721; baseline -0.008 -7"><span class='ocrx_word' id='word_1_271' title='bbox 466 2658 790 2714; x_wconf 84' lang='lat' dir='ltr'><strong>Theodorus</strong></span> <span class='ocrx_word' id='word_1_272' title='bbox 812 2656 968 2720; x_wconf 85' lang='lat' dir='ltr'><strong>adiit,</strong></span> <span class='ocrx_word' id='word_1_273' title='bbox 998 2655 1224 2721; x_wconf 77' lang='lat' dir='ltr'><strong>conjuge</strong></span> <span class='ocrx_word' id='word_1_274' title='bbox 1257 2659 1478 2720; x_wconf 81' lang='lat' dir='ltr'><strong>accepta</strong></span> <span class='ocrx_word' id='word_1_275' title='bbox 1505 2649 1711 2718; x_wconf 86' lang='lat' dir='ltr'><strong>Spiunli</strong></span> <span class='ocrx_word' id='word_1_276' title='bbox 1742 2647 2050 2703; x_wconf 85' lang='lat' dir='ltr'><strong>Genuensis</strong></span> 
     </span>
    </p>
   </div>
   <div class='ocr_carea' id='block_1_43' title="bbox 462 2743 2043 2821">
    <p class='ocr_par' dir='ltr' id='par_1_43' title="bbox 462 2743 2043 2821">
     <span class='ocr_line' id='line_1_43' title="bbox 462 2743 2043 2821; baseline -0.006 -17"><span class='ocrx_word' id='word_1_277' title='bbox 462 2753 564 2806; x_wconf 87' lang='lat' dir='ltr'><strong>viri</strong></span> <span class='ocrx_word' id='word_1_278' title='bbox 616 2752 858 2821; x_wconf 89' lang='lat' dir='ltr'><strong>primarii</strong></span> <span class='ocrx_word' id='word_1_279' title='bbox 900 2749 1030 2814; x_wconf 85' lang='lat' dir='ltr'><strong>lilia,</strong></span> <span class='ocrx_word' id='word_1_280' title='bbox 1077 2763 1146 2803; x_wconf 81' lang='lat' dir='ltr'><strong>ex</strong></span> <span class='ocrx_word' id='word_1_281' title='bbox 1197 2763 1302 2816; x_wconf 88' lang='lat' dir='ltr'><strong>qua</strong></span> <span class='ocrx_word' id='word_1_282' title='bbox 1357 2759 1490 2799; x_wconf 84' lang='lat' dir='ltr'><strong>cum</strong></span> <span class='ocrx_word' id='word_1_283' title='bbox 1531 2745 1740 2815; x_wconf 86' lang='lat' dir='ltr'><strong>prolem</strong></span> <span class='ocrx_word' id='word_1_284' title='bbox 1771 2743 2043 2797; x_wconf 81' lang='lat' dir='ltr'><strong>duntaxat</strong></span> 
     </span>
    </p>
   </div>
   <div class='ocr_carea' id='block_1_44' title="bbox 460 2837 2045 2910">
    <p class='ocr_par' dir='ltr' id='par_1_44' title="bbox 460 2837 2045 2910">
     <span class='ocr_line' id='line_1_44' title="bbox 460 2837 2045 2910; baseline -0.007 -11"><span class='ocrx_word' id='word_1_285' title='bbox 460 2844 780 2900; x_wconf 79' lang='lat' dir='ltr'><strong>fentittittatn</strong></span> <span class='ocrx_word' id='word_1_286' title='bbox 817 2840 1157 2910; x_wconf 87' lang='lat' dir='ltr'><strong>suscepisset</strong></span> <span class='ocrx_word' id='word_1_287' title='bbox 1206 2848 1260 2893; x_wconf 91' lang='lat' dir='ltr'><strong>et</strong></span> <span class='ocrx_word' id='word_1_288' title='bbox 1284 2837 1366 2894; x_wconf 90' lang='lat' dir='ltr'><strong>sic</strong></span> <span class='ocrx_word' id='word_1_289' title='bbox 1388 2837 1617 2894; x_wconf 86' lang='lat' dir='ltr'><strong>obiisset</strong></span> <span class='ocrx_word' id='word_1_290' title='bbox 1650 2838 1766 2892; x_wconf 91' lang='lat' dir='ltr'><strong>sine</strong></span> <span class='ocrx_word' id='word_1_291' title='bbox 1804 2837 2045 2891; x_wconf 89' lang='lat' dir='ltr'><strong>mascula</strong></span> 
     </span>
    </p>
   </div>
   <div class='ocr_carea' id='block_1_45' title="bbox 460 2928 2048 3002">
    <p class='ocr_par' dir='ltr' id='par_1_45' title="bbox 460 2928 2048 3002">
     <span class='ocr_line' id='line_1_45' title="bbox 460 2928 2048 3002; baseline -0.008 -9"><span class='ocrx_word' id='word_1_292' title='bbox 460 2938 670 3002; x_wconf 87' lang='lat' dir='ltr'><strong>sobole,</strong></span> <span class='ocrx_word' id='word_1_293' title='bbox 696 2933 1228 2990; x_wconf 79' lang='lat' dir='ltr'><strong>lllontisl‘errateuses</strong></span> <span class='ocrx_word' id='word_1_294' title='bbox 1252 2928 1518 2986; x_wconf 79' lang='lat' dir='ltr'><strong>Joannem</strong></span> <span class='ocrx_word' id='word_1_295' title='bbox 1550 2928 1836 3000; x_wconf 86' lang='lat' dir='ltr'><strong>despotam</strong></span> <span class='ocrx_word' id='word_1_296' title='bbox 1872 2930 2048 2982; x_wconf 86' lang='lat' dir='ltr'><strong>nomi-</strong></span> 
     </span>
    </p>
   </div>
   <div class='ocr_carea' id='block_1_46' title="bbox 460 3022 2048 3096">
    <p class='ocr_par' dir='ltr' id='par_1_46' title="bbox 460 3022 2048 3096">
     <span class='ocr_line' id='line_1_46' title="bbox 460 3022 2048 3096; baseline -0.006 -11"><span class='ocrx_word' id='word_1_297' title='bbox 460 3032 630 3086; x_wconf 73' lang='lat' dir='ltr'><strong>natim</strong></span> <span class='ocrx_word' id='word_1_298' title='bbox 663 3039 722 3082; x_wconf 91' lang='lat' dir='ltr'><strong>ut</strong></span> <span class='ocrx_word' id='word_1_299' title='bbox 755 3026 1174 3096; x_wconf 78' lang='lat' dir='ltr'><strong>primogenitum</strong></span> <span class='ocrx_word' id='word_1_300' title='bbox 1215 3023 1400 3079; x_wconf 89' lang='lat' dir='ltr'><strong>lreues</strong></span> <span class='ocrx_word' id='word_1_301' title='bbox 1436 3022 1494 3077; x_wconf 89' lang='lat' dir='ltr'><strong>in</strong></span> <span class='ocrx_word' id='word_1_302' title='bbox 1539 3022 1838 3092; x_wconf 84' lang='lat' dir='ltr'><strong>principem</strong></span> <span class='ocrx_word' id='word_1_303' title='bbox 1873 3023 2048 3092; x_wconf 85' lang='lat' dir='ltr'><strong>petie-</strong></span> 
     </span>
    </p>
   </div>
   <div class='ocr_carea' id='block_1_47' title="bbox 2154 1925 3707 1993">
    <p class='ocr_par' dir='ltr' id='par_1_47' title="bbox 2154 1925 3707 1993">
     <span class='ocr_line' id='line_1_47' title="bbox 2154 1925 3707 1993; baseline -0.002 -13"><span class='ocrx_word' id='word_1_304' title='bbox 2154 1925 2435 1980; x_wconf 87' lang='lat' dir='ltr'><strong>siasticam</strong></span> <span class='ocrx_word' id='word_1_305' title='bbox 2500 1938 2610 1993; x_wconf 86' lang='lat' dir='ltr'><strong>qua</strong></span> <span class='ocrx_word' id='word_1_306' title='bbox 2676 1927 2777 1978; x_wconf 86' lang='lat' dir='ltr'><strong>sub</strong></span> <span class='ocrx_word' id='word_1_307' title='bbox 2859 1925 3306 1980; x_wconf 86' lang='lat' dir='ltr'><strong>interminatione</strong></span> <span class='ocrx_word' id='word_1_308' title='bbox 3374 1925 3707 1979; x_wconf 87' lang='lat' dir='ltr'><strong>anathematis</strong></span> 
     </span>
    </p>
   </div>
   <div class='ocr_carea' id='block_1_48' title="bbox 2154 2015 3706 2088">
    <p class='ocr_par' dir='ltr' id='par_1_48' title="bbox 2154 2015 3706 2088">
     <span class='ocr_line' id='line_1_48' title="bbox 2154 2015 3706 2088; baseline -0.004 -14"><span class='ocrx_word' id='word_1_309' title='bbox 2154 2031 2346 2074; x_wconf 90' lang='lat' dir='ltr'><strong>omnes</strong></span> <span class='ocrx_word' id='word_1_310' title='bbox 2398 2017 2628 2087; x_wconf 89' lang='lat' dir='ltr'><strong>imperio</strong></span> <span class='ocrx_word' id='word_1_311' title='bbox 2672 2015 3223 2083; x_wconf 87' lang='lat' dir='ltr'><strong>subditijuberentur</strong></span> <span class='ocrx_word' id='word_1_312' title='bbox 3252 2017 3495 2073; x_wconf 72' lang='lat' dir='ltr'><strong>Michaeli</strong></span> <span class='ocrx_word' id='word_1_313' title='bbox 3527 2016 3706 2088; x_wconf 85' lang='lat' dir='ltr'><strong>juniori</strong></span> 
     </span>
    </p>
   </div>
   <div class='ocr_carea' id='block_1_49' title="bbox 2152 2107 3708 2180">
    <p class='ocr_par' dir='ltr' id='par_1_49' title="bbox 2152 2107 3708 2180">
     <span class='ocr_line' id='line_1_49' title="bbox 2152 2107 3708 2180; baseline -0.003 -16"><span class='ocrx_word' id='word_1_314' title='bbox 2152 2109 2397 2178; x_wconf 82' lang='lat' dir='ltr'><strong>Angusto</strong></span> <span class='ocrx_word' id='word_1_315' title='bbox 2430 2109 2588 2163; x_wconf 88' lang='lat' dir='ltr'><strong>fidem</strong></span> <span class='ocrx_word' id='word_1_316' title='bbox 2619 2117 2674 2164; x_wconf 91' lang='lat' dir='ltr'><strong>et</strong></span> <span class='ocrx_word' id='word_1_317' title='bbox 2704 2107 3067 2164; x_wconf 84' lang='lat' dir='ltr'><strong>obedientiam</strong></span> <span class='ocrx_word' id='word_1_318' title='bbox 3106 2121 3390 2180; x_wconf 68' lang='lat' dir='ltr'><strong>praestare,</strong></span> <span class='ocrx_word' id='word_1_319' title='bbox 3415 2111 3558 2179; x_wconf 89' lang='lat' dir='ltr'><strong>quasi</strong></span> <span class='ocrx_word' id='word_1_320' title='bbox 3584 2117 3708 2163; x_wconf 84' lang='lat' dir='ltr'><strong>esset</strong></span> 
     </span>
    </p>
   </div>
   <div class='ocr_carea' id='block_1_50' title="bbox 2156 2201 3712 2270">
    <p class='ocr_par' dir='ltr' id='par_1_50' title="bbox 2156 2201 3712 2270">
     <span class='ocr_line' id='line_1_50' title="bbox 2156 2201 3712 2270; baseline -0.002 -14"><span class='ocrx_word' id='word_1_321' title='bbox 2156 2202 2224 2256; x_wconf 89' lang='lat' dir='ltr'><strong>ab</strong></span> <span class='ocrx_word' id='word_1_322' title='bbox 2259 2201 2514 2258; x_wconf 78' lang='lat' dir='ltr'><strong>Ecclesiae</strong></span> <span class='ocrx_word' id='word_1_323' title='bbox 2560 2212 2803 2254; x_wconf 87' lang='lat' dir='ltr'><strong>materna</strong></span> <span class='ocrx_word' id='word_1_324' title='bbox 2844 2201 3068 2257; x_wconf 89' lang='lat' dir='ltr'><strong>lenitate</strong></span> <span class='ocrx_word' id='word_1_325' title='bbox 3108 2203 3347 2258; x_wconf 90' lang='lat' dir='ltr'><strong>alienum</strong></span> <span class='ocrx_word' id='word_1_326' title='bbox 3373 2202 3505 2257; x_wconf 90' lang='lat' dir='ltr'><strong>diris</strong></span> <span class='ocrx_word' id='word_1_327' title='bbox 3533 2201 3584 2255; x_wconf 90' lang='lat' dir='ltr'><strong>in</strong></span> <span class='ocrx_word' id='word_1_328' title='bbox 3607 2214 3712 2270; x_wconf 88' lang='lat' dir='ltr'><strong>per-</strong></span> 
     </span>
    </p>
   </div>
   <div class='ocr_carea' id='block_1_51' title="bbox 2152 2291 3714 2362">
    <p class='ocr_par' dir='ltr' id='par_1_51' title="bbox 2152 2291 3714 2362">
     <span class='ocr_line' id='line_1_51' title="bbox 2152 2291 3714 2362; baseline -0.006 -12"><span class='ocrx_word' id='word_1_329' title='bbox 2152 2295 2356 2350; x_wconf 90' lang='lat' dir='ltr'><strong>duelles</strong></span> <span class='ocrx_word' id='word_1_330' title='bbox 2393 2294 2619 2358; x_wconf 60' lang='lat' dir='ltr'><strong>saevire;</strong></span> <span class='ocrx_word' id='word_1_331' title='bbox 2657 2300 2710 2347; x_wconf 90' lang='lat' dir='ltr'><strong>et</strong></span> <span class='ocrx_word' id='word_1_332' title='bbox 2739 2293 2897 2348; x_wconf 89' lang='lat' dir='ltr'><strong>istius</strong></span> <span class='ocrx_word' id='word_1_333' title='bbox 2953 2295 3007 2346; x_wconf 93' lang='lat' dir='ltr'><strong>in</strong></span> <span class='ocrx_word' id='word_1_334' title='bbox 3047 2291 3312 2349; x_wconf 90' lang='lat' dir='ltr'><strong>ultionem</strong></span> <span class='ocrx_word' id='word_1_335' title='bbox 3367 2293 3586 2362; x_wconf 75' lang='lat' dir='ltr'><strong>repulsa:</strong></span> <span class='ocrx_word' id='word_1_336' title='bbox 3619 2291 3714 2342; x_wconf 83' lang='lat' dir='ltr'><strong>Au-</strong></span> 
     </span>
    </p>
   </div>
   <div class='ocr_carea' id='block_1_52' title="bbox 2151 2383 3712 2453">
    <p class='ocr_par' dir='ltr' id='par_1_52' title="bbox 2151 2383 3712 2453">
     <span class='ocr_line' id='line_1_52' title="bbox 2151 2383 3712 2453; baseline -0.004 -13"><span class='ocrx_word' id='word_1_337' title='bbox 2151 2387 2438 2441; x_wconf 82' lang='lat' dir='ltr'><strong>dronicam</strong></span> <span class='ocrx_word' id='word_1_338' title='bbox 2470 2386 2721 2441; x_wconf 83' lang='lat' dir='ltr'><strong>eumdem</strong></span> <span class='ocrx_word' id='word_1_339' title='bbox 2763 2385 3039 2439; x_wconf 84' lang='lat' dir='ltr'><strong>Novellam</strong></span> <span class='ocrx_word' id='word_1_340' title='bbox 3069 2386 3340 2452; x_wconf 88' lang='lat' dir='ltr'><strong>edidisse,</strong></span> <span class='ocrx_word' id='word_1_341' title='bbox 3370 2401 3472 2453; x_wconf 91' lang='lat' dir='ltr'><strong>qua</strong></span> <span class='ocrx_word' id='word_1_342' title='bbox 3495 2383 3712 2452; x_wconf 72' lang='lat' dir='ltr'><strong>largitio-</strong></span> 
     </span>
    </p>
   </div>
   <div class='ocr_carea' id='block_1_53' title="bbox 2153 2478 3711 2549">
    <p class='ocr_par' dir='ltr' id='par_1_53' title="bbox 2153 2478 3711 2549">
     <span class='ocr_line' id='line_1_53' title="bbox 2153 2478 3711 2549; baseline -0.002 -16"><span class='ocrx_word' id='word_1_343' title='bbox 2153 2495 2272 2533; x_wconf 90' lang='lat' dir='ltr'><strong>nem</strong></span> <span class='ocrx_word' id='word_1_344' title='bbox 2312 2479 2684 2548; x_wconf 86' lang='lat' dir='ltr'><strong>sportularum</strong></span> <span class='ocrx_word' id='word_1_345' title='bbox 2743 2479 2796 2531; x_wconf 93' lang='lat' dir='ltr'><strong>in</strong></span> <span class='ocrx_word' id='word_1_346' title='bbox 2848 2479 3239 2549; x_wconf 87' lang='lat' dir='ltr'><strong>episcoporum</strong></span> <span class='ocrx_word' id='word_1_347' title='bbox 3298 2478 3711 2535; x_wconf 83' lang='lat' dir='ltr'><strong>ordinationibus</strong></span> 
     </span>
    </p>
   </div>
   <div class='ocr_carea' id='block_1_54' title="bbox 2151 2569 3710 2641">
    <p class='ocr_par' dir='ltr' id='par_1_54' title="bbox 2151 2569 3710 2641">
     <span class='ocr_line' id='line_1_54' title="bbox 2151 2569 3710 2641; baseline -0.006 -15"><span class='ocrx_word' id='word_1_348' title='bbox 2151 2573 2406 2626; x_wconf 86' lang='lat' dir='ltr'><strong>usitatam</strong></span> <span class='ocrx_word' id='word_1_349' title='bbox 2449 2585 2517 2624; x_wconf 82' lang='lat' dir='ltr'><strong>ex</strong></span> <span class='ocrx_word' id='word_1_350' title='bbox 2563 2569 2723 2640; x_wconf 84' lang='lat' dir='ltr'><strong>longo</strong></span> <span class='ocrx_word' id='word_1_351' title='bbox 2749 2571 3224 2641; x_wconf 88' lang='lat' dir='ltr'><strong>Constantinopoli</strong></span> <span class='ocrx_word' id='word_1_352' title='bbox 3280 2582 3340 2625; x_wconf 91' lang='lat' dir='ltr'><strong>ut</strong></span> <span class='ocrx_word' id='word_1_353' title='bbox 3371 2569 3710 2626; x_wconf 81' lang='lat' dir='ltr'><strong>Simouiacatn</strong></span> 
     </span>
    </p>
   </div>
   <div class='ocr_carea' id='block_1_55' title="bbox 2149 2661 3712 2734">
    <p class='ocr_par' dir='ltr' id='par_1_55' title="bbox 2149 2661 3712 2734">
     <span class='ocr_line' id='line_1_55' title="bbox 2149 2661 3712 2734; baseline -0.004 -18"><span class='ocrx_word' id='word_1_354' title='bbox 2149 2663 2443 2717; x_wconf 86' lang='lat' dir='ltr'><strong>damnabat</strong></span> <span class='ocrx_word' id='word_1_355' title='bbox 2491 2671 2545 2718; x_wconf 90' lang='lat' dir='ltr'><strong>et</strong></span> <span class='ocrx_word' id='word_1_356' title='bbox 2597 2664 2857 2733; x_wconf 88' lang='lat' dir='ltr'><strong>deinceps</strong></span> <span class='ocrx_word' id='word_1_357' title='bbox 2898 2664 3146 2718; x_wconf 89' lang='lat' dir='ltr'><strong>adhiberi</strong></span> <span class='ocrx_word' id='word_1_358' title='bbox 3200 2664 3544 2734; x_wconf 90' lang='lat' dir='ltr'><strong>prohibebat,</strong></span> <span class='ocrx_word' id='word_1_359' title='bbox 3574 2661 3712 2713; x_wconf 84' lang='lat' dir='ltr'><strong>vicis-</strong></span> 
     </span>
    </p>
   </div>
   <div class='ocr_carea' id='block_1_56' title="bbox 2148 2751 3714 2825">
    <p class='ocr_par' dir='ltr' id='par_1_56' title="bbox 2148 2751 3714 2825">
     <span class='ocr_line' id='line_1_56' title="bbox 2148 2751 3714 2825; baseline -0.006 -14"><span class='ocrx_word' id='word_1_360' title='bbox 2148 2758 2253 2811; x_wconf 86' lang='lat' dir='ltr'><strong>sim</strong></span> <span class='ocrx_word' id='word_1_361' title='bbox 2285 2771 2451 2812; x_wconf 80' lang='lat' dir='ltr'><strong>ureus</strong></span> <span class='ocrx_word' id='word_1_362' title='bbox 2500 2765 2764 2823; x_wconf 80' lang='lat' dir='ltr'><strong>praetextu</strong></span> <span class='ocrx_word' id='word_1_363' title='bbox 2811 2756 3042 2825; x_wconf 83' lang='lat' dir='ltr'><strong>quaesito</strong></span> <span class='ocrx_word' id='word_1_364' title='bbox 3072 2769 3166 2810; x_wconf 86' lang='lat' dir='ltr'><strong>eos</strong></span> <span class='ocrx_word' id='word_1_365' title='bbox 3202 2756 3296 2825; x_wconf 92' lang='lat' dir='ltr'><strong>qui</strong></span> <span class='ocrx_word' id='word_1_366' title='bbox 3322 2770 3381 2812; x_wconf 88' lang='lat' dir='ltr'><strong>se</strong></span> <span class='ocrx_word' id='word_1_367' title='bbox 3419 2751 3582 2810; x_wconf 91' lang='lat' dir='ltr'><strong>nihilo</strong></span> <span class='ocrx_word' id='word_1_368' title='bbox 3607 2765 3714 2822; x_wconf 86' lang='lat' dir='ltr'><strong>pro-</strong></span> 
     </span>
    </p>
   </div>
   <div class='ocr_carea' id='block_1_57' title="bbox 2151 2848 3057 2919">
    <p class='ocr_par' dir='ltr' id='par_1_57' title="bbox 2151 2848 3057 2919">
     <span class='ocr_line' id='line_1_57' title="bbox 2151 2848 3057 2919; baseline 0 -17"><span class='ocrx_word' id='word_1_369' title='bbox 2151 2848 2403 2902; x_wconf 87' lang='lat' dir='ltr'><strong>babiliori</strong></span> <span class='ocrx_word' id='word_1_370' title='bbox 2436 2848 2660 2902; x_wconf 91' lang='lat' dir='ltr'><strong>obtentu</strong></span> <span class='ocrx_word' id='word_1_371' title='bbox 2691 2857 3057 2919; x_wconf 80' lang='lat' dir='ltr'><strong>pupttgcrant.</strong></span> 
     </span>
    </p>
   </div>
   <div class='ocr_carea' id='block_1_58' title="bbox 2218 2939 3712 3012">
    <p class='ocr_par' dir='ltr' id='par_1_58' title="bbox 2218 2939 3712 3012">
     <span class='ocr_line' id='line_1_58' title="bbox 2218 2939 3712 3012; baseline -0.003 -18"><span class='ocrx_word' id='word_1_372' title='bbox 2218 2943 2299 2995; x_wconf 81' lang='lat' dir='ltr'><strong>Ad</strong></span> <span class='ocrx_word' id='word_1_373' title='bbox 2362 2943 2656 2997; x_wconf 88' lang='lat' dir='ltr'><strong>astruenda</strong></span> <span class='ocrx_word' id='word_1_374' title='bbox 2707 2957 2828 3011; x_wconf 71' lang='lat' dir='ltr'><strong>quas</strong></span> <span class='ocrx_word' id='word_1_375' title='bbox 2882 2942 3044 2997; x_wconf 93' lang='lat' dir='ltr'><strong>modo</strong></span> <span class='ocrx_word' id='word_1_376' title='bbox 3097 2939 3237 3006; x_wconf 88' lang='lat' dir='ltr'><strong>dixi,</strong></span> <span class='ocrx_word' id='word_1_377' title='bbox 3266 2941 3539 3012; x_wconf 89' lang='lat' dir='ltr'><strong>pertinere</strong></span> <span class='ocrx_word' id='word_1_378' title='bbox 3593 2948 3712 3008; x_wconf 88' lang='lat' dir='ltr'><strong>puto</strong></span> 
     </span>
    </p>
   </div>
   <div class='ocr_carea' id='block_1_59' title="bbox 2150 3028 3716 3103">
    <p class='ocr_par' dir='ltr' id='par_1_59' title="bbox 2150 3028 3716 3103">
     <span class='ocr_line' id='line_1_59' title="bbox 2150 3028 3716 3103; baseline -0.003 -17"><span class='ocrx_word' id='word_1_379' title='bbox 2150 3041 2337 3086; x_wconf 85' lang='lat' dir='ltr'><strong>notam</strong></span> <span class='ocrx_word' id='word_1_380' title='bbox 2405 3032 2760 3103; x_wconf 67' lang='lat' dir='ltr'><strong>marginalcm</strong></span> <span class='ocrx_word' id='word_1_381' title='bbox 2821 3046 2851 3086; x_wconf 91' lang='lat' dir='ltr'><strong>a</strong></span> <span class='ocrx_word' id='word_1_382' title='bbox 2905 3031 3112 3087; x_wconf 89' lang='lat' dir='ltr'><strong>lectore</strong></span> <span class='ocrx_word' id='word_1_383' title='bbox 3159 3031 3358 3087; x_wconf 82' lang='lat' dir='ltr'><strong>Graeco</strong></span> <span class='ocrx_word' id='word_1_384' title='bbox 3411 3047 3564 3086; x_wconf 89' lang='lat' dir='ltr'><strong>manu</strong></span> <span class='ocrx_word' id='word_1_385' title='bbox 3599 3028 3716 3084; x_wconf 85' lang='lat' dir='ltr'><strong>satis</strong></span> 
     </span>
    </p>
   </div>
   <div class='ocr_carea' id='block_1_60' title="bbox 460 3114 3718 3214">
    <p class='ocr_par' dir='ltr' id='par_1_60' title="bbox 460 3114 3718 3214">
     <span class='ocr_line' id='line_1_60' title="bbox 460 3114 3718 3214; baseline -0.003 -37"><span class='ocrx_word' id='word_1_386' title='bbox 460 3131 611 3187; x_wconf 89' lang='lat' dir='ltr'><strong>runt,</strong></span> <span class='ocrx_word' id='word_1_387' title='bbox 650 3121 1122 3190; x_wconf 85' lang='lat' dir='ltr'><strong>impetraruntque</strong></span> <span class='ocrx_word' id='word_1_388' title='bbox 1155 3117 1396 3172; x_wconf 85' lang='lat' dir='ltr'><strong>tandem.</strong></span> <span class='ocrx_word' id='word_1_389' title='bbox 1428 3114 1558 3170; x_wconf 67' lang='lat' dir='ltr'><strong>llaec</strong></span> <span class='ocrx_word' id='word_1_390' title='bbox 1595 3123 1781 3168; x_wconf 88' lang='lat' dir='ltr'><strong>narrat</strong></span> <span class='ocrx_word' id='word_1_391' title='bbox 1835 3123 2044 3180; x_wconf 89' lang='lat' dir='ltr'><strong>noster,</strong></span> <span class='ocrx_word' id='word_1_392' title='bbox 2071 3159 2114 3214; x_wconf 72' lang='lat' dir='ltr'><strong>c</strong></span> <span class='ocrx_word' id='word_1_393' title='bbox 2150 3123 2371 3190; x_wconf 72' lang='lat' dir='ltr'><strong>antiqua</strong></span> <span class='ocrx_word' id='word_1_394' title='bbox 2411 3123 2463 3176; x_wconf 87' lang='lat' dir='ltr'><strong>in</strong></span> <span class='ocrx_word' id='word_1_395' title='bbox 2501 3138 2593 3176; x_wconf 82' lang='lat' dir='ltr'><strong>ora</strong></span> <span class='ocrx_word' id='word_1_396' title='bbox 2630 3123 2911 3178; x_wconf 73' lang='lat' dir='ltr'><strong>Barberini</strong></span> <span class='ocrx_word' id='word_1_397' title='bbox 2942 3124 3148 3179; x_wconf 88' lang='lat' dir='ltr'><strong>codicis</strong></span> <span class='ocrx_word' id='word_1_398' title='bbox 3173 3127 3434 3194; x_wconf 85' lang='lat' dir='ltr'><strong>positam,</strong></span> <span class='ocrx_word' id='word_1_399' title='bbox 3467 3139 3495 3176; x_wconf 92' lang='lat' dir='ltr'><strong>e</strong></span> <span class='ocrx_word' id='word_1_400' title='bbox 3522 3121 3718 3190; x_wconf 82' lang='lat' dir='ltr'><strong>regione</strong></span> 
     </span>
    </p>
   </div>
   <div class='ocr_carea' id='block_1_61' title="bbox 461 3203 2045 3278">
    <p class='ocr_par' dir='ltr' id='par_1_61' title="bbox 461 3203 2045 3278">
     <span class='ocr_line' id='line_1_61' title="bbox 461 3203 2045 3278; baseline -0.006 -10"><span class='ocrx_word' id='word_1_401' title='bbox 461 3215 499 3270; x_wconf 75' lang='grc' dir='ltr'><strong>ι.</strong></span> <span class='ocrx_word' id='word_1_402' title='bbox 535 3229 631 3278; x_wconf 91' lang='lat' dir='ltr'><strong>vtt,</strong></span> <span class='ocrx_word' id='word_1_403' title='bbox 655 3230 704 3268; x_wconf 90' lang='lat' dir='ltr'><strong>c.</strong></span> <span class='ocrx_word' id='word_1_404' title='bbox 747 3211 835 3276; x_wconf 80' lang='lat' dir='ltr'><strong>l8,</strong></span> <span class='ocrx_word' id='word_1_405' title='bbox 866 3207 954 3266; x_wconf 90' lang='lat' dir='ltr'><strong>ubi</strong></span> <span class='ocrx_word' id='word_1_406' title='bbox 991 3221 1046 3263; x_wconf 91' lang='lat' dir='ltr'><strong>et</strong></span> <span class='ocrx_word' id='word_1_407' title='bbox 1085 3209 1343 3263; x_wconf 88' lang='lat' dir='ltr'><strong>observat</strong></span> <span class='ocrx_word' id='word_1_408' title='bbox 1401 3206 1550 3261; x_wconf 89' lang='lat' dir='ltr'><strong>hunc</strong></span> <span class='ocrx_word' id='word_1_409' title='bbox 1587 3203 1853 3260; x_wconf 84' lang='lat' dir='ltr'><strong>Joannem</strong></span> <span class='ocrx_word' id='word_1_410' title='bbox 1883 3204 2045 3272; x_wconf 87' lang='lat' dir='ltr'><strong>plane</strong></span> 
     </span>
    </p>
   </div>
   <div class='ocr_carea' id='block_1_62' title="bbox 465 3299 2042 3368">
    <p class='ocr_par' dir='ltr' id='par_1_62' title="bbox 465 3299 2042 3368">
     <span class='ocr_line' id='line_1_62' title="bbox 465 3299 2042 3368; baseline -0.007 -6"><span class='ocrx_word' id='word_1_411' title='bbox 465 3323 527 3362; x_wconf 88' lang='lat' dir='ltr'><strong>se</strong></span> <span class='ocrx_word' id='word_1_412' title='bbox 573 3305 1020 3362; x_wconf 80' lang='lat' dir='ltr'><strong>accommodasse</strong></span> <span class='ocrx_word' id='word_1_413' title='bbox 1072 3302 1139 3357; x_wconf 90' lang='lat' dir='ltr'><strong>ad</strong></span> <span class='ocrx_word' id='word_1_414' title='bbox 1190 3316 1371 3356; x_wconf 87' lang='lat' dir='ltr'><strong>mores</strong></span> <span class='ocrx_word' id='word_1_415' title='bbox 1422 3299 1682 3353; x_wconf 85' lang='lat' dir='ltr'><strong>Italorum</strong></span> <span class='ocrx_word' id='word_1_416' title='bbox 1740 3307 1796 3354; x_wconf 89' lang='lat' dir='ltr'><strong>et</strong></span> <span class='ocrx_word' id='word_1_417' title='bbox 1829 3307 2042 3368; x_wconf 77' lang='lat' dir='ltr'><strong>gratum</strong></span> 
     </span>
    </p>
   </div>
   <div class='ocr_carea' id='block_1_63' title="bbox 463 3389 2042 3463">
    <p class='ocr_par' dir='ltr' id='par_1_63' title="bbox 463 3389 2042 3463">
     <span class='ocr_line' id='line_1_63' title="bbox 463 3389 2042 3463; baseline -0.008 -9"><span class='ocrx_word' id='word_1_418' title='bbox 463 3399 697 3454; x_wconf 86' lang='lat' dir='ltr'><strong>subditis</strong></span> <span class='ocrx_word' id='word_1_419' title='bbox 763 3397 957 3451; x_wconf 86' lang='lat' dir='ltr'><strong>fuisse.</strong></span> <span class='ocrx_word' id='word_1_420' title='bbox 1019 3393 1356 3463; x_wconf 80' lang='lat' dir='ltr'><strong>Propagasse</strong></span> <span class='ocrx_word' id='word_1_421' title='bbox 1418 3392 1506 3446; x_wconf 90' lang='lat' dir='ltr'><strong>hic</strong></span> <span class='ocrx_word' id='word_1_422' title='bbox 1561 3391 1764 3448; x_wconf 89' lang='lat' dir='ltr'><strong>dicitur</strong></span> <span class='ocrx_word' id='word_1_423' title='bbox 1824 3389 2042 3460; x_wconf 81' lang='lat' dir='ltr'><strong>longam</strong></span> 
     </span>
    </p>
   </div>
   <div class='ocr_carea' id='block_1_64' title="bbox 459 3484 2044 3558">
    <p class='ocr_par' dir='ltr' id='par_1_64' title="bbox 459 3484 2044 3558">
     <span class='ocr_line' id='line_1_64' title="bbox 459 3484 2044 3558; baseline -0.006 -13"><span class='ocrx_word' id='word_1_424' title='bbox 459 3492 658 3546; x_wconf 81' lang='lat' dir='ltr'><strong>seriem</strong></span> <span class='ocrx_word' id='word_1_425' title='bbox 739 3489 1043 3558; x_wconf 85' lang='lat' dir='ltr'><strong>principum</strong></span> <span class='ocrx_word' id='word_1_426' title='bbox 1134 3501 1238 3540; x_wconf 93' lang='lat' dir='ltr'><strong>non</strong></span> <span class='ocrx_word' id='word_1_427' title='bbox 1319 3485 1792 3540; x_wconf 86' lang='lat' dir='ltr'><strong>schismaticorum</strong></span> <span class='ocrx_word' id='word_1_428' title='bbox 1849 3484 2044 3536; x_wconf 85' lang='lat' dir='ltr'><strong>domus</strong></span> 
     </span>
    </p>
   </div>
   <div class='ocr_carea' id='block_1_65' title="bbox 459 3574 2044 3650">
    <p class='ocr_par' dir='ltr' id='par_1_65' title="bbox 459 3574 2044 3650">
     <span class='ocr_line' id='line_1_65' title="bbox 459 3574 2044 3650; baseline -0.005 -14"><span class='ocrx_word' id='word_1_429' title='bbox 459 3581 851 3650; x_wconf 72' lang='lat' dir='ltr'><strong>Pal-.eologieze,</strong></span> <span class='ocrx_word' id='word_1_430' title='bbox 906 3579 958 3634; x_wconf 90' lang='lat' dir='ltr'><strong>in</strong></span> <span class='ocrx_word' id='word_1_431' title='bbox 1007 3593 1138 3634; x_wconf 88' lang='lat' dir='ltr'><strong>vera</strong></span> <span class='ocrx_word' id='word_1_432' title='bbox 1189 3576 1532 3649; x_wconf 88' lang='lat' dir='ltr'><strong>professione</strong></span> <span class='ocrx_word' id='word_1_433' title='bbox 1585 3575 1708 3631; x_wconf 90' lang='lat' dir='ltr'><strong>fidei</strong></span> <span class='ocrx_word' id='word_1_434' title='bbox 1758 3574 2044 3630; x_wconf 75' lang='lat' dir='ltr'><strong>catholicas</strong></span> 
     </span>
    </p>
   </div>
   <div class='ocr_carea' id='block_1_66' title="bbox 460 3673 742 3726">
    <p class='ocr_par' dir='ltr' id='par_1_66' title="bbox 460 3673 742 3726">
     <span class='ocr_line' id='line_1_66' title="bbox 460 3673 742 3726; baseline -0.004 0"><span class='ocrx_word' id='word_1_435' title='bbox 460 3673 742 3726; x_wconf 70' lang='lat' dir='ltr'><strong>Romamn.</strong></span> 
     </span>
    </p>
   </div>
   <div class='ocr_carea' id='block_1_67' title="bbox 479 3755 2044 3831">
    <p class='ocr_par' dir='ltr' id='par_1_67' title="bbox 479 3755 2044 3831">
     <span class='ocr_line' id='line_1_67' title="bbox 479 3755 2044 3831; baseline -0.005 -13"><span class='ocrx_word' id='word_1_436' title='bbox 479 3803 482 3810; x_wconf 87' lang='grc'><strong>-</strong></span> <span class='ocrx_word' id='word_1_437' title='bbox 532 3763 596 3818; x_wconf 87' lang='lat' dir='ltr'><strong>P.</strong></span> <span class='ocrx_word' id='word_1_438' title='bbox 640 3762 771 3816; x_wconf 70' lang='lat'><strong>202.</strong></span> <span class='ocrx_word' id='word_1_439' title='bbox 805 3759 1132 3814; x_wconf 63' lang='lat' dir='ltr'><strong>Inconcussa</strong></span> <span class='ocrx_word' id='word_1_440' title='bbox 1174 3759 1479 3831; x_wconf 76' lang='lat' dir='ltr'><strong>afﬁnitatis.</strong></span> <span class='ocrx_word' id='word_1_441' title='bbox 1512 3755 1643 3811; x_wconf 83' lang='lat' dir='ltr'><strong>Erat</strong></span> <span class='ocrx_word' id='word_1_442' title='bbox 1671 3759 1775 3812; x_wconf 88' lang='lat' dir='ltr'><strong>ista</strong></span> <span class='ocrx_word' id='word_1_443' title='bbox 1805 3756 2044 3811; x_wconf 82' lang='lat' dir='ltr'><strong>affinitas</strong></span> 
     </span>
    </p>
   </div>
   <div class='ocr_carea' id='block_1_68' title="bbox 462 3848 2043 3924">
    <p class='ocr_par' dir='ltr' id='par_1_68' title="bbox 462 3848 2043 3924">
     <span class='ocr_line' id='line_1_68' title="bbox 462 3848 2043 3924; baseline -0.003 -18"><span class='ocrx_word' id='word_1_444' title='bbox 462 3870 569 3924; x_wconf 82' lang='lat' dir='ltr'><strong>qua</strong></span> <span class='ocrx_word' id='word_1_445' title='bbox 601 3853 666 3909; x_wconf 89' lang='lat' dir='ltr'><strong>de</strong></span> <span class='ocrx_word' id='word_1_446' title='bbox 703 3853 949 3921; x_wconf 86' lang='lat' dir='ltr'><strong>personis</strong></span> <span class='ocrx_word' id='word_1_447' title='bbox 1000 3862 1158 3906; x_wconf 89' lang='lat' dir='ltr'><strong>sexto</strong></span> <span class='ocrx_word' id='word_1_448' title='bbox 1217 3853 1361 3905; x_wconf 91' lang='lat' dir='ltr'><strong>inter</strong></span> <span class='ocrx_word' id='word_1_449' title='bbox 1407 3864 1466 3905; x_wconf 91' lang='lat' dir='ltr'><strong>se</strong></span> <span class='ocrx_word' id='word_1_450' title='bbox 1499 3849 1670 3920; x_wconf 80' lang='lat' dir='ltr'><strong>gradu</strong></span> <span class='ocrx_word' id='word_1_451' title='bbox 1704 3848 2043 3917; x_wconf 81' lang='lat' dir='ltr'><strong>cognationis</strong></span> 
     </span>
    </p>
   </div>
   <div class='ocr_carea' id='block_1_69' title="bbox 434 3941 2043 4012">
    <p class='ocr_par' dir='ltr' id='par_1_69' title="bbox 434 3941 2043 4012">
     <span class='ocr_line' id='line_1_69' title="bbox 434 3941 2043 4012; baseline -0.004 -14"><span class='ocrx_word' id='word_1_452' title='bbox 434 3947 696 4012; x_wconf 74' lang='lat' dir='ltr'><strong>ojttllclis,</strong></span> <span class='ocrx_word' id='word_1_453' title='bbox 732 3944 1085 3998; x_wconf 87' lang='lat' dir='ltr'><strong>matrimonio</strong></span> <span class='ocrx_word' id='word_1_454' title='bbox 1140 3942 1480 4012; x_wconf 87' lang='lat' dir='ltr'><strong>copulandis,</strong></span> <span class='ocrx_word' id='word_1_455' title='bbox 1504 3941 1723 4010; x_wconf 79' lang='lat' dir='ltr'><strong>Speciali</strong></span> <span class='ocrx_word' id='word_1_456' title='bbox 1763 3941 1826 3994; x_wconf 88' lang='lat' dir='ltr'><strong>ad</strong></span> <span class='ocrx_word' id='word_1_457' title='bbox 1863 3941 1912 3994; x_wconf 88' lang='lat' dir='ltr'><strong>id</strong></span> <span class='ocrx_word' id='word_1_458' title='bbox 1946 3941 2043 3993; x_wconf 90' lang='lat' dir='ltr'><strong>oh-</strong></span> 
     </span>
    </p>
   </div>
   <div class='ocr_carea' id='block_1_70' title="bbox 465 4033 2044 4107">
    <p class='ocr_par' dir='ltr' id='par_1_70' title="bbox 465 4033 2044 4107">
     <span class='ocr_line' id='line_1_70' title="bbox 465 4033 2044 4107; baseline -0.004 -15"><span class='ocrx_word' id='word_1_459' title='bbox 465 4039 682 4094; x_wconf 85' lang='lat' dir='ltr'><strong>tinettda</strong></span> <span class='ocrx_word' id='word_1_460' title='bbox 717 4037 1064 4107; x_wconf 58' lang='lat' dir='ltr'><strong>prxlatorutn</strong></span> <span class='ocrx_word' id='word_1_461' title='bbox 1103 4036 1363 4092; x_wconf 70' lang='lat' dir='ltr'><strong>Ecclesiae</strong></span> <span class='ocrx_word' id='word_1_462' title='bbox 1386 4036 1563 4099; x_wconf 87' lang='lat' dir='ltr'><strong>venia,</strong></span> <span class='ocrx_word' id='word_1_463' title='bbox 1595 4033 1954 4097; x_wconf 82' lang='lat' dir='ltr'><strong>tractabatur,</strong></span> <span class='ocrx_word' id='word_1_464' title='bbox 1986 4039 2044 4086; x_wconf 89' lang='lat' dir='ltr'><strong>ut</strong></span> 
     </span>
    </p>
   </div>
   <div class='ocr_carea' id='block_1_71' title="bbox 459 4123 2038 4199">
    <p class='ocr_par' dir='ltr' id='par_1_71' title="bbox 459 4123 2038 4199">
     <span class='ocr_line' id='line_1_71' title="bbox 459 4123 2038 4199; baseline -0.004 -16"><span class='ocrx_word' id='word_1_465' title='bbox 459 4141 650 4185; x_wconf 78' lang='lat' dir='ltr'><strong>auctor</strong></span> <span class='ocrx_word' id='word_1_466' title='bbox 718 4132 900 4198; x_wconf 90' lang='lat' dir='ltr'><strong>capite</strong></span> <span class='ocrx_word' id='word_1_467' title='bbox 959 4129 1229 4199; x_wconf 87' lang='lat' dir='ltr'><strong>superiori</strong></span> <span class='ocrx_word' id='word_1_468' title='bbox 1305 4126 1624 4182; x_wconf 83' lang='lat' dir='ltr'><strong>declaravit.</strong></span> <span class='ocrx_word' id='word_1_469' title='bbox 1695 4125 1903 4194; x_wconf 79' lang='lat' dir='ltr'><strong>Atqui,</strong></span> <span class='ocrx_word' id='word_1_470' title='bbox 1961 4123 2038 4177; x_wconf 92' lang='lat' dir='ltr'><strong>uti</strong></span> 
     </span>
    </p>
   </div>
   <div class='ocr_carea' id='block_1_72' title="bbox 457 4215 2038 4292">
    <p class='ocr_par' dir='ltr' id='par_1_72' title="bbox 457 4215 2038 4292">
     <span class='ocr_line' id='line_1_72' title="bbox 457 4215 2038 4292; baseline -0.006 -17"><span class='ocrx_word' id='word_1_471' title='bbox 457 4221 622 4292; x_wconf 79' lang='lat'><strong>750</strong></span> <span class='ocrx_word' id='word_1_472' title='bbox 647 4220 801 4275; x_wconf 84' lang='lat' dir='ltr'><strong>vol.l</strong></span> <span class='ocrx_word' id='word_1_473' title='bbox 837 4229 1022 4275; x_wconf 89' lang='lat' dir='ltr'><strong>uoster</strong></span> <span class='ocrx_word' id='word_1_474' title='bbox 1055 4219 1195 4274; x_wconf 92' lang='lat' dir='ltr'><strong>idem</strong></span> <span class='ocrx_word' id='word_1_475' title='bbox 1232 4218 1553 4280; x_wconf 89' lang='lat' dir='ltr'><strong>historicus,</strong></span> <span class='ocrx_word' id='word_1_476' title='bbox 1585 4230 1637 4285; x_wconf 88' lang='lat' dir='ltr'><strong>p.</strong></span> <span class='ocrx_word' id='word_1_477' title='bbox 1674 4215 1804 4280; x_wconf 69' lang='grc'><strong>440,</strong></span> <span class='ocrx_word' id='word_1_478' title='bbox 1837 4215 2038 4269; x_wconf 84' lang='lat' dir='ltr'><strong>docue-</strong></span> 
     </span>
    </p>
   </div>
   <div class='ocr_carea' id='block_1_73' title="bbox 457 4306 2040 4382">
    <p class='ocr_par' dir='ltr' id='par_1_73' title="bbox 457 4306 2040 4382">
     <span class='ocr_line' id='line_1_73' title="bbox 457 4306 2040 4382; baseline -0.005 -15"><span class='ocrx_word' id='word_1_479' title='bbox 457 4325 563 4375; x_wconf 86' lang='lat' dir='ltr'><strong>rat.</strong></span> <span class='ocrx_word' id='word_1_480' title='bbox 594 4314 790 4369; x_wconf 86' lang='lat' dir='ltr'><strong>similis</strong></span> <span class='ocrx_word' id='word_1_481' title='bbox 823 4311 1224 4382; x_wconf 85' lang='lat' dir='ltr'><strong>impedimenti,</strong></span> <span class='ocrx_word' id='word_1_482' title='bbox 1269 4326 1365 4366; x_wconf 86' lang='lat' dir='ltr'><strong>sex</strong></span> <span class='ocrx_word' id='word_1_483' title='bbox 1399 4310 1603 4379; x_wconf 90' lang='lat' dir='ltr'><strong>pariter</strong></span> <span class='ocrx_word' id='word_1_484' title='bbox 1647 4306 2040 4377; x_wconf 77' lang='lat' dir='ltr'><strong>consanguini-</strong></span> 
     </span>
    </p>
   </div>
   <div class='ocr_carea' id='block_1_74' title="bbox 456 4399 2036 4472">
    <p class='ocr_par' dir='ltr' id='par_1_74' title="bbox 456 4399 2036 4472">
     <span class='ocr_line' id='line_1_74' title="bbox 456 4399 2036 4472; baseline -0.002 -17"><span class='ocrx_word' id='word_1_485' title='bbox 456 4405 586 4458; x_wconf 83' lang='lat' dir='ltr'><strong>tatis</strong></span> <span class='ocrx_word' id='word_1_486' title='bbox 618 4403 904 4472; x_wconf 73' lang='lat' dir='ltr'><strong>graduum,</strong></span> <span class='ocrx_word' id='word_1_487' title='bbox 935 4401 1206 4456; x_wconf 87' lang='lat' dir='ltr'><strong>obstantis</strong></span> <span class='ocrx_word' id='word_1_488' title='bbox 1236 4400 1511 4456; x_wconf 88' lang='lat' dir='ltr'><strong>connubio</strong></span> <span class='ocrx_word' id='word_1_489' title='bbox 1543 4401 1688 4454; x_wconf 89' lang='lat' dir='ltr'><strong>inter</strong></span> <span class='ocrx_word' id='word_1_490' title='bbox 1715 4399 2036 4454; x_wconf 74' lang='lat' dir='ltr'><strong>Michaelem</strong></span> 
     </span>
    </p>
   </div>
   <div class='ocr_carea' id='block_1_75' title="bbox 2148 3211 3716 3283">
    <p class='ocr_par' dir='ltr' id='par_1_75' title="bbox 2148 3211 3716 3283">
     <span class='ocr_line' id='line_1_75' title="bbox 2148 3211 3716 3283; baseline -0.005 -15"><span class='ocrx_word' id='word_1_491' title='bbox 2148 3214 2191 3268; x_wconf 89' lang='lat' dir='ltr'><strong>si</strong></span> <span class='ocrx_word' id='word_1_492' title='bbox 2236 3213 2452 3282; x_wconf 80' lang='lat' dir='ltr'><strong>quidem</strong></span> <span class='ocrx_word' id='word_1_493' title='bbox 2483 3214 2696 3267; x_wconf 88' lang='lat' dir='ltr'><strong>illorum</strong></span> <span class='ocrx_word' id='word_1_494' title='bbox 2733 3215 3023 3269; x_wconf 81' lang='lat' dir='ltr'><strong>verborum</strong></span> <span class='ocrx_word' id='word_1_495' title='bbox 3051 3215 3196 3269; x_wconf 70' lang='grc' dir='ltr'><strong>ὦπτε</strong></span> <span class='ocrx_word' id='word_1_496' title='bbox 3228 3217 3325 3270; x_wconf 70' lang='grc' dir='ltr'><strong>τὸν</strong></span> <span class='ocrx_word' id='word_1_497' title='bbox 3357 3218 3477 3270; x_wconf 85' lang='grc' dir='ltr'>νέον</span> <span class='ocrx_word' id='word_1_498' title='bbox 3510 3211 3716 3283; x_wconf 77' lang='grc' dir='ltr'><strong>βασιλέα</strong></span> 
     </span>
    </p>
   </div>
   <div class='ocr_carea' id='block_1_76' title="bbox 2146 3305 3718 3378">
    <p class='ocr_par' dir='ltr' id='par_1_76' title="bbox 2146 3305 3718 3378">
     <span class='ocr_line' id='line_1_76' title="bbox 2146 3305 3718 3378; baseline -0.001 -18"><span class='ocrx_word' id='word_1_499' title='bbox 2146 3305 2401 3377; x_wconf 78' lang='grc' dir='ltr'><strong>γαμϐρὸν</strong></span> <span class='ocrx_word' id='word_1_500' title='bbox 2423 3307 2609 3378; x_wconf 78' lang='grc' dir='ltr'>ἐκείνῃ</span> <span class='ocrx_word' id='word_1_501' title='bbox 2640 3309 2900 3376; x_wconf 77' lang='grc' dir='ltr'><strong>γενέσθαι</strong></span> <span class='ocrx_word' id='word_1_502' title='bbox 2943 3309 3025 3363; x_wconf 88' lang='lat' dir='ltr'><strong>sic</strong></span> <span class='ocrx_word' id='word_1_503' title='bbox 3065 3309 3135 3363; x_wconf 90' lang='lat' dir='ltr'><strong>ibi</strong></span> <span class='ocrx_word' id='word_1_504' title='bbox 3173 3311 3447 3365; x_wconf 85' lang='lat' dir='ltr'><strong>scribitur</strong></span> <span class='ocrx_word' id='word_1_505' title='bbox 3471 3327 3485 3362; x_wconf 94' lang='lat'><strong>:</strong></span> <span class='ocrx_word' id='word_1_506' title='bbox 3511 3309 3622 3360; x_wconf 83' lang='grc' dir='ltr'><strong>Ἵνα</strong></span> <span class='ocrx_word' id='word_1_507' title='bbox 3652 3305 3718 3374; x_wconf 82' lang='grc' dir='ltr'><strong>μὴ</strong></span> 
     </span>
    </p>
   </div>
   <div class='ocr_carea' id='block_1_77' title="bbox 2144 3393 3719 3471">
    <p class='ocr_par' dir='ltr' id='par_1_77' title="bbox 2144 3393 3719 3471">
     <span class='ocr_line' id='line_1_77' title="bbox 2144 3393 3719 3471; baseline -0.002 -21"><span class='ocrx_word' id='word_1_508' title='bbox 2144 3393 2374 3450; x_wconf 76' lang='grc' dir='ltr'><strong>τοιαῦτα</strong></span> <span class='ocrx_word' id='word_1_509' title='bbox 2417 3399 2512 3452; x_wconf 71' lang='grc' dir='ltr'>καὶ</span> <span class='ocrx_word' id='word_1_510' title='bbox 2538 3398 2698 3463; x_wconf 79' lang='grc' dir='ltr'>αὖθις</span> <span class='ocrx_word' id='word_1_511' title='bbox 2736 3399 3052 3468; x_wconf 72' lang='grc' dir='ltr'><strong>συμϐαίνοι,</strong></span> <span class='ocrx_word' id='word_1_512' title='bbox 3085 3401 3114 3452; x_wconf 83' lang='grc' dir='ltr'>ὁ</span> <span class='ocrx_word' id='word_1_513' title='bbox 3140 3399 3242 3469; x_wconf 81' lang='grc' dir='ltr'><strong>τῆς</strong></span> <span class='ocrx_word' id='word_1_514' title='bbox 3289 3400 3514 3471; x_wconf 83' lang='grc' dir='ltr'><strong>Ῥώμης</strong></span> <span class='ocrx_word' id='word_1_515' title='bbox 3551 3399 3719 3469; x_wconf 75' lang='grc' dir='ltr'><strong>ἀρχιε-</strong></span> 
     </span>
    </p>
   </div>
   <div class='ocr_carea' id='block_1_78' title="bbox 2148 3479 3716 3564">
    <p class='ocr_par' dir='ltr' id='par_1_78' title="bbox 2148 3479 3716 3564">
     <span class='ocr_line' id='line_1_78' title="bbox 2148 3479 3716 3564; baseline -0.003 -19"><span class='ocrx_word' id='word_1_516' title='bbox 2148 3493 2277 3564; x_wconf 78' lang='grc' dir='ltr'>ρεὺς</span> <span class='ocrx_word' id='word_1_517' title='bbox 2305 3497 2373 3548; x_wconf 83' lang='grc' dir='ltr'><strong>τὰ</strong></span> <span class='ocrx_word' id='word_1_518' title='bbox 2403 3479 2634 3547; x_wconf 58' lang='grc' dir='ltr'><strong>τοιαῦτα</strong></span> <span class='ocrx_word' id='word_1_519' title='bbox 2675 3493 3024 3562; x_wconf 82' lang='grc' dir='ltr'><strong>παραχωρεῖ.</strong></span> <span class='ocrx_word' id='word_1_520' title='bbox 3061 3490 3219 3558; x_wconf 67' lang='lat' dir='ltr'><strong>Qum,</strong></span> <span class='ocrx_word' id='word_1_521' title='bbox 3274 3491 3496 3560; x_wconf 85' lang='lat' dir='ltr'><strong>opinor,</strong></span> <span class='ocrx_word' id='word_1_522' title='bbox 3528 3487 3716 3558; x_wconf 83' lang='lat' dir='ltr'><strong>signifi-</strong></span> 
     </span>
    </p>
   </div>
   <div class='ocr_carea' id='block_1_79' title="bbox 2146 3584 3718 3655">
    <p class='ocr_par' dir='ltr' id='par_1_79' title="bbox 2146 3584 3718 3655">
     <span class='ocr_line' id='line_1_79' title="bbox 2146 3584 3718 3655; baseline -0.004 -14"><span class='ocrx_word' id='word_1_523' title='bbox 2146 3597 2274 3642; x_wconf 88' lang='lat' dir='ltr'><strong>cant</strong></span> <span class='ocrx_word' id='word_1_524' title='bbox 2301 3586 2514 3644; x_wconf 87' lang='lat' dir='ltr'><strong>eavisse</strong></span> <span class='ocrx_word' id='word_1_525' title='bbox 2553 3585 2700 3650; x_wconf 90' lang='lat' dir='ltr'><strong>illos,</strong></span> <span class='ocrx_word' id='word_1_526' title='bbox 2729 3585 2822 3654; x_wconf 92' lang='lat' dir='ltr'><strong>qui</strong></span> <span class='ocrx_word' id='word_1_527' title='bbox 2866 3584 3124 3640; x_wconf 68' lang='lat' dir='ltr'><strong>Ecclesia:</strong></span> <span class='ocrx_word' id='word_1_528' title='bbox 3159 3601 3310 3640; x_wconf 90' lang='lat' dir='ltr'><strong>nunc</strong></span> <span class='ocrx_word' id='word_1_529' title='bbox 3346 3592 3632 3655; x_wconf 68' lang='lat' dir='ltr'><strong>praeerant,</strong></span> <span class='ocrx_word' id='word_1_530' title='bbox 3661 3593 3718 3635; x_wconf 86' lang='lat' dir='ltr'><strong>ne</strong></span> 
     </span>
    </p>
   </div>
   <div class='ocr_carea' id='block_1_80' title="bbox 2147 3671 3719 3742">
    <p class='ocr_par' dir='ltr' id='par_1_80' title="bbox 2147 3671 3719 3742">
     <span class='ocr_line' id='line_1_80' title="bbox 2147 3671 3719 3742; baseline -0.006 -11"><span class='ocrx_word' id='word_1_531' title='bbox 2147 3676 2349 3731; x_wconf 88' lang='lat' dir='ltr'><strong>imitari</strong></span> <span class='ocrx_word' id='word_1_532' title='bbox 2403 3676 2717 3730; x_wconf 90' lang='lat' dir='ltr'><strong>viderentur</strong></span> <span class='ocrx_word' id='word_1_533' title='bbox 2743 3675 3053 3742; x_wconf 86' lang='lat' dir='ltr'><strong>exemplum</strong></span> <span class='ocrx_word' id='word_1_534' title='bbox 3091 3691 3119 3728; x_wconf 90' lang='lat' dir='ltr'><strong>a</strong></span> <span class='ocrx_word' id='word_1_535' title='bbox 3153 3673 3342 3731; x_wconf 76' lang='lat' dir='ltr'><strong>Vecco</strong></span> <span class='ocrx_word' id='word_1_536' title='bbox 3387 3685 3441 3730; x_wconf 90' lang='lat' dir='ltr'><strong>et</strong></span> <span class='ocrx_word' id='word_1_537' title='bbox 3471 3675 3589 3730; x_wconf 92' lang='lat' dir='ltr'><strong>aliis</strong></span> <span class='ocrx_word' id='word_1_538' title='bbox 3618 3671 3719 3740; x_wconf 88' lang='lat' dir='ltr'><strong>epi—</strong></span> 
     </span>
    </p>
   </div>
   <div class='ocr_carea' id='block_1_81' title="bbox 2145 3767 3720 3839">
    <p class='ocr_par' dir='ltr' id='par_1_81' title="bbox 2145 3767 3720 3839">
     <span class='ocr_line' id='line_1_81' title="bbox 2145 3767 3720 3839; baseline -0.004 -14"><span class='ocrx_word' id='word_1_539' title='bbox 2145 3767 2548 3839; x_wconf 71' lang='lat' dir='ltr'><strong>scopisGrazcis</strong></span> <span class='ocrx_word' id='word_1_540' title='bbox 2575 3767 2833 3822; x_wconf 73' lang='lat' dir='ltr'><strong>Romana:</strong></span> <span class='ocrx_word' id='word_1_541' title='bbox 2872 3770 3281 3826; x_wconf 85' lang='lat' dir='ltr'><strong>communionis</strong></span> <span class='ocrx_word' id='word_1_542' title='bbox 3315 3773 3366 3825; x_wconf 92' lang='lat' dir='ltr'><strong>in</strong></span> <span class='ocrx_word' id='word_1_543' title='bbox 3397 3770 3488 3827; x_wconf 91' lang='lat' dir='ltr'><strong>illo</strong></span> <span class='ocrx_word' id='word_1_544' title='bbox 3512 3768 3720 3837; x_wconf 84' lang='lat' dir='ltr'><strong>permit-</strong></span> 
     </span>
    </p>
   </div>
   <div class='ocr_carea' id='block_1_82' title="bbox 2151 3859 3716 3934">
    <p class='ocr_par' dir='ltr' id='par_1_82' title="bbox 2151 3859 3716 3934">
     <span class='ocr_line' id='line_1_82' title="bbox 2151 3859 3716 3934; baseline -0.002 -20"><span class='ocrx_word' id='word_1_545' title='bbox 2151 3861 2317 3914; x_wconf 88' lang='lat' dir='ltr'><strong>tendo</strong></span> <span class='ocrx_word' id='word_1_546' title='bbox 2376 3859 2674 3924; x_wconf 85' lang='lat' dir='ltr'><strong>connubio,</strong></span> <span class='ocrx_word' id='word_1_547' title='bbox 2728 3860 2796 3916; x_wconf 87' lang='lat' dir='ltr'><strong>de</strong></span> <span class='ocrx_word' id='word_1_548' title='bbox 2835 3875 2942 3930; x_wconf 91' lang='lat' dir='ltr'><strong>quo</strong></span> <span class='ocrx_word' id='word_1_549' title='bbox 3004 3861 3112 3915; x_wconf 92' lang='lat' dir='ltr'><strong>vol.</strong></span> <span class='ocrx_word' id='word_1_550' title='bbox 3170 3862 3216 3926; x_wconf 90' lang='lat' dir='ltr'><strong>l,</strong></span> <span class='ocrx_word' id='word_1_551' title='bbox 3275 3879 3329 3934; x_wconf 90' lang='lat' dir='ltr'><strong>p.</strong></span> <span class='ocrx_word' id='word_1_552' title='bbox 3366 3864 3493 3927; x_wconf 70' lang='grc'><strong>440,</strong></span> <span class='ocrx_word' id='word_1_553' title='bbox 3554 3869 3716 3914; x_wconf 88' lang='lat' dir='ltr'><strong>actum</strong></span> 
     </span>
    </p>
   </div>
   <div class='ocr_carea' id='block_1_83' title="bbox 2145 3952 3722 4025">
    <p class='ocr_par' dir='ltr' id='par_1_83' title="bbox 2145 3952 3722 4025">
     <span class='ocr_line' id='line_1_83' title="bbox 2145 3952 3722 4025; baseline -0.003 -17"><span class='ocrx_word' id='word_1_554' title='bbox 2145 3952 2356 4018; x_wconf 86' lang='lat' dir='ltr'><strong>fuerat,</strong></span> <span class='ocrx_word' id='word_1_555' title='bbox 2391 3952 2705 4022; x_wconf 87' lang='lat' dir='ltr'><strong>praebitum.</strong></span> <span class='ocrx_word' id='word_1_556' title='bbox 2753 3952 2987 4008; x_wconf 82' lang='lat' dir='ltr'><strong>Causam</strong></span> <span class='ocrx_word' id='word_1_557' title='bbox 3025 3971 3155 4009; x_wconf 92' lang='lat' dir='ltr'><strong>vero</strong></span> <span class='ocrx_word' id='word_1_558' title='bbox 3201 3972 3306 4012; x_wconf 91' lang='lat' dir='ltr'><strong>cur</strong></span> <span class='ocrx_word' id='word_1_559' title='bbox 3359 3958 3412 4012; x_wconf 91' lang='lat' dir='ltr'><strong>id</strong></span> <span class='ocrx_word' id='word_1_560' title='bbox 3453 3957 3722 4025; x_wconf 73' lang='lat' dir='ltr'><strong>diligenter</strong></span> 
     </span>
    </p>
   </div>
   <div class='ocr_carea' id='block_1_84' title="bbox 2145 4045 3720 4118">
    <p class='ocr_par' dir='ltr' id='par_1_84' title="bbox 2145 4045 3720 4118">
     <span class='ocr_line' id='line_1_84' title="bbox 2145 4045 3720 4118; baseline 0.004 -18"><span class='ocrx_word' id='word_1_561' title='bbox 2145 4045 2466 4107; x_wconf 88' lang='lat' dir='ltr'><strong>vitaverint,</strong></span> <span class='ocrx_word' id='word_1_562' title='bbox 2525 4047 2840 4114; x_wconf 85' lang='lat' dir='ltr'><strong>exprimunt</strong></span> <span class='ocrx_word' id='word_1_563' title='bbox 2896 4050 3064 4101; x_wconf 88' lang='lat' dir='ltr'><strong>verba</strong></span> <span class='ocrx_word' id='word_1_564' title='bbox 3113 4054 3406 4118; x_wconf 85' lang='lat' dir='ltr'><strong>sequentia</strong></span> <span class='ocrx_word' id='word_1_565' title='bbox 3457 4068 3472 4104; x_wconf 86' lang='lat'><strong>:</strong></span> <span class='ocrx_word' id='word_1_566' title='bbox 3527 4049 3583 4101; x_wconf 89' lang='grc' dir='ltr'><strong>Ὀ</strong></span> <span class='ocrx_word' id='word_1_567' title='bbox 3631 4045 3720 4112; x_wconf 76' lang='grc' dir='ltr'><strong>τῆς</strong></span> 
     </span>
    </p>
   </div>
   <div class='ocr_carea' id='block_1_85' title="bbox 2142 4135 3719 4211">
    <p class='ocr_par' dir='ltr' id='par_1_85' title="bbox 2142 4135 3719 4211">
     <span class='ocr_line' id='line_1_85' title="bbox 2142 4135 3719 4211; baseline -0.002 -20"><span class='ocrx_word' id='word_1_568' title='bbox 2142 4135 2376 4207; x_wconf 83' lang='grc' dir='ltr'>Ῥώμης</span> <span class='ocrx_word' id='word_1_569' title='bbox 2428 4136 2728 4206; x_wconf 75' lang='grc' dir='ltr'><strong>ἀρχιερεὺς</strong></span> <span class='ocrx_word' id='word_1_570' title='bbox 2761 4137 2994 4192; x_wconf 81' lang='grc' dir='ltr'><strong>τοιαῦτα</strong></span> <span class='ocrx_word' id='word_1_571' title='bbox 3047 4143 3415 4211; x_wconf 81' lang='grc' dir='ltr'><strong>παραχωρεῖ,</strong></span> <span class='ocrx_word' id='word_1_572' title='bbox 3470 4140 3719 4194; x_wconf 73' lang='lat' dir='ltr'><strong>Romanus</strong></span> 
     </span>
    </p>
   </div>
   <div class='ocr_carea' id='block_1_86' title="bbox 2143 4231 3720 4303">
    <p class='ocr_par' dir='ltr' id='par_1_86' title="bbox 2143 4231 3720 4303">
     <span class='ocr_line' id='line_1_86' title="bbox 2143 4231 3720 4303; baseline -0.004 -16"><span class='ocrx_word' id='word_1_573' title='bbox 2143 4232 2302 4303; x_wconf 81' lang='lat'><strong>751</strong></span> <span class='ocrx_word' id='word_1_574' title='bbox 2335 4231 2578 4300; x_wconf 73' lang='lat' dir='ltr'><strong>pontifex</strong></span> <span class='ocrx_word' id='word_1_575' title='bbox 2605 4231 2738 4283; x_wconf 82' lang='lat' dir='ltr'><strong>talia</strong></span> <span class='ocrx_word' id='word_1_576' title='bbox 2767 4231 3048 4296; x_wconf 78' lang='lat' dir='ltr'><strong>permittit.</strong></span> <span class='ocrx_word' id='word_1_577' title='bbox 3093 4231 3304 4299; x_wconf 85' lang='lat' dir='ltr'><strong>Nempe</strong></span> <span class='ocrx_word' id='word_1_578' title='bbox 3349 4243 3542 4288; x_wconf 84' lang='lat' dir='ltr'><strong>auctor</strong></span> <span class='ocrx_word' id='word_1_579' title='bbox 3569 4234 3720 4286; x_wconf 88' lang='lat' dir='ltr'><strong>adno-</strong></span> 
     </span>
    </p>
   </div>
   <div class='ocr_carea' id='block_1_87' title="bbox 2146 4322 3720 4393">
    <p class='ocr_par' dir='ltr' id='par_1_87' title="bbox 2146 4322 3720 4393">
     <span class='ocr_line' id='line_1_87' title="bbox 2146 4322 3720 4393; baseline -0.003 -15"><span class='ocrx_word' id='word_1_580' title='bbox 2146 4324 2458 4378; x_wconf 69' lang='lat' dir='ltr'><strong>tatiunculaa</strong></span> <span class='ocrx_word' id='word_1_581' title='bbox 2513 4322 2788 4389; x_wconf 75' lang='lat' dir='ltr'><strong>significat</strong></span> <span class='ocrx_word' id='word_1_582' title='bbox 2841 4324 3022 4377; x_wconf 90' lang='lat' dir='ltr'><strong>studio</strong></span> <span class='ocrx_word' id='word_1_583' title='bbox 3083 4326 3425 4393; x_wconf 86' lang='lat' dir='ltr'><strong>reprobandi</strong></span> <span class='ocrx_word' id='word_1_584' title='bbox 3484 4339 3630 4378; x_wconf 88' lang='lat' dir='ltr'><strong>usum</strong></span> <span class='ocrx_word' id='word_1_585' title='bbox 3672 4329 3720 4373; x_wconf 73' lang='lat' dir='ltr'><strong>rt</strong></span> 
     </span>
    </p>
   </div>
   <div class='ocr_carea' id='block_1_88' title="bbox 2143 4411 3719 4486">
    <p class='ocr_par' dir='ltr' id='par_1_88' title="bbox 2143 4411 3719 4486">
     <span class='ocr_line' id='line_1_88' title="bbox 2143 4411 3719 4486; baseline -0.003 -18"><span class='ocrx_word' id='word_1_586' title='bbox 2143 4414 2592 4469; x_wconf 87' lang='lat' dir='ltr'><strong>consuetudinem</strong></span> <span class='ocrx_word' id='word_1_587' title='bbox 2641 4411 2899 4474; x_wconf 72' lang='lat' dir='ltr'><strong>Ecclesiae</strong></span> <span class='ocrx_word' id='word_1_588' title='bbox 2944 4415 3206 4470; x_wconf 67' lang='lat' dir='ltr'><strong>Romana:</strong></span> <span class='ocrx_word' id='word_1_589' title='bbox 3242 4425 3540 4486; x_wconf 83' lang='lat' dir='ltr'><strong>provectos</strong></span> <span class='ocrx_word' id='word_1_590' title='bbox 3586 4411 3719 4468; x_wconf 56' lang='lat' dir='ltr'><strong>Gras—</strong></span> 
     </span>
    </p>
   </div>
   <div class='ocr_carea' id='block_1_89' title="bbox 455 4491 2042 4573">
    <p class='ocr_par' dir='ltr' id='par_1_89' title="bbox 455 4491 2036 4561">
     <span class='ocr_line' id='line_1_89' title="bbox 455 4491 2036 4561; baseline -0.004 -11"><span class='ocrx_word' id='word_1_591' title='bbox 455 4493 680 4550; x_wconf 88' lang='lat' dir='ltr'><strong>Occidui</strong></span> <span class='ocrx_word' id='word_1_592' title='bbox 739 4503 945 4548; x_wconf 77' lang='lat' dir='ltr'><strong>tractus</strong></span> <span class='ocrx_word' id='word_1_593' title='bbox 1000 4493 1288 4561; x_wconf 85' lang='lat' dir='ltr'><strong>despotam</strong></span> <span class='ocrx_word' id='word_1_594' title='bbox 1333 4501 1389 4545; x_wconf 94' lang='lat' dir='ltr'><strong>et</strong></span> <span class='ocrx_word' id='word_1_595' title='bbox 1424 4492 1634 4546; x_wconf 79' lang='lat' dir='ltr'><strong>Annam</strong></span> <span class='ocrx_word' id='word_1_596' title='bbox 1692 4491 2036 4560; x_wconf 81' lang='lat' dir='ltr'><strong>imperatoris</strong></span> 
     </span>
    </p>
   </div>
   <div class='ocr_carea' id='block_1_90' title="bbox 2147 4491 3720 4573">
    <p class='ocr_par' dir='ltr' id='par_1_90' title="bbox 2147 4505 3720 4573">
     <span class='ocr_line' id='line_1_90' title="bbox 2147 4505 3720 4573; baseline -0.003 -13"><span class='ocrx_word' id='word_1_597' title='bbox 2147 4520 2236 4560; x_wconf 89' lang='lat' dir='ltr'><strong>cos</strong></span> <span class='ocrx_word' id='word_1_598' title='bbox 2281 4505 2664 4560; x_wconf 82' lang='lat' dir='ltr'><strong>schismaticos</strong></span> <span class='ocrx_word' id='word_1_599' title='bbox 2714 4505 2780 4559; x_wconf 89' lang='lat' dir='ltr'><strong>ad</strong></span> <span class='ocrx_word' id='word_1_600' title='bbox 2815 4506 3119 4573; x_wconf 76' lang='lat' dir='ltr'><strong>negandam</strong></span> <span class='ocrx_word' id='word_1_601' title='bbox 3169 4507 3488 4564; x_wconf 82' lang='lat' dir='ltr'><strong>istiusmodi</strong></span> <span class='ocrx_word' id='word_1_602' title='bbox 3549 4505 3720 4560; x_wconf 85' lang='lat' dir='ltr'><strong>matri-</strong></span> 
     </span>
    </p>
   </div>
   <div class='ocr_carea' id='block_1_91' title="bbox 455 4583 2034 4654">
    <p class='ocr_par' dir='ltr' id='par_1_91' title="bbox 455 4583 2034 4654">
     <span class='ocr_line' id='line_1_91' title="bbox 455 4583 2034 4654; baseline -0.004 -13"><span class='ocrx_word' id='word_1_603' title='bbox 455 4585 736 4642; x_wconf 81' lang='lat' dir='ltr'><strong>Michaelis</strong></span> <span class='ocrx_word' id='word_1_604' title='bbox 803 4585 970 4642; x_wconf 85' lang='lat' dir='ltr'><strong>filiam</strong></span> <span class='ocrx_word' id='word_1_605' title='bbox 1028 4583 1419 4648; x_wconf 86' lang='lat' dir='ltr'><strong>conciliando,</strong></span> <span class='ocrx_word' id='word_1_606' title='bbox 1478 4586 1711 4654; x_wconf 72' lang='lat' dir='ltr'><strong>gratiam</strong></span> <span class='ocrx_word' id='word_1_607' title='bbox 1769 4584 2034 4648; x_wconf 89' lang='lat' dir='ltr'><strong>fecerant,</strong></span> 
     </span>
    </p>
   </div>
   <div class='ocr_carea' id='block_1_92' title="bbox 450 4675 2034 4750">
    <p class='ocr_par' dir='ltr' id='par_1_92' title="bbox 450 4675 2034 4750">
     <span class='ocr_line' id='line_1_92' title="bbox 450 4675 2034 4750; baseline -0.004 -14"><span class='ocrx_word' id='word_1_608' title='bbox 450 4690 713 4750; x_wconf 88' lang='lat' dir='ltr'><strong>poscente</strong></span> <span class='ocrx_word' id='word_1_609' title='bbox 737 4678 1000 4747; x_wconf 76' lang='lat' dir='ltr'><strong>Augusto,</strong></span> <span class='ocrx_word' id='word_1_610' title='bbox 1032 4677 1123 4746; x_wconf 84' lang='lat' dir='ltr'><strong>qui</strong></span> <span class='ocrx_word' id='word_1_611' title='bbox 1156 4687 1285 4732; x_wconf 89' lang='lat' dir='ltr'><strong>tunc</strong></span> <span class='ocrx_word' id='word_1_612' title='bbox 1311 4686 1581 4744; x_wconf 66' lang='lat' dir='ltr'><strong>praeerant</strong></span> <span class='ocrx_word' id='word_1_613' title='bbox 1607 4675 1889 4742; x_wconf 65' lang='lat' dir='ltr'><strong>Ecclesiae,</strong></span> <span class='ocrx_word' id='word_1_614' title='bbox 1909 4691 2034 4730; x_wconf 84' lang='lat' dir='ltr'><strong>cum</strong></span> 
     </span>
    </p>
   </div>
   <div class='ocr_carea' id='block_1_93' title="bbox 451 4766 2030 4838">
    <p class='ocr_par' dir='ltr' id='par_1_93' title="bbox 451 4766 2030 4838">
     <span class='ocr_line' id='line_1_93' title="bbox 451 4766 2030 4838; baseline -0.004 -12"><span class='ocrx_word' id='word_1_615' title='bbox 451 4781 632 4827; x_wconf 87' lang='lat' dir='ltr'><strong>tamen</strong></span> <span class='ocrx_word' id='word_1_616' title='bbox 683 4773 820 4826; x_wconf 86' lang='lat' dir='ltr'><strong>adeo</strong></span> <span class='ocrx_word' id='word_1_617' title='bbox 872 4783 1114 4837; x_wconf 66' lang='lat' dir='ltr'><strong>pneseus</strong></span> <span class='ocrx_word' id='word_1_618' title='bbox 1142 4775 1201 4822; x_wconf 86' lang='lat' dir='ltr'><strong>et</strong></span> <span class='ocrx_word' id='word_1_619' title='bbox 1244 4777 1512 4838; x_wconf 72' lang='lat' dir='ltr'><strong>praestans</strong></span> <span class='ocrx_word' id='word_1_620' title='bbox 1555 4766 1765 4822; x_wconf 89' lang='lat' dir='ltr'><strong>utilitas</strong></span> <span class='ocrx_word' id='word_1_621' title='bbox 1813 4768 1864 4821; x_wconf 89' lang='lat' dir='ltr'><strong>itt</strong></span> <span class='ocrx_word' id='word_1_622' title='bbox 1915 4781 2030 4822; x_wconf 89' lang='lat' dir='ltr'><strong>rem</strong></span> 
     </span>
    </p>
   </div>
   <div class='ocr_carea' id='block_1_94' title="bbox 451 4861 2036 4936">
    <p class='ocr_par' dir='ltr' id='par_1_94' title="bbox 451 4861 2036 4936">
     <span class='ocr_line' id='line_1_94' title="bbox 451 4861 2036 4936; baseline -0.003 -16"><span class='ocrx_word' id='word_1_623' title='bbox 451 4865 664 4936; x_wconf 86' lang='lat' dir='ltr'><strong>imperii</strong></span> <span class='ocrx_word' id='word_1_624' title='bbox 699 4879 767 4918; x_wconf 80' lang='lat' dir='ltr'><strong>ex</strong></span> <span class='ocrx_word' id='word_1_625' title='bbox 810 4862 916 4916; x_wconf 90' lang='lat' dir='ltr'><strong>isto</strong></span> <span class='ocrx_word' id='word_1_626' title='bbox 950 4861 1208 4931; x_wconf 64' lang='lat' dir='ltr'><strong>coniugio</strong></span> <span class='ocrx_word' id='word_1_627' title='bbox 1249 4877 1355 4915; x_wconf 88' lang='lat' dir='ltr'><strong>non</strong></span> <span class='ocrx_word' id='word_1_628' title='bbox 1383 4867 1701 4928; x_wconf 88' lang='lat' dir='ltr'><strong>speraretur</strong></span> <span class='ocrx_word' id='word_1_629' title='bbox 1727 4875 1888 4930; x_wconf 88' lang='lat' dir='ltr'><strong>quam</strong></span> <span class='ocrx_word' id='word_1_630' title='bbox 1917 4875 2036 4930; x_wconf 70' lang='lat' dir='ltr'><strong>quae</strong></span> 
     </span>
    </p>
   </div>
   <div class='ocr_carea' id='block_1_95' title="bbox 448 4951 2032 5026">
    <p class='ocr_par' dir='ltr' id='par_1_95' title="bbox 448 4951 2032 5026">
     <span class='ocr_line' id='line_1_95' title="bbox 448 4951 2032 5026; baseline -0.003 -13"><span class='ocrx_word' id='word_1_631' title='bbox 448 4966 602 5013; x_wconf 89' lang='lat' dir='ltr'><strong>certo</strong></span> <span class='ocrx_word' id='word_1_632' title='bbox 653 4956 951 5026; x_wconf 88' lang='lat' dir='ltr'><strong>apparebat</strong></span> <span class='ocrx_word' id='word_1_633' title='bbox 1002 4970 1068 5009; x_wconf 90' lang='lat' dir='ltr'><strong>ex</strong></span> <span class='ocrx_word' id='word_1_634' title='bbox 1114 4956 1216 5010; x_wconf 92' lang='lat' dir='ltr'><strong>hoc</strong></span> <span class='ocrx_word' id='word_1_635' title='bbox 1247 4963 1530 5009; x_wconf 88' lang='lat' dir='ltr'><strong>secutura.</strong></span> <span class='ocrx_word' id='word_1_636' title='bbox 1559 4951 1826 5008; x_wconf 81' lang='lat' dir='ltr'><strong>Nimirum</strong></span> <span class='ocrx_word' id='word_1_637' title='bbox 1856 4954 2032 5008; x_wconf 87' lang='lat' dir='ltr'><strong>schis-</strong></span> 
     </span>
    </p>
   </div>
   <div class='ocr_carea' id='block_1_96' title="bbox 451 5048 2034 5122">
    <p class='ocr_par' dir='ltr' id='par_1_96' title="bbox 451 5048 2034 5122">
     <span class='ocr_line' id='line_1_96' title="bbox 451 5048 2034 5122; baseline -0.003 -15"><span class='ocrx_word' id='word_1_638' title='bbox 451 5053 635 5108; x_wconf 86' lang='lat' dir='ltr'><strong>matici</strong></span> <span class='ocrx_word' id='word_1_639' title='bbox 662 5067 806 5107; x_wconf 85' lang='lat' dir='ltr'><strong>nunc</strong></span> <span class='ocrx_word' id='word_1_640' title='bbox 832 5060 1081 5122; x_wconf 87' lang='lat' dir='ltr'><strong>potentes</strong></span> <span class='ocrx_word' id='word_1_641' title='bbox 1111 5067 1292 5107; x_wconf 86' lang='lat' dir='ltr'><strong>rerum</strong></span> <span class='ocrx_word' id='word_1_642' title='bbox 1316 5049 1646 5106; x_wconf 79' lang='lat' dir='ltr'><strong>affectabam</strong></span> <span class='ocrx_word' id='word_1_643' title='bbox 1673 5048 2034 5118; x_wconf 79' lang='lat' dir='ltr'><strong>religiosiores</strong></span> 
     </span>
    </p>
   </div>
   <div class='ocr_carea' id='block_1_97' title="bbox 448 5141 2034 5215">
    <p class='ocr_par' dir='ltr' id='par_1_97' title="bbox 448 5141 2034 5215">
     <span class='ocr_line' id='line_1_97' title="bbox 448 5141 2034 5215; baseline -0.004 -16"><span class='ocrx_word' id='word_1_644' title='bbox 448 5159 713 5215; x_wconf 86' lang='lat' dir='ltr'><strong>apparere</strong></span> <span class='ocrx_word' id='word_1_645' title='bbox 741 5143 1034 5198; x_wconf 87' lang='lat' dir='ltr'><strong>catholicis</strong></span> <span class='ocrx_word' id='word_1_646' title='bbox 1066 5153 1197 5200; x_wconf 86' lang='lat' dir='ltr'><strong>tunc</strong></span> <span class='ocrx_word' id='word_1_647' title='bbox 1245 5154 1298 5198; x_wconf 91' lang='lat' dir='ltr'><strong>et</strong></span> <span class='ocrx_word' id='word_1_648' title='bbox 1331 5142 1596 5198; x_wconf 65' lang='lat' dir='ltr'><strong>Ecclesia!</strong></span> <span class='ocrx_word' id='word_1_649' title='bbox 1641 5152 1694 5196; x_wconf 91' lang='lat' dir='ltr'><strong>et</strong></span> <span class='ocrx_word' id='word_1_650' title='bbox 1729 5141 2034 5209; x_wconf 70' lang='lat' dir='ltr'><strong>reipublica:</strong></span> 
     </span>
    </p>
   </div>
   <div class='ocr_carea' id='block_1_98' title="bbox 447 5233 2033 5306">
    <p class='ocr_par' dir='ltr' id='par_1_98' title="bbox 447 5233 2033 5306">
     <span class='ocr_line' id='line_1_98' title="bbox 447 5233 2033 5306; baseline -0.003 -15"><span class='ocrx_word' id='word_1_651' title='bbox 447 5237 903 5306; x_wconf 71' lang='lat' dir='ltr'><strong>prazsidentibus;</strong></span> <span class='ocrx_word' id='word_1_652' title='bbox 943 5247 1108 5304; x_wconf 88' lang='lat' dir='ltr'><strong>atque</strong></span> <span class='ocrx_word' id='word_1_653' title='bbox 1143 5244 1201 5289; x_wconf 93' lang='lat' dir='ltr'><strong>ut</strong></span> <span class='ocrx_word' id='word_1_654' title='bbox 1249 5235 1596 5290; x_wconf 81' lang='lat' dir='ltr'><strong>Andronicus</strong></span> <span class='ocrx_word' id='word_1_655' title='bbox 1652 5233 1861 5303; x_wconf 69' lang='lat' dir='ltr'><strong>eiurata</strong></span> <span class='ocrx_word' id='word_1_656' title='bbox 1902 5248 2033 5289; x_wconf 89' lang='lat' dir='ltr'><strong>con-</strong></span> 
     </span>
    </p>
   </div>
   <div class='ocr_carea' id='block_1_99' title="bbox 446 5325 2029 5396">
    <p class='ocr_par' dir='ltr' id='par_1_99' title="bbox 446 5325 2029 5396">
     <span class='ocr_line' id='line_1_99' title="bbox 446 5325 2029 5396; baseline -0.004 -12"><span class='ocrx_word' id='word_1_657' title='bbox 446 5330 633 5384; x_wconf 85' lang='lat' dir='ltr'><strong>cordia</strong></span> <span class='ocrx_word' id='word_1_658' title='bbox 664 5343 787 5382; x_wconf 89' lang='lat' dir='ltr'><strong>cutn</strong></span> <span class='ocrx_word' id='word_1_659' title='bbox 816 5341 976 5395; x_wconf 87' lang='lat' dir='ltr'><strong>papa,</strong></span> <span class='ocrx_word' id='word_1_660' title='bbox 1016 5342 1179 5395; x_wconf 87' lang='lat' dir='ltr'><strong>quam</strong></span> <span class='ocrx_word' id='word_1_661' title='bbox 1212 5327 1330 5393; x_wconf 80' lang='lat' dir='ltr'><strong>eius</strong></span> <span class='ocrx_word' id='word_1_662' title='bbox 1362 5337 1516 5396; x_wconf 89' lang='lat' dir='ltr'><strong>pater</strong></span> <span class='ocrx_word' id='word_1_663' title='bbox 1544 5336 1732 5381; x_wconf 89' lang='lat' dir='ltr'><strong>sancte</strong></span> <span class='ocrx_word' id='word_1_664' title='bbox 1763 5325 2029 5390; x_wconf 75' lang='lat' dir='ltr'><strong>coluerat,</strong></span> 
     </span>
    </p>
   </div>
   <div class='ocr_carea' id='block_1_100' title="bbox 445 5416 2030 5487">
    <p class='ocr_par' dir='ltr' id='par_1_100' title="bbox 445 5416 2030 5487">
     <span class='ocr_line' id='line_1_100' title="bbox 445 5416 2030 5487; baseline 0.002 -17"><span class='ocrx_word' id='word_1_665' title='bbox 445 5420 618 5474; x_wconf 75' lang='lat' dir='ltr'><strong>videri</strong></span> <span class='ocrx_word' id='word_1_666' title='bbox 675 5419 907 5483; x_wconf 90' lang='lat' dir='ltr'><strong>studuit,</strong></span> <span class='ocrx_word' id='word_1_667' title='bbox 949 5418 1052 5473; x_wconf 89' lang='lat' dir='ltr'><strong>hac</strong></span> <span class='ocrx_word' id='word_1_668' title='bbox 1085 5419 1464 5487; x_wconf 76' lang='lat' dir='ltr'><strong>superStitiosa</strong></span> <span class='ocrx_word' id='word_1_669' title='bbox 1513 5418 1812 5474; x_wconf 85' lang='lat' dir='ltr'><strong>omissione</strong></span> <span class='ocrx_word' id='word_1_670' title='bbox 1845 5416 2030 5473; x_wconf 85' lang='lat' dir='ltr'><strong>affini-</strong></span> 
     </span>
    </p>
   </div>
   <div class='ocr_carea' id='block_1_101' title="bbox 449 5509 2028 5579">
    <p class='ocr_par' dir='ltr' id='par_1_101' title="bbox 449 5509 2028 5579">
     <span class='ocr_line' id='line_1_101' title="bbox 449 5509 2028 5579; baseline -0.002 -15"><span class='ocrx_word' id='word_1_671' title='bbox 449 5510 576 5565; x_wconf 84' lang='lat' dir='ltr'><strong>tatis</strong></span> <span class='ocrx_word' id='word_1_672' title='bbox 627 5510 931 5565; x_wconf 73' lang='lat' dir='ltr'><strong>utilissimze</strong></span> <span class='ocrx_word' id='word_1_673' title='bbox 985 5509 1214 5578; x_wconf 87' lang='lat' dir='ltr'><strong>imperio</strong></span> <span class='ocrx_word' id='word_1_674' title='bbox 1262 5519 1488 5579; x_wconf 86' lang='lat' dir='ltr'><strong>propter</strong></span> <span class='ocrx_word' id='word_1_675' title='bbox 1539 5519 1742 5564; x_wconf 91' lang='lat' dir='ltr'><strong>metum</strong></span> <span class='ocrx_word' id='word_1_676' title='bbox 1786 5510 2028 5574; x_wconf 87' lang='lat' dir='ltr'><strong>inanem,</strong></span> 
     </span>
    </p>
   </div>
   <div class='ocr_carea' id='block_1_102' title="bbox 443 5600 2031 5671">
    <p class='ocr_par' dir='ltr' id='par_1_102' title="bbox 443 5600 2031 5671">
     <span class='ocr_line' id='line_1_102' title="bbox 443 5600 2031 5671; baseline -0.001 -17"><span class='ocrx_word' id='word_1_677' title='bbox 443 5601 598 5670; x_wconf 82' lang='lat' dir='ltr'><strong>quasi</strong></span> <span class='ocrx_word' id='word_1_678' title='bbox 632 5603 750 5670; x_wconf 85' lang='lat' dir='ltr'><strong>ejus</strong></span> <span class='ocrx_word' id='word_1_679' title='bbox 792 5601 1242 5671; x_wconf 83' lang='lat' dir='ltr'><strong>impedimentum</strong></span> <span class='ocrx_word' id='word_1_680' title='bbox 1294 5602 1562 5656; x_wconf 84' lang='lat' dir='ltr'><strong>removeri</strong></span> <span class='ocrx_word' id='word_1_681' title='bbox 1617 5600 1880 5658; x_wconf 68' lang='lat' dir='ltr'><strong>Ecclesiae</strong></span> <span class='ocrx_word' id='word_1_682' title='bbox 1933 5617 2031 5655; x_wconf 56' lang='lat' dir='ltr'><strong>an-</strong></span> 
     </span>
    </p>
   </div>
   <div class='ocr_carea' id='block_1_103' title="bbox 444 5693 2030 5766">
    <p class='ocr_par' dir='ltr' id='par_1_103' title="bbox 444 5693 2030 5766">
     <span class='ocr_line' id='line_1_103' title="bbox 444 5693 2030 5766; baseline 0.003 -18"><span class='ocrx_word' id='word_1_683' title='bbox 444 5695 699 5750; x_wconf 84' lang='lat' dir='ltr'><strong>etoritate</strong></span> <span class='ocrx_word' id='word_1_684' title='bbox 729 5695 999 5764; x_wconf 85' lang='lat' dir='ltr'><strong>nequiret,</strong></span> <span class='ocrx_word' id='word_1_685' title='bbox 1028 5693 1148 5763; x_wconf 86' lang='lat' dir='ltr'><strong>plus</strong></span> <span class='ocrx_word' id='word_1_686' title='bbox 1169 5709 1361 5763; x_wconf 85' lang='lat' dir='ltr'><strong>sapere</strong></span> <span class='ocrx_word' id='word_1_687' title='bbox 1395 5709 1556 5762; x_wconf 88' lang='lat' dir='ltr'><strong>quam</strong></span> <span class='ocrx_word' id='word_1_688' title='bbox 1591 5695 1888 5766; x_wconf 87' lang='lat' dir='ltr'><strong>ille..quetn</strong></span> <span class='ocrx_word' id='word_1_689' title='bbox 1915 5711 2030 5752; x_wconf 78' lang='lat' dir='ltr'><strong>me~</strong></span> 
     </span>
    </p>
   </div>
   <div class='ocr_carea' id='block_1_104' title="bbox 445 5791 2023 5865">
    <p class='ocr_par' dir='ltr' id='par_1_104' title="bbox 445 5791 2023 5865">
     <span class='ocr_line' id='line_1_104' title="bbox 445 5791 2023 5865; baseline 0.001 -17"><span class='ocrx_word' id='word_1_690' title='bbox 445 5793 680 5848; x_wconf 72' lang='lat' dir='ltr'><strong>miserat</strong></span> <span class='ocrx_word' id='word_1_691' title='bbox 709 5793 824 5864; x_wconf 85' lang='lat' dir='ltr'><strong>pari</strong></span> <span class='ocrx_word' id='word_1_692' title='bbox 853 5791 1146 5850; x_wconf 86' lang='lat' dir='ltr'><strong>occasione</strong></span> <span class='ocrx_word' id='word_1_693' title='bbox 1190 5791 1486 5865; x_wconf 79' lang='lat' dir='ltr'><strong>praesulatu</strong></span> <span class='ocrx_word' id='word_1_694' title='bbox 1521 5791 2023 5850; x_wconf 86' lang='lat' dir='ltr'><strong>ecclesiasticorum</strong></span> 
     </span>
    </p>
   </div>
   <div class='ocr_carea' id='block_1_105' title="bbox 2143 4594 3717 4665">
    <p class='ocr_par' dir='ltr' id='par_1_105' title="bbox 2143 4594 3717 4665">
     <span class='ocr_line' id='line_1_105' title="bbox 2143 4594 3717 4665; baseline -0.003 -13"><span class='ocrx_word' id='word_1_695' title='bbox 2143 4596 2464 4652; x_wconf 86' lang='lat' dir='ltr'><strong>monialium</strong></span> <span class='ocrx_word' id='word_1_696' title='bbox 2525 4595 3041 4664; x_wconf 81' lang='lat' dir='ltr'><strong>impedimentorum</strong></span> <span class='ocrx_word' id='word_1_697' title='bbox 3096 4599 3530 4662; x_wconf 85' lang='lat' dir='ltr'><strong>relaxationem,</strong></span> <span class='ocrx_word' id='word_1_698' title='bbox 3575 4594 3717 4665; x_wconf 87' lang='lat' dir='ltr'><strong>quasi</strong></span> 
     </span>
    </p>
   </div>
   <div class='ocr_carea' id='block_1_106' title="bbox 2141 4686 3721 4762">
    <p class='ocr_par' dir='ltr' id='par_1_106' title="bbox 2141 4686 3721 4762">
     <span class='ocr_line' id='line_1_106' title="bbox 2141 4686 3721 4762; baseline 0.001 -19"><span class='ocrx_word' id='word_1_699' title='bbox 2141 4704 2259 4743; x_wconf 91' lang='lat' dir='ltr'><strong>eam</strong></span> <span class='ocrx_word' id='word_1_700' title='bbox 2298 4687 2506 4744; x_wconf 81' lang='lat' dir='ltr'><strong>Veccus</strong></span> <span class='ocrx_word' id='word_1_701' title='bbox 2534 4699 2726 4743; x_wconf 86' lang='lat' dir='ltr'><strong>contra</strong></span> <span class='ocrx_word' id='word_1_702' title='bbox 2755 4689 2836 4744; x_wconf 88' lang='lat' dir='ltr'><strong>fas</strong></span> <span class='ocrx_word' id='word_1_703' title='bbox 2870 4696 3200 4747; x_wconf 89' lang='lat' dir='ltr'><strong>attentasset</strong></span> <span class='ocrx_word' id='word_1_704' title='bbox 3235 4704 3538 4762; x_wconf 84' lang='lat' dir='ltr'><strong>propterea</strong></span> <span class='ocrx_word' id='word_1_705' title='bbox 3589 4686 3721 4760; x_wconf 82' lang='lat' dir='ltr'><strong>quod</strong></span> 
     </span>
    </p>
   </div>
   <div class='ocr_carea' id='block_1_107' title="bbox 2141 4779 3488 4851">
    <p class='ocr_par' dir='ltr' id='par_1_107' title="bbox 2141 4779 3488 4851">
     <span class='ocr_line' id='line_1_107' title="bbox 2141 4779 3488 4851; baseline 0.001 -15"><span class='ocrx_word' id='word_1_706' title='bbox 2141 4780 2371 4836; x_wconf 79' lang='lat' dir='ltr'><strong>Romani</strong></span> <span class='ocrx_word' id='word_1_707' title='bbox 2401 4779 2672 4850; x_wconf 88' lang='lat' dir='ltr'><strong>pontificis</strong></span> <span class='ocrx_word' id='word_1_708' title='bbox 2701 4781 3082 4837; x_wconf 87' lang='lat' dir='ltr'><strong>auctoritatem</strong></span> <span class='ocrx_word' id='word_1_709' title='bbox 3134 4791 3488 4851; x_wconf 88' lang='lat' dir='ltr'><strong>sequeretur.</strong></span> 
     </span>
    </p>
   </div>
   <div class='ocr_carea' id='block_1_108' title="bbox 2209 4869 3717 4944">
    <p class='ocr_par' dir='ltr' id='par_1_108' title="bbox 2209 4869 3717 4944">
     <span class='ocr_line' id='line_1_108' title="bbox 2209 4869 3717 4944; baseline -0.003 -18"><span class='ocrx_word' id='word_1_710' title='bbox 2209 4871 2272 4928; x_wconf 86' lang='lat' dir='ltr'><strong>P.</strong></span> <span class='ocrx_word' id='word_1_711' title='bbox 2307 4872 2431 4927; x_wconf 77' lang='lat'><strong>206.</strong></span> <span class='ocrx_word' id='word_1_712' title='bbox 2470 4869 2697 4940; x_wconf 83' lang='lat' dir='ltr'><strong>Ejurato</strong></span> <span class='ocrx_word' id='word_1_713' title='bbox 2733 4873 2838 4925; x_wconf 78' lang='lat' dir='ltr'><strong>ritu</strong></span> <span class='ocrx_word' id='word_1_714' title='bbox 2865 4874 3062 4940; x_wconf 77' lang='lat' dir='ltr'><strong>patrio.</strong></span> <span class='ocrx_word' id='word_1_715' title='bbox 3107 4873 3236 4944; x_wconf 81' lang='lat' dir='ltr'><strong>Agit</strong></span> <span class='ocrx_word' id='word_1_716' title='bbox 3269 4875 3338 4930; x_wconf 92' lang='lat' dir='ltr'><strong>de</strong></span> <span class='ocrx_word' id='word_1_717' title='bbox 3401 4875 3564 4929; x_wconf 76' lang='lat' dir='ltr'><strong>Maria</strong></span> <span class='ocrx_word' id='word_1_718' title='bbox 3619 4869 3717 4926; x_wconf 83' lang='lat' dir='ltr'><strong>filia</strong></span> 
     </span>
    </p>
   </div>
   <div class='ocr_carea' id='block_1_109' title="bbox 2139 4946 3718 5036">
    <p class='ocr_par' dir='ltr' id='par_1_109' title="bbox 2139 4946 3718 5036">
     <span class='ocr_line' id='line_1_109' title="bbox 2139 4946 3718 5036; baseline -0.006 -14"><span class='ocrx_word' id='word_1_719' title='bbox 2139 4969 2280 5036; x_wconf 76' lang='lat' dir='ltr'><strong>regis</strong></span> <span class='ocrx_word' id='word_1_720' title='bbox 2316 4967 2589 5020; x_wconf 74' lang='lat' dir='ltr'><strong>Armenia:</strong></span> <span class='ocrx_word' id='word_1_721' title='bbox 2633 4946 2908 5020; x_wconf 56' lang='lat' dir='ltr'><strong>destin&#39;ata</strong></span> <span class='ocrx_word' id='word_1_722' title='bbox 2943 4982 3148 5034; x_wconf 82' lang='lat' dir='ltr'><strong>sponsa</strong></span> <span class='ocrx_word' id='word_1_723' title='bbox 3188 4967 3447 5022; x_wconf 79' lang='lat' dir='ltr'><strong>Mirhaeli</strong></span> <span class='ocrx_word' id='word_1_724' title='bbox 3485 4969 3718 5034; x_wconf 82' lang='lat' dir='ltr'><strong>Augusto</strong></span> 
     </span>
    </p>
   </div>
   <div class='ocr_carea' id='block_1_110' title="bbox 2133 5057 3717 5129">
    <p class='ocr_par' dir='ltr' id='par_1_110' title="bbox 2133 5057 3717 5129">
     <span class='ocr_line' id='line_1_110' title="bbox 2133 5057 3717 5129; baseline -0.004 -15"><span class='ocrx_word' id='word_1_725' title='bbox 2133 5057 2372 5124; x_wconf 86' lang='lat' dir='ltr'><strong>Juniori,</strong></span> <span class='ocrx_word' id='word_1_726' title='bbox 2399 5073 2563 5129; x_wconf 87' lang='lat' dir='ltr'><strong>quam</strong></span> <span class='ocrx_word' id='word_1_727' title='bbox 2590 5058 2666 5112; x_wconf 92' lang='lat' dir='ltr'><strong>ait</strong></span> <span class='ocrx_word' id='word_1_728' title='bbox 2695 5073 2859 5127; x_wconf 88' lang='lat' dir='ltr'><strong>opera</strong></span> <span class='ocrx_word' id='word_1_729' title='bbox 2882 5065 2939 5113; x_wconf 91' lang='lat' dir='ltr'><strong>et</strong></span> <span class='ocrx_word' id='word_1_730' title='bbox 2965 5060 3316 5115; x_wconf 89' lang='lat' dir='ltr'><strong>suasionibus</strong></span> <span class='ocrx_word' id='word_1_731' title='bbox 3345 5059 3717 5116; x_wconf 84' lang='lat' dir='ltr'><strong>deducentium</strong></span> 
     </span>
    </p>
   </div>
   <div class='ocr_carea' id='block_1_111' title="bbox 2137 5150 3713 5223">
    <p class='ocr_par' dir='ltr' id='par_1_111' title="bbox 2137 5150 3713 5223">
     <span class='ocr_line' id='line_1_111' title="bbox 2137 5150 3713 5223; baseline -0.005 -15"><span class='ocrx_word' id='word_1_732' title='bbox 2137 5153 2429 5208; x_wconf 83' lang='lat' dir='ltr'><strong>adductam</strong></span> <span class='ocrx_word' id='word_1_733' title='bbox 2463 5152 2526 5206; x_wconf 86' lang='lat' dir='ltr'><strong>ad</strong></span> <span class='ocrx_word' id='word_1_734' title='bbox 2568 5151 2894 5220; x_wconf 88' lang='lat' dir='ltr'><strong>ejurandum</strong></span> <span class='ocrx_word' id='word_1_735' title='bbox 2930 5151 3094 5206; x_wconf 91' lang='lat' dir='ltr'><strong>ritum</strong></span> <span class='ocrx_word' id='word_1_736' title='bbox 3129 5154 3398 5223; x_wconf 86' lang='lat' dir='ltr'><strong>patrium.</strong></span> <span class='ocrx_word' id='word_1_737' title='bbox 3425 5151 3552 5209; x_wconf 83' lang='lat' dir='ltr'><strong>Acri</strong></span> <span class='ocrx_word' id='word_1_738' title='bbox 3581 5150 3713 5205; x_wconf 88' lang='lat' dir='ltr'><strong>circa</strong></span> 
     </span>
    </p>
   </div>
   <div class='ocr_carea' id='block_1_112' title="bbox 2134 5247 3716 5318">
    <p class='ocr_par' dir='ltr' id='par_1_112' title="bbox 2134 5247 3716 5318">
     <span class='ocr_line' id='line_1_112' title="bbox 2134 5247 3716 5318; baseline -0.003 -16"><span class='ocrx_word' id='word_1_739' title='bbox 2134 5248 2452 5318; x_wconf 81' lang='lat' dir='ltr'><strong>religionem</strong></span> <span class='ocrx_word' id='word_1_740' title='bbox 2482 5247 2714 5302; x_wconf 88' lang='lat' dir='ltr'><strong>discidio</strong></span> <span class='ocrx_word' id='word_1_741' title='bbox 2747 5247 2980 5302; x_wconf 88' lang='lat' dir='ltr'><strong>invicem</strong></span> <span class='ocrx_word' id='word_1_742' title='bbox 3029 5248 3388 5304; x_wconf 86' lang='lat' dir='ltr'><strong>abhorruisse</strong></span> <span class='ocrx_word' id='word_1_743' title='bbox 3423 5249 3638 5304; x_wconf 65' lang='lat' dir='ltr'><strong>Graecos</strong></span> <span class='ocrx_word' id='word_1_744' title='bbox 3667 5250 3716 5297; x_wconf 88' lang='lat' dir='ltr'><strong>et</strong></span> 
     </span>
    </p>
   </div>
   <div class='ocr_carea' id='block_1_113' title="bbox 2132 5333 3715 5395">
    <p class='ocr_par' dir='ltr' id='par_1_113' title="bbox 2132 5333 3715 5395">
     <span class='ocr_line' id='line_1_113' title="bbox 2132 5333 3715 5395; baseline -0.004 -1"><span class='ocrx_word' id='word_1_745' title='bbox 2132 5340 2398 5394; x_wconf 82' lang='lat' dir='ltr'><strong>Armenes</strong></span> <span class='ocrx_word' id='word_1_746' title='bbox 2433 5353 2545 5394; x_wconf 84' lang='lat' dir='ltr'><strong>non</strong></span> <span class='ocrx_word' id='word_1_747' title='bbox 2577 5338 2747 5393; x_wconf 87' lang='lat' dir='ltr'><strong>semel</strong></span> <span class='ocrx_word' id='word_1_748' title='bbox 2784 5339 2836 5394; x_wconf 92' lang='lat' dir='ltr'><strong>in</strong></span> <span class='ocrx_word' id='word_1_749' title='bbox 2862 5339 3014 5395; x_wconf 82' lang='lat' dir='ltr'><strong>hisce</strong></span> <span class='ocrx_word' id='word_1_750' title='bbox 3039 5341 3402 5395; x_wconf 78' lang='lat' dir='ltr'><strong>historiarum</strong></span> <span class='ocrx_word' id='word_1_751' title='bbox 3438 5339 3592 5394; x_wconf 90' lang='lat' dir='ltr'><strong>libris</strong></span> <span class='ocrx_word' id='word_1_752' title='bbox 3621 5333 3715 5389; x_wconf 82' lang='lat' dir='ltr'><strong>Pa-</strong></span> 
     </span>
    </p>
   </div>
   <div class='ocr_carea' id='block_1_114' title="bbox 2132 5425 3715 5500">
    <p class='ocr_par' dir='ltr' id='par_1_114' title="bbox 2132 5425 3715 5500">
     <span class='ocr_line' id='line_1_114' title="bbox 2132 5425 3715 5500; baseline -0.001 -18"><span class='ocrx_word' id='word_1_753' title='bbox 2132 5425 2418 5495; x_wconf 78' lang='lat' dir='ltr'><strong>cbymeres</strong></span> <span class='ocrx_word' id='word_1_754' title='bbox 2469 5426 2669 5482; x_wconf 81' lang='lat' dir='ltr'><strong>innuit.</strong></span> <span class='ocrx_word' id='word_1_755' title='bbox 2706 5425 2838 5482; x_wconf 79' lang='lat' dir='ltr'><strong>Vide</strong></span> <span class='ocrx_word' id='word_1_756' title='bbox 2897 5429 3006 5484; x_wconf 91' lang='lat' dir='ltr'><strong>vol.</strong></span> <span class='ocrx_word' id='word_1_757' title='bbox 3041 5427 3084 5494; x_wconf 90' lang='lat' dir='ltr'><strong>l,</strong></span> <span class='ocrx_word' id='word_1_758' title='bbox 3140 5445 3196 5500; x_wconf 91' lang='lat' dir='ltr'><strong>p.</strong></span> <span class='ocrx_word' id='word_1_759' title='bbox 3231 5429 3386 5498; x_wconf 64' lang='lat'><strong>429;</strong></span> <span class='ocrx_word' id='word_1_760' title='bbox 3444 5429 3550 5485; x_wconf 86' lang='lat' dir='ltr'><strong>vol.</strong></span> <span class='ocrx_word' id='word_1_761' title='bbox 3580 5427 3640 5492; x_wconf 88' lang='lat' dir='ltr'><strong>ll,</strong></span> <span class='ocrx_word' id='word_1_762' title='bbox 3669 5439 3715 5493; x_wconf 83' lang='lat' dir='ltr'><strong>p.</strong></span> 
     </span>
    </p>
   </div>
   <div class='ocr_carea' id='block_1_115' title="bbox 2133 5517 3714 5589">
    <p class='ocr_par' dir='ltr' id='par_1_115' title="bbox 2133 5517 3714 5589">
     <span class='ocr_line' id='line_1_115' title="bbox 2133 5517 3714 5589; baseline -0.001 -19"><span class='ocrx_word' id='word_1_763' title='bbox 2133 5517 2259 5578; x_wconf 67' lang='lat'><strong>242,</strong></span> <span class='ocrx_word' id='word_1_764' title='bbox 2293 5528 2348 5571; x_wconf 90' lang='lat' dir='ltr'><strong>et</strong></span> <span class='ocrx_word' id='word_1_765' title='bbox 2379 5533 2431 5586; x_wconf 91' lang='lat' dir='ltr'><strong>p.</strong></span> <span class='ocrx_word' id='word_1_766' title='bbox 2467 5517 2597 5572; x_wconf 68' lang='lat'><strong>520.</strong></span> <span class='ocrx_word' id='word_1_767' title='bbox 2633 5517 2839 5574; x_wconf 86' lang='lat' dir='ltr'><strong>Solitos</strong></span> <span class='ocrx_word' id='word_1_768' title='bbox 2869 5535 3030 5589; x_wconf 91' lang='lat' dir='ltr'><strong>porro</strong></span> <span class='ocrx_word' id='word_1_769' title='bbox 3059 5520 3282 5576; x_wconf 77' lang='lat' dir='ltr'><strong>Grzecos</strong></span> <span class='ocrx_word' id='word_1_770' title='bbox 3327 5537 3424 5576; x_wconf 88' lang='lat' dir='ltr'><strong>eos</strong></span> <span class='ocrx_word' id='word_1_771' title='bbox 3450 5520 3540 5588; x_wconf 90' lang='lat' dir='ltr'><strong>qtti</strong></span> <span class='ocrx_word' id='word_1_772' title='bbox 3565 5519 3714 5572; x_wconf 85' lang='lat' dir='ltr'><strong>ritum</strong></span> 
     </span>
    </p>
   </div>
   <div class='ocr_carea' id='block_1_116' title="bbox 2133 5608 3712 5678">
    <p class='ocr_par' dir='ltr' id='par_1_116' title="bbox 2133 5608 3712 5678">
     <span class='ocr_line' id='line_1_116' title="bbox 2133 5608 3712 5678; baseline -0.001 -18"><span class='ocrx_word' id='word_1_773' title='bbox 2133 5608 2368 5678; x_wconf 88' lang='lat' dir='ltr'><strong>patrium</strong></span> <span class='ocrx_word' id='word_1_774' title='bbox 2399 5623 2523 5664; x_wconf 91' lang='lat' dir='ltr'><strong>cum</strong></span> <span class='ocrx_word' id='word_1_775' title='bbox 2559 5625 2659 5664; x_wconf 79' lang='lat' dir='ltr'><strong>suo</strong></span> <span class='ocrx_word' id='word_1_776' title='bbox 2700 5621 2976 5666; x_wconf 79' lang='lat' dir='ltr'><strong>mutarent</strong></span> <span class='ocrx_word' id='word_1_777' title='bbox 3005 5613 3272 5668; x_wconf 87' lang='lat' dir='ltr'><strong>unctione</strong></span> <span class='ocrx_word' id='word_1_778' title='bbox 3325 5613 3477 5668; x_wconf 87' lang='lat' dir='ltr'><strong>velut</strong></span> <span class='ocrx_word' id='word_1_779' title='bbox 3509 5610 3712 5666; x_wconf 83' lang='lat' dir='ltr'><strong>initiare</strong></span> 
     </span>
    </p>
   </div>
   <div class='ocr_carea' id='block_1_117' title="bbox 2129 5695 3712 5771">
    <p class='ocr_par' dir='ltr' id='par_1_117' title="bbox 2129 5695 3712 5771">
     <span class='ocr_line' id='line_1_117' title="bbox 2129 5695 3712 5771; baseline -0.005 -18"><span class='ocrx_word' id='word_1_780' title='bbox 2129 5701 2386 5771; x_wconf 89' lang='lat' dir='ltr'><strong>quadam,</strong></span> <span class='ocrx_word' id='word_1_781' title='bbox 2423 5711 2478 5755; x_wconf 92' lang='lat' dir='ltr'><strong>et</strong></span> <span class='ocrx_word' id='word_1_782' title='bbox 2527 5701 2617 5756; x_wconf 85' lang='lat' dir='ltr'><strong>hic</strong></span> <span class='ocrx_word' id='word_1_783' title='bbox 2652 5702 2806 5758; x_wconf 78' lang='lat' dir='ltr'><strong>vides</strong></span> <span class='ocrx_word' id='word_1_784' title='bbox 2841 5719 2868 5755; x_wconf 89' lang='lat' dir='ltr'><strong>a</strong></span> <span class='ocrx_word' id='word_1_785' title='bbox 2923 5713 3112 5759; x_wconf 89' lang='lat' dir='ltr'><strong>nostro</strong></span> <span class='ocrx_word' id='word_1_786' title='bbox 3163 5705 3435 5758; x_wconf 85' lang='lat' dir='ltr'><strong>historico</strong></span> <span class='ocrx_word' id='word_1_787' title='bbox 3486 5713 3540 5757; x_wconf 89' lang='lat' dir='ltr'><strong>et</strong></span> <span class='ocrx_word' id='word_1_788' title='bbox 3587 5695 3712 5752; x_wconf 77' lang='lat' dir='ltr'><strong>infra</strong></span> 
     </span>
    </p>
   </div>
   <div class='ocr_carea' id='block_1_118' title="bbox 2131 5793 3712 5864">
    <p class='ocr_par' dir='ltr' id='par_1_118' title="bbox 2131 5793 3712 5864">
     <span class='ocr_line' id='line_1_118' title="bbox 2131 5793 3712 5864; baseline -0.006 -12"><span class='ocrx_word' id='word_1_789' title='bbox 2131 5810 2186 5864; x_wconf 78' lang='grc' dir='ltr'><strong>ιι.</strong></span> <span class='ocrx_word' id='word_1_790' title='bbox 2215 5793 2339 5861; x_wconf 71' lang='grc'><strong>520,</strong></span> <span class='ocrx_word' id='word_1_791' title='bbox 2366 5793 2567 5853; x_wconf 84' lang='lat' dir='ltr'><strong>diserte</strong></span> <span class='ocrx_word' id='word_1_792' title='bbox 2596 5794 2920 5853; x_wconf 74' lang='lat' dir='ltr'><strong>afﬁrmatum</strong></span> <span class='ocrx_word' id='word_1_793' title='bbox 2949 5797 3017 5854; x_wconf 89' lang='lat' dir='ltr'><strong>de</strong></span> <span class='ocrx_word' id='word_1_794' title='bbox 3049 5796 3348 5864; x_wconf 88' lang='lat' dir='ltr'><strong>Artuenis;</strong></span> <span class='ocrx_word' id='word_1_795' title='bbox 3376 5805 3432 5853; x_wconf 91' lang='lat' dir='ltr'><strong>et</strong></span> <span class='ocrx_word' id='word_1_796' title='bbox 3460 5794 3597 5852; x_wconf 87' lang='lat' dir='ltr'><strong>idem</strong></span> <span class='ocrx_word' id='word_1_797' title='bbox 3627 5801 3712 5846; x_wconf 76' lang='lat' dir='ltr'><strong>eos</strong></span> 
     </span>
    </p>
   </div>
  </div>
