  <div class='ocr_page' id='page_1' title='image "/cluster/home/n/w/nwhite01/storage/ocr_20150623/144:no.2/coo.31924054870492/412.png"; bbox 0 0 4036 6416; ppageno 0'>
   <div class='ocr_carea' id='block_1_1' title="bbox 403 367 511 432">
    <p class='ocr_par' dir='ltr' id='par_1_1' title="bbox 403 367 511 432">
     <span class='ocr_line' id='line_1_1' title="bbox 403 367 511 432; baseline 0.019 -3"><span class='ocrx_word' id='word_1_1' title='bbox 403 367 511 432; x_wconf 67' lang='lat'><strong>813</strong></span> 
     </span>
    </p>
   </div>
   <div class='ocr_carea' id='block_1_2' title="bbox 1925 359 2167 424">
    <p class='ocr_par' dir='ltr' id='par_1_2' title="bbox 1925 359 2167 424">
     <span class='ocr_line' id='line_1_2' title="bbox 1925 359 2167 424; baseline 0.012 -3"><span class='ocrx_word' id='word_1_2' title='bbox 1925 359 2167 424; x_wconf 70' lang='lat' dir='ltr'><strong>NOT/E.</strong></span> 
     </span>
    </p>
   </div>
   <div class='ocr_carea' id='block_1_3' title="bbox 3567 361 3678 425">
    <p class='ocr_par' dir='ltr' id='par_1_3' title="bbox 3567 361 3678 425">
     <span class='ocr_line' id='line_1_3' title="bbox 3567 361 3678 425; baseline 0 -1"><span class='ocrx_word' id='word_1_3' title='bbox 3567 361 3678 425; x_wconf 71' lang='lat' dir='ltr'><strong>8M</strong></span> 
     </span>
    </p>
   </div>
   <div class='ocr_carea' id='block_1_4' title="bbox 400 479 3672 556">
    <p class='ocr_par' dir='ltr' id='par_1_4' title="bbox 400 479 3672 556">
     <span class='ocr_line' id='line_1_4' title="bbox 400 479 3672 556; baseline -0.001 -16"><span class='ocrx_word' id='word_1_4' title='bbox 400 500 669 556; x_wconf 84' lang='lat' dir='ltr'><strong>usurpare</strong></span> <span class='ocrx_word' id='word_1_5' title='bbox 702 484 753 540; x_wconf 90' lang='lat' dir='ltr'><strong>iu</strong></span> <span class='ocrx_word' id='word_1_6' title='bbox 780 483 991 539; x_wconf 87' lang='lat' dir='ltr'><strong>Latinis</strong></span> <span class='ocrx_word' id='word_1_7' title='bbox 1026 486 1093 538; x_wconf 91' lang='lat' dir='ltr'><strong>ad</strong></span> <span class='ocrx_word' id='word_1_8' title='bbox 1145 483 1306 538; x_wconf 89' lang='lat' dir='ltr'><strong>ritqu</strong></span> <span class='ocrx_word' id='word_1_9' title='bbox 1355 483 1603 540; x_wconf 83' lang='lat' dir='ltr'><strong>Graecum</strong></span> <span class='ocrx_word' id='word_1_10' title='bbox 1643 482 1982 536; x_wconf 85' lang='lat' dir='ltr'><strong>transcunti-</strong></span> <span class='ocrx_word' id='word_1_11' title='bbox 2012 489 2058 543; x_wconf 77' lang='grc' dir='ltr'>Α</span> <span class='ocrx_word' id='word_1_12' title='bbox 2093 481 2192 535; x_wconf 91' lang='lat' dir='ltr'><strong>hos</strong></span> <span class='ocrx_word' id='word_1_13' title='bbox 2248 479 2514 536; x_wconf 98' lang='lat' dir='ltr'><strong>terminos</strong></span> <span class='ocrx_word' id='word_1_14' title='bbox 2549 481 2709 553; x_wconf 89' lang='lat' dir='ltr'><strong>spatii</strong></span> <span class='ocrx_word' id='word_1_15' title='bbox 2749 484 2888 537; x_wconf 87' lang='lat' dir='ltr'><strong>intra</strong></span> <span class='ocrx_word' id='word_1_16' title='bbox 2944 480 3092 552; x_wconf 91' lang='lat' dir='ltr'><strong>quod</strong></span> <span class='ocrx_word' id='word_1_17' title='bbox 3151 481 3437 551; x_wconf 80' lang='lat' dir='ltr'><strong>digladiari</strong></span> <span class='ocrx_word' id='word_1_18' title='bbox 3477 480 3672 539; x_wconf 95' lang='lat' dir='ltr'><strong>Veneti</strong></span> 
     </span>
    </p>
   </div>
   <div class='ocr_carea' id='block_1_5' title="bbox 399 574 1976 649">
    <p class='ocr_par' dir='ltr' id='par_1_5' title="bbox 399 574 1976 649">
     <span class='ocr_line' id='line_1_5' title="bbox 399 574 1976 649; baseline -0.002 -18"><span class='ocrx_word' id='word_1_19' title='bbox 399 578 527 641; x_wconf 88' lang='lat' dir='ltr'><strong>bus,</strong></span> <span class='ocrx_word' id='word_1_20' title='bbox 583 577 886 649; x_wconf 84' lang='lat' dir='ltr'><strong>accipimus</strong></span> <span class='ocrx_word' id='word_1_21' title='bbox 944 593 975 633; x_wconf 92' lang='lat' dir='ltr'><strong>e</strong></span> <span class='ocrx_word' id='word_1_22' title='bbox 1008 576 1205 633; x_wconf 86' lang='lat' dir='ltr'><strong>litteris</strong></span> <span class='ocrx_word' id='word_1_23' title='bbox 1269 585 1580 632; x_wconf 90' lang='lat' dir='ltr'><strong>nostrorum</strong></span> <span class='ocrx_word' id='word_1_24' title='bbox 1615 574 1886 646; x_wconf 84' lang='lat' dir='ltr'><strong>hodieque</strong></span> <span class='ocrx_word' id='word_1_25' title='bbox 1919 574 1976 630; x_wconf 91' lang='lat' dir='ltr'><strong>iu</strong></span> 
     </span>
    </p>
   </div>
   <div class='ocr_carea' id='block_1_6' title="bbox 397 669 974 742">
    <p class='ocr_par' dir='ltr' id='par_1_6' title="bbox 397 669 974 742">
     <span class='ocr_line' id='line_1_6' title="bbox 397 669 974 742; baseline 0.005 -18"><span class='ocrx_word' id='word_1_26' title='bbox 397 669 606 725; x_wconf 53' lang='lat' dir='ltr'><strong>Graecia</strong></span> <span class='ocrx_word' id='word_1_27' title='bbox 641 671 974 742; x_wconf 75' lang='lat' dir='ltr'><strong>degentium.</strong></span> 
     </span>
    </p>
   </div>
   <div class='ocr_carea' id='block_1_7' title="bbox 474 761 1980 833">
    <p class='ocr_par' dir='ltr' id='par_1_7' title="bbox 474 761 1980 833">
     <span class='ocr_line' id='line_1_7' title="bbox 474 761 1980 833; baseline 0 -18"><span class='ocrx_word' id='word_1_28' title='bbox 474 761 536 819; x_wconf 88' lang='lat' dir='ltr'><strong>P.</strong></span> <span class='ocrx_word' id='word_1_29' title='bbox 564 763 691 818; x_wconf 85' lang='grc'>209.</span> <span class='ocrx_word' id='word_1_30' title='bbox 724 763 955 820; x_wconf 85' lang='lat' dir='ltr'><strong>Latinis.</strong></span> <span class='ocrx_word' id='word_1_31' title='bbox 986 762 1096 820; x_wconf 78' lang='lat' dir='ltr'><strong>Hos</strong></span> <span class='ocrx_word' id='word_1_32' title='bbox 1129 761 1351 818; x_wconf 89' lang='lat' dir='ltr'><strong>Latinos</strong></span> <span class='ocrx_word' id='word_1_33' title='bbox 1407 763 1549 833; x_wconf 86' lang='lat' dir='ltr'><strong>apud</strong></span> <span class='ocrx_word' id='word_1_34' title='bbox 1580 761 1796 818; x_wconf 80' lang='lat' dir='ltr'><strong>Cretam</strong></span> <span class='ocrx_word' id='word_1_35' title='bbox 1829 764 1980 818; x_wconf 82' lang='lat' dir='ltr'><strong>insu-</strong></span> 
     </span>
    </p>
   </div>
   <div class='ocr_carea' id='block_1_8' title="bbox 399 855 1982 926">
    <p class='ocr_par' dir='ltr' id='par_1_8' title="bbox 399 855 1982 926">
     <span class='ocr_line' id='line_1_8' title="bbox 399 855 1982 926; baseline -0.001 -14"><span class='ocrx_word' id='word_1_36' title='bbox 399 857 508 914; x_wconf 85' lang='lat' dir='ltr'><strong>lam</strong></span> <span class='ocrx_word' id='word_1_37' title='bbox 545 856 717 911; x_wconf 76' lang='lat' dir='ltr'><strong>armis</strong></span> <span class='ocrx_word' id='word_1_38' title='bbox 748 855 1104 926; x_wconf 64' lang='lat' dir='ltr'><strong>praevalentes</strong></span> <span class='ocrx_word' id='word_1_39' title='bbox 1153 856 1320 912; x_wconf 87' lang='lat' dir='ltr'><strong>fuisse</strong></span> <span class='ocrx_word' id='word_1_40' title='bbox 1351 857 1585 912; x_wconf 85' lang='lat' dir='ltr'><strong>Venetos</strong></span> <span class='ocrx_word' id='word_1_41' title='bbox 1638 856 1844 910; x_wconf 82' lang='lat' dir='ltr'><strong>indicat</strong></span> <span class='ocrx_word' id='word_1_42' title='bbox 1885 872 1982 910; x_wconf 83' lang='lat' dir='ltr'><strong>no-</strong></span> 
     </span>
    </p>
   </div>
   <div class='ocr_carea' id='block_1_9' title="bbox 399 945 1982 1014">
    <p class='ocr_par' dir='ltr' id='par_1_9' title="bbox 399 945 1982 1014">
     <span class='ocr_line' id='line_1_9' title="bbox 399 945 1982 1014; baseline -0.003 -11"><span class='ocrx_word' id='word_1_43' title='bbox 399 958 516 1003; x_wconf 90' lang='lat' dir='ltr'><strong>ster</strong></span> <span class='ocrx_word' id='word_1_44' title='bbox 564 946 728 1013; x_wconf 90' lang='lat' dir='ltr'><strong>infra,</strong></span> <span class='ocrx_word' id='word_1_45' title='bbox 774 947 813 1002; x_wconf 95' lang='lat' dir='ltr'><strong>I.</strong></span> <span class='ocrx_word' id='word_1_46' title='bbox 861 962 959 1012; x_wconf 87' lang='lat' dir='ltr'><strong>vn,</strong></span> <span class='ocrx_word' id='word_1_47' title='bbox 991 961 1041 1002; x_wconf 91' lang='lat' dir='ltr'><strong>c.</strong></span> <span class='ocrx_word' id='word_1_48' title='bbox 1073 945 1128 1014; x_wconf 88' lang='lat'><strong>8,</strong></span> <span class='ocrx_word' id='word_1_49' title='bbox 1162 947 1287 1000; x_wconf 88' lang='lat' dir='ltr'><strong>dum</strong></span> <span class='ocrx_word' id='word_1_50' title='bbox 1337 945 1562 1002; x_wconf 87' lang='lat' dir='ltr'><strong>solvisse</strong></span> <span class='ocrx_word' id='word_1_51' title='bbox 1594 946 1982 1001; x_wconf 85' lang='lat' dir='ltr'><strong>Constantino-</strong></span> 
     </span>
    </p>
   </div>
   <div class='ocr_carea' id='block_1_10' title="bbox 401 1038 1984 1108">
    <p class='ocr_par' dir='ltr' id='par_1_10' title="bbox 401 1038 1984 1108">
     <span class='ocr_line' id='line_1_10' title="bbox 401 1038 1984 1108; baseline -0.003 -14"><span class='ocrx_word' id='word_1_52' title='bbox 401 1038 512 1108; x_wconf 86' lang='lat' dir='ltr'><strong>poli</strong></span> <span class='ocrx_word' id='word_1_53' title='bbox 531 1039 748 1096; x_wconf 85' lang='lat' dir='ltr'><strong>Cretam</strong></span> <span class='ocrx_word' id='word_1_54' title='bbox 776 1054 964 1094; x_wconf 85' lang='lat' dir='ltr'><strong>versus</strong></span> <span class='ocrx_word' id='word_1_55' title='bbox 985 1038 1336 1093; x_wconf 82' lang='lat' dir='ltr'><strong>Athanasium</strong></span> <span class='ocrx_word' id='word_1_56' title='bbox 1361 1039 1726 1108; x_wconf 87' lang='lat' dir='ltr'><strong>patriarcham</strong></span> <span class='ocrx_word' id='word_1_57' title='bbox 1746 1039 1984 1094; x_wconf 75' lang='lat' dir='ltr'><strong>Alexazia</strong></span> 
     </span>
    </p>
   </div>
   <div class='ocr_carea' id='block_1_11' title="bbox 399 1128 1980 1196">
    <p class='ocr_par' dir='ltr' id='par_1_11' title="bbox 399 1128 1980 1196">
     <span class='ocr_line' id='line_1_11' title="bbox 399 1128 1980 1196; baseline -0.001 -9"><span class='ocrx_word' id='word_1_58' title='bbox 399 1133 614 1187; x_wconf 87' lang='lat' dir='ltr'><strong>drinum</strong></span> <span class='ocrx_word' id='word_1_59' title='bbox 645 1146 783 1186; x_wconf 87' lang='lat' dir='ltr'><strong>nave</strong></span> <span class='ocrx_word' id='word_1_60' title='bbox 815 1129 1020 1186; x_wconf 85' lang='lat' dir='ltr'><strong>Veneta</strong></span> <span class='ocrx_word' id='word_1_61' title='bbox 1055 1140 1306 1186; x_wconf 78' lang='lat' dir='ltr'><strong>testatur.</strong></span> <span class='ocrx_word' id='word_1_62' title='bbox 1366 1128 1472 1186; x_wconf 86' lang='lat' dir='ltr'><strong>Sed</strong></span> <span class='ocrx_word' id='word_1_63' title='bbox 1529 1141 1585 1187; x_wconf 87' lang='lat' dir='ltr'><strong>ct</strong></span> <span class='ocrx_word' id='word_1_64' title='bbox 1619 1131 1786 1196; x_wconf 90' lang='lat' dir='ltr'><strong>idem,</strong></span> <span class='ocrx_word' id='word_1_65' title='bbox 1822 1131 1860 1189; x_wconf 94' lang='grc' dir='ltr'>Ι.</span> <span class='ocrx_word' id='word_1_66' title='bbox 1900 1148 1980 1196; x_wconf 86' lang='grc' dir='ltr'>ιιι,</span> 
     </span>
    </p>
   </div>
   <div class='ocr_carea' id='block_1_12' title="bbox 397 1215 1801 1294">
    <p class='ocr_par' dir='ltr' id='par_1_12' title="bbox 397 1215 1801 1294">
     <span class='ocr_line' id='line_1_12' title="bbox 397 1215 1801 1294; baseline 0 -14"><span class='ocrx_word' id='word_1_67' title='bbox 397 1241 450 1280; x_wconf 93' lang='lat' dir='ltr'><strong>c.</strong></span> <span class='ocrx_word' id='word_1_68' title='bbox 491 1222 580 1291; x_wconf 83' lang='grc'><strong>19,</strong></span> <span class='ocrx_word' id='word_1_69' title='bbox 613 1215 759 1280; x_wconf 84' lang='lat' dir='ltr'><strong>clare</strong></span> <span class='ocrx_word' id='word_1_70' title='bbox 792 1223 1005 1278; x_wconf 76' lang='lat' dir='ltr'><strong>dixerat</strong></span> <span class='ocrx_word' id='word_1_71' title='bbox 1035 1224 1249 1279; x_wconf 83' lang='lat' dir='ltr'><strong>Cretam</strong></span> <span class='ocrx_word' id='word_1_72' title='bbox 1279 1225 1529 1294; x_wconf 86' lang='lat' dir='ltr'><strong>par-uisse</strong></span> <span class='ocrx_word' id='word_1_73' title='bbox 1553 1224 1801 1280; x_wconf 75' lang='lat' dir='ltr'><strong>Venetis.</strong></span> 
     </span>
    </p>
   </div>
   <div class='ocr_carea' id='block_1_13' title="bbox 471 1316 1985 1389">
    <p class='ocr_par' dir='ltr' id='par_1_13' title="bbox 471 1316 1985 1389">
     <span class='ocr_line' id='line_1_13' title="bbox 471 1316 1985 1389; baseline 0.002 -17"><span class='ocrx_word' id='word_1_74' title='bbox 471 1317 534 1373; x_wconf 89' lang='lat' dir='ltr'><strong>P.</strong></span> <span class='ocrx_word' id='word_1_75' title='bbox 564 1319 692 1374; x_wconf 87' lang='grc'>211.</span> <span class='ocrx_word' id='word_1_76' title='bbox 730 1317 916 1372; x_wconf 87' lang='lat' dir='ltr'><strong>Mirari</strong></span> <span class='ocrx_word' id='word_1_77' title='bbox 976 1317 1104 1373; x_wconf 89' lang='lat' dir='ltr'><strong>licet</strong></span> <span class='ocrx_word' id='word_1_78' title='bbox 1162 1319 1434 1388; x_wconf 87' lang='lat' dir='ltr'><strong>quomodo</strong></span> <span class='ocrx_word' id='word_1_79' title='bbox 1485 1316 1985 1389; x_wconf 85' lang='lat' dir='ltr'><strong>Philanthropenus</strong></span> 
     </span>
    </p>
   </div>
   <div class='ocr_carea' id='block_1_14' title="bbox 365 1409 1984 1468">
    <p class='ocr_par' dir='ltr' id='par_1_14' title="bbox 365 1409 1984 1468">
     <span class='ocr_line' id='line_1_14' title="bbox 365 1409 1984 1468; baseline 0 -2"><span class='ocrx_word' id='word_1_80' title='bbox 365 1411 604 1466; x_wconf 79' lang='lat' dir='ltr'><strong>-olferre</strong></span> <span class='ocrx_word' id='word_1_81' title='bbox 633 1410 995 1465; x_wconf 86' lang='lat' dir='ltr'><strong>conditionem</strong></span> <span class='ocrx_word' id='word_1_82' title='bbox 1029 1409 1287 1464; x_wconf 85' lang='lat' dir='ltr'><strong>connubii</strong></span> <span class='ocrx_word' id='word_1_83' title='bbox 1342 1424 1528 1465; x_wconf 88' lang='lat' dir='ltr'><strong>secum</strong></span> <span class='ocrx_word' id='word_1_84' title='bbox 1586 1411 1713 1466; x_wconf 89' lang='lat' dir='ltr'><strong>huic</strong></span> <span class='ocrx_word' id='word_1_85' title='bbox 1771 1413 1984 1468; x_wconf 81' lang='lat' dir='ltr'><strong>mulieri</strong></span> 
     </span>
    </p>
   </div>
   <div class='ocr_carea' id='block_1_15' title="bbox 401 1501 1988 1574">
    <p class='ocr_par' dir='ltr' id='par_1_15' title="bbox 401 1501 1988 1574">
     <span class='ocr_line' id='line_1_15' title="bbox 401 1501 1988 1574; baseline 0.003 -19"><span class='ocrx_word' id='word_1_86' title='bbox 401 1505 662 1574; x_wconf 86' lang='lat' dir='ltr'><strong>potuerit,</strong></span> <span class='ocrx_word' id='word_1_87' title='bbox 697 1519 855 1574; x_wconf 87' lang='lat' dir='ltr'><strong>quem</strong></span> <span class='ocrx_word' id='word_1_88' title='bbox 886 1519 949 1558; x_wconf 81' lang='lat' dir='ltr'><strong>ex</strong></span> <span class='ocrx_word' id='word_1_89' title='bbox 985 1521 1037 1574; x_wconf 88' lang='lat' dir='ltr'><strong>p.</strong></span> <span class='ocrx_word' id='word_1_90' title='bbox 1063 1501 1169 1558; x_wconf 82' lang='grc'><strong>226</strong></span> <span class='ocrx_word' id='word_1_91' title='bbox 1217 1503 1537 1572; x_wconf 81' lang='lat' dir='ltr'><strong>intelligitur</strong></span> <span class='ocrx_word' id='word_1_92' title='bbox 1568 1503 1828 1561; x_wconf 82' lang='lat' dir='ltr'><strong>habuisse</strong></span> <span class='ocrx_word' id='word_1_93' title='bbox 1859 1515 1988 1560; x_wconf 90' lang='lat' dir='ltr'><strong>tunc</strong></span> 
     </span>
    </p>
   </div>
   <div class='ocr_carea' id='block_1_16' title="bbox 401 1596 1987 1668">
    <p class='ocr_par' dir='ltr' id='par_1_16' title="bbox 401 1596 1987 1668">
     <span class='ocr_line' id='line_1_16' title="bbox 401 1596 1987 1668; baseline 0.001 -17"><span class='ocrx_word' id='word_1_94' title='bbox 401 1597 564 1651; x_wconf 89' lang='lat' dir='ltr'><strong>aliam</strong></span> <span class='ocrx_word' id='word_1_95' title='bbox 598 1596 894 1666; x_wconf 72' lang='lat' dir='ltr'><strong>legitimam</strong></span> <span class='ocrx_word' id='word_1_96' title='bbox 925 1611 1147 1649; x_wconf 86' lang='lat' dir='ltr'><strong>uxorem</strong></span> <span class='ocrx_word' id='word_1_97' title='bbox 1195 1605 1249 1650; x_wconf 91' lang='lat' dir='ltr'><strong>et</strong></span> <span class='ocrx_word' id='word_1_98' title='bbox 1280 1601 1348 1649; x_wconf 81' lang='lat' dir='ltr'><strong>ex</strong></span> <span class='ocrx_word' id='word_1_99' title='bbox 1377 1612 1442 1651; x_wconf 91' lang='lat' dir='ltr'><strong>ea</strong></span> <span class='ocrx_word' id='word_1_100' title='bbox 1484 1596 1674 1652; x_wconf 81' lang='lat' dir='ltr'><strong>ﬁliuni.</strong></span> <span class='ocrx_word' id='word_1_101' title='bbox 1712 1598 1793 1651; x_wconf 81' lang='lat' dir='ltr'><strong>Au</strong></span> <span class='ocrx_word' id='word_1_102' title='bbox 1826 1612 1987 1668; x_wconf 83' lang='lat' dir='ltr'><strong>repu-</strong></span> 
     </span>
    </p>
   </div>
   <div class='ocr_carea' id='block_1_17' title="bbox 402 1685 1984 1760">
    <p class='ocr_par' dir='ltr' id='par_1_17' title="bbox 402 1685 1984 1760">
     <span class='ocr_line' id='line_1_17' title="bbox 402 1685 1984 1760; baseline 0.003 -20"><span class='ocrx_word' id='word_1_103' title='bbox 402 1689 674 1743; x_wconf 84' lang='lat' dir='ltr'><strong>diaturum</strong></span> <span class='ocrx_word' id='word_1_104' title='bbox 702 1703 765 1742; x_wconf 91' lang='lat' dir='ltr'><strong>se</strong></span> <span class='ocrx_word' id='word_1_105' title='bbox 789 1689 1029 1743; x_wconf 86' lang='lat' dir='ltr'><strong>ostendit</strong></span> <span class='ocrx_word' id='word_1_106' title='bbox 1060 1687 1150 1760; x_wconf 78' lang='grc' dir='ltr'><strong>[Ρ.</strong></span> <span class='ocrx_word' id='word_1_107' title='bbox 1190 1685 1326 1760; x_wconf 73' lang='grc'><strong>558]</strong></span> <span class='ocrx_word' id='word_1_108' title='bbox 1361 1688 1642 1760; x_wconf 87' lang='lat' dir='ltr'><strong>antiquam</strong></span> <span class='ocrx_word' id='word_1_109' title='bbox 1670 1688 1984 1760; x_wconf 70' lang='lat' dir='ltr'><strong>coniugem,</strong></span> 
     </span>
    </p>
   </div>
   <div class='ocr_carea' id='block_1_18' title="bbox 399 1779 1984 1850">
    <p class='ocr_par' dir='ltr' id='par_1_18' title="bbox 399 1779 1984 1850">
     <span class='ocr_line' id='line_1_18' title="bbox 399 1779 1984 1850; baseline 0 -15"><span class='ocrx_word' id='word_1_110' title='bbox 399 1789 462 1836; x_wconf 90' lang='lat' dir='ltr'><strong>ut</strong></span> <span class='ocrx_word' id='word_1_111' title='bbox 496 1780 671 1834; x_wconf 82' lang='lat' dir='ltr'><strong>locum</strong></span> <span class='ocrx_word' id='word_1_112' title='bbox 707 1796 860 1836; x_wconf 75' lang='lat' dir='ltr'><strong>novae</strong></span> <span class='ocrx_word' id='word_1_113' title='bbox 887 1779 1081 1835; x_wconf 74' lang='lat' dir='ltr'><strong>daret?</strong></span> <span class='ocrx_word' id='word_1_114' title='bbox 1109 1781 1190 1835; x_wconf 76' lang='lat' dir='ltr'><strong>An</strong></span> <span class='ocrx_word' id='word_1_115' title='bbox 1238 1781 1438 1850; x_wconf 87' lang='lat' dir='ltr'><strong>potius,</strong></span> <span class='ocrx_word' id='word_1_116' title='bbox 1475 1798 1596 1836; x_wconf 86' lang='lat' dir='ltr'><strong>cum</strong></span> <span class='ocrx_word' id='word_1_117' title='bbox 1629 1781 1798 1838; x_wconf 86' lang='lat' dir='ltr'><strong>sciret</strong></span> <span class='ocrx_word' id='word_1_118' title='bbox 1826 1783 1984 1838; x_wconf 84' lang='lat' dir='ltr'><strong>istam</strong></span> 
     </span>
    </p>
   </div>
   <div class='ocr_carea' id='block_1_19' title="bbox 2087 573 3673 645">
    <p class='ocr_par' dir='ltr' id='par_1_19' title="bbox 2087 573 3673 645">
     <span class='ocr_line' id='line_1_19' title="bbox 2087 573 3673 645; baseline 0 -15"><span class='ocrx_word' id='word_1_119' title='bbox 2087 589 2211 630; x_wconf 82' lang='lat' dir='ltr'><strong>Cum</strong></span> <span class='ocrx_word' id='word_1_120' title='bbox 2257 573 2637 632; x_wconf 85' lang='lat' dir='ltr'><strong>Gentteusibus</strong></span> <span class='ocrx_word' id='word_1_121' title='bbox 2676 592 2742 630; x_wconf 82' lang='lat' dir='ltr'><strong>ex</strong></span> <span class='ocrx_word' id='word_1_122' title='bbox 2798 588 2956 645; x_wconf 75' lang='lat' dir='ltr'><strong>pacto</strong></span> <span class='ocrx_word' id='word_1_123' title='bbox 3003 591 3126 630; x_wconf 89' lang='lat' dir='ltr'><strong>cum</strong></span> <span class='ocrx_word' id='word_1_124' title='bbox 3171 575 3503 644; x_wconf 78' lang='lat' dir='ltr'><strong>imperatore</strong></span> <span class='ocrx_word' id='word_1_125' title='bbox 3535 577 3673 631; x_wconf 87' lang='lat' dir='ltr'><strong>inito</strong></span> 
     </span>
    </p>
   </div>
   <div class='ocr_carea' id='block_1_20' title="bbox 2089 667 3672 738">
    <p class='ocr_par' dir='ltr' id='par_1_20' title="bbox 2089 667 3672 738">
     <span class='ocr_line' id='line_1_20' title="bbox 2089 667 3672 738; baseline -0.001 -16"><span class='ocrx_word' id='word_1_126' title='bbox 2089 669 2397 738; x_wconf 88' lang='lat' dir='ltr'><strong>nequirent,</strong></span> <span class='ocrx_word' id='word_1_127' title='bbox 2434 670 2511 724; x_wconf 83' lang='lat' dir='ltr'><strong>sic</strong></span> <span class='ocrx_word' id='word_1_128' title='bbox 2538 669 2838 738; x_wconf 81' lang='lat' dir='ltr'><strong>exprimit:</strong></span> <span class='ocrx_word' id='word_1_129' title='bbox 2877 667 3130 721; x_wconf 79' lang='grc' dir='ltr'><strong>Ἀπὸ-τοῦ</strong></span> <span class='ocrx_word' id='word_1_130' title='bbox 3173 667 3365 720; x_wconf 78' lang='grc' dir='ltr'>στενοῦ</span> <span class='ocrx_word' id='word_1_131' title='bbox 3403 668 3672 720; x_wconf 83' lang='grc' dir='ltr'><strong>Καλλιου-</strong></span> 
     </span>
    </p>
   </div>
   <div class='ocr_carea' id='block_1_21' title="bbox 2089 758 3675 831">
    <p class='ocr_par' dir='ltr' id='par_1_21' title="bbox 2089 758 3675 831">
     <span class='ocr_line' id='line_1_21' title="bbox 2089 758 3675 831; baseline 0.003 -21"><span class='ocrx_word' id='word_1_132' title='bbox 2089 760 2302 821; x_wconf 54' lang='lat' dir='ltr'><strong>ﬁdlem;</strong></span> <span class='ocrx_word' id='word_1_133' title='bbox 2336 759 2503 831; x_wconf 79' lang='grc' dir='ltr'><strong>μέχρι</strong></span> <span class='ocrx_word' id='word_1_134' title='bbox 2533 761 2626 814; x_wconf 69' lang='grc' dir='ltr'><strong>καὶ</strong></span> <span class='ocrx_word' id='word_1_135' title='bbox 2660 760 2752 814; x_wconf 77' lang='grc' dir='ltr'><strong>τοῦ</strong></span> <span class='ocrx_word' id='word_1_136' title='bbox 2791 760 2962 830; x_wconf 76' lang='grc' dir='ltr'>ἱεροῦ.</span> <span class='ocrx_word' id='word_1_137' title='bbox 3009 758 3146 826; x_wconf 84' lang='lat' dir='ltr'><strong>Quid</strong></span> <span class='ocrx_word' id='word_1_138' title='bbox 3175 770 3329 814; x_wconf 83' lang='lat' dir='ltr'><strong>vocet</strong></span> <span class='ocrx_word' id='word_1_139' title='bbox 3363 759 3509 830; x_wconf 75' lang='grc' dir='ltr'>ἱερὸν</span> <span class='ocrx_word' id='word_1_140' title='bbox 3559 761 3675 830; x_wconf 88' lang='lat' dir='ltr'><strong>ipse</strong></span> 
     </span>
    </p>
   </div>
   <div class='ocr_carea' id='block_1_22' title="bbox 2091 852 3672 922">
    <p class='ocr_par' dir='ltr' id='par_1_22' title="bbox 2091 852 3672 922">
     <span class='ocr_line' id='line_1_22' title="bbox 2091 852 3672 922; baseline 0.001 -18"><span class='ocrx_word' id='word_1_141' title='bbox 2091 852 2306 909; x_wconf 86' lang='lat' dir='ltr'><strong>viderit.</strong></span> <span class='ocrx_word' id='word_1_142' title='bbox 2367 853 2574 912; x_wconf 78' lang='lat' dir='ltr'><strong>Fauces</strong></span> <span class='ocrx_word' id='word_1_143' title='bbox 2617 854 2833 922; x_wconf 85' lang='lat' dir='ltr'><strong>quidem</strong></span> <span class='ocrx_word' id='word_1_144' title='bbox 2886 853 2951 907; x_wconf 87' lang='lat' dir='ltr'><strong>ad</strong></span> <span class='ocrx_word' id='word_1_145' title='bbox 2989 852 3296 919; x_wconf 84' lang='lat' dir='ltr'><strong>Callipolim</strong></span> <span class='ocrx_word' id='word_1_146' title='bbox 3328 854 3531 907; x_wconf 59' lang='lat' dir='ltr'><strong>eaedem</strong></span> <span class='ocrx_word' id='word_1_147' title='bbox 3565 869 3672 907; x_wconf 88' lang='lat' dir='ltr'><strong>non</strong></span> 
     </span>
    </p>
   </div>
   <div class='ocr_carea' id='block_1_23' title="bbox 2088 943 3673 1016">
    <p class='ocr_par' dir='ltr' id='par_1_23' title="bbox 2088 943 3673 1016">
     <span class='ocr_line' id='line_1_23' title="bbox 2088 943 3673 1016; baseline -0.001 -18"><span class='ocrx_word' id='word_1_148' title='bbox 2088 953 2216 998; x_wconf 88' lang='lat' dir='ltr'><strong>sunt</strong></span> <span class='ocrx_word' id='word_1_149' title='bbox 2247 960 2366 998; x_wconf 84' lang='lat' dir='ltr'><strong>cum</strong></span> <span class='ocrx_word' id='word_1_150' title='bbox 2396 945 2649 1001; x_wconf 69' lang='lat' dir='ltr'><strong>faucibus</strong></span> <span class='ocrx_word' id='word_1_151' title='bbox 2683 962 2802 1016; x_wconf 73' lang='lat' dir='ltr'><strong>qua:</strong></span> <span class='ocrx_word' id='word_1_152' title='bbox 2857 947 2921 999; x_wconf 88' lang='lat' dir='ltr'><strong>ad</strong></span> <span class='ocrx_word' id='word_1_153' title='bbox 2956 943 3154 1000; x_wconf 87' lang='lat' dir='ltr'><strong>Seston</strong></span> <span class='ocrx_word' id='word_1_154' title='bbox 3192 954 3245 998; x_wconf 88' lang='lat' dir='ltr'><strong>et</strong></span> <span class='ocrx_word' id='word_1_155' title='bbox 3275 943 3547 1015; x_wconf 78' lang='lat' dir='ltr'><strong>Abydum,</strong></span> <span class='ocrx_word' id='word_1_156' title='bbox 3576 946 3673 997; x_wconf 87' lang='lat' dir='ltr'><strong>sed</strong></span> 
     </span>
    </p>
   </div>
   <div class='ocr_carea' id='block_1_24' title="bbox 2087 1026 3675 1104">
    <p class='ocr_par' dir='ltr' id='par_1_24' title="bbox 2087 1026 3675 1104">
     <span class='ocr_line' id='line_1_24' title="bbox 2087 1026 3675 1104; baseline 0 -17"><span class='ocrx_word' id='word_1_157' title='bbox 2087 1047 2118 1087; x_wconf 88' lang='lat' dir='ltr'><strong>e</strong></span> <span class='ocrx_word' id='word_1_158' title='bbox 2153 1035 2420 1087; x_wconf 77' lang='lat' dir='ltr'><strong>diametro</strong></span> <span class='ocrx_word' id='word_1_159' title='bbox 2444 1035 2546 1088; x_wconf 75' lang='lat' dir='ltr'><strong>illa:</strong></span> <span class='ocrx_word' id='word_1_160' title='bbox 2573 1045 2702 1088; x_wconf 85' lang='lat' dir='ltr'><strong>sunt</strong></span> <span class='ocrx_word' id='word_1_161' title='bbox 2738 1035 2968 1088; x_wconf 78' lang='lat' dir='ltr'><strong>invicem</strong></span> <span class='ocrx_word' id='word_1_162' title='bbox 2993 1026 3282 1104; x_wconf 71' lang='lat' dir='ltr'><strong>oppositae,</strong></span> <span class='ocrx_word' id='word_1_163' title='bbox 3321 1033 3501 1088; x_wconf 85' lang='lat' dir='ltr'><strong>media</strong></span> <span class='ocrx_word' id='word_1_164' title='bbox 3531 1033 3675 1087; x_wconf 70' lang='lat' dir='ltr'><strong>inter</strong></span> 
     </span>
    </p>
   </div>
   <div class='ocr_carea' id='block_1_25' title="bbox 2091 1120 2828 1196">
    <p class='ocr_par' dir='ltr' id='par_1_25' title="bbox 2091 1120 2828 1196">
     <span class='ocr_line' id='line_1_25' title="bbox 2091 1120 2828 1196; baseline 0.003 -16"><span class='ocrx_word' id='word_1_165' title='bbox 2091 1135 2354 1193; x_wconf 82' lang='lat' dir='ltr'><strong>utrasque</strong></span> <span class='ocrx_word' id='word_1_166' title='bbox 2395 1125 2751 1196; x_wconf 84' lang='lat' dir='ltr'><strong>Propontide.</strong></span> <span class='ocrx_word' id='word_1_167' title='bbox 2826 1120 2828 1123; x_wconf 56' lang='grc'>’</span> 
     </span>
    </p>
   </div>
   <div class='ocr_carea' id='block_1_26' title="bbox 2164 1216 3679 1291">
    <p class='ocr_par' dir='ltr' id='par_1_26' title="bbox 2164 1216 3679 1291">
     <span class='ocr_line' id='line_1_26' title="bbox 2164 1216 3679 1291; baseline -0.003 -20"><span class='ocrx_word' id='word_1_168' title='bbox 2164 1217 2228 1290; x_wconf 79' lang='grc' dir='ltr'><strong>[Ρ</strong></span> <span class='ocrx_word' id='word_1_169' title='bbox 2262 1218 2388 1291; x_wconf 77' lang='lat'><strong>559]</strong></span> <span class='ocrx_word' id='word_1_170' title='bbox 2432 1219 2490 1274; x_wconf 83' lang='lat' dir='ltr'><strong>P.</strong></span> <span class='ocrx_word' id='word_1_171' title='bbox 2526 1219 2653 1274; x_wconf 71' lang='grc'>242.</span> <span class='ocrx_word' id='word_1_172' title='bbox 2687 1219 2840 1286; x_wconf 80' lang='lat' dir='ltr'><strong>Quod</strong></span> <span class='ocrx_word' id='word_1_173' title='bbox 2871 1220 3086 1274; x_wconf 80' lang='lat' dir='ltr'><strong>codices</strong></span> <span class='ocrx_word' id='word_1_174' title='bbox 3110 1219 3149 1272; x_wconf 88' lang='grc' dir='ltr'>Β</span> <span class='ocrx_word' id='word_1_175' title='bbox 3175 1227 3226 1273; x_wconf 89' lang='lat' dir='ltr'><strong>et</strong></span> <span class='ocrx_word' id='word_1_176' title='bbox 3255 1218 3297 1272; x_wconf 82' lang='lat' dir='ltr'><strong>A</strong></span> <span class='ocrx_word' id='word_1_177' title='bbox 3327 1217 3390 1271; x_wconf 85' lang='grc' dir='ltr'><strong>ἔκ</strong></span> <span class='ocrx_word' id='word_1_178' title='bbox 3420 1235 3566 1280; x_wconf 79' lang='grc' dir='ltr'><strong>τινος</strong></span> <span class='ocrx_word' id='word_1_179' title='bbox 3592 1216 3679 1268; x_wconf 81' lang='grc' dir='ltr'><strong>αἰ-</strong></span> 
     </span>
    </p>
   </div>
   <div class='ocr_carea' id='block_1_27' title="bbox 2091 1310 3678 1382">
    <p class='ocr_par' dir='ltr' id='par_1_27' title="bbox 2091 1310 3678 1382">
     <span class='ocr_line' id='line_1_27' title="bbox 2091 1310 3678 1382; baseline -0.001 -18"><span class='ocrx_word' id='word_1_180' title='bbox 2091 1311 2212 1374; x_wconf 71' lang='grc' dir='ltr'><strong>τίας</strong></span> <span class='ocrx_word' id='word_1_181' title='bbox 2247 1312 2463 1373; x_wconf 62' lang='grc' dir='ltr'><strong>εἰκαίας</strong></span> <span class='ocrx_word' id='word_1_182' title='bbox 2493 1313 2716 1376; x_wconf 81' lang='lat' dir='ltr'><strong>habent,</strong></span> <span class='ocrx_word' id='word_1_183' title='bbox 2753 1310 2875 1365; x_wconf 84' lang='lat' dir='ltr'><strong>Vat.</strong></span> <span class='ocrx_word' id='word_1_184' title='bbox 2908 1312 3167 1380; x_wconf 78' lang='lat' dir='ltr'><strong>exprimit</strong></span> <span class='ocrx_word' id='word_1_185' title='bbox 3195 1312 3259 1365; x_wconf 77' lang='grc' dir='ltr'><strong>ἐκ</strong></span> <span class='ocrx_word' id='word_1_186' title='bbox 3309 1327 3458 1374; x_wconf 83' lang='grc' dir='ltr'><strong>τινος</strong></span> <span class='ocrx_word' id='word_1_187' title='bbox 3503 1310 3678 1382; x_wconf 72' lang='grc' dir='ltr'><strong>μηδα-</strong></span> 
     </span>
    </p>
   </div>
   <div class='ocr_carea' id='block_1_28' title="bbox 2095 1404 3426 1474">
    <p class='ocr_par' dir='ltr' id='par_1_28' title="bbox 2095 1404 3426 1474">
     <span class='ocr_line' id='line_1_28' title="bbox 2095 1404 3426 1474; baseline 0.003 -19"><span class='ocrx_word' id='word_1_188' title='bbox 2095 1405 2258 1474; x_wconf 84' lang='grc' dir='ltr'><strong>μινῆς</strong></span> <span class='ocrx_word' id='word_1_189' title='bbox 2283 1405 2484 1469; x_wconf 74' lang='grc' dir='ltr'><strong>αἰτίας,</strong></span> <span class='ocrx_word' id='word_1_190' title='bbox 2519 1423 2685 1458; x_wconf 86' lang='lat' dir='ltr'><strong>causa</strong></span> <span class='ocrx_word' id='word_1_191' title='bbox 2714 1407 2796 1461; x_wconf 91' lang='lat' dir='ltr'><strong>vel</strong></span> <span class='ocrx_word' id='word_1_192' title='bbox 2828 1404 3219 1460; x_wconf 81' lang='lat' dir='ltr'><strong>oﬂensiuncula</strong></span> <span class='ocrx_word' id='word_1_193' title='bbox 3253 1404 3426 1459; x_wconf 79' lang='lat' dir='ltr'><strong>nihili.</strong></span> 
     </span>
    </p>
   </div>
   <div class='ocr_carea' id='block_1_29' title="bbox 2164 1483 3722 1563">
    <p class='ocr_par' dir='ltr' id='par_1_29' title="bbox 2164 1483 3722 1563">
     <span class='ocr_line' id='line_1_29' title="bbox 2164 1483 3722 1563; baseline -0.003 -16"><span class='ocrx_word' id='word_1_194' title='bbox 2164 1493 2299 1549; x_wconf 89' lang='lat' dir='ltr'><strong>Ibid.</strong></span> <span class='ocrx_word' id='word_1_195' title='bbox 2338 1492 2448 1548; x_wconf 79' lang='lat' dir='ltr'><strong>Rea:</strong></span> <span class='ocrx_word' id='word_1_196' title='bbox 2490 1495 2824 1551; x_wconf 65' lang='lat' dir='ltr'><strong>Armeniae...</strong></span> <span class='ocrx_word' id='word_1_197' title='bbox 2863 1493 3016 1549; x_wconf 88' lang='lat' dir='ltr'><strong>Iquc</strong></span> <span class='ocrx_word' id='word_1_198' title='bbox 3047 1508 3227 1563; x_wconf 84' lang='lat' dir='ltr'><strong>regem</strong></span> <span class='ocrx_word' id='word_1_199' title='bbox 3268 1491 3542 1546; x_wconf 71' lang='lat' dir='ltr'><strong>Armenize</strong></span> <span class='ocrx_word' id='word_1_200' title='bbox 3575 1489 3678 1544; x_wconf 86' lang='lat' dir='ltr'><strong>Sa-</strong></span> <span class='ocrx_word' id='word_1_201' title='bbox 3716 1483 3722 1490; x_wconf 82' lang='grc'><em>’</em></span> 
     </span>
    </p>
   </div>
   <div class='ocr_carea' id='block_1_30' title="bbox 2096 1584 3674 1655">
    <p class='ocr_par' dir='ltr' id='par_1_30' title="bbox 2096 1584 3674 1655">
     <span class='ocr_line' id='line_1_30' title="bbox 2096 1584 3674 1655; baseline -0.003 -17"><span class='ocrx_word' id='word_1_202' title='bbox 2096 1595 2277 1648; x_wconf 85' lang='lat' dir='ltr'><strong>nutus,</strong></span> <span class='ocrx_word' id='word_1_203' title='bbox 2309 1585 2343 1639; x_wconf 93' lang='lat' dir='ltr'><strong>I.</strong></span> <span class='ocrx_word' id='word_1_204' title='bbox 2377 1600 2461 1652; x_wconf 82' lang='lat' dir='ltr'><strong>tu,</strong></span> <span class='ocrx_word' id='word_1_205' title='bbox 2494 1599 2549 1654; x_wconf 80' lang='grc' dir='ltr'><strong>ι).</strong></span> <span class='ocrx_word' id='word_1_206' title='bbox 2585 1587 2672 1652; x_wconf 81' lang='grc'><strong>15,</strong></span> <span class='ocrx_word' id='word_1_207' title='bbox 2724 1601 2774 1642; x_wconf 93' lang='lat' dir='ltr'><strong>c.</strong></span> <span class='ocrx_word' id='word_1_208' title='bbox 2811 1585 2866 1650; x_wconf 81' lang='grc'>2,</span> <span class='ocrx_word' id='word_1_209' title='bbox 2897 1584 3240 1655; x_wconf 73' lang='lat' dir='ltr'><strong>Haythonem</strong></span> <span class='ocrx_word' id='word_1_210' title='bbox 3285 1593 3461 1649; x_wconf 86' lang='lat' dir='ltr'><strong>vocat,</strong></span> <span class='ocrx_word' id='word_1_211' title='bbox 3497 1594 3550 1635; x_wconf 89' lang='lat' dir='ltr'><strong>et</strong></span> <span class='ocrx_word' id='word_1_212' title='bbox 3581 1596 3674 1634; x_wconf 86' lang='lat' dir='ltr'><strong>vc-</strong></span> 
     </span>
    </p>
   </div>
   <div class='ocr_carea' id='block_1_31' title="bbox 2095 1674 3674 1748">
    <p class='ocr_par' dir='ltr' id='par_1_31' title="bbox 2095 1674 3674 1748">
     <span class='ocr_line' id='line_1_31' title="bbox 2095 1674 3674 1748; baseline -0.004 -16"><span class='ocrx_word' id='word_1_213' title='bbox 2095 1679 2246 1735; x_wconf 88' lang='lat' dir='ltr'><strong>nisse</strong></span> <span class='ocrx_word' id='word_1_214' title='bbox 2273 1679 2798 1748; x_wconf 88' lang='lat' dir='ltr'><strong>Constantinopolim</strong></span> <span class='ocrx_word' id='word_1_215' title='bbox 2831 1677 2962 1734; x_wconf 83' lang='lat' dir='ltr'><strong>dicit</strong></span> <span class='ocrx_word' id='word_1_216' title='bbox 3008 1692 3074 1732; x_wconf 91' lang='lat' dir='ltr'><strong>eo</strong></span> <span class='ocrx_word' id='word_1_217' title='bbox 3103 1676 3248 1748; x_wconf 81' lang='lat' dir='ltr'><strong>quod</strong></span> <span class='ocrx_word' id='word_1_218' title='bbox 3290 1674 3523 1730; x_wconf 82' lang='lat' dir='ltr'><strong>Michael</strong></span> <span class='ocrx_word' id='word_1_219' title='bbox 3556 1674 3674 1727; x_wconf 76' lang='lat' dir='ltr'><strong>An-</strong></span> 
     </span>
    </p>
   </div>
   <div class='ocr_carea' id='block_1_32' title="bbox 2093 1765 3674 1838">
    <p class='ocr_par' dir='ltr' id='par_1_32' title="bbox 2093 1765 3674 1838">
     <span class='ocr_line' id='line_1_32' title="bbox 2093 1765 3674 1838; baseline -0.004 -13"><span class='ocrx_word' id='word_1_220' title='bbox 2093 1771 2304 1825; x_wconf 91' lang='lat' dir='ltr'><strong>dronici</strong></span> <span class='ocrx_word' id='word_1_221' title='bbox 2367 1770 2512 1826; x_wconf 82' lang='lat' dir='ltr'><strong>ﬁlius</strong></span> <span class='ocrx_word' id='word_1_222' title='bbox 2560 1786 2803 1826; x_wconf 87' lang='lat' dir='ltr'><strong>sororem</strong></span> <span class='ocrx_word' id='word_1_223' title='bbox 2863 1785 3020 1826; x_wconf 91' lang='lat' dir='ltr'><strong>suam</strong></span> <span class='ocrx_word' id='word_1_224' title='bbox 3070 1771 3478 1838; x_wconf 85' lang='lat' dir='ltr'><strong>desponsasset.</strong></span> <span class='ocrx_word' id='word_1_225' title='bbox 3526 1765 3674 1821; x_wconf 81' lang='lat' dir='ltr'><strong>Con-</strong></span> 
     </span>
    </p>
   </div>
   <div class='ocr_carea' id='block_1_33' title="bbox 399 1834 3675 1942">
    <p class='ocr_par' dir='ltr' id='par_1_33' title="bbox 399 1834 3675 1942">
     <span class='ocr_line' id='line_1_33' title="bbox 399 1834 3675 1942; baseline 0.001 -31"><span class='ocrx_word' id='word_1_226' title='bbox 399 1873 617 1928; x_wconf 63' lang='lat' dir='ltr'><strong>viduam</strong></span> <span class='ocrx_word' id='word_1_227' title='bbox 661 1873 1005 1942; x_wconf 58' lang='lat' dir='ltr'><strong>sulampaxis</strong></span> <span class='ocrx_word' id='word_1_228' title='bbox 1037 1873 1220 1928; x_wconf 58' lang='lat' dir='ltr'><strong>pel-533</strong></span> <span class='ocrx_word' id='word_1_229' title='bbox 1238 1834 1352 1928; x_wconf 67' lang='lat' dir='ltr'><strong>rmm</strong></span> <span class='ocrx_word' id='word_1_230' title='bbox 1377 1834 1539 1929; x_wconf 44' lang='lat' dir='ltr'><strong>m&#39;mm</strong></span> <span class='ocrx_word' id='word_1_231' title='bbox 1571 1872 1702 1942; x_wconf 44' lang='lat' dir='ltr'><strong>ipsi.</strong></span> <span class='ocrx_word' id='word_1_232' title='bbox 1747 1874 1839 1928; x_wconf 63' lang='lat' dir='ltr'><strong>sed</strong></span> <span class='ocrx_word' id='word_1_233' title='bbox 1870 1874 1984 1942; x_wconf 73' lang='grc' dir='ltr'>ριιί-</span> <span class='ocrx_word' id='word_1_234' title='bbox 2019 1834 2062 1892; x_wconf 72' lang='grc' dir='ltr'><strong>Β</strong></span> <span class='ocrx_word' id='word_1_235' title='bbox 2092 1872 2295 1933; x_wconf 80' lang='lat' dir='ltr'><strong>gruunt</strong></span> <span class='ocrx_word' id='word_1_236' title='bbox 2330 1863 2444 1918; x_wconf 76' lang='lat' dir='ltr'><strong>lucc</strong></span> <span class='ocrx_word' id='word_1_237' title='bbox 2496 1879 2623 1918; x_wconf 84' lang='lat' dir='ltr'><strong>cum</strong></span> <span class='ocrx_word' id='word_1_238' title='bbox 2655 1863 3016 1934; x_wconf 79' lang='lat' dir='ltr'><strong>Pachymere,</strong></span> <span class='ocrx_word' id='word_1_239' title='bbox 3065 1863 3158 1933; x_wconf 82' lang='lat' dir='ltr'><strong>qui</strong></span> <span class='ocrx_word' id='word_1_240' title='bbox 3193 1861 3447 1930; x_wconf 87' lang='lat' dir='ltr'><strong>superius</strong></span> <span class='ocrx_word' id='word_1_241' title='bbox 3485 1860 3675 1936; x_wconf 77' lang='lat' dir='ltr'><strong>docuit</strong></span> 
     </span>
    </p>
   </div>
   <div class='ocr_carea' id='block_1_34' title="bbox 400 1965 1984 2034">
    <p class='ocr_par' dir='ltr' id='par_1_34' title="bbox 400 1965 1984 2034">
     <span class='ocr_line' id='line_1_34' title="bbox 400 1965 1984 2034; baseline -0.001 -14"><span class='ocrx_word' id='word_1_242' title='bbox 400 1968 627 2020; x_wconf 79' lang='lat' dir='ltr'><strong>marium</strong></span> <span class='ocrx_word' id='word_1_243' title='bbox 659 1967 802 2020; x_wconf 89' lang='lat' dir='ltr'><strong>inter</strong></span> <span class='ocrx_word' id='word_1_244' title='bbox 832 1967 1013 2034; x_wconf 84' lang='lat' dir='ltr'><strong>plures</strong></span> <span class='ocrx_word' id='word_1_245' title='bbox 1053 1965 1224 2021; x_wconf 87' lang='lat' dir='ltr'><strong>fuisse</strong></span> <span class='ocrx_word' id='word_1_246' title='bbox 1261 1982 1511 2032; x_wconf 84' lang='lat' dir='ltr'><strong>uxorem,</strong></span> <span class='ocrx_word' id='word_1_247' title='bbox 1561 1967 1802 2034; x_wconf 85' lang='lat' dir='ltr'><strong>speravit</strong></span> <span class='ocrx_word' id='word_1_248' title='bbox 1837 1966 1984 2020; x_wconf 89' lang='lat' dir='ltr'><strong>illam</strong></span> 
     </span>
    </p>
   </div>
   <div class='ocr_carea' id='block_1_35' title="bbox 395 2056 1986 2126">
    <p class='ocr_par' dir='ltr' id='par_1_35' title="bbox 395 2056 1986 2126">
     <span class='ocr_line' id='line_1_35' title="bbox 395 2056 1986 2126; baseline -0.001 -13"><span class='ocrx_word' id='word_1_249' title='bbox 395 2057 734 2113; x_wconf 81' lang='lat' dir='ltr'><strong>credituram</strong></span> <span class='ocrx_word' id='word_1_250' title='bbox 764 2071 924 2126; x_wconf 86' lang='lat' dir='ltr'><strong>posse</strong></span> <span class='ocrx_word' id='word_1_251' title='bbox 971 2057 1302 2111; x_wconf 86' lang='lat' dir='ltr'><strong>connubinm</strong></span> <span class='ocrx_word' id='word_1_252' title='bbox 1368 2057 1471 2111; x_wconf 88' lang='lat' dir='ltr'><strong>rite</strong></span> <span class='ocrx_word' id='word_1_253' title='bbox 1529 2057 1658 2111; x_wconf 90' lang='lat' dir='ltr'><strong>iniri</strong></span> <span class='ocrx_word' id='word_1_254' title='bbox 1717 2072 1840 2111; x_wconf 89' lang='lat' dir='ltr'><strong>cum</strong></span> <span class='ocrx_word' id='word_1_255' title='bbox 1868 2056 1986 2111; x_wconf 81' lang='lat' dir='ltr'><strong>viro</strong></span> 
     </span>
    </p>
   </div>
   <div class='ocr_carea' id='block_1_36' title="bbox 399 2149 1985 2220">
    <p class='ocr_par' dir='ltr' id='par_1_36' title="bbox 399 2149 1985 2220">
     <span class='ocr_line' id='line_1_36' title="bbox 399 2149 1985 2220; baseline -0.001 -17"><span class='ocrx_word' id='word_1_256' title='bbox 399 2158 780 2219; x_wconf 75' lang='lat' dir='ltr'><strong>praeoccupato</strong></span> <span class='ocrx_word' id='word_1_257' title='bbox 812 2150 934 2204; x_wconf 87' lang='lat' dir='ltr'><strong>aliis</strong></span> <span class='ocrx_word' id='word_1_258' title='bbox 963 2149 1202 2220; x_wconf 83' lang='lat' dir='ltr'><strong>nuptiis?</strong></span> <span class='ocrx_word' id='word_1_259' title='bbox 1234 2165 1354 2212; x_wconf 90' lang='lat' dir='ltr'><strong>seu,</strong></span> <span class='ocrx_word' id='word_1_260' title='bbox 1382 2150 1524 2220; x_wconf 91' lang='lat' dir='ltr'><strong>quod</strong></span> <span class='ocrx_word' id='word_1_261' title='bbox 1557 2149 1732 2204; x_wconf 89' lang='lat' dir='ltr'><strong>innuit</strong></span> <span class='ocrx_word' id='word_1_262' title='bbox 1758 2149 1985 2204; x_wconf 80' lang='lat' dir='ltr'><strong>histori-</strong></span> 
     </span>
    </p>
   </div>
   <div class='ocr_carea' id='block_1_37' title="bbox 395 2240 1984 2309">
    <p class='ocr_par' dir='ltr' id='par_1_37' title="bbox 395 2240 1984 2309">
     <span class='ocr_line' id='line_1_37' title="bbox 395 2240 1984 2309; baseline -0.001 -14"><span class='ocrx_word' id='word_1_263' title='bbox 395 2255 520 2303; x_wconf 85' lang='lat' dir='ltr'><strong>cus.</strong></span> <span class='ocrx_word' id='word_1_264' title='bbox 561 2257 668 2296; x_wconf 89' lang='lat' dir='ltr'><strong>non</strong></span> <span class='ocrx_word' id='word_1_265' title='bbox 702 2255 770 2296; x_wconf 78' lang='lat' dir='ltr'><strong>ex</strong></span> <span class='ocrx_word' id='word_1_266' title='bbox 808 2256 939 2296; x_wconf 88' lang='lat' dir='ltr'><strong>vero</strong></span> <span class='ocrx_word' id='word_1_267' title='bbox 968 2241 1108 2309; x_wconf 82' lang='lat' dir='ltr'><strong>ha-c,</strong></span> <span class='ocrx_word' id='word_1_268' title='bbox 1127 2241 1221 2296; x_wconf 86' lang='lat' dir='ltr'><strong>sed</strong></span> <span class='ocrx_word' id='word_1_269' title='bbox 1245 2250 1426 2296; x_wconf 90' lang='lat' dir='ltr'><strong>astute</strong></span> <span class='ocrx_word' id='word_1_270' title='bbox 1454 2240 1888 2296; x_wconf 85' lang='lat' dir='ltr'><strong>obtendebantur</strong></span> <span class='ocrx_word' id='word_1_271' title='bbox 1917 2240 1984 2294; x_wconf 86' lang='lat' dir='ltr'><strong>ad</strong></span> 
     </span>
    </p>
   </div>
   <div class='ocr_carea' id='block_1_38' title="bbox 397 2333 1984 2401">
    <p class='ocr_par' dir='ltr' id='par_1_38' title="bbox 397 2333 1984 2401">
     <span class='ocr_line' id='line_1_38' title="bbox 397 2333 1984 2401; baseline 0.002 -14"><span class='ocrx_word' id='word_1_272' title='bbox 397 2333 764 2388; x_wconf 85' lang='lat' dir='ltr'><strong>inducendam</strong></span> <span class='ocrx_word' id='word_1_273' title='bbox 819 2334 873 2389; x_wconf 87' lang='lat' dir='ltr'><strong>in</strong></span> <span class='ocrx_word' id='word_1_274' title='bbox 903 2334 1149 2390; x_wconf 90' lang='lat' dir='ltr'><strong>fraudem</strong></span> <span class='ocrx_word' id='word_1_275' title='bbox 1192 2333 1454 2388; x_wconf 83' lang='lat' dir='ltr'><strong>feminam</strong></span> <span class='ocrx_word' id='word_1_276' title='bbox 1518 2343 1782 2401; x_wconf 80' lang='lat' dir='ltr'><strong>cxteram,</strong></span> <span class='ocrx_word' id='word_1_277' title='bbox 1820 2343 1871 2390; x_wconf 91' lang='lat' dir='ltr'><strong>et</strong></span> <span class='ocrx_word' id='word_1_278' title='bbox 1903 2334 1984 2390; x_wconf 91' lang='lat' dir='ltr'><strong>sic</strong></span> 
     </span>
    </p>
   </div>
   <div class='ocr_carea' id='block_1_39' title="bbox 393 2424 1497 2496">
    <p class='ocr_par' dir='ltr' id='par_1_39' title="bbox 393 2424 1497 2496">
     <span class='ocr_line' id='line_1_39' title="bbox 393 2424 1497 2496; baseline 0.003 -16"><span class='ocrx_word' id='word_1_279' title='bbox 393 2424 736 2491; x_wconf 86' lang='lat' dir='ltr'><strong>eripiendam</strong></span> <span class='ocrx_word' id='word_1_280' title='bbox 761 2427 809 2481; x_wconf 92' lang='lat' dir='ltr'><strong>ei</strong></span> <span class='ocrx_word' id='word_1_281' title='bbox 840 2442 1003 2496; x_wconf 89' lang='lat' dir='ltr'><strong>quam</strong></span> <span class='ocrx_word' id='word_1_282' title='bbox 1045 2425 1263 2480; x_wconf 86' lang='lat' dir='ltr'><strong>tenebat</strong></span> <span class='ocrx_word' id='word_1_283' title='bbox 1293 2442 1497 2483; x_wconf 80' lang='lat' dir='ltr'><strong>arcent.</strong></span> 
     </span>
    </p>
   </div>
   <div class='ocr_carea' id='block_1_40' title="bbox 472 2515 1984 2588">
    <p class='ocr_par' dir='ltr' id='par_1_40' title="bbox 472 2515 1984 2588">
     <span class='ocr_line' id='line_1_40' title="bbox 472 2515 1984 2588; baseline 0.004 -18"><span class='ocrx_word' id='word_1_284' title='bbox 472 2515 531 2574; x_wconf 83' lang='lat' dir='ltr'><strong>P.</strong></span> <span class='ocrx_word' id='word_1_285' title='bbox 575 2518 704 2575; x_wconf 79' lang='grc'>225.</span> <span class='ocrx_word' id='word_1_286' title='bbox 751 2517 1158 2574; x_wconf 77' lang='grc' dir='ltr'><strong>Ἀντιδόσεσιν</strong></span> <span class='ocrx_word' id='word_1_287' title='bbox 1195 2517 1368 2584; x_wconf 68' lang='grc' dir='ltr'><strong>ιερῶν</strong></span> <span class='ocrx_word' id='word_1_288' title='bbox 1397 2517 1756 2588; x_wconf 71' lang='grc' dir='ltr'><strong>ἑτκολπίων.</strong></span> <span class='ocrx_word' id='word_1_289' title='bbox 1779 2519 1857 2577; x_wconf 86' lang='lat' dir='ltr'><strong>De</strong></span> <span class='ocrx_word' id='word_1_290' title='bbox 1880 2519 1984 2576; x_wconf 92' lang='lat' dir='ltr'><strong>hoc</strong></span> 
     </span>
    </p>
   </div>
   <div class='ocr_carea' id='block_1_41' title="bbox 402 2610 1980 2682">
    <p class='ocr_par' dir='ltr' id='par_1_41' title="bbox 402 2610 1980 2682">
     <span class='ocr_line' id='line_1_41' title="bbox 402 2610 1980 2682; baseline 0.001 -16"><span class='ocrx_word' id='word_1_291' title='bbox 402 2626 556 2666; x_wconf 89' lang='lat' dir='ltr'><strong>more</strong></span> <span class='ocrx_word' id='word_1_292' title='bbox 618 2610 869 2666; x_wconf 82' lang='lat' dir='ltr'><strong>firmandi</strong></span> <span class='ocrx_word' id='word_1_293' title='bbox 906 2619 1063 2682; x_wconf 89' lang='lat' dir='ltr'><strong>pacta</strong></span> <span class='ocrx_word' id='word_1_294' title='bbox 1098 2627 1195 2680; x_wconf 88' lang='lat' dir='ltr'><strong>per</strong></span> <span class='ocrx_word' id='word_1_295' title='bbox 1229 2621 1468 2665; x_wconf 82' lang='lat' dir='ltr'><strong>mutuam</strong></span> <span class='ocrx_word' id='word_1_296' title='bbox 1504 2613 1853 2669; x_wconf 84' lang='lat' dir='ltr'><strong>traditionem</strong></span> <span class='ocrx_word' id='word_1_297' title='bbox 1887 2629 1980 2670; x_wconf 86' lang='lat' dir='ltr'><strong>sa-</strong></span> 
     </span>
    </p>
   </div>
   <div class='ocr_carea' id='block_1_42' title="bbox 393 2702 1980 2774">
    <p class='ocr_par' dir='ltr' id='par_1_42' title="bbox 393 2702 1980 2774">
     <span class='ocr_line' id='line_1_42' title="bbox 393 2702 1980 2774; baseline 0.003 -18"><span class='ocrx_word' id='word_1_298' title='bbox 393 2717 614 2757; x_wconf 74' lang='lat' dir='ltr'><strong>crorum</strong></span> <span class='ocrx_word' id='word_1_299' title='bbox 672 2702 1036 2758; x_wconf 88' lang='lat' dir='ltr'><strong>amuletorum</strong></span> <span class='ocrx_word' id='word_1_300' title='bbox 1071 2717 1104 2758; x_wconf 91' lang='lat' dir='ltr'><strong>e</strong></span> <span class='ocrx_word' id='word_1_301' title='bbox 1143 2702 1280 2758; x_wconf 91' lang='lat' dir='ltr'><strong>collo</strong></span> <span class='ocrx_word' id='word_1_302' title='bbox 1325 2719 1712 2774; x_wconf 89' lang='lat' dir='ltr'><strong>suspensorum</strong></span> <span class='ocrx_word' id='word_1_303' title='bbox 1752 2705 1980 2760; x_wconf 88' lang='lat' dir='ltr'><strong>videnda</strong></span> 
     </span>
    </p>
   </div>
   <div class='ocr_carea' id='block_1_43' title="bbox 395 2795 1981 2869">
    <p class='ocr_par' dir='ltr' id='par_1_43' title="bbox 395 2795 1981 2869">
     <span class='ocr_line' id='line_1_43' title="bbox 395 2795 1981 2869; baseline 0.005 -23"><span class='ocrx_word' id='word_1_304' title='bbox 395 2809 517 2862; x_wconf 73' lang='lat' dir='ltr'><strong>qua:</strong></span> <span class='ocrx_word' id='word_1_305' title='bbox 577 2795 886 2850; x_wconf 86' lang='lat' dir='ltr'><strong>notavimus</strong></span> <span class='ocrx_word' id='word_1_306' title='bbox 936 2795 1216 2850; x_wconf 88' lang='lat' dir='ltr'><strong>Glossario</strong></span> <span class='ocrx_word' id='word_1_307' title='bbox 1284 2797 1494 2865; x_wconf 88' lang='lat' dir='ltr'><strong>priori,</strong></span> <span class='ocrx_word' id='word_1_308' title='bbox 1562 2799 1730 2853; x_wconf 92' lang='lat' dir='ltr'><strong>verbo</strong></span> <span class='ocrx_word' id='word_1_309' title='bbox 1787 2799 1981 2869; x_wconf 74' lang='grc' dir='ltr'><strong>ἐγκόλ-</strong></span> 
     </span>
    </p>
   </div>
   <div class='ocr_carea' id='block_1_44' title="bbox 397 2887 1978 2958">
    <p class='ocr_par' dir='ltr' id='par_1_44' title="bbox 397 2887 1978 2958">
     <span class='ocr_line' id='line_1_44' title="bbox 397 2887 1978 2958; baseline 0.005 -19"><span class='ocrx_word' id='word_1_310' title='bbox 397 2905 521 2952; x_wconf 86' lang='grc' dir='ltr'>πια,</span> <span class='ocrx_word' id='word_1_311' title='bbox 554 2887 650 2942; x_wconf 76' lang='lat' dir='ltr'><strong>ubi</strong></span> <span class='ocrx_word' id='word_1_312' title='bbox 682 2888 956 2957; x_wconf 79' lang='lat' dir='ltr'><strong>geminum</strong></span> <span class='ocrx_word' id='word_1_313' title='bbox 1015 2888 1140 2943; x_wconf 90' lang='lat' dir='ltr'><strong>huic</strong></span> <span class='ocrx_word' id='word_1_314' title='bbox 1191 2887 1557 2944; x_wconf 76' lang='lat' dir='ltr'><strong>Cantacuzeui</strong></span> <span class='ocrx_word' id='word_1_315' title='bbox 1593 2890 1792 2958; x_wconf 88' lang='lat' dir='ltr'><strong>locum,</strong></span> <span class='ocrx_word' id='word_1_316' title='bbox 1825 2890 1861 2946; x_wconf 91' lang='lat' dir='ltr'><strong>I.</strong></span> <span class='ocrx_word' id='word_1_317' title='bbox 1893 2908 1978 2958; x_wconf 87' lang='lat' dir='ltr'><strong>III,</strong></span> 
     </span>
    </p>
   </div>
   <div class='ocr_carea' id='block_1_45' title="bbox 398 2978 1981 3051">
    <p class='ocr_par' dir='ltr' id='par_1_45' title="bbox 398 2978 1981 3051">
     <span class='ocr_line' id='line_1_45' title="bbox 398 2978 1981 3051; baseline 0.003 -20"><span class='ocrx_word' id='word_1_318' title='bbox 398 2993 452 3031; x_wconf 65' lang='grc' dir='ltr'><strong>(ε.</strong></span> <span class='ocrx_word' id='word_1_319' title='bbox 489 2978 574 3044; x_wconf 76' lang='grc'>17,</span> <span class='ocrx_word' id='word_1_320' title='bbox 610 2993 640 3033; x_wconf 88' lang='lat' dir='ltr'><strong>a</strong></span> <span class='ocrx_word' id='word_1_321' title='bbox 679 2978 1070 3050; x_wconf 78' lang='grc' dir='ltr'><strong>παρερμηνεέᾳ</strong></span> <span class='ocrx_word' id='word_1_322' title='bbox 1096 2980 1393 3035; x_wconf 84' lang='lat' dir='ltr'><strong>doctissimi</strong></span> <span class='ocrx_word' id='word_1_323' title='bbox 1429 2982 1627 3051; x_wconf 86' lang='lat' dir='ltr'><strong>alioqui</strong></span> <span class='ocrx_word' id='word_1_324' title='bbox 1674 2989 1728 3036; x_wconf 93' lang='lat' dir='ltr'><strong>et</strong></span> <span class='ocrx_word' id='word_1_325' title='bbox 1757 2995 1981 3037; x_wconf 89' lang='lat' dir='ltr'><strong>accura-</strong></span> 
     </span>
    </p>
   </div>
   <div class='ocr_carea' id='block_1_46' title="bbox 396 3069 1690 3140">
    <p class='ocr_par' dir='ltr' id='par_1_46' title="bbox 396 3069 1690 3140">
     <span class='ocr_line' id='line_1_46' title="bbox 396 3069 1690 3140; baseline 0.005 -16"><span class='ocrx_word' id='word_1_326' title='bbox 396 3071 601 3124; x_wconf 86' lang='lat' dir='ltr'><strong>tissimi</strong></span> <span class='ocrx_word' id='word_1_327' title='bbox 625 3072 936 3126; x_wconf 85' lang='lat' dir='ltr'><strong>necessario</strong></span> <span class='ocrx_word' id='word_1_328' title='bbox 972 3069 1312 3126; x_wconf 86' lang='lat' dir='ltr'><strong>vindicamus</strong></span> <span class='ocrx_word' id='word_1_329' title='bbox 1353 3071 1690 3140; x_wconf 86' lang='lat' dir='ltr'><strong>interpretis.</strong></span> 
     </span>
    </p>
   </div>
   <div class='ocr_carea' id='block_1_47' title="bbox 2088 1953 3672 2027">
    <p class='ocr_par' dir='ltr' id='par_1_47' title="bbox 2088 1953 3672 2027">
     <span class='ocr_line' id='line_1_47' title="bbox 2088 1953 3672 2027; baseline -0.002 -17"><span class='ocrx_word' id='word_1_330' title='bbox 2088 1955 2238 2027; x_wconf 80' lang='lat' dir='ltr'><strong>regis</strong></span> <span class='ocrx_word' id='word_1_331' title='bbox 2297 1955 2572 2012; x_wconf 70' lang='lat' dir='ltr'><strong>Armeniae</strong></span> <span class='ocrx_word' id='word_1_332' title='bbox 2625 1956 2789 2010; x_wconf 81' lang='lat' dir='ltr'><strong>tiliam</strong></span> <span class='ocrx_word' id='word_1_333' title='bbox 2850 1955 3078 2010; x_wconf 82' lang='lat' dir='ltr'><strong>Mariam</strong></span> <span class='ocrx_word' id='word_1_334' title='bbox 3143 1957 3363 2012; x_wconf 86' lang='lat' dir='ltr'><strong>nomine</strong></span> <span class='ocrx_word' id='word_1_335' title='bbox 3419 1953 3672 2008; x_wconf 79' lang='lat' dir='ltr'><strong>Michaeli</strong></span> 
     </span>
    </p>
   </div>
   <div class='ocr_carea' id='block_1_48' title="bbox 2091 2049 3674 2119">
    <p class='ocr_par' dir='ltr' id='par_1_48' title="bbox 2091 2049 3674 2119">
     <span class='ocr_line' id='line_1_48' title="bbox 2091 2049 3674 2119; baseline -0.001 -17"><span class='ocrx_word' id='word_1_336' title='bbox 2091 2049 2362 2119; x_wconf 85' lang='lat' dir='ltr'><strong>nupsisse.</strong></span> <span class='ocrx_word' id='word_1_337' title='bbox 2393 2049 2643 2118; x_wconf 78' lang='lat' dir='ltr'><strong>Explicat</strong></span> <span class='ocrx_word' id='word_1_338' title='bbox 2706 2059 2890 2104; x_wconf 88' lang='lat' dir='ltr'><strong>autem</strong></span> <span class='ocrx_word' id='word_1_339' title='bbox 2949 2049 3194 2104; x_wconf 90' lang='lat' dir='ltr'><strong>Sanutus</strong></span> <span class='ocrx_word' id='word_1_340' title='bbox 3232 2050 3298 2102; x_wconf 85' lang='lat' dir='ltr'><strong>de</strong></span> <span class='ocrx_word' id='word_1_341' title='bbox 3333 2054 3441 2118; x_wconf 84' lang='lat' dir='ltr'><strong>quo</strong></span> <span class='ocrx_word' id='word_1_342' title='bbox 3472 2060 3674 2117; x_wconf 83' lang='lat' dir='ltr'><strong>genere</strong></span> 
     </span>
    </p>
   </div>
   <div class='ocr_carea' id='block_1_49' title="bbox 2087 2141 3669 2213">
    <p class='ocr_par' dir='ltr' id='par_1_49' title="bbox 2087 2141 3669 2213">
     <span class='ocr_line' id='line_1_49' title="bbox 2087 2141 3669 2213; baseline -0.002 -16"><span class='ocrx_word' id='word_1_343' title='bbox 2087 2143 2371 2198; x_wconf 88' lang='lat' dir='ltr'><strong>convictus</strong></span> <span class='ocrx_word' id='word_1_344' title='bbox 2405 2143 2769 2212; x_wconf 73' lang='lat' dir='ltr'><strong>Pachymeres</strong></span> <span class='ocrx_word' id='word_1_345' title='bbox 2818 2153 2967 2213; x_wconf 74' lang='lat' dir='ltr'><strong>agat,</strong></span> <span class='ocrx_word' id='word_1_346' title='bbox 3028 2143 3154 2198; x_wconf 85' lang='lat' dir='ltr'><strong>dum</strong></span> <span class='ocrx_word' id='word_1_347' title='bbox 3188 2141 3264 2196; x_wconf 90' lang='lat' dir='ltr'><strong>ait</strong></span> <span class='ocrx_word' id='word_1_348' title='bbox 3294 2142 3438 2196; x_wconf 91' lang='lat' dir='ltr'><strong>hunc</strong></span> <span class='ocrx_word' id='word_1_349' title='bbox 3485 2155 3669 2212; x_wconf 80' lang='lat' dir='ltr'><strong>regem</strong></span> 
     </span>
    </p>
   </div>
   <div class='ocr_carea' id='block_1_50' title="bbox 2085 2233 3671 2306">
    <p class='ocr_par' dir='ltr' id='par_1_50' title="bbox 2085 2233 3671 2306">
     <span class='ocr_line' id='line_1_50' title="bbox 2085 2233 3671 2306; baseline 0 -18"><span class='ocrx_word' id='word_1_350' title='bbox 2085 2249 2213 2289; x_wconf 87' lang='lat' dir='ltr'><strong>cum</strong></span> <span class='ocrx_word' id='word_1_351' title='bbox 2252 2234 2457 2291; x_wconf 80' lang='lat' dir='ltr'><strong>Freriis</strong></span> <span class='ocrx_word' id='word_1_352' title='bbox 2492 2235 2717 2290; x_wconf 78' lang='lat' dir='ltr'><strong>vixisse.</strong></span> <span class='ocrx_word' id='word_1_353' title='bbox 2757 2235 2935 2292; x_wconf 80' lang='lat' dir='ltr'><strong>Docet</strong></span> <span class='ocrx_word' id='word_1_354' title='bbox 2960 2236 3162 2306; x_wconf 89' lang='lat' dir='ltr'><strong>quippe</strong></span> <span class='ocrx_word' id='word_1_355' title='bbox 3191 2235 3491 2305; x_wconf 76' lang='lat' dir='ltr'><strong>snmpsisse</strong></span> <span class='ocrx_word' id='word_1_356' title='bbox 3517 2233 3671 2288; x_wconf 84' lang='lat' dir='ltr'><strong>illum</strong></span> 
     </span>
    </p>
   </div>
   <div class='ocr_carea' id='block_1_51' title="bbox 2087 2325 3673 2397">
    <p class='ocr_par' dir='ltr' id='par_1_51' title="bbox 2087 2325 3673 2397">
     <span class='ocr_line' id='line_1_51' title="bbox 2087 2325 3673 2397; baseline -0.001 -16"><span class='ocrx_word' id='word_1_357' title='bbox 2087 2325 2331 2382; x_wconf 82' lang='lat' dir='ltr'><strong>habitum</strong></span> <span class='ocrx_word' id='word_1_358' title='bbox 2364 2329 2570 2384; x_wconf 86' lang='lat' dir='ltr'><strong>ordinis</strong></span> <span class='ocrx_word' id='word_1_359' title='bbox 2602 2327 2869 2383; x_wconf 68' lang='lat' dir='ltr'><strong>Minornm</strong></span> <span class='ocrx_word' id='word_1_360' title='bbox 2904 2328 2960 2385; x_wconf 94' lang='lat' dir='ltr'><strong>S.</strong></span> <span class='ocrx_word' id='word_1_361' title='bbox 2991 2330 3300 2397; x_wconf 81' lang='lat' dir='ltr'><strong>Francisci,</strong></span> <span class='ocrx_word' id='word_1_362' title='bbox 3332 2341 3388 2383; x_wconf 84' lang='lat' dir='ltr'><strong>et</strong></span> <span class='ocrx_word' id='word_1_363' title='bbox 3417 2336 3474 2380; x_wconf 89' lang='lat' dir='ltr'><strong>ut</strong></span> <span class='ocrx_word' id='word_1_364' title='bbox 3510 2327 3673 2381; x_wconf 84' lang='lat' dir='ltr'><strong>soda-</strong></span> 
     </span>
    </p>
   </div>
   <div class='ocr_carea' id='block_1_52' title="bbox 2086 2419 3672 2490">
    <p class='ocr_par' dir='ltr' id='par_1_52' title="bbox 2086 2419 3672 2490">
     <span class='ocr_line' id='line_1_52' title="bbox 2086 2419 3672 2490; baseline -0.002 -14"><span class='ocrx_word' id='word_1_365' title='bbox 2086 2421 2192 2477; x_wconf 85' lang='lat' dir='ltr'><strong>lem</strong></span> <span class='ocrx_word' id='word_1_366' title='bbox 2225 2422 2419 2477; x_wconf 91' lang='lat' dir='ltr'><strong>horum</strong></span> <span class='ocrx_word' id='word_1_367' title='bbox 2463 2421 2686 2478; x_wconf 85' lang='lat' dir='ltr'><strong>Patrum</strong></span> <span class='ocrx_word' id='word_1_368' title='bbox 2720 2431 2777 2478; x_wconf 83' lang='lat' dir='ltr'><strong>et</strong></span> <span class='ocrx_word' id='word_1_369' title='bbox 2817 2421 3040 2478; x_wconf 80' lang='lat' dir='ltr'><strong>fratrem</strong></span> <span class='ocrx_word' id='word_1_370' title='bbox 3073 2419 3544 2490; x_wconf 72' lang='lat' dir='ltr'><strong>Cousmutiuopoli</strong></span> <span class='ocrx_word' id='word_1_371' title='bbox 3581 2422 3672 2473; x_wconf 83' lang='lat' dir='ltr'><strong>vi-</strong></span> 
     </span>
    </p>
   </div>
   <div class='ocr_carea' id='block_1_53' title="bbox 2087 2511 3672 2584">
    <p class='ocr_par' dir='ltr' id='par_1_53' title="bbox 2087 2511 3672 2584">
     <span class='ocr_line' id='line_1_53' title="bbox 2087 2511 3672 2584; baseline -0.001 -16"><span class='ocrx_word' id='word_1_372' title='bbox 2087 2515 2270 2582; x_wconf 77' lang='lat' dir='ltr'><strong>xisse;</strong></span> <span class='ocrx_word' id='word_1_373' title='bbox 2300 2515 2442 2569; x_wconf 90' lang='lat' dir='ltr'><strong>unde</strong></span> <span class='ocrx_word' id='word_1_374' title='bbox 2499 2527 2714 2584; x_wconf 86' lang='lat' dir='ltr'><strong>sumpta</strong></span> <span class='ocrx_word' id='word_1_375' title='bbox 2772 2516 3064 2570; x_wconf 87' lang='lat' dir='ltr'><strong>occasione</strong></span> <span class='ocrx_word' id='word_1_376' title='bbox 3113 2513 3317 2569; x_wconf 89' lang='lat' dir='ltr'><strong>Sebath</strong></span> <span class='ocrx_word' id='word_1_377' title='bbox 3368 2511 3672 2582; x_wconf 76' lang='lat' dir='ltr'><strong>Haytltouis</strong></span> 
     </span>
    </p>
   </div>
   <div class='ocr_carea' id='block_1_54' title="bbox 2087 2604 3675 2678">
    <p class='ocr_par' dir='ltr' id='par_1_54' title="bbox 2087 2604 3675 2678">
     <span class='ocr_line' id='line_1_54' title="bbox 2087 2604 3675 2678; baseline -0.003 -16"><span class='ocrx_word' id='word_1_378' title='bbox 2087 2608 2258 2662; x_wconf 80' lang='lat' dir='ltr'><strong>frater</strong></span> <span class='ocrx_word' id='word_1_379' title='bbox 2292 2622 2515 2678; x_wconf 81' lang='lat' dir='ltr'><strong>regnum</strong></span> <span class='ocrx_word' id='word_1_380' title='bbox 2548 2606 2822 2662; x_wconf 66' lang='lat' dir='ltr'><strong>Armeniae</strong></span> <span class='ocrx_word' id='word_1_381' title='bbox 2851 2608 3161 2676; x_wconf 83' lang='lat' dir='ltr'><strong>occupavit.</strong></span> <span class='ocrx_word' id='word_1_382' title='bbox 3194 2606 3296 2674; x_wconf 82' lang='lat' dir='ltr'><strong>Qui</strong></span> <span class='ocrx_word' id='word_1_383' title='bbox 3335 2607 3499 2660; x_wconf 80' lang='lat' dir='ltr'><strong>etiam</strong></span> <span class='ocrx_word' id='word_1_384' title='bbox 3526 2604 3675 2677; x_wconf 74' lang='lat' dir='ltr'><strong>{lay-</strong></span> 
     </span>
    </p>
   </div>
   <div class='ocr_carea' id='block_1_55' title="bbox 2093 2698 3672 2768">
    <p class='ocr_par' dir='ltr' id='par_1_55' title="bbox 2093 2698 3672 2768">
     <span class='ocr_line' id='line_1_55' title="bbox 2093 2698 3672 2768; baseline 0.001 -15"><span class='ocrx_word' id='word_1_385' title='bbox 2093 2703 2316 2755; x_wconf 88' lang='lat' dir='ltr'><strong>thonem</strong></span> <span class='ocrx_word' id='word_1_386' title='bbox 2362 2699 2556 2761; x_wconf 88' lang='lat' dir='ltr'><strong>deinde</strong></span> <span class='ocrx_word' id='word_1_387' title='bbox 2604 2709 2822 2768; x_wconf 85' lang='lat' dir='ltr'><strong>captum</strong></span> <span class='ocrx_word' id='word_1_388' title='bbox 2871 2700 3192 2754; x_wconf 69' lang='lat' dir='ltr'><strong>excazcavit.</strong></span> <span class='ocrx_word' id='word_1_389' title='bbox 3254 2698 3360 2754; x_wconf 87' lang='lat' dir='ltr'><strong>Sed</strong></span> <span class='ocrx_word' id='word_1_390' title='bbox 3410 2699 3455 2755; x_wconf 94' lang='lat' dir='ltr'><strong>is</strong></span> <span class='ocrx_word' id='word_1_391' title='bbox 3484 2699 3672 2754; x_wconf 81' lang='lat' dir='ltr'><strong>divino</strong></span> 
     </span>
    </p>
   </div>
   <div class='ocr_carea' id='block_1_56' title="bbox 2085 2791 3672 2863">
    <p class='ocr_par' dir='ltr' id='par_1_56' title="bbox 2085 2791 3672 2863">
     <span class='ocr_line' id='line_1_56' title="bbox 2085 2791 3672 2863; baseline 0.001 -16"><span class='ocrx_word' id='word_1_392' title='bbox 2085 2792 2350 2848; x_wconf 90' lang='lat' dir='ltr'><strong>miraculo</strong></span> <span class='ocrx_word' id='word_1_393' title='bbox 2390 2807 2606 2846; x_wconf 85' lang='lat' dir='ltr'><strong>rursum</strong></span> <span class='ocrx_word' id='word_1_394' title='bbox 2669 2792 2897 2860; x_wconf 86' lang='lat' dir='ltr'><strong>adeptus</strong></span> <span class='ocrx_word' id='word_1_395' title='bbox 2957 2808 3116 2846; x_wconf 89' lang='lat' dir='ltr'><strong>ttsum</strong></span> <span class='ocrx_word' id='word_1_396' title='bbox 3173 2791 3478 2859; x_wconf 88' lang='lat' dir='ltr'><strong>oculorum,</strong></span> <span class='ocrx_word' id='word_1_397' title='bbox 3517 2795 3672 2863; x_wconf 83' lang='lat' dir='ltr'><strong>regni</strong></span> 
     </span>
    </p>
   </div>
   <div class='ocr_carea' id='block_1_57' title="bbox 2083 2883 3672 2953">
    <p class='ocr_par' dir='ltr' id='par_1_57' title="bbox 2083 2883 3672 2953">
     <span class='ocr_line' id='line_1_57' title="bbox 2083 2883 3672 2953; baseline 0.003 -18"><span class='ocrx_word' id='word_1_398' title='bbox 2083 2885 2210 2953; x_wconf 90' lang='lat' dir='ltr'><strong>quin</strong></span> <span class='ocrx_word' id='word_1_399' title='bbox 2256 2885 2420 2938; x_wconf 87' lang='lat' dir='ltr'><strong>etiam</strong></span> <span class='ocrx_word' id='word_1_400' title='bbox 2471 2899 2694 2953; x_wconf 85' lang='lat' dir='ltr'><strong>compos</strong></span> <span class='ocrx_word' id='word_1_401' title='bbox 2730 2892 2814 2940; x_wconf 89' lang='lat' dir='ltr'><strong>est</strong></span> <span class='ocrx_word' id='word_1_402' title='bbox 2836 2883 3055 2950; x_wconf 87' lang='lat' dir='ltr'><strong>factus;</strong></span> <span class='ocrx_word' id='word_1_403' title='bbox 3086 2895 3141 2940; x_wconf 91' lang='lat' dir='ltr'><strong>et</strong></span> <span class='ocrx_word' id='word_1_404' title='bbox 3183 2884 3483 2940; x_wconf 85' lang='lat' dir='ltr'><strong>Sebathum</strong></span> <span class='ocrx_word' id='word_1_405' title='bbox 3520 2884 3672 2940; x_wconf 90' lang='lat' dir='ltr'><strong>Con-</strong></span> 
     </span>
    </p>
   </div>
   <div class='ocr_carea' id='block_1_58' title="bbox 2082 2977 3668 3046">
    <p class='ocr_par' dir='ltr' id='par_1_58' title="bbox 2082 2977 3668 3046">
     <span class='ocr_line' id='line_1_58' title="bbox 2082 2977 3668 3046; baseline -0.001 -15"><span class='ocrx_word' id='word_1_406' title='bbox 2082 2977 2487 3045; x_wconf 82' lang='lat' dir='ltr'><strong>stantinopolim</strong></span> <span class='ocrx_word' id='word_1_407' title='bbox 2541 2977 2714 3042; x_wconf 87' lang='lat' dir='ltr'><strong>misit,</strong></span> <span class='ocrx_word' id='word_1_408' title='bbox 2767 2992 2964 3046; x_wconf 81' lang='lat' dir='ltr'><strong>rogans</strong></span> <span class='ocrx_word' id='word_1_409' title='bbox 3012 2978 3400 3045; x_wconf 84' lang='lat' dir='ltr'><strong>imperatorem</strong></span> <span class='ocrx_word' id='word_1_410' title='bbox 3438 2987 3498 3032; x_wconf 90' lang='lat' dir='ltr'><strong>ut</strong></span> <span class='ocrx_word' id='word_1_411' title='bbox 3545 2993 3668 3032; x_wconf 89' lang='lat' dir='ltr'><strong>euut</strong></span> 
     </span>
    </p>
   </div>
   <div class='ocr_carea' id='block_1_59' title="bbox 2083 3069 3671 3128">
    <p class='ocr_par' dir='ltr' id='par_1_59' title="bbox 2083 3069 3671 3128">
     <span class='ocr_line' id='line_1_59' title="bbox 2083 3069 3671 3128; baseline 0.002 -6"><span class='ocrx_word' id='word_1_412' title='bbox 2083 3069 2192 3124; x_wconf 88' lang='lat' dir='ltr'><strong>illic</strong></span> <span class='ocrx_word' id='word_1_413' title='bbox 2223 3070 2514 3128; x_wconf 84' lang='lat' dir='ltr'><strong>detineret.</strong></span> <span class='ocrx_word' id='word_1_414' title='bbox 2568 3070 2692 3125; x_wconf 65' lang='lat' dir='ltr'><strong>llaec</strong></span> <span class='ocrx_word' id='word_1_415' title='bbox 2729 3069 2801 3124; x_wconf 87' lang='lat' dir='ltr'><strong>ibi</strong></span> <span class='ocrx_word' id='word_1_416' title='bbox 2861 3069 3123 3125; x_wconf 86' lang='lat' dir='ltr'><strong>Sanutus.</strong></span> <span class='ocrx_word' id='word_1_417' title='bbox 3160 3069 3223 3124; x_wconf 84' lang='lat' dir='ltr'><strong>Et</strong></span> <span class='ocrx_word' id='word_1_418' title='bbox 3281 3086 3348 3125; x_wconf 78' lang='lat' dir='ltr'><strong>ex</strong></span> <span class='ocrx_word' id='word_1_419' title='bbox 3381 3084 3446 3126; x_wconf 88' lang='lat' dir='ltr'><strong>eo</strong></span> <span class='ocrx_word' id='word_1_420' title='bbox 3498 3069 3671 3125; x_wconf 82' lang='lat' dir='ltr'><strong>fusius</strong></span> 
     </span>
    </p>
   </div>
   <div class='ocr_carea' id='block_1_60' title="bbox 468 3158 1979 3242">
    <p class='ocr_par' dir='ltr' id='par_1_60' title="bbox 468 3160 1979 3234">
     <span class='ocr_line' id='line_1_60' title="bbox 468 3160 1979 3234; baseline 0.004 -18"><span class='ocrx_word' id='word_1_421' title='bbox 468 3163 535 3217; x_wconf 88' lang='lat' dir='ltr'><strong>P.</strong></span> <span class='ocrx_word' id='word_1_422' title='bbox 563 3163 690 3218; x_wconf 78' lang='grc'>235.</span> <span class='ocrx_word' id='word_1_423' title='bbox 726 3160 902 3217; x_wconf 69' lang='lat' dir='ltr'><strong>Terrae</strong></span> <span class='ocrx_word' id='word_1_424' title='bbox 961 3163 1146 3227; x_wconf 87' lang='lat' dir='ltr'><strong>motui,</strong></span> <span class='ocrx_word' id='word_1_425' title='bbox 1199 3165 1290 3233; x_wconf 85' lang='lat' dir='ltr'><strong>qui</strong></span> <span class='ocrx_word' id='word_1_426' title='bbox 1342 3181 1434 3234; x_wconf 88' lang='lat' dir='ltr'><strong>per</strong></span> <span class='ocrx_word' id='word_1_427' title='bbox 1463 3166 1826 3222; x_wconf 74' lang='lat' dir='ltr'><strong>excellentiam</strong></span> <span class='ocrx_word' id='word_1_428' title='bbox 1866 3184 1979 3222; x_wconf 86' lang='lat' dir='ltr'><strong>ma-</strong></span> 
     </span>
    </p>
   </div>
   <div class='ocr_carea' id='block_1_61' title="bbox 2087 3158 3290 3242">
    <p class='ocr_par' dir='ltr' id='par_1_61' title="bbox 2087 3158 3290 3231">
     <span class='ocr_line' id='line_1_61' title="bbox 2087 3158 3290 3231; baseline -0.002 -15"><span class='ocrx_word' id='word_1_429' title='bbox 2087 3159 2406 3231; x_wconf 83' lang='lat' dir='ltr'><strong>Spondauus</strong></span> <span class='ocrx_word' id='word_1_430' title='bbox 2438 3177 2527 3213; x_wconf 91' lang='lat' dir='ltr'><strong>an.</strong></span> <span class='ocrx_word' id='word_1_431' title='bbox 2557 3160 2693 3215; x_wconf 89' lang='lat' dir='ltr'><strong>Chr.</strong></span> <span class='ocrx_word' id='word_1_432' title='bbox 2727 3159 2886 3222; x_wconf 67' lang='grc'>1294.</span> <span class='ocrx_word' id='word_1_433' title='bbox 2918 3177 2972 3214; x_wconf 93' lang='grc' dir='ltr'>ιι.</span> <span class='ocrx_word' id='word_1_434' title='bbox 3016 3158 3082 3214; x_wconf 87' lang='grc'><strong>10</strong></span> <span class='ocrx_word' id='word_1_435' title='bbox 3117 3171 3167 3214; x_wconf 89' lang='lat' dir='ltr'><strong>et</strong></span> <span class='ocrx_word' id='word_1_436' title='bbox 3205 3159 3290 3214; x_wconf 82' lang='grc' dir='ltr'>Η.</span> 
     </span>
    </p>
   </div>
   <div class='ocr_carea' id='block_1_62' title="bbox 396 3253 1977 3332">
    <p class='ocr_par' dir='ltr' id='par_1_62' title="bbox 396 3253 1977 3332">
     <span class='ocr_line' id='line_1_62' title="bbox 396 3253 1977 3332; baseline 0.006 -25"><span class='ocrx_word' id='word_1_437' title='bbox 396 3270 532 3323; x_wconf 77' lang='lat' dir='ltr'><strong>gnua</strong></span> <span class='ocrx_word' id='word_1_438' title='bbox 563 3254 885 3323; x_wconf 79' lang='lat' dir='ltr'><strong>appellatur.</strong></span> <span class='ocrx_word' id='word_1_439' title='bbox 941 3253 1080 3310; x_wconf 88' lang='lat' dir='ltr'><strong>Puto</strong></span> <span class='ocrx_word' id='word_1_440' title='bbox 1138 3255 1222 3312; x_wconf 91' lang='lat' dir='ltr'><strong>hic</strong></span> <span class='ocrx_word' id='word_1_441' title='bbox 1255 3257 1409 3312; x_wconf 91' lang='lat' dir='ltr'><strong>innui</strong></span> <span class='ocrx_word' id='word_1_442' title='bbox 1463 3265 1622 3313; x_wconf 63' lang='lat' dir='ltr'><strong>terras</strong></span> <span class='ocrx_word' id='word_1_443' title='bbox 1655 3271 1857 3316; x_wconf 85' lang='lat' dir='ltr'><strong>motum</strong></span> <span class='ocrx_word' id='word_1_444' title='bbox 1886 3263 1977 3332; x_wconf 89' lang='lat' dir='ltr'><strong>qui</strong></span> 
     </span>
    </p>
   </div>
   <div class='ocr_carea' id='block_1_63' title="bbox 395 3344 1979 3422">
    <p class='ocr_par' dir='ltr' id='par_1_63' title="bbox 395 3344 1979 3422">
     <span class='ocr_line' id='line_1_63' title="bbox 395 3344 1979 3422; baseline 0.006 -23"><span class='ocrx_word' id='word_1_445' title='bbox 395 3361 540 3400; x_wconf 86' lang='lat' dir='ltr'><strong>anno</strong></span> <span class='ocrx_word' id='word_1_446' title='bbox 562 3345 693 3401; x_wconf 87' lang='lat' dir='ltr'><strong>Chr.</strong></span> <span class='ocrx_word' id='word_1_447' title='bbox 716 3348 854 3401; x_wconf 89' lang='grc'>1202</span> <span class='ocrx_word' id='word_1_448' title='bbox 875 3347 1114 3402; x_wconf 91' lang='lat' dir='ltr'><strong>omnium</strong></span> <span class='ocrx_word' id='word_1_449' title='bbox 1143 3350 1305 3403; x_wconf 87' lang='lat' dir='ltr'><strong>laudo</strong></span> <span class='ocrx_word' id='word_1_450' title='bbox 1329 3351 1640 3405; x_wconf 87' lang='lat' dir='ltr'><strong>auditorum</strong></span> <span class='ocrx_word' id='word_1_451' title='bbox 1667 3368 1762 3422; x_wconf 91' lang='lat' dir='ltr'><strong>per</strong></span> <span class='ocrx_word' id='word_1_452' title='bbox 1785 3344 1979 3408; x_wconf 22' lang='lat' dir='ltr'><strong>Orion--</strong></span> 
     </span>
    </p>
   </div>
   <div class='ocr_carea' id='block_1_64' title="bbox 401 3437 1980 3510">
    <p class='ocr_par' dir='ltr' id='par_1_64' title="bbox 401 3437 1980 3510">
     <span class='ocr_line' id='line_1_64' title="bbox 401 3437 1980 3510; baseline 0.007 -20"><span class='ocrx_word' id='word_1_453' title='bbox 401 3448 509 3491; x_wconf 83' lang='lat' dir='ltr'><strong>tem</strong></span> <span class='ocrx_word' id='word_1_454' title='bbox 537 3437 846 3493; x_wconf 88' lang='lat' dir='ltr'><strong>dirissimus</strong></span> <span class='ocrx_word' id='word_1_455' title='bbox 880 3439 1128 3508; x_wconf 73' lang='lat' dir='ltr'><strong>contigit,</strong></span> <span class='ocrx_word' id='word_1_456' title='bbox 1166 3456 1326 3510; x_wconf 84' lang='lat' dir='ltr'><strong>quem</strong></span> <span class='ocrx_word' id='word_1_457' title='bbox 1362 3439 1634 3498; x_wconf 80' lang='lat' dir='ltr'><strong>Robertns</strong></span> <span class='ocrx_word' id='word_1_458' title='bbox 1681 3447 1980 3501; x_wconf 85' lang='lat' dir='ltr'><strong>monachus</strong></span> 
     </span>
    </p>
   </div>
   <div class='ocr_carea' id='block_1_65' title="bbox 394 3530 1978 3606">
    <p class='ocr_par' dir='ltr' id='par_1_65' title="bbox 394 3530 1978 3606">
     <span class='ocr_line' id='line_1_65' title="bbox 394 3530 1978 3606; baseline 0.004 -20"><span class='ocrx_word' id='word_1_459' title='bbox 394 3530 860 3588; x_wconf 80' lang='lat' dir='ltr'><strong>Antislodorensis</strong></span> <span class='ocrx_word' id='word_1_460' title='bbox 922 3531 976 3586; x_wconf 90' lang='lat' dir='ltr'><strong>iu</strong></span> <span class='ocrx_word' id='word_1_461' title='bbox 1038 3549 1136 3587; x_wconf 86' lang='lat' dir='ltr'><strong>sua</strong></span> <span class='ocrx_word' id='word_1_462' title='bbox 1169 3533 1538 3604; x_wconf 84' lang='lat' dir='ltr'><strong>Chronologia</strong></span> <span class='ocrx_word' id='word_1_463' title='bbox 1593 3537 1866 3606; x_wconf 89' lang='lat' dir='ltr'><strong>incepisse</strong></span> <span class='ocrx_word' id='word_1_464' title='bbox 1901 3540 1978 3593; x_wconf 85' lang='lat' dir='ltr'><strong>ait</strong></span> 
     </span>
    </p>
   </div>
   <div class='ocr_carea' id='block_1_66' title="bbox 395 3622 1978 3696">
    <p class='ocr_par' dir='ltr' id='par_1_66' title="bbox 395 3622 1978 3696">
     <span class='ocr_line' id='line_1_66' title="bbox 395 3622 1978 3696; baseline 0.005 -21"><span class='ocrx_word' id='word_1_465' title='bbox 395 3622 579 3677; x_wconf 87' lang='lat' dir='ltr'><strong>triduo</strong></span> <span class='ocrx_word' id='word_1_466' title='bbox 612 3634 738 3678; x_wconf 89' lang='lat' dir='ltr'><strong>ante</strong></span> <span class='ocrx_word' id='word_1_467' title='bbox 772 3623 1185 3691; x_wconf 78' lang='lat' dir='ltr'><strong>Ascensionem,</strong></span> <span class='ocrx_word' id='word_1_468' title='bbox 1225 3634 1281 3680; x_wconf 89' lang='lat' dir='ltr'><strong>et</strong></span> <span class='ocrx_word' id='word_1_469' title='bbox 1313 3641 1378 3679; x_wconf 90' lang='lat' dir='ltr'><strong>eo</strong></span> <span class='ocrx_word' id='word_1_470' title='bbox 1425 3624 1651 3696; x_wconf 81' lang='lat' dir='ltr'><strong>Tyrum,</strong></span> <span class='ocrx_word' id='word_1_471' title='bbox 1685 3628 1978 3696; x_wconf 83' lang='lat' dir='ltr'><strong>Acconem,</strong></span> 
     </span>
    </p>
   </div>
   <div class='ocr_carea' id='block_1_67' title="bbox 394 3713 1979 3791">
    <p class='ocr_par' dir='ltr' id='par_1_67' title="bbox 394 3713 1979 3791">
     <span class='ocr_line' id='line_1_67' title="bbox 394 3713 1979 3791; baseline 0.004 -22"><span class='ocrx_word' id='word_1_472' title='bbox 394 3713 685 3783; x_wconf 82' lang='lat' dir='ltr'><strong>Tripolim,</strong></span> <span class='ocrx_word' id='word_1_473' title='bbox 736 3725 870 3781; x_wconf 90' lang='lat' dir='ltr'><strong>etc.,</strong></span> <span class='ocrx_word' id='word_1_474' title='bbox 915 3732 1108 3787; x_wconf 88' lang='lat' dir='ltr'><strong>magna</strong></span> <span class='ocrx_word' id='word_1_475' title='bbox 1147 3733 1211 3772; x_wconf 77' lang='lat' dir='ltr'><strong>ex</strong></span> <span class='ocrx_word' id='word_1_476' title='bbox 1241 3727 1394 3787; x_wconf 89' lang='lat' dir='ltr'><strong>parte</strong></span> <span class='ocrx_word' id='word_1_477' title='bbox 1443 3718 1767 3775; x_wconf 87' lang='lat' dir='ltr'><strong>concidisse.</strong></span> <span class='ocrx_word' id='word_1_478' title='bbox 1806 3720 1979 3791; x_wconf 81' lang='lat' dir='ltr'><strong>IInjus</strong></span> 
     </span>
    </p>
   </div>
   <div class='ocr_carea' id='block_1_68' title="bbox 396 3807 1979 3879">
    <p class='ocr_par' dir='ltr' id='par_1_68' title="bbox 396 3807 1979 3879">
     <span class='ocr_line' id='line_1_68' title="bbox 396 3807 1979 3879; baseline 0.004 -16"><span class='ocrx_word' id='word_1_479' title='bbox 396 3807 608 3878; x_wconf 80' lang='lat' dir='ltr'><strong>antiqui</strong></span> <span class='ocrx_word' id='word_1_480' title='bbox 635 3817 795 3862; x_wconf 68' lang='lat' dir='ltr'><strong>terra:</strong></span> <span class='ocrx_word' id='word_1_481' title='bbox 830 3819 1008 3863; x_wconf 90' lang='lat' dir='ltr'><strong>motus</strong></span> <span class='ocrx_word' id='word_1_482' title='bbox 1040 3809 1354 3864; x_wconf 82' lang='lat' dir='ltr'><strong>meminisse</strong></span> <span class='ocrx_word' id='word_1_483' title='bbox 1390 3820 1662 3879; x_wconf 85' lang='lat' dir='ltr'><strong>poterant,</strong></span> <span class='ocrx_word' id='word_1_484' title='bbox 1715 3829 1840 3868; x_wconf 91' lang='lat' dir='ltr'><strong>cum</strong></span> <span class='ocrx_word' id='word_1_485' title='bbox 1877 3815 1979 3870; x_wconf 77' lang='lat' dir='ltr'><strong>iate</strong></span> 
     </span>
    </p>
   </div>
   <div class='ocr_carea' id='block_1_69' title="bbox 391 3897 1975 3973">
    <p class='ocr_par' dir='ltr' id='par_1_69' title="bbox 391 3897 1975 3973">
     <span class='ocr_line' id='line_1_69' title="bbox 391 3897 1975 3973; baseline 0.005 -23"><span class='ocrx_word' id='word_1_486' title='bbox 391 3897 539 3953; x_wconf 79' lang='lat' dir='ltr'><strong>alius</strong></span> <span class='ocrx_word' id='word_1_487' title='bbox 571 3899 639 3953; x_wconf 89' lang='lat' dir='ltr'><strong>de</strong></span> <span class='ocrx_word' id='word_1_488' title='bbox 687 3913 797 3967; x_wconf 90' lang='lat' dir='ltr'><strong>quo</strong></span> <span class='ocrx_word' id='word_1_489' title='bbox 839 3909 1025 3954; x_wconf 91' lang='lat' dir='ltr'><strong>noster</strong></span> <span class='ocrx_word' id='word_1_490' title='bbox 1055 3901 1164 3971; x_wconf 84' lang='lat' dir='ltr'><strong>agit</strong></span> <span class='ocrx_word' id='word_1_491' title='bbox 1197 3902 1296 3955; x_wconf 88' lang='lat' dir='ltr'><strong>hoc</strong></span> <span class='ocrx_word' id='word_1_492' title='bbox 1334 3898 1454 3955; x_wconf 92' lang='lat' dir='ltr'><strong>loco</strong></span> <span class='ocrx_word' id='word_1_493' title='bbox 1506 3899 1975 3973; x_wconf 88' lang='lat' dir='ltr'><strong>Constantinopoli</strong></span> 
     </span>
    </p>
   </div>
   <div class='ocr_carea' id='block_1_70' title="bbox 389 3989 1979 4065">
    <p class='ocr_par' dir='ltr' id='par_1_70' title="bbox 389 3989 1979 4065">
     <span class='ocr_line' id='line_1_70' title="bbox 389 3989 1979 4065; baseline 0.001 -15"><span class='ocrx_word' id='word_1_494' title='bbox 389 3989 560 4062; x_wconf 76' lang='lat'><strong>752</strong></span> <span class='ocrx_word' id='word_1_495' title='bbox 585 3991 816 4061; x_wconf 80' lang='lat' dir='ltr'><strong>centigit</strong></span> <span class='ocrx_word' id='word_1_496' title='bbox 848 3993 1069 4048; x_wconf 85' lang='lat' dir='ltr'><strong>circiter</strong></span> <span class='ocrx_word' id='word_1_497' title='bbox 1116 4007 1320 4048; x_wconf 89' lang='lat' dir='ltr'><strong>annum</strong></span> <span class='ocrx_word' id='word_1_498' title='bbox 1368 3993 1500 4049; x_wconf 90' lang='lat' dir='ltr'><strong>Chr.</strong></span> <span class='ocrx_word' id='word_1_499' title='bbox 1553 3995 1715 4062; x_wconf 87' lang='grc'><strong>1296,</strong></span> <span class='ocrx_word' id='word_1_500' title='bbox 1751 3997 1979 4065; x_wconf 89' lang='lat' dir='ltr'><strong>quicun-</strong></span> 
     </span>
    </p>
   </div>
   <div class='ocr_carea' id='block_1_71' title="bbox 392 4083 1976 4154">
    <p class='ocr_par' dir='ltr' id='par_1_71' title="bbox 392 4083 1976 4154">
     <span class='ocr_line' id='line_1_71' title="bbox 392 4083 1976 4154; baseline 0.001 -18"><span class='ocrx_word' id='word_1_501' title='bbox 392 4097 502 4152; x_wconf 87' lang='lat' dir='ltr'><strong>que</strong></span> <span class='ocrx_word' id='word_1_502' title='bbox 537 4083 793 4138; x_wconf 86' lang='lat' dir='ltr'><strong>vivebant</strong></span> <span class='ocrx_word' id='word_1_503' title='bbox 824 4085 1123 4139; x_wconf 87' lang='lat' dir='ltr'><strong>centenarii</strong></span> <span class='ocrx_word' id='word_1_504' title='bbox 1180 4096 1274 4139; x_wconf 87' lang='lat' dir='ltr'><strong>aut</strong></span> <span class='ocrx_word' id='word_1_505' title='bbox 1303 4087 1462 4154; x_wconf 87' lang='lat' dir='ltr'><strong>paulo</strong></span> <span class='ocrx_word' id='word_1_506' title='bbox 1501 4088 1831 4148; x_wconf 78' lang='lat' dir='ltr'><strong>centenariis</strong></span> <span class='ocrx_word' id='word_1_507' title='bbox 1862 4103 1976 4139; x_wconf 84' lang='lat' dir='ltr'><strong>ma-</strong></span> 
     </span>
    </p>
   </div>
   <div class='ocr_carea' id='block_1_72' title="bbox 389 4173 1976 4246">
    <p class='ocr_par' dir='ltr' id='par_1_72' title="bbox 389 4173 1976 4246">
     <span class='ocr_line' id='line_1_72' title="bbox 389 4173 1976 4246; baseline 0.004 -19"><span class='ocrx_word' id='word_1_508' title='bbox 389 4177 564 4244; x_wconf 79' lang='lat' dir='ltr'><strong>jores.</strong></span> <span class='ocrx_word' id='word_1_509' title='bbox 617 4173 867 4230; x_wconf 78' lang='lat' dir='ltr'><strong>Meminit</strong></span> <span class='ocrx_word' id='word_1_510' title='bbox 897 4174 1120 4230; x_wconf 85' lang='lat' dir='ltr'><strong>alterius</strong></span> <span class='ocrx_word' id='word_1_511' title='bbox 1166 4177 1754 4246; x_wconf 85' lang='lat' dir='ltr'><strong>Constantinopolitani</strong></span> <span class='ocrx_word' id='word_1_512' title='bbox 1818 4188 1976 4233; x_wconf 78' lang='lat' dir='ltr'><strong>teme</strong></span> 
     </span>
    </p>
   </div>
   <div class='ocr_carea' id='block_1_73' title="bbox 397 4263 2018 4339">
    <p class='ocr_par' dir='ltr' id='par_1_73' title="bbox 397 4263 2018 4339">
     <span class='ocr_line' id='line_1_73' title="bbox 397 4263 2018 4339; baseline 0.002 -20"><span class='ocrx_word' id='word_1_513' title='bbox 397 4276 580 4320; x_wconf 87' lang='lat' dir='ltr'><strong>motus</strong></span> <span class='ocrx_word' id='word_1_514' title='bbox 619 4265 799 4336; x_wconf 87' lang='lat' dir='ltr'><strong>magni</strong></span> <span class='ocrx_word' id='word_1_515' title='bbox 843 4265 1079 4334; x_wconf 88' lang='lat' dir='ltr'><strong>scriptor</strong></span> <span class='ocrx_word' id='word_1_516' title='bbox 1139 4263 1278 4321; x_wconf 74' lang='lat' dir='ltr'><strong>Vitae</strong></span> <span class='ocrx_word' id='word_1_517' title='bbox 1335 4265 1583 4339; x_wconf 83' lang='lat' dir='ltr'><strong>Gregorii</strong></span> <span class='ocrx_word' id='word_1_518' title='bbox 1619 4265 1711 4335; x_wconf 90' lang='lat' dir='ltr'><strong>IV,</strong></span> <span class='ocrx_word' id='word_1_519' title='bbox 1746 4267 1972 4323; x_wconf 78' lang='lat' dir='ltr'><strong>Romani</strong></span> <span class='ocrx_word' id='word_1_520' title='bbox 2010 4319 2018 4330; x_wconf 82' lang='grc'><strong>,</strong></span> 
     </span>
    </p>
   </div>
   <div class='ocr_carea' id='block_1_74' title="bbox 390 4356 1975 4430">
    <p class='ocr_par' dir='ltr' id='par_1_74' title="bbox 390 4356 1975 4430">
     <span class='ocr_line' id='line_1_74' title="bbox 390 4356 1975 4430; baseline 0.004 -22"><span class='ocrx_word' id='word_1_521' title='bbox 390 4363 574 4425; x_wconf 81' lang='lat' dir='ltr'><strong>pont.,</strong></span> <span class='ocrx_word' id='word_1_522' title='bbox 602 4356 847 4411; x_wconf 88' lang='lat' dir='ltr'><strong>referens</strong></span> <span class='ocrx_word' id='word_1_523' title='bbox 877 4371 998 4410; x_wconf 88' lang='lat' dir='ltr'><strong>eum</strong></span> <span class='ocrx_word' id='word_1_524' title='bbox 1032 4357 1328 4428; x_wconf 81' lang='lat' dir='ltr'><strong>contigisse</strong></span> <span class='ocrx_word' id='word_1_525' title='bbox 1355 4373 1500 4414; x_wconf 89' lang='lat' dir='ltr'><strong>anno</strong></span> <span class='ocrx_word' id='word_1_526' title='bbox 1525 4358 1657 4416; x_wconf 91' lang='lat' dir='ltr'><strong>Cltr.</strong></span> <span class='ocrx_word' id='word_1_527' title='bbox 1690 4359 1844 4425; x_wconf 77' lang='grc'><strong>1251,</strong></span> <span class='ocrx_word' id='word_1_528' title='bbox 1865 4377 1975 4430; x_wconf 85' lang='lat' dir='ltr'><strong>quo</strong></span> 
     </span>
    </p>
   </div>
   <div class='ocr_carea' id='block_1_75' title="bbox 396 4447 1974 4521">
    <p class='ocr_par' dir='ltr' id='par_1_75' title="bbox 396 4447 1974 4521">
     <span class='ocr_line' id='line_1_75' title="bbox 396 4447 1974 4521; baseline 0.002 -20"><span class='ocrx_word' id='word_1_529' title='bbox 396 4450 479 4503; x_wconf 85' lang='lat' dir='ltr'><strong>ait</strong></span> <span class='ocrx_word' id='word_1_530' title='bbox 523 4447 723 4503; x_wconf 86' lang='lat' dir='ltr'><strong>multas</strong></span> <span class='ocrx_word' id='word_1_531' title='bbox 753 4449 944 4504; x_wconf 89' lang='lat' dir='ltr'><strong>domos</strong></span> <span class='ocrx_word' id='word_1_532' title='bbox 973 4457 1028 4503; x_wconf 89' lang='lat' dir='ltr'><strong>et</strong></span> <span class='ocrx_word' id='word_1_533' title='bbox 1072 4449 1271 4518; x_wconf 87' lang='lat' dir='ltr'><strong>templa</strong></span> <span class='ocrx_word' id='word_1_534' title='bbox 1322 4449 1797 4521; x_wconf 86' lang='lat' dir='ltr'><strong>Constantinopoli</strong></span> <span class='ocrx_word' id='word_1_535' title='bbox 1852 4467 1974 4507; x_wconf 87' lang='lat' dir='ltr'><strong>cor-</strong></span> 
     </span>
    </p>
   </div>
   <div class='ocr_carea' id='block_1_76' title="bbox 2157 3251 3670 3323">
    <p class='ocr_par' dir='ltr' id='par_1_76' title="bbox 2157 3251 3670 3323">
     <span class='ocr_line' id='line_1_76' title="bbox 2157 3251 3670 3323; baseline -0.001 -17"><span class='ocrx_word' id='word_1_536' title='bbox 2157 3251 2216 3306; x_wconf 86' lang='lat' dir='ltr'><strong>P.</strong></span> <span class='ocrx_word' id='word_1_537' title='bbox 2244 3251 2372 3306; x_wconf 70' lang='grc'>247.</span> <span class='ocrx_word' id='word_1_538' title='bbox 2423 3253 2538 3323; x_wconf 83' lang='grc' dir='ltr'><strong>Τὴν</strong></span> <span class='ocrx_word' id='word_1_539' title='bbox 2571 3251 2702 3321; x_wconf 70' lang='grc' dir='ltr'><strong>γιιῦν</strong></span> <span class='ocrx_word' id='word_1_540' title='bbox 2739 3253 2992 3322; x_wconf 79' lang='grc' dir='ltr'><strong>ἀνάγκην</strong></span> <span class='ocrx_word' id='word_1_541' title='bbox 3042 3251 3294 3320; x_wconf 75' lang='grc' dir='ltr'><strong>γίνεσθαι</strong></span> <span class='ocrx_word' id='word_1_542' title='bbox 3329 3251 3493 3322; x_wconf 80' lang='grc' dir='ltr'><strong>χάριν</strong></span> <span class='ocrx_word' id='word_1_543' title='bbox 3539 3253 3670 3320; x_wconf 80' lang='grc' dir='ltr'><strong>νικᾷ</strong></span> 
     </span>
    </p>
   </div>
   <div class='ocr_carea' id='block_1_77' title="bbox 2082 3341 3666 3416">
    <p class='ocr_par' dir='ltr' id='par_1_77' title="bbox 2082 3341 3666 3416">
     <span class='ocr_line' id='line_1_77' title="bbox 2082 3341 3666 3416; baseline 0.001 -21"><span class='ocrx_word' id='word_1_544' title='bbox 2082 3344 2149 3413; x_wconf 80' lang='grc' dir='ltr'>τῇ</span> <span class='ocrx_word' id='word_1_545' title='bbox 2181 3343 2418 3398; x_wconf 81' lang='grc' dir='ltr'><strong>συνέσει.</strong></span> <span class='ocrx_word' id='word_1_546' title='bbox 2459 3345 2548 3397; x_wconf 90' lang='lat' dir='ltr'><strong>Sic</strong></span> <span class='ocrx_word' id='word_1_547' title='bbox 2587 3345 2758 3399; x_wconf 85' lang='lat' dir='ltr'><strong>codex</strong></span> <span class='ocrx_word' id='word_1_548' title='bbox 2795 3343 2854 3397; x_wconf 87' lang='grc' dir='ltr'><strong>Β.</strong></span> <span class='ocrx_word' id='word_1_549' title='bbox 2915 3341 3034 3398; x_wconf 87' lang='lat' dir='ltr'><strong>Vat.</strong></span> <span class='ocrx_word' id='word_1_550' title='bbox 3069 3356 3250 3396; x_wconf 86' lang='lat' dir='ltr'><strong>autem</strong></span> <span class='ocrx_word' id='word_1_551' title='bbox 3292 3345 3419 3415; x_wconf 84' lang='grc' dir='ltr'><strong>νικᾷ</strong></span> <span class='ocrx_word' id='word_1_552' title='bbox 3471 3344 3603 3413; x_wconf 71' lang='grc' dir='ltr'><strong>γοῦν</strong></span> <span class='ocrx_word' id='word_1_553' title='bbox 3630 3347 3666 3416; x_wconf 77' lang='grc' dir='ltr'><strong>ἡ</strong></span> 
     </span>
    </p>
   </div>
   <div class='ocr_carea' id='block_1_78' title="bbox 2085 3421 3669 3510">
    <p class='ocr_par' dir='ltr' id='par_1_78' title="bbox 2085 3421 3669 3510">
     <span class='ocr_line' id='line_1_78' title="bbox 2085 3421 3669 3510; baseline 0.004 -20"><span class='ocrx_word' id='word_1_554' title='bbox 2085 3421 2303 3503; x_wconf 64' lang='lat' dir='ltr'><strong>advectu;</strong></span> <span class='ocrx_word' id='word_1_555' title='bbox 2334 3437 2396 3491; x_wconf 76' lang='grc' dir='ltr'><strong>τὸ</strong></span> <span class='ocrx_word' id='word_1_556' title='bbox 2424 3441 2604 3492; x_wconf 75' lang='grc' dir='ltr'>ποιεῖν</span> <span class='ocrx_word' id='word_1_557' title='bbox 2658 3421 2822 3510; x_wconf 54' lang='grc' dir='ltr'><strong>χάριν</strong></span> <span class='ocrx_word' id='word_1_558' title='bbox 2861 3440 2960 3510; x_wconf 77' lang='grc' dir='ltr'><strong>τὴν</strong></span> <span class='ocrx_word' id='word_1_559' title='bbox 3018 3439 3289 3509; x_wconf 77' lang='grc' dir='ltr'><strong>ἀνάγκην.</strong></span> <span class='ocrx_word' id='word_1_560' title='bbox 3341 3439 3669 3496; x_wconf 76' lang='lat' dir='ltr'><strong>Perobscu‘rt</strong></span> 
     </span>
    </p>
   </div>
   <div class='ocr_carea' id='block_1_79' title="bbox 2084 3528 3670 3600">
    <p class='ocr_par' dir='ltr' id='par_1_79' title="bbox 2084 3528 3670 3600">
     <span class='ocr_line' id='line_1_79' title="bbox 2084 3528 3670 3600; baseline 0.003 -18"><span class='ocrx_word' id='word_1_561' title='bbox 2084 3528 2188 3584; x_wconf 90' lang='lat' dir='ltr'><strong>loci</strong></span> <span class='ocrx_word' id='word_1_562' title='bbox 2225 3538 2284 3583; x_wconf 84' lang='lat' dir='ltr'><strong>ut</strong></span> <span class='ocrx_word' id='word_1_563' title='bbox 2309 3529 2773 3600; x_wconf 83' lang='lat' dir='ltr'><strong>possit-intelligi,</strong></span> <span class='ocrx_word' id='word_1_564' title='bbox 2828 3531 3066 3600; x_wconf 89' lang='lat' dir='ltr'><strong>primum</strong></span> <span class='ocrx_word' id='word_1_565' title='bbox 3123 3531 3506 3586; x_wconf 86' lang='lat' dir='ltr'><strong>constituenda</strong></span> <span class='ocrx_word' id='word_1_566' title='bbox 3531 3532 3670 3586; x_wconf 87' lang='lat' dir='ltr'><strong>scri-</strong></span> 
     </span>
    </p>
   </div>
   <div class='ocr_carea' id='block_1_80' title="bbox 2081 3621 3667 3694">
    <p class='ocr_par' dir='ltr' id='par_1_80' title="bbox 2081 3621 3667 3694">
     <span class='ocr_line' id='line_1_80' title="bbox 2081 3621 3667 3694; baseline 0.003 -20"><span class='ocrx_word' id='word_1_567' title='bbox 2081 3631 2240 3690; x_wconf 89' lang='lat' dir='ltr'><strong>ptura</strong></span> <span class='ocrx_word' id='word_1_568' title='bbox 2287 3633 2390 3678; x_wconf 90' lang='lat' dir='ltr'><strong>est.</strong></span> <span class='ocrx_word' id='word_1_569' title='bbox 2435 3621 2574 3677; x_wconf 87' lang='lat' dir='ltr'><strong>Puto</strong></span> <span class='ocrx_word' id='word_1_570' title='bbox 2619 3623 2672 3678; x_wconf 91' lang='lat' dir='ltr'><strong>in</strong></span> <span class='ocrx_word' id='word_1_571' title='bbox 2703 3638 2837 3679; x_wconf 90' lang='lat' dir='ltr'><strong>voce</strong></span> <span class='ocrx_word' id='word_1_572' title='bbox 2872 3626 3021 3694; x_wconf 82' lang='grc' dir='ltr'><strong>νικᾷ,</strong></span> <span class='ocrx_word' id='word_1_573' title='bbox 3060 3633 3118 3677; x_wconf 86' lang='grc' dir='ltr'><strong>ιιι</strong></span> <span class='ocrx_word' id='word_1_574' title='bbox 3152 3623 3205 3680; x_wconf 91' lang='lat' dir='ltr'><strong>in</strong></span> <span class='ocrx_word' id='word_1_575' title='bbox 3235 3639 3286 3679; x_wconf 91' lang='lat' dir='ltr'><strong>c.</strong></span> <span class='ocrx_word' id='word_1_576' title='bbox 3325 3623 3366 3678; x_wconf 89' lang='lat' dir='ltr'><strong>B</strong></span> <span class='ocrx_word' id='word_1_577' title='bbox 3398 3640 3520 3680; x_wconf 93' lang='lat' dir='ltr'><strong>cum</strong></span> <span class='ocrx_word' id='word_1_578' title='bbox 3554 3625 3667 3678; x_wconf 90' lang='lat' dir='ltr'><strong>cir-</strong></span> 
     </span>
    </p>
   </div>
   <div class='ocr_carea' id='block_1_81' title="bbox 2083 3714 3664 3788">
    <p class='ocr_par' dir='ltr' id='par_1_81' title="bbox 2083 3714 3664 3788">
     <span class='ocr_line' id='line_1_81' title="bbox 2083 3714 3664 3788; baseline 0.001 -18"><span class='ocrx_word' id='word_1_579' title='bbox 2083 3714 2353 3771; x_wconf 79' lang='lat' dir='ltr'><strong>cumflexo</strong></span> <span class='ocrx_word' id='word_1_580' title='bbox 2409 3717 2461 3769; x_wconf 91' lang='lat' dir='ltr'><strong>in</strong></span> <span class='ocrx_word' id='word_1_581' title='bbox 2525 3715 2716 3771; x_wconf 89' lang='lat' dir='ltr'><strong>ultima</strong></span> <span class='ocrx_word' id='word_1_582' title='bbox 2788 3716 3006 3788; x_wconf 84' lang='lat' dir='ltr'><strong>legitur,</strong></span> <span class='ocrx_word' id='word_1_583' title='bbox 3041 3719 3295 3773; x_wconf 87' lang='lat' dir='ltr'><strong>mendum</strong></span> <span class='ocrx_word' id='word_1_584' title='bbox 3348 3734 3489 3774; x_wconf 89' lang='lat' dir='ltr'><strong>esse.</strong></span> <span class='ocrx_word' id='word_1_585' title='bbox 3547 3718 3664 3773; x_wconf 84' lang='lat' dir='ltr'><strong>Nutt</strong></span> 
     </span>
    </p>
   </div>
   <div class='ocr_carea' id='block_1_82' title="bbox 2081 3807 3663 3880">
    <p class='ocr_par' dir='ltr' id='par_1_82' title="bbox 2081 3807 3663 3880">
     <span class='ocr_line' id='line_1_82' title="bbox 2081 3807 3663 3880; baseline 0.001 -18"><span class='ocrx_word' id='word_1_586' title='bbox 2081 3807 2225 3862; x_wconf 91' lang='lat' dir='ltr'><strong>enim</strong></span> <span class='ocrx_word' id='word_1_587' title='bbox 2267 3817 2352 3864; x_wconf 78' lang='lat' dir='ltr'><strong>est</strong></span> <span class='ocrx_word' id='word_1_588' title='bbox 2389 3808 2503 3861; x_wconf 75' lang='lat' dir='ltr'><strong>lucc</strong></span> <span class='ocrx_word' id='word_1_589' title='bbox 2534 3809 2694 3864; x_wconf 78' lang='lat' dir='ltr'><strong>tertia</strong></span> <span class='ocrx_word' id='word_1_590' title='bbox 2737 3823 2973 3876; x_wconf 87' lang='lat' dir='ltr'><strong>persona</strong></span> <span class='ocrx_word' id='word_1_591' title='bbox 3005 3809 3282 3864; x_wconf 82' lang='lat' dir='ltr'><strong>indicativi</strong></span> <span class='ocrx_word' id='word_1_592' title='bbox 3317 3811 3600 3880; x_wconf 71' lang='lat' dir='ltr'><strong>prazseutis</strong></span> <span class='ocrx_word' id='word_1_593' title='bbox 3635 3827 3663 3863; x_wconf 73' lang='grc' dir='ltr'>ει</span> 
     </span>
    </p>
   </div>
   <div class='ocr_carea' id='block_1_83' title="bbox 2082 3899 3666 3972">
    <p class='ocr_par' dir='ltr' id='par_1_83' title="bbox 2082 3899 3666 3972">
     <span class='ocr_line' id='line_1_83' title="bbox 2082 3899 3666 3972; baseline 0.001 -20"><span class='ocrx_word' id='word_1_594' title='bbox 2082 3901 2276 3964; x_wconf 77' lang='grc' dir='ltr'>νικάω,</span> <span class='ocrx_word' id='word_1_595' title='bbox 2306 3901 2454 3972; x_wconf 84' lang='grc' dir='ltr'>νικᾷ,</span> <span class='ocrx_word' id='word_1_596' title='bbox 2489 3901 2584 3956; x_wconf 84' lang='lat' dir='ltr'><strong>sed</strong></span> <span class='ocrx_word' id='word_1_597' title='bbox 2642 3901 2876 3955; x_wconf 86' lang='lat' dir='ltr'><strong>secunda</strong></span> <span class='ocrx_word' id='word_1_598' title='bbox 3118 3917 3347 3970; x_wconf 83' lang='lat' dir='ltr'><strong>persona</strong></span> <span class='ocrx_word' id='word_1_599' title='bbox 3381 3905 3666 3972; x_wconf 74' lang='lat' dir='ltr'><strong>praesentis</strong></span> 
     </span>
    </p>
   </div>
   <div class='ocr_carea' id='block_1_84' title="bbox 2085 3991 3664 4062">
    <p class='ocr_par' dir='ltr' id='par_1_84' title="bbox 2085 3991 3664 4062">
     <span class='ocr_line' id='line_1_84' title="bbox 2085 3991 3664 4062; baseline 0.003 -17"><span class='ocrx_word' id='word_1_600' title='bbox 2085 3992 2407 4060; x_wconf 85' lang='lat' dir='ltr'><strong>imperativi.</strong></span> <span class='ocrx_word' id='word_1_601' title='bbox 2431 3991 2617 4061; x_wconf 85' lang='lat' dir='ltr'><strong>Itaque</strong></span> <span class='ocrx_word' id='word_1_602' title='bbox 2643 3995 2885 4046; x_wconf 84' lang='lat' dir='ltr'><strong>acuenda</strong></span> <span class='ocrx_word' id='word_1_603' title='bbox 2908 3994 3208 4062; x_wconf 89' lang='lat' dir='ltr'><strong>penultima</strong></span> <span class='ocrx_word' id='word_1_604' title='bbox 3236 4003 3339 4059; x_wconf 88' lang='lat' dir='ltr'><strong>est,</strong></span> <span class='ocrx_word' id='word_1_605' title='bbox 3365 4003 3424 4049; x_wconf 87' lang='lat' dir='ltr'><strong>ut</strong></span> <span class='ocrx_word' id='word_1_606' title='bbox 3445 3997 3518 4050; x_wconf 89' lang='lat' dir='ltr'><strong>sit</strong></span> <span class='ocrx_word' id='word_1_607' title='bbox 3537 3994 3664 4049; x_wconf 75' lang='grc' dir='ltr'>νίκα</span> 
     </span>
    </p>
   </div>
   <div class='ocr_carea' id='block_1_85' title="bbox 2082 4084 3664 4158">
    <p class='ocr_par' dir='ltr' id='par_1_85' title="bbox 2082 4084 3664 4158">
     <span class='ocr_line' id='line_1_85' title="bbox 2082 4084 3664 4158; baseline 0.003 -20"><span class='ocrx_word' id='word_1_608' title='bbox 2082 4094 2424 4139; x_wconf 89' lang='lat' dir='ltr'><strong>contractum</strong></span> <span class='ocrx_word' id='word_1_609' title='bbox 2460 4102 2526 4139; x_wconf 77' lang='lat' dir='ltr'><strong>ex</strong></span> <span class='ocrx_word' id='word_1_610' title='bbox 2560 4085 2738 4138; x_wconf 78' lang='grc' dir='ltr'>νίκαε.</span> <span class='ocrx_word' id='word_1_611' title='bbox 2769 4085 2834 4139; x_wconf 87' lang='grc' dir='ltr'>Ει</span> <span class='ocrx_word' id='word_1_612' title='bbox 2863 4084 3024 4155; x_wconf 87' lang='lat' dir='ltr'><strong>hujus</strong></span> <span class='ocrx_word' id='word_1_613' title='bbox 3050 4086 3342 4156; x_wconf 76' lang='lat' dir='ltr'><strong>vesﬁgium</strong></span> <span class='ocrx_word' id='word_1_614' title='bbox 3374 4087 3664 4158; x_wconf 70' lang='lat' dir='ltr'><strong>scriptura</strong></span> 
     </span>
    </p>
   </div>
   <div class='ocr_carea' id='block_1_86' title="bbox 2080 4161 3666 4247">
    <p class='ocr_par' dir='ltr' id='par_1_86' title="bbox 2080 4161 3666 4247">
     <span class='ocr_line' id='line_1_86' title="bbox 2080 4161 3666 4247; baseline 0.004 -17"><span class='ocrx_word' id='word_1_615' title='bbox 2080 4177 2296 4246; x_wconf 82' lang='lat' dir='ltr'><strong>aliquod</strong></span> <span class='ocrx_word' id='word_1_616' title='bbox 2326 4177 2495 4232; x_wconf 83' lang='lat' dir='ltr'><strong>videri</strong></span> <span class='ocrx_word' id='word_1_617' title='bbox 2527 4185 2707 4247; x_wconf 88' lang='lat' dir='ltr'><strong>potest</strong></span> <span class='ocrx_word' id='word_1_618' title='bbox 2733 4161 2986 4247; x_wconf 26' lang='lat' dir='ltr'><strong>praefer-re</strong></span> <span class='ocrx_word' id='word_1_619' title='bbox 3017 4177 3137 4233; x_wconf 87' lang='lat' dir='ltr'><strong>Vat.</strong></span> <span class='ocrx_word' id='word_1_620' title='bbox 3166 4179 3361 4245; x_wconf 73' lang='lat' dir='ltr'><strong>codex,</strong></span> <span class='ocrx_word' id='word_1_621' title='bbox 3387 4183 3510 4235; x_wconf 90' lang='lat' dir='ltr'><strong>dum</strong></span> <span class='ocrx_word' id='word_1_622' title='bbox 3539 4182 3666 4236; x_wconf 86' lang='lat' dir='ltr'><strong>ulti-</strong></span> 
     </span>
    </p>
   </div>
   <div class='ocr_carea' id='block_1_87' title="bbox 2081 4267 3658 4336">
    <p class='ocr_par' dir='ltr' id='par_1_87' title="bbox 2081 4267 3658 4336">
     <span class='ocr_line' id='line_1_87' title="bbox 2081 4267 3658 4336; baseline 0.003 -16"><span class='ocrx_word' id='word_1_623' title='bbox 2081 4284 2220 4320; x_wconf 88' lang='lat' dir='ltr'><strong>mam</strong></span> <span class='ocrx_word' id='word_1_624' title='bbox 2257 4267 2409 4322; x_wconf 89' lang='lat' dir='ltr'><strong>acuit</strong></span> <span class='ocrx_word' id='word_1_625' title='bbox 2442 4268 2495 4322; x_wconf 92' lang='lat' dir='ltr'><strong>in</strong></span> <span class='ocrx_word' id='word_1_626' title='bbox 2526 4282 2656 4323; x_wconf 91' lang='lat' dir='ltr'><strong>voce</strong></span> <span class='ocrx_word' id='word_1_627' title='bbox 2707 4267 2857 4333; x_wconf 82' lang='grc' dir='ltr'>νικά,</span> <span class='ocrx_word' id='word_1_628' title='bbox 2896 4268 2948 4322; x_wconf 92' lang='lat' dir='ltr'><strong>in</strong></span> <span class='ocrx_word' id='word_1_629' title='bbox 2981 4269 3108 4324; x_wconf 90' lang='lat' dir='ltr'><strong>sede</strong></span> <span class='ocrx_word' id='word_1_630' title='bbox 3140 4280 3419 4336; x_wconf 79' lang='lat' dir='ltr'><strong>accentus,</strong></span> <span class='ocrx_word' id='word_1_631' title='bbox 3456 4287 3563 4325; x_wconf 89' lang='lat' dir='ltr'><strong>non</strong></span> <span class='ocrx_word' id='word_1_632' title='bbox 3601 4271 3658 4326; x_wconf 90' lang='lat' dir='ltr'><strong>in</strong></span> 
     </span>
    </p>
   </div>
   <div class='ocr_carea' id='block_1_88' title="bbox 2080 4357 3659 4428">
    <p class='ocr_par' dir='ltr' id='par_1_88' title="bbox 2080 4357 3659 4428">
     <span class='ocr_line' id='line_1_88' title="bbox 2080 4357 3659 4428; baseline 0.006 -16"><span class='ocrx_word' id='word_1_633' title='bbox 2080 4368 2302 4412; x_wconf 88' lang='lat' dir='ltr'><strong>accentu</strong></span> <span class='ocrx_word' id='word_1_634' title='bbox 2359 4373 2614 4428; x_wconf 87' lang='lat' dir='ltr'><strong>peccans.</strong></span> <span class='ocrx_word' id='word_1_635' title='bbox 2660 4357 2750 4414; x_wconf 88' lang='lat' dir='ltr'><strong>Sic</strong></span> <span class='ocrx_word' id='word_1_636' title='bbox 2808 4363 2875 4414; x_wconf 88' lang='lat' dir='ltr'><strong>ad</strong></span> <span class='ocrx_word' id='word_1_637' title='bbox 2942 4361 3168 4415; x_wconf 85' lang='lat' dir='ltr'><strong>verbum</strong></span> <span class='ocrx_word' id='word_1_638' title='bbox 3229 4361 3347 4417; x_wconf 81' lang='lat' dir='ltr'><strong>haec</strong></span> <span class='ocrx_word' id='word_1_639' title='bbox 3405 4373 3659 4421; x_wconf 85' lang='lat' dir='ltr'><strong>sonant:</strong></span> 
     </span>
    </p>
   </div>
   <div class='ocr_carea' id='block_1_89' title="bbox 2084 4449 3659 4523">
    <p class='ocr_par' dir='ltr' id='par_1_89' title="bbox 2084 4449 3659 4523">
     <span class='ocr_line' id='line_1_89' title="bbox 2084 4449 3659 4523; baseline 0.005 -19"><span class='ocrx_word' id='word_1_640' title='bbox 2084 4449 2244 4504; x_wconf 82' lang='lat' dir='ltr'><strong>Vince</strong></span> <span class='ocrx_word' id='word_1_641' title='bbox 2265 4450 2561 4517; x_wconf 80' lang='lat' dir='ltr'><strong>prudentia,</strong></span> <span class='ocrx_word' id='word_1_642' title='bbox 2593 4461 2651 4506; x_wconf 85' lang='lat' dir='ltr'><strong>ut</strong></span> <span class='ocrx_word' id='word_1_643' title='bbox 2688 4455 2971 4508; x_wconf 79' lang='lat' dir='ltr'><strong>necessitas</strong></span> <span class='ocrx_word' id='word_1_644' title='bbox 3017 4456 3192 4523; x_wconf 84' lang='lat' dir='ltr'><strong>gratia</strong></span> <span class='ocrx_word' id='word_1_645' title='bbox 3229 4455 3345 4523; x_wconf 80' lang='lat' dir='ltr'><strong>ﬁat.</strong></span> <span class='ocrx_word' id='word_1_646' title='bbox 3385 4455 3494 4510; x_wconf 85' lang='lat' dir='ltr'><strong>IIoc</strong></span> <span class='ocrx_word' id='word_1_647' title='bbox 3525 4466 3609 4511; x_wconf 78' lang='lat' dir='ltr'><strong>est</strong></span> <span class='ocrx_word' id='word_1_648' title='bbox 3642 4473 3659 4512; x_wconf 89' lang='lat'><strong>:</strong></span> 
     </span>
    </p>
   </div>
   <div class='ocr_carea' id='block_1_90' title="bbox 387 4519 3664 4617">
    <p class='ocr_par' dir='ltr' id='par_1_90' title="bbox 387 4519 3664 4617">
     <span class='ocr_line' id='line_1_90' title="bbox 387 4519 3664 4617; baseline 0.002 -22"><span class='ocrx_word' id='word_1_649' title='bbox 387 4540 594 4596; x_wconf 77' lang='lat' dir='ltr'><strong>ruisse.</strong></span> <span class='ocrx_word' id='word_1_650' title='bbox 627 4541 697 4596; x_wconf 87' lang='lat' dir='ltr'><strong>At</strong></span> <span class='ocrx_word' id='word_1_651' title='bbox 731 4540 892 4612; x_wconf 85' lang='lat' dir='ltr'><strong>hujus</strong></span> <span class='ocrx_word' id='word_1_652' title='bbox 949 4541 1226 4596; x_wconf 86' lang='lat' dir='ltr'><strong>recordari</strong></span> <span class='ocrx_word' id='word_1_653' title='bbox 1264 4540 1346 4596; x_wconf 89' lang='lat' dir='ltr'><strong>vel</strong></span> <span class='ocrx_word' id='word_1_654' title='bbox 1381 4545 1782 4614; x_wconf 85' lang='lat' dir='ltr'><strong>septuageuarii</strong></span> <span class='ocrx_word' id='word_1_655' title='bbox 1821 4554 1971 4615; x_wconf 85' lang='lat' dir='ltr'><strong>poto-</strong></span> <span class='ocrx_word' id='word_1_656' title='bbox 2003 4519 2054 4578; x_wconf 76' lang='grc' dir='ltr'>υ</span> <span class='ocrx_word' id='word_1_657' title='bbox 2080 4558 2201 4596; x_wconf 91' lang='lat' dir='ltr'><strong>cum</strong></span> <span class='ocrx_word' id='word_1_658' title='bbox 2229 4543 2297 4596; x_wconf 90' lang='lat' dir='ltr'><strong>sit</strong></span> <span class='ocrx_word' id='word_1_659' title='bbox 2341 4558 2565 4598; x_wconf 90' lang='lat' dir='ltr'><strong>necesse</strong></span> <span class='ocrx_word' id='word_1_660' title='bbox 2615 4561 2712 4599; x_wconf 89' lang='lat' dir='ltr'><strong>usu</strong></span> <span class='ocrx_word' id='word_1_661' title='bbox 2742 4545 2852 4617; x_wconf 81' lang='lat' dir='ltr'><strong>jam</strong></span> <span class='ocrx_word' id='word_1_662' title='bbox 2889 4557 3108 4616; x_wconf 85' lang='lat' dir='ltr'><strong>recepto</strong></span> <span class='ocrx_word' id='word_1_663' title='bbox 3143 4547 3274 4601; x_wconf 88' lang='lat' dir='ltr'><strong>dare</strong></span> <span class='ocrx_word' id='word_1_664' title='bbox 3307 4547 3520 4601; x_wconf 89' lang='lat' dir='ltr'><strong>titulum</strong></span> <span class='ocrx_word' id='word_1_665' title='bbox 3554 4545 3664 4600; x_wconf 83' lang='lat' dir='ltr'><strong>fra-</strong></span> 
     </span>
    </p>
   </div>
   <div class='ocr_carea' id='block_1_91' title="bbox 387 4630 1976 4704">
    <p class='ocr_par' dir='ltr' id='par_1_91' title="bbox 387 4630 1976 4704">
     <span class='ocr_line' id='line_1_91' title="bbox 387 4630 1976 4704; baseline 0.002 -18"><span class='ocrx_word' id='word_1_666' title='bbox 387 4639 544 4686; x_wconf 81' lang='lat' dir='ltr'><strong>rant.</strong></span> <span class='ocrx_word' id='word_1_667' title='bbox 581 4630 790 4687; x_wconf 82' lang='lat' dir='ltr'><strong>Iudicat</strong></span> <span class='ocrx_word' id='word_1_668' title='bbox 822 4637 1003 4687; x_wconf 88' lang='lat' dir='ltr'><strong>autem</strong></span> <span class='ocrx_word' id='word_1_669' title='bbox 1039 4641 1224 4686; x_wconf 88' lang='lat' dir='ltr'><strong>uoster</strong></span> <span class='ocrx_word' id='word_1_670' title='bbox 1252 4632 1398 4689; x_wconf 85' lang='lat' dir='ltr'><strong>solos</strong></span> <span class='ocrx_word' id='word_1_671' title='bbox 1431 4649 1528 4690; x_wconf 88' lang='lat' dir='ltr'><strong>eos</strong></span> <span class='ocrx_word' id='word_1_672' title='bbox 1559 4636 1652 4704; x_wconf 86' lang='lat' dir='ltr'><strong>qui</strong></span> <span class='ocrx_word' id='word_1_673' title='bbox 1691 4635 1834 4690; x_wconf 86' lang='lat' dir='ltr'><strong>ultra&quot;</strong></span> <span class='ocrx_word' id='word_1_674' title='bbox 1857 4636 1976 4689; x_wconf 89' lang='lat' dir='ltr'><strong>vnl-</strong></span> 
     </span>
    </p>
   </div>
   <div class='ocr_carea' id='block_1_92' title="bbox 389 4723 1977 4797">
    <p class='ocr_par' dir='ltr' id='par_1_92' title="bbox 389 4723 1977 4797">
     <span class='ocr_line' id='line_1_92' title="bbox 389 4723 1977 4797; baseline 0.004 -21"><span class='ocrx_word' id='word_1_675' title='bbox 389 4737 581 4793; x_wconf 80' lang='lat' dir='ltr'><strong>garem</strong></span> <span class='ocrx_word' id='word_1_676' title='bbox 614 4723 833 4778; x_wconf 89' lang='lat' dir='ltr'><strong>modum</strong></span> <span class='ocrx_word' id='word_1_677' title='bbox 860 4725 1190 4789; x_wconf 89' lang='lat' dir='ltr'><strong>senuissent,</strong></span> <span class='ocrx_word' id='word_1_678' title='bbox 1222 4725 1365 4780; x_wconf 92' lang='lat' dir='ltr'><strong>illius</strong></span> <span class='ocrx_word' id='word_1_679' title='bbox 1394 4727 1574 4797; x_wconf 84' lang='lat' dir='ltr'><strong>magni</strong></span> <span class='ocrx_word' id='word_1_680' title='bbox 1611 4740 1769 4783; x_wconf 80' lang='lat' dir='ltr'><strong>terrae</strong></span> <span class='ocrx_word' id='word_1_681' title='bbox 1801 4739 1977 4784; x_wconf 82' lang='lat' dir='ltr'><strong>tnotns</strong></span> 
     </span>
    </p>
   </div>
   <div class='ocr_carea' id='block_1_93' title="bbox 389 4813 1975 4884">
    <p class='ocr_par' dir='ltr' id='par_1_93' title="bbox 389 4813 1975 4884">
     <span class='ocr_line' id='line_1_93' title="bbox 389 4813 1975 4884; baseline 0.004 -16"><span class='ocrx_word' id='word_1_682' title='bbox 389 4813 638 4884; x_wconf 87' lang='lat' dir='ltr'><strong>potuisse</strong></span> <span class='ocrx_word' id='word_1_683' title='bbox 668 4814 986 4869; x_wconf 89' lang='lat' dir='ltr'><strong>memoriam</strong></span> <span class='ocrx_word' id='word_1_684' title='bbox 1019 4817 1228 4870; x_wconf 88' lang='lat' dir='ltr'><strong>testari.</strong></span> <span class='ocrx_word' id='word_1_685' title='bbox 1260 4816 1439 4884; x_wconf 82' lang='lat' dir='ltr'><strong>Quare</strong></span> <span class='ocrx_word' id='word_1_686' title='bbox 1465 4818 1812 4873; x_wconf 81' lang='lat' dir='ltr'><strong>verisimilius</strong></span> <span class='ocrx_word' id='word_1_687' title='bbox 1835 4819 1975 4875; x_wconf 82' lang='lat' dir='ltr'><strong>forte</strong></span> 
     </span>
    </p>
   </div>
   <div class='ocr_carea' id='block_1_94' title="bbox 386 4908 1976 4980">
    <p class='ocr_par' dir='ltr' id='par_1_94' title="bbox 386 4908 1976 4980">
     <span class='ocr_line' id='line_1_94' title="bbox 386 4908 1976 4980; baseline 0.003 -16"><span class='ocrx_word' id='word_1_688' title='bbox 386 4908 564 4964; x_wconf 70' lang='lat' dir='ltr'><strong>fuerit</strong></span> <span class='ocrx_word' id='word_1_689' title='bbox 618 4909 705 4963; x_wconf 89' lang='lat' dir='ltr'><strong>hic</strong></span> <span class='ocrx_word' id='word_1_690' title='bbox 733 4909 1029 4979; x_wconf 72' lang='lat' dir='ltr'><strong>signiﬁcari</strong></span> <span class='ocrx_word' id='word_1_691' title='bbox 1065 4917 1230 4964; x_wconf 62' lang='lat' dir='ltr'><strong>terra;</strong></span> <span class='ocrx_word' id='word_1_692' title='bbox 1262 4919 1465 4964; x_wconf 86' lang='lat' dir='ltr'><strong>motum</strong></span> <span class='ocrx_word' id='word_1_693' title='bbox 1499 4912 1625 4965; x_wconf 89' lang='lat' dir='ltr'><strong>anui</strong></span> <span class='ocrx_word' id='word_1_694' title='bbox 1672 4912 1830 4978; x_wconf 85' lang='grc'>1222,</span> <span class='ocrx_word' id='word_1_695' title='bbox 1869 4928 1976 4980; x_wconf 88' lang='lat' dir='ltr'><strong>quo</strong></span> 
     </span>
    </p>
   </div>
   <div class='ocr_carea' id='block_1_95' title="bbox 388 5001 1977 5074">
    <p class='ocr_par' dir='ltr' id='par_1_95' title="bbox 388 5001 1977 5074">
     <span class='ocr_line' id='line_1_95' title="bbox 388 5001 1977 5074; baseline 0 -16"><span class='ocrx_word' id='word_1_696' title='bbox 388 5002 687 5066; x_wconf 64' lang='lat' dir='ltr'><strong>Caesarius,</strong></span> <span class='ocrx_word' id='word_1_697' title='bbox 715 5001 751 5055; x_wconf 90' lang='lat' dir='ltr'><strong>l.</strong></span> <span class='ocrx_word' id='word_1_698' title='bbox 784 5017 841 5067; x_wconf 77' lang='grc' dir='ltr'><strong>ιι,</strong></span> <span class='ocrx_word' id='word_1_699' title='bbox 877 5017 926 5056; x_wconf 93' lang='lat' dir='ltr'><strong>c.</strong></span> <span class='ocrx_word' id='word_1_700' title='bbox 963 5001 1052 5069; x_wconf 75' lang='grc'><strong>47,</strong></span> <span class='ocrx_word' id='word_1_701' title='bbox 1090 5002 1258 5056; x_wconf 87' lang='lat' dir='ltr'><strong>refert</strong></span> <span class='ocrx_word' id='word_1_702' title='bbox 1311 5005 1363 5056; x_wconf 93' lang='lat' dir='ltr'><strong>in</strong></span> <span class='ocrx_word' id='word_1_703' title='bbox 1400 5003 1580 5074; x_wconf 89' lang='lat' dir='ltr'><strong>Cypro</strong></span> <span class='ocrx_word' id='word_1_704' title='bbox 1631 5005 1805 5060; x_wconf 87' lang='lat' dir='ltr'><strong>insula</strong></span> <span class='ocrx_word' id='word_1_705' title='bbox 1838 5007 1977 5059; x_wconf 89' lang='lat' dir='ltr'><strong>duas</strong></span> 
     </span>
    </p>
   </div>
   <div class='ocr_carea' id='block_1_96' title="bbox 387 5093 1972 5160">
    <p class='ocr_par' dir='ltr' id='par_1_96' title="bbox 387 5093 1972 5160">
     <span class='ocr_line' id='line_1_96' title="bbox 387 5093 1972 5160; baseline 0.001 -12"><span class='ocrx_word' id='word_1_706' title='bbox 387 5097 644 5149; x_wconf 70' lang='lat' dir='ltr'><strong>civitates</strong></span> <span class='ocrx_word' id='word_1_707' title='bbox 674 5105 837 5149; x_wconf 61' lang='lat' dir='ltr'><strong>terra:</strong></span> <span class='ocrx_word' id='word_1_708' title='bbox 870 5105 1016 5148; x_wconf 90' lang='lat' dir='ltr'><strong>mottt</strong></span> <span class='ocrx_word' id='word_1_709' title='bbox 1044 5093 1214 5148; x_wconf 81' lang='lat' dir='ltr'><strong>fuisse</strong></span> <span class='ocrx_word' id='word_1_710' title='bbox 1246 5095 1560 5160; x_wconf 86' lang='lat' dir='ltr'><strong>subversas,</strong></span> <span class='ocrx_word' id='word_1_711' title='bbox 1594 5105 1646 5150; x_wconf 94' lang='lat' dir='ltr'><strong>et</strong></span> <span class='ocrx_word' id='word_1_712' title='bbox 1680 5097 1731 5149; x_wconf 90' lang='lat' dir='ltr'><strong>in</strong></span> <span class='ocrx_word' id='word_1_713' title='bbox 1786 5113 1972 5150; x_wconf 85' lang='lat' dir='ltr'><strong>earum</strong></span> 
     </span>
    </p>
   </div>
   <div class='ocr_carea' id='block_1_97' title="bbox 391 5187 1972 5258">
    <p class='ocr_par' dir='ltr' id='par_1_97' title="bbox 391 5187 1972 5258">
     <span class='ocr_line' id='line_1_97' title="bbox 391 5187 1972 5258; baseline -0.001 -14"><span class='ocrx_word' id='word_1_714' title='bbox 391 5190 571 5244; x_wconf 83' lang='lat' dir='ltr'><strong>altera</strong></span> <span class='ocrx_word' id='word_1_715' title='bbox 605 5188 919 5258; x_wconf 84' lang='lat' dir='ltr'><strong>episcopum</strong></span> <span class='ocrx_word' id='word_1_716' title='bbox 949 5187 1125 5242; x_wconf 88' lang='lat' dir='ltr'><strong>sacris</strong></span> <span class='ocrx_word' id='word_1_717' title='bbox 1153 5190 1467 5256; x_wconf 87' lang='lat' dir='ltr'><strong>operantem</strong></span> <span class='ocrx_word' id='word_1_718' title='bbox 1500 5199 1551 5240; x_wconf 90' lang='lat' dir='ltr'><strong>et</strong></span> <span class='ocrx_word' id='word_1_719' title='bbox 1595 5189 1798 5242; x_wconf 80' lang='lat' dir='ltr'><strong>circum</strong></span> <span class='ocrx_word' id='word_1_720' title='bbox 1833 5205 1972 5258; x_wconf 70' lang='lat' dir='ltr'><strong>prae-</strong></span> 
     </span>
    </p>
   </div>
   <div class='ocr_carea' id='block_1_98' title="bbox 389 5280 1974 5352">
    <p class='ocr_par' dir='ltr' id='par_1_98' title="bbox 389 5280 1974 5352">
     <span class='ocr_line' id='line_1_98' title="bbox 389 5280 1974 5352; baseline 0 -16"><span class='ocrx_word' id='word_1_721' title='bbox 389 5291 609 5336; x_wconf 88' lang='lat' dir='ltr'><strong>sentem</strong></span> <span class='ocrx_word' id='word_1_722' title='bbox 645 5280 903 5349; x_wconf 87' lang='lat' dir='ltr'><strong>populum</strong></span> <span class='ocrx_word' id='word_1_723' title='bbox 937 5281 1118 5351; x_wconf 82' lang='lat' dir='ltr'><strong>templi</strong></span> <span class='ocrx_word' id='word_1_724' title='bbox 1153 5282 1307 5336; x_wconf 86' lang='lat' dir='ltr'><strong>ruina</strong></span> <span class='ocrx_word' id='word_1_725' title='bbox 1340 5280 1797 5350; x_wconf 82' lang='lat' dir='ltr'><strong>pariter&#39;obrutos</strong></span> <span class='ocrx_word' id='word_1_726' title='bbox 1849 5298 1974 5352; x_wconf 68' lang='lat' dir='ltr'><strong>prr-</strong></span> 
     </span>
    </p>
   </div>
   <div class='ocr_carea' id='block_1_99' title="bbox 386 5375 551 5428">
    <p class='ocr_par' dir='ltr' id='par_1_99' title="bbox 386 5375 551 5428">
     <span class='ocr_line' id='line_1_99' title="bbox 386 5375 551 5428; baseline -0.024 0"><span class='ocrx_word' id='word_1_727' title='bbox 386 5375 551 5428; x_wconf 83' lang='lat' dir='ltr'><strong>iisse.</strong></span> 
     </span>
    </p>
   </div>
   <div class='ocr_carea' id='block_1_100' title="bbox 465 5462 1974 5536">
    <p class='ocr_par' dir='ltr' id='par_1_100' title="bbox 465 5462 1974 5536">
     <span class='ocr_line' id='line_1_100' title="bbox 465 5462 1974 5536; baseline 0.003 -20"><span class='ocrx_word' id='word_1_728' title='bbox 465 5462 525 5517; x_wconf 89' lang='lat' dir='ltr'><strong>P.</strong></span> <span class='ocrx_word' id='word_1_729' title='bbox 554 5463 681 5518; x_wconf 77' lang='grc'>259.</span> <span class='ocrx_word' id='word_1_730' title='bbox 722 5462 917 5518; x_wconf 86' lang='lat' dir='ltr'><strong>Petrus</strong></span> <span class='ocrx_word' id='word_1_731' title='bbox 943 5462 1160 5530; x_wconf 86' lang='lat' dir='ltr'><strong>Gillius,</strong></span> <span class='ocrx_word' id='word_1_732' title='bbox 1197 5463 1236 5520; x_wconf 91' lang='lat' dir='ltr'><strong>l.</strong></span> <span class='ocrx_word' id='word_1_733' title='bbox 1272 5479 1312 5519; x_wconf 92' lang='grc' dir='ltr'><strong>ιι</strong></span> <span class='ocrx_word' id='word_1_734' title='bbox 1347 5463 1422 5519; x_wconf 83' lang='lat' dir='ltr'><strong>De</strong></span> <span class='ocrx_word' id='word_1_735' title='bbox 1455 5467 1802 5536; x_wconf 79' lang='lat' dir='ltr'><strong>topographia</strong></span> <span class='ocrx_word' id='word_1_736' title='bbox 1831 5466 1974 5521; x_wconf 85' lang='lat' dir='ltr'><strong>urbis</strong></span> 
     </span>
    </p>
   </div>
   <div class='ocr_carea' id='block_1_101' title="bbox 383 5549 1972 5624">
    <p class='ocr_par' dir='ltr' id='par_1_101' title="bbox 383 5549 1972 5624">
     <span class='ocr_line' id='line_1_101' title="bbox 383 5549 1972 5624; baseline 0.003 -13"><span class='ocrx_word' id='word_1_737' title='bbox 383 5555 909 5624; x_wconf 79' lang='lat' dir='ltr'><strong>Constantinopolis,</strong></span> <span class='ocrx_word' id='word_1_738' title='bbox 945 5572 996 5611; x_wconf 93' lang='lat' dir='ltr'><strong>c.</strong></span> <span class='ocrx_word' id='word_1_739' title='bbox 1029 5549 1415 5620; x_wconf 61' lang='lat' dir='ltr'><strong>6,‘existimat</strong></span> <span class='ocrx_word' id='word_1_740' title='bbox 1441 5557 1676 5613; x_wconf 87' lang='lat' dir='ltr'><strong>Pharum</strong></span> <span class='ocrx_word' id='word_1_741' title='bbox 1706 5559 1874 5615; x_wconf 75' lang='lat' dir='ltr'><strong>fuisse</strong></span> <span class='ocrx_word' id='word_1_742' title='bbox 1902 5563 1972 5614; x_wconf 82' lang='lat' dir='ltr'><strong>si-</strong></span> 
     </span>
    </p>
   </div>
   <div class='ocr_carea' id='block_1_102' title="bbox 386 5646 1972 5715">
    <p class='ocr_par' dir='ltr' id='par_1_102' title="bbox 386 5646 1972 5715">
     <span class='ocr_line' id='line_1_102' title="bbox 386 5646 1972 5715; baseline 0.002 -11"><span class='ocrx_word' id='word_1_743' title='bbox 386 5661 502 5704; x_wconf 86' lang='lat' dir='ltr'><strong>tam</strong></span> <span class='ocrx_word' id='word_1_744' title='bbox 538 5647 590 5700; x_wconf 90' lang='lat' dir='ltr'><strong>in</strong></span> <span class='ocrx_word' id='word_1_745' title='bbox 624 5647 999 5715; x_wconf 86' lang='lat' dir='ltr'><strong>promontorio</strong></span> <span class='ocrx_word' id='word_1_746' title='bbox 1028 5646 1191 5701; x_wconf 81' lang='lat' dir='ltr'><strong>Ceras</strong></span> <span class='ocrx_word' id='word_1_747' title='bbox 1217 5648 1382 5702; x_wconf 86' lang='lat' dir='ltr'><strong>dicto.</strong></span> <span class='ocrx_word' id='word_1_748' title='bbox 1417 5649 1494 5704; x_wconf 88' lang='lat' dir='ltr'><strong>De</strong></span> <span class='ocrx_word' id='word_1_749' title='bbox 1529 5649 1631 5704; x_wconf 83' lang='lat' dir='ltr'><strong>hac</strong></span> <span class='ocrx_word' id='word_1_750' title='bbox 1677 5650 1852 5705; x_wconf 84' lang='lat' dir='ltr'><strong>Pharo</strong></span> <span class='ocrx_word' id='word_1_751' title='bbox 1886 5651 1972 5707; x_wconf 85' lang='lat' dir='ltr'><strong>hic</strong></span> 
     </span>
    </p>
   </div>
   <div class='ocr_carea' id='block_1_103' title="bbox 385 5741 1973 5812">
    <p class='ocr_par' dir='ltr' id='par_1_103' title="bbox 385 5741 1973 5812">
     <span class='ocr_line' id='line_1_103' title="bbox 385 5741 1973 5812; baseline 0.001 -14"><span class='ocrx_word' id='word_1_752' title='bbox 385 5743 476 5812; x_wconf 86' lang='lat' dir='ltr'><strong>agi</strong></span> <span class='ocrx_word' id='word_1_753' title='bbox 532 5744 831 5797; x_wconf 85' lang='lat' dir='ltr'><strong>verisimile</strong></span> <span class='ocrx_word' id='word_1_754' title='bbox 879 5741 1116 5796; x_wconf 89' lang='lat' dir='ltr'><strong>videtur.</strong></span> <span class='ocrx_word' id='word_1_755' title='bbox 1153 5743 1308 5798; x_wconf 88' lang='lat' dir='ltr'><strong>Unde</strong></span> <span class='ocrx_word' id='word_1_756' title='bbox 1353 5743 1679 5798; x_wconf 86' lang='lat' dir='ltr'><strong>crediderim</strong></span> <span class='ocrx_word' id='word_1_757' title='bbox 1713 5746 1973 5800; x_wconf 86' lang='lat' dir='ltr'><strong>aberrare</strong></span> 
     </span>
    </p>
   </div>
   <div class='ocr_carea' id='block_1_104' title="bbox 383 5834 1967 5905">
    <p class='ocr_par' dir='ltr' id='par_1_104' title="bbox 383 5834 1967 5905">
     <span class='ocr_line' id='line_1_104' title="bbox 383 5834 1967 5905; baseline 0.001 -14"><span class='ocrx_word' id='word_1_758' title='bbox 383 5835 460 5891; x_wconf 64' lang='grc' dir='ltr'><strong>τὼ</strong></span> <span class='ocrx_word' id='word_1_759' title='bbox 495 5836 735 5890; x_wconf 88' lang='lat' dir='ltr'><strong>auctoris</strong></span> <span class='ocrx_word' id='word_1_760' title='bbox 763 5835 1032 5890; x_wconf 81' lang='lat' dir='ltr'><strong>sententia</strong></span> <span class='ocrx_word' id='word_1_761' title='bbox 1065 5834 1429 5890; x_wconf 78' lang='lat' dir='ltr'><strong>breviatorem</strong></span> <span class='ocrx_word' id='word_1_762' title='bbox 1464 5834 1806 5905; x_wconf 84' lang='lat' dir='ltr'><strong>Vaticanum,</strong></span> <span class='ocrx_word' id='word_1_763' title='bbox 1843 5839 1967 5892; x_wconf 90' lang='lat' dir='ltr'><strong>dum</strong></span> 
     </span>
    </p>
   </div>
   <div class='ocr_carea' id='block_1_105' title="bbox 2081 4633 3659 4704">
    <p class='ocr_par' dir='ltr' id='par_1_105' title="bbox 2081 4633 3659 4704">
     <span class='ocr_line' id='line_1_105' title="bbox 2081 4633 3659 4704; baseline 0.004 -18"><span class='ocrx_word' id='word_1_764' title='bbox 2081 4633 2182 4690; x_wconf 88' lang='lat' dir='ltr'><strong>tris</strong></span> <span class='ocrx_word' id='word_1_765' title='bbox 2211 4635 2261 4689; x_wconf 92' lang='lat' dir='ltr'><strong>in</strong></span> <span class='ocrx_word' id='word_1_766' title='bbox 2296 4635 2491 4691; x_wconf 85' lang='lat' dir='ltr'><strong>litteris</strong></span> <span class='ocrx_word' id='word_1_767' title='bbox 2527 4637 2765 4704; x_wconf 88' lang='lat' dir='ltr'><strong>Sullani,</strong></span> <span class='ocrx_word' id='word_1_768' title='bbox 2800 4655 2865 4693; x_wconf 92' lang='lat' dir='ltr'><strong>ne</strong></span> <span class='ocrx_word' id='word_1_769' title='bbox 2890 4641 3103 4694; x_wconf 86' lang='lat' dir='ltr'><strong>dubites</strong></span> <span class='ocrx_word' id='word_1_770' title='bbox 3139 4639 3242 4694; x_wconf 89' lang='lat' dir='ltr'><strong>hoc</strong></span> <span class='ocrx_word' id='word_1_771' title='bbox 3294 4638 3530 4694; x_wconf 84' lang='lat' dir='ltr'><strong>libenter</strong></span> <span class='ocrx_word' id='word_1_772' title='bbox 3575 4639 3659 4693; x_wconf 86' lang='lat' dir='ltr'><strong>fa-</strong></span> 
     </span>
    </p>
   </div>
   <div class='ocr_carea' id='block_1_106' title="bbox 2077 4728 3337 4799">
    <p class='ocr_par' dir='ltr' id='par_1_106' title="bbox 2077 4728 3337 4799">
     <span class='ocr_line' id='line_1_106' title="bbox 2077 4728 3337 4799; baseline 0.002 -17"><span class='ocrx_word' id='word_1_773' title='bbox 2077 4741 2225 4794; x_wconf 86' lang='lat' dir='ltr'><strong>cere,</strong></span> <span class='ocrx_word' id='word_1_774' title='bbox 2261 4728 2695 4795; x_wconf 84' lang='lat' dir='ltr'><strong>consideratione</strong></span> <span class='ocrx_word' id='word_1_775' title='bbox 2738 4731 3055 4799; x_wconf 88' lang='lat' dir='ltr'><strong>scrupulum</strong></span> <span class='ocrx_word' id='word_1_776' title='bbox 3095 4729 3337 4785; x_wconf 74' lang='lat' dir='ltr'><strong>vincens.</strong></span> 
     </span>
    </p>
   </div>
   <div class='ocr_carea' id='block_1_107' title="bbox 2149 4819 3658 4889">
    <p class='ocr_par' dir='ltr' id='par_1_107' title="bbox 2149 4819 3658 4889">
     <span class='ocr_line' id='line_1_107' title="bbox 2149 4819 3658 4889; baseline 0.003 -16"><span class='ocrx_word' id='word_1_777' title='bbox 2149 4819 2210 4872; x_wconf 86' lang='lat' dir='ltr'><strong>P.</strong></span> <span class='ocrx_word' id='word_1_778' title='bbox 2241 4821 2368 4874; x_wconf 82' lang='grc'>250.</span> <span class='ocrx_word' id='word_1_779' title='bbox 2405 4820 2537 4886; x_wconf 70' lang='lat' dir='ltr'><strong>Qum</strong></span> <span class='ocrx_word' id='word_1_780' title='bbox 2565 4839 2684 4875; x_wconf 86' lang='lat' dir='ltr'><strong>cum</strong></span> <span class='ocrx_word' id='word_1_781' title='bbox 2715 4825 2790 4875; x_wconf 87' lang='lat' dir='ltr'><strong>ita</strong></span> <span class='ocrx_word' id='word_1_782' title='bbox 2831 4823 2958 4888; x_wconf 80' lang='lat' dir='ltr'><strong>sint,</strong></span> <span class='ocrx_word' id='word_1_783' title='bbox 2991 4824 3109 4877; x_wconf 86' lang='lat' dir='ltr'><strong>acri</strong></span> <span class='ocrx_word' id='word_1_784' title='bbox 3143 4839 3273 4889; x_wconf 79' lang='lat' dir='ltr'><strong>Opus</strong></span> <span class='ocrx_word' id='word_1_785' title='bbox 3306 4839 3417 4877; x_wconf 80' lang='lat' dir='ltr'><strong>esse</strong></span> <span class='ocrx_word' id='word_1_786' title='bbox 3458 4823 3658 4878; x_wconf 79' lang='lat' dir='ltr'><strong>delibe-</strong></span> 
     </span>
    </p>
   </div>
   <div class='ocr_carea' id='block_1_108' title="bbox 2078 4913 3659 4984">
    <p class='ocr_par' dir='ltr' id='par_1_108' title="bbox 2078 4913 3659 4984">
     <span class='ocr_line' id='line_1_108' title="bbox 2078 4913 3659 4984; baseline 0.003 -18"><span class='ocrx_word' id='word_1_787' title='bbox 2078 4914 2304 4974; x_wconf 82' lang='lat' dir='ltr'><strong>ratione,</strong></span> <span class='ocrx_word' id='word_1_788' title='bbox 2358 4924 2463 4967; x_wconf 92' lang='lat' dir='ltr'><strong>etc.</strong></span> <span class='ocrx_word' id='word_1_789' title='bbox 2515 4913 2610 4970; x_wconf 89' lang='lat' dir='ltr'><strong>IIis</strong></span> <span class='ocrx_word' id='word_1_790' title='bbox 2666 4915 2851 4970; x_wconf 85' lang='lat' dir='ltr'><strong>verbis</strong></span> <span class='ocrx_word' id='word_1_791' title='bbox 2886 4915 3187 4984; x_wconf 81' lang='lat' dir='ltr'><strong>explicatur</strong></span> <span class='ocrx_word' id='word_1_792' title='bbox 3240 4923 3406 4970; x_wconf 66' lang='lat' dir='ltr'><strong>aestus</strong></span> <span class='ocrx_word' id='word_1_793' title='bbox 3464 4917 3659 4982; x_wconf 88' lang='lat' dir='ltr'><strong>animi,</strong></span> 
     </span>
    </p>
   </div>
   <div class='ocr_carea' id='block_1_109' title="bbox 2080 5007 3658 5076">
    <p class='ocr_par' dir='ltr' id='par_1_109' title="bbox 2080 5007 3658 5076">
     <span class='ocr_line' id='line_1_109' title="bbox 2080 5007 3658 5076; baseline 0.001 -16"><span class='ocrx_word' id='word_1_794' title='bbox 2080 5023 2189 5076; x_wconf 81' lang='lat' dir='ltr'><strong>quo</strong></span> <span class='ocrx_word' id='word_1_795' title='bbox 2222 5007 2531 5076; x_wconf 76' lang='lat' dir='ltr'><strong>patriarcha</strong></span> <span class='ocrx_word' id='word_1_796' title='bbox 2583 5019 2636 5060; x_wconf 92' lang='lat' dir='ltr'><strong>ct</strong></span> <span class='ocrx_word' id='word_1_797' title='bbox 2668 5007 2965 5076; x_wconf 86' lang='lat' dir='ltr'><strong>imperator</strong></span> <span class='ocrx_word' id='word_1_798' title='bbox 2997 5022 3062 5059; x_wconf 77' lang='lat' dir='ltr'><strong>ex</strong></span> <span class='ocrx_word' id='word_1_799' title='bbox 3099 5009 3334 5074; x_wconf 77' lang='lat' dir='ltr'><strong>repertis</strong></span> <span class='ocrx_word' id='word_1_800' title='bbox 3373 5007 3658 5063; x_wconf 85' lang='lat' dir='ltr'><strong>Athanasii</strong></span> 
     </span>
    </p>
   </div>
   <div class='ocr_carea' id='block_1_110' title="bbox 2078 5095 3663 5170">
    <p class='ocr_par' dir='ltr' id='par_1_110' title="bbox 2078 5095 3663 5170">
     <span class='ocr_line' id='line_1_110' title="bbox 2078 5095 3663 5170; baseline 0.001 -18"><span class='ocrx_word' id='word_1_801' title='bbox 2078 5099 2298 5168; x_wconf 85' lang='lat' dir='ltr'><strong>scriptis</strong></span> <span class='ocrx_word' id='word_1_802' title='bbox 2328 5099 2476 5151; x_wconf 86' lang='lat' dir='ltr'><strong>diras</strong></span> <span class='ocrx_word' id='word_1_803' title='bbox 2518 5100 2920 5152; x_wconf 86' lang='lat' dir='ltr'><strong>intentautibus</strong></span> <span class='ocrx_word' id='word_1_804' title='bbox 2952 5099 3334 5166; x_wconf 84' lang='lat' dir='ltr'><strong>turbabantur,</strong></span> <span class='ocrx_word' id='word_1_805' title='bbox 3374 5117 3512 5154; x_wconf 89' lang='lat' dir='ltr'><strong>vano</strong></span> <span class='ocrx_word' id='word_1_806' title='bbox 3541 5095 3663 5170; x_wconf 78' lang='lat' dir='ltr'><strong>qni-</strong></span> 
     </span>
    </p>
   </div>
   <div class='ocr_carea' id='block_1_111' title="bbox 2079 5186 3663 5264">
    <p class='ocr_par' dir='ltr' id='par_1_111' title="bbox 2079 5186 3663 5264">
     <span class='ocr_line' id='line_1_111' title="bbox 2079 5186 3663 5264; baseline 0.004 -22"><span class='ocrx_word' id='word_1_807' title='bbox 2079 5194 2197 5242; x_wconf 89' lang='lat' dir='ltr'><strong>dem</strong></span> <span class='ocrx_word' id='word_1_808' title='bbox 2237 5203 2405 5245; x_wconf 88' lang='lat' dir='ltr'><strong>metu.</strong></span> <span class='ocrx_word' id='word_1_809' title='bbox 2437 5186 2572 5243; x_wconf 79' lang='lat' dir='ltr'><strong>Nam</strong></span> <span class='ocrx_word' id='word_1_810' title='bbox 2611 5190 2739 5259; x_wconf 89' lang='lat' dir='ltr'><strong>quid</strong></span> <span class='ocrx_word' id='word_1_811' title='bbox 2773 5206 2839 5246; x_wconf 78' lang='lat' dir='ltr'><strong>ex</strong></span> <span class='ocrx_word' id='word_1_812' title='bbox 2874 5191 3158 5261; x_wconf 88' lang='lat' dir='ltr'><strong>impotenti</strong></span> <span class='ocrx_word' id='word_1_813' title='bbox 3187 5193 3385 5263; x_wconf 87' lang='lat' dir='ltr'><strong>privati</strong></span> <span class='ocrx_word' id='word_1_814' title='bbox 3411 5194 3525 5264; x_wconf 86' lang='lat' dir='ltr'><strong>jam</strong></span> <span class='ocrx_word' id='word_1_815' title='bbox 3562 5193 3663 5248; x_wconf 85' lang='lat' dir='ltr'><strong>ho-</strong></span> 
     </span>
    </p>
   </div>
   <div class='ocr_carea' id='block_1_112' title="bbox 2079 5280 3659 5342">
    <p class='ocr_par' dir='ltr' id='par_1_112' title="bbox 2079 5280 3659 5342">
     <span class='ocr_line' id='line_1_112' title="bbox 2079 5280 3659 5342; baseline 0.003 -9"><span class='ocrx_word' id='word_1_816' title='bbox 2079 5281 2240 5334; x_wconf 89' lang='lat' dir='ltr'><strong>minis</strong></span> <span class='ocrx_word' id='word_1_817' title='bbox 2298 5280 2578 5334; x_wconf 90' lang='lat' dir='ltr'><strong>iracundia</strong></span> <span class='ocrx_word' id='word_1_818' title='bbox 2621 5283 2829 5338; x_wconf 85' lang='lat' dir='ltr'><strong>chartis</strong></span> <span class='ocrx_word' id='word_1_819' title='bbox 2864 5284 3214 5342; x_wconf 89' lang='lat' dir='ltr'><strong>clanculariis</strong></span> <span class='ocrx_word' id='word_1_820' title='bbox 3265 5285 3454 5340; x_wconf 89' lang='lat' dir='ltr'><strong>timide</strong></span> <span class='ocrx_word' id='word_1_821' title='bbox 3485 5285 3659 5340; x_wconf 83' lang='lat' dir='ltr'><strong>indita</strong></span> 
     </span>
    </p>
   </div>
   <div class='ocr_carea' id='block_1_113' title="bbox 2078 5371 3657 5444">
    <p class='ocr_par' dir='ltr' id='par_1_113' title="bbox 2078 5371 3657 5444">
     <span class='ocr_line' id='line_1_113' title="bbox 2078 5371 3657 5444; baseline 0.003 -19"><span class='ocrx_word' id='word_1_822' title='bbox 2078 5371 2356 5428; x_wconf 77' lang='lat' dir='ltr'><strong>formidari</strong></span> <span class='ocrx_word' id='word_1_823' title='bbox 2385 5373 2510 5443; x_wconf 80' lang='lat' dir='ltr'><strong>jure</strong></span> <span class='ocrx_word' id='word_1_824' title='bbox 2539 5375 2789 5443; x_wconf 81' lang='lat' dir='ltr'><strong>poterat?</strong></span> <span class='ocrx_word' id='word_1_825' title='bbox 2818 5373 3021 5429; x_wconf 89' lang='lat' dir='ltr'><strong>Tamen</strong></span> <span class='ocrx_word' id='word_1_826' title='bbox 3049 5375 3136 5432; x_wconf 87' lang='lat' dir='ltr'><strong>isti</strong></span> <span class='ocrx_word' id='word_1_827' title='bbox 3169 5377 3530 5439; x_wconf 86' lang='lat' dir='ltr'><strong>schismatici,</strong></span> <span class='ocrx_word' id='word_1_828' title='bbox 3563 5379 3657 5444; x_wconf 83' lang='lat' dir='ltr'><strong>qui</strong></span> 
     </span>
    </p>
   </div>
   <div class='ocr_carea' id='block_1_114' title="bbox 2077 5465 3655 5522">
    <p class='ocr_par' dir='ltr' id='par_1_114' title="bbox 2077 5465 3655 5522">
     <span class='ocr_line' id='line_1_114' title="bbox 2077 5465 3655 5522; baseline 0.001 -4"><span class='ocrx_word' id='word_1_829' title='bbox 2077 5465 2349 5518; x_wconf 85' lang='lat' dir='ltr'><strong>dirissima</strong></span> <span class='ocrx_word' id='word_1_830' title='bbox 2408 5467 2648 5519; x_wconf 89' lang='lat' dir='ltr'><strong>omnium</strong></span> <span class='ocrx_word' id='word_1_831' title='bbox 2705 5468 3054 5522; x_wconf 86' lang='lat' dir='ltr'><strong>anathemata</strong></span> <span class='ocrx_word' id='word_1_832' title='bbox 3108 5468 3249 5522; x_wconf 86' lang='lat' dir='ltr'><strong>ultro</strong></span> <span class='ocrx_word' id='word_1_833' title='bbox 3286 5484 3564 5522; x_wconf 83' lang='lat' dir='ltr'><strong>arcessere</strong></span> <span class='ocrx_word' id='word_1_834' title='bbox 3602 5471 3655 5520; x_wconf 89' lang='lat' dir='ltr'><strong>in</strong></span> 
     </span>
    </p>
   </div>
   <div class='ocr_carea' id='block_1_115' title="bbox 2073 5557 3660 5626">
    <p class='ocr_par' dir='ltr' id='par_1_115' title="bbox 2073 5557 3660 5626">
     <span class='ocr_line' id='line_1_115' title="bbox 2073 5557 3660 5626; baseline 0 -14"><span class='ocrx_word' id='word_1_835' title='bbox 2073 5572 2170 5612; x_wconf 86' lang='lat' dir='ltr'><strong>sua</strong></span> <span class='ocrx_word' id='word_1_836' title='bbox 2206 5559 2447 5626; x_wconf 83' lang='lat' dir='ltr'><strong>ipsorum</strong></span> <span class='ocrx_word' id='word_1_837' title='bbox 2479 5559 2656 5624; x_wconf 83' lang='lat' dir='ltr'><strong>capita</strong></span> <span class='ocrx_word' id='word_1_838' title='bbox 2683 5573 2789 5612; x_wconf 91' lang='lat' dir='ltr'><strong>non</strong></span> <span class='ocrx_word' id='word_1_839' title='bbox 2821 5559 3141 5614; x_wconf 87' lang='lat' dir='ltr'><strong>dubitabant</strong></span> <span class='ocrx_word' id='word_1_840' title='bbox 3167 5559 3468 5613; x_wconf 84' lang='lat' dir='ltr'><strong>obedientia</strong></span> <span class='ocrx_word' id='word_1_841' title='bbox 3494 5557 3660 5613; x_wconf 83' lang='lat' dir='ltr'><strong>Chri-</strong></span> 
     </span>
    </p>
   </div>
   <div class='ocr_carea' id='block_1_116' title="bbox 2073 5648 3659 5721">
    <p class='ocr_par' dir='ltr' id='par_1_116' title="bbox 2073 5648 3659 5721">
     <span class='ocr_line' id='line_1_116' title="bbox 2073 5648 3659 5721; baseline -0.001 -15"><span class='ocrx_word' id='word_1_842' title='bbox 2073 5653 2138 5706; x_wconf 90' lang='lat' dir='ltr'><strong>sti</strong></span> <span class='ocrx_word' id='word_1_843' title='bbox 2197 5652 2402 5706; x_wconf 84' lang='lat' dir='ltr'><strong>vicario</strong></span> <span class='ocrx_word' id='word_1_844' title='bbox 2457 5652 2701 5721; x_wconf 81' lang='lat' dir='ltr'><strong>neganda</strong></span> <span class='ocrx_word' id='word_1_845' title='bbox 2754 5663 2809 5706; x_wconf 90' lang='lat' dir='ltr'><strong>et</strong></span> <span class='ocrx_word' id='word_1_846' title='bbox 2839 5652 3186 5706; x_wconf 84' lang='lat' dir='ltr'><strong>dilaceranda</strong></span> <span class='ocrx_word' id='word_1_847' title='bbox 3233 5648 3500 5714; x_wconf 74' lang='lat' dir='ltr'><strong>Ecclesia,</strong></span> <span class='ocrx_word' id='word_1_848' title='bbox 3531 5651 3659 5705; x_wconf 86' lang='lat' dir='ltr'><strong>reli-</strong></span> 
     </span>
    </p>
   </div>
   <div class='ocr_carea' id='block_1_117' title="bbox 2073 5741 3653 5814">
    <p class='ocr_par' dir='ltr' id='par_1_117' title="bbox 2073 5741 3653 5814">
     <span class='ocr_line' id='line_1_117' title="bbox 2073 5741 3653 5814; baseline -0.001 -15"><span class='ocrx_word' id='word_1_849' title='bbox 2073 5745 2210 5812; x_wconf 84' lang='lat' dir='ltr'><strong>giosi</strong></span> <span class='ocrx_word' id='word_1_850' title='bbox 2248 5759 2419 5814; x_wconf 85' lang='lat' dir='ltr'><strong>usque</strong></span> <span class='ocrx_word' id='word_1_851' title='bbox 2443 5746 2507 5797; x_wconf 90' lang='lat' dir='ltr'><strong>ad</strong></span> <span class='ocrx_word' id='word_1_852' title='bbox 2533 5745 2977 5813; x_wconf 83' lang='lat' dir='ltr'><strong>superstitionem</strong></span> <span class='ocrx_word' id='word_1_853' title='bbox 3009 5757 3268 5812; x_wconf 86' lang='lat' dir='ltr'><strong>apparere</strong></span> <span class='ocrx_word' id='word_1_854' title='bbox 3301 5741 3653 5811; x_wconf 62' lang='lat' dir='ltr'><strong>affectabam,</strong></span> 
     </span>
    </p>
   </div>
   <div class='ocr_carea' id='block_1_118' title="bbox 2075 5835 3656 5908">
    <p class='ocr_par' dir='ltr' id='par_1_118' title="bbox 2075 5835 3656 5908">
     <span class='ocr_line' id='line_1_118' title="bbox 2075 5835 3656 5908; baseline 0 -16"><span class='ocrx_word' id='word_1_855' title='bbox 2075 5837 2184 5894; x_wconf 84' lang='lat' dir='ltr'><strong>illic</strong></span> <span class='ocrx_word' id='word_1_856' title='bbox 2243 5837 2578 5908; x_wconf 78' lang='lat' dir='ltr'><strong>trepidantes</strong></span> <span class='ocrx_word' id='word_1_857' title='bbox 2638 5839 2832 5892; x_wconf 89' lang='lat' dir='ltr'><strong>timore</strong></span> <span class='ocrx_word' id='word_1_858' title='bbox 2873 5837 2962 5892; x_wconf 87' lang='lat' dir='ltr'><strong>ubi</strong></span> <span class='ocrx_word' id='word_1_859' title='bbox 3033 5851 3137 5891; x_wconf 88' lang='lat' dir='ltr'><strong>non</strong></span> <span class='ocrx_word' id='word_1_860' title='bbox 3201 5844 3321 5890; x_wconf 89' lang='lat' dir='ltr'><strong>erat</strong></span> <span class='ocrx_word' id='word_1_861' title='bbox 3381 5835 3564 5904; x_wconf 89' lang='lat' dir='ltr'><strong>timor,</strong></span> <span class='ocrx_word' id='word_1_862' title='bbox 3598 5849 3656 5892; x_wconf 84' lang='lat' dir='ltr'><strong>ut</strong></span> 
     </span>
    </p>
   </div>
  </div>
