4036 6400
467 307 570 369 3ῖὸ

1393 307 1457 369 Ρ.
1499 306 1800 368 POSSINI
1841 305 2058 367 OBSEl

2160 304 2494 368 \TIONUM
2537 306 2684 368 LIB.
2726 307 2805 371 Il.
2906 371 2910 375 ,
3601 321 3689 386 816

470 415 667 469 dicitur
722 412 872 471 Psal.
922 428 1044 479 xm,
1078 414 1128 468 id
1168 414 1308 483 quod
1364 415 1470 471 illis
1527 418 1721 472 merito
1761 417 2057 485 exprobrat
2091 424 2128 476 Α
2165 417 2322 468 modo
2353 415 2597 472 Tertcris
2629 433 2754 471 cum
2783 417 3040 470 Romanis
3075 432 3296 475 numero
3322 423 3562 480 tredecim
3589 446 3695 484 ma.

474 509 694 576 quidam
725 509 965 579 prudens
1015 509 1194 564 verbis
1223 509 1378 564 hisce
1437 509 1502 564 ad
1532 525 1683 563 oram
1715 511 1922 565 codicis
1953 509 1994 560 Β
2023 525 2053 563 e

470 602 690 668 regione
730 603 844 656 loci.
881 603 1042 672 hujus
1090 603 1418 672 adscriptis:
1457 603 1531 656 Ἠ
1567 594 1898 658 ἀπαιδευσία
1957 607 2052 658 καὶ

470 699 503 764 ἡ
538 699 782 764 ἀμάθεια
813 697 881 750 τᾶ
944 695 1169 768 μηδαμῆ
1225 696 1494 766 μηδαμῶς
1530 697 1740 767 φοϐερὰ
1777 697 2049 765 φοϐεῖται,

468 793 538 846 τὰ
567 792 614 844 δ’
636 791 856 862 ἀληθῶς
883 789 1244 860 φοϐερώτερα
1301 789 1362 842 οὐ
1393 789 1635 844 δέδοικεν
1661 806 1675 818 ·
1732 787 1940 844 Inst-ila
1967 791 2052 843 in-

469 886 720 956 sulsaque
781 884 1030 946 stultitia,
1067 899 1185 951 qua:
1240 882 1392 936 nulla
1444 898 1664 951 prorsus
1693 882 1898 934 ratione
1940 897 2052 934 nte-

470 979 668 1031 tuenda
703 984 848 1039 sunt,
881 976 1105 1039 metuit;
1161 990 1280 1043 qua:
1313 984 1491 1027 autem
1554 974 1707 1043 longe
1740 971 2056 1042 formidolo-

468 1069 683 1121 sissima
715 1066 901 1120 merito
923 1078 1259 1126 censeantur,
1285 1082 1469 1119 securo
1499 1075 1796 1133 contemptu
1815 1063 2051 1135 negligit.

470 1163 683 1228 Quibus
713 1159 908 1230 utique
931 1159 1058 1212 illud
1087 1157 1292 1212 Christi
1333 1157 1523 1211 Matth.
1555 1173 1715 1222 xxm,
1751 1156 1823 1210 ‘24
1859 1171 2056 1212 conve-

471 1259 549 1310 nit
585 1275 598 1310 :
636 1254 806 1308 Duces
855 1252 1002 1318 ca'ci,
1057 1251 1359 1306 excolantes
1394 1251 1634 1316 culicem,
1673 1249 1930 1305 camefum
1960 1265 2057 1304 au-

361 1343 373 1350 “
467 1361 568 1403 tem
595 1349 897 1418 glutientes.

538 1442 600 1496 Ρ.
659 1442 786 1495 25L
855 1437 1195 1508 Disquircbat
1250 1438 1413 1492 anxio
1482 1438 1788 1506 incertoque
1843 1435 2054 1490 consilii

468 1538 669 1590 animo.
707 1535 784 1588 Ad
817 1534 929 1588 haec
952 1534 1041 1586 ille
1068 1532 1210 1586 idem
1243 1545 1437 1586 censor
1465 1527 1895 1601 marginalisfP.
1926 1527 2054 1601 540]

469 1632 586 1683 lucc
642 1635 868 1681 annotat
903 1643 915 1680 :
954 1625 1068 1695 Οὐχ
1123 1623 1302 1687 οὕτως
1338 1622 1714 1692 Ἀλέξανδρος,
1762 1622 1901 1674 ἀλλὰ
1956 1621 2049 1675 τὸν

2157 507 2412 576 gnatibus
2443 510 2762 563 commutati
2799 511 3126 573 meminerit,
3158 527 3220 566 ac
3277 522 3693 583 permutationem

2158 601 2224 653 ab
2251 598 2753 669 Osphentisthlabo,
2787 603 2852 656 ad
2901 618 3062 671 quem
3116 602 3396 660 Eltimeres
3454 607 3696 666 Romanos

2158 690 2421 756 misisset,
2453 691 2650 748 factam
2685 695 2904 750 dixerit.
2934 694 3043 748 Nos
3071 695 3204 749 nihil
3236 699 3285 751 in
3315 697 3496 754 Graeco
3517 701 3702 774 Pachy-

2158 784 2325 838 meris
2375 794 2632 840 contextu
2699 787 2990 842 immutare
3048 791 3192 855 ausi,
3224 794 3534 846 sententiam
3591 796 3697 858 luci,

2157 885 2318 944 pr0nt
2365 877 2614 933 divinare
2658 882 2954 948 potuimus,
2991 884 3300 953 exprimere
3332 901 3511 941 sumus
3543 889 3703 942 conati

2156 983 2317 1035 quam
2349 969 2680 1026 clarissime.

2227 1059 2289 1115 P.
2316 1061 2444 1116 268.
2477 1062 2680 1118 Praztcr
2712 1063 2854 1120 hanc
2882 1065 3045 1121 filiam
3071 1068 3291 1122 notham
3323 1069 3640 1123 Andronicus
3661 1080 3707 1123 et

2157 1155 2320 1210 aliam
2366 1157 2556 1212 habuit
2589 1157 2848 1214 similiter
2878 1161 3235 1230 illegitimam,
3276 1163 3462 1217 lreuen
3492 1165 3702 1234 nomine,

2157 1248 2314 1317 Cujus
2375 1251 2626 1306 meminit
2681 1250 2975 1322 Gregoras,
3020 1255 3057 1312 l.
3113 1272 3211 1323 vn,
3247 1271 3406 1326 quam
3451 1266 3502 1310 et
3542 1257 3705 1326 nuptui

2157 1341 2352 1398 deinde
2415 1345 2674 1398 traditam
2741 1346 2815 1399 ait
2866 1346 3065 1402 Joauni
3119 1351 3242 1404 duci
3292 1348 3618 1419 Pelasgorum
3663 1360 3715 1422 et

2157 1433 2550 1492 Thessalorum
2610 1439 2866 1510 principi.
2927 1441 3056 1496 Haec
3109 1444 3300 1497 eadem
3346 1459 3466 1496 esse
3529 1445 3704 1510 potuit,

2157 1541 2319 1596 quam
2376 1529 2617 1584 oblatam
2653 1531 2704 1585 in
2758 1547 3012 1602 sponsam
3065 1534 3265 1589 Cazani
3305 1535 3708 1589 nosteriuferius

2157 1618 2385 1684 indicat,
2424 1623 2650 1692 nuptiis,
2682 1635 2841 1692 prout
2877 1637 3124 1695 apparet,
3167 1642 3276 1682 non
3310 1628 3524 1682 secutis.

467 1723 689 1793 Γορδίου
714 1720 914 1790 δεσμὸν
948 1688 1176 1771 πελέκει
1203 1717 1394 1770 ἔλυσεν
1416 1735 1428 1749 ·
1467 1688 1702 1771 Non-sic
1729 1714 2050 1783 Alexander,

2229 1711 2290 1767 Ρ.
2322 1711 2450 1767 270.
2481 1713 2940 1772 Coustantissitne
2975 1719 3282 1804 perstitisse
3311 1717 3532 1773 Veccum
3565 1730 3713 1784 usque

465 1821 557 1874 sed
591 1818 781 1873 Gordii
825 1815 1022 1868 nodum
1061 1812 1236 1868 securi
1269 1811 1447 1866 solvit.
1487 1801 1490 1806 ’

541 1913 598 1966 l’.
635 1910 763 1965 266.
788 1908 920 1974 Qum
967 1913 1271 1976 sequuntur
1308 1905 1360 1958 in
1392 1913 1650 1958 contextu
1715 1900 1903 1956 Graeco
1935 1907 2059 1970 post

472 2006 589 2060 haec
625 2003 789 2058 verba
829 2018 842 2054 :
895 1997 1038 2052 Ἀλλ’
1091 1995 1238 2051 οὕτω
1293 1995 1393 2067 μὲν
1424 1993 1944 2064 Ὀσφεντίσθλαϐος,
1975 1991 2058 2047 sic

469 2101 630 2170 plane
664 2105 721 2152 ut
772 2095 859 2150 hic
892 2094 1147 2164 leguntur
1201 2092 1254 2144 in
1305 2101 1539 2159 utroque
1565 2088 1772 2156 optimo
1800 2087 1923 2141 cod.
1963 2100 2059 2140 ex-

470 2208 696 2264 pressa,
754 2184 1121 2244 inextricabili
1185 2181 1544 2253 perplexitate
1613 2182 1838 2234 confusa
1907 2187 2056 2233 sunt.

471 2287 608 2340 Nam
641 2293 830 2338 noster
866 2289 1062 2335 natura
1101 2278 1446 2337 tenebrosus,
1477 2274 1694 2343 quoties
1724 2273 1890 2326 multa
1927 2288 2060 2341 pau-

469 2379 555 2433 cis
594 2376 775 2432 studet
806 2385 1022 2442 cogere,
1051 2367 1295 2424 densiori
1330 2383 1386 2422 se
1415 2367 1648 2437 caligine
1679 2365 1924 2419 involvit.
1953 2363 2059 2418 Va-

476 2474 692 2526 ticanus
737 2447 1068 2535 epitomator
1116 2461 1277 2531 paulo
1341 2458 1653 2515 distinctius
1685 2458 1828 2511 hunc
1879 2456 2056 2510 locum

472 2561 730 2631 explicat.
789 2558 920 2628 Ejus
971 2556 1091 2610 lucc
1148 2552 1314 2606 verba
1349 2558 1525 2606 sunt:
1565 2545 1694 2618 Εἶχε
1750 2549 1850 2618 μὲν
1883 2543 1978 2601 οὖν
2032 2551 2061 2602 ὁ

465 2653 733 2724 ¹βασιλεὺς
760 2648 1169 2721 τὸν-Τερτερῆν
1204 2645 1348 2717 μετὰ
1387 2642 1602 2696 πολλῶν
1637 2641 1920 2711 ἀρχόντων
1957 2641 2058 2694 αὑ-

471 2747 566 2801 τοῦ
597 2746 689 2798 καὶ
724 2739 1127 2797 Ῥαδὸσολαὸον
1174 2734 1664 2807 σεϐαστοκρὰτορα
1704 2734 2058 2803 Βουλγὰρων,

474 2838 678 2909 εὐγενῆ
738 2838 848 2890 τῶν
899 2835 1021 2888 ἐκεῖ
1044 2849 1059 2864 ⁸
1096 2831 1326 2900 ἀδελφὸς
1353 2830 1464 2900 γὰρ
1506 2823 1576 2900 ἦν
1599 2826 1693 2880 τοῦ
1730 2826 1974 2890 Μῖλτζου
2003 2827 2062 2891 ὃς

472 2934 797 2988 ἐϐασίλευσε
833 2929 1168 2997 Βουλγάρων
1226 2923 1486 2994 βουλήσει
1525 2922 1685 2990 Νοτᾶ
1717 2921 2062 2984 ἀποστάντος

471 3028 572 3080 τοῦ
623 3022 870 3095 Τερτερῆ
897 3039 911 3054 ·
951 3020 1202 3082 ἐλθόντος
1247 3017 1305 3072 δδ
1337 3013 1828 3107 τοῦ-Τζακᾶ-,Ῠτῇς
1873 3011 2062 3107 -ᾇρχξῆς
2089 3050 2133 3107 C

462 3105 768 3186 sacoma:
799 3117 826 3167 ὁ
858 3110 1122 3174 Μίλτζος.
1170 3107 1378 3161 Τοῦτον
1411 3105 1505 3160 οὖν
1541 3106 1635 3159 τὸν
1671 3102 2065 3159 Ῥαδὸσθλαόον

473 3209 590 3281 εἶχε
621 3209 721 3280 μὲν
760 3202 856 3260 οὖν
890 3207 917 3258 ὁ
949 3201 1213 3275 βασιλεὺς
1245 3200 1374 3271 περὶ
1407 3199 1598 3269 τιμῆς,
1630 3198 1730 3252 καὶ
1757 3197 1817 3250 τὸ
1844 3196 1939 3249 τοῦ
1974 3214 2066 3248 σε-

472 3301 920 3371 ϐαστοκράτορος
943 3296 1162 3362 ἀξίωμα
1191 3293 1428 3363 βεϐαιοῖ.
1447 3290 1885 3344 Ἀποστέλλεται
1917 3285 2013 3342 οὖν
2037 3289 2066 3342 ὁ

483 3391 887 3452 Ῥαδόσθλαὸος
909 3391 1018 3442 ἀπὸ
1048 3384 1461 3454 Θεσσαλονίκης
1492 3383 1646 3454 παρὰ
1669 3381 1763 3435 τοῦ
1793 3379 2067 3452 βασιλέως

477 3487 618 3558 μετὰ
654 3483 1005 3556 μεγιστάνων
1046 3477 1337 3548 Ῥωμαίων
1396 3477 1496 3530 καὶ
1544 3475 1737 3546 ἱκανῆς
1775 3473 2065 3542 δυνάμεως

473 3575 616 3629 κατὰ
645 3573 738 3628 τοῦ
784 3569 1114 3640 Ἐλτιμηρῆ,
1145 3569 1204 3630 ὂς
1249 3563 1319 3640 ἦν
1375 3566 1608 3633 ἁδελφὸς
1662 3563 1758 3619 τοῦ
1791 3564 2062 3636 Τερτερῆ.

474 3669 624 3738 Νικᾷ
669 3665 801 3734 γοῦν
857 3667 888 3717 ὁ
931 3662 1270 3732 Ἐλτιμηρῆς
1321 3659 1416 3714 τὸν
1481 3658 1910 3722 Ῥαδόσθλαδον,
1967 3657 2064 3711 καὶ

472 3762 761 3832 κρατήσας
778 3757 942 3810 αὑτὸν
966 3759 1060 3808 καὶ
1085 3753 1448 3824 ἐκτυφλῶσας
1471 3751 1636 3822 754
1662 3751 1871 3805 στέλλει
1908 3749 2062 3822 παρὰ

473 3852 702 3923 βασιλέα
735 3849 874 3919 πρὸς
905 3848 1004 3921 τὴν
1037 3849 1249 3901 οἰκείαν
1299 3846 1467 3900 αὐτοῦ
1529 3845 1799 3914 σύζυγον·
1837 3844 1964 3908 τοὺς
2003 3844 2062 3898 δὲ

477 3943 821 4015 μεγιστᾶνας
877 3939 986 3993 τῶν
1029 3938 1326 4009 Ῥωμαίων
1385 3937 1633 4008 ἐκράτει,
1692 3936 1888 4007 μέχρις
1937 3935 2002 3990 ἃν
2033 3937 2061 3987 ὁ

477 4031 737 4102 βασιλεὺς
790 4027 882 4080 τὸν
915 4023 1199 4098 Τερτερῆν
1228 4027 1326 4080 καὶ
1384 4028 1516 4088 τοὺς
1557 4026 1834 4098 ἄρχοντας
1890 4023 2060 4080 αὐτοῦ

470 4124 597 4185 δοὺς
618 4118 988 4174 ἁνταλλάττει
1019 4118 1269 4182 τούτους.
1304 4115 1430 4173 Haec
1459 4115 1756 4172 Vaticanus
1787 4117 2062 4172 breviatur

474 4213 852 4285 Pachymeris,
915 4211 1007 4280 qui
1063 4225 1168 4265 non
1206 4211 1454 4266 meminit
1502 4220 1817 4266 memorata:
1847 4213 2058 4267 auctori

468 4305 798 4367 δεσποτείας
823 4303 1132 4374 Ἐλτιμηρῆ
1181 4302 1327 4356 κατὰ
1354 4301 1447 4356 τὸν
1477 4301 1745 4372 Κροῦνον.
1771 4301 1843 4356 Ea
1879 4319 1980 4358 vox
2026 4321 2057 4360 a

2158 1802 2224 1856 ad
2280 1811 2581 1858 extremum
2638 1806 2892 1874 spiritum
2929 1806 2980 1860 in
3007 1802 3176 1863 semel
3208 1809 3354 1864 edita
3408 1806 3715 1876 professione

2161 1895 2293 1948 recti
2332 1896 2602 1966 dogmatis
2632 1897 2697 1951 de
2724 1901 3076 1967 processione
3111 1901 3348 1972 Spiritus
3377 1901 3542 1956 sancti
3570 1899 3714 1954 etiam

2158 2003 2224 2044 ex
2268 1987 2429 2057 Filio,
2481 1999 2536 2042 et
2591 1990 2947 2059 subiectionis
3001 1993 3204 2048 Christi
3263 1995 3464 2049 vicario
3497 1993 3714 2048 Romano

2159 2083 2405 2151 pontifici
2436 2084 2651 2150 debitae,
2697 2097 2896 2154 praeter
2924 2103 3086 2156 quam
3141 2089 3279 2144 satis
3317 2089 3518 2142 iudicat
3547 2094 3716 2140 noster

2163 2177 2457 2232 historicus
2489 2187 2543 2232 et
2570 2177 2661 2232 hic
2696 2187 2749 2233 et
2780 2179 2994 2248 quoties
3029 2181 3093 2234 de
3145 2181 3237 2235 illo
3273 2181 3407 2250 agit,
3461 2176 3718 2233 manifeste

2162 2265 2364 2320 evincit
2394 2266 2510 2335 ejus
2543 2275 2935 2321 testamentum
2971 2267 3207 2322 instante
3240 2278 3418 2323 morte
3442 2269 3490 2321 in
3518 2277 3718 2320 carcere

2164 2367 2242 2411 tot
2269 2358 2427 2412 annis
2455 2374 2550 2427 pro
2586 2358 2844 2429 religione
2872 2375 2902 2413 a
2933 2361 3310 2417 schismaticis
3342 2361 3564 2415 tolerato
3607 2371 3718 2430 con—

2163 2452 2357 2505 ditum.
2392 2451 2719 2522 Sequebatur
2748 2455 3052 2508 testamenti
3083 2465 3261 2510 textus
3291 2472 3440 2526 quem
3470 2453 3551 2507 hic
3585 2450 3720 2503 omit-

2164 2545 2320 2598 timus
2346 2563 2459 2598 cum
2485 2546 2590 2611 iam
2615 2555 2780 2600 exstet
2811 2547 2950 2600 inter
2967 2545 3116 2601 Vecci
3147 2565 3307 2613 opera
3335 2549 3388 2600 in
3420 2557 3552 2599 tomo
3578 2538 3719 2598 CXL.

2235 2637 2605 2707 755-757
2640 2637 2898 2707 Requiret
2936 2637 3080 2695 forte
3107 2641 3309 2709 aliquis
3334 2641 3386 2694 in
3419 2643 3718 2692 testamento

2167 2730 2334 2784 Vecci
2357 2730 2761 2799 professionem
2795 2733 3155 2802 subjectionis
3183 2737 3252 2787 ad
3281 2733 3579 2788 Romanum
3607 2741 3720 2796 pon-

2165 2822 2389 2903 tilicem.
2423 2821 2625 2878 Verum
2668 2838 2732 2878 ea
2773 2824 2927 2890 satis,
2961 2824 3012 2878 ui
3045 2825 3225 2891 fallor,
3258 2825 3504 2880 innuitur
3527 2823 3581 2875 in
3610 2819 3718 2874 sub-

2163 2913 2480 2983 scriptione,
2512 2916 2601 2971 ubi
2663 2932 2761 2986 pro
2819 2916 3433 2988 Constantinopolitano
3473 2911 3718 2979 archiepi-

2163 3023 2331 3079 scopo
2372 3025 2432 3066 se
2467 3011 2645 3064 adhuc
2709 3009 2890 3067 ferens
2945 3012 3174 3078 Veccus,
3219 3014 3367 3083 quod
3401 3025 3547 3066 suam
3575 3009 3721 3075 depo-

2166 3103 2421 3158 sitionem
2455 3104 2645 3158 merito
2673 3105 2882 3157 irritam
2909 3107 3279 3168 existimaret,
3301 3105 3536 3160 abstinet
3560 3111 3715 3154 tamen

2165 3212 2195 3252 a
2227 3195 2383 3252 titulo
2411 3197 2699 3253 ambitiose
2723 3208 2988 3268 usurpato
3010 3200 3081 3254 ab
3109 3198 3225 3267 ejus
3239 3201 3390 3256 sedis
3417 3195 3721 3253 antistitibus

2164 3291 2553 3354 schismaticis,
2581 3292 2906 3347 mcumenici
2940 3295 3293 3363 patriarclnc.

2236 3383 2298 3438 P.
2324 3383 2455 3438 979.
2479 3383 2572 3438 Illa
2599 3384 2686 3440 hic
2719 3397 3022 3441 memorata
3054 3387 3402 3442 consuetudo
3427 3394 3575 3440 vetus
3598 3391 3724 3435 com-

2166 3477 2621 3533 memorationem
2683 3477 3064 3534 defunctorum
3121 3481 3297 3534 multa
3331 3480 3508 3534 facum
3557 3485 3724 3528 accen-

2164 3570 2322 3624 sione
2352 3569 2664 3623 celebrandi
2698 3584 2801 3623 non
2836 3570 2904 3624 ad
2935 3570 3098 3638 paulo
3122 3579 3251 3624 ante
3281 3570 3484 3625 factam
3505 3563 3725 3636 Ληναιῶ-

2163 3680 2253 3726 νος
2284 3661 2643 3732 ἐνεστηκότος
2668 3663 2899 3717 ineuntis
2932 3661 3215 3718 Februarii
3245 3663 3574 3718 mentionem
3605 3653 3725 3709 refe-

2163 3755 2330 3808 renda
2362 3763 2468 3817 est,
2503 3753 2660 3823 quasi
2688 3755 2808 3823 ejus
2839 3755 3181 3823 potissimum
3236 3755 3449 3810 mensis
3479 3749 3624 3805 initio
3657 3758 3723 3798 ,ιιι

2165 3847 2332 3918 758
2363 3862 2514 3902 more
2566 3849 2789 3917 antiquo
2827 3849 2870 3903 is
2911 3849 3052 3903 ritus
3103 3848 3516 3912 observaretur,
3541 3841 3626 3898 sed
3662 3837 3720 3890 ad

2162 3940 2558 3994 iudicationem
2634 3940 3030 4010 praecedentem
3115 3956 3360 4011 vespera:
3420 3939 3723 3995 Parascew-s

2161 4034 2275 4087 sive
2304 4042 2471 4086 sexta!
2503 4032 2675 4096 feriae,
2705 4034 2927 4102 quando
2955 4034 3066 4104 jam
3093 4050 3193 4089 usu
3218 4032 3587 4091 ecclesiastico
3615 4025 3726 4080 sab-

2166 4124 2350 4176 batum
2387 4123 2786 4192 postridianum
2824 4123 3074 4178 inchoari
3098 4127 3450 4190 censebatur,
3478 4119 3721 4189 siquidem

2161 4217 2376 4270 etmctis
2411 4217 2872 4271 hebdomadarum
2917 4218 3160 4272 onmium
3216 4218 3472 4274 Sabbatis
3505 4207 3723 4269 Ecclesia

2163 4309 2351 4365 Cra-ca
2384 4319 2721 4362 mortuorum
2760 4312 3078 4364 memoriam
3115 4312 3415 4366 recolebat.
3446 4309 3557 4363 Hoc
3585 4306 3725 4360 docet

471 4395 814 4466 Pachymere
853 4397 936 4448 bis
967 4395 1142 4463 posita
1177 4393 1230 4446 in
1269 4392 1443 4448 altero
1492 4395 1609 4448 loco
1636 4394 1891 4466 Κροῦρον
1919 4396 2058 4451 scri-
2087 4415 2132 4472 ι)
2163 4418 2264 4456 nos
2297 4402 2617 4457 Gennadius
2665 4404 2982 4474 patriarcha
3030 4403 3167 4460 libro
3212 4406 3281 4460 de
3311 4399 3625 4470 Purgatorio
3653 4393 3722 4447 sic

471 4490 638 4544 bitur.
688 4485 798 4544 Nos
849 4488 1140 4556 utrobique
1188 4485 1440 4555 Κροῦνον
1493 4488 1852 4556 scripsimus,
1913 4490 2055 4559 quod

471 4583 639 4637 Cruni
673 4581 776 4636 loci
806 4580 1135 4634 mentionem
1183 4581 1322 4649 apud
1359 4582 1693 4651 geographos
1726 4581 2056 4651 reperimus.

470 4691 580 4730 non
617 4685 798 4727 autem
853 4672 1013 4728 Crttri
1072 4672 1347 4744 Κρούρου.
1414 4671 1683 4729 Praeterea
1731 4675 2058 4745 epitomator

470 4767 674 4820 omittit
702 4764 1016 4819 Elti’merem
1052 4763 1223 4819 fuisse
1259 4764 1482 4820 fratrem
1519 4781 1624 4819 non
1658 4764 1833 4820 solum
1865 4764 2057 4820 Terte-

469 4862 570 4921 ris,
601 4861 694 4913 sed
724 4867 777 4913 et
806 4857 1054 4928 conjugis
1087 4855 1320 4920 Smiltzi,
1356 4872 1470 4912 rem
1505 4859 1704 4912 diserte
1737 4852 2054 4928 expressam

471 4965 501 5005 a
555 4951 916 5022 Pacbymere.
976 4949 1180 5005 Deinde
1229 4962 1418 5004 contra
1461 4950 1623 5022 hujus
1676 4950 2054 5004 auctoritatem

470 5044 708 5098 alllrmat
732 5044 948 5097 venisse
998 5043 1052 5096 in
1083 5051 1412 5113 potestatem
1461 5042 1810 5112 imperatoris
1840 5040 2056 5097 Hbado-

470 5135 744 5190 stblabum
784 5150 890 5189 una
939 5150 1062 5189 cum
1118 5133 1392 5190 Tertere:
1441 5134 1530 5189 hic
1559 5135 1705 5190 enim
1739 5136 1812 5188 ait
1863 5145 2056 5204 sponte

470 5230 619 5283 illum
653 5227 720 5282 ad
753 5228 1139 5296 imperatorem
1171 5227 1534 5298 transfugisse
1561 5243 1575 5281 :
1608 5227 1636 5280 ὁ
1680 5229 1789 5298 γὰρ
1817 5229 2055 5298 Βουλγὰ-

476 5343 585 5396 ρων
619 5322 1088 5395 σεδαστοκράτωρ
1128 5321 1524 5385 Ῥαδόσθλαῦος
1551 5321 1766 5391 βασιλεί
1798 5341 2056 5393 προσχω-

476 5420 672 5487 ρήσας.
711 5413 916 5470 Deinde
953 5415 1148 5469 asserit
1175 5414 1503 5482 epitoutator
1532 5416 1601 5470 ab
1623 5413 1883 5471 Eltimere
1908 5431 2056 5470 com-

473 5519 715 5565 mutatos
747 5521 1004 5577 proceres
1041 5507 1316 5561 Romanos
1361 5522 1485 5562 cum
1544 5507 1770 5563 Tertere
1830 5519 1886 5564 et
1933 5511 2054 5578 ejus

470 5599 792 5671 proceribus
816 5600 884 5653 ab
907 5600 1242 5668 imperatore
1273 5598 1529 5665 detentis,
1557 5615 1678 5654 cum
1717 5612 1908 5656 auctor
1939 5603 2057 5656 nul-

472 5693 578 5745 Iam
613 5692 940 5747 mentionem
974 5691 1138 5746 faciat
1183 5688 1539 5757 Bulgarorum
1570 5707 1859 5762 procerum
1893 5694 2052 5748 simul

473 5786 576 5839 ista
609 5785 1014 5857 permutatione
1058 5783 1433 5852 liberatortnn,
1472 5786 1566 5840 sed
1619 5787 1776 5842 unius
1818 5796 2052 5842 tantum.

2161 4495 2444 4549 scribens:
2471 4481 2701 4566 ’Ἄκμὴν
2731 4497 2984 4548 ἀσύνετοί
3014 4497 3160 4560 ὲστε,
3194 4499 3288 4551 καὶ
3312 4497 3416 4550 οὐκ
3438 4495 3629 4564 ἔγνωτε
3653 4488 3724 4541 ὅτι

2159 4589 2194 4658 ἡ
2222 4587 2315 4642 τοῦ
2353 4588 2593 4657 Χριστοῦ
2635 4589 2938 4660 Ἐκκλησία
2965 4589 3186 4660 εὔχεται
3207 4591 3298 4644 ἀεὶ
3325 4591 3466 4659 ὑπὲρ
3487 4595 3724 4651 κεκοιμη-

2162 4678 2360 4752 μένων,
2418 4679 2688 4734 καὶκατὰ
2723 4681 2833 4732 πᾶν
2894 4680 3173 4734 Σάδδατον
3229 4681 3410 4751 μόνως
3457 4679 3580 4748 περὶ
3632 4665 3749 4727 τῶν

2158 4769 2350 4839 ψυχῶν
2404 4770 2598 4840 μνείαν
2652 4774 2912 4836 ποιεῖται,
2973 4774 3070 4826 καὶ
3116 4773 3386 4843 Σαϐϐάτῳ
3429 4772 3507 4824 ἔτι
3539 4770 3614 4829 δὶς
3641 4760 3723 4816 τοῦ

2159 4860 2408 4914 ἐνιαυτοῦ
2427 4863 2551 4929 ἄγει
2572 4864 2887 4934 πανήγυριν
2909 4866 3038 4935 περὶ
3076 4866 3301 4936 μνήμης
3317 4864 3508 4935 ψυχῶν
3529 4857 3722 4932 μνείανι

2162 4953 2222 5004 ἐν
2255 4951 2332 5020 τῷ
2363 4952 2470 5023 πρὸ
2500 4953 2596 5020 τῆς
2639 4955 2930 5023 Ἀπόκρεὼ
2961 4972 3106 5024 φημι
3145 4957 3241 5008 καὶ
3274 4954 3352 5024 τῷ
3392 4954 3500 5023 πρὸ
3539 4951 3722 5011 Πεντη·

2161 5044 2388 5114 κοστῆς.
2422 5043 2486 5116 [Ρ
2507 5045 2768 5117 διε-544]
2791 5047 2977 5100 Adhuc
2993 5057 3143 5102 etuos
3163 5051 3277 5102 sine
3305 5048 3566 5100 intellectu
3589 5043 3720 5099 estis.

2156 5147 2204 5189 et
2237 5152 2336 5188 non
2355 5139 2667 5206 cognovisti:
2694 5137 2889 5192 Christi
2922 5136 3215 5194 Ecclesium
3237 5157 3394 5194 orare
3421 5151 3616 5200 semper
3640 5146 3722 5201 pro

2158 5228 2225 5281 iis
2271 5230 2362 5298 qui
2412 5231 2768 5296 dormierunt,
2800 5239 2850 5284 et
2882 5247 2975 5300 per
3005 5248 3158 5286 onme
3215 5232 3494 5286 sabbatum
3545 5237 3722 5280 memo-

2159 5324 2294 5378 riam
2323 5325 2498 5395 facere
2528 5326 2739 5380 solitam
2797 5330 3124 5384 animarum.
3174 5329 3539 5398 Prudentique
3567 5324 3639 5376 bis
3671 5321 3718 5372 in

2159 5431 2299 5470 anno
2335 5419 2641 5487 panegyrim
2675 5420 2941 5474 celebrare
2970 5422 3493 5476 commentorutionis
3527 5416 3718 5470 anima—

2160 5526 2299 5576 rum,
2333 5513 2582 5564 nimirum
2624 5510 2853 5566 Sabbato
2881 5516 3207 5580 prazcedente
3241 5514 3567 5567 Dominicam
3601 5506 3720 5561 Car.

2159 5600 2396 5667 nispririi
2444 5611 2494 5655 et
2526 5603 2745 5657 sabbato
2795 5616 2916 5660 ante
2976 5595 3336 5662 Pentecoste".
3373 5604 3492 5657 llaec
3521 5600 3716 5656 Genua-

2161 5693 2302 5748 dius.
2336 5695 2520 5752 Annus
2559 5711 2666 5764 quo
2694 5698 2922 5769 contigit
2969 5701 3074 5754 hoc
3107 5699 3224 5754 loco
3254 5709 3471 5752 narrata
3518 5690 3714 5745 Andro-

2160 5790 2267 5843 nici
2329 5787 2772 5848 Thessalonicam
2807 5792 3098 5864 profectio,
3132 5802 3189 5850 ut
3239 5794 3380 5848 infra
3423 5789 3458 5843 l.
3487 5801 3566 5852 ut,
3593 5799 3637 5838 c.
3667 5777 3712 5843 7,
