4036 6400
407 380 512 445 $11

1867 386 1937 448 ’Ν
1943 388 2137 452 ΟΤΑΞ.

3577 385 3682 448 813

404 494 712 563 ostendam,
750 495 849 552 fuit
875 480 1074 555 Christi
1108 499 1272 557 ιεοο.
1295 499 1398 567 Qui
1425 515 1605 556 annus
1633 516 1754 554 cum
1789 517 1978 556 nume-
2011 519 2064 580 Α
2088 502 2342 572 βασιλεὺς
2367 500 2538 567 ἔξεισι
2559 518 2572 532 ο
2602 500 2746 556 Tum:
2776 500 2940 572 igitur
2959 509 3184 569 paratus
3210 501 3498 565 imperator
3527 505 3680 557 exiit.

403 587 607 639 raverit
642 589 849 658 cyclum
881 591 1014 646 solis
1053 593 1145 655 20,
1171 594 1256 648 cui
1299 596 1565 662 competit
1597 591 1780 649 littera
1822 594 1981 648 index

407 678 699 733 Dotuiuica:
756 680 819 745 D,
870 681 1189 753 intelligitur
1253 685 1343 740 hic
1398 694 1758 739 memoratam
1795 684 1989 739 feriam

400 781 612 825 sextam
646 771 867 827 ineunte
891 772 1196 830 Februario
1215 776 1266 831 in
1285 786 1501 832 sextum
1530 776 1815 832 Februarii
1846 778 1988 832 diem

403 869 688 926 incidisse.
740 871 866 926 Fuit
924 887 1058 941 ergo
1112 873 1238 929 talis
1291 875 1400 930 diei
1454 889 1684 946 vespera
1732 875 1989 930 inchoata

403 964 860 1018 commemoratio
907 964 1290 1020 defunctorum
1345 980 1493 1022 mere
1541 967 1988 1032 ltebdomadaria,

403 1068 510 1106 non
548 1064 730 1108 autem
762 1070 866 1110 una
900 1071 967 1110 ex
995 1057 1342 1113 solemnibus
1373 1067 1717 1114 mortuorum
1750 1074 1993 1131 panegy-

405 1146 576 1209 ribus,
609 1162 730 1216 qua:
769 1148 874 1214 bis,
902 1156 959 1203 ut
986 1164 1048 1202 ex
1087 1149 1374 1206 Gennadio
1402 1150 1731 1217 audivimus,
1761 1151 1814 1204 in
1849 1165 1992 1206 anno

402 1243 731 1295 casremouia
795 1242 1137 1310 exquisitiori
1173 1243 1549 1310 celebrantur,
1579 1243 1824 1298 Sabbato
1849 1259 1992 1314 prae-

405 1334 632 1388 cedente
670 1332 1003 1390 Dominicam
1068 1337 1356 1408 ’Λπόκρεω
1387 1339 1523 1400 sive,
1557 1346 1615 1392 ut
1665 1352 1787 1392 cum
1833 1337 1992 1406 vulgo

405 1427 621 1495 loquar,
656 1427 1006 1497 Caruispririi
1037 1428 1372 1495 Graecorum,
1402 1445 1523 1497 quae
1554 1429 1816 1484 coincidit
1865 1443 1990 1482 cum

404 1528 596 1573 nostra
629 1519 910 1575 Dominica
939 1521 1332 1593 Sexagesima,
1356 1533 1409 1576 et
1441 1520 1683 1576 Sabbato
1707 1531 1833 1577 ante
1854 1519 1992 1576 Peu-

408 1620 677 1666 tecostcu.
726 1612 862 1666 Nam
921 1613 989 1668 de
1043 1613 1284 1668 Sabbato
1339 1614 1558 1684 quidem
1614 1613 1992 1679 Pentecostes,

405 1705 542 1759 satis
571 1715 720 1775 patet
749 1722 912 1776 quam
948 1723 975 1760 a
1031 1723 1214 1763 mense
1245 1706 1546 1763 Februario
1597 1719 1864 1762 remotum
1899 1708 1990 1763 sit.

2095 589 2314 657 ltaille,
2347 594 2610 650 translata
2664 594 2731 647 ad
2790 605 3116 664 apparatum
3174 593 3525 662 profectionis
3577 594 3686 649 diei

2095 700 2427 756 para-sceves
2467 687 2824 754 expressione
2857 703 2870 752 ;
2903 700 3012 754 quo
3051 695 3106 739 et
3137 685 3288 740 valde
3310 685 3689 756 superficiarie

2095 777 2414 832 defunctum
2443 779 2586 832 hunc
2607 779 3026 848 epitomatorem
3051 787 3296 847 apparet,
3321 789 3376 832 et
3401 793 3506 832 non
3531 779 3692 832 valde

2095 867 2268 925 fuisse
2297 871 2530 940 peritum
2565 871 2767 926 rituum
2801 869 3118 926 Graecorum
3152 870 3391 942 suspicio
3417 883 3688 926 movetur.

2095 962 2212 1017 Non
2255 961 2429 1018 fuisse
2468 963 2599 1018 mihi
2662 971 2844 1019 tamen
2906 963 3057 1019 illum
3117 965 3396 1030 inutilem,
3432 964 3521 1020 hic
3575 965 3693 1035 ipse

2094 1063 2251 1124 grate
2280 1057 2570 1126 prolitendi
2606 1056 2760 1111 locus
2790 1066 2893 1113 est.
2922 1057 3055 1111 Nam
3092 1057 3340 1128 (praedam
3377 1058 3433 1113 in
3464 1059 3569 1114 hoc
3599 1075 3692 1114 ca-

2095 1146 2226 1216 pite,
2265 1156 2429 1216 prout
2458 1148 2786 1204 describitur
2817 1149 2870 1202 in
2901 1147 3184 1204 codicibus
3215 1149 3426 1204 duobus
3448 1150 3690 1218 alioquin

2094 1237 2340 1307 optimis,
2392 1239 2656 1296 diminute
2705 1249 2799 1294 aut
2845 1240 3248 1296 confusiuscule
3297 1242 3473 1310 posita
3505 1258 3693 1298 exser-

2057 1319 2059 1321 ’
2097 1326 2204 1381 tius
2225 1324 2522 1382 Vaticanus
2551 1329 2946 1398 paraphrastes
2980 1339 3036 1386 et
3077 1331 3483 1397 intelligibilius
3525 1347 3695 1401 expo-

2097 1416 2194 1470 nit.
2226 1417 2404 1483 Quare
2435 1419 2694 1472 nonuihif
2713 1435 2778 1475 ex
2799 1421 2887 1474 illo
2908 1421 3274 1489 interpretans
3298 1422 3527 1490 adscivi;
3550 1428 3694 1493 quod

2095 1507 2256 1575 quale
2282 1508 2374 1574 sit,
2399 1524 2486 1575 ne,
2510 1509 2604 1565 cui
2633 1509 2771 1566 forte
2797 1511 2847 1565 id
2876 1528 3023 1567 curae
3047 1514 3230 1578 fuerit,
3269 1514 3503 1585 ignoret,
3532 1517 3694 1569 verba

2095 1601 2213 1668 ejus
2232 1600 2318 1654 hic
2342 1601 2634 1656 ascribam.
2663 1601 2809 1658 Loco
2833 1605 2997 1672 igitur
3027 1619 3225 1659 eorum.
3242 1621 3362 1676 quae
3391 1617 3697 1677 sequuntur

2097 1693 2148 1747 in
2176 1703 2363 1748 nostro
2395 1706 2655 1750 contextu
2680 1696 2871 1752 Graeco
2893 1700 3125 1768 postilla
3155 1701 3317 1755 verba
3351 1699 3605 1772 Ἰωάννης
3635 1701 3694 1769 δέ

406 1772 708 1852 Sabbatum
742 1772 920 1854 autem
954 1799 1249 1855 Dominicae
1278 1799 1636 1869 Carnisprivii
1675 1801 1990 1856 Graecorum
2027 1876 2053 1880 ᾼ
2098 1804 2270 1880 usque
2304 1772 2371 1843 8'4
2397 1789 2562 1846 ﬁnem
2591 1793 2811 1864 capitis,
2835 1792 3137 1850 Vaticanus
3163 1795 3225 1867 [P
3249 1795 3376 1869 545]
3408 1798 3520 1851 [nec
3540 1801 3695 1880 exbl-

406 1891 522 1944 sive
579 1890 968 1960 Sexagesimae,
1011 1893 1105 1947 illo
1145 1908 1288 1947 anno
1323 1891 1532 1948 Pascha
1570 1894 1634 1948 19
1663 1895 1864 1964 Aprilis
1895 1894 1990 1948 ha-

2105 1881 2215 1935 bet:
2242 1881 2302 1934 '0
2325 1882 2382 1935 δὲ
2399 1883 2747 1955 πατριάρχης
2765 1886 2938 1957 ἔμαθε
2961 1889 3027 1940 τὰ
3049 1889 3417 1960 βουλευόμενα
3439 1876 3697 1960 παρατι-

409 1985 591 2045 bente,
615 1983 716 2036 luit
745 1985 858 2039 dies
892 1984 955 2038 21
996 1983 1300 2050 Februarii,
1321 1999 1441 2054 qua:
1469 1983 1534 2038 ad
1560 1984 1854 2053 Ληναιῶνα
1878 1985 1995 2037 ἐνε-

409 2077 650 2146 στηκότα
683 2077 948 2131 ineuntem
982 2075 1340 2131 Februarium
1371 2077 1517 2132 nullo
1547 2087 1706 2147 pacto
1735 2067 1993 2145 pertinet.

409 2167 609 2223 Notum
637 2170 839 2239 quippe
865 2171 1001 2226 satis
1030 2168 1218 2226 decem
1254 2178 1467 2224 tantum
1504 2170 1710 2239 primos
1736 2169 1999 2237 cujusque

413 2265 619 2317 mensis
646 2265 765 2319 dies
799 2265 902 2318 ista
934 2264 1106 2335 μηνὸς
1140 2263 1497 2335 ἐνεστηκότος
1529 2263 1724 2317 mensis
1762 2263 1996 2316 ineuntis

413 2356 554 2425 apud
589 2354 808 2411 Graecos
845 2355 1214 2424 appellatione
1260 2354 1571 2426 designari;
1604 2370 1726 2410 cum
1783 2354 1876 2423 qui
1910 2367 1996 2409 se-

412 2457 653 2516 quuntur
683 2448 750 2502 ad
780 2448 850 2502 20
882 2447 1141 2520 μεσοῦντι
1175 2446 1306 2518 μηνί
1336 2447 1592 2502 medianti
1651 2447 1838 2506 mensi.
1871 2446 1999 2501 reti.

413 2540 505 2610 qui
566 2545 634 2594 ad
693 2541 854 2595 linem
915 2556 1102 2620 usque
1131 2540 1378 2612 λήγοντι,
1411 2541 1513 2596 hoc
1566 2549 1650 2596 est
1703 2531 2000 2602 desinenti,

417 2633 588 2688 mensi
627 2634 959 2689 tribuantur.
992 2635 1174 2703 Atque
1211 2635 1312 2688 hoc
1355 2633 1552 2702 ipsmn,
1606 2632 1862 2687 videlicet
1911 2648 2002 2686 or-

414 2725 682 2781 dinariam
717 2736 772 2781 et
807 2726 1293 2783 hebdomadariam
1328 2728 1596 2782 duntaxat
1641 2725 1808 2781 fuisse
1857 2726 2001 2781 hanc

413 2821 989 2875 commemorationem
1044 2831 1406 2885 mortuorum,
1441 2820 1646 2876 indicat
1698 2829 1882 2876 noster
1915 2818 2004 2874 lti-

411 2913 674 2981 storicus,
731 2913 858 2968 dmn
912 2929 1019 2968 non
1078 2914 1607 2985 πανηγυριζομένων
1642 2915 1736 2969 sed
1788 2930 2000 2984 μνημο-

411 3007 721 3078 νευομένων
775 3007 880 3064 hoc
932 3009 1051 3062 loco
1104 3008 1213 3062 τῶν
1267 3007 1692 3077 κεκοιμημένων
1729 3006 1999 3061 meminit.

413 3097 748 3155 Meutionem
785 3113 948 3168 porro
984 3099 1074 3153 hic
1125 3099 1325 3154 factam
1390 3113 1742 3154 accensurum
1793 3095 1999 3160 lacum,

410 3205 576 3258 quam
617 3205 717 3258 ego
780 3191 1237 3260 interpretatione
1271 3193 1338 3246 ad
1373 3191 1811 3246 ecclesiasticum
1845 3204 1999 3242 usum

2098 1990 2210 2037 νος.
2239 1975 2448 2040 Ἕξεισι
2470 1978 2601 2046 γοῦν
2617 1977 2696 2048 τῷ
2715 1979 2928 2049 βασιλεῖ
2950 1983 3345 2050 συνταξάμενος
3367 1988 3458 2036 καὶ
3477 1983 3697 2053 sinapi.

2098 2065 2307 2120 τούτων
2332 2069 2456 2141 κινή
2468 2087 2574 2123 σων
2598 2071 2944 2143 βουλόμενος.
2974 2074 3155 2129 Πολλὰ
3184 2075 3301 2147 γὰρ
3323 2074 3392 2148 ἦν
3422 2075 3492 2130 τὰ
3521 2093 3698 2148 προσ-

2104 2157 2384 2228 ιστάμενα
2399 2161 2476 2232 τῷ
2504 2163 2943 2236 συναλλάγματι,
2972 2167 3192 2236 πρῶτον
3215 2168 3276 2221 τὸ
3303 2169 3574 2223 ἀπολῦσαι
3599 2170 3700 2242 τὴν

2104 2247 2244 2302 ἰδίαν
2294 2256 2533 2318 γυναῖκα
2567 2253 2663 2307 τὸν
2695 2256 2938 2328 κράλην,.
2963 2258 3220 2331 δεύτερον
3278 2260 3540 2330 ἁνήλικον
3596 2263 3699 2331 τῆς

2104 2341 2398 2412 Θυγατρδς,
2437 2343 2625 2414 τρίτον
2657 2345 2724 2398 τὸ.
2751 2347 3092 2418 ἀκουσθῆναι
3141 2349 3214 2414 ὡς
3274 2351 3699 2422 ὲπιᾶημήσασαν

2101 2433 2203 2503 τὴν
2252 2435 2497 2506 μοναχὴν
2541 2440 2989 2510 γυναικαδέλφην
3013 2442 3109 2495 τοῦ
3145 2444 3427 2512 προτέρου.
3458 2443 3697 2512 ἁδελφοῦ

2105 2527 2383 2598 Σιεφάνου
2413 2528 2510 2582 τοῦ
2538 2531 2720 2602 κράλη
2761 2535 2841 2596 εὶς
2868 2533 3105 2604 Σερϐἱαν
3141 2535 3274 2588 ἰδεῖν
3303 2536 3403 2608 τὴν
3431 2535 3695 2605 ἀδελφὴν,

2100 2617 2226 2688 ἥτις
2251 2613 2318 2690 ἦν
2348 2619 2492 2692 γυνὴ
2523 2621 2618 2674 τοῦ
2651 2621 2950 2692 Στεφάνου,
2984 2624 3134 2688 ὅστις
3188 2621 3257 2697 ἦν
3286 2628 3383 2682 καὶ
3409 2626 3699 2695 κατεαγὼς

2101 2710 2162 2762 τὸ
2192 2709 2386 2776 σκέλος
2413 2728 2426 2741 ·
2461 2712 2550 2766 διὰ
2579 2713 2736 2768 τοῦτο
2788 2715 2886 2768 καὶ
2934 2717 3311 2788 ἀπραγμόνως
3348 2719 3445 2788 ἔζη
3474 2736 3487 2750 -
3532 2719 3692 2783 αὐτὸς

2104 2800 2214 2873 γὰρ
2243 2798 2311 2874 ἦν
2330 2802 2670 2874 δικαιότερος
2693 2806 2792 2876 τὴν
2813 2807 2988 2878 ἀρχὴν
3011 2808 3179 2880 ἔχειν,
3200 2809 3274 2874 ὡς
3300 2811 3516 2881 πρῶτος
3540 2812 3699 2865 ἁδελρ

2107 2895 2208 2964 φός
2235 2911 2251 2926 ·
2291 2896 2430 2969 αὑτὴ
2463 2897 2595 2966 γοῦν
2631 2901 2664 2972 ἡ
2695 2902 2922 2974 μοναχῆ,
2943 2906 3038 2978 καὶ
3069 2903 3162 2958 τοῦ
3203 2904 3473 2975 βασιλέως
3501 2901 3569 2977 ἦν
3595 2923 3696 2974 γυ-

2105 2988 2440 3061 ναικαδὲλφη
2470 2993 2535 3044 ἐκ
2559 2992 2659 3060 τῆς
2687 2993 2783 3046 τοῦ
2824 2995 2990 3064 ῥηγὸς
3021 2997 3340 3066 Οὐιγγρεαςι
3356 2999 3399 3050 Τ
3403 2999 3576 3070 αὐτην
3602 3000 3699 3053 οὖν

2105 3079 2272 3150 (forte
2295 3084 2490 3156 ταύτῃ)
2525 3085 2802 3153 πορνικῶς
2836 3087 3085 3160 ἠκούσθη
3130 3091 3481 3162 συμμιγῆναι
3510 3095 3536 3147 ὁ
3561 3096 3696 3164 upi-

2106 3171 2204 3242 λης
2228 3173 2258 3226 ὁ
2287 3176 2388 3246 τὴν
2428 3176 2708 3249 θυγατέρα
2740 3181 2836 3235 τοῦ
2865 3181 3136 3251 βασιλέως
3160 3183 3476 3255 λαμϐάνων.

413 3252 636 3360 revoco,
697 3296 802 3336 non
855 3252 1031 3337 deerit
1062 3282 1200 3338 forte
1239 3284 1331 3353 qui
1368 3284 1669 3338 contendat
1720 3281 1787 3335 ad
1848 3296 1997 3336 mere

2176 3265 2240 3322 P.
2275 3268 2403 3324 506.
2441 3269 2800 3328 Euarratores
2835 3252 3248 3346 Ascrwipoetw.
3282 3278 3430 3334 Sane
3463 3279 3514 3334 in
3547 3279 3696 3336 Grat-

412 3371 630 3426 civilem
667 3371 1007 3429 referendam
1039 3374 1207 3430 fuisse
1236 3375 1524 3431 rationem.
1556 3373 1846 3428 Enimvero
1904 3389 2005 3429 nec

411 3481 518 3532 ego
549 3465 740 3532 ignoro
782 3465 874 3518 tali
906 3466 1224 3536 plerumque
1251 3466 1525 3520 locutione
1559 3465 1831 3534 designari
1867 3475 2003 3518 tem-

415 3571 521 3625 pus
552 3572 796 3626 vespera:
827 3557 1028 3612 adultae
1079 3573 1251 3629 usque
1299 3558 1367 3613 ad
1396 3557 1508 3627 jam
1565 3558 2005 3613 increbesceutes

415 3648 674 3703 tenebras
723 3657 848 3719 post
897 3665 1155 3705 occasum
1197 3651 1354 3716 solis,
1387 3652 1607 3722 quando
1658 3652 1726 3704 ad
1758 3665 2009 3706 necessa-

418 3740 560 3793 rium
593 3740 810 3795 videndi
858 3757 1040 3808 usum,
1094 3742 1238 3797 intra
1278 3743 1466 3798 domos
1515 3743 1815 3811 praesertim
1859 3743 2007 3796 faces

416 3833 813 3888 accenduntur.
848 3833 957 3889 Sed
1007 3834 1052 3889 si
1111 3838 1234 3904 quis
1265 3835 1533 3889 attentius
1568 3843 1808 3904 reputet,
1841 3832 2006 3903 759

418 3925 631 3980 videbit
659 3927 806 3981 haud
839 3941 962 3982 esse
993 3926 1293 3982 verisimile
1345 3927 1760 3996 imperatorem,
1794 3939 2007 3980 summa

420 4019 726 4088 praesertim
781 4028 836 4074 et
888 4020 1056 4088 rigida
1095 4019 1299 4086 hieme,
1336 4017 1526 4074 horam
1556 4018 1786 4084 elegisse
1823 4015 2010 4085 profe-

418 4110 589 4164 ctioni
637 4126 704 4166 ex
746 4111 882 4166 urbe
921 4111 1292 4180 capessendae,
1341 4125 1449 4181 qua
1510 4122 1669 4167 nocte
1721 4109 2012 4180 ingruente

418 4219 518 4258 aer
549 4205 719 4272 magis
752 4205 1035 4275 magisque
1064 4206 1478 4260 obscuraretur.
1506 4202 1690 4257 Prima
1723 4217 1856 4272 ergo
1880 4217 2016 4269 pars

421 4298 721 4367 vespertini
748 4299 1034 4368 temporis,
1072 4299 1189 4356 sole
1215 4298 1283 4354 ad
1315 4313 1574 4354 occasum
1607 4305 1871 4368 vergente
1906 4296 2010 4351 sub

423 4391 644 4446 tertiam
699 4395 888 4448 horam
941 4409 972 4448 a
1011 4393 1262 4460 meridie,
1322 4391 1680 4463 intelligenda
1733 4399 1840 4447 est.
1890 4389 2008 4443 Tali

421 4479 572 4533 enim
611 4490 857 4549 tempore
887 4491 1036 4537 recte
1067 4476 1367 4553 imperatur
1398 4498 1520 4537 cum
1556 4482 2010 4537 numerosissima

2106 3358 2185 3414 cis
2212 3361 2440 3418 scholiis
2472 3363 2632 3420 hodie
2685 3365 2738 3419 in
2772 3365 3065 3422 Hesiodum
3098 3373 3442 3427 exstantibus
3476 3373 3597 3443 (fol.
3627 3376 3697 3429 ($8

2107 3453 2195 3505 ed.
2230 3450 2450 3509 Venetae
2502 3455 2809 3514 Trincaveli
2860 3463 2988 3525 anui
3048 3463 3212 3533 1557)
3244 3464 3443 3533 legitur
3494 3466 3558 3520 ad
3605 3467 3697 3522 illa

2109 3554 2281 3612 poeta:
2313 3546 2476 3600 verba
2509 3548 2655 3619 μῆνα
2675 3550 2739 3604 δὲ.
2755 3553 3053 3624 Ληναιῶνα
3085 3557 3200 3611 hinc
3229 3554 3567 3626 Moschopuli
3601 3562 3699 3611 ad-

2110 3639 2317 3692 notatio
2345 3657 2359 3693 :
2393 3641 2551 3694 Κατὰ
2580 3644 2672 3697 τὸν
2703 3645 2852 3716 μῆνα
2880 3647 2939 3700 δὲ
2991 3648 3308 3720 Ληναιῶνα,
3349 3652 3500 3715 ὅστις
3533 3653 3701 3723 760

2109 3729 2226 3782 ἐστὶ
2248 3728 2606 3803 Ἰανουάριος.
2630 3735 2792 3800 Infra,
2815 3738 2908 3792 fol.
2928 3740 2998 3795 '13
3016 3758 3073 3811 ῃ.
3092 3743 3126 3796 2
3144 3754 3266 3811 post
3279 3744 3515 3800 medium
3529 3743 3699 3799 .loau-

2111 3835 2207 3875 nes
2243 3820 2472 3879 Tzelzes
2509 3827 2575 3881 ad
2617 3831 2868 3883 emmiem
2897 3821 3076 3887 locum
3104 3837 3185 3889 sic
3216 3837 3506 3891 observat:
3533 3839 3700 3908 Μῆνα

2110 3910 2168 3965 δὲ
2194 3913 2485 3986 Ληναιῶνα
2515 3919 2607 3972 τὸν
2632 3919 2806 3975 Χοιὰκ
2833 3923 2953 3994 ἦτοι
2983 3925 3074 3978 τὸν
3113 3926 3471 3999 Ἰανουάριον,
3501 3930 3557 3993 ὃς
3587 3933 3701 4002 Λη-

2111 4007 2263 4071 ναιὺς
2289 4009 2440 4080 παρὰ
2473 4012 2626 4066 Ἴωσι
2657 4014 2930 4072 καλεῖται.
2956 4017 3110 4082 Quod
3142 4029 3323 4075 autem
3374 4037 3436 4077 se
3483 4020 3698 4094 Pachya-

2114 4115 2294 4156 meres
2322 4102 2522 4173 alioqui
2561 4103 2977 4164 dissentientem
3035 4110 3087 4164 iu
3140 4111 3244 4168 hoc
3288 4113 3356 4170 ab
3393 4114 3480 4180 iis,
3513 4123 3696 4172 tamen
3743 4160 3746 4162 .

2112 4191 2241 4246 dum
2277 4209 2498 4250 carmen
2534 4200 2676 4267 apud
2731 4199 2879 4269 ipsos
2916 4213 3176 4273 pangeret
3201 4205 3272 4277 (ει
3307 4206 3400 4260 καὶ
3423 4209 3590 4279 ἡμεῖς
3638 4213 3697 4262 ἐν

2113 4286 2226 4347 τοῖς
2251 4286 2373 4340 κατ’
2404 4289 2608 4353 αὐτοὺς
2636 4291 3052 4364 ἐποποιοῦντες)
3087 4297 3242 4366 quasi
3269 4311 3521 4364 excusat,
3553 4304 3698 4369 quod

2113 4391 2300 4432 eormn
2343 4379 2705 4450 improbatam
2762 4386 2898 4440 alias
2957 4389 3292 4444 sententiam
3339 4396 3698 4460 expresserit,

2116 4480 2206 4524 aut
2237 4470 2446 4529 indicat
2479 4489 2539 4530 se
2578 4477 2806 4546 alicujus
2851 4479 3048 4535 horum
3085 4481 3335 4551 magistri
3367 4482 3551 4538 ludum
3583 4487 3697 4540 fre-

421 4589 528 4630 suo
557 4575 824 4630 comitatu
849 4576 978 4631 dare
1000 4591 1060 4631 se
1088 4577 1144 4630 in
1180 4577 1321 4630 viam
1371 4577 1570 4646 potuit,
1598 4575 1844 4645 reliquiis
1873 4575 2002 4628 lucis

2115 4571 2468 4632 quentautem
2516 4582 2611 4622 eos
2659 4585 2850 4626 versus
2899 4573 3330 4643 conscripsisse;
3369 4586 3464 4629 aut
3493 4578 3537 4632 si
3565 4591 3700 4632 aetas

421 4667 637 4722 diurna:
683 4667 994 4723 suﬂecturis
1050 4669 1117 4722 ad
1167 4670 1593 4738 perveniendum
1647 4668 1700 4723 in
1758 4667 2008 4723 dissitam

421 4761 614 4832 paucis
671 4762 1004 4818 milliaribus
1055 4777 1120 4817 ac
1150 4761 1521 4818 suburbanam
1559 4762 1850 4817 stationem
1893 4761 2010 4816 Dri-

423 4869 582 4923 peam
610 4870 624 4908 :
653 4854 729 4909 ibi
763 4855 911 4910 enim
968 4854 1332 4909 diversorium
1391 4853 1629 4908 habebat
1670 4861 1920 4922 paratmn
1956 4857 2008 4906 in

427 4955 646 5001 noctem
684 4946 1085 5016 insequentem.
1117 4944 1233 5001 Non
1267 4959 1398 5014 ergo
1422 4945 1638 5014 quando
1671 4947 1806 4998 urbe
1839 4943 2014 5012 impe-

429 5052 582 5094 rator
611 5039 783 5094 exivit
811 5039 926 5095 sole
975 5039 1156 5093 adhuc
1201 5037 1418 5091 lucente
1461 5037 1642 5091 civilis
1673 5035 2018 5090 necessitatis

426 5131 604 5201 gratia
639 5129 786 5188 faces
810 5131 1272 5195 accendebantur,
1301 5144 1422 5184 cum
1448 5130 1606 5200 longe
1629 5129 2014 5196 crepusculum

427 5226 670 5280 abesset.
700 5226 880 5292 Quare
913 5233 1083 5279 restat
1123 5235 1179 5278 ut
1208 5226 1258 5279 id
1294 5225 1361 5278 ad
1386 5223 1767 5277 caeremoniam
1799 5221 2020 5291 religio-

427 5335 546 5372 sam
580 5317 652 5370 sit
692 5317 1064 5381 referendum,
1094 5316 1354 5387 occupari
1401 5315 1660 5370 videlicet
1711 5313 1873 5370 solita
1899 5311 2014 5380 jam

431 5422 546 5464 tum
609 5411 954 5480 postridiana
1021 5410 1546 5466 commemoratione
1605 5408 2014 5472 defunctorum,

429 5503 798 5558 accendendis
823 5518 919 5573 per
942 5504 1125 5558 omnia
1163 5502 1359 5572 templa
1393 5501 1710 5556 luminibus.
1735 5500 1815 5554 Ad
1843 5511 1997 5560 extre

432 5611 581 5649 Illum
615 5597 846 5650 observo
879 5597 1206 5652 mentionem
1261 5595 1350 5651 hic
1407 5596 1767 5666 παρασκευῆς
1803 5610 1908 5650 non
1938 5594 2023 5649 in-

433 5688 703 5742 tellectam
736 5703 767 5742 a
810 5687 1072 5743 Vaticano
1119 5689 1478 5759 parapliraste
1525 5689 1680 5757 juxta
1721 5702 1902 5741 veram
1965 5697 2016 5741 ct

432 5781 686 5835 usitatam
718 5780 932 5836 aucmri
988 5782 1264 5838 notionem
1323 5780 1472 5836 feriae
1523 5790 1712 5837 sextrc.
1750 5780 1840 5833 Sic
1871 5780 2015 5834 enim

434 5872 581 5928 hunc
609 5871 787 5928 locum
823 5873 1084 5932 exhibet:
1120 5873 1252 5928 Τότε
1282 5873 1416 5934 γοῦν
1467 5871 1948 5946 παρασκευασθεὶς
1989 5875 2014 5927 ὁ

2118 4653 2202 4706 vel
2238 4655 2384 4710 aliud
2429 4669 2696 4730 repugnet
2749 4663 3042 4731 quominus
3079 4662 3310 4720 .loanuis
3357 4665 3572 4723 Ttetzze
3606 4681 3703 4724 aut

2115 4747 2456 4820 Moschopuli
2489 4750 2856 4824 Pacliymeres
2899 4757 3115 4812 auditor
3155 4757 3342 4824 fuerit,
3371 4761 3478 4815 dici
3515 4771 3704 4830 posset

2118 4839 2171 4895 id
2206 4855 2429 4897 carmen
2463 4843 2532 4898 ab
2562 4860 2626 4899 eo
2661 4847 2929 4916 srriptum
2961 4851 3089 4902 dum
3129 4849 3527 4922 ludimagistris
3574 4870 3704 4923 ope-

2117 4945 2234 4985 ram
2272 4947 2408 5001 puer
2447 4934 2620 5000 daret,
2653 4937 2742 5003 qui
2791 4934 3084 4992 Hesiodum
3117 4955 3186 4994 ex
3231 4942 3384 5010 prius
3415 4945 3704 5010 publicatis

2118 5022 2346 5079 Joannis
2391 5024 2605 5082 Tzetza:
2651 5039 2748 5082 aut
2786 5031 3028 5100 cujusvis
3062 5033 3293 5089 alterius
3341 5038 3703 5105 expositioni-

2117 5117 2222 5172 bus
2259 5132 2601 5175 enarrareut.
2638 5120 2756 5176 Dixi
2785 5132 2839 5177 et
2871 5125 2937 5179 de
2965 5126 3048 5179 bis
3079 5125 3132 5180 in
3163 5125 3461 5182 Glossario.

2195 5207 2251 5262 Ρ.
2273 5209 2396 5264 308.
2437 5211 2524 5274 Ὠς
2544 5212 2672 5282 μήτ’
2695 5212 2829 5267 αἰδὼ
2855 5216 2984 5287 παρ’
3003 5216 3252 5288 ἀλλήλων
3272 5219 3502 5274 ἀπεῖναι
3523 5221 3703 5290 σφίσι.

2124 5300 2278 5357 Ultro
2300 5301 2476 5357 fateor
2497 5319 2584 5360 me
2612 5305 2666 5360 in
2695 5305 2783 5362 bis
2830 5308 3014 5366 verbis
3059 5312 3400 5383 supplevisse
3439 5315 3705 5383 syllabam

2121 5399 2202 5456 ἀπ
2237 5398 2288 5452 in
2319 5383 2486 5453 verbo
2521 5394 2685 5468 εἶναι,
2733 5404 2878 5472 quod
2929 5405 3107 5460 solum
3141 5408 3193 5462 in
3221 5407 3546 5462 eondicibus
3577 5407 3710 5471 Βςρι

2121 5490 2168 5544 Α
2206 5491 2507 5562 legebatur,
2541 5494 2736 5551 mendo
2786 5509 2816 5551 a
2848 5495 2949 5552 loci
2979 5497 3251 5556 sententia
3287 5499 3577 5556 manifeste
3611 5519 3701 5556 re~

2123 5589 2370 5656 darguto.

2193 5681 2255 5740 P.
2282 5681 2409 5736 5‘21.
2440 5681 2686 5754 Respicit
2714 5685 2798 5740 his
2828 5693 3021 5743 auctor
3067 5701 3180 5742 rem
3230 5697 3503 5741 narratam
3531 5686 3702 5746 Iliad.

2124 5776 2148 5828 δ
2185 5792 2213 5831 a
2246 5792 2298 5830 v.
2333 5775 2402 5831 93
2439 5778 2504 5831 ad
2535 5777 2659 5832 154.
2693 5777 2767 5831 lbi
2795 5777 3077 5834 Pandarus
3113 5779 3352 5837 refertur
3382 5780 3704 5834 inobserva-

2128 5883 2212 5928 tus
2251 5882 2304 5929 ct
2337 5883 2527 5930 contra
2569 5873 2727 5929 lidcm
2765 5871 2903 5942 pacti
2961 5871 3182 5930 ftedcris
3217 5875 3469 5948 sagittam
3509 5873 3560 5928 iu
3597 5873 3704 5930 Me-
