4036 6392
393 335 506 399 819

1321 341 1387 402 P.
1425 338 1725 401 POSSINI
1767 337 2416 400 OBSERVATIONUM
2457 339 2606 400 LIB.
2647 338 2731 401 Ii.

3552 341 3662 409 820

398 447 610 502 telaum
638 448 954 516 immisisse,
982 463 1102 518 quae
1157 457 1337 504 tamen
1372 462 1639 502 summam
1677 447 1750 501 illi
1783 449 1978 501 dunta-
2010 450 2050 503 Α
2082 447 2271 512 cendo,
2308 445 2372 518 [P
2405 447 2532 520 547]
2579 449 2789 504 abunde
2826 449 3110 506 universos
3141 464 3241 520 pro
3293 460 3441 506 recte
3482 465 3546 508 ac
3575 453 3658 507 vi-

399 547 686 593 xatcutem
715 539 1330 608 perstrinxeritleviter.
1356 538 1410 592 In
1436 553 1544 608 quo
1571 536 1850 592 dissimilis
1875 537 1978 592 fuit

398 628 581 683 critus
624 631 908 698 utriusque
944 630 1311 700 jaeulationis.
1359 629 1497 684 Nam
1533 632 1647 685 tunc
1683 631 1751 686 ab
1803 631 1976 684 Alano

400 720 516 788 pari
558 719 748 774 fraude
795 723 1130 793 perﬁdiaque
1160 731 1430 778 attentata
1480 739 1644 794 grave
1677 740 1734 779 re
1767 738 1894 778 vera
1921 733 1975 778 et

399 811 733 880 profundum
761 814 955 868 vulnus
985 814 1039 868 in
1076 815 1264 870 Raulis
1297 816 1474 886 magni
1511 815 1796 870 domestici
1831 816 1974 870 vita—

399 905 468 957 lia
515 909 757 972 pertulit,
801 924 909 978 quo
944 919 1193 978 spectant
1251 910 1341 964 illa
1382 911 1573 987 _nostri_
1611 911 1775 964 verba
1808 908 1977 979 ὀϊστῷ

401 997 608 1067 βάλλει,
642 998 738 1051 καὶ
771 1001 1015 1070 καιρίαν,
1040 1002 1099 1054 οὐ
1129 1002 1250 1054 κατ’
1285 1001 1492 1056 ἐκεῖνον
1523 1001 1738 1072 (nempe
1764 1001 1979 1058 Panda-

408 1089 549 1158 rum)
583 1091 797 1160 πληγὴν
823 1091 1007 1145 δίδωσι
1035 1110 1048 1147 :
1079 1095 1144 1147 de
1173 1091 1408 1148 Pandari
1439 1093 1583 1149 enim
1616 1093 1725 1150 telo
1756 1094 1835 1150 sic
1867 1093 1975 1150 ﬂo-

407 1195 588 1233 rnerus
627 1182 819 1235 scribit

411 1268 773 1337 Ἀκρότατον
805 1272 861 1327 δ’
884 1274 976 1343 ἄρ’
1005 1275 1209 1342 ὀΐστδς
1237 1275 1544 1347 ἐπέγραψε
1572 1279 1725 1348 χρόα
1753 1278 1971 1349 φωτός.

399 1361 674 1417 Summam
692 1367 1042 1435 extitttamque
1066 1369 1259 1438 sagitta
1281 1372 1638 1438 superscripsit
1661 1381 1828 1426 cutem
1851 1372 1972 1427 viri.

402 1455 557 1508 liai‘tli
590 1458 999 1521 autemAlanus
1032 1461 1284 1532 καιρίαν,
1321 1463 1421 1517 hoc
1447 1475 1532 1518 est
1565 1464 1727 1518 altam
1753 1474 1810 1519 et
1839 1466 1975 1532 peri-

401 1545 665 1609 culosam,
693 1548 738 1602 si
767 1563 875 1602 non
915 1551 1078 1604 etiam
1111 1551 1344 1619 letalem,
1376 1552 1552 1607 inlisit
1584 1553 1816 1623 plagam.

474 1637 559 1710 [Ρ.
586 1639 712 1712 525]
745 1641 805 1696 Ρ.
835 1641 961 1696 525.
993 1643 1118 1697 Hme
1143 1645 1371 1713 digitum
1402 1647 1686 1701 intendunt
1719 1649 1770 1702 in
1802 1647 1974 1718 Odys-

393 1749 536 1786 seam
597 1752 656 1803 μ,
688 1735 776 1790 ubi
807 1735 976 1790 refert
1025 1748 1181 1804 poeta
1217 1739 1413 1793 vidisse
1443 1738 1692 1808 Ulyssem
1729 1751 1913 1803 raptos
1941 1754 1969 1791 a

395 1829 573 1898 Scylla
610 1829 846 1900 discerpi
877 1846 942 1886 ac
968 1831 1147 1885 vorari
1184 1846 1279 1885 sex
1317 1845 1348 1885 e
1385 1831 1499 1884 suis
1537 1831 1726 1896 sociis,
1755 1845 1970 1884 summo

391 1920 582 1974 dolore
615 1936 735 1987 suo,
786 1922 927 1991 quod
970 1921 1039 1977 iis
1076 1921 1335 1992 epituiari
1371 1921 1518 1976 nullo
1551 1935 1714 1992 pacto
1762 1932 1966 1992 posset.

393 2010 548 2067 Unde
581 2012 656 2065 ait
687 2029 702 2067 :

398 2105 720 2175 Οἷιιτιστον
744 2104 824 2173 δὴ
853 2105 1020 2160 κεῖνο
1071 2105 1240 2174 ἐμοῖς
1279 2105 1415 2160 [dor
1462 2105 1826 2175 ὀφθαλμοῖσι

391 2173 647 2227 Πάντων
676 2175 815 2228 duo"
840 2173 1137 2244 ἐμόγησά,
1159 2180 1382 2244 πόρους
1416 2173 1559 2241 ἁλὸς
1595 2177 1965 2244 ἐξερεείνων.

390 2263 508 2320 Non
556 2267 727 2334 potuit
756 2277 936 2322 autem
969 2277 1154 2321 noster
1180 2267 1372 2336 aptiori
1405 2267 1641 2336 imagine
1676 2283 1969 2338 repra-seno

375 2367 513 2414 1are
547 2360 846 2415 cordolium
885 2359 1255 2424 Romanorum
1307 2375 1436 2416 suos
1490 2364 1638 2417 cives
1677 2363 1730 2416 in
1766 2365 1898 2418 mari
1935 2379 1964 2417 a

391 2451 585 2520 piratis
641 2451 879 2506 cruciari
912 2467 942 2506 e
971 2452 1151 2507 littore
1181 2454 1549 2523 spectantium
1587 2455 1705 2510 sine
1747 2455 1852 2509 ulla
1890 2456 1966 2508 fa-

391 2542 594 2597 cultate
631 2546 1010 2604 succurrendi.

462 2633 522 2689 P.
553 2636 680 2690 327.
725 2635 914 2691 Fuerit
954 2639 1069 2692 haec
1097 2638 1392 2710 Thyma'na
1445 2639 1596 2702 urbs,
1627 2655 1790 2708 quam
1835 2639 1961 2694 Pto—

388 2727 614 2784 iomaaus
645 2730 696 2782 in
729 2729 938 2784 Galatia
976 2731 1210 2787 collocat
1236 2748 1250 2796 ;
1278 2733 1432 2802 cujus
1463 2744 1518 2787 et
1549 2733 1812 2788 Arrianus
1849 2751 1960 2788 me-

389 2821 542 2873 tninit
576 2820 628 2874 in
675 2821 907 2890 Periplo.
937 2824 1040 2878 Alii
1074 2822 1461 2878 Teuthraniam
1503 2826 1802 2893 appellant.

457 2911 519 2967 P.
556 2913 681 2968 338.
707 2915 991 2984 Sumptutn
1039 2932 1103 2971 ex
1137 2918 1289 2972 iliad.
1320 2934 1372 2984 ε,
1403 2933 1454 2971 v.
1491 2917 1598 2972 449
1627 2938 1640 2973 :

380 3005 576 3079 Αὐτὰρ
589 3005 628 3079 ᾖ
655 3005 706 3079 γ’
727 3005 982 3079 εἴδωλον
1003 3008 1164 3072 τεῦξ’
1183 3011 1591 3079 ἀργυρότοξος
1631 3013 1955 3079 Ἀπόλλων,

452 3073 620 3139 Αὐτῷ
647 3076 701 3127 τ’·
726 3078 932 3144 Αἰνείᾳ,
979 3073 1230 3145 ἴκελον(
1263 3073 1362 3133 imi
1411 3073 1662 3149 τεύχὲσι
1693 3083 1882 3137 τοῖον.

661 3189 820 3246 Unde
852 3191 1106 3261 Virgilius
1133 3173 1352 3250 Ait-eid.
1394 3195 1460 3250 10
1489 3214 1500 3250 :

463 3299 593 3353 Tum
616 3301 713 3357 dea
749 3305 882 3358 nube
902 3323 1029 3359 cava
1063 3319 1269 3360 tenuem
1301 3309 1414 3363 sine
1441 3309 1636 3364 viribus
1665 3311 1905 3365 umbram

456 3369 523 3448 in
558 3371 752 3448 faciem
783 3373 995 3439 xEneae,
1024 3379 1138 3431 visu
1172 3379 1412 3434 mirabile
1442 3392 1760 3448 monstrum,

457 3441 752 3498 Dardaniis
772 3457 928 3500 ornat
950 3448 1090 3502 telis.

455 3555 516 3610 P.
545 3557 672 3612 550.
705 3559 836 3626 Quae
867 3561 957 3616 hic
996 3562 1235 3618 citantur
1291 3580 1356 3618 ex
1408 3563 1611 3620 Ethieis
1653 3565 1712 3621 S.
1741 3566 1952 3634 Basilii,

384 3647 528 3704 inter
579 3663 642 3704 ea
687 3665 810 3718 qua
851 3652 953 3706 hoc
987 3655 1206 3707 nomine
1250 3655 1504 3725 leguntur
1543 3657 1595 3710 in
1633 3659 1954 3712 collectione

380 3737 524 3791 edita
544 3753 766 3806 Operum
785 3741 904 3809 ejus
935 3742 991 3798 S.
1113 3761 1215 3798 non
1242 3747 1439 3813 reperi.
1465 3746 1520 3800 in
1540 3747 1702 3816 epist.
1729 3750 1794 3802 ad
1820 3749 1952 3802 Am-

384 3831 742 3898 philochium,
773 3848 896 3889 can.
941 3836 1026 3902 i0,
1059 3835 1114 3906 p2
1151 3838 1255 3891 764
1289 3840 1375 3893 ed.
1409 3839 1614 3903 Paris.,
1661 3855 1752 3896 an.
1791 3842 1950 3908 1618,

381 3925 628 3990 quadam
654 3926 724 3980 de
736 3925 1046 3995 iuramento
1069 3929 1356 3997 habentur,
1379 3945 1408 3986 a
1437 3945 1597 3986 causa
1627 3941 1681 3986 et
1709 3947 1839 3988 casu
1867 3934 1951 3988 hic

381 4031 412 4070 a
461 4015 798 4088 Pacbytnere
849 4028 1084 4077 tractato
1145 4039 1251 4077 non
1298 4025 1521 4078 omnino
1572 4025 1948 4080 abhorrentia.

450 4108 658 4166 R356.
696 4110 841 4167 Vitio
883 4115 1118 4168 vertitur
1159 4115 1416 4185 episcopo
1466 4115 1947 4186 Marmaritziensi,

373 4204 513 4271 quod
547 4201 738 4256 multos
771 4202 931 4256 simul
959 4207 1232 4259 ordinaret
1286 4207 1523 4274 ejusdem
1568 4208 1625 4261 in
1653 4209 1948 4262 sacerdotio

373 4292 576 4346 ordinis
610 4307 719 4346 uua
763 4308 915 4346 saera
949 4294 1238 4362 quetione.
1277 4293 1394 4349 Hoc
1419 4305 1524 4359 est,
1555 4296 1770 4364 opinor,
1803 4298 1948 4365 quod

371 4398 536 4438 causa
588 4385 894 4452 compendii
945 4387 997 4438 in
1039 4387 1499 4449 ordinationibus,
1538 4402 1697 4457 quas,
1734 4399 1786 4440 ιιι
1823 4398 1946 4442 ante

2000 1779 2047 1836 Β

2083 537 2230 591 rititn
2258 539 2490 593 initiatis
2521 541 2799 595 habuisse.

2151 627 2288 684 ibid.
2323 627 2579 696 Quaenam
2609 632 2680 685 sit
2704 632 2789 686 his
2815 632 2994 688 verbis
3022 641 3319 686 memorata
3350 647 3542 703 magna
3565 648 3668 703 sy-

2079 722 2275 785 nodus,
2299 735 2416 792 post
2438 738 2597 793 quam
2619 724 2846 794 episcopi
2872 725 3123 795 defecisse
3149 724 3399 779 dicantur
3426 725 3478 778 in
3503 724 3666 779 Occi-

2079 812 2252 877 dente,
2297 814 2397 867 hoc
2430 825 2536 880 est,
2567 829 2688 868 esse
2740 813 2972 869 desiisse
3021 813 3249 884 legitimi
3295 815 3665 870 ecclesiarum

2080 903 2340 974 prmsules
2405 919 2546 959 verte
2599 904 2960 960 ordinationis
3009 905 3336 958 charactere
3387 903 3666 975 insigniti,

2079 1000 2246 1068 quaeri
2287 1015 2393 1053 non
2433 1001 2705 1054 innnerito
2752 1009 2948 1070 potest.
2991 999 3119 1055 Mihi
3155 1015 3261 1056 non
3297 999 3512 1054 videtur
3555 1002 3665 1054 du-

2079 1092 2224 1146 bium
2252 1095 2379 1164 qttin
2419 1093 2506 1147 hic
2537 1105 2730 1162 agatur
2761 1095 2826 1147 de
2855 1093 3062 1163 synodo
3109 1092 3452 1150 mcumeuica
3492 1091 3526 1147 8
3564 1107 3668 1147 ea-

2077 1183 2308 1254 demque
2331 1183 2940 1252 ConstantinOpolitana
2969 1185 3025 1247 4,
3058 1190 3113 1239 et
3145 1192 3390 1254 tempore
3417 1193 3466 1236 ct
3490 1199 3666 1237 causa

2077 1275 2251 1332 Photii
2278 1277 2572 1339 celebrata,
2615 1277 2850 1332 maxime
2886 1291 3049 1346 super
3078 1276 3469 1331 controversiis
3498 1274 3668 1346 lgna-

2080 1373 2211 1426 tittm
2247 1372 2389 1425 inter
2415 1383 2462 1425 et
2492 1367 2772 1426 Pbotinm.
2803 1369 2934 1424 Post
2971 1369 3114 1425 hanc
3144 1385 3270 1425 cum
3294 1368 3577 1425 fraudibus
3603 1379 3670 1425 et

2078 1462 2374 1517 mendaciis
2396 1463 2509 1517 suis
2537 1460 2762 1517 Pbotius
2786 1463 2856 1518 ita
2881 1460 3100 1517 Graecos
3119 1477 3148 1514 a
3180 1459 3389 1515 Latinis
3419 1460 3672 1516 alienas-

2077 1563 2177 1612 set.
2211 1563 2267 1606 ut
2293 1568 2565 1621 nunquam
2599 1551 2852 1621 deinceps
2884 1553 3020 1608 bona
3046 1551 3152 1607 ﬁde
3173 1555 3426 1607 universa
3453 1551 3666 1606 Orien-

2080 1644 2200 1698 talis
2227 1642 2466 1698 Ecclesia
2487 1660 2607 1698 cum
2633 1643 2967 1699 Occidentali
2995 1643 3669 1706 censenserit,desiermtt

2077 1737 2414 1790 mentitettica
2440 1738 2673 1790 concilia
2702 1736 2754 1790 in
2781 1735 3005 1790 Oriente
3034 1735 3324 1801 celebrari,
3355 1738 3496 1790 unde
3525 1736 3667 1790 ulti-

2050 1869 2052 1871 -
2081 1847 2165 1882 ma
2197 1828 2295 1882 fttit
2324 1841 2510 1883 octava
2544 1829 2684 1884 inter
2719 1846 2814 1886 eas
2847 1849 2964 1900 quae
2995 1834 3235 1902 synodus
3266 1833 3317 1884 in
3353 1829 3667 1886 Orientalis

2078 1920 2291 1994 imperii
2336 1923 2621 1977 celebrata:
2657 1924 2862 1979 ditione
2909 1925 2960 1978 in
2989 1941 3277 1980 commune
3306 1923 3666 1979 consulentes

2076 2015 2330 2069 concordi
2362 2029 2587 2070 assensu
2611 2015 2831 2072 Graecos
2859 2018 3067 2086 pariter
3106 2027 3157 2070 et
3197 2015 3423 2070 Latinos
3450 2016 3666 2070 habue-

2078 2121 2153 2159 re.
2183 2104 2484 2161 Finxerunt
2515 2117 2695 2162 autem
2723 2107 2894 2164 Graeci
2921 2108 3281 2173 schismatici,
3315 2110 3458 2179 quod
3484 2107 3666 2165 refert

2075 2199 2174 2252 hoc
2199 2198 2317 2254 loco
2347 2199 2696 2256 Andronicus
2727 2201 3132 2256 addictissimus
3161 2202 3442 2257 schismati
3479 2211 3531 2256 et
3567 2201 3660 2255 in-

2072 2290 2415 2347 fensissimus
2449 2290 2706 2348 Ecclesia:
2728 2293 3010 2358 Romanae,
3039 2309 3103 2349 ex
3137 2293 3228 2349 illo
3265 2303 3516 2363 tempore
3541 2309 3660 2364 quo

2072 2385 2203 2438 vixit
2223 2383 2449 2438 Pbotins
2473 2394 2525 2440 et
2548 2393 2633 2441 est
2663 2387 2901 2457 synodus
2928 2387 3262 2441 mcumenica
3293 2396 3484 2440 octava
3509 2385 3661 2440 cele-

2067 2473 2243 2538 brata,
2285 2474 2511 2530 desiisse
2563 2475 2614 2529 in
2672 2474 2966 2531 Occidente
3018 2492 3200 2530 veram
3264 2477 3650 2546 episcoporum

2065 2565 2490 2620 successionem.
2528 2565 2601 2620 Dc
2647 2565 2877 2620 condeta
2913 2567 2979 2620 ab
3017 2568 3313 2634 impostore
3356 2565 3650 2620 notissimo

2064 2659 2281 2724 thio,
2331 2671 2378 2715 et
2419 2676 2447 2715 a
2495 2661 2774 2716 Pitotianis
2821 2661 3024 2729 iactata
3079 2658 3306 2728 synodo,
3338 2675 3498 2728 quant
3550 2659 3650 2714 isti-

2066 2753 2284 2808 nomine
2313 2762 2518 2807 octavae
2544 2753 2846 2815 venditant,
2867 2753 2988 2805 vide
3023 2767 3158 2816 opus
3181 2760 3307 2804 ante
3333 2750 3434 2806 bos
3465 2765 3649 2806 annos

2062 2861 2154 2899 sex
2191 2845 2281 2898 hic
2313 2843 2496 2898 Rotnze
2519 2844 2720 2899 editum
2762 2843 2828 2896 ab
2855 2843 2933 2897 ill.
2967 2842 3149 2898 Leone
3181 2842 3400 2908 Allatio,
3431 2843 3532 2898 hoc
3572 2845 3643 2897 ti-

2065 2935 2174 2989 tulo
2204 2949 2219 2987 :
2259 2934 2332 2987 De
2360 2944 2543 2988 octava
2578 2936 2777 3004 synodo
2811 2934 3097 2988 Photiaua.

2133 3025 2292 3095 762
2318 3022 2378 3079 P.
2412 3025 2541 3078 574.
2569 3025 2607 3076 Ε
2635 3029 2853 3093 regione
2885 3025 3076 3079 horum
3103 3027 3392 3080 verborum
3419 3039 3433 3079 :
3479 3025 3644 3094 Ἐμοὶ

1985 3140 2031 3199 C
2068 3117 2189 3188 μὲν,
2215 3119 2426 3184 ἔλεγεν,
2460 3118 2519 3170 ἓν
2549 3120 2869 3184 ἀναγκαῖον,
2893 3126 3021 3182 etc.,
3057 3118 3252 3187 quibus
3285 3117 3640 3172 Andronicus

2063 3209 2346 3279 magnifice
2369 3209 2538 3277 jactat
2564 3226 2723 3262 unum
2754 3211 2854 3263 sibi
2891 3210 3055 3263 videri
3083 3213 3457 3273 necessarium,
3493 3226 3645 3261 esse-

2058 3314 2156 3369 que
2184 3298 2320 3351 idem
2344 3300 2448 3353 vita
2477 3311 2523 3352 et
2554 3300 2743 3367 spiritu
2768 3300 2999 3365 citerius,
3022 3299 3143 3367 ﬁeri
3166 3300 3303 3368 quod
3329 3299 3468 3353 Deus
3497 3300 3638 3362 vult,

2059 3392 2256 3462 legitur
2285 3395 2338 3445 in
2371 3391 2669 3446 Barberino
2697 3393 2885 3447 codice
2919 3395 3230 3447 adnotatum
3266 3394 3316 3446 in
3355 3393 3639 3459 margine:

2070 3484 2231 3550 Ἀλλ’,
2265 3477 2309 3537 ὦ
2344 3485 2618 3556 βέλτιστε,
2657 3485 2772 3538 αἵδε
2802 3485 2995 3554 συχναὶ
3025 3484 3222 3556 ζημίαι
3253 3486 3355 3538 οὐκ
3410 3483 3474 3538 ἂν
3521 3480 3640 3538 εἷεν

2055 3577 2198 3630 Θεοῦ
2229 3579 2469 3650 θέλημα.
2505 3580 2682 3646 Atqui,
2719 3596 2748 3633 ο
2779 3580 2992 3648 optime,
3024 3582 3220 3633 damna
3251 3589 3296 3632 et
3327 3579 3636 3648 infestatio-

2057 3686 2144 3723 nes
2188 3670 2267 3725 lue
2307 3674 2505 3728 crebrte
2563 3691 2664 3728 non
2723 3677 2903 3746 utique
2965 3677 3162 3744 fuerint
3221 3677 3460 3731 voluntas
3511 3675 3634 3730 Dei.

2056 3760 2245 3817 Manus
2269 3780 2430 3832 porro
2453 3780 2555 3833 qua
2593 3767 2706 3821 hare
2729 3768 2890 3821 verba
2921 3769 3120 3836 scripta
3147 3778 3297 3835 sunt,
3317 3786 3423 3822 non
3451 3768 3634 3823 minus

2054 3852 2271 3907 videtur
2306 3857 2529 3924 antiqua
2571 3872 2730 3922 qttam
2772 3858 2886 3927 ipse
2923 3869 3248 3916 contextus:
3283 3859 3439 3924 cujus
3478 3861 3625 3914 seri-

2054 3953 2233 4009 ptura,
2261 3956 2316 3997 ιιι
2349 3946 2815 4013 alias'observavi,
2850 3967 2952 4003 non
2980 3951 3250 4006 immerito
3272 3951 3419 4005 credi
3454 3960 3632 4019 potest

2051 4033 2277 4100 aequalis
2306 4036 2448 4088 ωηιιί
2479 4034 2854 4106 Pachymeris.
2887 4037 3076 4105 itaque
3117 4052 3222 4092 non
3258 4035 3631 4090 inverisimili-

2057 4137 2138 4178 ter
2165 4127 2284 4193 quis
2313 4129 2564 4194 opinetur
2606 4130 2744 4183 hanc
2789 4131 3093 4183 censoriam
3149 4130 3216 4184 ad
3264 4129 3410 4184 hunc
3448 4130 3625 4183 locum

2053 4228 2234 4271 notam
2293 4219 2459 4272 fuisse
2491 4221 2789 4288 appositam
2843 4219 2909 4273 ab
2955 4221 3138 4290 aliquo
3176 4236 3366 4276 eorum
3398 4223 3629 4278 clerico-

2051 4323 2196 4372 rnm,
2227 4323 2364 4376 quos
2419 4325 2526 4364 non
2581 4325 2706 4365 raro
2744 4312 3001 4380 deinceps
3036 4313 3332 4369 historicus
3361 4323 3628 4370 memorat

2051 4400 2169 4452 dira
2227 4416 2516 4468 perpessos
2562 4401 2630 4456 ab
2686 4400 2987 4457 Athanasio
3045 4413 3168 4473 post
3221 4407 3622 4461 restitutionem

375 4472 670 4527 historicus
699 4473 978 4537 retulerat,
1003 4477 1228 4542 pecunia
1264 4479 1536 4540 venderet,
1570 4479 1725 4533 unica
1765 4479 1942 4548 impo-

2063 4493 2104 4544 in
2161 4493 2437 4556 thronum,
2487 4510 2646 4564 quam
2698 4511 2838 4550 nunc
2886 4497 3250 4554 cummaxime
3307 4501 3628 4554 moliebatur

371 4563 574 4617 sitione
609 4578 866 4618 manuum
908 4566 1104 4619 multos
1127 4566 1285 4621 simul
1319 4568 1576 4634 initiaret,
1625 4587 1811 4626 errore
1861 4573 1948 4626 in-

371 4655 648 4709 tolerabili
695 4657 1020 4711 existimans
1059 4659 1196 4712 nihil
1230 4674 1352 4714 esse
1392 4677 1618 4716 necesse
1653 4663 1944 4730 unicuique

369 4744 649 4812 sigillatim
705 4747 868 4803 ritum
923 4746 1074 4801 illum
1129 4764 1344 4804 sacrum
1383 4752 1666 4819 adhibere,
1711 4755 1856 4821 quod
1893 4755 1941 4807 ei

371 4837 649 4892 festinanti
682 4839 820 4894 lucri
857 4838 1152 4894 Sitnoniaei
1187 4842 1381 4908 gratia,
1415 4843 1470 4896 in
1502 4860 1663 4912 quam
1695 4845 1943 4912 plurimis

369 4945 530 4998 quam
584 4931 909 4986 brevissimo
959 4942 1202 5002 tempore
1241 4935 1580 5000 ordinandis,
1621 4936 1675 4990 id
1705 4953 1944 4990 commo-

371 5023 496 5072 dmn
538 5020 833 5085 videretur,
871 5038 1058 5092 parum
1104 5027 1252 5090 pensi
1288 5027 1495 5081 habens
1535 5037 1848 5096 quaestuosa
1885 5044 1943 5083 se

369 5111 579 5179 illigare
610 5114 918 5184 sacrilegio.
959 5115 1097 5185 Ergo
1135 5118 1402 5187 ἱερωσύνη
1450 5120 1804 5172 sacerdotium
1843 5122 1944 5175 hoc

373 5203 494 5257 loco
523 5206 822 5271 generatim
854 5208 1074 5262 ordines
1112 5211 1352 5279 majores
1389 5210 1613 5274 indicat,
1650 5221 1776 5280 puta
1825 5213 1941 5266 dia-

372 5305 630 5350 conatum
681 5307 733 5352 et
771 5300 1232 5370 presbyteratum,
1272 5309 1321 5353 et
1374 5317 1499 5355 eum
1557 5305 1752 5377 multos
1811 5305 1942 5358 dicit

369 5387 606 5455 ejusdem
665 5391 865 5444 ordinis
927 5392 1084 5445 unica
1138 5408 1294 5445 sacra
1340 5395 1653 5446 ca‘remouia
1696 5398 1796 5464 μιᾷ
1850 5414 1940 5448 τε·

371 5479 498 5549 λετῇ
535 5479 840 5547 ordinasse,
869 5481 1139 5552 significat
1169 5485 1358 5552 plures
1377 5485 1718 5551 diaconatus,
1757 5489 1942 5558 plures

369 5574 532 5626 etiam
575 5577 981 5644 presbyteratus
1025 5578 1307 5644 petitores,
1352 5594 1456 5631 non
1512 5580 1740 5648 singulis
1785 5583 1941 5636 adhi-

363 5667 541 5721 bendo
563 5683 780 5723 sacrum
812 5669 998 5733 ritum,
1023 5670 1114 5723 sed
1135 5671 1229 5724 uni
1259 5686 1356 5739 pro
1395 5675 1631 5739 cunctis,
1659 5685 1755 5729 aut
1774 5691 1940 5745 super

366 5777 554 5816 attines
606 5763 657 5816 in
703 5778 988 5818 commune
1020 5765 1399 5818 carennoniam
1440 5766 1730 5834 legitimam
1779 5787 1938 5824 ext-r-

2052 4583 2370 4652 imperator.

2121 4674 2182 4726 P.
2209 4675 2336 4730 389.
2377 4675 2755 4745 Ἐπιρῤητον.
2782 4679 3086 4749 Aliquando
3112 4683 3427 4749 suspicabar
3447 4684 3625 4754 legen-

2049 4765 2174 4816 dum
2217 4765 2518 4834 ἐπάρατον.
2569 4766 2672 4821 Sed
2714 4777 2902 4821 contra
2952 4779 3060 4823 stat
3111 4787 3412 4826 consensus
3468 4775 3619 4827 codi-

2047 4868 2196 4907 cum.
2243 4854 2354 4909 Ncc
2391 4872 2518 4910 vero
2549 4868 2630 4910 est
2663 4873 2886 4912 necesse
2925 4877 2940 4913 :
2977 4876 3100 4912 nam
3147 4874 3198 4913 et
3225 4862 3523 4933 ὲπῐρῤητον
3554 4864 3618 4914 ad

2051 4945 2495 5010 vituperant-mem
2521 4959 2574 5001 et
2593 4949 2988 5004 exsecrationis
3012 4950 3466 5020 significationem
3491 4969 3620 5008 con-

2049 5035 2241 5088 fertur.
2298 5035 2448 5091 Unde
2495 5035 2812 5093 Eustathius
2858 5043 2924 5094 ad
2972 5041 3134 5094 Iliad.
3185 5060 3222 5107 t,
3275 5059 3326 5110 p.
3381 5043 3483 5097 736
3513 5036 3617 5098 'ed.

2048 5125 2206 5179 Rom.
2261 5128 2321 5178 τι)
2359 5129 2658 5200 ὲπίρῤητος
2705 5132 2929 5201 exponit
2985 5135 3388 5205 καταρρήσεωε
3443 5134 3617 5199 ἄξιος,

2047 5219 2342 5272 maledictis
2360 5220 2570 5289 dignus.

2114 5311 2252 5367 ibid.
2304 5313 2454 5370 Nove
2499 5315 2587 5369 hic
2627 5314 2989 5384 Pachymcres
3053 5311 3238 5367 Punici
3277 5313 3614 5383 adiunctum,

2047 5404 2189 5471 quod
2243 5405 2405 5472 vulgo
2452 5407 2648 5460 terrori
2698 5406 3030 5474 lymphatico
3077 5420 3139 5457 ac
3185 5405 3614 5460 consternationi

2046 5496 2238 5550 subitae
2273 5496 2432 5550 tribui
2468 5497 2630 5559 solet,
2653 5499 2846 5550 audaci
2882 5511 3048 5565 supra
3088 5496 3307 5550 modum
3341 5505 3396 5549 et
3434 5496 3483 5550 vi
3509 5512 3631 5553 μιν

2040 5588 2161 5654 jore
2217 5587 2509 5656 aliiatuque
2569 5591 2712 5642 velut
2765 5588 3000 5642 numinis
3061 5588 3338 5640 concitato
3391 5585 3609 5654 impetui

2047 5678 2282 5743 adaptat.
2334 5677 2439 5730 Sed
2488 5680 2746 5746 proclivis
2788 5689 2871 5732 est
2931 5679 3193 5731 transitus
3245 5677 3316 5730 ab
3341 5679 3516 5730 activo
3544 5678 3608 5730 ad

2047 5771 2338 5837 passivum.
2379 5769 2643 5825 Furentcs
2673 5771 2926 5826 videlicet
2959 5781 3153 5837 motus,
3179 5786 3314 5842 quos
3339 5770 3449 5824 Pan
3481 5771 3602 5835 dux,
