4036 6444
436 393 538 458 821

1955 398 2198 459 NOTAE.

3582 391 3694 456 822

443 522 504 565 ut
530 510 726 566 fabula
771 513 945 576 alunt,
979 511 1032 566 in
1069 511 1309 566 exercitu
1337 510 1400 582 [Ρ
1436 507 1567 582 548]
1596 509 1792 565 Bacchi
1819 510 1872 564 in
1898 511 2015 564 suis
2046 516 2086 569 Α
2117 511 2208 564 illa
2251 509 2546 565 Catherina
2597 510 2794 566 deinde
2825 510 3008 578 nupsit
3046 509 3243 564 Carolo
3273 507 3504 584 Philippi
3554 516 3704 580 reg's

443 601 714 656 militibus
767 602 969 664 ciebat,
1005 601 1151 656 unde
1189 601 1263 655 illi
1312 601 1365 656 in
1408 601 1733 671 improvisos
1767 609 1819 653 et
1855 599 2018 656 vehe-

445 695 819 751 mrntissimos
851 693 1084 750 insuitus
1109 694 1486 762 erumpebant,
1510 702 1711 747 metum
1745 693 2015 759 trepidum

446 785 502 838 in
545 785 612 840 iis
635 799 771 854 quos
800 793 1051 856 peterent
1093 787 1369 842 creabant.
1409 783 1522 839 Nisi
1575 783 1720 840 forte
1762 784 1824 838 τὸ
1858 801 2018 839 πανι-

447 875 546 930 κόν
573 879 872 945 generatim
913 893 1130 932 causam
1161 877 1496 945 superiorem
1531 877 1892 930 humanarum
1921 891 2017 930 cu-

370 967 374 972 ’
441 967 752 1036 juscuuque
773 967 986 1035 generis
1013 966 1482 1037 perturbationum
1510 967 1733 1024 indicat.
1771 975 1829 1021 ut
1863 979 2017 1035 atque

449 1060 613 1113 timor
633 1060 941 1122 claudat-ia,
961 1060 1006 1112 si
1030 1073 1136 1112 non
1159 1067 1480 1127 spontanee,
1504 1058 1598 1114 sed
1627 1055 1680 1112 vi
1704 1055 1886 1110 divina
1918 1055 2017 1113 itu-

445 1167 632 1221 pressa
666 1150 890 1212 fuerint.
915 1151 1126 1204 πανικά
1159 1150 1431 1206 dicantur.

517 1241 580 1297 Ρ.
610 1243 734 1298 395.
768 1242 864 1297 llic
891 1257 1050 1312 quem
1078 1242 1435 1313 Pacltymeres
1462 1239 1815 1298 Rontserium
1843 1241 2016 1296 nomi-

447 1345 560 1400 uat,
596 1351 706 1389 non
735 1336 951 1391 videtur
972 1349 1094 1390 esse
1119 1351 1276 1405 posse
1300 1334 1438 1389 alius
1465 1349 1493 1387 a
1524 1333 1758 1402 Rogerio
1787 1331 2008 1398 Lauria,

444 1427 510 1477 de.
537 1440 644 1494 quo
692 1425 856 1479 multa
888 1425 1022 1482 satis
1052 1424 1330 1494 splendida
1387 1435 1575 1480 narrat
1626 1423 1866 1480 Thomas
1905 1421 2010 1478 Fa-

443 1514 610 1569 zcllus
662 1516 715 1570 in
759 1530 922 1588 Opere
963 1519 1028 1571 dc
1068 1518 1222 1571 rebus
1254 1515 1474 1584 Siculis,
1503 1517 1540 1572 Ι.
1568 1531 1646 1580 Ix,
1690 1515 2010 1585 posterioris

441 1608 682 1664 decadis.

513 1699 645 1754 Ibid.
680 1699 876 1754 Merito
906 1714 1024 1770 quae
1049 1699 1308 1768 deinceps
1334 1699 1505 1754 refert
1551 1700 1618 1754 de
1647 1696 1884 1771 Rogerio
1913 1701 2012 1758 Pa-

435 1794 724 1863 cltymeres
769 1792 958 1846 habuit
1002 1792 1116 1857 ipse
1146 1801 1417 1861 suspecta,
1441 1799 1811 1863 praestareque
1847 1793 2004 1847 fidem

436 1885 652 1939 illorum
683 1884 877 1940 noluit.
903 1884 1144 1939 Fuerunt
1186 1885 1353 1946 enim,
1399 1893 1667 1952 quantum
1721 1899 1752 1938 e
1795 1883 2005 1940 Latinis

438 1977 804 2031 monumentis
831 1976 1042 2030 illorum
1060 1982 1365 2045 temporum
1392 1984 1573 2046 potest
1596 1975 1843 2046 intelligi,
1870 1977 2004 2034 falsa

434 2070 716 2137 pleraque,
756 2084 784 2121 a
815 2066 1020 2123 Graecis
1051 2067 1298 2122 videlicet
1340 2068 1466 2123 odio
1497 2068 1548 2121 in
1581 2067 1874 2138 [iugerinm
1906 2085 2006 2126 suo

436 2161 842 2230 imlulgentibus
876 2160 1131 2222 conficta,
1165 2169 1314 2228 puta,
1349 2160 1496 2214 illum
1523 2160 1690 2218 fuisse
1719 2161 1944 2219 militem
1971 2178 2004 2219 e

435 2251 687 2321 religio<o
716 2252 968 2306 sodalitio
991 2251 1446 2321 Templariorum.
1479 2252 1682 2309 Deinde
1709 2254 1853 2310 illius
1881 2254 2006 2311 reli-

428 2343 607 2414 g‘onis
639 2342 819 2396 habitu
852 2342 1056 2410 rejecto
1107 2357 1170 2396 ac
1213 2342 1556 2412 professione
1609 2345 1774 2413 impie
1819 2356 2000 2414 spreta

428 2433 712 2498 piraticam
742 2431 960 2497 fecisse,
988 2433 1114 2486 inde
1141 2445 1366 2486 exosum
1401 2430 1647 2489 Romano
1675 2435 1917 2504 pontiﬁci
1947 2445 2002 2493 et

426 2526 499 2578 ab
525 2539 591 2580 eo
637 2524 705 2578 ad
731 2539 925 2594 pcenas
974 2525 1217 2594 petitum,
1253 2533 1309 2578 et
1357 2525 1596 2592 similia;
1639 2541 1867 2596 quorum
1902 2544 2002 2584 nec

428 2621 547 2671 vola
585 2632 686 2673 nec
713 2617 993 2686 vestigium
1033 2619 1085 2671 in
1117 2616 1236 2686 ejus
1266 2617 1426 2672 rebus
1446 2617 1664 2687 prolixe
1698 2635 1726 2673 a
1757 2619 2002 2689 pluribus

430 2711 678 2764 tractatis
726 2720 970 2779 apparet.
1018 2708 1134 2762 into
1183 2709 1488 2764 invenimus
1531 2709 1741 2766 litteras
1790 2712 1918 2769 huic
1966 2730 1996 2769 a

423 2797 674 2853 Romano
720 2797 974 2868 pontifice
1021 2798 1447 2864 perbonorillcas
1490 2801 1744 2869 scriptas.
1799 2801 1998 2869 Petrus

411 2891 863 2946 .d’Oultremanus
893 2900 1096 2956 noster,
1121 2891 1174 2946 in
1217 2891 1356 2948 libro
1391 2890 1654 2960 singulari
1688 2894 1754 2948 de
1781 2897 1996 2952 excidio

411 2982 759 3050 Gra'corttm,
793 2986 869 3039 ait
887 2987 1031 3040 hunc
1057 2984 1347 3052 Rogerium
1377 2986 1445 3041 ab
1466 2986 1722 3054 Hispanis
1745 2985 1996 3042 Brundu-

413 3077 598 3129 sinnm
627 3076 754 3143 dici,
785 3075 1114 3131 Germanum
1149 3077 1311 3148 733
1339 3092 1469 3133 vero
1499 3078 1670 3146 stirpe
1702 3077 1894 3142 fuisse,
1929 3079 1994 3134 ii-

413 3165 550 3219 iium
577 3165 790 3220 Ricardi
825 3166 988 3220 Flori.
1026 3165 1179 3222 Unde
1205 3176 1258 3223 et
1284 3168 1456 3235 ipsum
1485 3167 1743 3223 Moncada
1769 3169 1989 3225 Florum

407 3259 783 3327 cognominat.

489 3349 624 3406 ibid.
682 3349 992 3404 Pltarendus
1032 3349 1256 3406 Tzimcs.
1308 3351 1406 3405 ﬂio
1447 3366 1576 3406 vero
1637 3351 1856 3408 nomine
1911 3351 1994 3408 di-

409 3452 542 3496 ctus
592 3453 675 3498 est
719 3444 1027 3498 Ferrandus
1055 3444 1338 3510 Ximenes,
1371 3445 1445 3498 uti
1485 3458 1582 3500 nos
1608 3445 1768 3499 docet
1798 3443 1991 3500 Petrus

409 3533 855 3590 ul‘Oultremanus
910 3534 1050 3590 libro
1099 3537 1260 3592 modo
1301 3537 1544 3601 laudato,
1588 3545 1868 3590 auctorem
1907 3537 2002 3590 cia

408 3639 544 3681 tans
585 3627 922 3690 Moneadam,
954 3628 1044 3696 qui
1087 3635 1141 3684 et
1189 3628 1351 3698 paulo
1378 3629 1623 3693 inferius,
1657 3643 1707 3682 c.
1737 3626 1826 3692 H,
1870 3642 1989 3683 me-

406 3719 611 3774 morati
668 3734 698 3772 a
742 3719 1078 3791 Pacltymere
1118 3719 1378 3775 Ferraudi
1430 3735 1460 3774 e
1488 3719 1687 3792 Cyzico
1740 3735 1989 3779 recessus

411 3811 688 3866 meminit.

486 3902 548 3958 P.
569 3891 696 3957 59d.
724 3902 1069 3958 Theuderico.
1104 3903 1296 3974 Agitur
1320 3903 1408 3959 hic
1433 3904 1552 3960 sine
1581 3907 1745 3961 dubio
1780 3908 1847 3964 de
1869 3907 1988 3964 Fri-

405 3994 599 4049 derico
657 3995 955 4065 Aragonio,
984 3995 1140 4065 cujus
1183 4004 1240 4049 ut
1293 4005 1480 4051 noster
1511 3995 1742 4052 balbutit
1782 3998 1837 4055 in
1883 4015 1985 4054 no-

411 4085 585 4149 mine,
619 4084 690 4138 ita
725 4085 777 4138 iu
813 4099 1015 4155 genere
1041 4087 1441 4156 peregrinatur.
1484 4086 1614 4142 Erat
1649 4089 1793 4144 enim
1825 4100 1986 4162 gente

407 4174 706 4244 Hispanus,
747 4190 851 4229 non
880 4175 1224 4240 Germanus;
1268 4186 1321 4232 et
1356 4193 1463 4233 non
1491 4179 1755 4237 Manfredi
1791 4198 1981 4254 nepos,

404 4269 508 4324 sed
546 4268 687 4323 Petri
724 4269 868 4336 regis
902 4270 1188 4336 Aragoniat
1216 4270 1379 4326 filius.

481 4358 619 4414 ibid.
671 4357 1009 4414 Ecaterinam
1056 4362 1316 4416 connubio
1370 4363 1474 4417 sibi
1495 4363 1699 4432 junxit.
1755 4366 1984 4432 Quando

403 4449 718 4504 Fridericus
766 4463 889 4503 cum
937 4448 1130 4504 Carolo
1183 4465 1308 4520 rege
1341 4451 1595 4520 Neapolis
1633 4469 1823 4522 pacem
1857 4454 1982 4512 fecit

401 4555 636 4608 eamque
663 4539 923 4595 affinitate
959 4541 1214 4606 firmavit,
1254 4558 1399 4596 anno
1444 4542 1644 4598 Christi
1679 4545 1840 4613 i309,
1874 4564 1976 4616 qua

399 4633 477 4686 de
528 4646 588 4687 re
645 4634 749 4698 hoc
791 4632 909 4687 loco
955 4633 1152 4702 agitur,
1198 4632 1509 4690 Fridericus
1545 4635 1679 4704 ipse,
1715 4654 1819 4692 non
1863 4640 1982 4706 ejus

397 4725 596 4789 frater,
626 4727 775 4782 duxit
814 4742 1035 4782 uxorem
1085 4742 1191 4781 non
1223 4727 1586 4796 Ecateriuam,
1611 4731 1704 4785 sed
1751 4731 1983 4788 Eleono—

397 4835 518 4874 ram
543 4818 722 4874 Caroli
749 4819 940 4884 filiam,
971 4829 1130 4888 prout
1160 4834 1225 4874 ex
1254 4818 1496 4888 ejusdem
1519 4819 1782 4878 Friderici
1806 4823 1982 4892 publi-

395 4913 481 4968 cis
511 4909 708 4965 litteris
757 4911 897 4965 datis
940 4910 1080 4981 apud
1117 4911 1368 4965 Castrum
1407 4911 1615 4967 Novum
1655 4929 1800 4970 anno
1847 4915 1976 4972 Chr.

397 5004 562 5070 i302,
607 5005 815 5060 mensis
840 5004 1068 5074 Augusti
1102 5004 1188 5058 die
1219 5005 1306 5070 19,
1343 5005 1411 5058 ab
1436 5005 1666 5060 Otlerico
1697 5005 1978 5076 fiayualdo

393 5099 450 5152 in
482 5111 548 5152 eo
584 5096 774 5150 Annali
805 5095 1099 5164 descriptis
1126 5104 1362 5150 constat.
1396 5096 1503 5150 Sed
1533 5097 1744 5151 videtur
1768 5097 1979 5170 Pachy-

395 5203 578 5243 tneres
625 5188 676 5240 in
715 5189 815 5242 hoc
843 5187 1057 5241 errandi
1096 5187 1439 5241 occasionem
1491 5188 1790 5256 sumpsisse
1820 5205 1884 5244 ex
1913 5207 1978 5246 eo

392 5279 543 5342 quod
587 5293 731 5331 anno
773 5278 903 5334 Chr.
936 5278 1075 5333 1295
1111 5286 1397 5334 tractatum
1431 5278 1606 5333 fuerat
1641 5281 1974 5338 connubium

389 5368 660 5424 Friderici
696 5369 857 5440 hujus
880 5386 1000 5423 cttm
1032 5370 1350 5432 Catlterina,
1384 5385 1448 5424 ex
1477 5370 1583 5425 ﬁlia
1621 5372 1764 5442 regis
1791 5372 1974 5430 Caroli

388 5460 732 5530 Neapolitani
765 5475 817 5517 et
857 5461 1141 5530 Baiduino,
1188 5465 1278 5532 qui
1311 5463 1971 5534 Constantinopolimnunt

384 5552 682 5619 imperium
727 5565 1008 5617 amiserat,
1058 5566 1203 5608 nata.
1257 5555 1313 5608 id
1359 5544 1765 5610 matrimonium
1814 5557 1975 5612 velte-

393 5651 607 5696 menter
637 5647 860 5714 urgebat
895 5645 1205 5701 B'mifacius
1238 5644 1376 5710 Vill,
1409 5645 1568 5702 Rom.
1609 5659 1781 5716 pont.,
1816 5650 1971 5719 cujt's

389 5731 574 5799 plures
624 5738 690 5788 de
736 5736 828 5789 illo
857 5747 1178 5806 argumento
1230 5737 1443 5792 litteras
1479 5741 1670 5793 recitat
1703 5738 1970 5794 Odoricus

389 5826 457 5878 ad
490 5824 642 5880 illum
682 5845 906 5884 annum.
942 5828 1058 5885 Non
1087 5831 1347 5886 successit
1383 5842 1560 5886 tamen
1591 5832 1886 5902 negotium,
1911 5843 1966 5888 ct

2125 602 2456 658 Francorum
2516 602 2697 667 fratri,
2734 617 2880 656 anno
2929 602 3061 656 Chr.
3114 602 3272 656 i30l.
3311 601 3470 668 Quod
3518 601 3694 670 ipsum

2119 693 2300 747 alieno
2338 691 2481 756 loco,
2516 701 2676 761 prout
2704 692 2879 748 obiter
2907 693 3178 756 audierat,
3226 691 3377 747 visus
3406 701 3490 748 est
3537 707 3695 745 com-

2121 800 2426 840 memorare
2447 783 2828 857 Pacbymeres,
2855 799 3045 855 parum
3081 784 3369 840 attendens
3395 784 3696 856 pertineret

2118 875 2173 930 id
2196 890 2371 932 necne
2400 877 2467 931 ad
2491 893 2602 932 rem
2629 877 2698 931 de
2727 892 2829 947 qua
2863 891 3005 932 nunc
3037 875 3168 946 agit,
3200 877 3268 930 ad
3291 890 3478 945 pacem
3507 875 3695 930 videli-

2115 976 2203 1024 cet
2235 969 2377 1026 inter
2399 969 2652 1026 Carolum
2683 985 2864 1039 regem
2903 968 3316 1039 Neapolitanum
3360 977 3418 1023 et
3453 967 3694 1023 Frideri-

2114 1076 2238 1128 cum
2291 1061 2555 1117 sancitum
2613 1076 2756 1116 anno
2805 1061 3008 1116 Christi
3041 1059 3200 1124 1502,
3231 1073 3358 1114 cum
3392 1059 3508 1129 jam
3548 1074 3693 1113 anno

2115 1153 2385 1222 superiori
2433 1153 2666 1212 Carolus
2696 1151 2867 1210 frater
2901 1153 3049 1224 regis
3075 1152 3320 1208 Francia:
3347 1159 3610 1208 evocatus
3635 1150 3691 1206 in

2115 1243 2326 1299 italiam
2375 1260 2406 1299 a
2450 1243 2729 1313 pontifice,
2766 1253 2826 1298 ut
2857 1243 3054 1301 Carolo
3081 1243 3123 1299 ll
3156 1244 3268 1315 regi
3292 1241 3549 1313 Neapolis
3590 1243 3691 1297 ad-

2113 1347 2302 1389 versus
2342 1333 2680 1389 Fridericum
2712 1335 2959 1390 Siciliam
2999 1343 3352 1404 occupantem
3399 1333 3694 1389 auxiliare-

2114 1431 2221 1488 tur,
2251 1421 2580 1478 conciliante
2610 1421 2727 1492 ipso
2763 1422 3040 1478 Bonifacio
3073 1422 3482 1479 matrimonium
3535 1423 3691 1478 iniis-

2111 1520 2195 1566 set
2247 1525 2370 1566 cum
2436 1513 2596 1567 modo
2646 1522 2941 1570 memorata
2979 1515 3301 1580 Catlterina,
3334 1515 3602 1584 imputate
3633 1519 3688 1569 in

2110 1603 2288 1657 dotem
2331 1602 2547 1672 imperii
2603 1602 2666 1674 [Ρ
2691 1602 2818 1676 519]
2863 1603 3450 1674 Constantinopolitaui
3508 1603 3687 1668 titulo,

2109 1693 2176 1747 ad
2204 1694 2346 1763 quod
2371 1693 2668 1750 Catberina
2689 1694 2777 1762 jus
2801 1710 2832 1750 e
2857 1706 3011 1765 patre
3040 1696 3308 1759 trahebat.
3342 1694 3543 1750 Narrat
3574 1697 3691 1750 haec

2108 1782 2344 1838 Joannes
2372 1783 2661 1850 Villanius,
2689 1785 2723 1839 l.
2756 1801 2833 1850 ιχ,
2864 1801 2918 1841 c.
2955 1786 3080 1842 l05.
3108 1785 3334 1842 Jordani
3379 1797 3685 1854 temporum

2038 1861 2078 1919 Β
2109 1871 2323 1926 illorum
2349 1873 2618 1940 historici,
2649 1876 2804 1945 cujus
2827 1892 2962 1946 opus
2989 1892 3093 1934 ms.
3119 1889 3370 1933 servatur
3403 1879 3454 1931 in
3487 1878 3684 1934 biblio-

2110 1964 2262 2018 theca
2291 1964 2574 2035 Vaticana,
2606 1983 2660 2022 n.
2696 1967 2859 2032 i960,
2901 1969 2967 2022 de
2993 1969 3091 2024 hac
3122 1985 3182 2025 re
3205 1972 3368 2026 verba
3395 1971 3511 2024 lucc
3547 1970 3685 2024 reci-

2108 2067 2188 2112 tat
2220 2058 2678 2130 diligentissimus
2710 2060 2976 2118 Odoricus
3005 2060 3319 2132 Raynaldns
3367 2077 3511 2117 anno
3541 2063 3678 2118 Chr.

2106 2151 2267 2218 i50l,
2301 2169 2354 2206 η,
2405 2151 2472 2206 15
2505 2169 2520 2206 :
2563 2150 3031 2224 Hortuaconjuge
3063 2155 3247 2210 Caroli
3285 2155 3497 2225 (fratris
3539 2153 3682 2226 regis

2105 2242 2370 2312 Francius)
2398 2243 2551 2298 duxit
2575 2243 2947 2310 Calltarinam,
2965 2246 3052 2300 cui
3075 2246 3170 2316 jus
3189 2246 3397 2316 imperii
3417 2245 3680 2302 Constan—

2105 2334 2451 2401 tinapolitani
2479 2335 2786 2392 debebatur.
2814 2336 2946 2392 Ideo
2975 2354 3096 2393 cum
3137 2337 3349 2394 Venetis
3387 2339 3679 2406 composuit

2100 2440 2196 2495 pro
2226 2423 2816 2497 Constantinopolitano
2851 2430 3072 2497 imperio
3098 2429 3477 2498 recuperando,
3511 2440 3562 2484 et
3592 2446 3679 2484 vc-

2101 2521 2177 2574 nit
2225 2518 2450 2574 Romam
2502 2520 2740 2587 MCCCI,
2770 2531 2820 2578 et
2851 2540 2884 2576 a
2923 2540 3060 2594 papa
3088 2523 3365 2594 Bonifacio
3390 2524 3678 2589 honoriﬁce

2099 2623 2373 2682 susceptus
2423 2613 2652 2669 vicarius
2694 2623 2746 2669 et
2791 2614 3040 2684 defensor
3076 2614 3335 2670 Ecclesiae
3390 2617 3675 2671 constitui-

2099 2712 2207 2766 tur,
2240 2713 2346 2760 ete.
2377 2702 2524 2760 Satis
2556 2719 2720 2776 porro
2747 2705 3044 2760 verisimile
3073 2713 3156 2762 est
3185 2705 3437 2761 Carolum
3483 2706 3669 2769 istum,

2096 2795 2255 2851 simul
2285 2795 2636 2853 Catherinam
2679 2797 2855 2864 duxit,
2900 2799 3201 2868 sumpsisse
3241 2798 3454 2852 titulum
3493 2799 3669 2867 impe-

2097 2889 2299 2944 ratoris
2338 2888 2959 2960 Constantinopolitaui,
2993 2891 3249 2947 collatum
3286 2891 3388 2959 ipsi
3416 2903 3446 2944 a
3485 2891 3669 2960 ponti-

2095 2978 2196 3034 ﬁce
2230 2995 2485 3035 coronam
2511 2981 2846 3046 imperialem
2875 2981 2924 3036 ei
2947 2982 3246 3037 tribuente.
3284 2979 3338 3033 Id
3362 2981 3554 3035 saltem
3582 2981 3669 3035 in-

2097 3086 2263 3126 nuere
2295 3073 2544 3126 videntur
2569 3073 2654 3126 illa
2677 3073 2935 3129 continue
2959 3073 3246 3145 subjuncta
3270 3072 3439 3128 nostri
3471 3073 3628 3125 verba
3653 3088 3668 3124 :

2098 3161 2263 3228 Quem
2294 3177 2432 3230 papa
2465 3163 2632 3237 764
2668 3181 2930 3220 coronans
2954 3167 3325 3234 imperatorem
3362 3166 3473 3222 sine
3503 3175 3668 3228 terra,

2093 3255 2372 3308 commouit
2417 3255 2497 3309 illi
2529 3273 2672 3326 spem
2708 3255 3234 3328 Constantinopoleos
3268 3261 3660 3324 recuperandtc,

2093 3359 2158 3396 ex
2175 3342 2302 3411 jure
2329 3346 2467 3413 quod
2498 3345 2696 3399 scilicet
2732 3347 2960 3400 traheret
2987 3364 3017 3400 a
3041 3363 3236 3416 sponsa
3265 3357 3410 3415 nepte
3441 3348 3572 3416 (imo
3605 3347 3667 3402 fi-

2093 3433 2184 3504 lia)
2215 3435 2488 3492 Balduini.
2522 3439 2673 3504 Quod
2703 3437 2792 3493 hic
2815 3439 3032 3494 dicatur
3053 3439 3344 3504 imperator
3365 3441 3478 3494 sine
3499 3451 3666 3501 terra,

2093 3527 2214 3582 vide
2246 3527 2574 3595 explicatum
2623 3529 2680 3584 in
2720 3528 3005 3585 Glossario
3040 3531 3208 3585 verbo
3256 3530 3416 3602 τέρα.
3468 3529 3664 3584 Verum

2093 3618 2208 3673 haec
2242 3629 2463 3685 cuncta,
2504 3629 2563 3675 ut
2595 3620 2731 3687 dixi,
2768 3621 3044 3688 pertinent
3070 3623 3136 3676 ad
3169 3631 3380 3693 tempus
3410 3623 3664 3691 superius

2095 3724 2227 3780 pace
2261 3709 2470 3773 Sicula,
2513 3710 2671 3779 cujus
2724 3711 3014 3768 occasione
3043 3711 3310 3783 Rogerius
3349 3711 3664 3776 Catelanos,

2090 3800 2185 3868 qui
2216 3800 2269 3854 in
2296 3801 2483 3856 Sicilia
2512 3801 2902 3868 militaverant,
2933 3803 3144 3858 volente
3166 3820 3263 3859 sua
3286 3820 3449 3861 causa
3473 3805 3665 3862 Fride-

2090 3892 2205 3945 rico
2227 3890 2280 3946 in
2309 3891 2584 3947 Orientem
2614 3892 2861 3947 abduxit.
2896 3894 2970 3949 De
2999 3909 3107 3964 quo
3139 3897 3442 3952 audiendus
3473 3897 3664 3958 Fazei-

2088 3982 2196 4050 ius,
2227 3983 2265 4040 I.
2308 3999 2386 4046 Ix,
2421 3984 2540 4038 dcc.
2566 3992 2705 4053 post.
2737 3999 2791 4054 p.
2825 3984 2930 4039 477
2963 4003 2976 4042 :
3011 3984 3188 4042 Porro
3224 3988 3415 4042 Sicilia
3447 3999 3522 4043 tot
3557 3989 3665 4043 bel-

2087 4075 2260 4130 lorum
2296 4077 2521 4130 motibus
2559 4076 2724 4131 libera
2756 4079 2811 4131 in
2846 4079 3074 4132 militum
3105 4081 3500 4148 Catelanorum,
3530 4083 3665 4136 Ara-

2086 4167 2399 4235 gonensium
2452 4176 2502 4220 et
2553 4167 2857 4236 Siculorum
2903 4173 3120 4240 rapinas
3157 4186 3203 4226 et
3233 4174 3662 4243 depra’dationcs

2086 4259 2298 4316 incidit.
2359 4259 2504 4325 Quos
2559 4259 2891 4327 Fridericus,
2947 4272 3003 4316 ut
3041 4264 3276 4318 insulam
3322 4282 3661 4334 expurgant,

2085 4361 2272 4407 contra
2315 4352 2552 4420 Turcas,
2613 4354 2705 4423 qui
2755 4351 3271 4428 Constantinopolim
3318 4360 3660 4430 infestabant.

2085 4446 2378 4501 auxiliares
2414 4447 2580 4502 misit.

2161 4544 2223 4599 Ρ.
2247 4545 2372 4600 401.
2409 4544 2563 4611 Quod
2597 4547 2702 4604 hoc
2732 4547 2892 4602 facile
2924 4558 3224 4617 praesentes
3249 4550 3578 4607 crediderint
3608 4564 3663 4608 et

2086 4638 2380 4692 historicus
2414 4640 2484 4693 ita
2519 4654 2641 4696 esse
2672 4655 2861 4696 revera
2887 4641 3235 4709 judicaverit,
3267 4659 3370 4698 nou
3399 4647 3661 4702 centinuo

2087 4745 2203 4785 rem
2233 4732 2542 4787 evidentem
2565 4742 2621 4787 et
2644 4733 3055 4790 indubitabilem
3085 4738 3280 4804 opinor
3303 4737 3493 4793 reddet
3516 4739 3659 4808 apud

2079 4819 2271 4891 judicii
2336 4823 2626 4879 severioris
2677 4825 2845 4880 viros.
2879 4824 3058 4881 Mutus
3101 4827 3190 4882 ille
3233 4842 3299 4882 ac
3345 4831 3543 4885 surdus
3587 4846 3654 4885 ex

2083 4923 2261 4979 utero,
2306 4915 2445 4970 miro
2483 4915 2730 4985 prodigio
2776 4927 3002 4987 repente
3051 4918 3278 4974 audiens
3319 4931 3377 4974 et
3403 4919 3650 4988 loquens,

2080 5007 2212 5077 quid
2267 5007 2486 5062 tandem
2548 5007 2876 5064 affirmavit?
2927 5009 3136 5079 Nempe
3191 5011 3244 5066 id
3291 5011 3467 5068 solum
3508 5017 3653 5083 quod

2082 5098 2243 5168 paulo
2266 5099 2516 5167 superius
2536 5100 2774 5168 positum
2793 5107 2898 5165 est,
2919 5115 2978 5154 se
3004 5101 3208 5157 vidisse
3233 5103 3403 5158 uirum
3427 5105 3657 5173 impera-

2082 5192 2231 5244 toriis
2261 5199 2511 5244 ornatum
2544 5192 2860 5260 insignibus,
2893 5196 2982 5260 qui
3015 5210 3123 5249 sese
3153 5195 3328 5250 aiebat
3361 5198 3532 5263 ipsum
3559 5215 3655 5253 ur-

2080 5283 2159 5336 bis
2182 5282 2284 5336 sibi
2315 5283 2523 5336 tuendtc
2547 5299 2733 5336 curam
2764 5301 3054 5340 assumere.
3089 5285 3476 5345 Noutinavitne
3506 5290 3653 5346 hunc

2076 5372 2337 5428 Joannem
2376 5373 2656 5427 Batatzam
2684 5376 2708 5428 ?
2739 5386 2835 5429 aut
2876 5377 3005 5432 visa
3044 5378 3148 5433 sibi
3205 5380 3461 5450 imaginis
3505 5383 3652 5438 illius

2078 5465 2309 5520 formant
2340 5465 2444 5520 sibi
2488 5477 2834 5536 conspectam
2886 5471 3123 5524 asseruit
3170 5470 3337 5528 fuisse
3381 5473 3650 5529 similem?

2077 5555 2224 5611 Nihil
2263 5557 2492 5623 borum;
2530 5573 2652 5612 nam
2687 5559 3050 5628 Pachymeres
3080 5561 3124 5616 si
3171 5563 3299 5630 quid
3345 5564 3448 5617 tale
3478 5563 3651 5620 dixis-

2078 5659 2315 5713 set,non
2356 5658 2578 5705 taceret.
2632 5649 3014 5706 Fundamento
3060 5655 3225 5724 igitur
3273 5665 3424 5710 caret
3453 5657 3649 5713 idoneo

2077 5744 2192 5796 haec
2223 5757 2342 5811 qua:
2381 5743 2707 5810 exprimitur
2739 5744 2837 5796 hoc
2860 5745 2998 5811 i000,
3032 5754 3144 5800 tum
3177 5749 3402 5804 istorum
3434 5748 3652 5816 Magne-

2074 5835 2167 5890 siae
2191 5833 2648 5903 prmsidiariorutn
2678 5844 2786 5892 lutn
2815 5835 3165 5906 I’achyntcr's
3189 5841 3432 5909 opinatio
3455 5841 3647 5910 ipsius.
