4036 6456
499 383 604 443 8ἳῖ

1416 381 1481 440 Po
1523 381 1825 442 POSSlNl
1866 384 2515 447 OBSERVATKONUM
2563 387 2708 448 LIB.
2753 385 2836 450 ll.
3610 386 3703 449 82:1

488 494 618 548 Nam
650 493 821 548 forma
857 493 956 549 viri
1003 493 1307 563 insignibus
1339 496 1705 564 imperatoriis
1746 499 1921 552 ornati
1953 499 2045 567 qui
2085 507 2120 559 Α
2225 500 2284 554 Ρ.
2319 501 2442 556 iiii.
2493 502 2654 555 Κατὰ
2706 502 2980 568 ποίησιν.
3015 500 3208 555 Allusit
3271 500 3384 555 lucc
3436 501 3702 559 scribendo

487 589 665 658 magis
716 587 914 643 Joanni
968 589 1206 644 Batalza:
1272 579 1525 644 convenit
1567 605 1730 655 quam
1763 590 2053 646 Theodoro

485 682 604 750 ejus
653 682 764 735 filio
811 683 1127 752 imperatori
1185 683 1382 737 ibidem
1414 697 1627 752 quoque
1658 683 1940 752 Magnesiae
1969 697 2055 734 se-

489 773 661 840 pulto,
694 783 807 834 aut,
829 771 874 827 si
909 771 1535 842 Constantinopolitanos
1563 775 1921 844 imperatores
1945 776 2058 828 lau-

491 868 630 918 datae
682 865 958 919 memoria:
1012 875 1068 920 et
1117 866 1172 920 in
1205 864 1310 920 ﬁde
1337 866 1636 920 orthodoxa
1683 881 1746 921 ac
1789 865 2056 920 catholica

490 955 873 1011 communione
888 956 1206 1011 indubitata:
1221 957 1541 1012 constantiae
1557 959 1878 1028 qumrimus.
1892 971 2055 1025 quam

489 1046 846 1100 Constantino
876 1047 1092 1116 Magno,
1127 1062 1285 1118 quam
1346 1047 1621 1102 Marciano
1678 1048 1866 1104 aliisve
1911 1047 2059 1117 paris

495 1141 716 1195 meriti?
744 1139 876 1194 Nam
906 1139 1172 1194 Joannem
1202 1140 1477 1195 Batatzam
1505 1140 1605 1194 etsi
1637 1140 1817 1195 multa;
1832 1140 2060 1194 virtutes

491 1233 972 1294 commendabant,
1009 1244 1189 1288 tamen
1251 1243 1447 1300 praeter
1500 1245 1842 1287 communem
1881 1231 2056 1288 (ὶηοί

492 1326 806 1380 schismatis
834 1335 891 1380 et
928 1325 1072 1380 circa
1100 1325 1270 1380 sancti
1300 1324 1535 1393 Spiritus
1564 1339 1628 1378 ex
1659 1323 1797 1379 Filio
1826 1337 2061 1392 proces-

493 1416 702 1470 sionem
760 1416 998 1471 heretici
1051 1414 1254 1482 erroris
1299 1413 1574 1476 invidiam,
1608 1411 1774 1468 libido
1801 1415 1964 1468 etiam
2005 1413 2058 1466 in

492 1517 655 1564 :ctate
699 1509 858 1562 senili
901 1510 1164 1577 probrosa
1213 1505 1572 1561 deformabat.
1609 1503 1744 1558 Vide
1788 1519 2058 1560 summum

493 1598 697 1668 alioqui
731 1599 847 1670 ejus
885 1599 1268 1653 admiratorem
1297 1594 1659 1665 Acropolitan't
1690 1597 1928 1650 historice
1950 1611 2062 1652 suae

493 1708 548 1746 ιι.
585 1691 673 1753 52,
701 1706 754 1760 p.
790 1688 878 1754 56,
916 1692 1004 1744 ed.
1033 1688 1194 1758 Reg.,
1223 1690 1310 1744 ubi
1335 1704 1458 1744 eum
1491 1687 1750 1744 infamem
1779 1688 2058 1742 amoribus

492 1797 612 1836 cum
648 1781 876 1835 aliarum
914 1789 1028 1835 tum
1067 1779 1383 1834 Marccsina:
1416 1778 1697 1847 cujusdam
1727 1779 2060 1847 pedissequa:

2159 590 2544 660 Pachymeres,
2579 593 2759 647 varios
2789 591 2946 646 simul
3001 591 3238 646 miscens
3283 589 3497 646 Homeri
3535 591 3697 656 locos,

2160 684 2392 748 primum
2426 685 2574 738 illiilli
2611 684 2780 739 Iliad.
2823 683 2875 750 0,
2921 684 3026 738 155
3058 701 3072 738 :

2276 799 2454 868 Δεινὴ
2482 799 2551 853 δὲ·
2571 800 2733 870 φλὸξ
2761 795 2914 869 ὦρτο
2937 800 3132 854 θεείου
3160 796 3516 868 καιομένοιο,

2161 917 2357 974 deinde
2395 913 2542 969 illum
2591 928 2656 968 ex
2693 913 2859 968 Iliad.
2891 912 2953 982 ψ,
2986 911 3092 966 216
3131 926 3147 967 :

2407 1028 2572 1097 Μέγα
2609 1027 2661 1081 δ’
2699 1027 2832 1096 laxe
2879 1025 3206 1092 θεσπιδαὲς
3241 1027 3386 1095 πῦρ.

2165 1143 2318 1198 Unde
2346 1143 2508 1197 etiam
2544 1141 2631 1196 illa
2665 1139 2830 1211 paulo
2885 1141 3135 1210 superius
3195 1141 3361 1194 verba
3399 1140 3605 1208 ὲφύσσα
3637 1141 3708 1195 λιι

2161 1237 2304 1306 γέως
2337 1243 2689 1304 sumpserat:
2723 1233 2900 1304 pergit
2926 1234 3075 1287 enim
3103 1232 3176 1286 ibi
3209 1245 3369 1300 poeta
3398 1249 3413 1286 :

2163 1349 2492 1418 Παννύχιοι
2547 1347 2601 1401 δ’
2646 1346 2761 1416 ἄρα
2820 1347 2983 1418 τοίγε
3039 1346 3240 1415 πιφῆς
3298 1343 3708 1431 ἄμυδξιςΔφέιργ

2375 1415 2408 1418 ﬂ
2684 1415 2693 1416 ί
2923 1415 2932 1418 ⁷
3340 1415 3343 1416 ⁷
3448 1415 3710 1487 [ἔϐαλλον

2162 1489 2526 1556 Macrin-rec
2562 1487 2770 1560 λιγέως
2799 1500 2814 1517 ⁶

2161 1600 2360 1670 quibus
2389 1607 2443 1656 et
2476 1600 2620 1655 istud
2653 1599 2897 1653 ultimum
2928 1598 2995 1653 de
3026 1598 3190 1661 fumo,
3228 1606 3313 1653 vel
3369 1613 3432 1652 ex
3463 1612 3558 1651 suo
3595 1611 3712 1664 quo-

2164 1693 2286 1748 dam
2335 1691 2418 1745 vel
2452 1707 2519 1746 ex
2567 1691 2788 1746 alterius
2847 1691 2977 1746 mihi
3012 1706 3158 1746 nunc
3205 1707 3316 1747 non
3363 1689 3712 1746 sttccurrentis

2163 1785 2302 1840 vatis
2330 1793 2578 1854 poemate
2627 1783 2853 1839 addidit.

492 1879 662 1928 Ann'e
691 1873 1004 1927 Alemanna:
1035 1871 1290 1940 Augustae
1329 1845 1583 1925 secundae
1627 1845 1772 1922 illius
1818 1845 2062 1938 conjugis
2095 1845 2138 1898 Β
2240 1845 2403 1932 Libro
2451 1887 2605 1932 sexto
2653 1887 2850 1944 praeter
2893 1891 3096 1932 morem
3145 1875 3516 1945 Pachymeres
3569 1885 3712 1941 pecn-

493 1966 714 2020 faletnr.
762 1965 980 2031 Quanto
1024 1962 1377 2016 verisimiiius
1431 1961 1580 2014 credi
1644 1961 1929 2028 patuisset,
1978 1959 2064 2014 isti

495 2067 644 2112 muto
674 2065 729 2112 et
761 2059 926 2110 surdo
960 2054 1193 2110 formam
1227 2053 1330 2107 viri
1367 2052 1732 2121 imperatoriis
1769 2051 1948 2106 ornati
1985 2051 2067 2104 in-

492 2149 740 2216 signibus
766 2147 1000 2201 oblatam
1030 2154 1455 2216 repraesentasse
1481 2151 1730 2199 sanctum
1763 2143 2064 2212 archange-

495 2238 606 2294 lum
661 2238 977 2293 Michaelem
1032 2245 1399 2307 protectorem
1445 2236 1887 2292 Christianorum
1937 2250 2069 2290 coa-

496 2342 576 2386 tra
637 2331 938 2386 barbaros?
991 2329 1145 2386 Hunc
1197 2330 1371 2386 Graeci
1431 2330 1630 2400 passim
1683 2330 2063 2400 ἀρχιστρατηο

495 2425 592 2491 τόν
622 2422 916 2492 appellant,
959 2423 1048 2491 qui
1081 2423 1269 2478 titulus
1313 2422 1693 2490 imperatorem
1729 2435 1928 2476 sonans
1958 2421 2065 2475 im-

494 2513 794 2587 perialibus
823 2530 927 2568 non
958 2513 1300 2569 disconvenit
1335 2512 1663 2584 insignibus.

565 2604 628 2678 [P
655 2603 783 2677 550]
839 2604 900 2662 Ρ.
934 2604 1059 2661 406.
1093 2605 1174 2660 Ad
1208 2606 1367 2659 finem
1400 2603 1558 2673 hujus
1597 2604 1812 2672 capitis,
1851 2605 1943 2659 ubi
1977 2605 2065 2659 di-

491 2697 634 2751 citur
673 2697 736 2751 de
767 2695 1029 2750 Micltaele
1059 2697 1311 2763 Augusto
1346 2695 1588 2765 juniore,
1615 2695 1807 2767 ὥσπερ
1831 2713 1918 2759 τις
1941 2714 2067 2764 τρο-

495 2789 757 2861 παιοῦχος
787 2789 887 2859 τὴν
913 2789 1072 2844 πόλιν
1103 2791 1436 2860 εἰσέρχεται,
1465 2805 1570 2842 non
1608 2789 1782 2843 tenuit
1812 2805 1870 2843 se
1893 2791 2061 2844 libera

493 2882 798 2950 indignatio
829 2881 1051 2935 lectoris
1087 2880 1389 2950 cujuspiam
1416 2880 1547 2948 quin
1581 2879 1694 2934 haec
1720 2895 1830 2934 ora?
1865 2882 2064 2948 margi-

493 2974 602 3028 nuli
642 2972 801 3026 Barb.
839 2972 1043 3027 codicis
1078 2971 1327 3026 aliineret
1351 2989 1366 3025 :
1390 2971 1774 3041 Τροπαιοῦχος
1812 2973 1840 3024 ὁ
1875 2972 2063 3040 φυγὼν

490 3063 620 3128 τοὺς
659 3062 888 3134 ἐχθροὺς
921 3062 1081 3133 765
1120 3063 1216 3115 καὶ
1259 3062 1433 3124 αἴτιος
1475 3062 1566 3115 διὰ
1601 3060 1702 3132 τὴν
1726 3063 1921 3115 ἑαυτοῦ
1951 3063 2062 3115 δει-

2169 1969 2358 2022 liarem
2393 1967 2621 2039 praeﬁxit
2654 1967 2958 2037 prologum,
2991 1967 3084 2035 qui
3138 1974 3326 2020 tamen
3366 1965 3484 2019 sine
3520 1976 3713 2032 propro

2169 2059 2324 2115 titulo
2356 2060 2408 2114 in
2436 2058 2718 2114 codicibus
2754 2068 2838 2113 est
2877 2074 2999 2113 cum
3029 2057 3206 2126 capite
3247 2059 3272 2111 1
3314 2056 3589 2111 confusus.
3619 2053 3711 2118 Ego

2165 2151 2606 2221 distinguendum
2639 2149 2846 2218 putavi.
2881 2149 3052 2204 Porro
3106 2163 3212 2201 non
3268 2162 3457 2218 parum
3490 2145 3713 2198 laboran-

2168 2245 2294 2297 dum
2340 2242 2444 2296 fuit
2480 2243 2530 2296 in
2562 2241 2879 2296 extricauda
2935 2239 3216 2308 nitideque
3271 2236 3588 2292 declaranda
3636 2250 3709 2286 an.

2165 2336 2336 2390 ctoris
2362 2334 2454 2387 hic
2488 2331 2764 2402 prazfantis
2798 2329 3093 2393 sententia,
3126 2344 3294 2396 quant
3343 2338 3400 2383 et
3431 2326 3711 2396 percepisse

2167 2443 2252 2479 me
2279 2437 2331 2481 et
2361 2425 2496 2479 satis
2525 2424 2828 2492 caplicasse
2854 2421 3089 2476 conﬁdo.
3120 2420 3299 2476 Causa
3335 2421 3488 2473 istius
3519 2419 3566 2471 iu
3601 2432 3708 2485 pwo

2166 2515 2439 2586 loquendo
2471 2513 2729 2569 novitatis
2749 2514 2942 2582 opinor
2974 2511 3158 2577 fuerit,
3186 2511 3334 2581 qttod
3363 2509 3523 2580 766
3552 2509 3710 2576 aliquo

2167 2610 2455 2666 intervallo
2486 2619 2607 2678 post
2636 2609 2896 2662 hactenus
2924 2607 3128 2677 scripta
3176 2606 3539 2676 Pachymercs
3577 2599 3706 2671 operi

2165 2718 2224 2759 se
2273 2701 2604 2765 redliderit;
2651 2709 2706 2754 et
2738 2699 2786 2752 ei
2821 2699 2895 2752 rei
2926 2699 3053 2752 dum
3102 2711 3162 2752 se
3197 2698 3514 2768 accingeret
3556 2709 3707 2749 even-

2167 2804 2432 2863 tnumque
2485 2790 2886 2846 narrandorum
2923 2789 3273 2844 atrocitatem
3306 2797 3595 2859 reputaret,
3625 2786 3709 2838 hac

2167 2885 2392 2940 lectoris
2428 2881 2933 2953 praemonitinncula
2985 2881 3388 2951 proludendum
3441 2876 3706 2950 putaverit.

2237 2977 2322 3049 [Ρ.
2349 2975 2475 3047 551]
2507 2976 2568 3030 Ρ.
2592 2975 2719 3029 456.
2749 2974 2880 3041 Quae
2906 2974 3164 3044 deinceps
3191 2974 3430 3043 pertexit
3460 2973 3525 3027 de
3553 2970 3704 3024 Caza-

2165 3070 2253 3124 nis
2291 3070 2537 3123 laudibus
2570 3067 2952 3138 Pachymeres,
2980 3067 3115 3121 satis
3157 3074 3468 3136 congruunt
3500 3079 3614 3118 cum
3649 3061 3704 3113 iis

491 3155 613 3209 λίαν
640 3156 881 3225 γεγονὼς
913 3156 1131 3208 πάντων
1155 3153 1346 3208 δεινῶν
1369 3170 1382 3184 ·
1417 3153 1574 3208 Itane
1603 3157 1894 3222 trophamm
1931 3157 2061 3225 refe-

2166 3179 2286 3234 qna:
2313 3162 2616 3229 Aythonus,
2640 3159 2924 3225 Villanius,
2961 3159 3200 3214 Sanutus
3237 3167 3293 3213 et
3331 3157 3390 3214 S.
3429 3155 3706 3212 Antoninus

491 3262 634 3308 rem,
681 3247 772 3317 qui
809 3256 1007 3315 tergunt
1054 3246 1208 3300 vertit
1269 3245 1527 3308 hostibus,
1562 3255 1612 3300 et
1654 3263 1819 3301 causa
1855 3247 1955 3315 [uit
2000 3251 2062 3300 ob

490 3355 645 3392 suam
691 3339 956 3407 ignaviam
995 3339 1231 3391 omnium
1283 3337 1580 3391 malorum!
1631 3339 1892 3392 Alludunt
1948 3339 2065 3393 haec

493 3429 864 3498 turpissimam
912 3429 1196 3485 Michaelis
1226 3441 1281 3484 et
1313 3431 1480 3484 totius
1518 3428 1747 3483 Romani
1789 3433 2064 3485 exercitus

491 3519 545 3572 in
579 3518 699 3587 ipso
723 3519 1003 3586 procinctu
1042 3517 1212 3588 prmlii
1246 3517 1451 3589 fugam,
1486 3518 1737 3588 superius
1762 3527 2062 3584 narratam,

491 3611 530 3664 Ι.
556 3624 632 3676 tv,
659 3624 708 3662 c.
740 3609 826 3663 18.

561 3700 622 3755 P.
657 3700 782 3754 428.
817 3699 1039 3754 Amurio
1070 3717 1125 3755 se
1169 3700 1443 3756 admovere
1475 3702 1768 3762 festinavit.
1808 3701 1902 3756 llis
1929 3716 2063 3755 ver-

491 3793 575 3846 bis
605 3791 658 3845 iu
689 3790 880 3846 Grmco
905 3790 946 3844 Β
977 3791 1181 3845 codicis
1213 3801 1473 3845 contextu
1504 3793 1910 3861 respondebant
1938 3793 2061 3856 ista,

491 3883 714 3955 ἔρχεται.
746 3882 882 3954 πρὸς
918 3883 978 3937 τὸ
1020 3883 1344 3953 ’Δμμόριον,
1372 3885 1529 3953 juxta
1571 3901 1692 3954 qute
1723 3885 2062 3939 Ammorinnt

491 3977 706 4032 videtur
735 3990 858 4031 esse
916 3975 1018 4030 loci
1083 3974 1302 4039 nomen,
1336 3975 1389 4028 in
1423 3991 1581 4043 quem
1622 3990 1682 4031 se
1713 3976 1955 4046 Alisyras
1983 3976 2064 4028 vi-

491 4083 614 4124 cttts
654 4080 706 4122 et
738 4067 960 4122 saucius
1015 4067 1302 4134 receperit.
1357 4065 1463 4122 Sed
1516 4075 1872 4136 prmterquam
1921 4067 2062 4135 quod

490 4160 694 4215 mentio
747 4174 852 4214 non
903 4165 1082 4213 exstat
1127 4159 1270 4212 arcis
1311 4167 1404 4211 aut
1452 4159 1634 4228 oppidi
1681 4159 1758 4213 sic
1799 4158 1928 4212 dicti
1969 4173 2065 4227 per

492 4253 591 4306 hos
623 4260 854 4312 tractus,
887 4251 939 4304 id
963 4251 1108 4305 credi
1143 4258 1290 4304 vetat
1319 4252 1432 4318 ipse
1491 4250 1872 4321 l’achymeres,
1904 4265 1951 4305 c.
1993 4249 2064 4303 25

490 4346 767 4400 alllrmans
799 4344 1066 4414 Alisyram
1113 4359 1181 4398 ex
1228 4341 1353 4413 fuga
1385 4357 1445 4398 se
1476 4343 1747 4411 recepisse
1773 4342 2060 4411 Tripolim,

489 4453 653 4508 quam
683 4438 872 4490 urbem
930 4436 1081 4504 prius
1125 4444 1516 4504 occupaverat.
1552 4434 1648 4489 Est
1674 4436 1874 4504 saepius
1902 4450 2061 4504 supra

2166 3260 2232 3311 de
2255 3257 2346 3309 illo
2377 3265 2703 3319 memorant,
2727 3270 2844 3325 qua:
2863 3254 2986 3308 vide
3015 3253 3244 3309 collecta
3285 3255 3426 3324 apud
3455 3252 3711 3307 continua-

2165 3358 2311 3403 tores
2351 3347 2566 3400 Baronii
2619 3346 2911 3400 llenricum
2955 3343 3313 3414 Spondanum
3359 3355 3412 3397 et
3445 3340 3706 3398 Odoricnul

2163 3440 2526 3510 llaynaldum,
2559 3439 2625 3492 ad
2661 3453 2831 3492 annos
2867 3438 3024 3500 1291,
3061 3437 3193 3492 1301
3239 3449 3293 3491 et
3327 3437 3484 3491 130$.

2235 3529 2298 3586 P.
2332 3531 2458 3585 457.
2503 3529 2626 3584 Haec
2667 3530 2897 3584 Cazanis
2945 3530 3206 3584 adversus
3253 3529 3528 3583 Snltanem
3563 3521 3708 3593 Syrim

2165 3623 2439 3694 expeditio
2476 3623 2751 3677 oculatum
2787 3623 2852 3674 ab
2890 3621 3164 3691 Aythono,
3213 3622 3306 3692 qui
3356 3621 3404 3674 ei
3458 3634 3517 3672 se
3561 3618 3707 3669 inter-

2167 3716 2335 3770 fuisse
2384 3724 2593 3780 narrat,
2642 3715 3010 3768 testimoniqu
3053 3715 3238 3769 habet.
3297 3711 3481 3767 Refert
3509 3710 3553 3762 is
3583 3705 3705 3758 Hist.

2164 3815 2305 3860 orat.
2361 3819 2412 3858 c.
2462 3804 2554 3868 4|,
2611 3803 2908 3858 Cassanum
2966 3817 3145 3872 regem
3195 3801 3538 3856 Tartarornm
3569 3793 3706 3849 Clui-

2165 3897 2424 3952 stianum.
2475 3909 2577 3947 una
2614 3908 2736 3946 cum
2798 3892 3016 3962 regibus
3065 3893 3341 3947 Armenia:
3390 3899 3444 3946 et
3480 3877 3707 3953 'Georgiat

2165 3989 2372 4055 pariter
2400 3985 2752 4048 Christianis,
2810 3985 3160 4053 expeditione
3213 3983 3573 4038 communiter
3599 3989 3705 4030 sus-

2165 4088 2319 4149 cepta
2378 4079 2600 4132 duxisse
2683 4088 2868 4132 contra
2934 4077 3405 4131 Molecbnazerum
3467 4073 3702 4126 sultaueut

2164 4169 2407 4239 Egypli,
2435 4169 2604 4239 Syriu-
2628 4169 3021 4232 dominantem,
3049 4169 3347 4221 exercitum
3375 4168 3702 4219 ducentorum

2166 4261 2414 4325 millium,
2455 4275 2704 4329 magnam
2760 4269 2965 4329 partem
3002 4261 3282 4328 equitum;
3333 4267 3387 4314 et
3440 4267 3702 4311 occurret:-

2167 4360 2271 4406 tem
2331 4351 2432 4406 sibi
2493 4351 2758 4405 sultanetn
2825 4350 2964 4418 apud
2998 4347 3250 4414 Hamam,
3305 4346 3538 4415 antiquis
3564 4343 3705 4396 Ente-

2165 4457 2279 4496 sam
2313 4442 2540 4507 dictam,
2589 4456 2712 4495 cum
2765 4451 2985 4494 centum
3017 4443 3260 4510 equitnm
3312 4438 3542 4493 millibus
3567 4443 3614 4486 et
3639 4431 3705 4481 iu-

487 4539 544 4582 et
576 4528 715 4582 infra
752 4535 1087 4582 memoratus
1135 4526 1191 4579 in
1249 4526 1352 4580 hac
1381 4526 1605 4581 historia
1643 4528 1749 4580 dux
1798 4528 2061 4580 barbarus
2094 4521 2138 4577 D
2170 4533 2319 4587 ﬁnita
2353 4533 2695 4588 multitudine
2740 4532 3005 4601 peditum,
3050 4532 3258 4602 ingenti
3303 4531 3482 4600 ρισωιίο
3526 4525 3703 4580 fudisse

489 4619 773 4674 Amurins.
816 4617 954 4672 Hinc
983 4627 1067 4672 est
1106 4617 1236 4670 mihi
1269 4617 1490 4670 suborta
1525 4619 1762 4687 suspicio
1798 4619 1972 4672 utendi
2010 4620 2063 4672 iu

495 4713 600 4768 hac
628 4713 925 4781 scriptura,
953 4710 1454 4780 Pachymeremque
1485 4713 1768 4779 scripsisse
1791 4729 1896 4766 non
1930 4713 2066 4782 πρὸς

492 4805 554 4859 τό
584 4805 678 4860 sed
715 4805 806 4857 τὸν
841 4802 1159 4873 Ἀμούριον.
1190 4802 1368 4868 Quod,
1403 4804 1532 4870 quia
1567 4819 1631 4856 ex
1668 4804 1837 4871 priori
1875 4804 2065 4857 lectio-

495 4910 563 4949 ne
611 4895 964 4962 consequitur
1015 4893 1294 4962 quippiam
1355 4891 1706 4962 Pacltymeris
1767 4893 2064 4945 narrationi

493 4988 855 5048 contrarium,
885 4995 945 5040 ut
979 4985 1373 5048 demonstravi,
1415 4985 1821 5040 cttteudandnm
1856 4985 2064 5052 putavi,

492 5093 559 5134 co
585 5093 745 5148 quem
789 5079 939 5131 innui
978 5079 1136 5132 modo
1167 5078 1257 5146 (').

563 5265 632 5327 (⁸)
663 5261 816 5326 Quod
857 5260 1046 5326 scripsi
1096 5275 1202 5314 non
1239 5259 1470 5329 reperiri
1502 5273 1597 5325 per
1628 5267 1832 5312 tractus
1863 5257 2063 5313 Orien-

479 5333 616 5388 talis
651 5330 837 5386 limitis
867 5331 1078 5398 imperii
1116 5328 1413 5400 Byzantini
1450 5328 1659 5400 locum,
1701 5329 1790 5397 qui
1840 5342 2067 5383 vocetur

489 5401 864 5462 Aunuorium,
922 5415 979 5454 re
1022 5399 1217 5453 melius
1274 5399 1610 5452 considerata
1659 5413 1802 5452 nunc
1850 5414 2062 5451 revoco.

493 5472 675 5525 Inveni
710 5469 852 5524 enim
885 5471 1022 5536 apud
1054 5469 1435 5536 Theophanem
1477 5483 1528 5532 Ρ.
1578 5466 1679 5520 291
1741 5478 1794 5519 et
1841 5466 1947 5521 29⁸2
1976 5469 2060 5521 ed.

491 5544 650 5608 Reg,
685 5535 930 5608 itemque
959 5539 1096 5605 apud
1129 5537 1362 5608 Leonem
1400 5535 1846 5600 Gratnmaticntn,
1889 5536 2066 5605 p.454

489 5606 734 5675 ejusdem
783 5606 1068 5668 editionis,
1131 5606 1460 5658 luculentam
1519 5609 1848 5660 mentionem
1918 5608 2066 5657 nrluis

494 5681 712 5733 munitae
751 5679 1020 5730 Ameriam
1072 5685 1296 5735 vocatm,
1332 5676 1555 5743 sita‘quc
1593 5676 1641 5726 in
1701 5677 1766 5728 iis
1800 5677 2062 5743 partibus,

492 5753 644 5812 t-ujus
673 5748 836 5802 etiam
872 5745 1191 5799 Ptolomazus
1229 5745 1491 5797 meminit.
1531 5746 1707 5806 Quare
1738 5744 1910 5796 fateor
1957 5760 2061 5795 non

493 5827 638 5875 Iule
670 5816 1013 5872 emendatum
1051 5833 1076 5867 ει
1110 5828 1194 5868 tne
1224 5814 1388 5869 fuisse
1418 5815 1801 5884 Parthyntcn‘m
1847 5832 1894 5882 ν.
1934 5814 2060 5881 428,

2172 4625 2464 4693 fugereque
2510 4641 2560 4678 tn
2610 4623 2902 4693 Egyptum
2955 4625 3219 4692 coegisse.
3284 4624 3455 4691 quue,
3493 4627 3702 4688 prmscns

2171 4719 2455 4788 Aythonns
2512 4717 2810 4785 contigisse
2865 4716 2940 4768 ait
2963 4717 3069 4770 ‘die
3102 4715 3351 4770 Mercurii
3383 4720 3502 4767 ante
3529 4710 3699 4763 festum

2169 4807 2482 4863 Nativitatis
2531 4808 2762 4862 Domini.
2819 4807 3110 4862 ExiSIimat
3145 4808 3463 4876 Spondanus
3515 4803 3574 4854 ad
3621 4810 3698 4848 an-

2167 4900 2296 4956 Chr.
2351 4900 2509 4965 1300,
2559 4916 2615 4952 ιι.
2670 4903 2722 4964 1,
2767 4899 2820 4952 id
2878 4898 3217 4952 referendum
3276 4899 3341 4949 ad
3387 4891 3698 4950 Decembrem

2168 4991 2467 5055 superioris
2511 4990 2636 5041 anni
2673 4989 2806 5043 Chr.
2843 4987 3001 5048 1299,
3027 5002 3136 5055 quo
3167 4985 3350 5055 cyclus
3389 4979 3513 5035 solis
3540 4971 3699 5028 201n-

2173 5092 2340 5136 teram
2377 5080 2759 5135 Dominicalem
2799 5078 2839 5130 D
2866 5079 3074 5144 habuit,
3115 5077 3268 5146 cujus
3305 5071 3498 5130 indicio
3525 5075 3698 5132 cogno-

2169 5262 2255 5314 ubi
2295 5276 2389 5326 pro
2422 5261 2480 5313 τὸ
2527 5261 2799 5328 Ἆμὸριον,
2824 5261 3049 5328 reposui
3074 5257 3166 5310 τὸν
3208 5256 3505 5328 ’ᾼμού-ριον.

2171 5313 2331 5384 verba
2351 5348 2365 5383 :
2389 5313 2646 5398 Ἐρχετξκι
2669 5313 2814 5397 ’πρὸξ
2847 5313 3198 5396 τδᾌμόριον,
3224 5313 3528 5392 simpliciter
3554 5313 3695 5398 fuisse

2169 5403 2427 5455 vertenda
2458 5377 2641 5453 iacuit
2696 5377 2999 5452 imbrium:
3026 5377 3156 5449 Nam
3184 5377 3293 5450 Ἰιοο
3332 5377 3443 5466 ἰιοιι
3500 5377 3694 5466 litiget”?

2169 5451 2674 5538 quotiiinusvernm
2728 5451 2869 5520 esse
2906 5469 3162 5538 pglilel'i‘.
3217 5463 3356 5533 (1⁸³0(¹
3401 5475 3457 5538 Ρ·
3488 5451 3692 5538 “iiii?

2530 5519 2794 5604 Klis‘yratn
2829 5519 2921 5590 ﬁsci
2948 5519 3208 5604 Tripolim
3235 5519 3519 5604 recepi-sse.
3551 5519 3685 5604 9111³⁵⁸

2169 5610 2374 5662 scilicet
2423 5597 2582 5676 quam
2636 5597 2687 5659 in
2747 5607 2848 5659 hoc
2905 5597 3150 5676 ulliuinut
3191 5600 3478 5670 perfugium

2171 5679 2331 5731 uisset
2355 5722 2367 5743 ,
2395 5664 2618 5739 Ainorii,
2651 5694 2768 5742 qua!
2811 5680 2909 5727 lida
2948 5675 3045 5740 ipsi
3101 5664 3228 5728 urbs
3279 5664 3398 5723 tunc
3431 5672 3554 5721 cra'.
3580 5664 3683 5724 Ρί¹¹”

2171 5753 2510 5816 srq'untiunt
2558 5750 2657 5800 vim
2705 5748 2883 5800 obiter
2919 5746 3303 5797 declinaverat.
