4036 6410
340 404 440 465 8‘25

1831 409 2072 472 NOTAE.

3485 372 3607 471 sic

341 524 546 579 scimus
595 524 800 581 Christi
854 526 1091 583 natalem
1129 527 1223 583 illo
1264 542 1407 585 anno
1440 528 1702 585 incidisse
1754 529 1811 585 in
1847 528 1925 584 fe-
1958 538 2003 592 Α
2030 529 2085 584 in
2116 527 2233 597 ejus
2263 528 2508 599 epistolis
2558 529 2804 599 legantur
2838 527 2891 581 in
2943 542 3061 583 eam
3112 526 3432 582 sententiam
3486 542 3594 597 qua

342 615 481 670 riam
530 626 764 672 sextam.
798 617 979 684 Quare
1026 618 1100 674 23
1157 618 1470 674 Decembris
1522 618 1663 675 feria
1693 628 1914 692 quarta,

342 707 432 763 die
463 717 593 763 ante
617 708 821 766 Christi
856 708 1103 766 Natalem
1139 713 1323 776 tertia.
1369 712 1554 768 clades
1582 711 1675 767 illa
1713 712 1915 767 sultani

343 796 656 866 contigerit.
685 796 801 852 Nisi
827 798 951 868 quis
988 808 1136 853 retro
1184 814 1303 854 eam
1342 813 1563 856 movere
1601 801 1668 855 ad
1715 816 1915 854 annum

343 888 689 959 superiorem
740 890 943 945 Christi
980 890 1122 947 1298
1156 891 1330 964 malit,
1361 907 1470 962 quo
1497 892 1679 963 vigilia
1709 891 1918 948 Natalis

341 978 546 1035 Christi
575 981 694 1038 dies
730 981 981 1038 Mercurii
1013 981 1140 1038 fuit.
1180 983 1256 1039 De
1286 984 1375 1041 his
1402 984 1737 1043 disseremus
1763 991 1917 1057 post-

342 1086 406 1125 ea
434 1071 471 1125 l.
504 1088 563 1125 ιιι
594 1072 785 1127 harum
819 1071 976 1143 Ohs.,
1005 1090 1056 1129 c.
1081 1075 1139 1140 7,
1171 1091 1226 1130 n.
1262 1076 1351 1132 i9.

417 1161 565 1220 Ibid.
620 1165 763 1220 Ante
814 1166 997 1222 omnia
1054 1167 1243 1224 lectori
1282 1167 1548 1224 rationem
1582 1167 1752 1223 reddo
1783 1182 1917 1236 sup-

344 1253 503 1323 pleta:
530 1270 561 1310 a
594 1272 680 1312 me
713 1256 1086 1329 lacnnae,qua:
1128 1259 1219 1314 hic
1249 1257 1305 1313 in
1339 1274 1442 1315 ms.
1468 1258 1778 1329 archetypis
1804 1258 1920 1313 hia-

344 1349 460 1402 bat.
504 1347 596 1402 Sic
633 1349 778 1404 enim
825 1351 898 1405 ibi
934 1362 1158 1407 exstat:
1202 1353 1266 1406 Ei
1296 1352 1374 1423 μή
1424 1353 1477 1423 γ’
1528 1352 1726 1422 ἐκείνῳ
1768 1352 1830 1406 τὸ
1858 1352 1918 1406 ἐν

341 1436 518 1510 τῷ....
545 1438 731 1494 τόπών
762 1442 1053 1513 ἀμμῶδες.
1091 1430 1202 1516 Ego
1232 1442 1376 1499 inter
1399 1442 1478 1515 τῷ
1517 1453 1571 1499 ct
1598 1444 1784 1499 τόπων
1812 1444 1919 1499 duo

360 1531 480 1586 hac
536 1532 702 1587 verba
754 1535 946 1604 πρόσω
974 1536 1176 1606 χωρεῖν
1231 1535 1520 1592 inserenda
1566 1536 1773 1603 censui,
1807 1550 1916 1590 non

342 1622 463 1679 sine
493 1624 977 1682 verisimilitudine
1027 1628 1311 1687 conlidens
1365 1630 1510 1685 haud
1560 1629 1721 1696 longe
1761 1629 1841 1684 sic
1886 1643 1916 1682 a

344 1730 470 1772 vera
509 1717 840 1787 primigenia
895 1720 1195 1792 scriptione
1251 1723 1442 1779 abesse
1489 1723 1632 1777 hunc
1684 1722 1760 1776 ita
1791 1733 1920 1791 sup-

340 1808 548 1879 pletum
580 1810 785 1866 locum.

412 1898 475 1957 P.
508 1899 637 1957 458.
685 1903 815 1958 Haec
862 1918 983 1975 quae
1020 1903 1385 1977 Pachymeres
1413 1905 1517 1961 hoc
1550 1904 1669 1961 loco
1701 1906 1771 1961 de
1820 1904 1923 1961 Ca-

338 2000 480 2042 zane
512 1989 995 2055 scribit,'caruisse
1029 1993 1178 2048 illum
1207 1993 1418 2061 liberis,
1450 2011 1555 2049 non
1590 1995 1726 2050 bene
1748 1995 1926 2050 cohae-

337 2088 463 2135 rent
513 2095 638 2136 cum
692 2082 760 2138 iis
807 2099 929 2152 qua:
961 2083 1243 2150 Villanius,
1270 2086 1364 2143 lib.
1397 2103 1516 2154 vm,
1545 2102 1596 2143 c.
1642 2087 1735 2154 35,
1768 2099 1824 2146 et
1855 2103 1922 2145 ex

336 2181 408 2224 eo
460 2180 681 2226 sanctus
712 2171 1047 2240 Antoninus,
1080 2176 1166 2231 tit.
1204 2176 1302 2245 20,
1360 2192 1409 2232 c.
1444 2177 1555 2247 8,§
1589 2177 1643 2243 9,
1677 2194 1743 2233 ex
1778 2179 1923 2233 rela-

340 2260 492 2316 tione
547 2262 836 2334 cujusdam
894 2266 1032 2323 civis
1089 2268 1390 2324 Florentini
1440 2271 1532 2326 diu
1583 2270 1637 2327 in
1695 2269 1924 2328 Perside

338 2355 545 2410 versati
579 2369 908 2414 memorant.
936 2358 1204 2418 Nimirum
1239 2361 1481 2418 Cassano
1502 2379 1728 2419 uxorem
1757 2364 1924 2421 fuisse

340 2445 506 2501 tiliam
543 2448 687 2520 regis
728 2450 1001 2507 Armenia:
1039 2454 1522 2524 speciosissimam,
1567 2456 1924 2527 eamdemque

338 2536 716 2596 Christianam
749 2558 764 2608 ;
807 2556 872 2598 ex
909 2558 1014 2613 qua
1039 2559 1162 2599 cum
1199 2546 1246 2600 ei
1278 2556 1445 2603 natus
1484 2558 1628 2603 esset
1670 2548 1813 2603 illius
1848 2550 1922 2603 ita

337 2630 600 2689 deformis
636 2644 694 2691 ut
729 2635 817 2691 vix
854 2636 1079 2692 humani
1128 2637 1332 2709 aliquid
1370 2638 1571 2696 habere
1619 2640 1919 2709 videretur,

336 2722 643 2780 Cassanum
700 2742 920 2784 uxorem
954 2730 1112 2799 quasi
1145 2740 1483 2802 compertam
1531 2732 1782 2786 adulterii
1814 2747 1921 2786 una

336 2830 464 2869 cum
493 2826 827 2886 monstroso,
860 2835 1021 2890 quem
1053 2837 1121 2876 ex
1170 2837 1231 2877 se
1263 2832 1486 2894 negaret
1530 2824 1758 2890 editum,
1790 2824 1920 2880 imm

338 2906 597 2963 incendio
632 2911 824 2979 perimi
861 2914 1170 2972 mandasse.
1216 2912 1321 2969 Sed
1357 2931 1478 2969 cum
1528 2915 1920 2987 impetrasseta

338 2998 589 3055 Cassano
620 3001 816 3057 mulier
843 3013 901 3057 ut
927 3004 1032 3059 sibi
1066 3020 1164 3074 per
1211 3021 1336 3060 cum
1379 3006 1594 3072 liceret,
1631 3015 1920 3078 antequam

336 3088 574 3146 ﬂammis
630 3108 751 3149 cum
789 3109 959 3160 puero
1010 3098 1340 3165 traderetur,
1401 3098 1740 3154 confessione
1781 3101 1921 3168 apud

335 3184 682 3240 sacerdotem
720 3202 954 3257 purgare
1000 3191 1243 3244 animum
1295 3201 1348 3247 ct
1393 3206 1608 3248 sacram
1653 3193 1920 3248 Euchari-
1947 3224 1990 3281 ρ

333 3276 498 3332 Stiam
533 3278 814 3348 percipere
855 3281 1132 3353 liliumque
1191 3284 1490 3354 baptizare,
1538 3284 1701 3357 767
1747 3285 1949 3341 conti»

335 3367 486 3442 gisse
519 3379 578 3423 ut
603 3385 760 3424 sacro
795 3370 1011 3427 lavacro
1066 3373 1268 3428 tinctus
1300 3391 1436 3444 puer
1468 3389 1688 3447 repente
1715 3375 1919 3431 formo-

332 3463 591 3518 sissimus
622 3466 903 3521 evaderet.
940 3466 1058 3533 Quo
1099 3476 1284 3523 motus
1314 3467 1586 3524 Cassanus
1617 3484 1725 3524 non
1758 3469 1919 3526 modo

332 3557 618 3613 revocavit
652 3574 896 3629 praeceps
953 3559 1242 3629 judicium,
1282 3564 1375 3616 sed
1400 3573 1456 3617 et
1485 3561 1687 3617 Christi
1743 3563 1917 3634 [alam

331 3651 654 3722 religionem
685 3663 771 3708 est
800 3653 1104 3724 amplexus.
1158 3655 1236 3710 lta
1278 3654 1396 3723 illi;
1451 3671 1571 3724 quae
1605 3672 1709 3710 non
1764 3657 1920 3712 inuo-

334 3743 510 3798 tuisse
554 3742 1044 3823 Constantinopoli,
1076 3746 1240 3802 etiam
1278 3747 1385 3802 alio
1432 3762 1519 3820 ex‘
1540 3748 1640 3803 hac
1687 3748 1917 3805 historia

331 3831 500 3887 ducto
530 3845 854 3903 argumento
891 3838 1172 3891 suadetur.
1210 3837 1475 3906 Superius
1507 3838 1675 3906 enim,
1706 3853 1760 3906 p.
1792 3838 1921 3903 102,

334 3925 555 3995 scripsit
588 3936 775 3981 noster
820 3926 1197 3982 Andronicum
1257 3929 1550 3984 certiorem
1604 3928 1806 3983 factum
1855 3929 1923 3983 de

331 4020 582 4090 potentia
614 4018 872 4085 Cazanis,
904 4029 962 4075 ut
991 4036 1117 4075 eum
1150 4023 1252 4077 sibi
1304 4023 1650 4094 adjnngcret,
1687 4023 1924 4082 offeren-

332 4112 464 4166 dam
496 4112 545 4167 ei
574 4127 802 4169 curasse
853 4111 1019 4167 tiliam
1075 4128 1229 4168 suam
1284 4112 1369 4186 [P.
1422 4114 1553 4187 552]
1610 4118 1831 4171 n0tham
1868 4118 1919 4171 in

331 4204 672 4275 conjugem,
725 4219 890 4274 quam
941 4213 998 4260 et
1056 4203 1148 4261 ille
1205 4204 1638 4277 propositionem
1690 4206 1923 4277 henigne

329 4297 636 4367 acceperit.

405 4388 468 4445 P.
500 4390 626 4446 459.
661 4389 836 4446 Etiam
868 4391 1174 4462 Aythonus,
1210 4407 1262 4449 c.
1294 4391 1368 4448 15
1395 4392 1534 4450 Hist.
1584 4392 1708 4461 0r.,
1744 4402 1798 4450 et
1826 4391 1925 4449 Sa—

332 4491 525 4549 nutus,
552 4482 588 4538 l.
625 4498 711 4549 Ill,
750 4499 802 4556 p.
838 4484 927 4550 15,
963 4499 1016 4540 c.
1044 4483 1101 4548 8,
1137 4485 1347 4541 diserte
1378 4486 1650 4541 aliirmant
1696 4502 1921 4542 succes-

2020 620 2287 691 subjectio
2322 621 2500 691 populi
2534 621 2601 674 ad
2641 622 2954 690 episcopmn
2990 628 3049 674 ut
3084 619 3389 674 necessaria
3435 634 3593 674 com-

2022 713 2332 767 mendatur.
2396 711 2652 768 Indicabo
2707 711 2796 766 hic
2846 712 3082 781 aliquas.
3135 711 3187 764 In
3248 711 3274 764 1
3329 711 3494 781 epist.
3530 712 3596 764 ad

2022 801 2370 874 Smyrnaaos:
2427 804 2636 867 Πάντες
2684 803 2763 873 τῷ
2802 804 3087 873 ξπισκόπῳ
3126 801 3471 855 ἀκολουθεῖτε
3521 800 3597 866 ὡς

2031 893 2240 965 Ἰησοῦς
2279 895 2512 965 Χριστὸς
2535 893 2613 965 τῷ
2646 893 2847 965 Πατρὶ,
2884 894 2979 947 καὶ
3002 892 3078 963 τῷ
3109 893 3491 963 πρεώυτερῖῳ
3522 892 3600 955 ὡς

2019 984 2343 1048 ἀποστόλοις
2371 1025 2384 1039 .
2420 1023 2434 1038 .
2475 1023 2490 1038 .
2520 1025 2532 1038 .
2569 984 2778 1053 Μηδεὶς
2806 985 2982 1054 χωρὶς
3019 985 3322 1037 ἐπισκόπου
3347 1000 3401 1035 τι
3422 998 3601 1052 πρασ-

2021 1076 2163 1129 σέτω
2187 1077 2297 1130 τῶν
2347 1077 2661 1147 ἀνηκόντων
2692 1079 2773 1141 εἰς
2817 1078 2918 1147 τὴν
2975 1076 3328 1146 Ἐκκλησίαν.
3379 1072 3598 1143 Ἐκείνη

2023 1165 2217 1237 βεϐαία
2272 1167 2597 1238 εὐχαριστία
2654 1166 2898 1238 ἡγείσθω
2938 1167 2970 1236 ἡ
3012 1165 3119 1219 ὑπὸ
3159 1165 3253 1218 τὸν
3298 1164 3602 1217 ἐπίσκοπον

2017 1253 2172 1324 οὖσα,
2203 1257 2236 1328 ἢ
2270 1249 2315 1326 ᾧ
2357 1258 2423 1312 ἂν
2451 1258 2615 1321 αὐτὸς
2635 1257 2932 1329 ἐπιτρέψῃ.
2970 1258 3147 1311 Ὅπου
3176 1255 3243 1311 ἂν
3266 1259 3408 1327 φανῇ
3429 1259 3458 1310 ὀ
3483 1253 3605 1308 ἔπι-

2021 1366 2241 1414 σκοπος,
2274 1352 2391 1403 ἐκεῖ
2409 1349 2469 1402 τὸ
2501 1348 2704 1420 πλῆθος
2730 1350 2891 1415 ἔστω,
2921 1348 3114 1419 ὥσπερ
3141 1349 3278 1402 ὅπου
3300 1347 3368 1401 ἂν
3455 1344 3599 1415 Χρι·

2023 1441 2147 1504 στδς
2168 1440 2401 1514 Ἰησοῦς,
2434 1442 2548 1495 ἐκεῖ
2579 1445 2611 1510 ὴ
2645 1440 2908 1510 καθολικὴ
2962 1439 3285 1509 Ἐκκλησία.
3334 1439 3452 1493 Οὐκ
3480 1438 3602 1503 ἐξόν

2020 1536 2135 1587 ἐστι
2158 1536 2328 1605 χωρὶς
2366 1533 2460 1587 τοῦ
2498 1535 2803 1587 ἐπισκόπου
2831 1532 2953 1586 οὔτε
2995 1531 3281 1602 βαπτξζειν
3310 1531 3436 1585 οὔτε
3466 1532 3605 1598 ἀγά-

2022 1644 2132 1697 πην
2162 1627 2354 1690 ποιεῖν,
2389 1625 2508 1680 ἀλλ’
2535 1624 2564 1678 δ
2589 1628 2656 1679 ἂν
2681 1628 2887 1688 ἐκεῖνος
2916 1625 3209 1696 δοκιμάσῃ,
3243 1632 3353 1678 etc.
3386 1623 3501 1679 Hoc
3520 1633 3605 1679 est

2018 1702 2089 1773 ex
2119 1718 2343 1785 antiqua
2378 1718 2836 1787 interpretatione
2865 1717 3054 1771 Latina
3085 1735 3101 1773 ε
3128 1715 3326 1771 Nullus
3355 1719 3469 1771 sine
3491 1718 3605 1785 epi-

2023 1820 2179 1881 scopo
2206 1809 2410 1880 aliquid
2437 1819 2682 1874 operetur
2710 1806 2889 1862 eorum
2918 1825 3037 1879 qua:
3071 1812 3382 1864 conveniunt
3417 1810 3470 1861 in
3502 1808 3604 1861 Ec-

2027 1904 2262 1957 clesium.
2296 1899 2398 1955 Illa
2445 1901 2600 1969 ﬁrma
2649 1903 2943 1968 gratiarum
2991 1907 3134 1953 actio
3163 1910 3455 1967 reputetur,
3484 1913 3604 1967 qua:

2027 1996 2121 2050 sub
2162 1993 2274 2059 ipso
2321 2002 2398 2045 est
2429 1989 2504 2045 vel
2533 2006 2687 2060 quam
2734 1991 2918 2058 utique
2968 1989 3461 2057 ipse.couresserit.
3504 1986 3604 2042 Ubi

2027 2087 2204 2157 utique
2229 2090 2447 2154 apparet
2479 2082 2769 2151 episcopus.
2794 2079 2904 2133 illic
2937 2079 3218 2132 multitudo
3242 2080 3332 2139 sit.
3355 2080 3608 2148 quemad-

2026 2178 2237 2231 modum
2267 2178 2442 2245 utique
2474 2174 2563 2228 ubi
2587 2183 2661 2227 est
2693 2171 2935 2227 Christus
2968 2169 3150 2236 Iesus,
3201 2171 3311 2224 illic
3343 2172 3607 2249 catholica

2026 2271 2287 2327 Ecclesia.
2319 2268 2443 2323 Non
2482 2270 2686 2322 licitum
2715 2278 2791 2322 est
2821 2266 2933 2321 sine
2960 2267 3204 2335 episcopo
3236 2282 3398 2335 neque
3432 2265 3607 2331 bapti-

2026 2382 2150 2420 zare
2170 2381 2332 2435 neque
2359 2380 2558 2433 agapen
2582 2361 2777 2430 facere,
2811 2361 2900 2415 sed
2931 2359 3070 2431 quod
3096 2361 3272 2425 utique
3294 2359 3382 2414 ille
3410 2359 3605 2428 proba-

2025 2457 2176 2521 verit,
2214 2466 2322 2512 etc.
2357 2456 2498 2510 Idem
2527 2454 2688 2520 epist.
2714 2452 2771 2519 2,
2809 2453 2875 2507 ad
2909 2452 3267 2523 Polycarpnm
3301 2468 3315 2505 :
3358 2451 3448 2520 Τῷ
3481 2452 3608 2504 ἐπι.

2027 2551 2215 2623 σκόπῳ
2243 2550 2568 2620 προσέχετε,
2599 2548 2685 2601 ἴνα
2735 2547 2829 2600 καὶ
2862 2548 2890 2600 ὁ
2923 2546 3053 2608 Θεὸς,
3085 2545 3237 2615 ὑμῖν.
3279 2543 3602 2614 Ἀντίψυχος

2026 2642 2139 2710 ἐγὼ
2170 2642 2277 2695 τῶν
2320 2639 2779 2709 ὑποτασσομένων
2825 2635 2905 2706 τῷ
2952 2638 3275 2701 ὲπισκόπῳο
3344 2635 3606 2705 Episcopo

2024 2730 2299 2795 attendite,
2334 2739 2392 2781 ut
2425 2737 2472 2783 et
2511 2727 2650 2781 Deus
2680 2728 2846 2781 vobis.
2882 2724 3168 2781 Uuanimis
3198 2742 3291 2794 ego
3319 2743 3437 2780 cum
3478 2726 3607 2778 sub-

2015 2820 2173 2891 jectis
2226 2821 2492 2889 episcopo.
2534 2821 2593 2872 In
2658 2817 2727 2872 Ill
2758 2820 2825 2873 ad
2878 2816 3142 2886 Ephesios
3178 2835 3192 2873 :
3227 2818 3441 2889 Πρέπει
3472 2816 3606 2887 ὑμῖν

2026 2912 2342 2983 συντρέχειν
2394 2914 2463 2983 τῇ
2516 2912 2612 2965 τοῦ
2672 2911 2980 2965 ἐπισκόπου
3022 2909 3250 2982 γνὼμῃο
3305 2909 3461 2963 Decet
3517 2925 3607 2962 vos

2024 3021 2337 3060 concurrere
2359 3005 2588 3073 episwpi
2612 3006 2904 3059 sententia.
2940 3002 3157 3069 Quarta:
3182 3003 3246 3056 ad
3300 3001 3607 3071 Magnesins

2024 3097 2140 3150 haec
2162 3105 2290 3150 sunt
2318 3096 2372 3150 in
2401 3094 2506 3150 hoc
2538 3097 2874 3165 propositum
2914 3096 3057 3149 inter
3087 3095 3191 3149 alia
3224 3113 3239 3149 :
3276 3096 3493 3164 Πρέπον
3512 3094 3608 3148 οὖν

2026 3190 2143 3243 ἔστι
2175 3187 2250 3259 μὴ
2277 3188 2439 3259 μόνον
2463 3189 2753 3244 καλεῖσθαι
2773 3188 3159 3259 Χριστιανοὺς,
3180 3187 3315 3241 ἀλλὰ
3330 3188 3421 3240 καὶ
3442 3184 3606 3252 εἶναι,

2028 3279 2216 3350 ὥσπερ
2237 3282 2329 3334 καί
2354 3297 2498 3344 τινες
2534 3281 2840 3335 ἐπίσκοπον
2866 3282 2966 3351 μὲν
3013 3280 3298 3341 καλοῦσιν,
3341 3282 3512 3351 χωρὶς
3551 3279 3609 3332 δὲ

2027 3373 2195 3427 αὐτοῦ
2219 3373 2397 3427 πάντα
2428 3375 2789 3441 πράσσουσιν.
2813 3374 2877 3425 Οἱ
2901 3371 3135 3426 τοιοῦτοι
3161 3373 3218 3425 δὲ
3243 3373 3344 3426 οὐκ
3366 3372 3607 3427 εὐσυνεε-

2026 3466 2177 3537 δητοί
2207 3466 2376 3536 768
2412 3483 2503 3535 μοι
2538 3461 2677 3518 εἶναι
2725 3464 3044 3532 φαίνονται·
3087 3464 3287 3520 Decem
3322 3465 3488 3534 ig’tur
3530 3473 3607 3517 est

2031 3575 2133 3611 non
2164 3558 2338 3612 solum
2389 3558 2567 3611 vocari
2598 3556 2951 3619 Christianos,
2984 3556 3075 3610 sed
3111 3568 3158 3610 et
3189 3552 3317 3617 este,
3354 3559 3607 3624 quemad-

2028 3649 2240 3703 modum
2272 3649 2488 3719 quidam
2515 3649 2814 3716 episcopum
2853 3647 3063 3717 quidem
3114 3655 3321 3708 vocant,
3354 3646 3469 3699 sine
3495 3645 3607 3710 ipso

2028 3752 2205 3796 autent
2226 3740 2406 3797 omnia
2433 3752 2738 3811 operantur.
2771 3738 2928 3794 Tales
2962 3749 3138 3793 autem
3179 3755 3280 3792 non
3304 3739 3450 3791 bona:
3477 3752 3608 3790 cou-

2028 3837 2267 3890 scientite
2316 3833 2445 3887 mihi
2475 3850 2584 3888 esse
2609 3833 2872 3887 uidentur.
2926 3830 2981 3886 In
3022 3842 3175 3888 sexta
3206 3832 3272 3885 ad
3312 3829 3609 3884 Trallesim

2031 3927 2145 3981 ha'c
2176 3928 2337 3981 habet
2369 3943 2383 3981 :
2442 3925 2616 3978 Ὅταν
2670 3923 2750 3994 τῷ
2780 3923 3071 3993 ὲπισκόπῳ
3121 3920 3496 3981 ὑποτάσσεσθε
3533 3919 3610 3980 ὡς

2041 4017 2218 4087 Ἰησοῦ
2278 4016 2522 4087 Χριστῷ,
2558 4015 2817 4084 φαίνεσθέ
2866 4032 2957 4085 μοι
3001 4014 3062 4068 οὐ
3095 4015 3237 4067 κατὰ
3266 4012 3608 4083 ἀνθρώπινον

2030 4106 2253 4170 ζῶντες,
2280 4104 2417 4158 ἀλλὰ
2441 4104 2565 4158 κατ’
2619 4101 2832 4173 Ἰησοῦν
2861 4101 3129 4174 Χριστόν·
3180 4100 3316 4155 Cum
3365 4101 3607 4158 episcopo

2030 4199 2259 4265 subjecti
2292 4197 2417 4251 estis
2450 4207 2504 4250 ut
2526 4194 2659 4250 Jesu
2682 4194 2921 4257 Christo,
2948 4194 3201 4257 videmini
3234 4193 3361 4247 mihi
3386 4208 3489 4245 non
3529 4209 3609 4244 se-

2030 4290 2259 4345 cundum
2286 4290 2519 4344 homines
2550 4289 2796 4354 viventes,
2832 4288 2922 4341 sed
2942 4286 3231 4341 secundum
3253 4284 3435 4339 Iesum
3463 4284 3611 4341 Chri-

2029 4390 2189 4435 stum.
2226 4377 2431 4433 liorum
2462 4377 2666 4447 aliqua,
2699 4376 2779 4431 vel
2812 4374 2955 4430 forte
2979 4375 3187 4439 omnia,
3215 4382 3309 4427 aut
3336 4378 3499 4426 etiam
3526 4372 3611 4426 his

2033 4475 2206 4541 plura,
2238 4486 2359 4541 qua:
2391 4470 2441 4523 in
2467 4469 2763 4539 lgnatianis
2784 4466 3032 4535 epistolis
3059 4466 3334 4536 leguntur.
3370 4466 3612 4519 credide-

328 4591 515 4634 sorem
553 4554 779 4632 Cassani
808 4578 1034 4631 fratrem
1067 4577 1265 4648 ipsius,
1296 4578 1426 4633 licet
1451 4577 1676 4634 Bizarus
1713 4579 1795 4634 his
1827 4594 1923 4646 po-

2034 4564 2134 4616 rim
2160 4562 2394 4631 jussisse
2418 4560 2507 4615 hic
2541 4558 2763 4615 recitari
2798 4558 3195 4613 Andronicum.
3244 4554 3418 4611 Unice
3465 4557 3610 4609 enim

326 4666 537 4721 sterior
562 4677 618 4722 ct
648 4668 850 4733 minus,
897 4668 989 4723 ubi
1040 4668 1319 4734 dissentit,
1359 4669 1465 4724 fide
1507 4670 1725 4741 dignus,
1756 4671 1925 4724 lilium

328 4756 581 4813 Cassauo
610 4759 860 4814 morienti
890 4759 1224 4814 successisse
1272 4760 1501 4824 scribat,
1532 4761 1572 4816 l.
1604 4776 1701 4815 vm
1733 4759 1929 4815 Rerum

332 4845 710 4903 Persicorum.
768 4849 1087 4919 Discrepant
1124 4857 1307 4904 tamen
1343 4849 1396 4903 bi
1454 4865 1648 4907 omnes
1679 4851 1731 4905 in
1766 4851 1929 4923 hujus

331 4942 558 4997 "Omitte
588 4956 618 4996 a
649 4940 1006 5014 Pachymere,
1036 4942 1165 4996 dum
1221 4941 1561 4998 Carbandam
1589 4958 1683 4998 seu
1715 4944 1929 5000 Carba-

326 5036 572 5106 gaudam
612 5046 827 5101 vocant,
854 5051 1016 5106 quem
1048 5044 1233 5091 noster
1260 5036 1351 5091 hic
1365 5036 1776 5107 Carmpantam,
1799 5037 1925 5092 alibi

327 5126 797 5196 Carmpantancm
833 5126 1090 5197 appellat.
1121 5124 1370 5181 Tradunt
1398 5138 1577 5183 autem
1614 5129 1774 5183 modo
1809 5128 1927 5181 lau-

329 5219 452 5274 dati
500 5228 748 5275 auctores
797 5220 962 5275 istum
995 5220 1225 5278 Cassani
1269 5220 1498 5277 fratrem
1552 5232 1728 5276 matre
1762 5220 1925 5277 Chri-

329 5308 513 5367 stiana
544 5308 771 5374 editum.
793 5320 847 5365 et
877 5311 1053 5381 ipsum
1072 5310 1470 5379 Christianum,
1497 5310 1704 5369 Nicolai
1730 5328 1925 5369 nomen

332 5402 394 5455 in
422 5401 690 5470 baptismo
720 5403 1024 5473 accepisse,
1051 5419 1546 5476 perseverasseqne
1584 5405 1639 5460 in
1669 5419 1797 5461 vera
1837 5420 1923 5460 re-

329 5494 560 5563 ligione,
602 5484 779 5563 quoad
826 5495 964 5550 vixit
1018 5507 1213 5560 mater,
1266 5498 1361 5551 sed
1420 5512 1484 5553 ea
1518 5508 1755 5567 mortua,
1784 5499 1926 5570 quod

335 5598 464 5661 post
496 5604 670 5645 annos
697 5605 790 5645 sex
839 5588 1089 5659 contigit,
1139 5589 1210 5645 ad
1265 5589 1737 5648 Mahometismum
1776 5592 1925 5648 defe-

334 5683 501 5738 cisse.

409 5777 472 5830 t’.
506 5774 629 5830 161.
663 5773 889 5841 Χρῆσις
915 5773 973 5830 S.
996 5775 1250 5847 martyris
1279 5773 1474 5844 lgnatii
1506 5775 1610 5832 hoc
1640 5776 1762 5832 loco
1789 5776 1923 5832 lecta

340 5888 410 5941 qu
424 5884 588 5926 ruam
617 5868 803 5933 fuerit,
833 5883 940 5923 non
970 5866 1131 5923 facile
1162 5868 1406 5925 divinatu
1440 5874 1544 5935 est,
1570 5869 1712 5939 quod
1740 5868 1925 5924 multae

2037 4654 2307 4710 faciebant
2342 4653 2408 4708 ad
2443 4667 2669 4721 scopum
2727 4651 2807 4706 illi
2872 4650 3212 4720 propositum
3251 4648 3610 4716 persuadendi

2032 4748 2351 4803 Arscnianis
2378 4757 2439 4803 ut
2470 4745 2767 4801 Athanasio
2800 4745 3133 4812 patriarcha:
3168 4758 3228 4797 se
3276 4742 3608 4805 subderent;

2032 4853 2085 4899 et
2109 4858 2233 4898 eum
2269 4858 2336 4897 ex
2379 4841 2621 4910 pluribus
2661 4838 2857 4909 lgnatii
2904 4836 3153 4906 epistolis
3206 4838 3452 4904 quaedam
3485 4835 3590 4889 alle

2032 4951 2211 5009 gasse,
2258 4945 2577 5006 argumento
2607 4948 2731 4988 esse
2762 4940 2939 5002 potest
2960 4930 3104 4994 quod
3133 4928 3334 4983 nullam
3362 4927 3613 4982 nomina-

2031 5034 2126 5084 tim
2189 5028 2512 5100 designavit,
2548 5042 2615 5081 ex
2671 5041 2777 5097 qua
2834 5025 2998 5079 verba
3043 5037 3164 5093 quae
3210 5022 3385 5076 audiri
3441 5019 3613 5074 voluit

2032 5131 2269 5180 erueret.

2102 5214 2164 5269 Ρ.
2193 5212 2320 5268 465.
2347 5209 2419 5267 Ut
2450 5211 2701 5282 superius
2742 5208 3131 5265 schismaticns
3165 5206 3466 5277 imperator
3490 5220 3615 5274 per-

2032 5307 2260 5362 suadere
2292 5303 2461 5358 voluit
2520 5300 2604 5374 [P.
2632 5299 2761 5374 553]
2794 5317 2820 5354 a
2861 5311 3104 5369 tempore
3156 5313 3363 5369 magum
3393 5297 3616 5370 synodi,

2032 5402 2135 5455 hoc
2163 5406 2245 5453 est
2264 5395 2620 5453 meumenica:
2638 5404 2846 5450 octavae
2867 5398 2983 5466 (aut
3011 5393 3192 5463 potius
3210 5389 3611 5461 pseudosynodi

2029 5491 2321 5561 supposita:
2379 5504 2409 5543 a
2474 5487 2762 5542 nntissimo
2821 5485 3116 5555 impostore
3175 5482 3392 5545 Photio,
3444 5494 3609 5551 quant

2032 5582 2282 5638 l‘hutiani
2315 5596 2413 5652 pro
2442 5578 2784 5635 tecumenica
2820 5588 3013 5632 octava
3048 5581 3331 5630 ostentant
3363 5580 3417 5625 et
3446 5586 3614 5625 vene~

2034 5673 2246 5746 rantur)
2270 5674 2551 5730 defecisse
2573 5673 2626 5727 in
2657 5670 2952 5728 Occidente
2985 5682 3166 5724 veram
3201 5664 3608 5719 successionem

2031 5769 2398 5841 legitimorum
2428 5766 2748 5837 praesulum,
2781 5764 2925 5833 quod
2960 5762 3105 5816 notis
3163 5758 3296 5827 adp.
3330 5754 3435 5811 356
3467 5753 3611 5810 refu-

2033 5867 2289 5931 tavimus,
2313 5861 2385 5917 ita
2412 5876 2552 5917 nunc
2573 5859 2689 5931 pari
2722 5856 2956 5916 vanitate
2982 5855 3058 5910 ait
3079 5860 3257 5911 sedem
3283 5849 3617 5919 Romanam,
