4036 6410
522 376 626 438 827

1435 381 1499 444 Ρ.
1545 375 2525 458 POSSlNllOBSERVATIONUM
2587 374 2733 433 LIB.
2782 373 2864 432 ll.

3611 378 3698 440 8‘28

517 507 582 544 ex
615 506 724 560 quo
750 492 1082 562 deprehensa
1123 497 1486 564 damnataque
1525 497 1674 551 labes
1706 495 1927 550 Honorii
1963 495 2078 548 lue-
2107 495 2153 548 Α
2184 488 2325 541 satia
2353 489 2632 542 divinante
2689 486 3060 554 suppleantur.
3115 482 3168 535 ln
3224 482 3336 538 i-tis
3382 485 3701 553 perintriCatis

519 583 610 646 tit,
645 586 1000 640 orthodoxam
1029 603 1150 643 esse
1175 588 1435 651 desiisse;
1464 603 1571 657 quo
1595 587 1750 653 nihil,
1775 603 1877 638 non
1907 587 2080 640 dicant

518 674 755 740 iniquius
771 687 825 730 et
851 677 1267 746 calumniosius,
1294 679 1387 732 sed
1409 688 1465 733 et
1492 678 1734 732 ohtusius
1757 677 2083 746 stultiusque

514 765 622 818 dici
658 767 852 834 potuit.
909 768 976 824 Ut
1008 771 1152 823 enim
1199 771 1445 823 omittam
1501 770 1838 825 collisiouem
1887 767 2078 821 bormn

512 855 742 910 duorum
796 867 1156 920 assertorum,
1213 874 1446 927 quorum
1483 861 1714 914 alterum
1767 857 1852 911 hic
1905 855 2078 926 ponit,

512 947 742 1004 desiisse
777 949 830 1003 in
855 949 1092 1005 Honorio
1119 951 1403 1019 pontiﬁces
1434 948 1706 1004 Romanos
1745 964 1866 1004 esse
1893 947 2082 1004 ortho-

513 1040 704 1102 doxos,
729 1040 979 1104 alterum,
1019 1057 1070 1111 p.
1121 1043 1247 1106 556,
1293 1042 1548 1110 superius
1590 1051 1918 1103 astrnxerat,
1952 1047 2078 1107 post

509 1141 755 1183 octavam
783 1132 1001 1186 deruunt
1030 1135 1321 1202 synodum,
1360 1136 1463 1189 hoc
1515 1143 1600 1189 est
1643 1133 1892 1188 ducentis
1921 1132 2080 1188 annis

509 1222 576 1274 ab
604 1219 863 1286 Honorio.
899 1225 1125 1279 desiisse
1152 1225 1204 1278 in
1237 1225 1529 1280 Occidente
1561 1242 1745 1282 veram
1769 1226 2075 1281 successio-

511 1327 632 1368 nem
667 1314 1028 1387 legitimorum
1061 1317 1371 1385 praesulum.
1405 1318 1483 1372 Ex
1512 1333 1624 1388 quo
1674 1318 1926 1386 sequitur
1967 1316 2074 1370 Bo-

512 1419 701 1458 manos
733 1408 1014 1474 pontiﬁces
1045 1409 1172 1462 totis
1201 1410 1360 1465 anuis
1392 1411 1639 1464 ducentis
1673 1419 1729 1463 et
1757 1408 1923 1463 fuisse
1945 1409 2077 1476 legi-

460 1559 475 1574 .
509 1497 671 1551 ιὶηιοε
727 1499 1009 1566 pontiﬁces
1060 1509 1114 1555 et
1170 1511 1316 1554 recte
1364 1512 1421 1554 ut
1456 1502 1592 1557 tales
1641 1517 1671 1556 a
1706 1499 1910 1556 Graecis
1944 1500 2075 1567 ipsis

508 1590 741 1655 agnitos,
772 1605 892 1645 cum
957 1601 1134 1645 tamen
1189 1593 1485 1647 orthodoxi
1535 1608 1640 1645 non
1673 1601 1859 1647 essent
1891 1607 1906 1644 :
1942 1590 2073 1645 illud

509 1681 668 1734 modo
695 1683 801 1747 aio,
841 1685 975 1738 satis
1023 1700 1145 1739 esse
1203 1685 1548 1740 manifestum
1585 1683 1832 1750 Honorii,
1876 1683 1925 1738 si
1951 1683 2074 1752 quis

506 1771 626 1838 fuit,
665 1771 874 1842 lapsum
910 1776 960 1828 iu
989 1791 1139 1830 mera
1171 1777 1294 1831 facti
1323 1778 1542 1832 haesisse
1568 1775 1950 1845 imprudentia,
2003 1775 2068 1827 ad

507 1863 664 1916 tidem
695 1880 757 1917 ac
787 1866 981 1933 dogma
1037 1866 1257 1920 minime
1291 1867 1642 1934 pertinuisse.
1705 1865 1949 1934 Sergius,
1980 1879 2072 1932 pa-

506 1953 745 2008 triarcha
777 1954 1438 2024 ConstantinOpOIitanus,
1469 1960 1708 2012 nondum
1739 1957 1952 2028 agnitus
1972 1970 2070 2023 pro

507 2043 778 2109 hatretico,
821 2045 1042 2114 scripsit
1074 2047 1140 2100 ad
1172 2047 1466 2102 Honorium
1503 2048 1802 2103 Romanum
1851 2049 2071 2117 pontiﬁ-

502 2147 620 2187 cem
659 2149 803 2188 anno
832 2136 1033 2190 ChriSti
1066 2138 1190 2202 632,
1217 2139 1408 2208 agitari
1439 2154 1630 2209 magno
1655 2139 1882 2192 tumultu
1932 2155 2068 2194 con-

505 2224 816 2287 ttoversias.
849 2217 1034 2282 dmene
1054 2247 1124 2282 an
1150 2247 1255 2284 una
1277 2231 1390 2284 sola
1416 2232 1470 2284 iu
1489 2232 1700 2286 Christo
1719 2232 2065 2302 agnoscendus

499 2323 671 2368 essent
700 2316 991 2373 voluntates
1017 2329 1066 2372 et
1109 2323 1434 2388 operationes
1459 2339 1478 2388 ,'
1525 2324 1726 2393 quibus
1758 2323 1892 2378 rixis
1915 2340 2064 2378 com-

501 2409 784 2474 pescendis
820 2423 1180 2479 Opportunum
1215 2415 1427 2468 interim
1464 2417 1564 2470 sibi
1599 2417 1768 2471 videri
1801 2433 2061 2488 suggere-

500 2498 594 2552 bat
617 2500 815 2568 imponi
850 2518 878 2555 a
913 2505 1166 2571 pontiﬁce
1197 2521 1260 2560 ex
1292 2522 1445 2576 aequo
1493 2510 1740 2577 utrisque
1770 2525 1932 2578 super
1974 2511 2063 2567 tali

499 2590 853 2647 altercatione
875 2595 1170 2652 silentium.
1206 2599 1354 2653 Fecit
1384 2603 1526 2669 quod
1561 2604 1854 2672 rogabatur
1884 2603 2067 2658 llono—

500 2684 644 2748 rius;
679 2694 730 2737 et
759 2685 883 2754 quia
919 2686 1019 2741 tale
1041 2691 1326 2744 consilium
1361 2701 1555 2747 eventu
1580 2695 1800 2748 noxium
1833 2696 2063 2750 catholi-

497 2775 597 2838 cis,
628 2781 966 2830 commodmn
993 2779 1261 2836 haereticis
1285 2783 1681 2852 deprehensum
1727 2797 1832 2850 εει,
1865 2787 2071 2842 multo-

497 2881 617 2919 rum
651 2878 833 2936 postea
865 2874 1100 2939 querelis
1126 2884 1177 2928 et
1223 2876 1700 2933 criminationibus
1732 2894 1925 2934 nomen
1962 2880 2063 2935 fuit

496 2956 642 3011 illius
677 2971 731 3014 et
764 2964 1023 3017 memoria
1071 2975 1281 3036 notata,
1333 2969 1488 3037 quasi
1542 2977 1745 3026 temere
1792 2970 2062 3027 credendo

2186 580 2338 634 locus
2362 580 2446 633 hic
2472 578 2590 643 fuit,
2624 579 2676 632 in
2707 577 2830 632 cod.
2866 577 3029 629 Allat.
3064 576 3142 628 sic
3175 575 3400 644 scriptus
3435 597 3447 633 :
3488 579 3700 650 Παριδὼν

2183 671 2360 724 ταῦτα
2415 669 2610 740 ἓλομαί
2657 687 2718 722 τε
2773 669 2938 738 ὑμᾶς.
2970 667 3106 723 Cod.
3139 667 3298 721 Barb.
3332 668 3480 722 habet
3521 671 3699 735 ἕλωμα.

2183 762 2382 816 Neutra
2420 762 2579 816 lectio
2631 776 2752 816 cum
2803 760 3158 830 sequentibus
3209 759 3452 814 coltzeret.
3498 760 3699 830 Reposui

2181 852 2319 904 ἑλών
2341 869 2398 904 τε
2429 851 2596 922 ὑμᾶς,
2633 850 2903 905 sententia
2930 849 3042 920 jam
3075 848 3358 904 tolerabili.

2250 943 2310 996 Ρ.
2336 943 2461 997 ΠῚ.
2513 943 2671 997 Ἀλλ’
2699 942 2950 1010 ἀκρίτου
2999 935 3100 995 αὖ.
3137 939 3227 994 Sic
3261 939 3548 992 necessario
3575 954 3703 1006 repo-

2178 1035 2284 1098 Sui,
2302 1049 2424 1088 cum
2455 1035 2508 1089 in
2530 1034 2689 1089 codd.
2717 1040 2972 1098 corrupte
2999 1033 3264 1100 legeretur
3283 1029 3410 1084 ἀλλά
3437 1030 3605 1093 κριτοῦ
3625 1029 3699 1084 αὖ.

2179 1125 2545 1196 Praeterquam
2571 1127 2716 1182 enim
2745 1126 2946 1179 insulsa
2976 1134 3119 1178 esset
3153 1123 3241 1177 illa
3288 1123 3512 1177 nominis
3543 1121 3700 1193 κριτοῦ

2176 1218 2331 1289 quasi
2368 1219 2682 1274 continuata
2718 1218 2987 1285 repetitto,
3017 1216 3303 1270 manifeste
3338 1215 3433 1271 loci
3465 1213 3698 1268 sententia

2179 1309 2369 1378 exigit.
2396 1319 2454 1363 ut
2485 1311 2772 1379 sequentia
2805 1309 3106 1376 declarant,
3150 1307 3450 1377 signiﬁcare
3475 1307 3697 1360 Arscnia-

2177 1416 2276 1454 nos
2310 1415 2446 1468 opus
2473 1417 2592 1456 esse
2628 1401 2692 1454 ad
2731 1401 3058 1456 decisionem
3098 1400 3479 1456 controversiae
3507 1415 3606 1453 sua:
3632 1400 3698 1466 ju-

2175 1492 2296 1545 dice
2323 1506 2603 1563 supremo,
2627 1492 2842 1560 qualem
2876 1499 3072 1544 vocant
3111 1490 3308 1562 κριτὴν
3333 1489 3559 1558 ἄκριτον,
3580 1487 3700 1556 judi-

2175 1598 2292 1638 cem
2321 1584 2532 1654 judicio
2558 1584 2840 1640 subeundo
2871 1582 2960 1657 [P.
3013 1582 3140 1656 554]
3189 1599 3294 1637 non
3331 1582 3621 1646 obnoxium,
3649 1595 3701 1633 ex

2173 1674 2330 1741 cujus
2384 1675 2652 1728 sententia
2710 1675 2994 1745 provocari
3042 1687 3300 1745 nequeat,
3349 1684 3524 1744 utpote
3569 1685 3703 1740 supra

2175 1781 2336 1835 quem
2369 1764 2508 1821 alius
2538 1782 2644 1820 non
2672 1767 2743 1822 sit
2775 1768 2826 1820 in
2877 1768 3035 1822 terris
3073 1766 3276 1838 judcx;
3315 1781 3367 1822 et
3422 1767 3570 1820 talem
3594 1765 3707 1819 istos

2172 1856 2485 1913 adulatores
2503 1857 2884 1912 schismaticos
2907 1871 3206 1926 agnoscere
3234 1859 3427 1911 laicum
3451 1856 3708 1924 imperatae

2168 1965 2309 2013 rem,
2343 1949 2396 2002 in
2425 1951 2606 2004 causis
2641 1951 2805 2005 etiam
2832 1950 3223 2006 ecclesiasticis
3264 1960 3318 2004 et
3348 1946 3706 2018 spiritualibus,

2168 2055 2276 2095 non
2305 2040 2492 2108 pudet.
2529 2037 2634 2093 Sed
2668 2039 2875 2095 similes
2901 2041 3102 2095 habent
3130 2040 3283 2096 labra
3310 2040 3560 2094 lactucas.

2237 2130 2298 2185 P.
2324 2129 2450 2185 482.
2489 2130 2743 2185 Πλάτων
2765 2131 2836 2184 ἐν
2855 2133 3096 2201 Νόμοις.
3119 2131 3296 2186 Locus
3325 2132 3409 2187 hic
3432 2131 3706 2200 indigitatus

2165 2237 2192 2277 a
2229 2221 2568 2294 Pachymere
2599 2230 2774 2276 exstat
2802 2225 2943 2289 apud
2967 2222 3271 2284 Platonem,
3309 2224 3383 2277 Ι.ι
3421 2219 3487 2274 De
3515 2221 3706 2289 legibus,

2165 2328 2218 2383 p.
2254 2313 2359 2368 650
2388 2314 2475 2368 ed.
2503 2311 2717 2382 Steph.,
2747 2314 2837 2369 ubi
2870 2315 2948 2368 sic
2981 2315 3212 2382 legitur:
3241 2315 3529 2375 Διαὸἀντες
3549 2311 3600 2364 δὲ
3627 2311 3706 2363 καὶ

2167 2405 2470 2476 μαχόμενοι
2527 2405 2804 2469 ἐθέλοντες
2849 2405 3223 2476 ἀποθνήσκειν
3269 2407 3327 2459 ἐν
3374 2405 3452 2476 τῷ
3514 2403 3706 2470 πολέμῳ

2163 2495 2184 2568 (
2201 2497 2399 2566 φράζει
2423 2498 2724 2568 Τυρταῖος)
2757 2497 2866 2550 τῶν
2893 2497 3245 2570 μισθοφόρων
3274 2498 3380 2552 εἰσὶ
3413 2494 3707 2566 πάμπολλοιο

2161 2584 2238 2645 ὧν
2267 2593 2316 2644 ot
2345 2591 2591 2644 πλεῖστοι
2617 2591 2856 2660 γίνονται
2887 2592 3108 2663 θρασεῖς
3134 2597 3230 2646 καὶ
3261 2595 3432 2648 ἄδικοι
3459 2595 3548 2645 καὶ
3577 2589 3710 2659 ὕϐρι·

2161 2681 2287 2736 σταὶ
2335 2683 2426 2736 καὶ
2480 2683 2876 2754 ἀφρονέστατοι
2934 2685 3123 2755 σχεδὸν
3170 2687 3450 2750 ἁπάντων,
3491 2683 3630 2742 ἐκτὸς
3651 2681 3703 2750 δή

2159 2793 2321 2828 τινων
2362 2775 2506 2844 μάλα
2533 2776 2754 2845 ὀλίγων.
2791 2776 2942 2842 Quod
2977 2779 3128 2832 addit
3161 2795 3287 2833 mox
3321 2791 3498 2833 noster
3525 2795 3581 2831 ex
3605 2774 3708 2828 Pla-

2159 2875 2286 2921 tone
2312 2867 2375 2920 de
2405 2868 2521 2923 cive
2545 2868 2687 2922 inter
2718 2869 3019 2925 seditiones
3041 2870 3168 2932 ﬁdo,
3201 2871 3307 2926 hoc
3337 2882 3438 2932 est,
3457 2884 3546 2936 pro
3575 2881 3709 2935 repu-

2159 2957 2296 3013 blica
2322 2956 2538 3012 fortiter
2560 2968 2737 3012 stante
2767 2968 2819 3013 et
2850 2974 2970 3013 eam
2995 2976 3090 3015 sua
3118 2961 3322 3015 virtute
3355 2976 3415 3014 ac
3473 2954 3708 3025 sapientia

497 3049 729 3104 subdolo
757 3051 1148 3120 haeresiarchas,
1174 3059 1265 3126 qui
1290 3059 1527 3113 nondum
1557 3059 1758 3114 larvam
1779 3061 2064 3133 deposuis-
2147 3049 2396 3118 iuvante,
2432 3050 2610 3103 videre
2643 3059 2726 3103 est
2756 3050 2809 3104 in
2832 3050 3015 3105 verbis
3047 3067 3167 3119 quae
3192 3054 3415 3122 ἁμέσως
3435 3047 3712 3120 praecedunt

497 3152 601 3206 set,
629 3143 822 3199 haeresi
851 3144 1326 3203 Mouotbelitarum
1380 3150 1667 3220 fomentum
1700 3153 2061 3220 impendisset.

2171 3143 2326 3196 modo
2352 3141 2647 3211 descripta,
2681 3141 2845 3212 770
2879 3142 2968 3197 ubi
3003 3141 3356 3199 Atheniensis
3398 3142 3712 3228 interloetttot'

497 3227 556 3284 In
587 3247 692 3300 quo
730 3243 842 3287 tow
870 3236 989 3301 quis
1020 3251 1124 3290 non
1161 3239 1306 3292 videt
1331 3253 1398 3293 ne
1428 3239 1655 3309 primam
1683 3243 1897 3310 quidem
1930 3259 2026 3311 spe
2049 3277 2065 3285 -

496 3323 636 3377 ciem
668 3325 982 3382 defectionis
1009 3328 1078 3383 ab
1100 3330 1401 3386 orthodoxa
1430 3333 1530 3387 lide
1556 3337 1878 3403 apparuisse
1905 3337 2070 3408 769

497 3415 688 3482 ullam,
719 3428 813 3472 aut
863 3419 944 3473 vel
993 3421 1118 3490 ﬁngi
1154 3423 1438 3490 patuisse?
1468 3441 1534 3477 an
1566 3426 1711 3478 enim
1739 3427 1956 3482 silentio
2002 3431 2066 3482 ad

499 3514 710 3575 tempus
763 3511 1083 3577 quihusdam
1139 3513 1281 3567 inter
1332 3529 1393 3570 se
1444 3518 1900 3574 contendentibus
1931 3520 2068 3574 iudi—

495 3598 670 3651 ceudo
703 3603 981 3655 damnavit
1011 3603 1215 3672 aliquid
1248 3616 1393 3661 recte
1437 3622 1731 3672 assertum,
1781 3622 1873 3666 aut
1907 3627 2070 3679 prave

498 3690 699 3741 dictum
721 3689 862 3744 aliud
893 3694 1159 3748 sancivit?
1186 3693 1332 3750 Nihil
1356 3699 1558 3752 minus.
1591 3699 1751 3754 Sileri
1785 3703 1982 3771 quippe
2005 3705 2070 3760 de

499 3797 558 3833 re
589 3781 754 3834 etiam
785 3796 910 3836 vera
951 3785 1068 3839 sine
1094 3786 1204 3841 ullo
1231 3788 1476 3844 veritatis
1506 3790 1825 3860 praeiudicio
1853 3805 2024 3861 potest
2049 3814 2064 3861 ;

495 3882 552 3926 et
582 3873 850 3930 interdum
875 3887 1096 3947 prapter
1117 3893 1406 3934 commune
1426 3880 1623 3936 bonum
1649 3885 1888 3954 expedit.
1910 3887 2066 3941 Plura

497 3965 566 4015 de
619 3963 972 4022 celeberrima
1027 3973 1398 4026 controversia
1461 3989 1488 4024 a
1551 3973 1682 4028 viris
1739 3975 2070 4032 doctissimis

496 4052 766 4124 hodieque
790 4059 1160 4116 eruditissime
1188 4068 1417 4117 tractata
1441 4063 1546 4119 dici
1573 4080 1604 4120 a
1635 4081 1721 4121 me
1747 4084 1851 4123 non
1883 4080 2068 4138 postu-

495 4145 572 4200 lat
610 4147 697 4200 bic
732 4147 904 4204 locus.

564 4237 628 4293 P.
661 4238 785 4294 469.
828 4240 951 4294 Τῶν
979 4241 1430 4309 ἀνεπιλήπτων.
1482 4247 1583 4302 Hic
1633 4263 1820 4306 errore
1861 4250 2068 4306 librarii

485 4331 846 4398 descriptoris
877 4335 1088 4400 negatio
1111 4334 1408 4397 exciderat,
1457 4352 1574 4405 qua:
1607 4343 1877 4394 sententia
1923 4341 2069 4396 clare

485 4417 771 4486 ﬂagitante
827 4423 1162 4477 reStitueuda
1216 4425 1338 4490 fuit,
1399 4427 1498 4478 οὐκ
1527 4437 1653 4483 ante
1683 4431 2067 4500 ἀνεπιλήπτων

2169 3248 2291 3287 cum
2327 3249 2354 3286 a
2404 3232 2578 3288 Clinia
2635 3233 2883 3289 Cretensi
2937 3235 3301 3303 expressisset
3344 3234 3510 3288 videri
3542 3227 3711 3302 Tyrltni

2169 3326 2420 3383 versibus
2473 3328 2844 3383 commendari
2899 3329 3242 3398 potissimum
3299 3329 3437 3393 illos,
3487 3329 3571 3399 qui
3598 3323 3714 3379 bello

2168 3425 2397 3472 externo
2451 3429 2640 3474 contra
2695 3419 2884 3476 hostes
2939 3421 3116 3489 gentis
3146 3420 3396 3487 alterius,
3433 3435 3530 3474 non
3563 3425 3713 3470 autem

2169 3509 2314 3563 bello
2345 3509 2490 3564 civili
2521 3521 2708 3564 contra
2739 3512 2884 3567 cives
2913 3527 3060 3576 suos,
3091 3514 3345 3568 bellicam
3378 3512 3714 3568 fortitudinem

2169 3603 2486 3668 probarent,
2509 3603 2587 3658 sic
2619 3605 2841 3658 resumit
2874 3621 2889 3657 :
2931 3604 3124 3674 Ἡμεῖς
3148 3606 3206 3659 δέ
3239 3624 3303 3675 γε
3331 3605 3546 3674 ἀγαθῶν
3575 3603 3719 3655 ὄντων

2167 3691 2373 3744 τούτων
2420 3691 2499 3745 ἔτι
2534 3693 2711 3762 φαμὲν
2741 3693 3002 3762 ἀμείνους
3053 3692 3194 3750 εἶναι
3231 3699 3326 3752 καὶ
3373 3697 3502 3750 πολὺ
3537 3695 3647 3754 τοὺς
3671 3690 3717 3740 ἐν

2168 3782 2247 3851 τῷ
2275 3783 2520 3854 μεγίστῳ
2555 3784 2772 3854 πολέμῳ
2793 3787 3153 3855 γιγνομένους
3173 3789 3433 3856 ἀρίστους
3452 3782 3715 3854 διαφανῶς·

2169 3872 2407 3942 Ποιητὴν
2427 3872 2484 3926 δὲ
2513 3873 2607 3926 καὶ
2635 3875 2796 3944 ἡμεῖς
2834 3876 3088 3947 μάρτυρα.
3117 3877 3344 3949 ἔχομεν,
3379 3879 3610 3947 Θέογνιν,
3634 3890 3718 3926 πο-

2169 3960 2324 4032 λξτην
2348 3961 2458 4015 τῶν
2483 3965 2541 4016 ὲν
2575 3965 2796 4036 Σικελίᾳ
2828 3967 3157 4038 Μεγαρέων,
3192 3971 3252 4033 ὅς
3279 3987 3453 4041 φησι·

2170 4076 2394 4144 Πιστὸς
2420 4077 2577 4146 ἀνὴρ
2601 4079 2838 4148 χρυσοῦ
2871 4096 2936 4132 τε
2970 4080 3068 4134 καὶ
3101 4081 3370 4152 ἀργύρου
3407 4081 3714 4204 ἀνῖερᾶῐιοέαο

3526 4170 3564 4204 σ

2316 4216 2524 4284 Ἀξιος
2543 4219 2613 4271 ἐν
2645 4217 2906 4287 χαλεπῇ,
2940 4220 3154 4289 Κύρνε,
3181 4151 3654 4293 ιίῒιχοοντιισίιγῖίθαι

2170 4329 2370 4382 Τοῦτον
2400 4332 2462 4400 δή
2496 4349 2676 4400 φαμεν
2707 4335 2766 4384 ὲν
2812 4334 3042 4406 πολέμῳ
3084 4338 3460 4409 χαλεπωτέρῳ
3488 4336 3717 4406 ἀμείνονα

2173 4423 2384 4475 ἐκείνου
2439 4425 2698 4493 πάμπολυ
2747 4426 3051 4494 γίγνεσθαι,
3103 4431 3294 4499 σχεδὸν
3355 4433 3477 4483 ὅσον
3507 4427 3718 4498 ἀμείνων

487 4512 755 4577 tri-posito.
789 4514 961 4565 Sonat
995 4515 1138 4568 enim
1171 4517 1541 4587 ἀνεπίληπτος
1563 4558 1578 4583 ,
1613 4531 1672 4574 ut
1699 4532 1844 4590 patet
1877 4535 1930 4577 et
1959 4523 2063 4576 He-

2171 4514 2482 4586 δικαιοσύνη
2512 4517 2607 4569 καὶ
2638 4519 2958 4590 σωφροσύνη
2993 4522 3091 4573 καὶ
3123 4524 3391 4593 φρόνησις
3422 4522 3502 4584 εἷς
3548 4515 3718 4572 ταυτὸν

485 4601 720 4668 ayt'hius
775 4601 1033 4658 distincte
1085 4607 1365 4673 admonet,
1401 4608 1714 4678 ἄμεμπτος.
1750 4613 2070 4679 ἀκατάγνω-

487 4710 641 4755 εστος.
695 4694 1164 4762 irrepreltemiltilis
1199 4714 1289 4752 nec
1327 4702 1600 4770 reprobari
1637 4703 1851 4772 dignus.
1899 4703 2068 4773 Cujus

489 4787 833 4840 contrarium
867 4785 932 4840 de
963 4789 1272 4845 sacerdotio
1304 4789 1558 4847 Ecclesiae
1583 4793 1871 4862 praesentis
1906 4795 2067 4848 Arse-

491 4875 667 4940 uiani,
710 4883 767 4929 ut
797 4877 980 4932 ethoc
1015 4879 1132 4934 loco
1163 4891 1216 4934 et
1277 4883 1402 4937 alibi
1466 4882 1830 4955 Pachymeres
1887 4886 2066 4951 doct-t,

489 4967 861 5034 allirmahant,
895 4984 1204 5026 asserentes
1237 4973 1490 5028 videlicet
1523 4976 1742 5030 dubiam
1772 4979 1987 5042 saltem,
2023 4979 2067 5031 si

491 5073 602 5111 non
651 5060 936 5115 manifeste
970 5060 1286 5126 invalidam,
1311 5066 1710 5120 ordinationem
1733 5082 1920 5121 eorum
1949 5084 2070 5123 esse

493 5147 587 5212 qui
622 5163 650 5200 a
683 5151 988 5215 patriarcha
1024 5161 1150 5207 tunc
1191 5154 1847 5224 Coostautinopolitauam
1885 5159 2071 5213 Eccle-

494 5239 634 5290 siam
669 5251 884 5305 regente
921 5244 1092 5298 sacris
1120 5244 1491 5302 initiarentur.
1536 5247 1768 5318 Scripsit
1794 5265 1926 5319 ergo
1955 5256 2071 5304 sine

493 5327 664 5382 dubio
693 5328 1074 5403 Pacbytncres,
1101 5347 1256 5403 prout
1293 5337 1628 5392 restituimus
1663 5354 1726 5392 ex
1763 5338 1904 5409 justa
1937 5355 2072 5394 con-

491 5422 726 5490 iet-tura,
751 5426 807 5477 ὲν
847 5427 1008 5494 μέρει
1039 5428 1211 5479 τίθετε
1241 5429 1476 5502 τῶνοὺκ
1523 5431 1928 5500 ἀνεπιλήπτων.

571 5515 631 5567 Ρ.
666 5515 789 5569 472.
825 5517 1099 5586 Παριδὼν
1134 5520 1320 5574 ταῦτα
1354 5522 1510 5575 ἑλών
1545 5541 1607 5576 τε
1646 5525 1822 5592 ὑμᾶς.
1861 5527 1996 5579 Sunt
2019 5525 2070 5579 in

496 5605 602 5659 hac
658 5609 905 5680 oratione
961 5612 1285 5676 perobscura
1335 5624 1389 5668 et
1443 5614 1710 5668 ἀσύνδετα
1782 5618 2072 5671 inconnexa

503 5701 770 5764 quasdam,
805 5701 927 5765 nisi,
956 5704 1096 5768 quod
1124 5705 1392 5760 interdum
1429 5709 1629 5762 factum
1662 5722 1744 5764 est
1772 5727 1799 5764 a
1839 5728 1943 5772 me,
1979 5728 2072 5779 pa-

503 5792 752 5860 raphrasi
780 5809 840 5846 ex
868 5797 1314 5853 antecedentibus
1334 5810 1383 5856 et
1406 5802 1863 5867 consequentibus
1891 5819 2074 5856 nere-.—

2168 4606 2399 4660 ὲλθοῦσα
2452 4608 2575 4676 (ισ.
2614 4608 2904 4670 ἐλθοῦσα-ι)
2967 4613 3086 4682 μετ’
3133 4614 3394 4683 ἀνδρίας⁸
3423 4612 3608 4672 πιστὸς
3637 4607 3719 4678 μὲν

2173 4701 2284 4770 γὰρ
2307 4702 2399 4753 καί
2422 4701 2579 4772 ὑγιὴς
2610 4703 2667 4754 ὲν
2701 4704 2954 4756 στάσεσιν
2974 4704 3076 4758 οὐκ
3105 4705 3171 4760 ἄν
3197 4723 3326 4759 ποτε
3369 4706 3572 4774 γένοιτο
3610 4703 3718 4755 ἄνευ

2169 4793 2460 4862 ξυμπάσης
2489 4793 2694 4864 ἀρετῆς
2713 4808 2729 4825 ο
2778 4795 3066 4864 διαϐάντες
3105 4796 3163 4850 δὲ
3193 4801 3290 4853 καὶ
3320 4795 3380 4851 εὖ
3425 4799 3716 4868 μαχόμενοι,

2171 4891 2304 4948 etc.,
2326 4887 2574 4952 superius
2612 4886 2909 4954 descripta,
2932 4901 3052 4956 qme
3089 4889 3196 4943 illic
3224 4892 3482 4944 continue
3508 4901 3718 4954 sequun-

2175 4986 2282 5028 tur.
2331 4975 2389 5029 ln
2441 4991 2670 5044 quorum
2731 4975 2920 5032 Latina
2982 4981 3432 5048 interpretatione
3459 4982 3718 5032 verborum

2173 5064 2266 5134 (ut
2293 5067 2394 5118 hoc
2427 5066 2606 5120 obiter
2629 5067 2991 5140 admoneam)
3023 5073 3211 5125 nescio
3260 5087 3430 5138 quare
3483 5070 3720 5123 Serranus

2175 5157 2503 5210 mentionem
2536 5160 2725 5223 patriae
2759 5159 3092 5229 Theognidis
3117 5163 3168 5215 in
3195 5163 3385 5218 Graeco
3407 5164 3604 5216 diserte
3641 5170 3720 5224 po-

2173 5250 2330 5302 sitam
2361 5252 2627 5304 omiserit.
2660 5251 2767 5304 Cur
2792 5252 2918 5306 item
2959 5269 3061 5308 non
3095 5257 3428 5324 expresserit
3476 5251 3722 5307 ἀντίθεσιν

2174 5357 2206 5394 a
2230 5340 2450 5395 Platone
2477 5341 2782 5397 aﬂ‘ectatam
2815 5355 2986 5413 poetae
3018 5349 3082 5400 ad
3115 5358 3351 5417 poetam,
3379 5349 3502 5400 dum
3531 5345 3595 5411 Τ)
3609 5350 3720 5394 meo

2175 5433 2322 5502 prius
2346 5434 2562 5488 laudato
2596 5433 2880 5506 'l‘heognin
2912 5447 3124 5504 poetam
3155 5450 3208 5494 et
3268 5440 3438 5509 ipsum
3477 5438 3552 5492 Sic
3573 5445 3721 5501 0l‘l‘o'

2180 5524 2278 5586 uit,
2309 5524 2544 5594 Ποιητὴν
2574 5525 2631 5578 δὲ
2657 5529 2752 5579 καὶ
2781 5528 2944 5596 ἡμεῖς
2997 5530 3249 5601 μάρτυρα
3306 5530 3500 5600 ἔχομεν
3525 5527 3722 5589 Θέογνιν

2177 5616 2406 5684 πολίτην
2431 5617 2538 5669 τῶν
2565 5619 2623 5669 ὲν
2655 5619 2876 5690 Σικελίᾳ
2908 5621 3233 5692 Μεγαρέων,
3264 5632 3468 5690 poetam
3500 5626 3655 5672 autem
3679 5615 3721 5663 el

2180 5728 2273 5763 nos
2310 5721 2488 5763 testem
2512 5712 2760 5764 habemus
2787 5711 3053 5781 Tltecqnin
3085 5718 3244 5769 civem
3274 5718 3325 5766 in
3349 5713 3530 5768 Sicilia
3558 5708 3716 5774 Mega-

2182 5804 2430 5858 ri‘ttsittatt.
2469 5802 2574 5858 Sed
2598 5814 2654 5858 ut
2686 5805 2750 5859 ad
2792 5804 3178 5875 Parhymcrem
3230 5819 3487 5872 revertar,
3537 5803 3584 5857 in
3633 5798 3717 5850 Ιιοο
