4036 6390
563 349 666 414 8'31

1285 355 1368 455 .P.
1410 356 1716 419 POSSINl
1757 358 2407 422 OBSERVATIONUM
2448 359 2593 421 LIB.
2643 355 3064 419 llr-NOTAE.
3685 353 3770 415 832

571 470 823 540 Quinque
854 470 1034 540 priora
1066 472 1230 544 hujus
1275 479 1564 530 commotis
1593 477 1758 532 verba
1797 479 2135 533 notissimum
2166 487 2216 547 Α
2241 478 2394 542 Quod
2423 478 2564 530 idem
2597 475 2828 530 affirmat
2864 474 3108 543 anlieta
3143 473 3195 526 in
3253 471 3470 540 Elogiis.
3515 479 3564 524 et
3592 468 3642 524 in
3675 467 3771 525 'frio

573 573 700 615 sunt
765 573 820 617 et
867 564 1367 620 decantatissimum
1416 567 1726 622 Aristotelis
1775 569 2017 636 cﬂ‘atnm,
2075 587 2142 625 ex

575 655 732 709 initio
795 656 954 726 primi
1011 657 1131 724 eius
1179 657 1665 728 Metaphysicorunt
1722 661 1845 714 lihni
1907 659 1972 732 IP
2016 661 2142 735 557]

575 747 706 810 Qua:
727 756 904 801 autem
936 749 1192 802 continue
1216 759 1549 804 memoratur
1582 766 1611 803 a
1635 752 1968 822 Pachymere
2005 753 2144 819 ἀγά-

579 855 745 907 πησις
809 840 919 894 τῶν
959 842 1268 910 αἰσθήσεων
1311 857 1415 896 non
1476 857 1594 896 eam
1651 844 1822 896 solum
1883 859 2044 912 quam
2089 845 2144 898 in

579 932 1028 1000 interpretatione
1058 935 1302 1002 expressi
1331 932 1743 989 delectationem
1805 936 1858 988 in
1894 952 1992 989 usu
2025 952 2146 1004 per-

578 1022 812 1090 cipiendi
840 1023 1050 1093 objecta
1079 1039 1172 1092 per
1199 1039 1394 1078 sensus
1424 1016 1692 1094 designat,
1725 1025 1818 1078 sed
1861 1036 2143 1093 praeterea,

574 1114 727 1181 juxta
755 1115 1026 1166 notionem
1054 1115 1326 1183 propriam
1359 1115 1534 1170 Graeci
1581 1115 1731 1168 Vt'l‘bi
1781 1116 2025 1186 ἀγαπᾷν,
2060 1130 2146 1169 sa-

580 1204 940 1257 tisfactionem
993 1213 1048 1258 et
1097 1207 1251 1274 quasi
1301 1205 1510 1275 plenam
1561 1207 1866 1260 satietatem
1908 1208 2160 1262 hominis

576 1295 841 1358 contenti,
878 1295 1182 1349 desiderare
1215 1297 1332 1364 plus
1367 1312 1474 1350 non
1511 1298 1764 1362 valentis,
1797 1299 1921 1352 dum
1950 1297 2147 1352 fruitur

581 1394 764 1452 vegeta
795 1384 1048 1440 facultate
1107 1368 1330 1440 suorum
1385 1391 1625 1442 omnium
1682 1403 1959 1444 sensuum.
1995 1387 2146 1445 Hanc

576 1477 810 1544 quietem
849 1479 1095 1530 humanae
1124 1477 1462 1532 curiositatis
1519 1479 1574 1532 in
1600 1493 1699 1532 usu
1743 1479 1995 1546 expedito
2021 1494 2144 1533 sen-

577 1583 733 1620 suum
766 1567 1039 1636 elcganter
1071 1568 1309 1621 declarat
1351 1568 1564 1634 Cicero,
1599 1569 1635 1624 Ι.
1671 1585 1705 1624 ιι
1777 1569 2144 1635 Qua'stionunt

579 1661 1010 1712 Academicorum
1057 1660 1141 1714 his
1184 1660 1362 1715 verbis
1395 1677 1410 1715 :
1447 1661 1740 1716 Ordiamur
1766 1700 1782 1717 .
1805 1701 1819 1716 .
1848 1701 1863 1715 .
1909 1679 1940 1715 α
1971 1665 2141 1716 sensi-

577 1751 712 1813 bus;
743 1766 965 1819 quorum
1018 1751 1094 1802 ita
1121 1751 1268 1802 clara
1297 1751 1511 1818 judicia
1544 1762 1590 1805 et
1622 1761 1767 1804 certa
1800 1761 1944 1816 sunt,
1981 1762 2059 1817 ut,
2097 1753 2143 1806 si

2254 577 2409 622 stano
2439 569 2623 634 Culco,
2655 569 2689 622 Ι.
2727 583 2839 632 xrx,
2873 582 2924 621 c.
2956 566 3083 629 ιει,
3113 565 3204 634 qui
3233 573 3288 616 et
3321 564 3394 616 ait
3424 563 3489 617 ob
3517 564 3770 630 potentiam

2251 661 2426 730 Opicii
2458 674 2650 715 omnes
2685 658 2853 712 Italia:
2900 659 3150 711 civitates
3194 655 3246 710 in
3281 669 3346 710 eo
3391 654 3566 706 oculos
3601 653 3771 710 ﬁxisse.

2325 749 2466 803 Ibid.
2500 748 2640 802 Data
2674 749 2731 801 in
2763 747 3155 802 matrimonium
3184 745 3319 812 filia.
3362 743 3481 797 Haec
3506 744 3605 796 lilia
3631 746 3771 813 Opicii

2253 842 2488 910 Spinolre
2537 841 2828 895 Theodoro
2883 838 3190 904 PalzeoIOgo
3223 836 3605 894 Montisferrati
3661 853 3774 889 Inar-

2251 934 2433 988 ehioni
2463 940 2626 1002 nupta
2666 931 2964 1000 Argentina
2989 929 3305 982 vocabatur.

2327 1021 2472 1076 Ibid.
2506 1021 2630 1089 Agit
2664 1021 2728 1074 de
2761 1018 3072 1073 Theodoro.
3118 1015 3322 1072 Vocem
3371 1016 3605 1071 Graecam
3635 1015 3776 1076 ἄπαις

2253 1127 2358 1166 ιιοιι
2393 1111 2552 1166 debui
2602 1121 2818 1165 vertere
2861 1109 2974 1162 sine
3020 1107 3199 1160 liberis
3235 1107 3331 1161 sed
3366 1108 3476 1160 sine
3509 1105 3642 1174 prole
3666 1121 3776 1158 nm-

2251 1205 2370 1260 tula
2401 1221 2419 1258 :
2452 1205 2711 1274 quoniam
2765 1201 3010 1256 historici
3049 1200 3169 1254 itali
3223 1199 3493 1253 allirmant
3527 1207 3688 1251 natam
3723 1212 3777 1252 es

2252 1296 2562 1364 Argentirtze
2607 1293 2844 1357 Spinolze
2889 1308 3016 1345 cum
3050 1291 3340 1345 Theodoro
3372 1289 3652 1355 l’alaznlngo
3677 1303 3779 1340 ron-

2245 1383 2396 1454 jngio
2418 1385 2581 1438 filiam
2615 1382 2870 1436 Jolanten
2925 1383 3152 1443 dictam,
3188 1379 3270 1452 [P.
3301 1379 3432 1451 558}
3468 1396 3580 1446 qua:
3623 1387 3782 1448 postea

2252 1476 2435 1544 nupsit
2465 1474 2692 1544 Aymoni
2725 1474 2913 1528 comiti
2945 1473 3258 1528 Sabaudize.
3295 1471 3516 1526 Videtur
3543 1471 3620 1524 hic
3645 1469 3783 1522 fuisse

2255 1567 2400 1629 filius
2430 1566 2657 1619 Antadei
2691 1563 2785 1630 IV,
2827 1565 2914 1619 cui
2947 1574 3131 1634 postea
3168 1563 3419 1617 morienti
3484 1563 3533 1615 in
3561 1561 3783 1614 comitant

2251 1659 2538 1724 successit,
2597 1659 2832 1726 quando.
2888 1657 3044 1726 quasi
3073 1667 3132 1710 ιιι
3169 1656 3480 1710 ostenderet
3511 1669 3658 1723 quam
3695 1666 3783 1704 non

2250 1765 2372 1805 eum
2436 1751 2728 1819 pmniteret
2787 1749 3065 1803 affinitatis
3117 1762 3240 1802 cum
3305 1748 3463 1802 domo
3523 1743 3783 1810 Palzeologa

574 1843 716 1909 optio
767 1843 976 1894 natura:
1033 1852 1228 1896 nostra!
1263 1844 1439 1908 detur,
1493 1853 1540 1896 et
1570 1843 1635 1895 ab
1684 1859 1746 1897 ea
1794 1844 1921 1896 deus
1951 1843 2144 1912 aliquis
2173 1837 2221 1896 Β
2249 1851 2559 1906 contractie,
2595 1841 2958 1898 libentissime
2979 1841 3260 1896 consensit
3283 1841 3336 1894 itt
3370 1835 3778 1909 propositamipsi

578 1933 808 2001 requirat
838 1943 1148 1986 contentane
1177 1936 1247 1986 sit
1291 1935 1404 1986 suis
1446 1934 1672 2003 integris
1726 1934 2145 2004 incorruptisque

576 2023 835 2087 sensibus,
897 2040 966 2077 an
997 2025 1225 2090 postulet
1269 2025 1457 2078 melius
1516 2026 1743 2096 aliquid,
1779 2043 1884 2080 non
1941 2029 2146 2083 videam

575 2116 704 2184 quid
733 2124 937 2183 quierat
961 2117 1206 2184 amplius.
1239 2116 1513 2172 Hactenus
1544 2119 1769 2173 Tullius.

613 2217 616 2219 λ
652 2208 916 2262 Czeterum
961 2211 1048 2278 (de
1084 2225 1191 2279 quo
1246 2211 1414 2266 semel
1441 2212 1809 2266 admonendus
1841 2213 1928 2268 hic
1977 2213 2150 2268 lector

581 2299 687 2370 est)
722 2298 889 2353 codex
941 2299 1181 2368 optimus
1235 2300 1559 2354 Barlterinus
1611 2301 1699 2356 hic
1751 2303 1997 2358 deserere
2047 2317 2148 2359 nos

583 2389 790 2458 incipit,
823 2389 1032 2443 crebris
1069 2389 1120 2443 in
1155 2390 1360 2460 reliquo
1383 2391 1543 2461 773
1572 2391 1692 2446 libri
1741 2391 1903 2461 hujus
1939 2391 2147 2449 lacunis

579 2479 758 2545 hians,
789 2489 838 2534 et
882 2479 972 2532 ubi
1003 2479 1285 2534 continuat
1326 2491 1600 2549 utcunque
1652 2480 2029 2549 scriptionem,
2060 2482 2146 2534 in-

581 2571 788 2624 terdum
824 2572 1256 2635 irreparabiliter
1280 2583 1594 2642 corruptus.
1632 2572 1786 2628 Unde
1829 2574 2033 2628 assntis
2067 2574 2146 2628 illi

579 2662 645 2714 ad
665 2661 866 2716 calcem
903 2663 1290 2731 supplementis
1319 2679 1386 2718 ex
1415 2665 1538 2719 aliis
1588 2664 2013 2733 exemplaribus,
2047 2665 2146 2718 de-

2248 1934 2615 1988 conditionem
2641 1933 2806 2006 ’174Ι
2827 1934 3032 1988 sororis
3062 1949 3174 1987 suae
3197 1931 3421 1987 Joannae
3442 1932 3614 2001 (quam
3639 1926 3788 1983 Graeci

2247 2027 2459 2083 Annam
2497 2029 2858 2094 vocaverunt)
2895 2018 3208 2081 Andronico
3257 2022 3490 2088 Juniori,
3548 2019 3787 2075 Michaelis

2247 2121 2446 2189 saepius
2502 2121 2604 2174 hoc
2637 2132 2802 2187 opere
2837 2116 3116 2171 memorati
3160 2115 3298 2180 lilio,
3334 2115 3386 2168 in
3441 2111 3640 2183 imperii
3683 2124 3785 2163 con-

2249 2214 2477 2268 sortium
2504 2212 2696 2278 ascito,
2736 2209 3090 2276 collocandae,
3119 2219 3285 2280 prout
3319 2207 3439 2263 fuse
3474 2215 3648 2262 narrat
3669 2205 3787 2261 Can-

2250 2314 2582 2370 taCttzenus,
2614 2304 2655 2359 l.
2695 2319 2738 2367 I,
2776 2317 2825 2357 c.
2855 2303 2946 2358 40.

2317 2393 2381 2449 Ρ.
2413 2395 2538 2451 611.
2566 2393 2734 2449 Filius
2758 2394 2966 2449 Chalau
2991 2395 3226 2464 Apagas,
3266 2410 3372 2468 non
3394 2393 3556 2448 frater
3593 2397 3714 2446 erat.
3741 2396 3786 2440 ιιι

2247 2489 2494 2554 agnoscit
2527 2489 2640 2556 ipse
2669 2485 3050 2556 Pachymeres,
3079 2487 3184 2541 vol.
3217 2487 3262 2550 l,
3294 2504 3346 2555 p.
3379 2487 3503 2548 “5,
3537 2496 3586 2539 et
3627 2486 3674 2537 in
3703 2484 3787 2535 hac

2248 2579 2486 2634 secunda
2520 2589 2692 2646 parte,
2731 2593 2786 2645 p.
2819 2577 2948 2640 262.
2977 2580 3232 2647 idemque
3265 2578 3583 2636 attestantnr
3602 2589 3781 2630 summa

2249 2685 2519 2724 consensu
2573 2670 2819 2724 historici
2856 2672 3080 2725 Arabes.
3117 2669 3256 2726 Vide
3291 2670 3482 2726 librmn
3529 2685 3582 2722 ιιι
3629 2670 3785 2719 harum

577 2753 805 2822 ligentes
854 2755 1151 2810 attentione
1220 2770 1410 2826 magna
1470 2772 1590 2826 qua;
1635 2758 2006 2826 probabiliora
2069 2759 2150 2812 vi-

578 2845 864 2910 debantur,
896 2845 978 2899 usi
1031 2860 1174 2913 saepe
1221 2862 1443 2913 sumus;
1478 2862 1541 2902 ex
1576 2847 1766 2902 codice
1821 2851 1948 2917 quin
1981 2848 2146 2903 etiam

579 2934 672 2989 illo
714 2936 993 2998 Vaticano,
1019 2936 1120 2990 etsi
1141 2937 1358 3006 evagari
1383 2940 1451 2991 ab
1495 2937 1736 2992 auctoris
1766 2938 1948 2993 verbis
1981 2939 2150 2993 libere

579 3027 761 3089 solito,
792 3028 1095 3083 nbimclias
1123 3043 1226 3084 non
1270 3030 1529 3097 occurrit,
1578 3041 1956 3100 excerpentes,
2004 3032 2149 3088 unde

580 3123 901 3174 sententiam
940 3122 1276 3176 tolerabilem
1324 3122 1684 3178 etiiceremus.

650 3210 708 3263 Ρ.
743 3211 867 3266 585.
897 3211 1076 3267 Saltus
1100 3222 1149 3266 et
1170 3213 1306 3283 juga
1329 3223 1596 3283 prmrupla
1639 3216 1826 3268 montis
1855 3213 1990 3270 Geni
2018 3217 2148 3270 vali-

578 3306 660 3359 dis
690 3321 902 3360 suorum
929 3307 1131 3361 insessa
1177 3309 1439 3376 prwsidiis
1470 3310 1663 3361 nostris
1709 3310 1856 3364 invia
1894 3310 2150 3378 fecerunt.

578 3395 871 3466 Postquam
903 3400 1015 3453 hare
1041 3409 1200 3454 erant
1245 3401 1410 3464 edita,
1441 3401 1684 3454 dubitavi
1715 3419 1780 3456 an
1811 3419 1916 3456 non
1965 3403 2151 3458 Grtcca

579 3489 664 3541 his
689 3491 1090 3557 respondentia,
1123 3491 1218 3544 καὶ
1248 3491 1348 3554 τὰς
1391 3492 1489 3561 μὲν
1513 3492 1825 3562 δυσχωρίας
1851 3493 1946 3546 τοῦ
1976 3494 2152 3547 Γάνου

582 3580 679 3630 καὶ
721 3578 844 3632 λίαν
893 3580 1336 3648 διεφυλάττυντο,
1370 3585 1551 3648 potius
1604 3584 1980 3652 signiﬁcarent
2027 3585 2149 3654 jnga

581 3681 850 3738 praerupta
883 3668 1017 3724 Gani
1047 3673 1225 3727 adlmc
1256 3691 1282 3724 a
1332 3673 1594 3727 Romanis
1641 3676 1810 3729 fuisse
1860 3676 2148 3730 custodita.

581 3761 763 3825 Quare
795 3763 1010 3818 barbari
1041 3774 1166 3820 tunc
1187 3775 1395 3820 tantttm
1430 3769 1704 3835 potuerint
1733 3769 2153 3838 incursareq'utn

593 3855 730 3909 :irca
762 3854 972 3910 Ganunt
1024 3866 1175 3912 sunt.
1217 3857 1312 3910 Cui
1345 3858 1584 3927 opinioni
1621 3859 1765 3914 favet
1810 3859 1952 3928 quod
1988 3861 2150 3926 infra,

581 3961 634 4000 c.
679 3946 768 4012 2i,
817 3956 1074 4013 tanquam
1119 3960 1374 4003 eventum
1441 3949 1524 4005 his
1575 3951 1846 4019 posterius
1895 3951 2147 4018 refertur,

579 4049 728 4093 artas
781 4039 964 4095 fauces
1020 4041 1155 4096 Gani
1210 4043 1408 4096 montis
1452 4043 1522 4096 ab
1574 4044 1927 4112 Amogabaris
1984 4045 2152 4098 fuisse

2249 2761 2730 2826 Observationum,
2767 2776 2818 2816 c.
2873 2761 2924 2825 7,
2963 2778 3018 2814 n.
3078 2762 3167 2815 12.
3229 2762 3609 2831 Ignoscendum
3654 2759 3787 2828 igitur

2251 2854 2353 2907 hoc
2378 2854 2500 2907 loco
2529 2863 2612 2908 est
2643 2853 2982 2922 μνημονικὸν
3012 2854 3240 2923 σφάλμα
3278 2855 3612 2924 Pachymeri.

2321 2941 2383 2997 P.
2419 2941 2546 2997 620.
2583 2943 2823 3011 Μαρίαν
2857 2942 2976 3012 τὴν
3005 2943 3348 2998 δέσποιναν
3401 2943 3518 2998 τῶν
3555 2947 3785 3008 Mauror-

2250 3033 2403 3088 λίων
2455 3033 2944 3104 θρυλλουμένην.
3011 3035 3285 3089 Similiter
3327 3036 3548 3090 inferius
3577 3052 3627 3104 p.
3659 3032 3780 3087 637:

2253 3125 2574 3196 Αὑταδέλφη
2618 3127 2713 3180 τοῦ
2751 3127 3022 3196 βασιλέως
3058 3127 3270 3198 Μαρία,
3308 3130 3403 3183 καὶ
3442 3129 3545 3181 τῶν
3568 3128 3781 3192 Μουγου·

2255 3218 2383 3272 λίων
2405 3217 2547 3272 οὕτω
2579 3236 2700 3283 πως
2723 3220 2982 3274 δέσποινα
3021 3221 3424 3290 ὀνομαζομένη.
3448 3214 3784 3287 Carmpantani

2257 3315 2558 3368 successori
2597 3315 2827 3371 Cazanis
2855 3325 2909 3369 et
2940 3331 3077 3369 novo
3111 3317 3246 3370 Kani
3283 3318 3636 3372 Tocharorum
3659 3311 3784 3364 0th-

2256 3407 2390 3460 lerat
2427 3406 2480 3460 in
2534 3423 2790 3476 sponsam
2848 3409 3192 3463 Andronicus
3249 3411 3523 3480 Augustus
3582 3417 3783 3462 sororem

2256 3499 2532 3567 propriam
2562 3497 2811 3563 Mariam,
2842 3498 2926 3570 [P.
2961 3498 3090 3570 559]
3119 3511 3169 3554 et
3207 3500 3304 3553 illo
3337 3510 3642 3568 acceptante
3668 3510 3785 3547 eata-

2254 3589 2376 3642 dctn
2439 3604 2561 3643 eum
2610 3592 2758 3656 regio
2802 3592 3062 3646 comitatu
3118 3593 3352 3646 Nicaeam
3408 3595 3637 3648 miserat.
3669 3586 3786 3640 lianc

2253 3683 2329 3734 ait
2355 3681 2643 3737 historicus
2673 3684 2831 3752 vulgo
2856 3685 3022 3738 fuisse
3053 3686 3388 3740 nominatam
3414 3685 3671 3739 dominam
3698 3675 3786 3729 llu-

2253 3774 2542 3839 guliorum.
2569 3775 2659 3828 Sic
2685 3775 2829 3829 enim
2855 3776 3193 3844 Mogulenses
3218 3778 3490 3845 principes
3515 3770 3784 3840 primariam

2251 3876 2304 3920 et
2344 3882 2453 3936 prae
2483 3867 2695 3922 caeteris
2727 3869 2961 3941 nobilem
3001 3884 3224 3922 uxorem
3259 3870 3504 3924 solebant
3544 3882 3570 3920 a
3604 3860 3784 3918 caeteris

2252 3959 2585 4026 distinguere
2645 3961 2835 4015 addito
2885 3963 2933 4014 ei
2990 3963 3223 4014 dominae
3277 3963 3454 4016 titulo.
3515 3959 3566 4012 l.l
3617 3958 3784 4009 diserlc

2255 4061 2486 4104 testatur
2516 4050 2980 4121 Ahnlpharagins,
3029 4068 3084 4121 p.
3124 4052 3231 4108 429
3275 4054 3358 4108 sui
3392 4050 3634 4108 Clrronici
3673 4048 3783 4099 Ara-

2177 3176 2220 3234 C

579 4140 890 4194 penetratas
917 4141 970 4184 et
999 4147 1176 4186 arcem
1213 4132 1265 4186 in
1297 4133 1429 4203 jugo
1458 4135 1695 4203 positam
1725 4147 1960 4202 captant.
1990 4133 2147 4188 Juxta

579 4221 738 4274 istam
773 4224 1099 4277 sententiam
1129 4224 1315 4294 rellngi
1353 4227 1512 4280 debet
1539 4242 1654 4279 mea
1687 4226 2063 4295 interpretatio
2094 4226 2148 4280 in

579 4311 726 4363 hunc
757 4311 974 4364 modum
1013 4330 1026 4365 :
1069 4313 1233 4366 Duces
1266 4315 1412 4369 illius
1474 4316 1664 4385 gentis,
1708 4332 1827 4368 cum
1877 4316 2044 4369 saltus
2099 4327 2147 4370 et

569 4403 705 4470 jnga
739 4414 1006 4472 praerupta
1043 4403 1180 4458 Cani
1223 4407 1416 4460 montis
1450 4408 1624 4470 valide
1661 4408 1836 4460 adhuc
1886 4408 2148 4461 custodita

2253 4141 2373 4204 laici,
2406 4156 2572 4212 agens
2605 4143 2671 4197 de
2701 4141 3102 4213 Gingizchano.
3135 4145 3314 4214 primo
3361 4147 3669 4216 imperatore
3694 4137 3782 4190 M0-

2251 4234 2578 4299 gulensinm,
2613 4235 2773 4304 cujus
2825 4252 3050 4290 uxorem
3086 4237 3404 4304 primariam
3449 4247 3502 4292 et
3553 4226 3784 4288 nobilissi-

2253 4341 2434 4390 mam,
2480 4327 2698 4381 arabice
2729 4328 2796 4381 Al
2840 4327 3074 4394 Chatun,
3137 4330 3238 4384 hoc
3278 4339 3358 4385 est
3403 4327 3657 4382 dominam
3707 4331 3782 4367 νο·

2251 4424 2450 4481 Catam,
2486 4418 2708 4486 proprio
2742 4418 2959 4473 nomine
2993 4430 3358 4488 nuncupatam
3391 4419 3551 4472 fuisse
3579 4416 3644 4467 ait
3681 4404 3780 4461 θυί-

577 4505 780 4549 tentare
813 4511 916 4548 non
962 4497 1236 4558 auderent.
1294 4499 1470 4552 uarias
1522 4515 1586 4553 ea:
1633 4502 1933 4554 abundante
1991 4503 2148 4555 turba
2182 4504 2225 4560 ι)
2257 4509 2432 4561 suniin
2465 4507 2612 4578 Begi.
2647 4509 2916 4564 Similiter
2956 4510 3007 4564 in
3063 4510 3186 4566 aliis
3220 4525 3451 4580 quorum
3485 4507 3660 4561 ordine
3690 4511 3782 4551 [ην-

577 4589 840 4654 con/latas
868 4603 1054 4641 ntanus
1091 4604 1503 4658 qumyuooersnm
1539 4593 1850 4660 eminentes,
1893 4604 2000 4648 etc.
2035 4593 2148 4650 "nc

579 4683 822 4738 indicare
855 4683 1020 4749 volui,
1052 4685 1152 4738 etsi
1176 4680 1352 4741 adhuc
1380 4685 1608 4740 sentiam
1636 4703 1741 4742 non
1769 4703 1962 4744 carere
1994 4689 2147 4756 peni-

579 4787 668 4830 tus
699 4777 1350 4848 verisimilitudine.qnam
1377 4781 1616 4849 expressi
1645 4782 1696 4835 in
1733 4783 1892 4836 editis
1927 4792 2150 4837 senten-

577 4870 728 4923 tiant.
749 4870 1047 4927 Potuerunt
1067 4873 1208 4927 enim
1237 4874 1583 4941 Amogabari,
1617 4890 1683 4928 ne
1707 4891 1735 4928 a
1761 4886 1914 4942 tergo
1946 4875 2147 4930 irrum-

573 4963 830 5031 prntibus
861 4966 1189 5032 pratsidariis
1213 4968 1353 5019 arcis
1384 4964 1516 5020 Gani
1563 4969 1922 5032 caederentur,
1960 4977 2149 5020 custo-

575 5057 674 5107 des
710 5055 838 5120 ipsis
867 5066 1220 5124 angustarum
1257 5056 1492 5111 faucium
1526 5074 1556 5111 e
1584 5061 1696 5113 suis
1729 5073 2021 5128 opponere.

651 5143 712 5198 Ρ.
743 5146 866 5200 598.
917 5146 989 5200 Ex
1025 5152 1389 5204 monumentis
1425 5149 1790 5206 Gennensinm
1825 5153 1996 5206 habeo
2052 5167 2147 5204 vo-

574 5246 756 5290 (‘alunt
785 5239 926 5294 hunc
953 5239 1202 5309 Opicium
1237 5242 1543 5311 Spinolam,
1574 5247 2010 5314 potentissimum
2046 5248 2148 5302 du-

573 5345 693 5382 cem
749 5331 1166 5399 Gibellinorum’,
1222 5350 1479 5404 generum
1529 5338 1788 5407 principis
1841 5339 2145 5396 Antiochia:

573 5420 669 5474 ﬁlai
699 5419 957 5478 Friderici
975 5424 1020 5478 ll
1043 5425 1404 5494 imperatoris,
1429 5437 1482 5480 nt
1509 5428 1742 5481 allirmat
1767 5429 2140 5494 Constantius.

571 5527 627 5566 c.
665 5512 794 5580 258,
821 5515 877 5570 in
913 5517 1154 5574 historiis
1189 5517 1412 5574 Siciliae.
1471 5521 1640 5573 Porro
1687 5521 1871 5576 Zurita
1907 5533 2037 5578 tom.
2074 5524 2141 5588 ll,

572 5617 627 5654 c.
661 5602 746 5668 12,
782 5614 836 5658 et
863 5605 1081 5671 Corius,
1111 5623 1160 5662 c.
1195 5609 1320 5675 £65,
1354 5611 1503 5663 aiunt
1546 5610 1872 5682 Palicologos
1905 5615 2145 5678 exquisi-

574 5695 720 5748 visse
754 5695 1067 5753 affinitatem
1101 5716 1222 5755 cum
1261 5703 1418 5754 modo
1467 5715 1765 5758 memorato
1789 5707 1978 5774 Opicio
2021 5709 2145 5774 Spi-

579 5788 728 5852 n-ula,
771 5801 828 5844 ut
882 5808 977 5860 per
1042 5793 1190 5848 illum
1246 5793 1542 5850 Gibellinos
1599 5795 1701 5850 sibi
1769 5800 2140 5870 adjungcrent.

2260 4599 2416 4653 minit
2443 4600 2865 4669 imperatoribus
2897 4601 3014 4671 ejus
3053 4602 3231 4672 gentis
3275 4602 3584 4670 plerumque
3615 4604 3781 4646 Illeltto-

2258 4702 2341 4744 rat
2372 4694 2699 4762 pracipnam
2741 4693 3005 4761 cujusque
3037 4693 3352 4762 conjugetn,
3382 4705 3587 4760 semper
3612 4686 3679 4741 illi
3709 4678 3778 4732 ιιιιὶ

2257 4786 2500 4839 tribuens
2527 4785 2737 4840 titulum
2775 4785 2986 4839 Ch'atun
3015 4786 3132 4838 sive
3165 4785 3453 4854 praeposito
3491 4778 3700 4835 articulo
3727 4770 3779 4823 Αι

2256 4875 2508 4939 Chatnn;
2540 4891 2701 4943 quem
2738 4877 2954 4930 titulum
3005 4877 3297 4931 Eduardus
3326 4872 3634 4931 Pocockitts,
3664 4862 3780 4919 Lati-

2257 4984 2360 5022 nus
2394 4969 2512 5038 ejus
2539 4969 2793 5023 Chroniei
2840 4970 3132 5038 interpres,
3163 4969 3298 5023 solet
3331 4967 3627 5034 exprimere
3655 4970 3781 5011 vom'

2255 5061 2384 5115 bqu
2410 5061 2654 5117 dominae.
2688 5062 2853 5116 Maria
2888 5063 3048 5131 igitur
3074 5061 3392 5131 Palmologa.
3426 5059 3500 5112 nti
3527 5057 3627 5125 jam
3663 5058 3778 5104 nunc

2257 5153 2514 5220 primaria
2544 5171 2679 5207 uxor
2727 5155 3143 5221 Carmpantanis
3174 5153 3339 5207 Kanis
3374 5149 3726 5218 Muguliorutn,
3755 5150 3776 5185 ει

2256 5245 2369 5301 suis
2405 5245 2612 5301 Graecis
2667 5247 2878 5299 titulum
2908 5247 3118 5301 Chatun
3147 5247 3194 5300 ei
3225 5261 3253 5300 a
3297 5239 3674 5313 Megalensibus
3703 5228 3777 5279 Iri-

2254 5339 2443 5392 butum
2495 5353 2591 5394 Sua
2637 5339 2818 5410 lingua
2880 5341 3235 5394 reddentibus
3289 5338 3538 5390 δέσποινα
3598 5328 3774 5420 domttta

2258 5429 2618 5501 Mugnliorum
2679 5432 3040 5496 vocitabatur,
3093 5441 3251 5501 prout
3303 5431 3384 5483 his
3429 5427 3626 5480 duobus
3671 5418 3775 5468 loris

2259 5523 2620 5593 Pachymeres
2649 5523 2902 5577 affirmat.
3540 5524 3548 5533 ’
3614 5602 3621 5603 7
3726 5593 3735 5603 Ι

2331 5615 2390 5670 Ρ.
2423 5615 2548 5670 629.
2581 5615 2799 5686 Bizyam
2837 5616 3006 5671 fuisse
3043 5617 3096 5670 in
3143 5609 3542 5670 mediterraneis
3569 5602 3772 5686 Thrart-u

2264 5710 2467 5762 dudum
2503 5685 2802 5762 docuerunt
2842 5709 3169 5764 Ptolonneus
3199 5718 3252 5761 et
3284 5704 3594 5772 Stephanus.
3642 5685 3770 5739 Πόλιν

2265 5810 2446 5856 autem
2466 5799 2733 5868 eamdem,
2753 5816 2855 5856 non
2877 5800 3072 5870 κώμην
3097 5797 3386 5861 exstitisse,
3407 5791 3662 5846 civitatem,
3686 5785 3766 5827 n0"
