4036 6392
313 331 422 408 833

1385 343 1531 404 LIB.
1581 341 1698 402 IlI.
1742 369 1809 379 -
1849 342 2520 410 CHRONOLOGICUS.

3473 349 3583 416 334

289 457 840 520 ricuni,ilemonstrat
857 454 1088 526 scriptor
1103 469 1283 526 anouy
1299 470 1420 509 mus
1448 454 1904 522 mqualistempo-
1934 459 1979 512 Α
2008 457 2112 509 vol.
2147 473 2184 518 I,
2211 461 2276 511 ad
2308 474 2357 526 p.
2393 458 2498 512 420
2555 457 2964 513 cbservavintus
2992 473 3046 528 p.
3077 459 3204 525 676,
3247 459 3436 532 utique
3459 480 3583 518 cuin

293 566 414 604 rem
433 549 618 602 Basilii
640 547 972 612 Macedonis,
989 549 1081 618 qui
1109 548 1266 601 anuis
1288 548 1401 600 fere
1422 545 1734 616 quingentis
1751 546 1900 615 prius

301 641 617 695 Andronico
670 641 772 695 hoc
827 651 1012 695 nostro
1049 638 1330 694 Orientale
1363 639 1538 692 tenuit
1586 638 1898 706 imperium,

294 738 350 791 in
396 733 512 789 Vita
539 735 773 788 nondum
801 735 944 788 edita
990 749 1154 803 quam
1205 731 1392 786 Graece
1431 731 1652 799 scripsit
1680 733 1899 784 Sanctae

302 827 486 882 Mariae
540 838 910 892 cognomento
963 826 1234 882 Juuioris.
1279 825 1544 878 Servatur
1587 827 1702 879 haec
1738 824 1789 876 in
1821 823 1902 876 hi-

308 920 580 973 bliotheca
609 917 791 974 Vatic.
822 923 946 974 cod.
980 919 1104 982 800,
1141 920 1235 973 fol.
1261 917 1386 972 250.
1424 915 1500 971 lbi
1528 928 1711 971 autem
1753 927 1901 984 post-

301 1028 468 1080 quam
499 1012 729 1066 dixisset
769 1023 960 1066 auctor
980 1012 1206 1066 Mariam
1239 1026 1364 1065 cum
1392 1013 1518 1064 viro
1547 1025 1646 1064 suo
1675 1023 1739 1062 ex
1777 1009 1899 1062 viro

297 1106 560 1171 quodam,
610 1108 668 1158 αἱ
710 1104 976 1175 Καμὰραι
1015 1115 1232 1168 vocato,
1295 1104 1384 1158 ubi
1421 1103 1599 1157 mariti
1638 1104 1757 1174 ejus
1809 1104 1898 1157 Ni-

299 1197 526 1266 cephori
564 1205 787 1265 paterna
834 1205 953 1250 erat
983 1197 1200 1256 donius,
1231 1193 1499 1262 migrasse
1531 1193 1773 1264 Bizyam,
1804 1195 1894 1247 ad-

297 1292 422 1344 dit:
465 1287 736 1342 Ἐνταῦθα
785 1289 818 1358 ἡ
859 1287 1117 1358 μακαρία
1177 1286 1273 1340 τὸν
1308 1286 1410 1356 μὲν
1455 1285 1623 1340 τόπον
1659 1286 1899 1356 ἦμειψεν

297 1381 412 1433 ὰπδ
449 1381 647 1450 κώμης
681 1381 762 1443 εἰς
786 1379 946 1432 πόλιν
965 1395 978 1409 ·
1019 1378 1119 1432 Hic
1147 1378 1302 1432 beata
1332 1378 1509 1432 locum
1538 1379 1752 1448 quidem
1781 1395 1898 1430 mu-

308 1475 448 1528 tarit
473 1490 500 1527 ε
521 1475 633 1526 vico
665 1473 720 1525 in
761 1471 964 1526 urbem.
989 1470 1162 1537 Quam
1185 1481 1240 1525 et
1269 1486 1372 1526 non
1398 1471 1567 1525 multo
1593 1480 1716 1540 post
1737 1470 1901 1523 πολυ-

307 1566 601 1633 άνθρωπον
624 1571 804 1631 vocat,
839 1565 1110 1619 celebrem
1155 1573 1209 1619 et
1245 1563 1582 1634 populosam.
1617 1564 1735 1630 Quo
1765 1562 1897 1618 facit

297 1658 464 1729 775
497 1659 643 1725 quod
706 1658 1074 1727 Pachymeres
1119 1672 1245 1712 mox
1282 1657 1442 1721 dicit,
1495 1657 1666 1711 multa
1724 1657 1894 1710 millia

295 1753 630 1806 bellatorum
656 1766 723 1804 et
757 1753 876 1820 ejus
902 1753 1115 1806 civibus
1153 1752 1338 1806 subito
1367 1751 1626 1807 conﬂata.

2002 549 2090 604 hic
2117 565 2240 604 eum
2274 562 2456 604 noster
2478 550 2740 604 Manuelis
2769 549 3071 610 Zachariae,
3097 553 3186 620 qui
3209 554 3414 620 primus
3438 556 3578 610 Pho~

2001 658 2169 696 eaeam
2193 643 2458 699 beneficio
2488 642 2767 698 Michaelis
2797 644 2952 713 primi
3001 643 3286 713 Palmologi
3343 647 3579 714 impera-

2002 737 2136 790 toris
2170 739 2400 805 accepit,
2428 735 2674 804 ἀνεψιόν,
2703 737 2807 792 hoc
2836 747 2918 792 est
2950 752 3016 791 ex
3073 735 3242 792 fratre
3277 737 3359 792 vel
3394 753 3584 792 sorore

2002 837 2254 899 nepotem
2288 843 2464 885 vocet.
2500 830 2613 884 Etsi
2663 831 2808 886 enim
2846 845 2947 884 vox
3009 829 3232 900 ἀνεψιός
3286 831 3581 900 aliquando

2002 923 2301 992 patruelem
2336 921 2630 988 signiﬁcat,
2664 930 2844 976 tamen
2889 922 2979 975 hic
3007 939 3038 977 e
3069 921 3239 977 fratre
3265 931 3358 976 aut
3391 937 3582 976 sorore

2001 1013 2241 1081 genitum
2279 1014 2567 1084 designare
2614 1014 2774 1069 debet
2818 1013 3043 1084 intelligi
3100 1031 3166 1068 ex
3226 1029 3292 1068 eo
3326 1017 3470 1085 quod
3513 1015 3582 1067 ad

2002 1106 2148 1159 θεῖον
2174 1107 2430 1168 refertur,
2462 1123 2570 1177 qua
2604 1123 2708 1162 una
2741 1107 2916 1162 Graeci
2949 1123 3079 1162 voce
3112 1109 3380 1178 geminam
3409 1108 3582 1162 indis-

1999 1199 2335 1252 criminatim
2376 1195 2622 1250 Latinam
2655 1195 2968 1264 exprimunt
3003 1197 3186 1266 patrui
3215 1205 3268 1250 et
3303 1196 3576 1250 avunculi.

2001 1290 2184 1358 Quare
2219 1292 2270 1343 in
2327 1288 2778 1358 interpretatione
2831 1289 3098 1342 utramvis
3129 1288 3437 1356 tiiSj'lllClitll
3488 1304 3580 1341 nc-

1998 1383 2389 1437 cessitudinem
2442 1383 2708 1449 expressi.
2767 1380 3006 1434 Fuerunt
3057 1395 3190 1434 sane
3233 1381 3458 1433 Catauei
3513 1393 3579 1434 ac

1999 1474 2279 1530 Zachariae
2335 1473 2564 1528 diversae
2614 1472 2984 1528 Genuensium
3040 1471 3276 1536 familiie,
3331 1471 3416 1543 [l’.
3448 1471 3576 1542 560]

2001 1579 2204 1631 tamen,
2241 1577 2302 1621 ut
2334 1579 2365 1620 a
2413 1565 2600 1635 peritis
2627 1579 2806 1618 rerum
2850 1565 3064 1618 illarum
3097 1564 3325 1634 accipio,
3369 1567 3580 1617 crebris

2000 1657 2352 1711 affinitatibus
2392 1665 2448 1710 et
2476 1653 2765 1711 connubiis
2795 1656 2872 1708 ita
2925 1655 3064 1706 inter
3108 1668 3166 1707 se
3220 1652 3482 1715 confusas,
3521 1663 3579 1706 ut

2001 1751 2243 1820 potuerit
2289 1765 2430 1803 unus
2459 1759 2514 1802 et
2564 1748 2707 1803 idem
2741 1747 2959 1802 nomine
2991 1746 3084 1800 illo
3116 1745 3338 1815 duplici,
3390 1745 3516 1798 hinc
3545 1761 3577 1796 a

373 1841 516 1898 Ibid.
541 1842 761 1911 Magnus
787 1843 897 1896 illic
930 1843 1206 1907 tzauzius,
1242 1853 1350 1897 etc.
1396 1840 1582 1898 Veteri
1616 1842 1773 1912 plane
1818 1843 1900 1897 in-
1931 1830 1972 1884 Β
2003 1852 2157 1913 patre
2211 1841 2336 1896 inde
2368 1856 2397 1892 a
2432 1850 2608 1894 matre
2665 1841 2849 1903 ducto,
2899 1838 3217 1910 promiscue
3278 1837 3574 1897 nominari.

295 1937 492 1988 stituto
531 1935 758 2002 Augusti
787 1933 1077 2005 Byzantini
1113 1935 1368 2003 praesidio
1395 1935 1637 2005 equestri
1668 1935 1884 2003 Bizyam

297 2026 578 2090 tenebant,
618 2035 674 2079 et
724 2025 843 2090 eius
889 2026 1269 2093 praefecturam
1324 2028 1456 2081 viris
1503 2027 1888 2094 praestantibus

297 2117 738 2171 committebant.
764 2115 1023 2186 Namjam
1047 2119 1116 2172 ab
1143 2133 1286 2172 anno
1315 2119 1517 2173 Christi
1535 2119 1756 2173 circiter
1782 2117 1889 2172 880

296 2208 460 2262 modo
493 2209 744 2262 laudatus
778 2209 1013 2279 scriptor
1043 2207 1182 2264 Viue
1212 2211 1270 2264 S.
1304 2210 1488 2265 Mariae
1513 2209 1757 2267 Junioris
1790 2211 1888 2292 de:

293 2307 387 2352 cet
419 2300 537 2354 viro
585 2299 704 2367 ejus
761 2299 821 2354 S.
857 2301 1102 2356 mulieris
1153 2302 1484 2371 Nicephoro,
1538 2303 1691 2372 quod
1746 2302 1888 2356 bello

295 2389 590 2458 Bulgarico
614 2389 847 2446 fortibus
880 2406 942 2446 se
973 2391 1136 2446 factis
1175 2392 1639 2457 eammendasset,
1671 2393 1724 2447 in
1759 2407 1892 2463 prse-

296 2485 467 2535 ιιὶιιιιι
495 2483 678 2537 datam
713 2498 836 2538 esse
868 2493 1058 2538 turmae
1083 2484 1466 2555 praefecturam
1503 2485 1757 2539 habentis
1779 2492 1890 2536 sta-

295 2579 503 2628 tionem
532 2577 732 2644 Bizyae.
765 2575 939 2632 Verba
973 2576 1094 2647 ejus
1125 2578 1240 2632 haec
1274 2586 1401 2633 sunt
1431 2594 1445 2632 :
1476 2577 1611 2630 Τότε
1645 2575 1829 2630 τοίνυν
1859 2576 1889 2628 ὁ

293 2668 403 2736 τῆς
429 2669 648 2740 Μαρίας
686 2669 828 2740 ἀνὴρ
875 2670 1195 2742 Nix-qede;
1250 2669 1530 2739 ἀριστεύει
1565 2674 1679 2733 τοῖς
1724 2669 1892 2723 Βουλ-

296 2763 497 2830 γάροις
549 2763 882 2832 μαχόμενος,
924 2765 1019 2816 καὶ
1072 2762 1239 2833 ψήφῳ
1270 2763 1381 2817 τῶν
1421 2761 1778 2833 κρατούντων
1807 2765 1888 2827 εἰς

293 2853 400 2923 τὴν
431 2854 532 2919 τῆς
568 2852 768 2924 Βιζύης
796 2843 1046 2924 τοῦρμὰν
1071 2856 1451 2924 ἐκπέμπεται.

374 2945 434 2999 Ρ.
460 2947 584 3002 658.
621 2947 686 3000 '0
713 2946 821 3000 τοῦ
851 2945 1173 3015 Μανουήλ.
1217 2945 1374 3003 llunc
1423 2948 1822 3004 inuomiuatum
1859 2963 1890 3002 e

297 3037 506 3092 familia
561 3037 929 3092 Cataneorum
969 3037 1340 3092 Geuuensium
1403 3037 1688 3095 Phocaeam
1745 3040 1890 3094 obti-

296 3133 544 3185 nentium
581 3131 773 3198 fuisse,
800 3147 902 3203 pro
935 3141 1088 3188 certe
1115 3140 1199 3187 est
1227 3131 1538 3188 habendum
1576 3148 1645 3188 ex
1675 3132 1742 3187 iis
1769 3146 1890 3201 quae

337 3339 1059 3366 mw

1993 1935 2296 2004 przesertim
2355 1931 2422 1988 ab
2448 1932 2651 1987 exteris
2674 1931 3036 2002 scriptoribus
3069 1945 3258 2000 parum
3309 1931 3360 1983 in
3391 1928 3474 1983 his
3505 1927 3575 1982 ad

1989 2038 2246 2085 exactum
2281 2043 2392 2082 rem
2443 2028 2642 2084 callere
2673 2027 2990 2095 plerumque
3029 2025 3368 2079 curantibus.

2063 2121 2121 2174 P.
2163 2119 2288 2176 640.
2321 2118 2430 2173 Eas
2447 2129 2506 2174 'se
2535 2120 2948 2187 compositurum
2979 2114 3370 2170 controversias
3402 2111 3577 2166 Theu-

1989 2213 2236 2267 dericlius
2277 2222 2454 2267 ratus.
2503 2211 2661 2266 Circa
2711 2210 2855 2265 hanc
2899 2223 3011 2262 rem
3054 2214 3260 2275 gestam
3298 2205 3412 2259 inec
3436 2207 3574 2272 apul

1990 2305 2473 2361 d’Outremannum
2527 2303 2763 2373 reperio,
2803 2301 2895 2356 lib.
2931 2301 3006 2354 De
3033 2315 3145 2353 exc.
3197 2298 3398 2360 Grec,
3434 2313 3482 2351 c.
3519 2298 3577 2359 5,

1993 2416 2047 2468 p.
2085 2399 2190 2454 467
2223 2415 2237 2452 :
2274 2399 2316 2450 Α
2374 2397 2662 2451 Fredcrico
2692 2412 2810 2466 rege
2860 2393 3086 2455 Sicilire,
3122 2393 3276 2460 cujus
3323 2392 3576 2458 auspiciis

1989 2506 2229 2560 pugnare
2280 2496 2571 2556 cwperaut,
2633 2486 2828 2540 missus
2885 2483 3264 2538 Ferdiuaudus
3311 2481 3577 2535 Βαιθοτὶσὶ

1992 2587 2129 2654 regis
2170 2583 2347 2634 minor
2385 2581 2528 2649 ﬁlius
2573 2579 2628 2632 in
2655 2593 2785 2645 pace
2841 2575 3133 2632 Catelauos
3172 2590 3364 2642 ponere
3395 2575 3578 2643 nequi-

1991 2677 2086 2731 vit.
2148 2674 2223 2728 Ita
2262 2673 2390 2737 ille;
2428 2687 2587 2739 quem
2630 2686 2762 2735 ergo
2792 2670 2878 2723 hic
2927 2667 3120 2724 Gidam
3159 2674 3252 2720 aut
3283 2665 3574 2718 Materram

1991 2767 2320 2821 Phareutem
2368 2761 2736 2816 Theudericbi
2771 2761 2941 2814 filiuni
2979 2767 3138 2812 vocat
3181 2757 3573 2827 Pachymeres,

1990 2857 2304 2913 credibilius
2369 2865 2450 2909 est
2507 2853 2676 2908 fuisse
2723 2850 3124 2907 Ferdinandum
3209 2848 3573 2902 Balearicum.

1991 2948 2134 3014 Quin
2182 2956 2238 3000 et
2285 2944 2522 3000 fortasse
2575 2942 2836 2998 vocabula
2868 2942 2957 2994 illa
2995 2940 3235 2994 Materca
3279 2938 3516 2992 Phorcus
3547 2952 3579 2990 e

1991 3037 2271 3094 Balearica
2303 3035 2590 3092 Fcruandc
2612 3032 3096 3091 sive'Fcrdiuando
3133 3032 3432 3087 deformata
3462 3027 3578 3084 fue~

1994 3127 2126 3185 rint.

1103 3547 1585 3676 PETRI
1674 3545 2292 3677 POSSINI
2425 3545 2556 3674 S.
2655 3549 2778 3672 J.

551 3810 1778 3932 OBSERVATIONUM
1863 3731 3384 3925 PACHYMERIANABUM'

1625 4034 1860 4097 LIBER
1897 4033 2270 4113 .TERTIUS

862 4217 1006 4276 QUE
1030 4218 1119 4262 ΔΙ)
1150 4215 1450 4264 TEMPORA
1497 4216 1580 4263 ΕΤ
1605 4216 1692 4262 ΑΙ)
1735 4211 2236 4260 CHBONOLOGIAM
2271 4210 2628 4256 PERTINENT
2661 4177 2780 4256 TRd
2795 4211 3019 4259 CTANS.

851 4521 1017 4594 77c
1045 4517 1279 4576 CAPUT
1303 4517 1346 4574 ι.

294 4637 388 4694 De
418 4654 641 4692 numero
703 4654 987 4701 annorum,
1054 4653 1191 4703 quo:
1240 4637 1351 4690 hac
1392 4650 1566 4688 rerum
1598 4633 1888 4687 Andronici

382 4711 604 4763 ’ἡδίω-ἔα
637 4709 1019 4766 complectitur.
1073 4707 1248 4774 Hujus
1299 4706 1422 4773 ﬁnis
1455 4717 1714 4775 quantum
1747 4706 1888 4758 absit

384 4783 448 4834 ab
470 4781 624 4836 initio
659 4781 898 4834 historice
931 4777 1321 4832 Cantacuzeni.

381 4896 444 4970 [Ρ
474 4893 601 4967 561]
649 4893 691 4948 1.
721 4893 861 4948 Ante
881 4892 1061 4947 omnia
1090 4905 1272 4959 opera:
1294 4889 1528 4960 pretium
1551 4888 1696 4944 duco
1727 4887 1891 4958 figere

287 4993 583 5058 utrimque
633 4997 806 5042 metas
853 4986 979 5040 huic
1034 4983 1297 5048 historiae,
1326 4989 1383 5038 et
1445 4997 1512 5038 ex
1567 4997 1673 5050 quo
1704 4981 1891 5035 limine

289 5084 609 5160 procedens
633 5081 686 5134 in
717 5094 881 5150 quem
905 5085 1163 5132 excurrat
1199 5075 1450 5142 limitem,
1503 5074 1733 5128 definire
1773 5088 1889 5126 me-

290 5175 510 5233 tiendo.
539 5171 739 5228 Scribit
772 5178 978 5231 noster,
1037 5185 1090 5238 p.
1133 5167 1222 5231 12,
1260 5165 1634 5220 Andronicum
1683 5163 1890 5218 Palam-

293 5273 491 5337 Iogum
521 5271 891 5334 capessi-nterii
927 5262 1098 5316 solum
1127 5259 1401 5314 exstincto
1422 5258 1534 5326 jam
1583 5266 1740 5326 patre
1792 5256 1891 5310 ha-

289 5366 475 5418 benas
535 5357 769 5425 imperii,
813 5372 980 5408 armos
1022 5363 1204 5406 natum
1255 5351 1424 5420 fuisse
1475 5361 1888 5420 quatuor'supra

291 5453 534 5524 viginti,
565 5466 629 5504 ac
675 5465 727 5505 c.
786 5449 855 5503 ’56
885 5458 939 5502 et
973 5448 1164 5500 ultimo
1215 5445 1338 5500 libri
1383 5459 1475 5508 vn,
1514 5442 1673 5512 hujus
1703 5442 1888 5511 operis

291 5545 593 5618 postremi,
631 5543 866 5598 affirmat
898 5540 1148 5594 desinere
1170 5538 1311 5592 hanc
1340 5535 1624 5590 historiam
1659 5532 1712 5588 in
1746 5548 1888 5587 anno

294 5636 910 5707 umlequinquagesimo
931 5635 1106 5687 aetatis
1127 5630 1420 5686 Andronici
1444 5629 1708 5697 ejusdem.
1737 5626 1889 5682 Unde

293 5728 558 5790 infertur,
594 5744 680 5782 res
727 5735 910 5797 gestas
956 5725 1113 5778 anuis
1149 5738 1244 5778 sex
1287 5731 1342 5776 et
1387 5721 1574 5790 viginti
1607 5720 1767 5788 hujus
1802 5734 1890 5774 se—

291 5823 469 5879 Cttlltil
493 5821 938 5892 l’achymcriana:
962 5816 1214 5874 Historiae
1252 5815 1552 5872 voluminis
1598 5828 1890 5884 argumen-

1920 4527 1963 4584 c
1999 4528 2112 4572 tum
2141 4517 2343 4573 facere.
2374 4517 2560 4571 Annos
2585 4516 2788 4587 quippe
2819 4516 3089 4572 sumimus
3110 4516 3357 4588 expletos
3381 4518 3451 4572 ad
3485 4536 3581 4573 ex-

2003 4612 2325 4682 peditiorem
2373 4611 2681 4677 calculum;
2716 4612 2765 4665 id
2816 4613 2962 4681 quod
3010 4613 3148 4666 citra
3193 4618 3370 4683 magni
3414 4615 3580 4668 delri-

1995 4705 2164 4758 menti
2201 4704 2504 4775 periculum
2547 4719 2706 4772 posse
2737 4719 2836 4758 nos
2863 4704 3062 4768 facere,
3091 4719 3159 4757 ex
3206 4705 3273 4760 iis
3313 4721 3435 4775 qua:
3473 4723 3576 4760 nu-

1993 4812 2146 4852 mero
2189 4813 2312 4852 mox
2358 4799 2520 4852 tertio
2549 4796 2618 4851 de
2645 4808 2770 4850 nato
2796 4798 2940 4850 circa
2965 4794 3164 4850 Juliaui
3199 4798 3328 4853 anni
3369 4798 3578 4868 priiu-i~

1991 4888 2139 4958 pium
2168 4889 2481 4943 Andronico
2511 4889 2758 4942 dicemus
2794 4888 3097 4956 apparebit.

2066 4980 2133 5034 ll.
2181 4980 2370 5034 Restat
2399 4979 2794 5048 explorandum
2819 4981 2969 5047 quoti
2995 4989 3354 5035 numerentur
3376 4983 3429 5036 in
3467 4999 3573 5036 ειη-ει

1992 5073 2204 5142 vulgari
2231 5072 2542 5126 Christiana
2573 5072 2685 5124 duo
2741 5071 2793 5125 hi
2827 5071 2977 5136 anui,
3012 5071 3104 5140 qui
3146 5073 3383 5141 spatium
3438 5086 3576 5131 teut-

1995 5169 2166 5236 poris,
2225 5167 2280 5218 iu
2317 5180 2425 5233 quo
2477 5162 2802 5232 explicando
2854 5163 2971 5218 haec
3019 5163 3255 5219 Historia
3303 5179 3574 5235 versatur,

1993 5261 2270 5327 utrimque
2333 5258 2651 5312 terminauit.
2709 5256 2905 5310 Eorum
2955 5260 3106 5327 prior
3153 5261 3399 5329 quidem,
3436 5269 3576 5316 unde

1993 5348 2317 5419 principiqu
2357 5346 2593 5410 ducitur,
2631 5361 2756 5400 cum
2794 5349 2978 5401 statim
3005 5366 3032 5400 a
3066 5348 3348 5406 Michaelis
3368 5352 3576 5405 Palzro~

1993 5442 2097 5511 logi
2129 5440 2356 5510 AuguSti
2411 5448 2585 5495 morte
2627 5440 2938 5507 inchoctur,
2974 5451 3030 5496 et
3071 5444 3204 5507 h:ec,
3247 5453 3305 5498 ut
3349 5443 3576 5498 demon-

1992 5545 2222 5588 stratum
2261 5541 2344 5585 est
2381 5532 2485 5588 vol.
2517 5530 2558 5596 l,
2593 5549 2646 5602 p.
2687 5533 2810 5595 747,
2859 5535 2946 5588 die
2978 5534 3012 5586 2
3061 5534 3371 5589 Decembris
3421 5550 3568 5588 anno

1991 5626 2195 5682 Christi
2227 5625 2361 5679 l282
2383 5627 2695 5695 contigerit,
2730 5627 2830 5682 ἰηιὶι
2854 5628 2972 5682 sine
3002 5628 3168 5680 dubio
3196 5642 3371 5680 annus
3426 5627 3571 5682 idem

1990 5737 2114 5778 mirae
2163 5720 2406 5788 vulgaris
2449 5721 2626 5787 1282,
2680 5725 2771 5777 sed
2821 5733 3095 5791 postrema
3159 5723 3423 5774 duntaxat
3490 5727 3572 5775 sui

1992 5824 2168 5890 parte,
2206 5814 2398 5872 diebus
2427 5814 2676 5873 videlicet
2716 5815 2926 5886 viginti.
2967 5813 3101 5870 lluic
3147 5828 3293 5870 anno
3325 5815 3369 5870 si
3407 5814 3570 5885 777
