4036 6376
497 299 612 364 835

1433 301 1501 365 Ρ.
1544 300 1845 362 POSSlNl
1879 302 2540 366 OBSERVATIONUM
2566 305 2714 366 LIB.
2756 304 2870 368 IIl.

3666 313 3782 381 836

490 413 562 468 25
596 412 800 469 solidos
844 413 1130 481 addamus,
1172 415 1266 472 lict
1321 430 1498 472 annus
1537 418 1743 473 Christi
1799 418 1959 484 1507,
2023 419 2076 472 in
2109 429 2151 480 Α
2183 431 2230 472 et
2265 421 2436 473 sexies
2480 419 2842 488 utilissimum,
2892 422 3208 477 duodecima
3265 427 3454 480 mensis
3507 427 3780 498 Octobris,

491 510 653 580 cujus
680 510 772 565 die
819 511 1111 566 undecima
1168 513 1481 567 Decembris
1526 527 1748 568 necesse
1776 513 1845 567 sit
1882 525 2080 568 metam

492 605 734 672 deligere
782 604 1028 660 ultimam
1069 605 1332 675 temporis
1377 606 1479 660 hac
1515 607 1748 661 historia
1794 606 2080 675 descripti.

491 697 630 762 Quia
660 711 788 750 vero
818 697 871 750 in
903 695 1228 751 collectione
1262 695 1531 763 majorum
1565 709 1905 751 summarum
1965 694 2083 750 fere

493 787 744 840 minutiae
771 797 1225 853 contemnuntur,
1265 789 1408 842 haud
1439 802 1771 859 magnOpere
1808 803 2083 856 repugna-

490 879 686 941 verint,
710 879 754 932 si
780 879 902 947 quis
950 880 1105 933 tnalit
1140 897 1167 931 a
1205 879 1466 935 Kalendis
1503 877 1785 935 Januariis
1843 878 1906 951 [P
1949 877 2078 950 562]

489 970 620 1024 anni
673 971 878 1026 Christi
929 971 1067 1027 i283
1106 973 1264 1039 hujus
1295 972 1549 1029 Historia
1596 973 1812 1029 initium
1857 977 2078 1036 ducere,

491 1079 556 1119 ac
622 1065 784 1119 linem
834 1067 1080 1134 ejusdem
1139 1067 1194 1122 in
1249 1067 1515 1124 Kalendis
1549 1068 1746 1124 iisdem
1780 1067 1905 1124 anui
1941 1067 2081 1122 1508

489 1168 758 1224 statuere,
805 1159 1067 1229 neglectis
1128 1161 1418 1230 utrobique
1457 1162 1649 1230 viginti
1717 1161 1929 1219 diebus.
1985 1161 2079 1228 qni

489 1264 652 1319 supra
686 1253 924 1318 priorem
975 1255 1242 1322 epocham
1301 1255 1606 1317 abundant.
1642 1254 1932 1324 posteriori
1980 1256 2078 1308 de-

486 1357 615 1400 sunt
643 1349 709 1401 ad
750 1347 1046 1416 perlectam
1088 1348 1505 1416 plenitudinem.
1837 1409 1842 1416 ,

559 1439 650 1492 lll.
704 1439 769 1493 Et
809 1440 1157 1495 commodum
1207 1442 1273 1494 ad
1327 1441 1490 1496 istam
1545 1441 1770 1509 putandi
1807 1427 2074 1497 rationein

487 1533 620 1585 satis
657 1540 780 1600 apte
807 1532 1078 1601 quadranl
1120 1531 1249 1586 anni
1285 1532 1408 1588 vita
1447 1534 1766 1599 Andronici,
1809 1549 1948 1602 qttos
1991 1536 2076 1588 in-

484 1623 772 1691 signiendo
831 1623 1100 1693 principio
1154 1623 1317 1691 spatii
1370 1635 1716 1678 narratarum
1771 1641 1800 1678 a
1856 1641 1916 1680 se
1970 1626 2076 1680 hoc

483 1728 647 1782 opere
674 1729 853 1768 rerum
887 1725 1070 1768 noster
1093 1717 1313 1770 adhibet
1347 1715 1664 1770 historicus.
1696 1715 1830 1771 Nam
1866 1718 2071 1772 editum

2187 510 2322 578 feria
2351 515 2527 580 prima
2551 515 2914 570 hebdomadis.
2949 516 3022 572 Ut
3047 521 3177 572 anni
3204 534 3330 574 tera:
3367 519 3679 576 Grmcorum
3705 527 3779 580 ad

2186 619 2352 658 aram
2388 617 2630 660 nostram
2665 608 2944 676 vulgarem
2975 613 3332 675 reducantur,
3372 626 3636 682 perpetua
3666 631 3783 670 me-

2189 697 2359 752 thodo
2398 713 2462 752 ex
2509 699 2616 754 illis
2650 700 2874 757 tollendi
2917 711 3047 757 sunt
3099 703 3226 758 anni
3262 705 3421 760 solidi
3449 705 3613 761 5508.
3653 706 3781 764 Tali

2185 792 2564 846 subtractione
2597 793 2740 848 facta
2776 796 3082 864 reperietur
3117 811 3319 864 annus,
3351 813 3460 868 quo
3504 809 3588 854 est
3619 815 3781 855 mor-

2186 890 2304 933 tnu:
2341 880 2597 946 Michael,
2636 884 2848 941 Christi
2913 885 3072 941 l32l.
3111 886 3218 942 Sed
3257 887 3308 940 in
3370 888 3454 943 his
3481 889 3785 959 diligenter

2183 973 2484 1028 observare
2548 985 2766 1045 oportet
2821 978 3226 1048 diserepaatias
3273 981 3416 1036 initii
3476 998 3783 1040 aunormn.

2184 1063 2318 1117 Nam
2357 1065 2531 1120 Graeci
2578 1083 2756 1124 annos
2805 1086 2938 1126 suos
2985 1087 3110 1127 tera:
3150 1074 3336 1128 mandi
3370 1090 3398 1129 a
3435 1073 3780 1144 Septembri,

2181 1157 2332 1212 sicut
2359 1167 2414 1213 et
2445 1161 2823 1226 indictionem,
2851 1165 3133 1230 inchoant,
3165 1183 3264 1221 nos
3291 1183 3420 1223 vero
3449 1185 3476 1220 a
3513 1169 3786 1226 Kalendis

2180 1247 2449 1306 Januarii.
2483 1251 2673 1322 itaque
2697 1257 2914 1326 quando
2955 1273 3051 1327 per
3085 1261 3398 1314 methodqu
3435 1263 3595 1316 modo
3629 1263 3786 1315 indi-

2187 1351 2366 1397 catam
2391 1347 2756 1415 comperimus
2786 1365 2987 1403 annum
3009 1349 3329 1404 Graecorum
3362 1352 3506 1408 6829
3545 1369 3782 1422 respon-

2182 1435 2312 1489 dere
2353 1450 2500 1490 anno
2535 1437 2740 1493 Christi
2787 1440 2949 1503 l52l,
2986 1440 3396 1511 istelligendum
3437 1444 3491 1496 id
3529 1459 3595 1497 ex
3656 1459 3783 1498 ma-

2172 1523 2281 1592 iuri
2311 1527 2577 1583 duntaxat
2629 1541 2806 1599 parte,
2857 1548 2968 1587 non
3026 1543 3208 1588 autem
3261 1544 3319 1586 ut
3361 1535 3502 1588 alter
3533 1535 3777 1590 alterum

2181 1619 2422 1690 perfecte
2471 1622 2739 1694 adaequet.
2785 1624 3132 1680 Concurrunt
3187 1626 3332 1680 enim
3375 1627 3428 1680 in
3460 1635 3586 1682 octo
3623 1627 3782 1681 dun-

2181 1719 2332 1766 taxat
2367 1716 2671 1781 mensibus,
2715 1731 2949 1786 quorum
2987 1718 3200 1786 primus
3231 1704 3528 1773 Jatmarius
3560 1719 3652 1772 sit.
3688 1719 3780 1773 Ab

485 1781 540 1859 in
577 1805 755 1860 lucem
789 1805 871 1860 vel
902 1821 1090 1861 mense
1131 1804 1394 1862 Januario
1433 1807 1515 1861 vel
1547 1805 1838 1862 Februarii
1869 1810 2075 1878 princi-
2110 1781 2149 1836 Β
2182 1806 2286 1860 hoc
2323 1805 2470 1860 enim
2515 1807 2704 1862 ineunt
2751 1807 2958 1862 Christi
3009 1808 3160 1873 anni,
3197 1809 3416 1875 quando
3441 1809 3552 1878 jam
3589 1825 3616 1861 a
3656 1809 3779 1861 Ka-

485 1900 575 1968 pio
606 1900 978 1954 Andronicum
1027 1900 1174 1954 hunc
1205 1900 1616 1970 imperatorem,
1657 1901 1863 1954 dudum
1903 1902 2074 1957 colle-

482 1994 662 2060 gimus
723 1992 854 2062 (vol.
917 1991 962 2056 l,
997 2007 1053 2060 p.
1111 1993 1236 2060 745)
1289 2008 1358 2048 ex
1409 1994 1516 2047 illis
1555 1993 1849 2064 Nicephori
1891 1996 2075 2049 verbis

484 2086 522 2138 Ι.
558 2103 609 2147 x,
645 2099 700 2154 p.
733 2086 796 2138 2i
810 2087 860 2147 ι.
892 2085 1090 2153 quibus
1121 2085 1173 2138 in
1211 2085 1466 2140 monodia
1494 2086 1559 2139 de
1586 2085 1885 2141 Andronici
1920 2086 2070 2155 ejus-

481 2178 607 2231 dem
635 2179 788 2231 obitu
838 2176 1072 2232 amrmat
1111 2192 1235 2232 eum
1283 2178 1372 2232 die
1413 2178 1740 2232 duodecimo
1783 2177 2073 2234 Februarii

485 2271 808 2324 morientem
840 2269 1143 2339 explevisse
1185 2285 1387 2323 annum
1416 2271 1595 2324 aetatis
1623 2281 1875 2340 quartum
1905 2286 2071 2340 supra

482 2365 944 2433 Septuagesimum
976 2382 990 2418 :
1022 2361 1300 2434 Τέταρτον
1336 2363 1436 2431 μὲν
1487 2363 1590 2434 ἤδη
1639 2364 1737 2418 καὶ
1769 2364 2074 2434 ἑϐδομηκο-

484 2456 617 2508 στὸν
645 2455 767 2518 ἔτος
807 2455 939 2516 duo,
969 2456 1243 2523 γενέσεως
1279 2455 1432 2526 αὑτῷ
1470 2455 1802 2510 τελευτῶντι
1835 2457 2032 2527 ἠνύετο
2052 2474 2070 2492 ο

482 2547 724 2614 Quartus
741 2558 791 2602 et
811 2549 1234 2618 septuagesimus
1264 2565 1437 2603 annus
1465 2566 1498 2603 a
1526 2549 1802 2604 natiailau
1820 2550 1923 2619 ipsi
1949 2567 2066 2606 mo-

483 2640 642 2693 rienti
675 2639 1065 2694 absoleebatur.
1105 2639 1243 2694 Cum
1280 2651 1462 2694 autem
1494 2655 1618 2694 eum
1647 2653 1832 2695 natum
1874 2641 2072 2697 delini-

481 2732 723 2786 verimus
770 2732 974 2786 ibidem
1037 2749 1183 2788 anno
1235 2732 1442 2788 Christi
1486 2732 1665 2798 {258,
1712 2732 2068 2800 intelligimus

479 2824 655 2894 ipsum
696 2825 1003 2894 ingressum
1054 2839 1259 2879 annmn
1325 2835 1580 2895 quartum
1633 2835 1690 2880 et
1749 2828 2066 2883 vicesimum

478 2915 657 2968 aetatis
717 2919 893 2982 primo
943 2918 1320 2986 sesquimense
1372 2918 1502 2970 anni
1535 2915 1737 2972 Christi
1785 2916 1946 2982 1282,
1974 2933 2072 2972 cu-

472 3003 568 3074 jus
616 3004 744 3058 anni
796 3022 980 3062 mense
1033 3006 1226 3062 ultimo
1263 3007 1405 3075 patri
1459 3009 1744 3063 decedenti
1789 3011 1938 3066 solus
2013 3015 2066 3065 in

479 3097 710 3166 imperio
741 3098 1038 3154 succedens
1071 3110 1345 3155 extremos
1381 3101 1636 3156 trahebat
1687 3117 1905 3158 menses
1937 3105 2066 3159 anni

477 3205 592 3244 suae
632 3193 756 3244 vitae
790 3191 972 3259 quarti
1018 3201 1073 3246 et
1119 3194 1386 3258 vicesimi,
1421 3203 1543 3264 post
1584 3209 1688 3249 non
1721 3195 1916 3250 multos
1945 3198 2065 3252 dies

479 3281 802 3338 vicesimum
831 3283 1083 3352 quintum
1110 3283 1383 3350 initurus;
1419 3298 1486 3338 ex
1521 3298 1632 3353 quo
1663 3293 1913 3356 tempore
1938 3303 2062 3342 eum

475 3387 651 3427 annos
694 3374 937 3443 quinque
989 3389 1156 3444 supra
1188 3375 1378 3444 viginti
1409 3375 1723 3440 erolvisset,
1753 3380 1969 3448 quando
1998 3395 2063 3434 ea

472 3467 809 3531 gerebantur
841 3467 894 3520 in
931 3466 1126 3540 quibus
1157 3467 1452 3522 narrandis
1484 3467 1689 3523 desinit
1719 3468 1835 3525 haec
1876 3469 2063 3525 Histo-

474 3561 554 3614 ria
581 3558 959 3632 Pachymeris,
985 3562 1462 3632 quadragesimam
1486 3578 1690 3624 nonum
1717 3563 2063 3618 Andronicus

474 3653 597 3708 vita:
637 3669 840 3708 annum
893 3671 1062 3725 prope
1124 3656 1481 3723 absolverat,
1542 3659 2058 3728 quinquagesimum

471 3747 720 3814 proxime
750 3746 1128 3800 inchoaturus.

543 3835 635 3892 IV.
672 3839 850 3907 Atque
908 3841 996 3892 hic
1040 3838 1356 3893 declarandi
1392 3839 1548 3895 locus
1574 3847 1660 3896 est
1695 3839 1842 3910 quod
1877 3841 2059 3895 obiter

471 3929 585 3984 dixi
637 3930 955 4000 praefatione
1004 3931 1072 3984 ad
1124 3931 1437 3986 universum
1490 3932 1592 3986 hoc
1639 3947 1798 4001 Opus,
1848 3932 2054 4001 quaein

473 4021 650 4074 [mitte
686 4021 857 4090 partis
905 4021 1105 4090 prioris
1143 4025 1422 4090 proposita
1460 4032 1515 4076 et
1558 4023 1625 4076 ad
1675 4023 1817 4078 hanc
1853 4023 2059 4078 nihilo-

465 4117 651 4170 minus
699 4116 1036 4170 extenditur.
1097 4113 1302 4183 Scripsi
1355 4128 1538 4169 autem
1609 4116 1721 4170 illic
1777 4130 1873 4184 per
1914 4115 2056 4170 hanc

464 4223 615 4261 nunc
689 4209 1047 4276 prodeuntem
1116 4207 1472 4276 Pachymeris
1517 4209 1798 4262 historiam
1843 4209 2052 4277 expleri

467 4297 615 4349 rclttt
647 4297 938 4364 quemdam
985 4297 1188 4350 hiatum
1223 4297 1452 4366 publica:
1491 4301 1764 4354 memoria:
1791 4314 1822 4352 a
1865 4299 2050 4352 Niceza

465 4400 521 4443 et
552 4388 864 4458 Acropolita
892 4392 958 4441 ad
995 4391 1466 4444 Cantacuzenum.
1504 4389 1559 4443 ld
1593 4393 1738 4460 quod
1768 4407 1871 4446 non
1933 4392 2052 4444 ὀλο-

2182 1893 2357 1949 leudis
2411 1894 2756 1965 Septembris
2813 1899 3113 1967 superioris
3164 1913 3340 1953 annus
3375 1913 3497 1952 acra
3539 1898 3775 1953 Graeco-

2181 2002 2322 2052 rum,
2380 1989 2472 2058 qui
2528 1991 2861 2058 respondere
2912 1991 3006 2044 tali
3050 1991 3255 2044 Christi
3305 2006 3448 2044 anno
3497 1991 3772 2056 creditur,

2177 2077 2556 2134 inchoaverat.
2608 2079 2668 2134 id
2719 2081 2823 2135 nisi
2881 2083 3004 2150 quis
3055 2083 3524 2145 animadverterit.
3562 2083 3614 2136 in
3664 2085 3774 2139 hoc

2179 2170 2300 2238 ipso
2353 2173 2498 2242 quod
2556 2182 2857 2228 tractamus
2901 2173 3150 2245 exemplo
3181 2189 3240 2229 se
3279 2175 3494 2244 lapsum
3539 2177 3764 2232 sentiet.

2179 2260 2319 2319 Ecce
2357 2266 2530 2330 enim,
2583 2267 2660 2322 ait
2698 2265 3118 2340 Cantacuzenus
3177 2268 3319 2322 diem
3373 2269 3764 2324 duodecimum

2176 2357 2450 2422 Octobris,
2496 2373 2607 2429 quo
2638 2367 2722 2414 est
2758 2369 3004 2413 mortuus
3042 2359 3298 2427 Michael,
3331 2360 3428 2415 illo
3464 2376 3612 2415 anno
3639 2377 3768 2416 mra

2177 2451 2360 2505 mundi
2391 2451 2534 2507 6829
2562 2450 2734 2508 fuisse
2769 2451 3136 2509 Dominicum.
3169 2451 3228 2504 Id
3263 2466 3396 2506 vero
3423 2468 3565 2506 anno
3599 2451 3770 2506 Chri-

2173 2540 2248 2596 sti
2281 2541 2413 2596 1521
2453 2541 2678 2596 minime
2703 2544 2984 2598 convenit.
3013 2542 3106 2598 Est
3139 2545 3288 2600 enim
3319 2544 3408 2600 hic
3444 2547 3500 2599 in
3529 2547 3770 2616 periodo

2171 2637 2390 2694 Juliana
2421 2635 2582 2701 6051,
2625 2636 2718 2706 qui
2757 2651 3016 2692 numerus
3049 2653 3146 2706 per
3173 2639 3245 2692 28
3279 2639 3492 2693 divisus
3522 2640 3619 2694 dat
3660 2654 3769 2710 cy-

2173 2731 2315 2787 clum
2352 2731 2486 2786 solis
2516 2729 2586 2785 14
2626 2731 2673 2784 ei
2715 2728 2920 2785 Christi
2961 2745 3108 2785 anno
3141 2731 3274 2786 1521
3301 2732 3606 2802 proprium.
3646 2731 3732 2802 Cy

2175 2822 2260 2878 clo
2289 2837 2454 2892 porro
2508 2822 2644 2877 solls
2676 2823 2764 2885 11,
2802 2823 2888 2876 cui
2925 2824 3106 2878 littera
3140 2821 3490 2880 Dominicalis
3523 2825 3589 2898 [P
3621 2825 3740 2880 565

2175 2915 2217 2970 D
2247 2914 2533 2984 competit,
2573 2913 2937 2969 duodecinms
2981 2913 3235 2970 Octobris
3283 2916 3398 2971 dies
3444 2915 3584 2970 luna:
3631 2916 3771 2971 fuit.

2173 3007 2445 3062 Nimirum
2499 3005 2726 3063 Octobri
2775 3007 3136 3076 pt‘mcedentis
3179 3007 3380 3062 Christi
3429 3007 3557 3060 anni
3617 3006 3773 3062 l520

2172 3097 2400 3154 Michael
2429 3098 2664 3152 obierat.
2696 3094 2832 3150 Nam
2870 3097 2917 3151 is
2942 3111 3120 3151 annus
3152 3097 3306 3166 cyclo
3333 3095 3460 3151 solis
3496 3097 3562 3150 15
3590 3106 3646 3149 et
3670 3096 3772 3149 lit-

2173 3199 2287 3245 tera
2319 3189 2645 3243 Dominicali
2689 3188 2907 3258 gemina
2955 3187 2994 3241 F
3026 3187 3089 3253 E,
3129 3191 3256 3259 quia
3298 3188 3595 3244 bissextilis
3627 3187 3764 3256 fuit,

2171 3282 2467 3352 insignitus
2509 3297 2539 3334 a
2571 3296 2758 3336 mense
2796 3281 2991 3336 Martio
3031 3282 3268 3337 litteram
3310 3281 3350 3335 E
3384 3281 3533 3337 feriae
3561 3281 3767 3351 prima:

2169 3373 2402 3428 indicem
2453 3361 2662 3429 habuit.
2718 3372 2844 3428 llaec
2893 3383 3074 3428 autem
3127 3373 3304 3427 littera
3365 3373 3763 3427 duodecimum

2165 3465 2421 3524 Octobris
2467 3467 2608 3520 diem
2646 3467 2846 3537 signat.
2879 3466 3032 3522 Unde
3081 3466 3404 3522 charactere
3441 3466 3766 3520 ‘chronolo;

2165 3562 2288 3629 gico
2327 3568 2478 3615 certa
2526 3559 2776 3614 redditur
2818 3560 3022 3629 epocha
3055 3559 3240 3615 obitus
3271 3558 3618 3630 imperatoris
3651 3557 3764 3611 Mi-

2164 3653 2370 3708 chaelis
2415 3651 2662 3708 Junioris
2739 3654 2793 3707 in
2835 3651 3128 3708 Octobrem
3183 3655 3310 3707 anni
3352 3653 3555 3709 Christi
3609 3652 3760 3709 1520

2163 3755 2357 3800 exacte
2388 3743 2654 3801 incidens.
2694 3743 2772 3798 Ex
2828 3760 2937 3814 quo
2982 3744 3170 3798 limine
3207 3759 3329 3798 cum
3362 3744 3625 3814 procedat
3658 3743 3760 3797 hi—

2161 3837 2333 3892 storia
2388 3837 2782 3901 Cautacnzeni,
2830 3848 2994 3904 caput
3040 3839 3160 3907 ejus
3213 3851 3244 3889 a
3299 3839 3404 3890 line
3445 3835 3761 3906 l’achytne-

2162 3925 2349 3990 riauai,
2391 3927 2718 3991 desinentis,
2766 3937 2827 3980 ut
2857 3935 2941 3981 est
2967 3927 3200 3992 dictum,
3231 3927 3337 3982 sub
3369 3927 3576 3980 exitum
3613 3929 3754 3983 anni

2159 4019 2364 4073 Christi
2393 4017 2554 4084 1507,
2587 4019 2754 4074 distat
2790 4019 2970 4088 spatio
2999 4034 3268 4073 annorum
3291 4018 3575 4078 tredecim.
3598 4022 3750 4090 quod

2159 4127 2266 4165 non
2292 4112 2514 4182 impedit
2541 4129 2648 4182 quo
2673 4113 2850 4166 minus
2870 4111 3115 4181 populari
3134 4122 3187 4166 et
3209 4111 3392 4167 minus
3416 4113 3750 4183 scrupuloso

2157 4203 2480 4258 numerandi
2537 4219 2688 4260 more
2751 4205 2859 4260 dici
2931 4204 3104 4274 possit
3127 4206 3312 4274 excipi
3346 4203 3744 4276 Pachymeria-

2157 4311 2281 4350 nam
2305 4314 2334 4350 a
2367 4296 2868 4360 Cantacuseniana.
2892 4310 2947 4352 et
2969 4298 3111 4352 hanc
3138 4297 3210 4351 illi
3238 4299 3550 4352 continuari
3578 4299 3752 4353 histo-

2159 4389 2316 4448 riam.
2349 4389 2492 4444 sicut
2522 4387 2934 4459 'l‘hucydideam
3000 4389 3383 4445 llerodotiante
3443 4393 3748 4446 succedere

467 4480 684 4550 σχερῶς
732 4481 903 4548 accipi
949 4491 1042 4534 aut
1091 4481 1328 4537 resecari
1370 4483 1436 4535 ad
1473 4483 1655 4536 vivum
1695 4483 1860 4547 volui,
1893 4485 2049 4551 quasi
2083 4495 2127 4551 ι)
2164 4482 2318 4536 multi
2372 4482 2648 4549 dixerunt,
2699 4482 2830 4538 licet
2875 4483 2965 4537 illa
3023 4485 3240 4553 proprie
3294 4483 3464 4539 ducat
3523 4485 3741 4537 initiunt

465 4575 690 4646 ἁμέσως
717 4585 771 4630 et
797 4577 1047 4645 protinus
1074 4578 1334 4646 contigue
1365 4576 1582 4632 initium
1612 4577 2047 4633 Cantacuzenia-

469 4685 551 4724 ιω
601 4670 856 4725 Historia
913 4670 1004 4724 lini
1042 4668 1484 4742 Pacbytnerianze
1511 4673 1906 4728 committatur.
1955 4673 2049 4728 ln-

465 4764 625 4816 choat
669 4761 1090 4816 Cantacusenus
1159 4762 1532 4818 narrationem
1581 4779 1738 4818 suam
1787 4780 1816 4818 a
1873 4777 2050 4820 morte

464 4855 814 4918 imperatoris
840 4855 1121 4912 Michaelis
1162 4857 1384 4910 secundi
1422 4856 1731 4924 Palmolngi,
1764 4873 1924 4925 quem
1959 4873 2052 4912 ne-

462 4963 644 5021 potem
693 4953 891 5021 prioris
959 4951 1244 5008 Michaelis
1291 4954 1639 5009 Andronicus
1697 4954 1884 5008 senior
1942 4955 2046 5008 Mi-

461 5046 670 5100 chaelis
706 5047 865 5113 primi
906 5045 1076 5112 ﬁlius,
1133 5047 1358 5102 secundi
1408 5058 1582 5116 pater,
1621 5048 2044 5118 primogenitnnt

459 5152 616 5190 suum
643 5137 856 5207 imperii
893 5139 1160 5210 collegam
1193 5140 1402 5196 habuit.
1439 5139 1594 5194 linnc
1617 5139 2045 5199 Cantacuzenns

459 5229 639 5298 primo
670 5231 852 5285 statim
893 5232 1018 5286 libri
1052 5234 1211 5301 primi
1247 5235 1426 5304 capite
1453 5235 1597 5289 diem
1633 5251 1792 5290 suum
1837 5236 2044 5291 obiisse

455 5321 861 5380 Thessalonica:
906 5325 1124 5389 SCribit,
1186 5327 1385 5399 Τρίτον
1435 5329 1574 5397 πρὸς
1617 5327 2044 5398 τεσσαράκοντα

453 5415 650 5483 χρόνον
682 5415 889 5483 ἄγοντα
920 5417 1022 5485 τῆς
1052 5417 1293 5488 ἡλικίας,
1321 5417 1475 5482 ἔτους
1503 5419 1730 5474 ὲννάτου
1762 5419 1902 5490 πρὸς
1925 5422 2042 5483 τοῖς

453 5512 627 5559 εἰκοσι
657 5510 752 5562 καὶ
782 5510 1133 5572 ὀκτακοσίοις
1167 5510 1264 5563 καὶ
1299 5510 1712 5581 ἑξακισχιλίοις,
1753 5513 2036 5584 δωδεκάτῃ

455 5599 626 5668 μηνὸς
673 5601 1031 5670 Ὀκτωϐρίου,
1285 5603 1472 5674 ἡμέρᾳ
1513 5606 1706 5675 πρώτῃ
1752 5604 1851 5674 τῆς
1886 5605 2039 5656 ἑϐδο-

454 5694 644 5762 μάδος.
686 5692 923 5748 Tertium
962 5705 1013 5748 et
1058 5696 1522 5766 quadragesimum
1557 5714 1753 5751 annum
1801 5710 2040 5766 agentem

450 5784 648 5851 a’tatir,
679 5786 807 5842 anni
846 5788 969 5844 noni
1000 5799 1048 5845 et
1088 5789 1322 5846 vicesimi
1346 5805 1512 5858 supra
1543 5790 2037 5860 octingentesimum

2156 4574 2224 4628 ab
2277 4575 2520 4631 exordiis
2571 4577 2697 4632 belli
2731 4577 3204 4646 PcIOpOum-siaci,
3242 4594 3365 4648 quae
3420 4585 3745 4647 competunt

2154 4682 2299 4722 anno
2343 4669 2551 4737 periodi
2581 4669 2812 4724 Juliana:
2841 4669 3005 4735 4⁸285,
3039 4669 3155 4726 hate
3185 4671 3238 4725 in
3268 4669 3558 4725 Platmensi
3585 4671 3742 4726 clade

2155 4758 2444 4815 Persarum
2485 4761 2766 4816 Mardonin
2814 4765 2951 4816 duce
2983 4775 3037 4817 et
3085 4762 3194 4818 line
3221 4763 3348 4817 belli
3379 4763 3574 4819 Medici
3611 4764 3745 4817 deli-

2153 4852 2284 4916 ciat,
2341 4867 2486 4907 anno
2511 4853 2722 4922 periodi
2744 4853 2990 4913 Julianus
3023 4853 3185 4920 4255,
3237 4854 3530 4910 intervallo
3557 4853 3738 4909 medio

2153 4944 2297 4999 inter
2330 4950 2595 5016 eporham
2645 4955 2936 5015 utramque
2978 4963 3249 5004 annorum
3289 4947 3375 5002 58.

2673 5075 2842 5146 779
2877 5075 3109 5132 CAPUT
3140 5075 3205 5132 tt.

2148 5188 2374 5243 Joannis
2422 5187 2574 5241 Vacci
2606 5189 2792 5257 ejectio
2824 5207 2851 5243 e
2873 5191 3271 5258 patriarchalu,
3307 5191 3586 5256 exsilium,
3615 5207 3734 5245 car-

2221 5275 2327 5325 cer,
2375 5263 2547 5313 obitus
2583 5265 2693 5312 suis
2742 5276 2897 5313 unm:
2931 5264 3322 5330 assignantur;
3368 5273 3570 5329 tempus
3603 5263 3733 5328 deﬁ-

2222 5331 2368 5384 nitur
2400 5333 2619 5384 secundi
2679 5335 3088 5398 patriarchatus
3133 5333 3376 5402 Gregorii
3403 5331 3611 5402 Cyprii.
3645 5336 3733 5385 de-

2223 5404 2379 5472 niqns
2422 5403 2620 5470 prioris
2659 5419 2865 5472 quoque
2894 5405 3301 5471 patriarcltatus
3329 5403 3637 5458 Athanasii.

2218 5515 2259 5573 Ι.
2292 5516 2412 5572 Jam
2465 5517 2840 5574 demonstravi
2883 5519 3014 5588 (vol.
3043 5518 3084 5586 I,
3120 5534 3176 5590 p.
3212 5519 3336 5590 755)
3363 5519 3590 5576 Joannis
3618 5519 3728 5574 ele-

2144 5605 2382 5662 ctionem
2449 5606 2503 5660 in
2563 5608 2993 5677 patriarchatum
3061 5609 3724 5680 Constantinopolitanum

2144 5699 2443 5768 contigisse
2486 5700 2575 5756 die
2614 5701 2686 5757 25
2730 5703 2940 5760 mensis
2986 5703 3111 5758 Maii
3147 5718 3291 5760 anno
3321 5704 3527 5759 Christi
3566 5703 3722 5766 r275,

2145 5791 2618 5861 inaugurationem
2691 5811 2820 5852 vero
2879 5797 3125 5868 ejusdem
3179 5797 3379 5855 factam
3449 5793 3722 5852 Dominica
