4036 6386
299 333 406 398 837

1613 325 2296 392 CHRONOLOGICUS.

3467 329 3576 395 838

303 451 655 504 Pentecostcs
684 464 840 520 ;qute
879 447 1075 504 incidit
1104 447 1197 504 illo
1225 461 1368 502 anno
1401 446 1454 500 in
1504 446 1646 502 diem
1698 443 1894 502 secun-
1924 451 1970 504 Α
1997 451 2181 500 statim
2247 465 2272 500 a
2337 447 2494 504 Vecci
2548 447 2895 504 revocatione
2951 445 3482 516 Constantinopolim
3539 463 3574 503 θ

303 544 426 596 dam
470 539 637 595 Junii.
686 541 761 595 De
814 541 978 610 hujus
1028 556 1060 594 c
1114 541 1313 594 throno
1363 539 1668 605 dejcCIionc
1700 546 1891 593 narrat

303 645 491 690 noster
531 635 633 688 hoc
685 644 836 688 torno
866 634 1132 698 secundo,
1165 647 1220 702 p.
1253 633 1342 697 19,
1379 629 1612 686 Vcccum
1644 630 1891 685 animad-

304 743 460 782 versa
493 729 796 782 mutatione
845 743 1027 781 rerum
1067 737 1124 781 et
1168 726 1532 797 propensione
1563 729 1687 782 novi
1740 727 1893 796 prin-

306 822 448 891 cipis
484 821 550 875 ad
585 822 984 874 restituendum
1044 821 1308 886 schisma,
1349 821 1436 874 cui
1479 821 1747 875 obsistere
1795 835 1892 874 nc-

304 916 507 983 quiret,
540 914 684 966 ultro
720 912 870 967 abire
895 913 1228 980 patriarchio
1254 923 1504 983 paratum
1536 925 1888 982 exspectasse

307 1019 486 1060 tamen
515 1005 642 1058 dum
671 1020 702 1058 a
751 1004 1078 1060 satellitibus
1113 1005 1180 1058 ab
1216 1005 1547 1074 imperatore
1579 1007 1761 1059 missis
1795 1006 1890 1060 ab-

305 1099 636 1164 duceretur;
691 1112 832 1167 quos
879 1096 1060 1152 libens
1105 1108 1326 1152 secutus
1373 1108 1460 1152 est
1513 1114 1655 1151 anno
1691 1097 1808 1165 ipso
1835 1107 1888 1151 et

305 1203 494 1244 mense
531 1203 641 1260 quo
679 1195 799 1242 erat
837 1198 1088 1243 mortuus
1129 1187 1381 1252 Michael,
1429 1189 1729 1243 CODC‘Ol‘tiiiP
1764 1204 1885 1240 enm

307 1280 520 1337 Latinis
571 1291 765 1336 auctor
801 1289 856 1335 et
902 1295 1078 1349 usque
1129 1279 1196 1334 ad
1249 1280 1454 1336 obitum
1511 1281 1788 1334 defensor.
1831 1281 1888 1334 id

305 1385 518 1442 gestum
552 1374 811 1442 postridie
864 1373 1074 1427 Natalis
1122 1372 1335 1428 Domini
1372 1375 1535 1428 tradit
1565 1373 1765 1428 ibidem
1805 1373 1887 1428 hi-

306 1467 569 1520 storicus.
628 1465 940 1520 Decembris
998 1465 1167 1535 igitur
1223 1465 1314 1521 die
1360 1465 1430 1520 26
1485 1482 1628 1520 anno
1683 1465 1885 1520 Christi

310 1556 453 1610 1282
517 1557 682 1611 desiit
740 1557 947 1612 Veccus
1014 1573 1074 1612 se
1141 1573 1238 1624 pro
1301 1557 1608 1626 patriarcha
1674 1573 1885 1627 gerere.

305 1650 490 1714 Quare
555 1659 762 1719 septem
829 1649 1021 1704 Solidis
1085 1650 1242 1705 anuis
1306 1660 1359 1704 et
1401 1652 1620 1705 totidem
1658 1651 1884 1720 integris

306 1741 594 1798 mensibus
660 1741 712 1795 in
767 1741 886 1810 ejus
930 1742 1213 1810 dignitatis
1267 1744 1612 1813 possessione
1674 1743 1885 1798 Veccus

303 1835 566 1902 perstitit.
609 1833 700 1889 Sic
733 1834 897 1905 igitur
933 1834 1280 1903 intelligenda
1337 1847 1465 1888 sunt
1502 1835 1588 1889 illa
1634 1834 1884 1907 Gregorii

302 1927 489 1998 Cyprii
544 1928 708 1981 verba
749 1929 816 1982 de
874 1925 1050 1982 chco
1105 1929 1174 1981 ab
1228 1928 1309 1982 lll.
1347 1927 1528 1983 Leone
1558 1929 1756 1985 Allatio
1789 1933 1885 1998 de.

303 2019 507 2089 scripta
535 2021 640 2072 col.
678 2019 780 2072 766
812 2019 993 2089 operis
1016 2021 1080 2074 de
1111 2019 1268 2090 Perp.
1303 2019 1468 2076 Cous.
1493 2040 1506 2075 :
1530 2021 1676 2092 Πλὴν
1700 1997 1888 2088 ὅγδόον

305 2114 407 2181 μὲν
429 2113 506 2182 τῷ
530 2112 686 2182 κακῷ
715 2113 839 2166 τόδε
892 2113 1080 2182 σχεδὸν
1121 2113 1320 2184 ἠνύετο
1355 2113 1504 2176 ἔτος·
1548 2117 1604 2179 ὲς
1629 2117 1888 2170 τοσοῦτον

299 2207 366 2272 δὴ
397 2207 648 2268 κάκεῖνος
675 2205 767 2258 τὸν
795 2206 1195 2276 πατριαρχικὸν
1232 2205 1424 2275 θρόνον
1459 2206 1560 2277 τῆς
1599 2207 1660 2259 οὐ
1707 2207 1886 2276 καλῆς

301 2297 652 2366 ἐπικαρπίας
699 2291 846 2366 εἶχεν
876 2297 1184 2367 ὲνίδρυσινο
1225 2309 1281 2351 ιιι
1335 2315 1442 2352 non
1499 2300 1660 2369 plane
1701 2300 1887 2356 absol-

297 2387 443 2439 verit
485 2385 689 2440 Vcccus
725 2386 776 2438 in
819 2387 1190 2456 patriarchatu
1238 2397 1492 2442 oetavum
1526 2403 1756 2456 annum,
1787 2391 1886 2444 sed

299 2479 348 2533 is
388 2481 441 2532 in
481 2495 645 2536 cursu
699 2481 860 2534 fuerit
909 2489 962 2533 et
1011 2478 1218 2548 majore
1265 2497 1331 2534 cx
1371 2494 1524 2551 parte
1554 2493 1882 2549 transactus,

297 2588 424 2626 cum
461 2585 539 2626 est
569 2574 767 2626 throno
797 2573 1064 2637 deiectus.

375 2662 446 2718 ll.
485 2663 670 2726 Docet.
701 2680 756 2734 p.
788 2664 877 2732 19,
920 2663 1280 2737 Parbymeres
1322 2665 1622 2738 Josephum
1657 2668 1744 2725 die
1781 2669 1884 2724 De—

298 2756 541 2812 cembris
593 2758 870 2812 tricesima
899 2799 914 2822 ,
957 2759 1147 2814 eodem
1203 2776 1369 2823 anno,
1409 2760 1607 2815 iterum
1657 2761 1710 2815 in
1741 2763 1884 2816 aedes

299 2847 693 2915 patriarchales
741 2860 1102 2918 reportatum.
1139 2849 1362 2905 Ostendi
1412 2851 1522 2905 vol.
1569 2851 1612 2915 ι,
1668 2867 1720 2920 p.
1755 2852 1881 2918 732,

296 2939 602 3008 Josephum
661 2954 692 2996 e
747 2941 1084 3008 patriarchio
1134 2943 1436 2998 secessisse
1470 2942 1557 2997 die
1598 2944 1882 2998 ttudecima

298 3033 545 3087 Januarii
582 3049 728 3098 anno
769 3033 972 3089 Christi
1011 3035 1173 3089 1274.
1203 3037 1374 3090 Annis
1406 3036 1571 3106 igitur
1601 3045 1750 3102 otto,
1785 3037 1884 3090 tui-

1996 539 2172 595 Prusa
2223 551 2308 594 est
2363 541 2568 604 habita,
2607 542 2752 596 unde
2796 540 3222 608 intelligerentus
3253 554 3361 608 quo
3391 555 3582 595 mense

1994 633 2136 692 talis,
2177 635 2230 688 in
2290 637 2476 688 urbem
2528 633 2689 689 Vccci
2739 634 2945 688 reditus
2978 633 3288 703 contigerit.
3328 631 3458 694 Sed.
3514 643 3575 686 ttt

1991 726 2248 780 observat
2293 726 2646 796 Spondanus.
2703 728 2892 782 titulus
2947 725 3159 796 synodi,
3200 724 3252 776 in
3290 739 3398 793 quo
3439 734 3576 777 tetu-

1993 835 2094 888 pus
2112 817 2228 885 ejus
2257 829 2311 873 et
2337 819 2486 873 locus
2513 819 2881 874 verisimiliter
2910 827 3093 871 notata
3120 816 3356 881 inierant,
3379 832 3581 886 magna-

1990 927 2056 966 ex
2101 921 2259 977 parte
2287 910 2576 965 obliterata
2609 910 2661 964 in
2687 927 2752 965 eo
2784 910 2969 965 codice
3009 910 3179 964 fuere.

2061 1001 2151 1058 IV.
2184 1001 2374 1055 Restat
2396 1017 2526 1072 ergo
2568 1004 2651 1057 via
2682 1002 2840 1058 unica
2895 1001 3185 1070 indagandi
3217 1001 3341 1055 ﬁnis
3366 999 3576 1064 exsilii,

1991 1093 2133 1163 quod
2170 1093 2379 1149 Veccus
2409 1095 2550 1166 apud
2578 1094 2764 1149 urbem
2798 1095 3023 1149 Prusatn
3059 1094 3301 1165 pertulit.
3333 1109 3398 1148 ex
3429 1095 3576 1148 serie

1992 1203 2172 1244 rerum
2197 1204 2314 1255 quzc
2347 1189 2492 1242 inter
2522 1189 2642 1258 ejus
2671 1187 3050 1242 abducuouem
3081 1187 3206 1241 illuc
3229 1197 3282 1242 et
3302 1185 3572 1257 postlimi-

1992 1281 2084 1334 nio
2114 1281 2500 1336 retractioncm
2552 1281 2915 1335 intervenisse
2952 1281 3018 1333 ab
3052 1281 3319 1335 historico
3379 1288 3573 1334 nostro

1990 1384 2390 1428 nietnorautnr.
2424 1375 2563 1428 Sunt
2601 1391 2678 1428 etc
2703 1389 2852 1429 mors
2882 1374 3130 1442 Joscphi,
3161 1391 3211 1429 ο.
3248 1375 3336 1431 15.
3360 1375 3573 1430 evectio

1991 1467 2043 1521 in
2080 1467 2509 1534 patriarchatum
2532 1467 2748 1538 Georgii
2774 1468 2886 1521 sive
2910 1466 3155 1536 Gregorii
3189 1466 3393 1536 Cyprii,
3427 1483 3475 1521 c.
3505 1467 3581 1520 H-

1991 1568 2046 1613 et
2081 1558 2170 1620 15,
2203 1557 2466 1627 profectio
2505 1557 2855 1625 imperatoris
2891 1557 2943 1611 in
2977 1556 3280 1620 Orientem,
3315 1573 3365 1612 e.
3399 1557 3489 1622 2t,
3517 1566 3570 1610 et

1989 1654 2375 1705 eouventioncs
2414 1649 2714 1721 Adramytii
2751 1665 2847 1719 per
2900 1650 3075 1720 ignem
3110 1651 3305 1705 habita:
3331 1650 3574 1706 Sabbato

1991 1747 2110 1814 ipso
2141 1753 2329 1799 sancto
2364 1743 2532 1814 pridie
2580 1743 2819 1799 Pasehre.
2854 1755 2908 1794 ut
2941 1759 2991 1811 p.
3029 1743 3098 1798 6‘2
3138 1759 3397 1809 expresso
3429 1745 3571 1798 diei-

1993 1850 2104 1893 tur.
2130 1837 2256 1890 Fuit
2285 1837 2374 1891 hic
2409 1851 2582 1890 annus
2612 1837 2815 1890 Christi
2846 1835 2982 1890 l285
3018 1835 3068 1890 in
3103 1837 3321 1905 periodo
3356 1834 3512 1889 Julia:
3540 1851 3570 1889 a

1990 1931 2152 1986 5996.
2195 1928 2515 1983 Numeravit
2561 1927 2773 1997 cyclum
2810 1927 2942 1980 solis
2971 1928 3026 1991 4,
3081 1927 3220 1981 lunm
3265 1939 3443 1982 autem
3480 1929 3571 1996 lt,

1991 2022 2081 2085 qui
2105 2017 2312 2072 Pascha
2333 2019 2619 2086 assignant
2646 2018 2844 2087 Aprilis
2871 2018 2956 2073 18.
2984 2017 3108 2072 Fuit
3139 2034 3268 2087 ergo
3298 2019 3436 2082 dies,
3463 2036 3568 2088 qua

1987 2112 2421 2167 Arseuianorum
2464 2120 2518 2166 et
2575 2110 3154 2166 Auti-Arsenianornm
3217 2124 3574 2182 utrorumque

1989 2219 2058 2260 ex
2084 2219 2238 2272 requo
2264 2204 2763 2268 schismatieorum,
2787 2204 2988 2272 scripta
3024 2205 3361 2273 probationis
3387 2209 3563 2276 gratia

1991 2300 2044 2352 lu
2077 2299 2252 2368 ignem
2286 2297 2484 2365 iujecm
2533 2299 2740 2367 pariter
2775 2309 3054 2363 arserunt,
3089 2300 3298 2354 decima
3337 2301 3572 2369 septima

1988 2393 2195 2447 mensis
2237 2392 2457 2463 Aprilis,
2495 2406 2657 2461 quem
2685 2403 2740 2446 et
2769 2391 3068 2447 Sabbatutu
3105 2393 3271 2450 fuisse
3305 2395 3581 2465 Oportuit,

1987 2485 2250 2554 quoniam
2299 2484 2334 2538 4
2367 2485 2504 2554 cyrli
2538 2483 2734 2538 solaris
2773 2501 2950 2538 annus
2989 2484 3230 2540 litteram
3283 2486 3583 2541 Dom-iniens

1989 2576 2223 2631 indicem
2275 2575 2439 2630 habet
2481 2574 2544 2637 C,
2579 2588 2700 2644 qua!
2733 2575 2980 2630 cernitur
3010 2577 3061 2628 in
3089 2575 3420 2629 Kalendario
3469 2593 3574 2630 no-

1990 2679 2105 2724 tata
2134 2671 2199 2722 ad
2225 2670 2366 2723 diem
2401 2677 2721 2736 sequentem
2755 2677 3001 2722 octavam
3034 2667 3298 2722 decimam
3329 2668 3582 2736 ejusdem-

1988 2761 2212 2831 Aprilis.
2246 2758 2622 2814 Memorantur
2647 2757 2773 2812 inde
2802 2767 3077 2813 ostentum
3113 2758 3310 2826 pluvia:
3350 2761 3572 2828 sangui-

1991 2869 2106 2907 nea:
2150 2867 2336 2907 mense
2367 2850 2511 2906 Maio
2544 2867 2597 2922 p.
2639 2851 2730 2918 54,
2765 2851 3040 2922 expeditio
3075 2851 3482 2921 protovestiarii
3515 2853 3567 2905 in

1990 2945 2261 3002 Occiduos
2321 2952 2532 2998 tractus
2573 2958 2626 2998 c.
2678 2943 2772 3006 25,
2803 2943 3081 3000 exercitus
3131 2954 3342 3012 strages
3385 2960 3448 2999 ex
3483 2944 3573 2999 lne

1990 3048 2043 3090 et
2095 3038 2246 3090 ducis
2295 3036 2464 3103 ipsius
2509 3036 2912 3105 protovestiarii
2956 3051 3122 3100 mors,
3157 3051 3206 3091 c.
3245 3036 3337 3100 27,
3371 3051 3571 3091 Consc-

300 3141 405 3175 nus
436 3124 726 3179 duodecim
765 3126 980 3192 diebus,
1031 3137 1185 3180 extra
1219 3127 1479 3195 palatium
1514 3131 1885 3197 patriarchale
1913 3131 1956 3193 C
1991 3129 2130 3186 crati
2158 3131 2317 3199 panis
2365 3129 2416 3182 in
2477 3145 2632 3184 sacra
2667 3129 2865 3200 pyxide
2912 3127 3257 3198 deprehensa
3296 3132 3574 3198 t'or-Itptio

295 3233 423 3268 cum
458 3218 724 3285 privatam
778 3217 984 3288 egissﬂ
1020 3219 1208 3282 vitam,
1244 3219 1296 3273 in
1333 3219 1382 3273 id
1415 3230 1496 3276 est
1524 3221 1700 3276 denuo
1732 3224 1884 3276 rein--

298 3300 426 3362 lusa
483 3307 556 3362 lbi
617 3325 722 3362 non
809 3310 936 3365 totis
1009 3310 1225 3366 duobus
1288 3313 1568 3367 mensibus
1643 3315 1880 3384 patriar-

293 3404 457 3454 t-ham
507 3403 634 3471 egit.
686 3401 822 3454 Nam
876 3401 1108 3456 atlirmat
1165 3400 1228 3474 [P
1263 3401 1392 3475 564]
1447 3417 1654 3472 noster,
1682 3422 1735 3475 p.
1789 3408 1879 3474 38,

294 3503 572 3552 mortuum
633 3491 801 3568 fuisse
855 3491 1036 3553 illum.
1069 3495 1294 3551 ineunte
1333 3495 1528 3551 Martio
1581 3500 1708 3554 anni
1760 3501 1880 3556 sine

291 3585 466 3638 dubio
505 3583 660 3639 l283.
699 3583 920 3638 Dixerat
954 3594 1137 3639 autem
1187 3587 1364 3654 capite
1402 3591 1724 3657 praecedenti
1755 3608 1879 3648 eum

292 3677 492 3729 morbo
524 3686 575 3730 et
609 3677 766 3731 senio
793 3687 1074 3746 gravatum
1105 3679 1264 3746 paulo
1289 3687 1414 3732 ante
1448 3681 1877 3747 patriarchatum

290 3769 608 3830 abdicasse,
647 3768 804 3838 cujus
834 3768 1198 3825 abdicationis
1245 3771 1506 3834 scriptum
1540 3772 1640 3826 rite
1679 3773 1881 3830 forma-

296 3871 414 3912 tum
445 3857 726 3928 prodierit.
763 3857 1019 3928 Oportuit
1046 3859 1097 3914 id
1127 3859 1330 3916 factum
1361 3877 1546 3918 mense
1579 3863 1877 3921 Februario

288 3953 537 4018 ejusdem
595 3953 746 4007 anni.
798 3951 977 4020 Quare
1035 3955 1255 4009 brevior
1302 3954 1550 4010 bimestri
1602 3961 1877 4015 secundus

285 4045 513 4112 Josephi
546 4045 952 4115 patriarchatus
981 4045 1104 4110 fuit,
1157 4062 1317 4116 quem
1356 4047 1481 4102 vitae
1533 4047 1654 4102 linis
1681 4061 1765 4106 est
1791 4066 1880 4106 se-

281 4148 454 4192 Cttltls
489 4153 790 4206 paucorum
835 4137 1045 4192 dierum
1079 4137 1387 4194 intervallo.

365 4228 454 4283 lll.
509 4230 588 4282 Ad
625 4227 856 4282 Veccum
919 4231 1228 4284 redeamus.
1289 4229 1340 4285 ls
1395 4247 1582 4287 mense
1614 4229 1874 4289 Januario

286 4321 422 4376 anni
451 4320 588 4375 1285
620 4322 786 4376 variis
811 4322 1295 4378 schismaticorum
1327 4326 1639 4396 exagitatus
1671 4329 1876 4383 calum-

287 4415 424 4475 niis,
459 4415 681 4484 etquod
733 4429 783 4468 c.
824 4415 890 4468 10
938 4426 1210 4479 narratur,
1246 4418 1444 4473 citatus
1489 4420 1553 4473 ad
1585 4423 1871 4491 synodum,

287 4513 446 4567 brevi
474 4521 594 4580 post
637 4511 705 4564 ab
757 4511 1089 4581 imperatore
1121 4513 1351 4567 Prusam
1385 4515 1680 4586 relegatur.
1711 4517 1878 4588 780

288 4603 464 4657 Docet
488 4601 539 4654 id
575 4609 765 4656 noster
799 4616 851 4655 c.
897 4600 984 4664 11,
1020 4611 1231 4670 tempus
1263 4618 1368 4656 non
1403 4605 1714 4674 exprimens
1742 4608 1876 4663 :sed

284 4693 567 4763 colligitur
603 4708 667 4747 ex
705 4693 851 4748 serie
906 4703 1151 4747 actorum
1190 4691 1243 4746 id
1277 4702 1457 4748 actum
1501 4697 1604 4750 sub
1648 4696 1867 4753 initium

284 4785 601 4841 Februarii.
650 4783 950 4838 Revoratio
984 4783 1146 4839 Vecci
1199 4798 1230 4835 e
1283 4783 1455 4840 l’rusa
1511 4786 1561 4843 iu
1594 4787 1784 4843 urbem
1821 4804 1872 4845 c.

287 4879 414 4935 libri
451 4878 697 4947 ejusdem
729 4877 890 4947 pritui
927 4877 997 4949 54
1037 4877 1293 4935 refertur.
1333 4880 1440 4934 Sed
1493 4879 1618 4950 ejus
1658 4892 1876 4952 tempus

286 4970 642 5023 divinandum
678 4977 780 5023 est.
839 4969 896 5022 Si
950 4968 1121 5024 codex
1176 4970 1438 5038 antiquus
1489 4987 1555 5028 ex
1603 4987 1709 5042 quo
1757 4972 1877 5029 Sir-

287 5062 522 5116 mondus
559 5069 744 5117 uoster
791 5063 926 5116 Acta
979 5063 1420 5132 pseudosynodi,
1477 5079 1581 5134 qua
1615 5076 1696 5120 est
1750 5076 1876 5134 post

284 5154 624 5220 colloquium
659 5139 839 5223 capite
889 5153 1047 5220 hujus
1091 5153 1262 5208 libril
1299 5155 1400 5216 55.
1442 5158 1667 5214 relatum
1719 5162 1873 5216 dam‘

287 5256 452 5301 natus
490 5244 718 5310 Vercus,
764 5261 994 5318 quorum
1037 5247 1297 5301 Actorum
1359 5253 1666 5321 apographa
1723 5255 1874 5310 misit

285 5344 356 5396 ad
399 5340 690 5395 lleuricum
725 5339 1074 5409 Spondanum
1111 5348 1165 5392 et
1199 5341 1264 5393 ad
1300 5339 1591 5398 0dorieum
1634 5345 1872 5416 Raynal-

286 5437 416 5489 dum
467 5436 884 5489 continuatores
934 5433 1226 5487 Annalium
1273 5434 1516 5501 Baronii,
1552 5447 1612 5492 ut
1652 5439 1871 5498 illorum

284 5534 522 5594 uterque
565 5535 818 5591 testatur,
873 5525 1023 5594 prior
1069 5541 1211 5582 anno
1242 5527 1451 5583 Christi
1488 5529 1652 5597 1285,
1687 5548 1741 5588 n.
1777 5535 1868 5601 10,

280 5618 563 5689 posterior
605 5633 696 5672 an.
749 5632 867 5687 seq.
895 5633 950 5670 ιι.
984 5618 1076 5682 48,
1106 5648 1173 5660 -—
1195 5619 1240 5674 si
1268 5621 1464 5686 codex,
1505 5623 1749 5692 inquam,
1780 5626 1870 5684 ille

278 5713 496 5779 integer
545 5708 761 5776 luisset,
799 5709 1128 5765 haberemus
1159 5726 1224 5764 cx
1257 5726 1324 5766 eo
1355 5722 1591 5783 tempus,
1629 5717 1732 5774 hoc
1783 5730 1870 5775 est

279 5807 429 5860 diem
488 5813 543 5860 et
609 5819 877 5868 mensem,
932 5802 1223 5860 celebrata:
1275 5805 1432 5861 istius
1485 5812 1702 5878 synodi,
1750 5828 1870 5883 qua:

1993 3223 2273 3276 Dominica
2318 3221 2513 3292 Tyriae
2549 3231 2763 3285 vocata,
2797 3237 2847 3275 c.
2887 3220 2980 3285 ‘28,
3013 3222 3123 3286 ubi,
3167 3238 3221 3290 p.
3254 3220 3340 3285 79,
3367 3223 3574 3278 diserte

1989 3317 2224 3372 traditur
2280 3331 2399 3372 eam
2459 3316 2780 3385 particulam
2843 3314 3202 3384 putrefactam
3254 3316 3426 3370 fuisse
3459 3317 3573 3370 illic

1985 3411 2289 3480 depositam
2323 3423 2465 3464 anno
2490 3407 2756 3474 saperiori
2806 3407 2945 3463 feria
2978 3417 3172 3476 quarta
3207 3406 3568 3461 hebdomadas

1987 3502 2230 3571 majoris.
2264 3499 2456 3554 Annus
2483 3501 2571 3554 ille
2593 3499 2846 3569 superior
2884 3500 3002 3554 sine
3037 3498 3200 3552 dubio
3231 3498 3328 3552 fuit
3367 3498 3570 3554 Christi

1985 3593 2145 3660 1285,
2178 3609 2284 3662 quo
2333 3608 2478 3657 cum,
2539 3603 2596 3645 ut
2643 3591 2903 3657 diximus,
2954 3590 3161 3644 Pascha
3213 3589 3465 3644 inciderit
3515 3591 3570 3644 in

1984 3688 2126 3741 diem
2163 3687 2230 3740 18
2259 3685 2484 3757 Aprilis,
2524 3684 2654 3738 feria
2693 3691 2887 3752 quarta
2941 3680 3164 3747 majoris
3217 3680 3570 3734 hebdomada:

1983 3783 2146 3837 fuerit
2176 3781 2402 3837 omnino
2432 3780 2498 3834 1-1
2523 3776 2765 3846 ejusdem
2799 3776 3028 3832 mensis.
3051 3776 3238 3828 Annus
3270 3784 3388 3843 post
3422 3775 3570 3828 hunc

1981 3892 2218 3946 sequens
2247 3875 2452 3933 Christi
2504 3871 2642 3927 1281
2677 3871 2892 3941 cyclum
2937 3870 3073 3925 solis
3105 3869 3407 3923 numeravit
3445 3869 3477 3921 5
3515 3878 3572 3922 et

1983 3981 2210 4022 aureum
2260 3981 2545 4022 numerum
2582 3963 2672 4017 12.
2742 3962 2837 4016 Hae
2870 3973 3012 4017 uota:
3045 3961 3249 4015 Pascha
3283 3960 3572 4013 conferunt

1983 4059 2040 4115 in
2069 4061 2208 4114 diem
2243 4073 2443 4114 nonum
2473 4057 2696 4126 Aprilis.
2736 4052 2893 4109 Unde
2923 4069 3046 4107 cum
3080 4051 3358 4106 Dominica
3409 4051 3568 4121 Tyri-

1978 4169 2064 4213 ne.
2103 4152 2292 4206 eadem
2328 4165 2451 4204 cum
2483 4163 2545 4203 ea
2578 4161 2740 4216 quam
2775 4161 2873 4200 nos
2914 4145 3246 4198 Dominicam
3289 4142 3569 4212 Quinqua-

1979 4247 2201 4317 gesima:
2231 4255 2515 4302 vocamus,
2552 4240 2646 4294 illo
2687 4254 2832 4293 anno
2859 4238 3133 4293 bissextili
3163 4236 3216 4289 in
3253 4238 3394 4290 dictu
3429 4252 3567 4290 eou-

1978 4339 2188 4394 venerit
2237 4335 2305 4391 19
2362 4331 2670 4398 Februarii,
2719 4345 2828 4399 quo
2865 4344 3050 4384 mense
3082 4328 3389 4396 superioris
3435 4330 3564 4381 anni

1982 4433 2280 4500 relegatum
2333 4426 2558 4480 Prusam
2604 4423 2839 4477 Veccutn
2883 4423 3044 4494 781
3102 4421 3360 4486 vidimus,
3399 4421 3570 4490 liquet

1985 4519 2132 4577 istud
2154 4521 2273 4587 ejus
2323 4517 2577 4573 exsilium
2611 4531 2793 4570 annuo
2818 4515 3129 4570 diuturnius
3163 4514 3354 4578 fuisse,
3395 4514 3568 4583 siqni-

1984 4613 2108 4669 dem
2147 4621 2268 4681 post
2303 4611 2449 4666 illam
2507 4610 2812 4666 consecrati
2873 4609 3033 4677 panis
3083 4607 3326 4674 corrupti
3364 4621 3461 4675 rep
3497 4606 3566 4660 rti

1981 4706 2314 4762 mentionem
2345 4743 2363 4770 ,
2406 4718 2530 4774 qua:
2579 4711 2706 4757 ante
2768 4699 3146 4755 narrationem
3199 4698 3568 4752 revocationis

1981 4794 2168 4860 Vecci,
2202 4797 2474 4857 ordinem.
2524 4803 2581 4848 ut
2622 4800 2872 4863 apparet,
2917 4801 3195 4860 gestarum
3255 4804 3434 4842 rerum
3476 4804 3566 4840 ει·-

1979 4904 2179 4959 quens,
2231 4887 2513 4944 interserit
2572 4884 2904 4946 historicus,
2946 4881 3155 4950 aliquot
3195 4878 3354 4933 facile
3410 4895 3565 4936 meu-

1976 4983 2119 5038 sium
2155 4989 2366 5048 tempus
2392 4977 2751 5047 expleverint,
2783 4989 2982 5043 nempe
3011 4971 3300 5028 debellatio
3333 4969 3568 5041 Scytha-

1977 5091 2121 5138 rum,
2173 5089 2226 5128 c.
2259 5071 2354 5137 29,
2391 5079 2624 5125 conatus
2661 5065 3016 5138 imperatoris
3061 5065 3128 5119 ad
3165 5064 3433 5120 factiones
3463 5062 3566 5118 Ec-

1976 5167 2159 5224 clesiae
2211 5165 2644 5234 componendas,
2695 5177 2747 5217 c.
2777 5160 2898 5226 '30,
2931 5158 3236 5230 reportatio
3280 5158 3334 5214 in
3369 5159 3560 5213 urbem

1977 5260 2335 5330 reliquiarum
2393 5257 2720 5324 patriarchae
2771 5253 3100 5321 Arseuii,c.
3157 5252 3247 5318 3|,
3317 5251 3380 5324 [P
3432 5250 3561 5323 565]

1974 5351 2162 5407 clades
2194 5349 2638 5406 Christianorum
2694 5349 2750 5403 in
2792 5345 2952 5419 Syria
2983 5362 3077 5402 seu
3121 5346 3334 5400 initium
3371 5343 3500 5401 belli
3531 5361 3562 5397 a

1973 5443 2187 5500 sultane
2216 5441 2510 5510 Babylonis
2545 5441 2756 5496 Latinis
2783 5441 3157 5507 Antiochiam,
3195 5437 3459 5508 Tripolim
3507 5445 3562 5489 et

1974 5536 2367 5592 Ptolemaidem
2406 5537 2718 5592 tenentibus
2747 5534 2905 5602 illati,
2952 5534 3108 5603 cujus
3157 5531 3329 5586 secuti
3382 5539 3562 5598 poste-

1977 5633 2093 5686 rius
2129 5630 2304 5686 ultimi
2340 5639 2567 5686 eventus
2591 5644 2624 5684 a
2658 5639 2846 5684 nostro
2881 5642 2977 5697 per
3002 5626 3422 5695 occupationem
3448 5635 3563 5676 me-

1974 5733 2285 5788 morantur,
2325 5737 2377 5779 c.
2421 5722 2514 5786 32,
2543 5723 2780 5794 denique
2811 5719 3110 5777 secundum
3148 5714 3560 5772 matrimonium

1974 5817 2275 5874 Andronici
2331 5815 2702 5888 imperatoris,
2732 5815 2798 5871 de
2829 5830 2935 5884 quo
2983 5827 3038 5867 c.
3088 5810 3177 5864 55.
3213 5808 3306 5865 llis
3345 5808 3561 5865 cunctis
