4036 6398
529 300 656 366 ’839
1431 296 1501 358 P.
1540 291 1840 356 POSSINI
1883 290 2534 352 OBSERVATIONUM
2566 290 2692 351 LIB
2752 289 2869 351 IlI.
3615 291 3710 357 81.0

520 405 946 477 circumspectis,
1005 405 1149 460 haud
1204 413 1410 476 temere
1462 404 1765 458 videbimur
1817 401 2086 454 affirmare
2118 407 2158 460 Α
2189 399 2442 454 Octobris
2483 400 2536 454 in
2571 400 2767 468 templo
2817 399 2920 453 rite
2954 397 3119 452 fuisse
3145 397 3470 456 ordinatum.
3497 396 3722 459 Procedit

519 499 893 550 evocationem
931 494 1088 549 Vecei
1144 496 1309 548 Prusa
1347 493 1666 564 Byzantium
1705 506 1849 544 anno
1883 491 2090 543 Christi
2195 509 2323 561 ergo
2358 493 2506 559 prior
2539 493 2940 561 patriarchatus
2973 490 3251 544 Athanasii
3281 505 3308 543 a
3351 490 3519 556 pridie
3555 491 3719 546 Iduum

525 589 666 644 1284
719 589 865 643 circa
917 603 1157 642 mensem
1203 585 1400 639 Maium
1459 583 1750 637 Juniumve
1779 583 2092 649 contigisse,

525 680 701 750 ipsum
727 693 858 731 vero
891 677 1098 747 synodo
1131 686 1260 728 tunc
1309 674 1492 726 habita
1528 675 1867 733 damnatmn,
1899 671 1965 724 ab
1997 671 2096 723 im-

523 782 774 840 peratore
800 773 1001 824 frustra
1040 767 1128 820 diu
1168 774 1364 820 conato
1389 779 1511 817 eum
1545 764 1612 815 ad
1646 773 1826 832 partes
1853 763 2094 825 trahere,

527 865 581 918 in
621 863 921 916 custodiam
965 861 1105 915 arcis
1162 875 1189 912 a
1253 868 1447 912 sancto
1486 856 1748 923 Gregorio
1803 853 2094 908 nominata:

528 957 806 1020 traditum,
844 956 985 1022 qttod
1016 953 1114 1007 sub
1149 953 1306 1005 linem
1338 967 1386 1004 c.
1420 948 1490 1003 55
1517 949 1677 1004 docet
1709 947 2093 1016 Paehymeres.

529 1048 650 1102 llaec
677 1047 880 1100 faciunt
905 1061 973 1098 ne
1010 1044 1261 1098 assentiri
1289 1041 1489 1112 possim
1518 1040 1750 1094 Henrico
1779 1038 2092 1108 Spondano,

525 1141 650 1194 dum
710 1139 864 1192 Vecci
901 1136 1326 1195 damnationem,
1385 1134 1484 1186 sub
1536 1147 1696 1198 quam
1757 1129 2095 1198 mancipatus

525 1246 605 1288 est
637 1232 876 1297 carceri,
915 1247 1054 1283 anno
1088 1229 1287 1283 Christi
1325 1228 1462 1282 19.85
1497 1226 1704 1280 tribuit.

598 1325 663 1380 γ.
704 1322 949 1378 Perstitit
993 1322 1204 1389 quidem
1244 1319 1448 1372 Vecrus
1481 1334 1650 1386 ttsque
1679 1317 1744 1370 ad
1778 1326 2006 1371 mortem
2039 1315 2090 1369 in

527 1433 588 1471 ea
643 1417 788 1471 arcis
822 1411 1322 1478 San-Gregorianae
1353 1410 1624 1472 custodia,
1657 1409 1750 1462 sed
1782 1407 2096 1462 conditione

529 1524 633 1562 non
686 1522 898 1574 semper
932 1506 1142 1559 eadem.
1187 1503 1320 1557 Nam
1363 1502 1518 1555 initio
1550 1500 1841 1556 durissime
1876 1499 2092 1553 habitus

528 1608 614 1653 est
655 1599 708 1652 itt
754 1613 962 1652 summa
1005 1596 1211 1665 inepia,
1244 1594 1362 1648 sine
1416 1593 1520 1647 ulla
1559 1593 1868 1660 provisione
1905 1606 2095 1645 neces-

529 1694 798 1746 sariorum
826 1691 889 1743 ad
942 1689 1161 1743 victum.
1203 1686 1335 1752 Ejus
1365 1683 1690 1738 incommodi
1718 1685 2090 1737 laxamentum

527 1783 739 1852 aliquod
769 1783 985 1852 quando
1019 1789 1070 1832 et
1095 1779 1365 1848 quomodo
1402 1777 1694 1843 acceperit,
1737 1776 1941 1830 iudicat
1973 1776 2092 1828 obi-

529 1885 611 1928 ter
643 1875 762 1929 loco
814 1888 920 1926 non
969 1886 1072 1926 suo
1133 1869 1513 1940 Pachymeres,
1564 1867 1628 1919 ad
1679 1867 1884 1920 calcem
1934 1867 2093 1920 modo

528 1962 811 2017 memorati
861 1978 911 2016 e.
957 1961 1046 2023 55,
1076 1976 1196 2015 cum
1231 1961 1304 2011 ait
1337 1975 1364 2010 a
1416 1957 1792 2026 proficiscente
1820 1957 1871 2009 in
1900 1955 2096 2010 Orien-

527 2068 636 2108 tcm
675 2055 970 2109 Athanasio
997 2053 1108 2122 jam
1142 2061 1326 2106 creato
1364 2050 1693 2119 patriarcha,
1718 2062 1770 2102 et
1799 2048 1994 2104 fretum
2027 2050 2094 2103 ad

528 2145 910 2214 Helenopolim
960 2141 1291 2210 trajiciente,
1324 2141 1547 2194 missum
1582 2155 1645 2192 ex
1680 2139 1874 2192 itinere
1921 2139 1972 2192 itt
2002 2155 2094 2192 ar-

530 2253 648 2290 cem
682 2237 740 2289 S.
775 2235 1017 2303 Gregorii
1061 2247 1312 2303 magnum
1379 2231 1728 2301 logothetatn,
1793 2230 1882 2299 qui
1919 2230 2095 2286 Vecco

530 2339 748 2386 centum
788 2341 1002 2391 aureos,
1057 2324 1398 2379 Meliteniotaa
1432 2324 1821 2393 quinquaginta
1856 2325 2092 2378 donave-

533 2419 628 2482 rit,
668 2417 960 2472 Metochita
1019 2417 1288 2471 sociorum
1329 2413 1485 2468 Vccci
1534 2414 1706 2467 altero
1761 2415 1869 2480 jam
1937 2425 2095 2466 antra

531 2519 750 2578 propter
788 2507 1036 2561 morbum
1082 2506 1137 2561 in
1169 2507 1386 2560 domum
1429 2506 1698 2573 propriam
1738 2505 1930 2560 relato.
1960 2505 2102 2557 Inve-

530 2603 811 2670 Stigemus,
856 2601 900 2654 si
943 2615 1046 2668 qua
1097 2613 1407 2668 possumus,
1438 2598 1600 2653 istius
1648 2609 1816 2667 gestae
1849 2598 1924 2651 rei
1960 2607 2098 2651 tem.

528 2709 654 2764 pus.
689 2690 964 2746 Successit
996 2689 1256 2758 Gregorio
1285 2688 1484 2760 Cyprio
1537 2689 1590 2743 in
1639 2688 2099 2756 Constantinopo-

531 2783 699 2837 litano
729 2780 1098 2851 patriarchatu
1134 2779 1487 2841 Athanasius,
1515 2793 1613 2832 nec
1643 2779 1825 2832 statim
1859 2794 1922 2833 ac
1958 2779 2100 2832 nullo

540 2876 854 2942 interregno
903 2873 1083 2926 medio
1131 2871 1417 2926 successit.
1454 2870 1690 2924 Primum
1726 2871 1887 2937 igitur
1914 2871 2101 2924 viden-

537 2966 663 3019 dum
701 2962 943 3032 quandiu
994 2962 1288 3029 Gregorius
1333 2962 1388 3015 in
1441 2962 1568 3016 sede
1625 2961 1942 3031 perstiterit,
1989 2971 2099 3015 tum

2195 585 2440 638 Octobris
2488 583 2614 636 anni
2658 598 2776 634 mra:
2817 581 3012 634 Christi
3049 579 3281 648 vulgaris
3314 578 3470 632 1289.

2267 676 2355 728 Vl.
2389 675 2557 730 Paulo
2584 681 2707 728 ante
2734 683 3089 726 memoratam
3123 672 3398 726 Athanasii
3432 671 3722 740 patriarcha:

2198 765 2660 821 transmissionem
2697 765 2819 819 freti
2855 765 2918 818 ad
2960 762 3327 832 Helenopolim
3373 773 3421 817 et
3463 762 3722 832 profectio-

2197 876 2318 914 nem
2371 860 2421 913 in
2472 857 2750 913 Orientem
2806 871 3147 912 communem
3183 855 3258 909 illi
3290 854 3456 909 fuisse
3487 869 3599 907 cum
3629 853 3726 905 An-

2198 951 2421 1008 dronico
2455 950 2781 1017 imperatore
2809 949 2966 1003 docet
2999 957 3184 1000 noster
3210 947 3312 1000 hoc
3338 946 3474 1000 libro
3497 961 3550 1006 tt,
3579 959 3622 998 c.
3652 944 3726 1004 18,

2197 1046 2324 1099 dum
2346 1044 2725 1112 imperatorem
2754 1055 2813 1095 se
2844 1040 3140 1094 contulisse
3176 1037 3520 1110 Nymphaeum
3547 1043 3726 1098 narrat,

2196 1147 2252 1191 et
2281 1152 2345 1191 eo
2379 1137 2568 1189 itinere
2601 1144 2781 1204 partes
2826 1132 3090 1202 Bithynia:
3119 1139 3513 1198 transgressum
3540 1126 3606 1180 ibi
3629 1127 3731 1180 obi~

2198 1237 2280 1281 ter
2311 1227 2488 1297 egisse
2532 1227 2679 1281 circa
2713 1223 3034 1278 Veccum'et
3075 1222 3194 1291 ejus
3224 1220 3424 1283 socios,
3453 1233 3566 1288 quae
3593 1217 3728 1285 paulo

2197 1330 2322 1375 ante
2355 1319 2632 1389 (nimirum
2667 1334 2716 1373 c.
2751 1316 2841 1379 55,
2882 1315 2918 1368 l.
2949 1315 2985 1384 ι)
3022 1329 3081 1368 se
3138 1324 3470 1367 memorasse
3499 1311 3587 1362 ait.
3618 1307 3730 1373 Qui-

2198 1415 2298 1466 hns
2355 1413 2532 1466 verbis
2602 1410 2778 1464 innuit
2836 1408 3113 1462 Athanasii
3166 1406 3382 1476 quidem
3439 1403 3730 1473 patriarcha;

2198 1506 2436 1571 nomine,
2461 1504 2843 1573 imperatorem
2876 1499 3242 1554 Andronicum
3271 1497 3600 1556 comitantis.
3623 1496 3731 1547 tuis-

2197 1615 2315 1653 sutn
2358 1613 2609 1667 magnum
2666 1593 2752 1666 [P.
2802 1592 2926 1664 566]
2979 1592 3309 1661 logothetam
3358 1591 3423 1643 ad
3475 1587 3726 1642 Veccum:

2196 1701 2449 1743 cancrum
2504 1689 2556 1742 id
2603 1697 2774 1741 totum
2809 1700 2929 1739 esse
2979 1693 3161 1738 actum
3198 1683 3458 1737 instinctu
3508 1690 3558 1734 et
3598 1681 3731 1747 jussu

2199 1781 2564 1851 imperatoris.
2595 1779 2704 1834 Nec
2727 1779 2870 1832 enim
2905 1787 3020 1831 erat
3049 1775 3346 1830 verisimile
3377 1772 3731 1844 patriarchaut,

2195 1884 2472 1929 austerum
2501 1871 2771 1924 hominem
2822 1885 2886 1924 ae
2930 1868 3124 1936 ferum,
3152 1876 3346 1931 sponte
3381 1867 3628 1920 initurum
3653 1878 3734 1916 co-

2195 1967 2514 2036 gitatiouem
2545 1962 2706 2033 Vecci
2766 1971 2820 2017 et
2876 1962 3148 2016 sociorum
3191 1959 3334 2027 ejus,
3368 1973 3502 2028 quos
3531 1955 3736 2025 pessime

2199 2040 2389 2112 oderat
2421 2057 2580 2112 homo
2619 2053 2896 2110 schismati
2930 2053 3364 2115 addictissitnns,
3395 2047 3731 2106 sublevando-

2199 2167 2340 2204 rum.
2374 2148 2551 2203 Unum
2597 2149 2685 2202 hic
2733 2147 3027 2216 quamdam
3059 2143 3199 2198 male
3225 2139 3552 2198 eoltaarentis
3580 2147 3629 2192 et
3665 2151 3740 2190 se-

2198 2257 2320 2292 cum
2371 2243 2486 2308 ipsa
2544 2237 2744 2292 collisze
2800 2235 3130 2289 narrationis
3178 2233 3421 2302 speciem
3480 2229 3649 2289 habet,
3679 2225 3740 2277 si-

2199 2335 2416 2402 quidem
2451 2332 2543 2386 iilo
2574 2329 2742 2398 priori
2785 2329 2924 2392 loco,
2956 2341 3008 2394 p.
3049 2327 3172 2389 105,
3199 2326 3435 2379 affirmat
3477 2319 3738 2377 historicus

2201 2441 2454 2494 maguum
2487 2425 2842 2494 logothetam,
2873 2421 2962 2488 qui
2994 2419 3058 2475 ad
3097 2418 3330 2474 Vcccum
3373 2418 3438 2472 ah
3472 2411 3738 2470 Athanasio

2202 2521 2402 2575 missus
2435 2527 2539 2580 est,
2583 2517 2816 2572 nondum
2855 2516 3018 2570 fuisse
3052 2512 3545 2584 protorestiarinm,
3577 2524 3625 2575 p.
3653 2522 3738 2558 att-

2203 2622 2307 2666 tem
2347 2612 2467 2674 153,
2495 2609 2697 2664 diserte
2731 2609 2917 2664 scribit
2948 2606 3321 2662 Andronicum
3362 2605 3736 2673 imperatorem.

2201 2706 2268 2760 iis
2313 2706 2485 2759 obiter
2536 2719 2656 2758 cum
2721 2702 2896 2757 Vecco
2937 2701 3235 2755 transactis
3271 2715 3389 2769 qua;
3440 2695 3591 2768 paulo
3633 2700 3739 2746 ante

2201 2798 2461 2858 diximus,
2502 2795 2852 2865 Nymphaeum
2887 2795 3196 2863 pervenisse
3233 2794 3434 2849 comite
3464 2805 3634 2845 secum
3661 2788 3740 2839 du-

2201 2902 2288 2946 cto
2323 2891 2621 2954 Muzalonc,
2650 2903 2813 2958 super
2843 2888 3120 2954 antiquum
3162 2886 3424 2940 honorem
3472 2881 3636 2951 magni
3673 2878 3740 2931 lo-

2204 2986 2439 3052 gothctm
2469 2998 2605 3037 nova
2636 2979 3038 3052 protovestiarii
3073 2979 3339 3048 dignitate
3363 2978 3624 3031 decorato.
3653 2971 3740 3025 Sed

533 3070 642 3123 quo
677 3053 805 3107 inde
857 3052 1144 3105 intervallo
1198 3051 1459 3107 suffectus
1500 3053 1598 3120 ipsi
1661 3052 1825 3106 fuerit
1857 3051 2098 3106 Athana-

2207 3078 2321 3130 haae
2356 3075 2568 3128 facilem
2605 3073 3044 3128 conciliationem
3083 3071 3312 3135 habent,
3343 3069 3386 3123 si
3420 3070 3620 3122 dicatur
3652 3071 3742 3115 sta-

532 3146 645 3199 sins
683 3183 700 3210 ,
755 3152 1032 3213 postremo
1084 3141 1443 3214 profectionis
1499 3145 1659 3212 hujus
1710 3145 1765 3198 in
1819 3143 2096 3198 Orientem

533 3231 769 3306 tempus.
802 3234 1042 3291 Primum
1096 3236 1237 3308 quod
1271 3238 1487 3301 attinet,
1533 3235 1825 3306 Gregorius
1859 3237 1913 3292 in
1950 3238 2102 3292 abdi-

530 3333 750 3384 catione
782 3327 963 3383 throni
1017 3311 1222 3398 scripto
1276 3344 1554 3397 expressa,
1589 3346 1706 3397 qum
1737 3333 1998 3384 recitatur
2044 3347 2098 3402 p.

535 3422 656 3481 l30.
686 3420 762 3474 ait
792 3435 851 3475 se
885 3434 1056 3474 annos
1099 3429 1194 3474 sex
1227 3429 1281 3474 et
1333 3424 1477 3489 quod
1529 3422 1772 3477 excurrit
1809 3423 1859 3476 iu
1893 3438 2106 3492 posses-

530 3515 683 3566 sione
741 3512 1149 3582 patriarchatus
1191 3513 1535 3582 perdurasse.
1583 3512 1800 3568 Creatio
1837 3515 1997 3583 hujus
2047 3527 2103 3571 et

533 3605 902 3672 inauguratio,
961 3605 1231 3673 capitibus
1277 3604 1402 3658 libri
1457 3607 1656 3674 prioris
1690 3607 1757 3660 M
1791 3615 1844 3660 et
1875 3607 1943 3661 15
1971 3624 2102 3662 nar-

531 3707 676 3758 rata,
717 3697 964 3765 contigit,
995 3705 1053 3749 ut
1086 3696 1195 3750 illic
1223 3695 1494 3759 inanitur,
1523 3698 1681 3768 paulo
1715 3709 1838 3768 post
1871 3699 2096 3769 .losephi

537 3797 765 3842 mortem
795 3826 810 3850 ,
855 3802 1020 3855 quam
1076 3789 1341 3857 superiori
1387 3790 1562 3859 capite
1609 3790 2103 3849 demonstravimus

534 3875 636 3929 sub
681 3875 893 3930 initium
959 3875 1136 3930 Martii
1202 3891 1344 3931 anno
1397 3879 1602 3934 Christi
1656 3880 1795 3935 1285
1829 3885 2101 3938 evenisse.

537 3967 738 4019 Initum
791 3982 953 4037 porro
1006 3983 1033 4020 a
1067 3968 1328 4035 Gregorio
1369 3971 1794 4039 patriarchatnm
1830 3981 1955 4026 ante
1988 3987 2102 4028 nte-

533 4059 680 4112 dittm
716 4061 918 4130 Aprilis
942 4100 956 4126 ,
1007 4061 1153 4130 cogit
1181 4060 1476 4127 allirmare,
1528 4063 1673 4131 quod
1726 4063 2020 4120 historicus
2048 4082 2100 4133 ρ.

533 4153 601 4205 48
631 4159 921 4218 memorat,
967 4152 1103 4207 feria
1131 4153 1241 4222 jam
1276 4163 1389 4207 tum
1446 4156 1682 4209 secunda
1717 4155 1938 4225 majoris
1973 4159 2104 4212 heb-

532 4245 778 4299 domade:
807 4243 976 4298 fuisse
1027 4245 1284 4315 Cyprium
1333 4247 1385 4298 iu
1427 4246 1586 4317 plena
1633 4248 1976 4316 possessione
2006 4264 2105 4317 pa-

535 4334 844 4389 triarcbalis
872 4336 1034 4404 ’182
1058 4339 1362 4404 potestatis.
1391 4337 1512 4391 Fuit
1539 4341 1682 4392 enim
1727 4318 1817 4393 illo
1837 4354 2011 4405 anno,
2043 4349 2101 4393 ut

2207 3169 2326 3230 tim,
2384 3178 2671 3236 postquam
2725 3181 2752 3219 a
2793 3165 3109 3233 praescripta
3155 3162 3262 3217 sibi
3310 3161 3634 3232 profectione
3686 3151 3740 3204 :td

2206 3259 2438 3313 Ver-cum
2493 3257 2704 3312 Muzalo
2737 3257 2952 3312 rediens
3003 3258 3355 3327 imperatorio
3403 3252 3674 3312 eontitatui.
3694 3262 3740 3302 se

2200 3356 2395 3409 iterum
2428 3355 2699 3424 adjunxit,
2727 3355 2794 3408 ab
2835 3354 3077 3423 Augusto
3117 3353 3169 3407 in
3207 3353 3327 3418 ipso
3367 3353 3574 3413 itinere,
3615 3345 3741 3416 prius

2202 3461 2364 3516 quam
2404 3445 2758 3517 Nympharum
2815 3445 3145 3515 perveniret,
3197 3441 3369 3499 fuisse
3415 3438 3734 3510 protovestia-

2204 3536 2345 3590 rium
2396 3535 2726 3590 declaratus.
2785 3533 2927 3588 Nihil
2962 3550 3090 3602 ergo
3146 3549 3327 3591 causa:
3365 3541 3450 3589 est
3499 3547 3592 3586 cur
3620 3522 3741 3582 istttd

2202 3629 2573 3683 laxamentum
2613 3644 2976 3684 aerumnarum
3026 3625 3184 3681 Vecci
3233 3643 3340 3681 non
3391 3627 3454 3680 ad
3485 3621 3606 3677 illttd
3638 3632 3742 3684 per-

2206 3720 2376 3776 tinere
2409 3719 2738 3774 affirmemus
2770 3729 2985 3788 tempus
3016 3732 3122 3786 quo
3159 3717 3511 3772 Andronicus
3535 3729 3597 3769 ex
3630 3710 3742 3764 urbe

2204 3813 2350 3882 regia
2388 3811 2738 3882 Nymplneum
2797 3826 2855 3864 se
2887 3810 3156 3877 contulit,
3189 3821 3356 3878 prout
3408 3809 3446 3864 l.
3499 3822 3557 3870 tt,
3608 3818 3655 3859 c.
3686 3799 3742 3853 1⁸

2203 3913 2556 3959 memoratur.
2596 3901 2998 3973 Explorandnm
3049 3916 3176 3970 ergo
3220 3901 3378 3957 nonis
3424 3888 3521 3954 est
3549 3890 3743 3966 quando

2205 3997 2492 4066 contigerit
2544 3997 2641 4048 ista
2699 3994 2983 4064 profectio.
3034 3992 3232 4046 Narrat
3278 3993 3457 4062 capite
3503 3980 3740 4057 snperiori

2202 4098 2390 4143 noster
2438 4087 2730 4142 historicus
2775 4097 3002 4140 mortem
3059 4084 3452 4153 expatriarchte
3498 4077 3662 4150 Cyprii
3699 4080 3744 4125 et

2204 4180 2350 4233 circa
2407 4179 2525 4248 ejus
2583 4179 2873 4248 sepulturae
2927 4178 3154 4230 formant
3205 4176 3640 4246 praescriptiones
3689 4165 3743 4217 ab

2205 4270 2320 4340 ipso
2363 4271 2602 4340 Augusto
2649 4269 2712 4322 ad
2769 4269 2975 4322 funeris
3017 4269 3178 4338 783
3225 4279 3508 4322 curatores
3552 4266 3742 4318 missas.

2203 4377 2322 4432 quae
2353 4363 2488 4417 satis
2514 4362 2757 4416 indicant
2791 4378 2894 4416 non
2928 4362 3166 4416 abfuisse
3189 4371 3318 4416 tunc
3352 4363 3495 4416 illum
3523 4358 3586 4411 ab
3609 4353 3740 4412 urbe:

531 4430 709 4522 Capite
741 4429 1005 4522 superiori
1021 4430 1394 4522 ostendimus,
1420 4429 1626 4485 Pascha
1653 4432 1741 4487 die
1769 4433 1967 4502 Aprilis
2001 4433 2097 4497 18;
2131 4461 2182 4521 υ
2212 4429 2332 4506 {mm
2382 4453 2423 4505 si
2451 4452 2561 4522 jam
2627 4461 2754 4505 tunc
2811 4452 3272 4521 ρρτρειῑηπθιιπι,
3336 4466 3440 4504 non
3504 4458 3604 4502 tant
3651 4442 3742 4496 cito

535 4518 676 4572 unde
702 4519 925 4587 majoris
952 4519 1298 4572 hebdomada:
1329 4519 1459 4573 feria
1487 4524 1727 4576 secunda
1769 4523 1908 4578 diem
1941 4524 2103 4589 Apri-

537 4611 601 4665 lis
641 4611 708 4664 12
757 4611 1039 4666 insederit.
1098 4612 1216 4678 Quo
1260 4614 1588 4668 anteriorem
1635 4615 2102 4684 inanguratiouem

535 4703 786 4774 Gregorii
843 4704 1002 4758 fateri
1057 4719 1284 4760 necesse
1322 4706 1394 4760 sit
1429 4721 1445 4759 :
1483 4722 1548 4760 ex
1579 4721 1686 4777 qua
1743 4708 1788 4763 si
1841 4723 1936 4763 sex
1977 4708 2100 4762 anni

535 4798 679 4866 pleni
726 4807 783 4852 et
815 4797 1016 4865 aliquid
1051 4807 1310 4866 prasterca
1343 4799 1684 4853 excurrentia
1717 4799 1977 4866 temporis
2007 4817 2106 4854 nu-

536 4901 836 4952 merentur,
873 4890 1206 4958 rcperietnns
1236 4889 1352 4958 ejus
1387 4891 1785 4944 abdicationem
1820 4892 1870 4946 in
1902 4908 2102 4946 annum

534 4980 740 5034 Christi
783 4980 920 5034 1289
950 4988 1072 5047 post
1122 4981 1361 5035 medium
1405 4982 1646 5050 Aprilem
1680 4983 1913 5037 conferri
1947 5000 2107 5053 opor-

539 5081 672 5123 tere.
729 5067 1002 5124 Ponamus
1043 5085 1175 5140 ergo
1209 5072 1336 5126 licet
1367 5072 1762 5128 abdicationem
1814 5075 1995 5145 Cyprii
2050 5087 2107 5130 et

537 5176 812 5214 secessum
845 5162 964 5230 ejus
993 5163 1046 5216 in
1079 5165 1466 5220 monasterium
1506 5165 1756 5222 Aristium
1787 5184 1837 5223 c.
1884 5169 2036 5233 10,1.
2068 5187 2107 5225 tt

539 5263 840 5318 narratum,
894 5271 1080 5310 tnense
1127 5257 1268 5312 Maio
1296 5267 1389 5311 aut
1443 5257 1606 5313 Junio
1657 5261 1782 5315 anni
1817 5263 1975 5316 modo
2003 5277 2109 5316 me-

539 5343 734 5398 morati
785 5359 813 5397 a
861 5343 1084 5402 Christo
1146 5358 1274 5403 nato
1331 5349 1472 5406 1289
1519 5353 1807 5408 accidisse.
1839 5353 1974 5410 Hinc
2001 5356 2108 5410 duo

539 5444 716 5489 tresve
776 5453 988 5494 menses
1040 5439 1293 5496 fluxerint
1343 5443 1394 5496 in
1425 5443 1872 5502 altercationibus
1911 5457 1966 5501 et
1991 5448 2109 5502 dis—

539 5529 924 5595 quisitionihus
983 5547 1012 5585 a
1057 5545 1246 5587 nostro
1280 5535 1543 5589 historico
1613 5537 1794 5591 relatis
1842 5554 1872 5592 a
1926 5541 2108 5608 capite

541 5622 600 5674 11
640 5621 760 5676 libri
785 5639 821 5678 ll
852 5624 917 5679 ad
952 5625 1037 5688 15,
1071 5641 1178 5694 quo
1207 5629 1422 5682 tandem
1469 5631 1726 5685 scribitur
1753 5635 2104 5688 Athanasium

537 5711 652 5784 jam
699 5722 861 5768 antea
907 5715 1139 5770 elcCtum
1196 5719 1557 5787 patriarchatn
1587 5765 1601 5790 ,
1657 5725 1739 5778 die
1781 5725 1846 5780 14
1907 5727 2108 5782 mensis

2206 4541 2429 4611 perferri
2461 4543 2526 4594 ad
2552 4557 2671 4596 eum
2697 4543 2869 4596 nuntii
2904 4545 3093 4596 mortis
3142 4543 3325 4613 Cyprii
3365 4543 3665 4610 potuissent,
3695 4540 3744 4585 ut

2203 4631 2400 4700 exiguo
2426 4631 2515 4686 illo
2551 4634 2746 4699 spatio,
2784 4633 2923 4701 quod
2956 4633 3023 4685 ab
3049 4633 3198 4685 obitu
3230 4632 3298 4686 ad
3338 4633 3498 4686 funus
3521 4631 3740 4682 interest.

2204 4736 2300 4791 per
2326 4723 2545 4776 crebros
2574 4724 2799 4777 subinde
2835 4724 3029 4776 missos
3088 4732 3194 4777 tam
3247 4724 3496 4778 distincte
3553 4720 3744 4773 caveret

2206 4827 2272 4865 ue
2308 4813 2503 4867 modus
2531 4813 2882 4867 excederetnr
2910 4815 3292 4881 scpnlcralium
3322 4813 3516 4884 privati
3538 4803 3744 4864 hominis

2207 4903 2495 4958 honorum.
2532 4903 2662 4959 Erat
2707 4921 2836 4975 ergo
2890 4907 3372 4974 Constantinopoli
3397 4903 3740 4960 Andronicus.

2206 4995 2426 5063 quando
2450 5008 2694 5052 mortutts
2722 5007 2773 5052 et
2801 4998 3045 5066 sepultus
3079 5009 3158 5053 est
3191 5001 3449 5069 Cyprius;
3485 5009 3536 5052 et
3564 4996 3744 5063 primus

2208 5097 2324 5154 post
2349 5087 2508 5140 istmn
2535 5089 2788 5156 notabilis
2815 5102 3044 5142 eventus
3075 5089 3237 5143 fuerit
3285 5092 3551 5146 discessus
3596 5089 3744 5148 impe-

2211 5179 2408 5232 ratoris
2441 5177 2680 5246 ejusdem
2714 5194 2778 5232 ex
2813 5180 2969 5244 urbe,
3022 5191 3306 5249 propterea
3367 5177 3600 5248 sequenti
3635 5183 3742 5227 mox

2207 5268 2384 5338 capite
2406 5285 2435 5323 a
2461 5269 2792 5338 Pacbymere
2825 5280 3098 5340 narratus.
3133 5271 3388 5325 Cesserat
3445 5259 3743 5338 patriarchio
3784 5299 3798 5308 .

2206 5361 2440 5432 Cyprius
2465 5361 2617 5430 juxta
2644 5362 3016 5417 verisimiliter
3059 5379 3086 5414 a
3121 5364 3274 5416 nobis
3320 5363 3477 5431 paulo
3521 5355 3743 5425 superius

2209 5464 2412 5510 statuta
2463 5455 2606 5509 circa
2643 5470 2880 5508 mensem
2935 5453 3155 5508 Juninm
3199 5455 3322 5509 anni
3370 5451 3563 5507 Chrisn
3603 5443 3740 5500 19.39.

2210 5547 2334 5603 Post
2370 5556 2478 5601 tres
2503 5559 2597 5600 aut
2627 5548 2788 5615 paulo
2829 5549 2949 5617 plus
2978 5563 3216 5616 menses,
3250 5548 3420 5616 pridie
3465 5547 3580 5598 ldus
3605 5540 3736 5592 Octo-

2211 5639 2324 5693 bris
2348 5639 2676 5694 Athanasins
2707 5642 2756 5694 in
2791 5643 3039 5694 thronum
3071 5651 3292 5695 evectus
3322 5649 3427 5693 est.
3461 5624 3740 5688 Novembri.

2218 5729 2539 5796 Decembri,
2602 5729 2861 5786 Januario
2940 5732 3348 5801 insequentibus
3417 5723 3743 5783 verisimililrr
