4036 6420
365 361 463 424 841

1654 348 2322 413 CHRONOLOGICUS.

3506 345 3614 412 842

368 470 660 536 acciderit,
714 468 857 540 quod
914 468 1088 537 capite
1135 466 1254 521 libri
1308 465 1390 529 ll,
1450 478 1500 516 c.
1542 462 1638 527 17,
1694 461 1945 525 refertur,
1976 460 2019 516 A
2053 459 2279 527 praecise
2309 457 2467 527 spatii
2508 457 2929 513 intercesserita
2976 455 3136 512 modo
3168 468 3462 513 memorata
3523 474 3613 511 re-

369 579 561 633 nempe
599 563 854 633 Cyprium
896 560 1078 629 gloriae
1118 557 1333 612 avidum
1368 555 1664 616 hominem,
1712 565 1834 605 cum
1878 564 1936 602 se

371 667 479 710 tam
507 655 597 707 diu
633 651 932 721 neglectum
959 650 1013 703 in
1042 662 1257 703 secessu
1291 661 1353 699 ac
1395 644 1683 698 solitudine
1710 640 1935 702 doleret,

372 747 509 815 ringi
546 759 609 799 ac
652 741 844 797 confici
878 740 1194 808 aegritudine
1222 737 1488 806 coepisse;
1520 749 1586 788 ex
1635 747 1744 802 quo
1769 729 1820 783 ei
1851 728 1941 783 tae-

371 839 461 893 dio
498 835 853 905 languor'ille
892 832 1181 887 multorum
1219 832 1427 883 dierum
1476 827 1769 889 exstiterit,
1832 835 1941 892 quo

373 939 726 995 consumptus
751 928 965 981 domum
1025 933 1106 978 est
1150 922 1367 976 circiter
1420 933 1684 981 mensem,
1735 924 1795 969 ut
1843 928 1943 982 ap-

375 1030 550 1090 paret,
577 1018 849 1071 Martium.
882 1008 1052 1085 Aprili
1092 1029 1218 1068 mox
1258 1012 1593 1079 insequente,
1629 1015 1751 1076 apta
1782 1003 1944 1073 regiis

376 1109 811 1179 expeditionibus
870 1113 1211 1177 tempestate,
1271 1104 1617 1155 Andronicus
1668 1096 1945 1165 Augustus

376 1221 439 1258 ex
472 1204 602 1255 urbe
638 1216 879 1258 movens.
918 1213 1144 1252 alumnae
1175 1212 1239 1250 ac
1271 1194 1653 1248 circumducta:
1700 1186 1944 1259 pcregri-

380 1294 615 1349 nalionis
646 1302 818 1345 metas
849 1288 1129 1360 Nymphaei
1166 1287 1403 1354 denique
1431 1283 1697 1345 detixerit,
1733 1293 1797 1332 eo
1828 1292 1951 1347 per-

377 1387 603 1441 veniens
625 1386 725 1437 sub
760 1398 998 1437 mensem
1042 1380 1285 1434 Junium.
1339 1378 1493 1433 Circa
1523 1374 1724 1428 Maium
1786 1371 1952 1440 igitur

381 1476 745 1543 anniCbristi
806 1474 942 1528 1290
1004 1472 1182 1525 laxata
1239 1469 1484 1524 custodia
1538 1466 1711 1520 Vecco
1769 1462 1950 1525 fuerit,

381 1580 664 1638 postquam
694 1567 952 1635 egestatis
992 1580 1113 1617 cum
1150 1559 1696 1631 captivitatejnnctm
1747 1555 1955 1607 incom-

385 1658 537 1710 moda
572 1656 853 1708 tolerasset
892 1654 1047 1707 annis
1105 1667 1199 1706 sex
1234 1650 1482 1720 integris,
1526 1662 1557 1701 a
1585 1657 1767 1699 mense
1807 1642 1955 1694 vide-

383 1748 510 1800 licet
541 1745 680 1798 liIaio
714 1755 803 1797 aut
831 1742 992 1797 Junio
1020 1744 1143 1796 anni
1171 1736 1371 1796 Christi
1417 1739 1556 1794 1284
1603 1739 1757 1808 juxta
1805 1734 1955 1802 prius

385 1836 604 1890 definita
649 1850 703 1888 n.
737 1834 770 1887 5
804 1834 964 1902 hujus
986 1832 1203 1899 capitis.

462 1927 573 1980 VII.
611 1927 725 1978 Hac
756 1926 945 1978 eadem
976 1926 1027 1977 in
1056 1923 1374 1978 Orientales
1413 1931 1620 1977 tractus
1646 1922 1965 1992 peregrina-

391 2021 537 2073 tione
562 2016 1188 2084 Andronicicontigisse
1234 2025 1493 2085 praeterea
1524 2014 1761 2082 oportuit
1785 2027 1970 2068 acces-

390 2125 512 2164 sum
554 2109 669 2176 ejus
707 2107 1032 2173 Dacibyzam
1059 2146 1073 2170 ,
1104 2104 1191 2157 ubi
1253 2107 1352 2159 sub
1394 2106 1641 2160 custodia
1687 2105 1971 2158 tenebatur

391 2200 651 2264 Joannes,
675 2198 942 2252 Theodori
967 2196 1217 2250 Lascaris
1238 2196 1401 2256 (ilius.
1422 2211 1584 2264 quem
1620 2196 1971 2249 MichaelAn-

394 2294 599 2347 dronici
633 2302 786 2359 pater
810 2290 1038 2342 immani
1067 2288 1261 2342 fraude
1281 2287 1765 2361 _circumscriptum
1809 2288 1975 2353 impc-

401 2387 484 2439 rio
507 2385 707 2452 dejecit
734 2393 786 2435 ct
804 2382 1119 2435 exoneravit.
1143 2378 1257 2432 IIuc
1277 2378 1576 2448 profectum
1602 2380 1972 2433 Andronicum

394 2487 584 2531 narrat
640 2476 1025 2545 Pachymeres,
1064 2474 1101 2525 l.
1136 2488 1175 2537 ι,
1209 2487 1261 2525 c.
1294 2472 1384 2534 56,
1425 2471 1652 2540 petiisse
1701 2486 1727 2524 a
1758 2470 1971 2525 Joanne

395 2586 539 2626 οωρο
573 2570 784 2623 veniam
818 2568 1029 2633 injuriae
1069 2566 1169 2634 ipsi
1194 2582 1221 2618 a
1252 2564 1525 2619 Micltaele
1555 2576 1708 2633 patre
1737 2577 1836 2618 suo
1861 2562 1978 2615 illa-

399 2674 485 2726 tae,
517 2671 570 2716 et
609 2660 792 2713 multis
844 2658 1235 2711 benevolentiae
1265 2655 1757 2724 signiﬁcationibus
1786 2669 1848 2707 ac
1877 2655 1975 2707 do-

399 2756 485 2808 nis
524 2752 853 2807 ehlantlitum
883 2753 950 2805 ab
976 2765 1040 2805 eo
1077 2749 1243 2802 fuisse
1277 2748 1576 2801 cessionem
1604 2745 1742 2813 juris
1778 2745 1843 2797 ad
1874 2744 1977 2796 itu-

399 2847 612 2914 perium
640 2846 742 2899 sui.
784 2843 967 2905 Ratio,
995 2857 1113 2907 qua!
1150 2840 1295 2908 cegit
1323 2839 1506 2893 dicere
1536 2845 1664 2891 tunc
1694 2836 1744 2889 id
1771 2844 1974 2896 actum,

394 2941 515 2993 haec
535 2947 639 2991 est.
670 2935 867 2989 Noster
894 2935 986 2988 illo
1014 2933 1193 3002 capite
1221 2933 1427 2985 diserte
1464 2930 1662 2983 asserit
1698 2937 1820 2996 post
1849 2940 1979 2981 con-

402 3041 622 3083 ventum
658 3029 724 3081 ab
758 3026 1069 3081 Andronico
1116 3022 1382 3078 Joannem
1423 3021 1645 3076 missum
1701 3021 1869 3073 fuisse
1911 3025 1978 3072 ab

2046 550 2315 604 laxationc
2345 550 2657 606 acerbitatis
2699 550 2750 602 in
2779 547 2937 603 Vecci
2971 563 3193 603 carcere
3220 549 3286 604 ad
3318 548 3615 619 perfettam

2047 643 2186 710 ejus,
2219 658 2338 711 quae
2365 642 2504 697 felici
2531 644 2745 698 demum
2772 642 2920 696 obitu
2960 642 3006 695 ei
3065 642 3276 711 obtigit,
3344 642 3612 695 liberatio-

2046 749 2171 786 nem
2213 735 2280 787 ab
2337 737 2592 789 azrumnis
2638 734 2915 790 omnibus.
2990 734 3226 788 Primum
3283 741 3491 787 certum
3538 743 3621 788 est

2048 827 2415 885 Andronicum
2438 830 2814 901 imperatorem
2830 832 3109 903 Nymphaai
3128 833 3427 900 perstitisse
3446 834 3622 900 spatio

2051 923 2172 991 plus
2196 939 2396 977 annuo.
2426 924 2611 978 Refert
2640 926 2782 979 enim
2818 936 3025 990 noster,
3060 940 3114 995 p.
3147 926 3272 988 151,
3306 925 3476 979 fuisse
3498 939 3620 977 cum

2052 1013 2162 1066 illic
2194 1014 2598 1068 undetricesimo
2633 1018 2824 1070 mensis
2853 1014 3005 1070 Junii
3055 1017 3140 1070 die
3180 1034 3281 1085 quo
3316 1027 3626 1070 sanctorum

2054 1105 2419 1173 apostolorum
2468 1108 2662 1178 (Petri
2703 1124 2897 1178 nempe
2932 1119 2987 1164 et
3014 1110 3165 1164 Pauli
3195 1110 3213 1179 )
3255 1110 3448 1178 festum
3490 1109 3630 1164 cele-

2058 1200 2259 1259 bratur,
2295 1198 2462 1251 altero
2503 1210 2744 1254 currente
2798 1218 2936 1255 anno
2969 1217 3033 1255 ea:
3063 1217 3163 1271 quo
3219 1202 3508 1270 imperator
3536 1216 3630 1254 ca-

2057 1297 2169 1341 stra
2199 1287 2310 1341 illic
2351 1289 2575 1343 habebat
2617 1291 2911 1353 :Ateralac
2958 1290 3263 1362 τρεχούσης
3303 1293 3637 1361 ἐστρατοπε-

2056 1376 2300 1448 δευμένῳ
2332 1377 2409 1446 τῷ
2445 1379 2674 1448 βασιλεῖ.
2727 1380 2863 1434 Cum
2918 1396 3048 1448 ergo
3095 1396 3319 1436 numero
3366 1366 3635 1449 superiori

2059 1468 2425 1523 verisimiliter
2494 1471 2847 1525 statuerimus
2909 1471 3281 1525 Andronicum
3337 1473 3636 1540 Augustum

2062 1563 2377 1630 pervenisse
2428 1562 2781 1634 Nymphaeum
2848 1564 2992 1619 circa
3037 1564 3249 1618 initium
3302 1564 3447 1618 Junii
3495 1580 3638 1618 anno

2062 1650 2263 1706 Christi
2332 1652 2509 1717 1290,
2564 1654 2706 1722 quod
2759 1654 2849 1708 illo
2908 1670 2958 1709 c.
3017 1655 3050 1709 9
3107 1654 3465 1725 Pachymeres
3525 1671 3631 1709 me.

2068 1751 2243 1798 morat
2264 1745 2540 1800 dissidium
2566 1747 2871 1816 principum
2902 1759 3270 1800 matronarum
3297 1758 3635 1800 contractum

2072 1838 2358 1891 occasione
2389 1837 2674 1908 panegyris
2708 1837 3107 1907 apostolorum,
3140 1838 3428 1906 contigerit
3458 1837 3527 1892 29
3553 1837 3641 1892 die

2069 1929 2216 1985 Junii
2256 1931 2382 1983 anni
2413 1928 2612 1983 Christi
2644 1929 2802 1994 1291,
2835 1930 3053 1997 quando
3096 1930 3208 1998 jam
3253 1945 3453 1984 annum
3508 1929 3645 1984 alte-

2073 2037 2191 2074 rum
2226 2035 2336 2075 sine
2375 2021 2514 2089 apud
2544 2018 2895 2090 Nymphreum
2950 2020 3393 2074 commorationis
3433 2020 3646 2073 Andro-

2073 2112 2227 2166 nicus
2286 2112 2657 2166 inchoaverat.
2728 2112 2953 2166 Reditus
3004 2112 3121 2180 ejus
3163 2112 3286 2165 inde
3344 2111 3394 2164 in
3454 2111 3643 2166 urbem

2074 2212 2295 2259 notatur
2329 2220 2383 2272 p.
2414 2203 2538 2267 I65,
2581 2213 2635 2257 et
2664 2204 2968 2272 assignatur
3019 2203 3121 2257 diei
3179 2203 3647 2258 duodetricesimtn

2074 2293 2242 2355 Junii,
2282 2294 2408 2347 anni
2453 2295 2707 2348 videlicet
2738 2296 2921 2348 statim
2968 2294 3249 2361 sequentis
3291 2309 3410 2348 atrae
3443 2294 3649 2349 Christi

2076 2386 2317 2455 vulgaris
2345 2386 2504 2449 1293,
2547 2400 2666 2440 cum
2707 2383 2820 2452 jam
2876 2394 3123 2453 reparata
3173 2384 3403 2439 fuissent
3451 2386 3648 2440 damna

2076 2477 2357 2543 incendii,
2411 2492 2516 2544 quo
2566 2476 2785 2530 biennio
2833 2484 2956 2529 ante
3013 2475 3402 2529 abdicationem
3481 2478 3652 2532 Atha-

2079 2568 2236 2633 nasii,
2282 2579 2335 2619 ut
2373 2569 2572 2623 diserte
2606 2568 2837 2623 traditur
2892 2567 3102 2636 p.178,
3156 2567 3351 2620 Forum
3393 2584 3650 2640 magnum

2079 2658 2526 2724 conﬂagraverat.

2152 2748 2247 2803 IX.
2305 2749 2676 2803 Ahdicationis
2734 2763 2895 2816 porro
2929 2751 3086 2802 modo
3138 2759 3449 2804 memorata:
3481 2752 3652 2806 Atha-

2080 2839 2216 2893 nasii
2250 2848 2460 2908 tempus
2503 2840 2638 2893 satis
2683 2840 2887 2893 diserte
2948 2838 3312 2911 Pacliymeres
3370 2843 3649 2911 exprimit,

2080 2932 2206 2987 dum
2238 2949 2289 3001 ρ.
2327 2932 2431 2985 1⁵77
2479 2932 2666 2986 scribit
2695 2934 2866 3001 ipsum
2899 2943 3082 2987 exacte
3132 2936 3540 3003 quadriennium
3589 2937 3646 2989 iu

2079 3024 2437 3089 patriarchatu
2466 3025 2772 3093 explevisse,
2820 3026 2893 3078 ita
2951 3035 3006 3077 ut
3039 3027 3157 3099 initi
3199 3027 3470 3096 relictique
3512 3030 3653 3096 regiv

400 3122 702 3175 Athanasio
736 3120 846 3189 jam
888 3117 1196 3187 patriarcha
1241 3115 1712 3184 pri-tovcstiarium
1760 3113 1823 3167 ad
1844 3110 1979 3166 Vec—
2007 3145 2048 3200 ε
2084 3119 2239 3172 minis
2299 3117 2548 3174 Ecclesia:
2593 3121 2830 3175 eamdem
2882 3119 3047 3190 ferme
3102 3124 3453 3176 numeraverit
3514 3124 3651 3177 diem

400 3230 555 3277 cum;
580 3213 720 3281 quod
757 3211 897 3265 idem
925 3209 1050 3261 alibi
1077 3208 1275 3262 factum
1296 3207 1530 3260 atIirmat
1558 3220 1623 3259 eo
1652 3204 1845 3257 itinere
1873 3217 1978 3272 quo

402 3304 751 3375 Nymphaeum
803 3316 863 3357 se
909 3302 1178 3368 denique,
1216 3300 1326 3354 illic
1371 3301 1460 3353 ditt
1525 3304 1976 3358 commoraturus,

405 3399 708 3465 imperator
737 3396 990 3450 contulit.
1012 3395 1179 3462 Igitur
1211 3403 1264 3447 et
1289 3394 1403 3446 haec
1423 3392 1611 3446 eadem
1645 3390 1729 3443 via
1754 3405 1849 3455 per
1878 3389 1977 3442 Da-

404 3491 646 3558 cibyzam
672 3487 984 3540 Andronico
1006 3485 1166 3539 ducta
1193 3495 1295 3539 est.
1319 3484 1433 3537 Non
1465 3483 1608 3535 enim
1635 3482 1721 3536 bis
1752 3481 1981 3549 patriar-

403 3582 505 3635 cha
529 3578 856 3634 Athanasius
883 3578 1356 3649 protovestiarium
1377 3574 1460 3646 [Ρ.
1484 3572 1621 3644 567]
1653 3574 1719 3628 ad
1747 3574 1975 3627 Veccum

404 3673 573 3726 misit.
610 3670 773 3724 Recte
805 3671 989 3737 itaque
1015 3669 1270 3722 admonet
1307 3668 1409 3721 θυι)
1449 3666 1607 3719 linem
1654 3663 1848 3730 capitis
1894 3663 1978 3715 hi-

401 3764 639 3818 storicus
665 3763 776 3815 haec
797 3777 854 3815 se
878 3763 932 3813 in
961 3770 1302 3813 antecessum
1330 3758 1433 3813 hoc
1456 3758 1572 3811 loco
1602 3771 1668 3809 ex
1698 3756 1863 3809 multo
1885 3769 1980 3824 po-

350 3868 355 3871 ‘
401 3854 616 3909 steriori
657 3852 912 3907 memoria
952 3839 1279 3919 prmlibassc.
1327 3850 1476 3903 Dicet
1514 3849 1714 3917 aliquis
1747 3865 1762 3901 :
1799 3846 1979 3911 Quare

400 3944 567 3997 ittitur
593 3942 960 4006 Pacbymeres
982 3939 1098 4007 ipso
1131 3938 1288 3990 initio
1319 3936 1479 3989 istius
1509 3934 1728 4002 capitis,
1766 3951 1818 4004 p.
1854 3933 1975 3996 105,

400 4034 482 4088 sic
510 4032 785 4100 loquitur:
825 4028 926 4083 Sed
957 4045 1035 4082 me
1067 4030 1398 4097 praeterierat
1442 4026 1581 4093 quod
1627 4025 1788 4095 paulo
1828 4026 1978 4091 prius

405 4126 650 4192 contigit,
686 4126 1054 4189 imperatorem
1080 4122 1319 4174 uidelicet
1357 4135 1420 4173 ex
1456 4120 1583 4171 urbe
1610 4135 1673 4172 se
1698 4118 1980 4171 contulisse

402 4217 726 4285 Dacibyznm
752 4217 774 4265 ?
802 4224 905 4267 etc.
946 4213 1112 4282 784
1133 4212 1449 4280 liespondeo
1476 4229 1489 4264 :
1522 4209 1638 4264 Non
1684 4211 1799 4263 hare
1842 4208 1982 4263 refe-

404 4309 569 4362 renda
604 4313 730 4358 sunt
762 4305 827 4357 ad
887 4304 1211 4370 colloquium
1274 4301 1431 4356 Vecci
1482 4317 1603 4354 eum
1667 4299 1978 4368 patriarcha

400 4399 664 4465 Gregorio
699 4394 1109 4457 habitum,toto
1157 4392 1479 4460 praecedenti
1538 4392 1717 4459 capite
1764 4391 1834 4443 '55
1888 4391 1982 4444 de-

2083 3218 2285 3264 sextam
2320 3211 2577 3264 decimam
2615 3211 2878 3265 Octobris.
2938 3210 3197 3266 Alludunt
3239 3213 3353 3267 haec
3408 3213 3472 3267 ad
3506 3215 3622 3284 prin

2084 3302 2285 3370 scripta
2326 3319 2381 3372 p.
2418 3302 2541 3367 “6,
2579 3303 2668 3357 ubi
2699 3302 2895 3356 dicitur
2919 3313 3166 3371 quartam
3197 3304 3457 3357 decimam
3491 3305 3637 3360 Octo-

2082 3391 2195 3446 hris
2252 3392 2394 3446 diem
2463 3394 2692 3461 primam
2741 3393 3036 3446 Athanasio
3081 3393 3483 3461 patriarcbatus
3528 3395 3648 3448 initi

2081 3485 2269 3540 fuisse.
2309 3484 2553 3538 Pertinet
2602 3485 2726 3551 hoc,
2783 3496 2841 3539 ut
2890 3485 2998 3538 dixi
3048 3500 3201 3540 num.
3240 3485 3295 3546 ὅ,
3337 3486 3413 3540 ad
3454 3498 3652 3540 annum

2080 3579 2284 3633 Christi
2339 3578 2499 3641 1280,
2559 3592 2626 3632 ex
2670 3592 2778 3647 quo
2823 3578 2947 3630 anni
2999 3586 3269 3632 vertentes
3320 3587 3554 3645 quatuor
3602 3580 3657 3633 in

2082 3669 2226 3725 diem
2281 3672 2346 3724 14
2401 3668 2597 3724 Octob.
2655 3669 2783 3722 anni
2828 3667 2964 3723 1295
3018 3669 3247 3722 desiere.
3327 3669 3497 3724 Biduo
3536 3679 3659 3738 post

2086 3762 2278 3816 throno
2309 3762 2476 3815 cessit
2505 3760 2862 3824 Athanasius,
2908 3769 3061 3829 gesta
3096 3761 3449 3830 patriarchali
3477 3761 3658 3831 digni-

2085 3864 2193 3908 tate
2235 3854 2390 3907 annis
2434 3854 2661 3908 omnino
2719 3861 2951 3921 quatuor
3006 3863 3053 3908 et
3134 3854 3340 3908 duobus
3397 3863 3659 3922 praeterea

2081 3945 2293 4000 diebus.
2334 3944 2643 3998 Incemlium
2672 3959 2799 4012 ergo
2834 3945 3011 4013 magni
3040 3942 3161 3997 Fori
3199 3958 3342 3997 anno
3384 3944 3517 3999 1291
3551 3945 3658 3998 sub

2084 4037 2319 4091 medium
2369 4036 2726 4091 Novembrem
2775 4038 2993 4103 evenit,
3052 4034 3210 4103 cujus
3262 4038 3430 4091 ruina:
3480 4038 3658 4106 spatio

2085 4129 2350 4180 mensium
2375 4127 2486 4181 fere
2514 4126 2677 4197 785
2708 4138 2835 4181 octo
2863 4127 3001 4180 adeo
3023 4138 3242 4182 strenue
3276 4144 3303 4180 δ
3333 4128 3542 4182 civibus
3578 4143 3662 4181 re-

2048 4227 2291 4286 'parata:
2342 4227 2486 4281 sunt,
2538 4228 2597 4271 ut
2652 4218 2868 4272 rediens
2925 4218 2977 4270 in
3024 4218 3209 4271 urbem
3245 4220 3539 4288 imperator
3562 4233 3661 4272 ex-

2083 4314 2257 4358 tremo
2281 4303 2442 4358 Junio
2465 4304 2592 4356 anni
2618 4303 2761 4358 1292
2785 4305 3178 4373 gratularetur,
3204 4307 3345 4373 quod
3367 4304 3662 4359 historicus

2084 4396 2159 4447 ait
2194 4409 2248 4462 p.
2285 4395 2408 4457 180,
2434 4395 2546 4448 solo
2600 4395 2700 4447 sibi
2746 4395 2958 4447 aurium
3034 4395 3230 4448 indicio
3284 4408 3520 4450 constare
3566 4412 3663 4449 no-

400 4494 688 4556 scriptmn,
723 4487 818 4539 sed
851 4486 917 4537 ad
946 4484 1123 4537 obiter
1180 4491 1442 4536 attextam
1509 4481 1574 4535 ad
1602 4482 1803 4534 calcem
1837 4481 1978 4534 illius
2007 4476 2062 4536 D
2091 4486 2267 4538 titiam
2298 4485 2549 4547 incendii,
2586 4484 2732 4538 nullo
2758 4487 2875 4555 jam
2896 4486 3061 4539 oculis
3085 4488 3363 4553 superstite
3393 4488 3477 4542 sui
3505 4490 3665 4543 vesti-

401 4576 606 4647 capitis‘
635 4578 966 4632 mentionem
1028 4576 1222 4628 laxatae
1276 4575 1448 4628 multo
1496 4574 1771 4641 posterius
1819 4571 1977 4627 Vecci

403 4672 690 4733 custodiae,
725 4671 777 4722 in
809 4684 970 4736 quam
1010 4676 1130 4736 post
1179 4667 1230 4720 id
1260 4668 1590 4734 colloquium
1652 4673 1738 4720 est
1792 4665 1980 4731 conje-

401 4774 547 4818 ctus.
580 4760 635 4812 Id
672 4774 800 4828 ergo
844 4766 1055 4810 tantum
1086 4736 1176 4808 illa
1226 4755 1426 4824 capitis
1476 4753 1545 4807 '56
1593 4754 1766 4823 prima
1816 4752 1979 4807 verba

401 4853 733 4925 significant,
768 4851 931 4921 paulo
967 4858 1093 4902 ante
1117 4864 1278 4915 quam
1341 4848 1393 4899 in
1447 4845 1647 4913 saepius
1683 4854 1979 4900 memorata

402 4945 750 5015 imperatoris
798 4941 1093 4995 Andronici
1170 4938 1508 5006 profectione
1564 4937 1620 4990 in
1676 4935 1980 5001 Orientem,

402 5053 498 5107 per
535 5041 759 5091 missum
792 5036 843 5088 in
877 5048 1057 5088 arcem
1092 5032 1151 5087 S.
1183 5031 1433 5100 Gregorii
1485 5031 1979 5097 protovestiarium,

403 5128 616 5183 Veccus
640 5129 690 5180 in
734 5124 893 5194 paulo
948 5123 1363 5178 tolerabiliorem
1391 5122 1751 5175 conditionem
1802 5133 1982 5176 trans-

405 5221 662 5279 ferretur,
722 5218 925 5270 aditum
965 5216 1246 5282 Dacibyzae
1275 5214 1342 5266 ab
1380 5211 1693 5266 Andronico
1716 5210 1979 5266 Joannem

403 5309 671 5363 Theodori
706 5307 952 5361 Lascaris
985 5306 1208 5374 Augusti
1238 5305 1427 5359 lilium.

479 5398 620 5454 VIII.
660 5395 959 5450 Mors’inde
984 5395 1149 5450 Vecci
1181 5403 1436 5448 narratur
1474 5409 1527 5464 p.
1566 5392 1697 5460 270,
1741 5407 1832 5446 seu
1875 5406 1983 5461 quo

403 5509 551 5547 anno
580 5490 875 5560 contigerit
907 5487 1320 5557 disquirendum
1355 5487 1511 5542 nobis
1550 5487 1840 5539 historicus
1900 5499 1984 5538 re-

405 5586 624 5653 !inquit.
650 5582 1015 5652 Experiamur
1046 5596 1178 5652 ergo
1220 5580 1439 5650 ecquid,
1486 5581 1776 5651 sequendis
1818 5579 1985 5633 vesti-

404 5679 512 5749 giis
541 5692 720 5731 rerum
751 5674 934 5729 abillo
974 5675 1115 5729 serie
1161 5674 1438 5738 continua,
1474 5688 1577 5741 qua
1634 5682 1798 5740 gestae
1836 5680 1980 5738 sunt,

406 5776 778 5827 narratarum,
808 5763 1079 5834 possimus
1109 5773 1260 5839 certo
1287 5760 1694 5831 deprehendere
1722 5771 1981 5831 quantum

726 5861 1000 5921 PATROL.
1045 5861 1162 5924 (in.
1196 5860 1458 5922 CXLIV.

2091 4576 2175 4646 gio
2222 4576 2479 4629 sensibili.
2516 4576 2598 4629 Ab
2624 4578 2728 4629 hoc
2782 4576 2901 4631 loco
2937 4592 3054 4644 quae
3087 4589 3380 4629 narrantur
3407 4592 3435 4630 a
3479 4588 3665 4633 nosuo

2091 4668 2353 4722 historico
2384 4668 2525 4722 serie
2556 4666 2849 4731 ‘continua,
2891 4682 2979 4721 res
3014 4676 3174 4735 prout
3202 4680 3431 4721 evenere
3482 4667 3667 4722 decla-

2091 4754 2265 4825 ra'nte,
2297 4775 2467 4828 usque
2499 4760 2567 4813 ad
2599 4776 2647 4813 c.
2686 4759 2844 4822 29,1.
2871 4758 2958 4819 III,
2992 4758 3234 4826 quinque
3262 4757 3373 4812 fere
3402 4773 3665 4812 annorum

2089 4853 2313 4922 explent
2391 4851 2646 4920 spatium.
2715 4848 2874 4904 Unde
2921 4849 3064 4915 quod
3126 4849 3381 4903 scribitur
3434 4863 3495 4927 ρ..
3534 4848 3666 4915 270,

2090 4951 2359 4996 mortuum
2384 4957 2507 4996 esse
2536 4941 2770 4996 Veccum
2804 4941 2907 4995 sub
2934 4942 3092 4993 linem
3123 4940 3327 5007 Martii,
3366 4941 3431 4994 ad
3465 4956 3667 4995 annum

2089 5033 2208 5086 sine
2229 5032 2391 5086 dubio
2417 5034 2653 5101 pertinet
2677 5031 2883 5086 Christi
2921 5031 3081 5086 1298.
3141 5031 3282 5087 Octo
3314 5032 3480 5101 igitur
3509 5032 3670 5088 annis

2092 5132 2213 5191 post
2238 5123 2473 5176 laxatam
2506 5123 2900 5191 aliquantulum
2927 5122 3256 5188 custodiam,
3297 5134 3547 5192 perstans
3587 5125 3674 5179 ni-

2092 5216 2386 5285 hilominus
2409 5212 2650 5268 Joannes
2682 5213 2891 5269 Veccus
2918 5216 2971 5269 in
3002 5230 3248 5280 carcere,
3278 5216 3540 5286 quoniam
3568 5217 3670 5271 im-

2093 5305 2332 5373 peratori
2376 5305 2629 5359 assentiri
2661 5305 2726 5359 ad
2752 5304 2991 5359 schisma
3029 5308 3304 5360 revocanti
3340 5308 3672 5362 constantis-

2088 5399 2229 5452 sime
2253 5411 2471 5467 semper
2500 5395 2694 5459 renuit,
2748 5396 2813 5449 ad
2848 5412 3094 5464 suorum,
3145 5410 3204 5453 ttt
3247 5415 3470 5471 sperare
3520 5400 3668 5463 licet.

2091 5488 2313 5557 praemia
2352 5486 2597 5539 laborum
2635 5501 2663 5539 a
2704 5484 2815 5540 Deo
2860 5497 3082 5544 vocatus
3123 5489 3176 5543 in
3230 5492 3425 5545 coelum
3462 5499 3566 5544 est.
3599 5490 3674 5543 At

2060 5612 2065 5615 »
2091 5578 2471 5641 Μειειθιιίοιεε,
2503 5575 2642 5631 alter
2664 5577 2779 5646 ejus
2807 5577 3104 5641 sociorum,
3164 5594 3269 5632 non
3300 5578 3453 5647 prius
3506 5593 3669 5645 quam

2093 5679 2213 5740 post
2244 5670 2430 5723 decem
2496 5666 2744 5723 evolutos
2794 5667 2918 5723 inde
2970 5683 3163 5734 annos,
3216 5668 3323 5740 [tu
3354 5666 3492 5741 568]
3554 5670 3674 5738 pari

2091 5762 2255 5817 laude
2286 5759 2696 5816 commendatus
2723 5759 2935 5814 invictae
2990 5759 3043 5814 in
3090 5760 3195 5815 fide
3240 5761 3479 5816 Romana
3533 5773 3673 5813 con-

3158 5857 3228 5919 27
