4036 6426
448 333 557 398 313

1308 329 1370 390 Ρ.
1398 328 1700 389 POSSINI
1730 324 2379 388 OBSERVATIONUM
2437 324 2583 383 LIB.
2628 323 2745 385 III.

3598 324 3692 387 844

447 452 684 513 summe,
738 448 993 503 decessit.
1056 444 1296 514 Tempus
1328 445 1406 500 sic
1446 443 1704 513 exprimit
1744 441 2040 511 Pachyme.
2071 448 2112 503 Α
2144 438 2284 503 ΕΙ·μο
2318 449 2379 493 ιιι
2410 438 2771 493 duodecimus
2794 435 3073 490 Michaelis
3090 436 3391 491 Andronici
3418 437 3688 493 vicesimus

448 560 552 607 res,
588 559 643 611 p.
677 541 808 605 636,
839 541 1025 608 Μηνὸς
1078 536 1496 607 Βοηδρομιῶνος
1526 536 1669 588 κατὰ
1694 535 1794 605 τὴν
1834 534 2029 603 καινὴν

446 635 761 706 Κυριακήν,
804 631 987 686 Mense
1011 629 1182 697 Aprili
1238 631 1382 683 circa
1432 644 1615 681 novam
1673 627 2028 680 Dominicam.

448 730 596 782 inter
631 726 942 781 Domitticas
969 724 1282 778 Graecorum
1324 721 1522 775 nullam
1580 720 1634 773 in
1691 721 1883 773 horum
1940 732 2033 771 ec-

449 819 769 873 clesiasticis
823 817 975 872 libris
1033 815 1247 885 reperio
1330 829 1453 884 quae
1521 812 1742 882 proprio
1814 810 2032 864 nomine

449 911 612 979 καινή
678 925 810 962 nova
841 918 1083 961 vocetur.
1115 906 1253 961 Puto
1286 905 1367 960 sic
1401 906 1600 959 dictam
1642 919 1670 956 a
1697 902 2031 972 Pachymere

455 1003 786 1057 liozninicam
837 998 1197 1063 Paschalem,
1263 996 1418 1065 cujus
1461 995 1758 1050 hebdomas
1815 993 2031 1045 διακαι-

450 1097 680 1164 νήσιμος
714 1094 820 1147 illis
849 1093 1088 1157 dicitur;
1138 1091 1220 1144 sic
1255 1090 1399 1145 enim
1441 1087 1608 1157 aliqui
1643 1099 1827 1139 vocem
1881 1084 2028 1137 illam

451 1188 719 1241 scribunt.
749 1184 875 1240 Fuit
906 1186 993 1239 ille
1027 1198 1230 1247 annus,
1256 1194 1313 1235 ut
1342 1196 1405 1235 ex
1435 1181 1577 1236 serie
1608 1192 1790 1232 rerum
1816 1176 1869 1229 in
1906 1190 2031 1245 syn-

457 1280 573 1349 opsi
615 1282 962 1341 demonstro,
1026 1276 1230 1331 Christi
1269 1274 1428 1338 l308,
1458 1287 1565 1341 quo
1590 1270 1795 1325 Pascha
1836 1267 2031 1324 incidit

453 1374 507 1427 in
543 1373 610 1426 14
648 1370 875 1440 Aprilis.
919 1368 1076 1424 Circa
1131 1368 1280 1422 illum
1326 1380 1456 1435 ergo
1478 1364 1621 1419 diem
1673 1361 1870 1417 obierit
1920 1357 2030 1415 Me-

452 1464 745 1519 liteniotes.

1050 1592 1276 1650 CAPUT
1315 1592 1406 1646 ιιι.

455 1739 715 1805 Deﬁniinr
763 1745 983 1805 tempus
1007 1730 1286 1805 evectionis
1321 1728 1389 1781 ad
1442 1726 1720 1805 imperium
1755 1723 2033 1805 Michaelis

2138 535 2330 587 tertius
2376 533 2469 595 sit,
2504 529 2875 599 promovenda
2927 529 3240 584 necessario
3284 536 3365 582 est
3411 527 3462 581 in
3503 543 3685 580 annum

2135 623 2556 692 praecedentem,
2579 620 2786 673 Christi
2817 619 2975 680 1295,
3004 617 3303 671 Andronici
3339 616 3683 689 undecimum,

2133 716 2338 783 epocha
2404 713 2745 782 principatus
2803 709 3112 775 Michaelis;
3164 718 3220 762 et
3261 707 3532 762 fatendum
3573 717 3687 760 ante
3763 774 3778 793 ⁸

2134 807 2544 859 cor-ouationem
2603 805 2926 865 solemnem,
2965 818 3086 870 quae
3142 815 3285 855 anno
3322 799 3516 855 Christi
3562 797 3685 852 1291

2134 897 2409 952 celebrata
2444 905 2561 960 est,
2591 896 2703 966 jam
2754 895 2905 949 illum
2935 909 2962 947 a
3000 900 3156 961 patre
3195 891 3423 945 ascitum
3448 888 3605 942 fuisse
3638 889 3687 941 in

2135 988 2472 1041 consortium
2512 986 2771 1054 Augusta:
2807 984 3115 1054 potestatis.
3171 980 3281 1037 Nec
3319 980 3445 1034 illud
3485 994 3689 1049 prorsus

2132 1077 2498 1148 Pachymeres
2532 1078 2701 1131 tacuit
2734 1093 2748 1131 :
2785 1093 2911 1131 nam
2959 1077 3011 1129 in
3054 1073 3213 1132 titulo
3256 1089 3306 1127 c.
3340 1072 3396 1134 4,
3434 1071 3467 1122 Ι.
3498 1086 3573 1134 ιιι,
3597 1070 3685 1123 Μὶ-

2134 1171 2376 1225 chaelem
2406 1169 2518 1238 jam
2569 1180 2679 1223 tum
2714 1170 3020 1236 Angustum
3055 1165 3338 1221 Juniorem
3377 1175 3547 1228 vocat,
3579 1177 3690 1215 cum

2133 1262 2202 1316 de
2251 1262 2369 1329 ejus
2416 1261 2770 1315 matrimonio
2805 1268 3139 1315 tractaretur
3177 1258 3338 1326 longe
3383 1262 3507 1308 ante
3538 1253 3689 1305 addu—

2134 1363 2278 1408 ctam
2329 1370 2395 1408 ex
2448 1354 2704 1408 Armenia
2753 1351 3004 1417 Mariam,
3059 1364 3223 1420 quam
3280 1347 3473 1403 deinde
3528 1346 3689 1397 duxit.

2133 1448 2406 1503 Credibile
2450 1447 2616 1519 igitur
2643 1455 2728 1501 est
2772 1445 2880 1513 jam
2927 1460 2957 1499 a
3016 1441 3291 1513 principio
3341 1440 3468 1496 anni
3504 1436 3693 1494 Christi

2137 1545 2278 1601 1293
2302 1543 2616 1599 Michaelem
2642 1542 2711 1598 ab
2729 1542 3038 1596 Andronico
3065 1548 3221 1611 patre
3248 1539 3418 1594 fuisse
3445 1535 3689 1605 collegam

2136 1647 2499 1704 assumptum.

2211 1728 2298 1785 Ill.
2337 1730 2401 1783 Et
2454 1729 2513 1783 lit
2567 1728 2699 1784 illud
2735 1743 2866 1782 sane
2915 1727 3212 1782 verisimile
3242 1740 3311 1780 ex
3341 1724 3520 1779 artatis
3561 1736 3699 1777 men-

522 1793 817 1888 l’ala'ologi
867 1793 1158 1888 Andronici
1184 1796 1304 1888 ﬁlii,
1349 1814 1440 1878 nec
1472 1793 1575 1850 non
1611 1796 1771 1865 hujus
1801 1793 2031 1864 coniugii

2142 1824 2289 1877 tione
2341 1837 2445 1888 qua
2502 1822 2680 1876 obiter
2726 1821 2934 1875 indicat
2961 1818 3259 1873 historicus
3290 1818 3574 1870 invitatqu
3605 1817 3700 1868 An-

522 1896 635 1932 cum
673 1869 850 1930 Mai'ia
894 1873 1002 1925 ﬁlia
1037 1871 1172 1939 regis
1205 1869 1491 1941 Armeniae.

520 2011 563 2065 1.
600 2010 809 2065 Set-ibit
838 2006 1230 2074 Pacbymeres,
1265 2000 1303 2054 l.
1336 2015 1425 2065 ιιι,
1457 2015 1511 2054 c.
1563 1999 1616 2063 1,
1657 2012 1781 2052 cum
1826 1997 2037 2052 videret

447 2102 804 2158 Andronicus
835 2095 1152 2151 Michaelem
1187 2091 1358 2145 [ilium
1397 2103 1559 2143 suum
1607 2088 2051 2156 primogenitum,

445 2199 558 2263 jam
595 2194 733 2247 ultra
778 2190 1038 2257 puberem
1073 2191 1395 2253 provectum
1426 2188 1664 2238 aetatem,
1687 2185 1744 2232 et
1769 2192 1829 2231 ea
1864 2178 2034 2230 eden-

448 2302 562 2342 tem
620 2280 921 2351 specimina
958 2278 1113 2329 bonae
1158 2274 1354 2327 indolis
1384 2284 1710 2338 morumque
1736 2268 2033 2337 proborum

446 2392 571 2448 quae
626 2376 849 2440 dignum
911 2384 1033 2424 eum
1083 2369 1330 2433 Augusto
1365 2362 1587 2431 fastigio
1637 2370 2032 2424 monstrarent,

451 2466 843 2525 asciscendum.
887 2461 1063 2531 ipsum
1113 2458 1214 2513 sibi
1255 2466 1480 2526 putasse
1518 2455 1570 2508 in
1614 2453 1845 2521 imperio
1871 2453 2036 2508 colle-

447 2576 599 2629 μιν,
635 2558 864 2622 ideoque
908 2551 1209 2605 solemnem
1264 2547 1385 2616 ejus
1444 2545 1922 2614 inaugurationem
1978 2544 2032 2596 in

450 2649 651 2719 templo
688 2645 903 2702 Sanctae
955 2632 1173 2710 Sophia:
1223 2652 1252 2692 a
1286 2636 1601 2707 patriarcha
1634 2634 1901 2690 celebrari
1935 2649 2037 2688 cu.

446 2755 639 2803 rasse;
670 2752 835 2808 quam
874 2732 1138 2788 describit
1170 2730 1267 2784 illo
1304 2743 1355 2783 c.
1386 2729 1440 2792 1,
1468 2728 1505 2782 l.
1540 2744 1623 2784 ιιι.
1653 2726 1850 2782 Fuisse
1884 2726 2033 2780 illuni

446 2831 818 2903 patriarcham
848 2827 1116 2881 Joannem
1149 2821 1403 2877 Cosmam
1432 2835 1496 2874 ex
1533 2821 1723 2884 rebus,
1757 2833 1877 2886 quae
1909 2827 2037 2871 ante

444 2941 514 2982 ac
548 2932 670 2993 post
695 2927 1016 2981 narrantur,
1043 2913 1396 2971 manifestum
1430 2914 1698 2968 redditur.
1719 2911 1876 2966 Unde
1910 2922 2034 2964 cum

448 3020 495 3072 is
531 3016 793 3071 Ecclesia:
818 3007 1449 3076 Constantinopolitanae
1503 3018 1737 3075 pra‘esse
1778 3001 2031 3072 coeperit,

438 3120 507 3163 ut
533 3108 711 3175 capite
745 3102 994 3172 sequenti
1026 3086 1079 3154 et
1105 3100 1159 3154 in
1198 3098 1418 3170 syoOpsi
1450 3095 1836 3165 chronologica
1868 3095 2032 3163 hujus

357 3252 365 3259 .
449 3199 699 3257 historim
750 3192 1274 3255 demonstrabimus,
1310 3190 1567 3243 Kalendis
1604 3186 1852 3241 Januarii
1900 3188 2029 3240 anni

446 3292 650 3347 Chr.sti
686 3289 843 3348 1295,
880 3301 984 3339 non
1021 3284 1236 3337 videtur
1260 3281 1482 3336 dubium
1512 3282 1644 3350 quin
1677 3279 1864 3334 statim
1906 3285 2033 3348 post

445 3385 562 3437 ilhc
612 3385 917 3433 memorata
998 3371 1284 3427 Michaelis
1348 3373 1673 3435 coronatio,
1722 3368 2030 3423 ministerio

444 3475 772 3545 patriarchae
825 3468 968 3521 facta
1027 3465 1116 3519 die
1152 3463 1293 3518 festo
1327 3463 1507 3533 magni
1557 3463 1931 3527 Constantini,
1962 3462 2028 3517 ad

443 3568 599 3620 illum
644 3578 804 3631 quem
865 3558 979 3614 dixi
1021 3573 1223 3612 annum
1258 3558 1553 3627 pertineat,
1582 3566 1638 3610 et
1672 3555 1738 3609 ad
1783 3569 2029 3609 mensem

443 3656 562 3724 ejus
589 3653 811 3706 Maium.
845 3650 977 3702 Nam
1009 3659 1078 3703 ut.
1101 3650 1306 3703 diserte
1338 3647 1635 3702 historicus
1662 3656 1950 3712 memorat,
1977 3655 2033 3702 et

445 3764 511 3801 cx
548 3745 716 3816 786
760 3758 858 3796 usu
897 3741 1062 3795 etiam
1109 3739 1375 3794 hodierno
1401 3738 1722 3793 Graecorum
1751 3753 1816 3791 ac
1840 3739 2033 3793 eccle—

448 3839 690 3894 siasticis
718 3850 906 3890 eorum
953 3834 1131 3896 libris,
1163 3848 1298 3901 quos
1321 3832 1502 3887 editos
1546 3832 1833 3895 habemus,
1860 3840 2028 3899 patet,

449 3930 826 3986 anniversaria
862 3927 1125 3981 memoria
1164 3925 1341 3995 magni
1380 3923 1732 3978 Constantini
1763 3924 2032 3992 simulque

449 4024 644 4078 matris
674 4022 791 4088 ejus
840 4018 898 4074 S.
956 4017 1177 4072 Helenae
1222 4018 1309 4070 die
1362 4015 1568 4072 mensis
1606 4014 1730 4069 Maii
1772 4017 2029 4077 vicesima

451 4117 623 4183 prima
660 4112 923 4167 recolitur
956 4110 1010 4163 in
1039 4107 1283 4163 Ecclesia
1317 4107 1526 4163 Graeca.
1553 4105 1704 4162 Unde
1736 4105 2030 4161 verisimile

448 4219 531 4261 est
567 4205 865 4258 traditione
901 4201 1071 4256 veteri
1107 4199 1587 4269 Constantinopoli
1624 4209 1906 4267 acceptum
1935 4197 2027 4250 tali

448 4296 536 4350 die
564 4293 675 4348 fato
703 4292 946 4347 inuictum
985 4288 1441 4344 Constantinum:
1472 4290 1722 4359 quamvis
1755 4290 2029 4352 Socrates,

450 4391 521 4440 l.l
553 4385 696 4437 Hist.
736 4381 910 4439 Eccl..
966 4396 1018 4434 c.
1040 4380 1131 4444 26,
1165 4379 1369 4434 diserte
1399 4380 1603 4434 scribat
1652 4379 1801 4433 illum
1828 4379 2031 4433 obiisse

2058 3141 2108 3205 ο

2142 1914 2423 1969 dronicum
2461 1912 2527 1966 ad
2561 1911 2926 1980 imperatoria:
2956 1907 3504 1964 communicationem
3534 1905 3703 1974 digni-

2142 2004 2271 2059 tatis
2297 2004 2406 2058 lilio
2438 2001 2777 2070 abundejam
2805 2001 2989 2055 adulto
3018 2013 3123 2053 non
3163 1998 3309 2052 ultra
3341 1997 3700 2052 diﬂ‘erendam.

2143 2096 2348 2150 Scribit
2409 2096 2519 2150 illic
2570 2095 2821 2151 videlicet
2872 2092 3240 2162 Pachymeres
3298 2091 3416 2158 ipso
3474 2090 3705 2156 protinus

2142 2187 2390 2256 ingressu
2420 2184 2456 2240 1.
2492 2201 2577 2251 ιιι,
2607 2202 2660 2255 p.
2713 2184 2836 2249 195,
2886 2184 3042 2238 Ἐπεὶ
3066 2180 3112 2234 δ’
3156 2183 3421 2245 ἀντίπαις
3447 2177 3512 2252 ἦν
3548 2182 3575 2233 ὁ
3606 2178 3708 2238 un;

2139 2275 2361 2345 Μιχαὴλ
2418 2275 2521 2345 ἤδη
2548 2274 2626 2343 τῷ
2676 2274 2890 2343 βασιλεῖ
2933 2277 3028 2328 καὶ
3072 2275 3166 2328 τὸν
3226 2275 3380 2342 ὑπὲρ
3449 2272 3541 2324 τὸν
3588 2271 3712 2337 ἔφη-

2137 2367 2234 2420 ϐον
2282 2367 2548 2437 ἠλαυνεν·
2600 2365 2865 2431 Quoniam
2899 2381 3017 2419 vero
3060 2376 3173 2420 erat
3217 2366 3533 2436 imperatori
3576 2361 3707 2429 ﬁlius

2132 2458 2246 2528 jam
2282 2458 2422 2510 ultra
2453 2457 2699 2525 puberem
2740 2457 2955 2510 adultus
3004 2467 3212 2511 a'l'atem
3263 2455 3512 2513 Michael.
3539 2450 3706 2506 Ἀντί-

2137 2549 2329 2613 παιδες
2361 2548 2565 2603 Graecis
2605 2547 3071 2619 ἐφηϐοιάὶοιιιιιιιι*
3092 2550 3476 2604 adolescentes
3515 2557 3701 2599 annum

2136 2641 2315 2698 aetatis
2367 2642 2702 2711 supergressi
2758 2653 3015 2708 quartum
3074 2642 3375 2696 decimum.
3431 2635 3589 2708 Atqui
3630 2641 3710 2688 sat

2135 2734 2296 2802 longo
2340 2732 2629 2786 intervallo
2654 2742 2968 2798 provectum
3007 2734 3240 2787 ulterius
3271 2731 3586 2787 Iichaelem
3613 2727 3709 2781 hoc

2140 2832 2385 2891 tempore
2415 2824 2680 2889 oportuit,
2710 2838 2834 2877 cum
2869 2838 2994 2877 eum
3034 2834 3122 2878 aut
3155 2838 3307 2879 anno
3349 2822 3550 2878 Christi
3583 2818 3711 2874 1275

2136 2921 2230 2969 aut
2256 2929 2360 2967 non
2391 2914 2559 2968 multo
2583 2924 2708 2983 post
2733 2924 2915 2970 natum
2943 2915 3107 2969 fuisse
3133 2917 3203 2969 sit
3236 2916 3557 2971 verisimile.
3582 2910 3706 2965 Nam

2136 3003 2484 3060 Andronicus
2514 3008 2630 3073 ejus
2654 3016 2809 3074 pater
2836 3007 3054 3072 nuptias
3081 3022 3202 3062 cum
3234 3009 3360 3077 ejus
3385 3013 3556 3059 matre
3580 3001 3712 3057 cele-

2137 3097 2316 3151 bravit
2369 3112 2513 3152 anno
2546 3097 2751 3152 Christi
2803 3098 2961 3164 1272,
2997 3100 3150 3165 juxta
3203 3102 3418 3154 dudum
3478 3114 3506 3150 a
3564 3094 3714 3151 nobis

2135 3189 2429 3242 constituta
2458 3189 2493 3244 l.
2539 3204 2597 3242 ιιι
2646 3191 2888 3259 priorum
2951 3192 3206 3255 0bserv.,
3237 3208 3294 3247 c.
3350 3192 3405 3245 8.
3453 3190 3713 3244 Ponamus

2136 3279 2338 3334 Christi
2389 3280 2545 3347 1274,
2580 3291 2694 3346 aut,
2727 3298 2837 3351 quo
2876 3284 2962 3336 vix
3001 3284 3181 3337 recedi
3239 3284 3478 3338 ulterius
3525 3287 3710 3350 potest,

2139 3373 2280 3427 1275
2335 3384 2512 3427 ortum
2581 3375 2632 3428 in
2699 3375 2872 3429 lucem
2935 3376 3237 3431 Androoici
3295 3376 3713 3448 primogenitum

2138 3462 2481 3521 Michaeiem.
2516 3465 2635 3520 Jam
2679 3481 2807 3536 ergo
2849 3469 3070 3534 quando
3100 3468 3455 3523 Andronicus
3511 3462 3713 3531 imperii

2137 3560 2484 3613 undecimum
2526 3559 2728 3613 Christi
2755 3575 2899 3614 anno
2929 3558 3069 3614 1295
3104 3564 3464 3626 numerabat,
3498 3553 3717 3613 Michael

2138 3650 2329 3704 saltem
2381 3658 2634 3706 octavum
2690 3653 2960 3708 decimum
3022 3655 3146 3709 vitae
3186 3670 3400 3710 annum
3452 3657 3712 3720 attigerat.

2136 3742 2292 3797 Unde
2321 3758 2486 3798 causa
2520 3760 2624 3797 non
2655 3754 2772 3799 erat
2810 3761 2909 3800 cur
2934 3744 3178 3801 dilierret
3213 3760 3376 3818 pater
3399 3745 3715 3816 jampridem

2135 3836 2413 3888 decretam
2468 3836 2589 3905 ejus
2638 3837 3065 3906 assumptionem
3119 3838 3172 3893 in
3235 3839 3404 3909 787
3463 3836 3714 3902 collegam

2139 3928 2499 3997 principatus.
2560 3929 2801 3998 Apparet
2867 3931 3033 3999 igitur
3083 3931 3198 4000 jam
3254 3943 3371 3986 tum
3432 3931 3522 3986 illo
3579 3940 3714 3980 anno

2137 4018 2344 4074 Christi
2379 4019 2519 4074 1295
2553 4032 2802 4075 evectum
2825 4037 2855 4074 a
2876 4031 3030 4091 patre
3062 4023 3115 4077 in
3142 4038 3474 4080 consessum
3497 4016 3714 4086 Augusti

2138 4110 2259 4166 solii
2295 4109 2466 4166 fuisse
2499 4111 2811 4166 Micharlem
2848 4132 2862 4168 :
2898 4113 3049 4178 licet,
3078 4115 3216 4168 forte
3262 4125 3492 4184 propter
3524 4119 3715 4184 nutan-

2139 4213 2247 4257 tem
2280 4202 2370 4258 illo
2397 4218 2541 4258 anno
2561 4203 2893 4271 patriarcha:
2916 4204 3203 4259 Athanasii
3226 4181 3355 4258 mox
3372 4181 3713 4259 exauctorati

2138 4294 2481 4363 dignitatem,
2530 4294 2884 4350 diﬂ'erendam
2920 4296 3268 4351 Andronicus
3318 4296 3595 4365 putaverit
3624 4296 3717 4343 im-

2137 4387 2381 4455 perantis
2416 4402 2600 4441 secum
2645 4401 2711 4440 ex
2746 4395 2876 4439 tunc
2910 4386 3007 4439 lilii
3044 4388 3318 4442 celebrem
3350 4383 3719 4456 inauguratio-

444 4482 518 4531 εει
572 4476 719 4536 Maii,
747 4473 1130 4540 Ἐτελεύτησε,
1191 4473 1470 4540 inquiens,
1514 4475 1580 4541 τῇ
1649 4470 1881 4542 δευτέρᾳ
1934 4472 2028 4524 καὶ

2137 4494 2259 4535 nem
2302 4480 2356 4534 in
2382 4457 2512 4534 illud
2541 4490 2752 4548 tempus
2773 4493 2885 4549 quo
2929 4494 3105 4533 novus
3140 4481 3463 4549 patriarcha
3488 4477 3718 4533 Joannes

446 4570 624 4623 εἰκάδι
654 4567 749 4619 τοῦ
778 4566 955 4619 Μαΐου
996 4564 1185 4635 μηνός.

518 4660 582 4715 ιι.
647 4660 725 4713 Ex
785 4659 869 4712 his
919 4657 1073 4725 sequi
1135 4657 1372 4721 videtur,
1400 4655 1688 4724 imperium
1755 4654 2033 4709 Michaelis

444 4752 688 4807 Junioris
721 4749 1011 4818 PaltL‘OIOgl
1037 4765 1064 4802 a
1091 4764 1284 4803 mense
1322 4747 1466 4801 Maio
1492 4749 1625 4801 anni
1656 4747 1860 4802 Christi
1894 4748 2032 4803 1294

447 4848 767 4915 procedere.
831 4844 936 4897 Sed
993 4843 1119 4895 huic
1177 4842 1358 4895 obstat
1415 4842 1561 4910 quod
1625 4842 2027 4910 Pachymeres,

439 4959 499 5011 ρ.
530 4941 657 5003 561,
686 4938 1069 4993 duodecimum
1101 4934 1385 4989 Michaelis
1445 4932 1604 4999 hujus
1649 4949 1849 4987 annum
1906 4950 2028 4987 cum

444 5033 741 5087 Andronici
804 5030 979 5100 patris
1034 5028 1206 5097 ipsius
1267 5028 1429 5080 tertio
1491 5042 1655 5094 supra
1710 5027 2030 5080 vicesimum

445 5132 753 5193 eninparat.
783 5123 915 5175 Cum
946 5127 1231 5183 autem,nt
1254 5132 1305 5171 c.
1338 5119 1533 5171 harum
1571 5118 2032 5173 Observationum

446 5217 624 5284 primo
668 5213 1198 5273 demonstravimus,
1229 5212 1379 5264 solus
1433 5211 1706 5279 imperare
1758 5211 2034 5264 Androni-

448 5324 543 5359 rus
582 5307 811 5370 cmperit
854 5303 957 5357 sub
1013 5302 1176 5354 linem
1237 5302 1365 5353 anni
1430 5301 1634 5355 Christi
1689 5302 1851 5367 1282,
1892 5304 2035 5357 unde

444 5409 894 5467 cstconsequens
947 5401 1009 5445 ut
1051 5406 1195 5444 anno
1234 5391 1439 5445 Christi
1474 5392 1611 5447 1294
1647 5394 2030 5447 duodecimum

448 5492 493 5541 is
529 5490 745 5558 imperii
804 5500 1010 5541 annum
1067 5486 1262 5553 egerit,
1297 5484 1376 5537 sic
1439 5485 1794 5539 manifesxum
1851 5497 1953 5550 est,
1987 5486 2031 5540 si

447 5583 655 5651 primus
710 5579 995 5635 Michaelis
1024 5594 1147 5633 cum
1194 5577 1369 5646 patris
1398 5577 1516 5646 ejus
1546 5576 1873 5631 duodecimo
1906 5594 2035 5632 cou-

402 5683 726 5751 lcurreret,
779 5672 1164 5728 duodecimum
1225 5670 1508 5726 Michaelis
1586 5670 1837 5741 ejusdem
1904 5687 2032 5726 cum

453 5766 744 5821 Andronici
798 5766 1060 5823 vicesimo
1140 5775 1338 5837 quarto
1395 5764 1564 5821 fuisse
1607 5780 2031 5821 concursurum.

2134 4570 2366 4627 Cosmas
2412 4573 2467 4626 in
2510 4572 2670 4641 pleno
2701 4586 2765 4626 ac
2795 4572 3026 4640 paciﬁco
3060 4572 3271 4641 aliquot
3301 4572 3417 4639 jam
3450 4570 3720 4625 mensibus

2135 4664 2476 4732 perstitisset
2505 4663 2773 4717 exercitio
2802 4664 3189 4731 patriarchalis
3221 4664 3543 4732 potestatis,
3569 4669 3624 4715 et
3657 4657 3721 4710 ad

2135 4756 2505 4825 augustiorem
2547 4755 2706 4809 istam
2749 4756 3131 4810 caaremoaiam
3166 4757 3507 4809 reddendam
3538 4763 3725 4819 exspe-

2135 4855 2316 4900 ctatus
2342 4855 2488 4901 esset
2516 4847 2632 4899 dies
2651 4846 2996 4900 Constantini
3031 4846 3322 4915 Byzantini
3361 4844 3575 4916 imperii
3606 4842 3722 4895 fun-

2136 4937 2346 4991 datoris
2399 4938 2776 4993 anniversaria
2827 4939 3150 4991 celebritate
3210 4940 3473 5006 insignis.
3518 4935 3724 5002 Nuptim

2137 5032 2331 5084 deinde
2388 5030 2633 5099 ejusdem
2687 5029 2970 5085 Michaelis
3023 5030 3252 5098 Augusti
3304 5030 3556 5084 .Iunioris
3602 5041 3719 5081 cum

2137 5122 2305 5176 Maria
2343 5123 2450 5176 ﬁlia
2482 5124 2626 5191 regis
2658 5122 2955 5187 Armeniae,
2990 5122 3025 5178 Ι.
3057 5139 3142 5187 ιιι,
3179 5139 3230 5178 c.
3267 5124 3304 5178 5
3337 5136 3395 5177 et
3421 5125 3455 5179 6
3485 5141 3513 5177 a
3543 5130 3722 5176 nostro

2138 5213 2399 5267 historico
2442 5213 2647 5278 relatae,
2678 5216 2744 5267 ad
2774 5215 2916 5268 diem
2960 5214 3028 5269 16
3073 5214 3321 5269 Januarii
3357 5219 3490 5271 anni
3522 5211 3719 5268 Christi

2138 5305 2278 5360 1296
2300 5306 2594 5374 pertinent,
2625 5314 2792 5376 prout
2847 5321 2915 5361 ex
2966 5308 3108 5362 serie
3146 5323 3335 5363 rerum
3389 5311 3444 5364 in
3496 5305 3722 5379 Synopsi

2137 5407 2534 5453 monstramus.

2733 5514 2963 5573 CAPUT
2995 5518 3082 5574 ιν.

2212 5602 2288 5657 De
2316 5601 2543 5661 Joannis
2569 5605 2782 5734 Comici:1
2812 5612 3201 5731 patriarchatu,
3232 5620 3283 5664 et
3320 5610 3654 5666 restitutione

2791 5683 3042 5734 ttannsti.

2791 5683 3042 5735 tltanasii.

2212 5766 2250 5822 Ι.
2286 5770 2737 5827 lutcrAthanasii
2767 5772 3358 5845 Constantinopolitani
3406 5772 3720 5845 patriarchae

3832 1269 3842 1383 ὲ
