4036 6432
409 375 514 440 845

1711 367 2376 435 CHRONOLOGICUS.

3543 363 3650 427 846

406 489 764 563 dejectionem
794 506 824 547 e
858 493 1055 549 throno
1093 500 1148 548 et
1177 490 1586 550 restitutionem
1623 491 1675 544 in
1721 490 1980 543 thronum
2010 487 2065 551 A_
2083 484 2344 541 Joannem
2371 483 2624 561 Cosmam
2658 495 2687 537 a
2721 481 2975 538 Kalendis
3016 479 3293 536 Januariis
3336 480 3460 534 anni
3491 480 3652 535 Chri-

405 584 630 639 Joannis
659 583 870 639 Cosmze
904 586 1312 654 patriarchatus
1347 581 1651 649 inﬁnditur,
1681 580 1870 635 multis
1898 579 1981 632 vi-

409 676 823 731 cissitudinibus
854 678 1061 740 varius.
1123 691 1221 746 per
1269 690 1406 745 quas
1458 681 1639 729 tamen
1680 679 1763 728 sat
1823 671 1984 740 longo

409 769 585 836 spatio
620 768 860 823 duravit.
891 768 1024 838 Ejus
1068 782 1174 836 qna
1226 767 1467 822 ineuntis
1512 779 1618 833 qua
1682 762 2025 819 desinentis'

409 854 638 909 definire
671 866 968 917 momenta,
1008 859 1294 924 spatiaque
1329 858 1493 910 totius
1526 853 1831 909 durationis
1852 867 1981 906 exa-

409 952 492 997 cte
527 944 794 1008 dimetiri,
832 961 956 998 cum
992 955 1076 999 est
1126 946 1288 1013 hujus
1314 942 1557 1000 historiae
1589 944 1787 999 callere
1815 943 1982 997 chro-

409 1035 679 1101 nologiam
715 1038 918 1091 volenti
954 1040 1349 1103 necessarium,
1382 1047 1498 1092 tum
1558 1038 1701 1093 idem
1761 1045 1984 1105 propter

411 1124 784 1180 confusionem
842 1128 1097 1196 perplexe
1149 1128 1432 1182 mistarum
1468 1141 1651 1181 rerum
1711 1125 1986 1180 historici-

408 1233 513 1283 que
546 1219 715 1271 nostri
751 1220 1059 1283 ambiguam
1096 1219 1291 1274 alicubi
1338 1220 1406 1274 de
1445 1220 1528 1275 his
1568 1218 1979 1274 aﬂirmationem

409 1307 551 1362 haud
591 1324 725 1365 sane
785 1312 1005 1365 obvium
1047 1312 1319 1381 facileque
1356 1313 1625 1382 explicato
1682 1313 1795 1368 fore
1859 1326 1984 1382 spe-

382 1401 638 1455 .randum
672 1410 774 1468 est,
807 1403 995 1459 lectori
1031 1405 1330 1471 praesertim
1369 1406 1606 1476 primum
1640 1405 1704 1459 ad
1738 1405 1856 1460 haec
1885 1406 1983 1459 ad-

407 1495 639 1547 vertenti
673 1505 727 1548 et
750 1494 994 1563 defungi,
1028 1503 1083 1550 ttt
1138 1495 1254 1551 fere
1284 1495 1367 1559 ﬁt.
1414 1497 1593 1552 obiter
1625 1498 1840 1565 cupido.
1872 1496 1983 1551 iiu-

404 1584 493 1655 jns
530 1601 629 1654 ego
665 1588 847 1639 studio
882 1596 938 1640 ttt
972 1602 1070 1656 pro
1098 1588 1204 1642 mei
1264 1588 1475 1641 ratione
1511 1587 1671 1642 oﬂicii
1724 1589 1980 1655 serviam,

409 1684 603 1725 cttncta
630 1672 716 1727 hic
745 1689 864 1742 ejus
890 1676 1105 1743 generis
1129 1691 1292 1745 quam
1343 1677 1667 1734 brevissime
1696 1684 1751 1733 et
1794 1679 1982 1735 claris-

412 1764 547 1817 sime
580 1776 767 1832 potero
785 1782 1071 1835 exponam.
1118 1747 1132 1760 ’

468 1854 547 1909 -il.
600 1856 655 1910 1d
684 1860 866 1927 agenti
894 1871 1017 1914 ante
1035 1862 1212 1916 omnia
1238 1862 1690 1917 considerandum
1720 1842 2001 1930 occurrit,

413 1948 555 2013 quod
610 1963 640 2002 a
671 1950 1009 2021 Pachymere
1041 1954 1303 2022 scriptum
1362 1963 1542 2009 exstat
1570 1969 1625 2023 p.
1663 1954 1787 2019 568,
1820 1956 1987 2009 Atha-

415 2041 625 2092 nasium
658 2043 1125 2110 expatriarcham,
1160 2044 1376 2113 quando
1429 2058 1555 2098 eum
1615 2044 1704 2099 die
1742 2043 1985 2098 Januarii

415 2132 623 2184 decima
661 2148 799 2186 nona
855 2134 1153 2201 imperator
1190 2134 1532 2189 Andronicus
1564 2149 1686 2188 eum
1717 2134 1989 2203 episcopis

413 2231 469 2275 et
516 2222 716 2290 populo
738 2225 1019 2288 convenit,
1051 2225 1387 2292 transegisse
1422 2224 1475 2278 in
1543 2224 1635 2278 illo
1671 2223 1985 2279 monasterii

416 2328 632 2368 secessu
677 2330 851 2369 annos
875 2319 1085 2373 decem.
1121 2315 1306 2370 minus
1353 2332 1544 2372 novem
1595 2316 1896 2371 mensibus.
1928 2313 1985 2370 In

396 2420 480 2459 -eo
530 2415 743 2459 asserto
775 2405 880 2459 sibi
912 2408 1132 2475 egregie
1161 2413 1377 2461 ccttstat
1401 2408 1732 2473 historicus;
1763 2390 1981 2463 dixerat

412 2497 557 2551 enim
595 2512 647 2565 p.
691 2498 816 2563 177,
845 2499 1229 2558 Athanasium,
1256 2501 1569 2554 renuntiato
1592 2501 1984 2568 patriarchatu,

417 2592 750 2641 monasterio
772 2589 1041 2644 Cesmidii
1091 2589 1176 2664 [P.
1207 2591 1333 2663 570]
1373 2591 1545 2647 fuisse
1598 2593 1865 2648 inclusum
1901 2593 1986 2649 die

417 2678 485 2731 16
515 2680 787 2742 Octobris,
826 2695 949 2734 cum
1011 2692 1139 2735 ante
1173 2696 1348 2735 annos
1382 2690 1615 2749 quatuor
1655 2683 1741 2737 die
1790 2694 1983 2752 quarta

414 2769 624 2822 decima
652 2770 856 2823 mensis
883 2768 1125 2837 ejusdem
1157 2772 1560 2838 patriarehatus
1584 2773 1982 2841 possessionem

413 2862 660 2915 adiisset.
689 2861 821 2915 Erat
847 2861 935 2916 ille
965 2877 1162 2927 annus,
1187 2877 1295 2931 quo
1331 2862 1670 2917 Athanasius
1712 2864 1764 2917 in
1798 2880 1985 2918 mona-

415 2953 930 3007 SIeriumCosmidii
984 2969 1014 3008 e
1046 2953 1379 3021 patriarchio
1436 2954 1712 3021 migravit,
1779 2953 1982 3010 Christi

412 3058 536 3096 aurae
576 3043 740 3105 1295,
772 3054 933 3114 pro-ut
964 3047 1015 3098 in
1072 3045 1302 3115 Synopsi
1368 3045 1686 3113 subjicimus
1759 3046 1931 3101 oculis
1966 3062 1981 3100 :

2085 577 2156 632 sti
2199 574 2341 630 1294
2365 588 2603 645 praeesse
2635 572 2990 642 patriarchali
3019 580 3286 641 potestate
3331 571 3648 626 Constanti-

2085 666 2414 736 nopolitanae
2441 665 2701 721 Ecclesiae
2742 665 2994 733 coepisse.
3036 663 3172 730 Quia
3233 679 3361 719 vero
3410 663 3648 733 quando,

2086 774 2281 814 novem
2315 758 2475 811 annis
2518 766 2575 811 et
2618 757 2919 811 octodecim
2972 755 3162 809 diebus
3216 755 3341 808 inde
3388 754 3649 808 vettcnti-

2084 852 2206 916 bus,
2242 849 2592 904 Andronicus
2644 848 2943 916 imperator
2990 847 3297 916 episcopos,
3333 846 3541 899 clerum
3599 853 3655 898 et

2083 944 2344 1012 populum
2373 956 2560 998 secum
2590 942 2794 996 ducens
2822 940 3181 994 Athanasium
3230 939 3384 1000 adiit,
3417 936 3654 989 nondum

2083 1022 2374 1089 manifeste
2404 1031 2631 1087 Cosntas
2663 1032 2941 1099 abjecerat
2992 1029 3390 1099 possessionem
3424 1026 3655 1096 patriar-

2083 1126 2257 1181 chalis
2289 1126 2535 1190 honoris,
2569 1138 2726 1193 quem
2774 1140 2873 1178 nec
2904 1125 3022 1193 ipse
3082 1122 3409 1176 Athanasius
3444 1129 3657 1173 utcun-

2084 1233 2188 1287 que
2228 1226 2356 1273 tunc
2387 1218 2626 1272 delatum
2660 1217 2895 1281 admisit,
2928 1227 2982 1269 et
3021 1214 3247 1269 Cosmas
3282 1220 3491 1283 postea,
3515 1213 3654 1279 'ipso

2083 1311 2289 1366 fatente
2321 1310 2651 1378 imperatore
2673 1308 2852 1362 adhuc
2877 1306 3187 1375 patriarcha
3246 1319 3432 1368 verus,
3488 1304 3655 1357 etiam

2084 1411 2145 1456 ut
2173 1401 2296 1457 talis
2331 1400 2663 1455 anathemati
2697 1400 2929 1468 subjecit
2963 1412 3345 1467 quemcunque
3400 1395 3489 1461 qui
3538 1408 3656 1447 mo-

2084 1494 2278 1548 liretur
2315 1491 2681 1546 Athanasium
2709 1491 2762 1544 in
2800 1490 2998 1545 throno
3030 1484 3656 1559 reponere,qu:erendus

2084 1585 2215 1640 alibi
2263 1592 2348 1639 est
2387 1596 2548 1637 verus
2579 1589 2635 1635 et
2684 1581 3022 1637 indubitatus
3078 1564 3202 1635 linis
3254 1575 3657 1647 patriarchatus

2083 1675 2312 1732 Cosmae.

2158 1768 2245 1823 iV.
2286 1766 2338 1822 ls
2384 1781 2549 1838 porro
2585 1780 2695 1821 non
2742 1764 2870 1820 alibi
2902 1762 3207 1832 reperietur
3232 1773 3485 1829 quam-p.
3522 1757 3653 1821 582,

2087 1860 2174 1915 ubi
2204 1858 2374 1914 refert
2408 1858 2775 1929 Pachymeres
2826 1854 3193 1910 Andronicum
3243 1850 3653 1907 ahscindentem

2085 1952 2284 2007 nodum
2335 1966 2494 2018 quem
2538 1951 2748 2005 solvere
2782 1948 3061 2016 nequibat,
3089 1948 3217 2000 dum
3276 1945 3563 2013 episcopos
3599 1942 3656 1996 in

2090 2047 2302 2119 synodo
2344 2060 2461 2100 stne
2488 2046 2649 2099 modo
2700 2052 2792 2097 aut
2840 2057 2938 2112 spe
2972 2039 3353 2097 conventionis
3397 2038 3465 2092 de
3498 2037 3658 2091 abdi-

2089 2139 2308 2194 catione
2337 2135 2566 2191 Joannis
2592 2135 2805 2191 Cosmae
2854 2142 2909 2188 et
2964 2133 3311 2188 restitutione
3368 2128 3657 2185 Athanasii

2089 2231 2427 2284 altercantes
2458 2227 2626 2293 videt,
2654 2224 2949 2294 assumptis
2982 2238 3168 2280 secum
3200 2223 3269 2277 iis
3293 2223 3383 2292 qui
3411 2220 3660 2274 Athana-

2084 2320 2476 2384 sio-favehant,
2501 2333 2626 2373 eum
2649 2316 2792 2386 juris
2846 2330 3100 2371 securum
3145 2329 3246 2369 usu
3305 2328 3369 2369 ac
3425 2312 3567 2367 facto
3602 2311 3658 2366 in

2088 2412 2488 2484 patriarchatus
2524 2410 2871 2480 possessione
2898 2407 3272 2473 constituisse,
3329 2406 3516 2461 multis
3546 2404 3663 2474 epi-

2086 2520 2373 2575 scoporum
2406 2512 2461 2560 et
2492 2503 2611 2574 ipso
2650 2502 2861 2557 Joanne
2888 2501 3089 2556 Cosma
3135 2501 3503 2570 nequidquam
3573 2514 3661 2552 re-

2087 2594 2467 2661 clamantibus,
2508 2603 2563 2648 et
2590 2593 2695 2647 hoc
2730 2592 2950 2661 quidem
2982 2590 3108 2659 (etsi
3139 2590 3188 2643 vi
3219 2590 3414 2659 majori
3460 2591 3660 2643 cedens

2087 2686 2395 2754 Sozopolim
2459 2685 2513 2738 in
2547 2683 2777 2753 patriam
2825 2681 3081 2751 recessit)
3117 2696 3303 2735 verum
3356 2696 3419 2736 se
3480 2680 3659 2734 adhuc

2088 2775 2465 2846 patriarcham
2502 2774 2824 2828 arbitrante.
2858 2772 2937 2826 Ex
2974 2784 3105 2827 tunc
3138 2780 3319 2826 tamen
3372 2774 3440 2825 ah
3487 2773 3659 2839 impe-

2087 2879 2269 2923 ratore
2294 2884 2357 2922 ac
2383 2867 2659 2937 plerisque
2701 2864 2938 2921 Joannes
2963 2865 3190 2920 Cosntas
3211 2865 3403 2919 haberi
3437 2880 3533 2932 pro
3562 2878 3661 2933 pa-

2088 2959 2327 3014 triarcha
2364 2958 2558 3023 desiit;
2591 2968 2646 3012 et
2690 2958 3030 3024 Athanasius
3068 2956 3378 3012 functiones
3417 2958 3536 3026 ejus
3566 2972 3663 3026 po-

2088 3052 2300 3107 testatis
2327 3051 2457 3121 (quo
2484 3049 2608 3120 jure
2642 3063 2819 3118 quave
2852 3048 3075 3116 injuria,
3130 3046 3277 3101 Deus
3337 3047 3460 3119 scit)
3504 3062 3662 3103 exer-

415 3135 554 3188 alter
592 3144 775 3189 autem
826 3151 1019 3201 annos,
1081 3137 1234 3206 cujus
1273 3136 1518 3191 Januarii
1580 3136 1645 3191 19
1688 3148 1985 3193 conventus
2012 3161 2056 3219 α
2090 3134 2221 3198 cuit.
2262 3143 2542 3198 ilabemus
2584 3149 2766 3197 autem
2828 3141 2973 3196 hanc
3030 3141 3291 3208 epocham
3340 3140 3659 3212 insignitum

424 3226 537 3279 illic
571 3225 719 3293 idem,
755 3227 823 3281 ab
853 3228 1166 3281 Andronico
1191 3227 1522 3282 Athanasius
1561 3226 1685 3291 fuit,
1718 3229 1769 3280 iu
1798 3228 1985 3281 eadem

396 3316 622 3372 Christi
656 3334 762 3372 aera
817 3319 938 3374 sine
985 3320 1149 3373 dubio
1201 3321 1521 3374 millesimus
1577 3321 1989 3376 trecentesimns

415 3422 645 3478 quartus
678 3413 1091 3465 numerabatur:
1124 3410 1258 3477 Quia
1286 3428 1418 3467 vero
1451 3427 1624 3468 nonus
1672 3427 1848 3466 annus
1877 3414 1988 3480 pri-

416 3513 558 3554 vatae
577 3503 1028 3556 commorationis
1072 3504 1352 3558 Athanasii
1403 3505 1545 3571 apud
1601 3506 1988 3559 monasterium

416 3592 674 3645 Cosmidii
712 3595 966 3649 evolutus
1007 3594 1180 3648 fuerat
1205 3596 1291 3651 die
1322 3596 1387 3651 16
1409 3595 1661 3651 Octobris
1703 3598 1992 3665 annipraa-

416 3686 663 3740 cedentis
702 3687 902 3741 Christi
938 3689 1210 3743 millesimi
1258 3690 1625 3745 trecentesimi
1662 3690 1831 3760 788
1880 3698 1988 3744 ter-

418 3777 503 3841 tii,
542 3785 596 3831 et
633 3778 677 3831 si
713 3780 958 3834 decimus
987 3795 1014 3832 a
1044 3781 1135 3834 tali
1173 3782 1381 3851 epocha
1438 3781 1632 3836 fuisset
1696 3780 1992 3850 expleudus

417 3886 616 3934 annus,
653 3886 1005 3939 perseverare
1031 3873 1172 3926 idem
1208 3875 1429 3928 clausus
1453 3874 1507 3927 in
1564 3873 1670 3928 isto
1720 3872 1842 3928 loco
1894 3874 1988 3927 de-

417 3961 629 4016 buisset
659 3964 917 4031 usquead
957 3963 1021 4017 16
1053 3963 1308 4019 Octobris
1351 3965 1692 4033 insequentis
1741 3964 1908 4026 diem,
1959 3976 1991 4016 a

416 4076 528 4130 quo
583 4059 699 4113 dies
764 4057 833 4111 19
871 4056 1114 4111 Januarii
1175 4054 1366 4109 novem
1420 4048 1531 4110 fere
1588 4054 1774 4108 solidis
1842 4058 1994 4108 abest

418 4152 726 4214 mensibus,
781 4158 1017 4218 apparet.
1049 4162 1208 4214 quam
1255 4146 1321 4200 ad
1382 4160 1569 4201 verum
1627 4152 1819 4200 exacte
1861 4145 1994 4198 defl-

419 4243 534 4297 nita
565 4239 848 4295 Athanasii
902 4240 954 4292 in
987 4238 1251 4293 Cosmidii
1282 4237 1611 4292 monasterio
1651 4247 1861 4291 secreta
1894 4237 1992 4290 ha-

418 4335 615 4389 bitatio
644 4332 811 4387 fuerit
846 4332 1023 4400 spatio
1054 4330 1282 4400 praeciso
1325 4330 1516 4385 decem
1548 4344 1836 4396 annorum,
1876 4327 1993 4383 mi-

418 4443 524 4482 nus
556 4440 745 4479 novem
784 4424 1078 4479 mensibus.

2089 3238 2407 3290 charactere
2440 3234 2850 3303 chronologico,
2889 3233 2982 3288 sed
3013 3241 3235 3300 propter
3265 3230 3575 3287 affectatam
3625 3247 3657 3285 a

2088 3329 2424 3399 Pachgmere
2456 3326 2750 3395 quamdam
2782 3327 2839 3378 in
2869 3320 3041 3379 verbo
3077 3324 3486 3394 ambiguitatem
3523 3322 3661 3380 indi-

2090 3431 2253 3492 gente
2288 3418 2659 3472 declaratione
2684 3432 2792 3472 non
2828 3416 3224 3486 perfnnctoria.

2160 3509 2225 3566 ν.
2257 3510 2347 3564 Ait
2390 3508 2643 3563 nimirum
2669 3518 2855 3562 noster
2894 3507 3214 3573 historicus,
3246 3521 3300 3575 p.
3329 3506 3457 3572 585,
3492 3508 3657 3573 diem,

2091 3619 2198 3672 quo
2262 3612 2348 3657 est
2391 3602 2458 3655 ab
2524 3600 2835 3654 Andronico
2887 3599 3217 3668 imperatore
3279 3601 3328 3654 vi
3384 3611 3439 3654 et
3497 3616 3662 3658 manu

2094 3696 2292 3750 throno
2346 3695 2631 3762 impositus

2094 3789 2314 3842 tertium
2359 3786 2562 3840 mensis
2620 3784 3050 3838 Atheniensibus
3099 3782 3553 3842 Maemacterionis
3583 3788 3667 3842 di-

2092 3878 2191 3942 cti,
2218 3877 2376 3946 cujus
2413 3876 2627 3944 primus
2658 3885 2713 3928 et
2757 3875 3053 3929 vicesimus
3082 3876 3196 3930 dies
3258 3875 3354 3930 illo
3408 3892 3554 3933 anno
3610 3878 3665 3932 in

2093 3969 2458 4030 Parasceven,
2497 3965 2663 4035 789
2689 3964 2793 4017 hoc
2813 3975 2919 4028 est,
2946 3965 3106 4018 modo
3127 3963 3379 4033 loquendi
3402 3965 3535 4021 huic
3565 3982 3665 4021 au-

2093 4058 2231 4123 ctori
2273 4059 2495 4120 usitato,
2530 4058 2582 4109 in
2644 4055 2837 4108 feriam
2875 4054 3237 4108 hebdomadis
3269 4066 3476 4109 sextam
3530 4056 3668 4112 inci-

2093 4153 2253 4208 derit.
2283 4148 2778 4204 Maemacterionem
2837 4145 2967 4200 alibi
3008 4145 3375 4216 Pachymeres
3411 4156 3669 4203 constan-

2097 4256 2204 4309 ter,
2232 4252 2294 4297 ut
2328 4242 2382 4296 in
2413 4241 2578 4310 priori
2615 4238 3038 4294 observavimus
3093 4237 3395 4303 Glossario,
3439 4240 3667 4295 Junium

2095 4351 2334 4392 mensem
2365 4343 2544 4388 vocat.
2572 4332 2670 4387 ilic
2704 4342 2882 4385 autem
2932 4347 3039 4385 non
3088 4332 3163 4385 uti
3222 4347 3344 4386 eum
3399 4332 3669 4388 hactenus

2094 4438 2354 4486 consueta
2411 4428 2634 4482 notione
2685 4425 2819 4479 illud
2901 4426 3076 4492 ipsum
3133 4426 3466 4487 subindicat.
3523 4429 3669 4497 quod

490 4517 581 4572 lll.
619 4518 744 4573 Haec
781 4527 1057 4586 utcunque
1090 4530 1196 4570 non
1232 4515 1495 4569 inutiliter
1528 4513 1580 4569 in
1604 4527 1720 4568 rem
1749 4521 1992 4586 nostram
2025 4503 2069 4561 D
2102 4536 2208 4576 ηοιι
2278 4516 2469 4580 ἀτελῶς
2538 4524 2594 4570 et
2661 4515 2928 4577 absolute,
2980 4516 3076 4570 sed
3148 4516 3283 4569 κατ’
3351 4516 3670 4588 Ἀθηναιους

422 4611 683 4666 adnotata
720 4619 868 4673 sunt,
911 4625 1014 4663 non
1072 4607 1362 4663 absolvunt
1416 4618 1594 4662 tamen
1655 4605 1991 4675 propositam

420 4705 489 4756 de
517 4702 787 4771 principio
830 4711 883 4756 et
919 4701 1024 4755 fine
1072 4700 1473 4769 patriarchatus
1515 4696 1742 4752 Joannis
1785 4697 1996 4751 Cosma

422 4793 812 4864 quaestionem,
854 4781 1127 4861 siquideni
1172 4792 1216 4845 is
1239 4805 1340 4843 nec
1405 4790 1684 4844 inchoavit
1746 4789 1926 4843 statim
1962 4802 1992 4843 a

421 4901 645 4941 recessu
681 4885 971 4939 Athanasii
1010 4885 1062 4937 in
1114 4884 1502 4937 monasterium
1557 4881 1840 4947 Cosmidii,
1895 4894 1996 4935 nec

424 4993 494 5032 eo
528 4988 801 5033 momento
865 4978 1025 5031 desiit
1081 4991 1190 5046 quo
1242 4976 1587 5030 Andronicus
1638 4975 1994 5029 Athanasium

420 5069 678 5124 eumdem
715 5069 786 5122 ibi
819 5067 1094 5122 cenvenit.
1130 5067 1236 5120 Sed
1287 5068 1352 5119 de
1385 5065 1539 5120 initio
1597 5066 1815 5134 quidem
1849 5064 1997 5119 clare

428 5160 593 5214 tradit
627 5159 992 5229 Pachymrres
1019 5172 1071 5224 p.
1104 5155 1228 5218 186,
1259 5156 1519 5209 Kalendis
1554 5153 1798 5209 Januarii
1832 5152 1999 5208 Joan-

424 5268 552 5305 nem
587 5250 838 5304 Cosmatn
875 5250 977 5304 rite
1003 5248 1171 5303 fuisse
1205 5250 1581 5317 inauguratnm
1607 5249 1997 5316 patriareham.

430 5343 540 5397 Nec
570 5342 793 5396 dubium
838 5354 903 5395 ex
949 5352 1063 5395 tcto
1117 5351 1378 5394 contextu
1439 5354 1619 5393 rerum
1648 5347 1853 5393 a‘nteac
1878 5346 1999 5408 post

427 5435 502 5489 ibi
536 5442 879 5487 narratarum
913 5442 1014 5496 est,
1051 5433 1182 5501 quin
1234 5433 1350 5487 ista:
1412 5430 1668 5486 Kalendae
1725 5430 1999 5486 Januario:

424 5528 629 5580 fuerint
690 5525 937 5594 proxime
980 5536 1178 5579 secutae
1208 5535 1330 5592 post
1364 5525 1661 5580 discessum
1691 5539 1721 5579 e
1747 5523 1999 5593 patriar-

427 5618 554 5672 chio
579 5616 864 5672 Athanasii
893 5627 945 5671 et
991 5617 1155 5685 hujus
1206 5616 1564 5672 inciusionem
1622 5618 1673 5670 in
1726 5626 2003 5672 monaste-

428 5708 570 5761 rium
604 5706 887 5773 Cosmidii,
927 5722 1087 5775 quam
1109 5707 1175 5761 16
1208 5706 1296 5762 die
1343 5707 1595 5763 Octobris
1637 5710 1763 5762 anni
1795 5708 2000 5763 Christi

431 5800 571 5857 1295
602 5800 894 5871 contigisse
921 5799 1171 5857 vidimus.
1202 5799 1417 5858 Maneat
1476 5802 1640 5872 igitur
1688 5816 1794 5872 pro
1854 5808 2002 5857 certo

2089 4612 2251 4680 juxta
2295 4609 2634 4661 Athenienses
2671 4608 2832 4659 istum
2867 4607 2933 4660 de
2954 4621 3063 4675 quo
3094 4608 3206 4677 agit
3233 4621 3472 4661 mensem
3500 4608 3671 4663 fuisse

2101 4701 2588 4756 Manuacterionem
2621 4699 2835 4752 asserit.
2878 4696 3021 4753 Sane
3048 4700 3093 4752 is
3124 4714 3246 4754 esse
3279 4700 3385 4755 hoc
3414 4701 3536 4755 loco
3571 4700 3671 4754 Ju-

2100 4796 2225 4848 nius
2247 4808 2352 4848 non
2385 4799 2582 4860 potest,
2614 4791 2892 4859 quoniam,
2922 4806 3027 4858 quo
3054 4791 3169 4846 hac
3201 4803 3351 4862 gesta
3375 4808 3495 4846 esse
3522 4808 3672 4846 anno

2067 4870 2269 4940 .series
2328 4884 2660 4938 natrationis
2708 4884 2865 4937 fateri
2926 4885 3091 4955 cogit,
3153 4884 3356 4940 Christi
3413 4884 3502 4956 [Ρ.
3542 4886 3672 4959 571]

2099 4977 2397 5031 millesimo
2436 4977 3078 5045 trecentesitnoquarto,
3112 4991 3233 5030 cum
3294 4976 3484 5045 cyclns
3537 4979 3672 5032 solis

2102 5076 2482 5122 muneraretur
2506 5066 2601 5130 25,
2657 5068 2742 5122 cui
2802 5069 3057 5135 competit
3101 5083 3198 5137 pro
3257 5069 3535 5123 mensibus
3578 5069 3677 5124 Fe-

2100 5158 2383 5213 bruarium
2412 5158 2761 5227 sequentibus
2823 5160 3002 5214 littera
3055 5161 3213 5214 index
3262 5160 3553 5215 Dominicae
3611 5162 3674 5226 D,

2100 5251 2394 5304 vicesimus
2430 5252 2641 5317 primus
2673 5250 2819 5304 Junii
2853 5253 2971 5307 dies
3004 5253 3304 5317 Dominiea,
3348 5270 3456 5308 non
3493 5265 3673 5310 autem

2103 5341 2237 5395 feria
2271 5354 2422 5396 sexta
2469 5341 2587 5395 fuit.
2642 5341 2759 5396 Nec
2812 5346 3061 5399 medetur
3120 5345 3248 5400 huic
3310 5348 3675 5413 incommodo,

2101 5444 2390 5504 postquam
2440 5433 2568 5487 illud
2623 5435 3078 5491 animadvertisse
3137 5439 3290 5493 visus
3350 5448 3454 5503 est,
3517 5453 3678 5508 para-

2102 5526 2351 5596 phrastes
2380 5526 2702 5591 Vaticanus,
2735 5532 2861 5583 dum
2906 5532 3100 5587 solitus
3142 5549 3358 5603 semper
3389 5536 3520 5588 alias
3550 5534 3646 5588 Mm

2103 5618 2493 5673 macterionem
2521 5617 2891 5690 ,Pachytneris
2960 5622 3185 5676 Ἰούνιον
3227 5624 3452 5678 Junium
3507 5625 3679 5680 inter-

2100 5711 2330 5781 pretai'i,
2358 5710 2463 5764 hoc
2487 5709 2752 5766 duntaxat
2772 5713 2893 5787 loco
2935 5715 3157 5768 Ἰούλιον
3183 5714 3392 5769 Iulium
3421 5716 3674 5770 reddidit:

2107 5818 2231 5858 nam
2259 5817 2435 5874 neque
2462 5802 2588 5861 Julii
2617 5807 2817 5863 mensis
2846 5807 2961 5864 dies
3003 5810 3294 5865 vicesimus
3327 5809 3534 5879 primus
3557 5806 3677 5862 am-

2703 3692 3056 3757 Athanasius,
3109 3691 3278 3747 fuisse
3343 3693 3663 3750 vicesimum
3738 3726 3751 3737 -
