4036 6430
448 365 549 425 347
1337 370 1402 430 Ρ.
1437 368 1740 429 POSSINI
1780 366 2019 428 OBSRR

2130 368 2424 430 TlONUM
2468 371 2611 433 LIB.
2656 372 2768 432 ΙΙΙ.
3570 378 3664 440 843

448 497 571 536 sam
614 480 769 535 lateri
799 482 1035 535 litteram
1104 480 1143 534 Β
1187 480 1349 536 habet
1402 482 1453 537 in
1512 483 1718 553 vulgari
1753 482 2019 538 Kalenda-
2054 488 2096 543 Α
2128 497 2156 534 a
2179 482 2389 536 Joanne
2415 483 2610 538 Cosma
2647 499 2831 539 coram
2864 484 2915 538 in
2934 498 2995 539 os
3019 485 3329 540 Andronico
3352 483 3661 559 Augustoin-

448 575 550 636 rio,
587 580 1083 641 proutoportnerat
1111 583 1165 627 ut
1194 572 1332 647 feria.
1365 584 1519 628 sexta
1570 575 1781 629 censeri
1818 585 2018 643 posset,

447 666 541 718 sed
571 665 809 719 litteram
850 665 912 729 F,
946 664 1096 719 ferite
1131 665 1300 721 tertia:
1350 666 1581 721 indicem
1611 669 1829 736 quando
1866 666 1906 720 D
1935 667 2022 723 fe-

449 756 585 808 riam
669 752 903 825 primam
965 756 1080 810 sive
1133 756 1275 810 diem
1336 757 1670 813 Dominicam
1746 758 2017 827 designat.

448 848 688 903 Omnino
715 864 856 903 unus
885 850 936 903 in
990 857 1104 907 toto
1149 866 1291 904 anno
1334 860 1416 905 est
1462 851 1664 905 mensis
1723 853 2019 920 Augustus,

450 940 606 1006 cujus
634 940 740 994 diei
767 942 1266 1012 'vicesimaaprima:
1295 941 1475 997 littera
1528 943 1570 996 Β
1616 957 1759 998 anno
1796 944 1885 999 tali
1944 945 2024 1000 fe-

451 1033 587 1084 riam
641 1042 852 1086 sextam
886 1034 1135 1087 indicans
1178 1036 1245 1089 ad
1302 1034 1442 1089 latus
1502 1036 1716 1105 appicta
1753 1039 2020 1091 cernitur.

452 1123 566 1178 Hoc
597 1125 762 1195 igitur
803 1126 919 1191 ipso
951 1140 1135 1179 mense
1184 1126 1479 1196 contigisse
1525 1128 1765 1194 Oportuit
1814 1144 2022 1184 memo-

449 1225 654 1281 ratam,
680 1230 731 1285 p.
761 1216 888 1279 ⁸584,
926 1230 953 1268 a
988 1216 1323 1287 Pachymere
1358 1220 1753 1287 promotionem
1781 1221 2025 1274 Athana-

448 1308 537 1361 sii.
570 1309 643 1360 Ac
670 1322 800 1360 sane
836 1308 1029 1362 suadet
1075 1308 1215 1361 idem
1246 1308 1336 1363 ille
1389 1310 1684 1365 vehemens
1743 1313 1872 1367 solis
1922 1314 2023 1367 tia-

453 1399 859 1466 grantismstus,
876 1415 981 1468 quo
1001 1409 1281 1453 excoctum
1310 1400 1482 1457 fuisse
1510 1403 1875 1457 Andronicum
1897 1408 2022 1460 dum

450 1489 558 1544 hoc
589 1501 777 1558 ageret
805 1490 1175 1561 Pachymeres
1214 1492 1390 1545 innuit
1416 1493 1599 1546 verbis
1621 1494 1752 1560 illis,
1776 1496 1867 1547 ὑπ’
1898 1497 2022 1565 ἀέρι

453 1581 567 1650 πῦρ
613 1582 825 1635 πνέοντι
862 1583 958 1636 καὶ
996 1584 1237 1653 καιρικῷ
1296 1583 1499 1650 πνίγει,
1535 1586 1631 1639 sub
1670 1603 1790 1639 aere
1852 1588 2022 1658 ignem

449 1674 711 1739 spirante,
736 1690 797 1727 ac
845 1684 1001 1741 prout
1048 1675 1144 1727 (ali
1198 1683 1501 1744 tempestate
1544 1677 1673 1730 solet
1722 1679 1858 1745 ﬁeri,
1898 1696 2026 1744 pene

450 1764 745 1830 att/forante
773 1765 1038 1818 trahentes
1070 1764 1317 1817 halitum.
1352 1763 1482 1829 Quae
1531 1782 1690 1820 nemo
1732 1784 1836 1820 non
1888 1769 2024 1823 fate-

451 1857 599 1910 bitur
619 1854 813 1910 Sextili
855 1859 971 1912 sive
991 1857 1235 1924 Augusto
1267 1858 1467 1919 mensi,
1492 1858 1594 1913 sub
1647 1859 1844 1914 Leonis
1872 1863 2025 1931 signo

450 1947 812 2002 etCanicula’
859 1949 1042 2003 sidere
1098 1947 1255 2017 longe
1310 1949 1554 2003 omium
1620 1952 2024 2015 ardentissimo,

452 2037 651 2091 eximie
685 2040 994 2094 convenire.

529 2128 615 2184 Vl.
651 2130 797 2186 Idem
833 2131 1033 2185 astruit
1063 2132 1197 2187 ordo
1219 2142 1495 2201 gestarum
1538 2140 1593 2188 et
1627 2149 1655 2188 a
1688 2134 2028 2207 Pachymere

456 2231 883 2277 memoratarum
925 2238 1133 2287 rerum,
1167 2239 1287 2291 quae
1320 2232 1513 2281 exacte
1572 2233 1739 2280 totum
1777 2219 2026 2296 'spatium

454 2317 602 2370 inter
635 2315 777 2369 diem
823 2314 885 2368 I9
928 2312 1177 2368 Januarii
1217 2324 1270 2369 et
1312 2316 1512 2370 mensis
1536 2315 2029 2385 Augustiﬂlcom—

453 2410 625 2475 plent,
680 2416 739 2461 ut
803 2406 1044 2461 breviter
1098 2408 1436 2462 demonstro.
1478 2407 1665 2463 Refert
1712 2407 2026 2477 historicus,

455 2500 485 2552 1.
527 2514 576 2561 v,
609 2514 658 2552 c.
687 2500 744 2561 2,
778 2498 962 2553 statim
993 2513 1019 2550 a
1051 2498 1373 2568 refrigerato
1430 2499 1608 2568 primo
1665 2499 1756 2555 illo
1806 2502 2028 2566 ardore,

456 2607 563 2657 quo
586 2591 637 2644 in
666 2590 946 2643 Athanasii
974 2589 1357 2657 repositionem
1382 2588 1435 2642 in
1471 2589 1600 2642 sede
1626 2590 1712 2643 die
1738 2590 1805 2646 I9
1830 2588 2031 2645 Janua-

456 2684 519 2735 rii
546 2682 745 2751 passim
771 2695 962 2735 omnes
988 2681 1194 2748 abrepti
1224 2680 1462 2746 fuerant,
1492 2696 1596 2735 non
1633 2696 1838 2751 paucos
1886 2683 2030 2737 anti-

456 2778 640 2827 stitum
702 2773 929 2827 adversa
975 2772 1022 2825 ei
1070 2773 1398 2840 promotioni
1439 2774 1614 2827 studia
1671 2784 2026 2830 monstrasse.

456 2867 569 2929 Qua
618 2863 964 2918 contentione
990 2861 1244 2922 durante,
1306 2861 1455 2913 τιςίιίι
1503 2859 1863 2929 Pacbymeres
1904 2879 2028 2917 mox

458 2975 511 3025 ν.
542 2956 667 3020 576,
699 2954 1289 3010 Andronicumdielnts
1330 2953 1712 3024 Tyropltagiae,
1764 2956 1857 3024 qui
1902 2971 2030 3023 pro-

457 3050 600 3102 xime
632 3047 1124 3115 quadragenarium
1154 3043 1419 3112 jejunium
1450 3050 1784 3114 praecedunt,
1828 3044 2028 3103 adiisse

2127 582 2422 642 tentatum;
2454 576 2648 644 quibus
2717 576 3059 644 absumptum
3102 576 3295 631 Maium
3348 594 3570 634 mensem
3618 594 3665 637 et

2124 662 2345 720 Junium
2389 682 2493 722 non
2541 676 2742 723 temere
2771 670 3009 735 prudens
3057 669 3358 724 aestimator
3408 684 3472 725 ex
3511 673 3665 728 histu-

2126 758 2225 811 rici
2257 758 2437 813 verbis
2471 762 2861 825 autumaverit,
2896 762 3067 816 donec
3113 775 3300 816 mense
3346 762 3501 828 Julio,
3547 765 3665 819 nihil

2125 849 2192 902 ab
2255 850 2323 904 iis
2397 852 2499 906 sibi
2564 855 2891 919 speranium
2954 854 3298 909 Andronicus
3357 855 3540 911 videns
3608 857 3666 911 ad

2125 941 2522 1009 exemptionem
2551 944 2792 1011 serupuli
2826 958 2986 1011 quem
3035 945 3150 1011 eius
3197 946 3377 1000 animo
3427 947 3667 1012 iniecerat

2124 1030 2568 1087 molestissimum
2596 1035 2871 1104 inopinata
2896 1036 2984 1088 illa
3003 1034 3232 1090 Joannis
3292 1037 3500 1092 Cosmte
3535 1053 3669 1093 com-

2128 1122 2356 1175 minatio
2389 1125 2993 1190 excommunicationis,
3026 1141 3085 1183 se
3136 1138 3351 1187 vertere
3391 1129 3593 1191 statuit,
3627 1139 3672 1180 et

2126 1214 2286 1284 longo
2317 1223 2561 1285 tempore
2591 1230 2688 1285 per
2722 1217 2919 1272 missos
2938 1217 3120 1273 varios
3139 1218 3402 1273 ebiandiri
3428 1236 3453 1271 a
3482 1216 3671 1272 Joanne

2128 1302 2247 1370 ipso
2275 1313 2507 1358 conatus
2526 1316 2609 1359 est
2660 1308 3061 1362 revocationem
3096 1310 3458 1363 anathematis
3505 1310 3675 1375 illius;

2128 1393 2281 1461 Cujus
2317 1394 2528 1447 tandem
2577 1394 2684 1448 voti
2717 1411 2937 1463 compos
2983 1407 3064 1453 est
3125 1397 3322 1460 factus,
3372 1399 3424 1452 in
3458 1406 3675 1464 optatam

2128 1484 2229 1553 ipsi
2271 1488 2597 1541 sententiam
2632 1487 2717 1557 IP.
2740 1486 2867 1559 572]
2911 1489 3055 1542 edita
3089 1491 3455 1545 declaratione
3506 1490 3679 1544 remis-

2128 1574 2298 1625 sionis
2334 1575 2402 1629 ab
2434 1577 2622 1630 eodem
2682 1578 2982 1644 impetrata:
3027 1577 3237 1635 Joanne
3275 1580 3503 1645 Cosma;
3534 1594 3677 1647 quam

2128 1667 2453 1735 scripturam
2498 1668 2797 1734 imperator
2823 1670 3030 1738 accepit
3075 1671 3210 1724 feria
3266 1671 3357 1724 illa
3387 1679 3536 1725 sexta
3592 1684 3677 1723 ea-

2130 1762 2358 1827 demque
2395 1761 2482 1813 die
2527 1760 2786 1815 vicesima
2818 1763 2995 1832 prima
3052 1766 3257 1820 mensis
3304 1763 3549 1835 Augusti,
3601 1779 3682 1817 su-

2134 1869 2226 1922 pra
2275 1865 2570 1908 memorata
2603 1855 2823 1924 srepius.
2859 1854 3018 1910 Unde
3038 1857 3217 1910 triduo
3247 1868 3398 1923 post,
3441 1856 3528 1910 die
3550 1869 3683 1908 men-

2130 1945 2207 1999 sis
2236 1945 2475 2013 ejusdem
2515 1948 2771 2001 vicesima
2831 1947 2987 2002 tertia
3033 1948 3395 2004 Athanasium
3446 1948 3498 2002 in
3551 1946 3683 2002 sedis

2129 2038 2512 2104 patriarchalis
2545 2039 2792 2092 iteratam
2825 2040 3223 2105 possessionem
3278 2042 3577 2108 imperator
3606 2041 3683 2091 in-

2130 2130 2301 2183 duxit.
2340 2130 2416 2182 En
2452 2137 2504 2183 ut
2538 2133 2815 2185 successio
2865 2143 2919 2185 et
2945 2140 3238 2188 contextus
3267 2142 3517 2188 actorum
3555 2130 3685 2187 illius

2131 2222 2259 2275 anni
2285 2224 2533 2276 eumdem
2561 2239 2659 2279 nos
2686 2225 2736 2277 in
2766 2225 2941 2279 locum
2974 2225 3311 2292 pedetentim
3342 2225 3509 2290 ducit,
3537 2237 3685 2292 quem

2132 2315 2321 2383 procul
2352 2316 2512 2385 quasi
2538 2317 2952 2386 signaveramus
3011 2317 3216 2373 indicio
3269 2319 3387 2373 alte
3427 2333 3485 2372 se
3521 2325 3691 2372 osten-

2134 2410 2299 2464 tantis
2350 2407 2689 2465 characteris
2736 2409 3133 2480 cbronologiei,
3184 2410 3288 2465 hoc
3352 2418 3437 2465 est
3483 2408 3694 2474 conjun-

2133 2499 2330 2553 ctionis
2365 2496 2515 2554 ferite
2552 2510 2722 2554 sextae
2762 2517 2884 2553 cum
2913 2502 2998 2555 die
3042 2502 3271 2571 Augusti
3296 2502 3365 2555 Ἣ
3395 2519 3408 2566 ;
3436 2515 3551 2571 qua!
3575 2513 3690 2553 con-

2125 2587 2339 2656 junctio
2367 2602 2488 2641 cum
2516 2603 2716 2640 annum
2743 2588 2923 2658 exigat
2963 2588 3117 2658 cyclo
3181 2588 3318 2642 solis
3348 2588 3418 2643 25
3475 2583 3687 2655 insigni-

2134 2689 2271 2745 tum,
2305 2680 2483 2748 qualis
2516 2680 2697 2734 nullus
2730 2681 2830 2733 isto
2865 2692 3167 2748 temporum
3222 2689 3405 2735 tractu
3448 2679 3580 2732 alius
3611 2684 3690 2730 θαι

2133 2772 2199 2826 ab
2236 2787 2378 2826 anno
2433 2773 2525 2841 qui
2577 2773 2629 2824 in
2669 2786 2777 2824 a‘ra
2829 2769 3142 2825 Christiana
3186 2782 3506 2825 numeratur
3539 2782 3691 2837 quar-

2136 2874 2222 2917 tus
2251 2878 2412 2932 supra
2450 2863 2893 2918 trecentesimum
2929 2872 2986 2917 et
3015 2862 3390 2926 millesimum,
3425 2859 3693 2916 restatde-

2133 2964 2492 3010 monstratum
2552 2970 2694 3009 anno
2746 2954 2946 3008 Christi
2990 2954 3149 3019 1504,
3200 2955 3291 3008 die
3334 2954 3406 3009 25
3454 2948 3691 3023 Augusti,

2132 3047 2363 3102 desiisse
2415 3046 2848 3116 patriarcbatum
2904 3045 3135 3101 Joannis
3174 3046 3412 3111 Cosntae,
3464 3045 3695 3099 Athana-

455 3140 716 3194 Joannem
768 3136 1041 3191 Cosmam.
1092 3132 1217 3187 Fuit
1287 3134 1379 3189 illo
1451 3150 1592 3189 anno
1650 3134 1784 3189 feria
1837 3136 2098 3215 qua‘rtac
2132 3138 2271 3193 sium
2326 3147 2505 3193 autem
2545 3138 3161 3206 Constantinopolitanae
3212 3138 3473 3195 Ecclesiae
3523 3135 3696 3209 praesi-

455 3233 712 3285 Cinerum
748 3230 867 3283 dies
900 3225 1179 3279 undecima
1208 3224 1531 3290 Februarii;
1572 3227 1710 3280 unde
1763 3226 1850 3280 illa
1897 3243 2024 3296 pro-

457 3322 620 3375 fectio
646 3321 994 3389 imperatoris
1025 3321 1092 3371 ad
1127 3315 1393 3371 Joannem
1425 3318 1610 3386 aliquo
1640 3327 1875 3387 septem.
1905 3321 2027 3375 die-

458 3430 573 3467 rum
602 3413 940 3467 undecimam
989 3410 1270 3464 Fcbruarii
1299 3410 1440 3464 diem
1469 3410 1691 3479 ὰμέσως
1716 3413 2029 3479 prmceden-

457 3508 591 3560 tium
628 3504 924 3572 contigisse
977 3503 1185 3559 debuit.
1248 3502 1443 3557 Narrat
1506 3513 1690 3571 postea
1738 3503 2031 3560 hiStoricus

459 3599 766 3668 perculsum
798 3597 1168 3651 Andronicum
1197 3596 1765 3651 excommunicatione
1798 3612 1825 3650 a
1852 3596 2028 3652 Joan-

461 3709 548 3755 ne,
575 3699 858 3760 postquam
890 3689 1040 3742 illum
1073 3690 1189 3755 ipse
1216 3704 1402 3743 rerum
1432 3690 1612 3743 adhuc
1658 3690 2027 3758 patriarcham

460 3790 778 3853 agnoverat,
799 3781 852 3833 in
873 3795 967 3833 eos
986 3781 1254 3833 intentata
1275 3780 1365 3847 qui
1392 3780 1746 3834 Athanasium
1770 3797 2032 3853 reponere

456 3877 514 3930 in
556 3875 683 3928 sede
707 3872 1047 3934 molirentur,
1083 3873 1313 3925 multum
1345 3871 1622 3927 remisisse
1665 3876 1730 3927 de
1761 3876 1941 3929 studio
1977 3877 2028 3930 in

456 3984 576 4021 cam
614 3965 1009 4020 restitutionem
1056 3978 1174 4017 suo.
1225 3962 1547 4031 Supervenit
1600 3963 1686 4019 his
1718 3966 1937 4021 morbus
1979 3976 2030 4021 ct

456 4074 608 4113 mors
638 4056 938 4111 Theodore:
971 4055 1227 4123 Augusta:
1282 4054 1468 4108 matris
1499 4055 1819 4119 Andronici,
1872 4058 2033 4111 rebus

454 4149 715 4203 humanis
756 4147 919 4218 790
965 4146 1261 4201 subtractae
1308 4142 1444 4217 feria
1498 4151 1732 4203 secunda
1786 4150 2033 4204 secundae

452 4242 786 4312 jejuniorum
821 4240 1197 4300 hebdomada‘,
1228 4237 1334 4291 hoc
1364 4248 1449 4292 est
1475 4238 1563 4292 die
1614 4239 1893 4293 Februarii
1946 4241 2036 4294 de-

454 4332 596 4385 rima
627 4339 802 4391 sexta,
834 4338 890 4381 ut
942 4342 996 4397 p.
1029 4326 1133 4380 577
1173 4328 1438 4390 refertur;
1464 4328 1913 4398 significaturque
1935 4329 2035 4383 ibi-

454 4431 578 4476 dem
606 4435 765 4472 curas
799 4420 1078 4471 universas
1110 4417 1449 4486 imperatoris
1476 4420 1542 4471 ad
1571 4420 2031 4480 curandatn,dutn

458 4511 763 4581 a'grotavit,
786 4517 837 4562 et
862 4519 1148 4576 postquam
1200 4507 1313 4563 fato
1372 4508 1557 4562 functa
1598 4517 1702 4569 est,
1748 4510 2034 4578 magniﬁco

459 4621 523 4658 ac
555 4604 700 4672 regio
731 4601 918 4654 funere
958 4601 1338 4656 honorandam
1389 4609 1616 4654 matrem
1651 4615 1777 4655 esse
1807 4617 2032 4655 conver-

457 4712 568 4752 sas.
611 4696 741 4747 l’uat
771 4694 1067 4749 Pascbaies
1110 4709 1213 4749 non
1243 4709 1440 4764 magno
1469 4692 1596 4747 inde
1628 4693 1917 4746 intervallo
1949 4708 2033 4746 se-

451 4803 614 4841 mitas
645 4788 814 4841 ferias
841 4787 961 4841 alia:
995 4796 1250 4854 urgentes
1283 4787 1707 4841 domesticorum
1740 4784 2031 4838 affectuum

454 4881 853 4935 sollicitudines
901 4878 1194 4931 Andronici
1253 4877 1492 4937 animum
1532 4892 1560 4928 a
1617 4877 1904 4947 cogitando
1968 4878 2035 4931 de

456 4973 763 5028 Athanasio
813 4981 1153 5034 averterunt,
1204 4985 1333 5022 cura
1395 4968 1648 5021 nimirum
1708 4969 2033 5022 adornandaa

452 5065 814 5134 profectionis
868 5063 1050 5116 Irenes
1108 5077 1221 5115 suae
1280 5060 1525 5127 conjugis
1589 5058 2034 5112 Thessalonicam

456 5156 773 5227 cogitantis,
794 5170 847 5209 et
877 5155 1190 5222 nuptiarum
1218 5150 1446 5204 Joannis
1497 5150 1734 5218 despotze
1790 5150 1872 5203 sui
1939 5152 2031 5204 lilii

462 5267 582 5302 cum
621 5250 726 5303 tilia
778 5248 1015 5303 Chnmni
1045 5245 1125 5297 sui
1161 5244 1400 5312 printarii
1468 5243 1701 5297 ministri
1753 5243 2035 5297 celebran-

465 5342 691 5403 darum;
727 5354 847 5409 quae
877 5338 1056 5404 capite
1098 5335 1290 5401 quinto
1341 5341 1734 5396 memorantur,
1789 5342 1843 5386 et
1880 5332 2037 5385 facile

466 5434 580 5487 dies
613 5448 641 5485 a
694 5429 900 5484 Pascha
936 5427 1249 5496 quindecim
1298 5426 1656 5495 expleverint.
1700 5424 1894 5478 Incidit
1937 5440 2036 5475 au-
2082 5412 2109 5429 ”

465 5539 570 5580 tem
615 5524 707 5578 illo
742 5538 885 5577 anno
931 5522 1132 5575 Pascha
1185 5520 1235 5573 in
1280 5519 1420 5571 diem
1459 5517 1529 5571 ‘29
1592 5517 1790 5573 Martii.
1843 5515 2037 5571 Adulto

466 5619 630 5687 igitur
650 5615 761 5684 jam
812 5612 999 5682 Aprile
1053 5620 1388 5679 resumptum
1447 5610 1699 5662 Ecclesiae
1760 5608 2035 5677 negotium

464 5719 577 5771 est;
611 5718 666 5761 et
697 5706 866 5771 longa:
900 5704 1001 5757 ille
1036 5720 1083 5756 ιι.
1131 5702 1163 5755 6
1195 5703 1445 5756 indicata:
1486 5700 1696 5753 institui
1721 5699 1789 5752 ab
1828 5700 2037 5764 episco-

460 5798 547 5866 pis
579 5794 993 5850 deliberationes
1019 5804 1208 5864 emptae
1246 5784 1391 5850 circa
1412 5790 2031 5847 excontmunicationcm

2129 3232 2255 3285 dere
2286 3231 2484 3284 iterum
2511 3231 2772 3298 coepisse.
2808 3230 2964 3285 Unde
3015 3233 3385 3299 consequitur
3443 3229 3693 3287 Joannem

2128 3322 2382 3376 Cosmam
2412 3321 2732 3376 aKalendis
2787 3320 3067 3376 Januariis
3110 3323 3238 3374 anni
3283 3322 3487 3378 Christi
3549 3319 3693 3382 1294,

2129 3409 2194 3460 ad
2219 3408 2362 3463 diem
2385 3407 2457 3462 25
2484 3408 2708 3478 Augusti
2733 3409 2857 3462 anni
2889 3410 3090 3465 Christi
3112 3410 3275 3471 43M,
3298 3413 3460 3466 annis
3491 3425 3693 3471 novem,

2129 3511 2339 3567 septem
2379 3500 2657 3555 mensibus
2677 3510 2732 3556 et
2775 3500 2848 3554 ΞΕ
2896 3512 3160 3571 praeterea
3214 3503 3435 3570 diebus,
3479 3502 3696 3571 patriar-

2132 3592 2351 3646 chatum
2386 3594 2647 3647 tenuisse.

2203 3683 2317 3741 VII.
2354 3684 2542 3738 Restat
2569 3685 2658 3739 hic
2683 3686 3027 3740 definiendus
3058 3702 3238 3742 annus
3262 3680 3443 3743 eventi
3496 3683 3696 3741 notabi-

2132 3778 2204 3830 Iis
2235 3791 2264 3829 a
2292 3788 2483 3830 nostro
2523 3777 2784 3831 historico
2811 3779 2965 3833 relati
2998 3778 3032 3832 l.
3067 3793 3149 3839 Ill.
3174 3794 3225 3833 c.
3270 3778 3368 3844 24,
3405 3779 3547 3846 quod
3590 3776 3698 3830 sine

2134 3868 2297 3923 dubio
2325 3868 2391 3923 ad
2424 3870 2853 3938 patriarchatum
2884 3870 3111 3924 Joannis
3147 3870 3361 3925 Cosme:
3412 3871 3504 3924 hic
3531 3884 3559 3923 a
3612 3880 3700 3919 no-

2136 3961 2217 4014 bis
2252 3960 2635 4029 cltronologica
2655 3962 2869 4015 ratione
2897 3961 3178 4015 definitum
3213 3965 3480 4029 pertinet.
3522 3957 3699 4014 Refert

2136 4045 2255 4100 loco
2303 4046 2521 4101 laudato
2576 4048 2941 4117 Pachymeres
3006 4063 3201 4116 pueros
3235 4051 3527 4120 quosdam,
3581 4048 3698 4102 dum

2137 4152 2327 4193 mense
2358 4136 2665 4206 Septembri
2699 4140 2857 4194 nidos
2900 4139 3274 4194 columbarum
3339 4145 3394 4196 in
3459 4139 3700 4198 catechu-

2136 4233 2341 4284 meneis
2362 4240 2761 4293 scrutarentur,
2812 4238 2981 4283 testas
3041 4231 3197 4301 791
3260 4236 3530 4302 reperisse
3567 4232 3699 4284 intra

2135 4336 2270 4390 quas
2325 4321 2661 4376 Athanasius
2721 4323 3059 4391 patriarrhio
3129 4340 3464 4381 excessurus
3511 4324 3700 4391 scripta

2139 4413 2385 4481 qntedam
2424 4414 2741 4478 incluserat,
2781 4424 2945 4484 prout
2998 4417 3138 4469 idem
3172 4426 3522 4480 narraverat,
3559 4430 3609 4471 c.
3633 4411 3701 4466 22

2062 4487 2113 4548 Ῑ)
2144 4505 2377 4572 (123,1.
2411 4521 2472 4559 ll.
2529 4505 2721 4560 llissic
2767 4507 2996 4573 prolatis
3032 4507 3243 4562 chartis
3300 4510 3576 4563 turbatum
3619 4519 3701 4558 Ve-

2135 4597 2420 4652 hementer
2468 4598 2835 4653 Andronicum
2867 4598 3037 4654 fuisse
3072 4611 3294 4668 propter
3355 4605 3701 4655 memoratum

2138 4689 2249 4743 illic
2283 4691 2572 4744 anathema
2598 4688 2666 4743 ab
2688 4691 2989 4745 Athanasio
3033 4694 3294 4746 intortum
3326 4696 3382 4747 in
3418 4699 3704 4747 adversan-

2139 4792 2222 4835 tes
2257 4782 2380 4835 sibi.
2422 4783 2610 4849 Itaque
2667 4781 2931 4849 allegwsse
2964 4794 3141 4838 certos
3168 4783 3426 4839 homines
3461 4784 3524 4837 ad
3544 4781 3705 4835 Atha-

2137 4869 2351 4920 nasium
2385 4869 2642 4936 privatim
2676 4870 2729 4923 in
2760 4872 3095 4925 monasterio
3129 4874 3444 4941 degentem,
3500 4871 3587 4938 qui
3646 4882 3707 4921 ex

2136 4974 2204 5013 eo
2230 4961 2497 5013 rescirent
2522 4975 2591 5013 an
2622 4970 2679 5014 et
2725 4976 2836 5029 quo
2859 4962 3045 5017 animo
3071 4963 3172 5018 ista
3233 4964 3568 5032 scripsisset.
3617 4958 3707 5012 llis

2136 5069 2258 5107 eum
2285 5052 2577 5109 tradidisse
2621 5053 2908 5123 scriptum,
2962 5071 3068 5122 quo
3117 5056 3504 5123 imperatorem
3563 5050 3703 5109 omni

2128 5147 2367 5200 exsolvit
2429 5147 2704 5216 scrupulo.
2773 5147 3046 5216 Scriptum
3110 5157 3289 5209 autem
3341 5149 3487 5201 istud
3548 5145 3710 5199 fuisse

2138 5241 2518 5309 consignatum
2579 5252 2704 5294 nota
2774 5242 3041 5309 temporis
3104 5240 3210 5306 ait,
3251 5240 3463 5295 mensis
3509 5238 3702 5306 Aprilis
3752 5312 3756 5317 ψ

2137 5342 2193 5386 et
2262 5333 2578 5387 ittdiCtionis
2629 5334 2690 5386 ll
2752 5332 3012 5403 (p.256).
3076 5332 3242 5403 Igitur
3307 5332 3360 5387 id
3429 5327 3709 5397 contigerit

2139 5439 2284 5478 anno
2314 5423 2519 5478 Christi
2561 5423 2717 5488 1298,
2775 5440 2880 5493 quo
2922 5426 3291 5480 certissimum
3348 5434 3433 5477 est
3463 5419 3705 5476 indictio-

2128 5528 2262 5569 nem
2294 5513 2357 5566 11
2395 5511 2563 5567 fuisse
2584 5524 2924 5578 numeratam
2959 5516 3170 5569 Graia-is
3195 5530 3225 5568 a
3258 5511 3567 5582 Septembri
3587 5506 3703 5561 anni

2128 5605 2517 5673 praecedentis,
2579 5606 2783 5661 Latinis
2834 5622 2862 5662 a
2898 5607 3162 5661 Kalendis
3213 5606 3510 5663 Januariis.
3581 5598 3706 5655 illud

2142 5696 2234 5749 hic
2276 5698 2518 5750 occurrit
2546 5697 2974 5761 incommodum,
3002 5699 3147 5766 quod
3182 5697 3382 5752 littera:
3414 5696 3529 5750 istae
3547 5692 3709 5747 Atha—

2142 5789 2281 5844 nasii
2331 5788 2721 5845 declaratriccs
2804 5791 3004 5847 mentis
3080 5791 3198 5861 ejus
3263 5803 3455 5843 mense
3502 5787 3705 5842 demunt
