4036 6398
473 365 577 435 851

1381 382 1453 444 P.
1486 374 1795 442 POSSINI
1825 370 2478 435 OBSERVATIONUM
2520 373 2671 437 LIB.
2712 371 2830 432 Ili.

3637 375 3733 437 852

490 487 710 544 initium
761 488 863 546 fuit
897 506 1124 562 prorsus
1167 494 1303 551 hora
1337 493 1496 549 tertia
1543 490 1722 547 noctis
1753 483 2070 543 Constanti-
2102 493 2143 544 Α
2174 484 2275 529 tota
2298 480 2492 529 duralio
2517 480 2719 543 eclipsis
2988 483 3019 533 ο
3202 484 3233 531 5
3383 482 3446 531 ει
3594 483 3651 531 20

485 579 692 646 ηοροῐί,
750 590 812 634 ιιι
865 584 1068 651 patebit
1117 600 1186 641 ex
1248 585 1460 640 calculo
1515 582 1653 638 inira
1701 578 1939 646 scripto;
2008 580 2066 627 et

484 670 660 738 quoad
692 671 794 726 hoc
819 674 1110 744 respondit
1155 688 1348 732 exacte
1390 675 1640 731 relationi
1680 668 2060 739 Pachymeris.

744 774 750 780 ’
1050 788 1151 843 lilll
1172 789 1486 845 Conclusio.

548 902 912 974 Recuperatio
954 906 1171 961 luminis
1206 916 1331 977 post
1358 908 1509 960 hora
1554 905 1810 959 trientem
1847 910 2058 957 asserta

480 1009 510 1047 a
539 993 874 1066 Pachymere
900 1012 1006 1051 non
1037 996 1140 1051 fuit
1170 1013 1303 1052 vera
1338 997 1684 1066 rer-uperatio
1717 994 1936 1048 luminis
1966 1007 2058 1046 ra-

481 1087 689 1140 diorum
750 1088 880 1142 solis
936 1089 1146 1143 directe
1193 1089 1378 1143 lunam
1437 1087 1881 1149 illuminantium,
1931 1098 2055 1138 cum

480 1177 605 1229 luna
638 1188 844 1232 morata
876 1180 943 1232 sit
993 1195 1179 1233 revera
1212 1181 1265 1233 in
1293 1182 1482 1233 umbra
1519 1188 1683 1234 terra;
1718 1180 1852 1232 hora
1882 1179 1931 1240 1,
1959 1176 2053 1238 12.

476 1267 572 1332 21,
607 1270 701 1322 sed
738 1272 807 1325 ob
854 1271 1032 1325 radios
1063 1271 1191 1326 solis
1228 1272 1490 1327 refractus
1540 1270 1845 1326 rubicunda
1890 1269 2055 1335 cepit

475 1374 760 1427 apparere,
793 1361 919 1415 licet
963 1361 1108 1415 intra
1161 1363 1407 1416 umbram
1446 1373 1615 1427 esset,
1648 1372 1706 1417 ut
1735 1363 2054 1431 plerumque

475 1452 654 1504 evenit
687 1452 736 1503 in
767 1452 1059 1517 cclipsibus
1090 1453 1369 1516 totalibus,
1394 1453 1545 1520 juxta
1579 1469 1641 1509 ea
1667 1469 1789 1524 quae
1821 1452 2051 1509 demon-

472 1544 639 1596 stravi
675 1544 727 1596 in
754 1559 779 1593 ν
812 1545 950 1598 libro
981 1543 1272 1614 Almagesti
1299 1542 1461 1612 Novi,
1498 1561 1547 1600 c.
1579 1545 1635 1600 5.

839 1678 926 1752 [ρ.
965 1679 1093 1753 575]
1124 1681 1288 1753 79:.
1317 1680 1686 1739 CALCULUS

469 1789 699 1859 Eclipsis
735 1791 876 1845 [unm
923 1796 1104 1848 (atatis
1138 1813 1255 1849 cum
1298 1813 1466 1861 mora,
1509 1798 1633 1850 visre
1661 1795 2038 1851 Constantino-

539 1846 645 1927 péti
670 1878 807 1915 anno
840 1846 1038 1918 Christi
1065 1846 1639 1929 aeternitate}.-
1669 1846 2037 1931 aza'it‘,".’.3a¢
2070 1846 2115 1906 Β

542 1933 801 2001 sequenti.

467 2043 694 2107 Altitudo
716 2046 818 2107 poli
858 2047 1298 2107 Constantinopoli.
1399 2048 1545 2099 Grad.
1581 2048 1641 2098 42
1675 2048 1753 2098 56.

468 2104 775 2177 Meridianim
800 2104 1251 2177 anstantirtopo'lis

530 2166 820 2216 orientaiior
846 2166 1140 2216 Bononiensi
1166 2169 1275 2219 hor.
1421 2169 1439 2219 1
1477 2170 1538 2218 20
1571 2171 1650 2219 26.

466 2269 688 2331 Tempus
710 2268 899 2329 aequale
923 2268 1188 2331 pienilunii
1216 2277 1327 2328 post
1348 2272 1527 2322 merid.
1652 2273 1760 2323 hor.
1797 2275 1856 2324 10
1888 2277 1946 2323 57
1983 2278 2043 2325 52

464 2331 681 2393 Tempus
711 2344 953 2392 apparens
974 2331 1238 2392 plenilunli
1263 2341 1372 2394 post
1399 2336 1576 2385 merid.
1651 2336 1761 2385 hor.
1799 2336 1855 2384 10
1886 2338 1948 2385 25
1985 2338 2043 2385 20

1213 2434 1364 2498 Signa
1415 2437 1563 2489 Grad.
1598 2440 1718 2489 min.
1755 2438 1799 2490 1.
1836 2438 1954 2488 min.
1992 2441 2036 2490 2.

464 2493 903 2556 Solisveruslocus
927 2495 977 2545 in
1002 2493 1164 2556 Aqua-
1270 2493 1296 2498 “’
1821 2530 1832 2540 .

527 2554 603 2606 rio
630 2562 735 2616 post
763 2558 903 2615 signa
1058 2554 1071 2556 ⁷
1277 2558 1338 2607 10
1493 2560 1523 2607 2
1677 2563 1739 2608 55
1897 2560 1957 2608 18

525 2617 896 2678 apogeisolaris
921 2617 1060 2666 locus
1306 2621 1335 2667 3
1492 2621 1524 2668 2
1677 2624 1740 2671 29
1893 2623 1957 2671 58

525 2676 767 2746 anomalia
805 2678 925 2726 solis
942 2687 1150 2746 aequata
1309 2680 1341 2729 ϐ
1465 2681 1527 2730 29
1678 2684 1742 2734 55
1894 2684 1957 2733 58

460 2741 592 2791 lunae
617 2742 752 2788 locus
774 2752 921 2789 verus
939 2741 986 2788 in
1022 2742 1190 2792 Leone

521 2816 611 2849 seu
636 2806 742 2861 post
770 2800 905 2861 signa
1313 2803 1342 2848 1
1494 2805 1525 2852 5
1679 2806 1739 2854 55
1895 2805 1955 2854 18

451 2920 455 2926 7
523 2862 764 2926 anomalia
809 2862 937 2926 Iunge
971 2868 1223 2926 coaequata
1307 2863 1339 2913 5
1464 2865 1529 2915 29
1682 2867 1742 2915 14
1894 2868 1958 2916 44

522 2922 639 2971 nodi
665 2926 708 2970 Ω
753 2921 969 2972 borealis
987 2921 1120 2974 lunai
1144 2927 1217 2974 lo-

522 2997 612 3032 cus
639 2984 833 3031 medius
1275 2986 1337 3037 10
1495 2989 1524 3035 1
1676 2989 1733 3038 21
1891 2988 1947 3038 51

524 3051 579 3092 et
640 3045 759 3091 nodi
814 3044 1043 3095 australis
1075 3058 1119 3103 υ
1310 3051 1343 3096 1
1492 3049 1526 3098 1
1676 3049 1734 3098 2l
1890 3051 1948 3100 51

524 3106 761 3155 distantia
790 3107 922 3154 luna
973 3120 1001 3155 a
1052 3106 1180 3155 nodo

524 3167 729 3216 australi
1307 3170 1337 3219 0
1494 3172 1520 3221 1
1682 3174 1739 3225 18
1895 3174 1956 3224 15

523 3240 676 3276 verus
710 3227 864 3290 igitur
886 3226 1029 3277 locus
1050 3228 1166 3279 nodi
1188 3242 1232 3290 ο

525 3287 757 3338 australis
1200 3287 1218 3290 θ
1307 3291 1338 3338 4
1492 3295 1527 3345 4
1679 3293 1740 3345 15
1894 3296 1955 3345 46

462 3352 594 3401 luna:
627 3349 837 3399 latitudo
858 3351 1068 3398 maxima
1306 3351 1339 3402 0
1491 3357 1522 3406 1
1676 3358 1737 3406 58
1891 3357 1952 3406 50

470 3450 473 3453 .
524 3419 872 3472 argumentum
919 3410 1138 3472 latitudi-

523 3471 603 3520 nis
631 3485 761 3519 verae
784 3471 968 3521 lunaris
1309 3475 1342 3526 5
1464 3478 1527 3527 28
1682 3479 1740 3530 17
1897 3480 1960 3530 52

463 3532 675 3593 latitudo
705 3546 826 3593 ergo
853 3546 968 3581 vera
1001 3540 1057 3581 et
1075 3533 1140 3583 bo

493 3592 675 3641 ‘irealis
707 3592 836 3641 lunas
888 3593 939 3641 in
993 3596 1158 3644 medio

526 3652 749 3714 eclipsis,
801 3666 891 3703 seu
958 3654 1008 3703 in
1050 3669 1160 3704 mo-

530 3722 702 3762 mento
725 3714 990 3774 pleniluuii
1308 3717 1340 3766 0
1497 3720 1528 3769 0
1712 3724 1744 3771 ε
1899 3722 1960 3770 52

462 3774 839 3843 semidiameter
850 3788 1094 3838 apparens
1114 3776 1247 3827 luna
1309 3779 1341 3843 ρ
1493 3782 1526 3829 0
1678 3784 1739 3832 16
1895 3784 1957 3831 12

526 3845 579 3886 et
599 3838 844 3885 diameler
1306 3838 1337 3888 0
1494 3843 1527 3893 0
1679 3847 1741 3895 52
1894 3843 1957 3894 24

463 3896 839 3945 semidiameter
860 3895 1045 3945 umbras
1077 3910 1247 3947 corre-

526 3964 605 4006 cta
630 3961 680 4005 iu
713 3957 822 4007 loco
845 3957 1078 4007 transitus
1097 3961 1228 4009 lunm
1306 3961 1339 4010 0
1492 3961 1524 4012 0
1678 3966 1739 4018 17
1896 3966 1957 4017 15

522 4019 747 4079 scrupula
774 4018 1053 4068 deﬁcientia
1306 4024 1337 4073 0
1491 4024 1522 4074 0
1675 4027 1737 4077 55
1921 4031 1951 4078 5

524 4079 668 4142 digiti
690 4083 917 4142 eclipsati
1013 4081 1075 4129 20
1111 4080 1169 4130 19
1201 4083 1233 4130 4

460 4141 690 4191 horarius
711 4141 843 4191 lunas
868 4146 1030 4189 motus
1063 4157 1090 4191 a
1121 4146 1230 4193 sole
1305 4146 1336 4195 0
1495 4147 1526 4196 0
1678 4151 1741 4200 55
1894 4151 1956 4201 50

502 4206 756 4265 .scrupula
786 4201 1076 4253 incidentia
1097 4212 1185 4254 aut

521 4266 819 4325 repletionis
917 4323 925 4325 7
1136 4324 1141 4325 7
1303 4266 1335 4317 0
1488 4269 1520 4319 0
1673 4270 1734 4320 55
1894 4273 1952 4322 21

531 4323 765 4385 scrupula
803 4323 1084 4375 semimom
1128 4324 1181 4375 in

499 4385 694 4449 gumbra
1305 4389 1337 4439 0
1488 4392 1520 4440 0
1674 4393 1737 4442 50
1894 4394 1952 4443 15

1205 4472 1316 4521 dles
1409 4474 1544 4525 hora
1637 4478 1755 4525 min.
1797 4478 1818 4526 1
1859 4475 1977 4528 min.
2013 4479 2043 4527 2

464 4549 825 4614 semidiurnum
837 4555 1041 4614 tempus
1053 4551 1183 4604 Con-

525 4611 848 4671 stantimpoli
879 4671 885 4672 7
947 4611 964 4614 “
1305 4616 1336 4665 0
1487 4617 1523 4667 5
1672 4621 1734 4669 15
1888 4622 1951 4672 20

462 4676 660 4727 initium
716 4671 920 4733 eclipsis
965 4672 1017 4722 in
1041 4674 1177 4725 horis

524 4742 637 4799 post
660 4733 919 4799 meridiem
1161 4795 1171 4799 _
1273 4736 1331 4787 11
1487 4739 1518 4787 8
1674 4742 1733 4790 15
1886 4744 1949 4793 50

527 4795 576 4864 in
599 4798 732 4845 horis
755 4798 915 4864 noctis
939 4795 1200 4864 squtentis
1271 4799 1332 4848 11
1483 4801 1515 4849 5
1699 4804 1731 4851 0
1892 4806 1949 4855 10

461 4858 659 4910 initium
691 4858 856 4906 totalis
905 4858 1182 4907 immérsio—

520 4922 600 4968 nis
625 4924 735 4980 post
768 4918 1033 4966 meridiem
1268 4918 1333 4968 11
1485 4921 1517 4969 9
1673 4923 1734 4972 54
1888 4927 1951 4975 28

518 4979 726 5052 inhoris
746 4982 908 5052 noctis
941 4979 1203 5052 sequentis
1271 4979 1332 5029 11
1487 4984 1520 5032 5
1673 4984 1732 5034 51
1916 4989 1948 5037 8

459 5042 679 5093 medium
701 5042 901 5101 eclipsis
924 5053 1013 5102 seu
1028 5042 1193 5102 pleni-

523 5103 709 5153 luuium
737 5100 840 5161 poSl
867 5100 1123 5149 meridiem
1276 5103 1335 5152 11
1461 5105 1519 5153 10
1671 5106 1734 5155 25
1886 5110 1948 5158 20

522 5165 573 5213 in
600 5165 734 5212 horis
760 5164 915 5211 noctis
933 5165 1194 5223 sequentis
1270 5165 1329 5214 11
1483 5166 1517 5214 1
1666 5168 1731 5217 12
1916 5172 1947 5220 0

459 5226 656 5279 initium
689 5237 818 5285 verae
844 5225 1178 5285 recuperatio-

523 5290 601 5337 nis
642 5282 838 5335 luminis
866 5282 978 5347 post
1001 5284 1153 5334 meri-

520 5351 691 5418 dieAnL
728 5407 739 5418 '
810 5409 821 5418 _
872 5346 913 5418 ί.
1274 5346 1336 5395 11
1460 5349 1513 5399 11
1675 5352 1736 5403 16
1886 5355 1947 5404 52

531 5409 695 5481 795
727 5409 773 5457 in
809 5409 943 5458 horis
987 5409 1146 5455 noctis

460 5480 857 5611 ῃηῖξηέἃῗιξὲέοε
885 5550 1035 5588 verus
1059 5540 1172 5598 post
1669 5482 1734 5611 5:5
1890 5486 1946 5611 12

525 5599 789 5652 meridiem
1158 5656 1165 5657 7
1271 5599 1329 5648 14
1452 5601 1514 5651 12
1698 5605 1726 5654 7
1884 5609 1946 5657 50

525 5667 575 5712 in
600 5664 738 5712 horis
760 5661 917 5711 noctis
937 5656 1197 5723 sequentis
1262 5661 1324 5710 14
1477 5662 1510 5711 6
1667 5666 1729 5714 21
1887 5656 1945 5720 10

463 5729 566 5791 ιοιε
591 5736 728 5772 mora
772 5724 902 5774 lunae
938 5722 986 5772 in
1007 5717 1176 5772 umbra

528 5792 675 5835 terrae
1296 5781 1325 5830 0
1486 5786 1507 5835 1
1670 5791 1733 5840 12
1883 5791 1944 5839 21

2230 564 2467 614 Bononia
2500 563 2558 613 16
2589 565 2775 627 Aprilis
2795 564 2932 618 1667.

3007 649 3068 698 Β.
3105 646 3161 696 ν.
3196 648 3385 697 Servus
3417 650 3467 696 in
3495 645 3674 697 Christo

2880 709 3102 759 Joannes
3139 707 3354 772 Baptista
3387 710 3646 760 Ricciolus.

2242 831 2325 904 [P.
2362 832 2493 907 576]
2529 832 2805 890 Hactenus
2829 836 3057 902 epistola
3092 835 3157 891 R.
3191 836 3252 892 P.
3277 835 3527 903 Riccioli,
3567 839 3646 891 cui
3668 837 3741 890 ad.

2167 927 2418 980 notitiam
2466 928 2765 994 perfectam
2821 928 3042 994 deliquii
3082 928 3289 983 lunaris
3337 945 3368 983 a
3410 930 3725 1001 Pachymere

2168 1018 2455 1071 memorati
2480 1018 2614 1072 nihil
2645 1017 2766 1072 addi
2800 1028 2976 1087 potest
3005 1020 3105 1072 nisi
3139 1018 3281 1072 forte
3304 1031 3464 1088 typus
3487 1022 3731 1089 eclipseos

2166 1109 2435 1178 ejusdem,
2471 1123 2637 1179 quem
2666 1124 2696 1163 a
2730 1125 2942 1165 summo
2976 1111 3154 1165 amico
3193 1112 3383 1166 talium
3418 1114 3730 1181 peritissimo

2164 1213 2282 1251 meo
2328 1209 2519 1269 rogatu
2555 1201 2910 1264 delineatum.
2954 1203 3062 1268 hic,
3092 1219 3215 1257 cum
3252 1207 3394 1257 bona
3433 1204 3497 1258 R.
3524 1204 3583 1259 P.
3615 1206 3729 1260 Ric-

2160 1289 2287 1343 cioli
2337 1292 2518 1355 venia,
2558 1308 2624 1345 ne
2666 1292 2794 1361 quid
2841 1292 3015 1349 lector
3045 1310 3075 1348 e
3108 1294 3287 1352 solitis
3330 1294 3421 1351 tali
3462 1296 3731 1351 occasione

2169 1383 2415 1453 praestari
2452 1384 2749 1451 desideret,
2782 1400 3073 1456 apponam.

2790 1848 3073 1911 Septentrlo

2139 2048 2186 2102 υ
2318 1990 2498 2115 D
2545 1970 3619 2161 ωιαέῥὶ
3686 2025 3726 2076 η

2134 2126 2217 2177 ("-
2227 2097 3621 2205 “i1=;!E;“"
3637 2163 3649 2168 ι
3673 2159 3688 2172 γ.
3700 2157 3702 2160 μ

2250 2196 2478 2262 ’.⁷
3101 2209 3280 2246 ν
3438 2212 3559 2237 -ν

3634 2454 3645 2459 -

2976 2960 3011 3009 tl
3048 2959 3083 3007 Β
3131 2960 3297 3010 media
3361 2963 3551 3013 duratio
3625 2962 3722 3012 hor.

3043 3019 3064 3067 1
3106 3022 3281 3072 «1210.

2154 2961 2199 3009 Δ
2233 2965 2459 3008 centrum
2484 2957 2689 3009 umbrae.

2159 3022 2199 3071 Β
2230 3028 2454 3069 centrum
2485 3021 2635 3068 lunae.
2760 3052 2771 3063 .

2155 3084 2197 3132 Δ
2236 3084 2273 3132 Β
2306 3083 2516 3131 latitudo
2541 3086 2671 3130 lunas
2701 3081 2918 3131 borealis
2985 3082 3022 3130 Β
3060 3082 3099 3129 1)
3131 3082 3291 3133 idem.

2214 3144 2354 3204 8752.
2407 3203 2412 3204 7
2468 3202 2493 3204 ξ
2872 3201 2881 3204 7
2981 3143 3017 3193 C
3054 3142 3093 3193 D
3129 3146 3327 3204 integra
3386 3145 3574 3198 duratio
3624 3145 3723 3194 hor.

2076 3182 2118 3239 θ
2153 3182 2356 3252 Διὸ-ἐί
2388 3203 2430 3252 Α
2466 3202 2511 3252 D
2544 3216 2730 3251 summa
2758 3201 2913 3250 semi—
2984 3182 3017 3193 ν
3038 3182 3278 3254 5”2’4“20’.

2215 3264 2530 3320 diametrum.
2568 3264 2754 3313 umbrae
2777 3264 2831 3313 47
2856 3265 2914 3313 15
2978 3263 3018 3315 Ε
3053 3266 3294 3316 B-media
3329 3283 3463 3319 mora
3485 3269 3534 3321 5|
3569 3269 3640 3318 12.

2219 3329 2424 3375 etluna
2458 3325 2519 3373 16
2552 3325 2629 3374 12.
2980 3327 3020 3376 B
3055 3327 3090 3375 F
3126 3328 3277 3377 idem.

2979 3390 3175 3449 integra
3196 3402 3335 3441 mora
3357 3392 3465 3441 hor.
3496 3392 3511 3439 l
3541 3391 3598 3439 12
3624 3387 3690 3437 21.

2224 3504 2314 3562 111.
2348 3504 2562 3561 Primus
2598 3522 2727 3563 usus
2760 3508 2923 3578 hujus
2968 3498 3433 3577 deliquiilunaris
3463 3522 3542 3567 est
3578 3520 3710 3565 certa

2153 3598 2413 3654 iudicatio
2448 3600 2593 3661 anni,
2650 3615 2760 3670 quo
2796 3613 3131 3657 memoratus
3180 3604 3362 3672 capite
3409 3602 3711 3673 praecedenti

2150 3703 2360 3746 cometa
2397 3686 2726 3759 coiiiparuit.
2781 3693 2872 3747 Ait
2927 3693 3289 3765 Pachymeres
3344 3696 3532 3750 eodem
3583 3709 3711 3748 anno

2151 3795 2258 3849 quo
2284 3791 2402 3848 post
2427 3782 2816 3849 mquinoctium
2840 3785 3153 3838 autumnale
3182 3785 3333 3840 visus
3365 3787 3524 3857 796
3546 3799 3712 3840 come-

2149 3876 2235 3925 tes
2261 3869 2460 3938 fuerat,
2491 3887 2677 3927 mense
2708 3871 2969 3927 Januario
2995 3884 3343 3941 conspectam
3375 3878 3612 3945 eclipsim
3639 3875 3711 3927 lu-

2151 3977 2252 4017 uae.
2283 3963 2485 4016 Scribit
2536 3973 2592 4019 et
2633 3975 2887 4019 numerat
2930 3980 3079 4019 more
3111 3965 3453 4022 Graecorum.
3487 3968 3547 4021 lli
3577 3968 3704 4019 enim

2150 4051 2339 4104 mundi
2377 4068 2571 4119 annos,
2601 4070 2708 4122 qua
2749 4070 2857 4109 aera
2887 4057 3045 4124 vulgo
3075 4057 3389 4121 utebantur.
3423 4054 3450 4110 a
3485 4058 3712 4123 Septem-

2148 4143 2234 4198 bri
2269 4158 2457 4197 mense
2489 4144 2836 4199 inchoabant.
2876 4143 3032 4200 Uude
3075 4162 3181 4201 non
3216 4157 3300 4203 est
3341 4150 3559 4203 dubium
3590 4146 3706 4217 quia

2147 4251 2247 4306 per
2280 4247 2594 4290 autumnum
2630 4237 2758 4291 anni
2804 4236 3005 4292 Christi
3039 4238 3167 4293 1501
3213 4256 3354 4295 nova
3400 4241 3486 4294 illa
3528 4238 3708 4295 crinita

2149 4326 2304 4380 stella
2341 4336 2625 4396 conspecta
2664 4329 2714 4381 in
2746 4328 2887 4383 coelo
2920 4329 3119 4397 fuerit;
3145 4333 3276 4400 quin
3314 4348 3341 4385 a
3376 4333 3550 4387 vernis
3575 4343 3708 4383 men-

2149 4417 2298 4470 sibus
2332 4418 2571 4481 eiusdem
2608 4418 2733 4471 anni
2764 4422 2828 4473 ad
2857 4420 3015 4473 (luem
3052 4419 3390 4488 Septembris
3417 4408 3707 4491 prodigiosa

2072 4528 2123 4586 ο
2154 4503 2262 4568 illa,
2290 4519 2448 4572 quam
2478 4506 2733 4559 describit
2771 4508 3061 4562 historicus
3096 4521 3342 4565 extremo
3370 4528 3419 4570 c.
3455 4512 3537 4576 11,
3568 4526 3705 4565 exar-

2148 4596 2282 4649 serit
2339 4595 2462 4649 cceli
2529 4596 2779 4660 ariditas,
2826 4608 2980 4666 prata
3039 4609 3093 4652 et
3140 4609 3353 4669 segetes
3402 4607 3704 4670 plaltlaSque

2145 4685 2322 4740 omnis
2354 4686 2567 4754 generis
2595 4687 2850 4751 adurens,
2886 4698 3079 4755 puteos
3113 4704 3331 4758 quoque
3370 4707 3628 4761 perennes
3655 4696 3704 4740 et

2146 4776 2298 4829 vivas
2326 4777 2725 4831 uberrimorum
2764 4777 2992 4831 fontium
3021 4784 3384 4851 scaturigines
3409 4783 3700 4835 exsiccaus.

2144 4867 2390 4936 Denique
2431 4869 2573 4936 quod
2615 4869 2750 4922 inter
2775 4870 2908 4934 hac,
2942 4869 3046 4923 hoc
3075 4881 3157 4925 est
3178 4873 3323 4925 circa
3358 4874 3458 4926 hoc
3486 4884 3701 4939 tempus,

2142 4968 2482 5015 contractum
2531 4959 2828 5014 historicus
2869 4970 3138 5016 memorat
3192 4978 3245 5032 p.
3279 4962 3407 5027 504,
3441 4961 3700 5016 Michaelis

2142 5051 2386 5121 deSpotaa
2409 5066 2531 5105 cum
2562 5051 2805 5107 Terteris
2835 5051 2941 5106 lilia
2971 5066 3001 5105 a
3034 5052 3179 5107 crale
3211 5054 3415 5108 Serbize
3438 5055 3696 5123 repudiata

2141 5145 2498 5209 connubiurn,
2534 5145 2601 5197 ad
2635 5144 2783 5199 hunc
2842 5159 3057 5213 quoque
3108 5146 3281 5216 ipsum
3326 5147 3459 5201 1501
3509 5139 3697 5199 Christi

2141 5249 2342 5289 annum
2375 5234 2517 5288 haud
2549 5235 2713 5290 dubie
2734 5235 3008 5304 pertinere
3028 5240 3327 5303 putandum
3358 5248 3459 5293 est.
3494 5236 3558 5289 Et
3582 5249 3694 5287 cou-

2141 5326 2392 5382 iirmatur
2434 5328 2574 5383 idem
2621 5328 2944 5382 charactere
2987 5329 3390 5397 cbronologico.
3420 5342 3523 5397 quo
3550 5334 3691 5379 ame-

2141 5423 2258 5475 rius
2304 5430 2524 5474 narrata
2575 5419 2847 5489 superiori
2888 5431 3033 5474 anno
3085 5418 3286 5474 Christi
3329 5417 3690 5473 trecentesimo

2140 5528 2302 5582 supra
2336 5510 2681 5565 millesimum
2721 5511 3087 5578 vindicantur,
3113 5510 3281 5566 refert
3318 5510 3574 5579 siquidem
3597 5503 3690 5558 Pa-

2139 5606 2424 5676 chynteres
2467 5618 2523 5673 p.
2571 5602 2697 5668 502,
2732 5602 3107 5672 patriarcbam
3158 5601 3417 5657 Joannem
3450 5600 3683 5655 Cosmam

2138 5710 2197 5751 se
2238 5694 2532 5751 contulisse
2559 5695 2626 5749 ad
2657 5691 3027 5749 Andronicum
3056 5693 3458 5762 imperatorem,
3488 5697 3540 5745 et
3571 5701 3681 5742 cum

2136 5802 2200 5844 eo
2254 5786 2415 5843 simul
2473 5785 2540 5841 ad
2586 5784 3014 5857 Palaeologorum
3079 5783 3470 5842 monasterium
3528 5778 3679 5836 ivisse
