4036 6388
442 380 547 444 853

1720 380 1817 442 CH
1829 327 2181 442 RONOLOO
2198 380 2390 445 lCUS.

3586 382 3690 446 851

439 498 526 551 die
573 496 644 550 25
684 494 953 561 Octobris,
1000 513 1123 568 quae
1167 505 1295 553 tunc
1331 504 1617 551 numerata
1666 496 1829 549 fuerit
1875 495 2010 549 feria
2042 502 2091 560 Α
2118 496 2255 550 rium
2289 501 2385 563 ait,
2417 496 2764 554 divinandum
2799 505 2901 552 cst.
2941 495 3142 552 Scribit
3177 484 3355 550 autem
3399 495 3487 549 ille
3514 496 3688 549 Βοιηο

439 586 792 642 hebdomadis
822 589 1001 643 tertia.
1037 587 1240 654 Nempe
1271 599 1412 641 anno
1459 585 1665 640 Christi
1710 584 1849 638 1500
1895 585 2007 638 bis-

437 679 618 733 sextili
652 680 835 750 cyclus
886 679 1021 733 solis
1045 679 1109 732 2|
1148 677 1360 732 litteras
1383 674 1735 730 dominicales
1758 673 1844 744 [P.
1879 670 2008 744 577]

439 773 599 824 habet
648 772 808 831 duas,
854 771 896 825 C
945 780 1000 825 et
1045 770 1109 832 Β,
1164 784 1390 836 quarum
1432 768 1699 835 posterior
1752 781 1875 819 cum
1927 766 2010 818 in-

438 860 676 926 signiens
712 860 784 914 2'5
811 860 1061 915 Octobris
1099 860 1242 913 diem
1278 857 1534 912 ostendat
1577 871 1697 910 eam
1744 855 1834 907 illo
1865 866 2010 907 anno

445 951 782 1004 Dominicam
814 949 1006 1016 fuisse,
1038 953 1379 1005 demonstrat
1425 951 1629 1018 pariter
1667 947 1738 1001 35
1769 946 2009 1013 ejusdem

436 1044 638 1096 mensis
658 1042 827 1097 fuisse
852 1042 1042 1097 feriam
1076 1043 1312 1097 tertiam.
1340 1040 1419 1094 Ac
1447 1039 1573 1108 quia
1593 1047 1793 1092 caetera
1818 1047 2008 1093 eventa

437 1144 551 1187 tum
614 1144 743 1188 ante
799 1145 910 1189 tum
960 1144 1084 1205 post
1119 1136 1277 1190 istam
1330 1132 1579 1202 eclipsim
1632 1145 1695 1185 ea
1740 1128 1861 1183 fere
1905 1142 2009 1194 qua

433 1234 581 1292 gesta
640 1236 768 1279 sunt
815 1228 959 1280 serie
1018 1227 1071 1279 in
1125 1227 1227 1279 hac
1280 1223 1506 1278 historia
1558 1219 1890 1281 referuntur,
1920 1233 2015 1272 co-

437 1332 554 1370 rum
603 1317 776 1373 lerrne
818 1318 1060 1372 omnium
1098 1332 1285 1371 verum
1317 1326 1532 1383 tempus
1571 1328 1636 1368 ex
1668 1314 1772 1366 hac
1800 1311 2008 1365 cmlesti

433 1416 560 1459 nota
604 1408 874 1476 designari
908 1415 1126 1476 posset;
1154 1413 1299 1474 quod
1331 1403 1476 1459 facili
1508 1403 1883 1472 experimento
1916 1400 2012 1454 de-

435 1512 818 1563 monstrarent,
852 1499 898 1552 si
946 1498 1078 1552 tanti
1107 1504 1254 1551 esset
1285 1498 1337 1550 in
1369 1497 1436 1550 iis
1470 1493 1748 1549 immorari
1782 1492 2009 1546 diutius.

434 1591 677 1645 Sulliciat
701 1591 846 1659 quod
888 1591 942 1644 in
968 1606 1035 1644 eo
1063 1603 1264 1658 genere
1283 1589 1349 1642 ad
1378 1587 1597 1642 lectoris
1630 1584 1881 1639 solatium
1912 1599 2009 1637 co-

434 1683 547 1737 nati
570 1698 758 1737 sumns
777 1683 954 1751 capite
978 1683 1168 1735 ultimo
1197 1682 1356 1749 hujus
1387 1679 1841 1735 Observationum
1875 1675 2001 1731 libri

400 1760 603 1835 tertii,
638 1775 726 1828 ubi
752 1774 1008 1842 pleraque
1032 1773 1186 1826 libris
1208 1780 1417 1841 scptem
1469 1767 1912 1840 Pacbymerianm
1940 1766 2010 1820 de

2113 589 2320 642 aerium
2370 602 2435 643 ex
2472 589 2641 643 milite
2666 587 2874 655 Templi
2907 597 3029 656 post
3077 598 3291 657 captam
3323 586 3389 639 ab
3426 584 3695 653 Ᾰείιιιίμρὶ-

2115 678 2214 733 bus
2250 680 2377 748 (hoc
2401 687 2485 733 est
2517 678 2808 732 Saracenis
2837 680 2977 732 duce
3013 677 3228 732 sultane
3261 675 3479 746 )Egypti
3529 675 3696 730 blelec

2117 772 2281 825 Seraf
2299 770 2469 839 dicto)
2497 770 2910 835 Ptolemaidem,
2945 771 3273 825 ditissimam
3304 780 3363 823 et
3399 768 3698 822 munitissi-

2116 878 2258 916 mam
2291 864 2480 916 urbem
2529 861 2828 915 Pltoeniciae
2875 861 3039 930 (quod
3101 875 3245 915 anno
3273 860 3474 914 Christi
3531 859 3694 921 1291,

2117 955 2206 1008 die
2269 953 2359 1019 18,
2393 954 2496 1016 vel,
2531 965 2591 1006 ut
2625 952 2742 1017 alii,
2790 952 2858 1006 19
2908 951 3035 1007 Maii
3091 952 3387 1013 contigisse
3441 957 3697 1003 accurate

2119 1030 2447 1113 Spond‘anus
2478 1043 2572 1097 illo
2600 1057 2744 1097 anno
2793 1044 2948 1098 docet
2980 1058 3043 1095 ex
3079 1041 3435 1110 scriptoribus
3481 1040 3693 1093 illorutn

2117 1135 2470 1204 temporum),
2496 1149 2661 1188 manu
2698 1134 2927 1188 collecta
2979 1133 3081 1187 sibi
3131 1134 3514 1195 obuoxiorum,
3547 1144 3699 1198 qua:-

2115 1234 2356 1279 stuosam
2389 1224 2708 1292 aliquandiu
2730 1239 2825 1292 per
2856 1225 2945 1278 illa
2970 1224 3137 1276 maria
3163 1223 3444 1291 piraticam
3478 1221 3692 1284 fet-isse,

2109 1319 2390 1385 partisque
2422 1317 2632 1383 magnis
2667 1317 2864 1384 Opibus
2916 1319 3109 1369 ducem
3133 1315 3242 1384 jam
3279 1315 3468 1368 classis
3503 1313 3694 1365 validae

2114 1405 2395 1461 Friderico
2427 1406 2672 1459 Siciliam
2728 1406 3001 1460 obtinenti
3039 1405 3511 1475 (Thcuderichum
3550 1405 3695 1458 hunc

2101 1512 2398 1566 .perperam
2441 1507 2597 1552 vocat
2627 1493 3015 1569 Pachymeres)
3051 1498 3338 1551 militarem
3376 1497 3536 1566 longo
3562 1507 3697 1550 tem-

2114 1603 2247 1658 pore
2278 1590 2415 1643 certi
2450 1591 2702 1658 pactione
2756 1591 3013 1659 stipendii
3047 1589 3136 1661 [Ρ.
3168 1588 3294 1659 578]
3348 1605 3569 1657 operam
3601 1606 3697 1640 na-

2115 1695 2291 1742 vasse,
2321 1683 2459 1735 bello
2515 1684 2656 1745 quod
2716 1682 2804 1736 ille
2829 1685 3089 1737 adversus
3144 1681 3441 1736 Ecclesiam
3474 1679 3709 1739 rebellis

2115 1783 2303 1827 contra
2355 1773 2610 1828 Carolum
2664 1773 2887 1840 gerebat
2915 1774 3123 1840 Apuliae
3160 1788 3363 1842 regem.
3421 1771 3701 1827 Cancrum

433 1868 593 1921 rebus
619 1866 910 1921 Andronici
932 1866 1176 1920 historia:
1208 1865 1478 1933 descripta
1537 1863 1641 1917 sub
1691 1875 1855 1915 unum
1891 1860 2010 1914 vcl-
2046 1865 2085 1918 Β
2114 1868 2218 1919 hoc
2255 1866 2472 1919 tandem
2505 1865 2647 1919 bello
2674 1864 3006 1932 nuptialibus
3050 1864 3454 1918 conditionibus
3488 1863 3693 1915 direm-

430 1966 491 2010 ut
545 1968 814 2026 aspectum
847 1957 1094 2011 inannos
1121 1957 1327 2024 digesta
1364 1952 1716 2022 coniecimus.
1776 1951 1871 2005 Est
1921 1960 2007 2004 ta-

430 2063 552 2103 men
581 2049 788 2104 existis
809 2050 1019 2104 eventis
1044 2064 1210 2102 unum
1264 2046 1424 2117 paulo
1475 2045 1780 2100 intricatius
1832 2042 2011 2112 impli-

431 2142 646 2195 ratione
678 2156 901 2195 casuum
934 2150 989 2194 et
1019 2141 1288 2209 ambiguis
1312 2136 1770 2192 afl'trmationibus
1823 2145 2015 2187 aucto-'

435 2230 532 2292 ris,
570 2245 731 2299 quam
758 2239 818 2285 ut
852 2230 1081 2298 relinqui
1111 2244 1148 2305 _a
1183 2228 1361 2289 nobis,
1397 2226 1649 2279 evolvere
1680 2221 2011 2293 perplexita-

431 2330 514 2374 ιω
565 2319 980 2390 chronologicas
1053 2321 1157 2374 hoc
1216 2320 1338 2372 loco
1411 2315 1691 2386 professis,
1748 2315 2010 2368 intactum

427 2414 642 2470 debeat.
671 2415 800 2470 Esto
831 2415 994 2484 igitur
1050 2414 1104 2468 id
1134 2422 1512 2482 argumentum
1548 2407 1743 2478 capitis
1776 2420 2010 2476 sequen~

435 2506 526 2559 tis.

1030 2596 1258 2653 CAPUT
1318 2593 1406 2651 Vl.

428 2690 713 2746 Intricata:
734 2692 969 2744 rationes
996 2698 1291 2755 temporum
1316 2688 1460 2740 circa
1482 2683 1762 2739 Rontzcrii
1808 2698 1875 2735 ac
1904 2681 2011 2737 ϐαι

714 2761 1008 2815 telanorum
1034 2776 1115 2815 res
1144 2769 1193 2813 et
1224 2767 1344 2811 acta
1371 2757 1728 2823 explicantur.

505 2878 700 2945 LQua:
722 2878 899 2932 tribus
931 2873 1137 2928 ultimis
1186 2872 1346 2926 libris
1406 2869 1570 2939 hujus
1627 2868 1881 2924 Historiae
1940 2870 2010 2924 de

431 2970 750 3033 Rontzerio,
775 2968 1063 3022 Pharenda
1086 2964 1298 3027 Tzime,
1352 2958 1672 3032 Mpyrigerio
1723 2958 1925 3013 Tenlza
1957 2969 2013 3013 et

432 3062 754 3130 quibusdam
786 3058 908 3113 aliis
955 3055 1166 3111 Latinis
1197 3053 1449 3114 ducibus,
1498 3062 1606 3104 tum
1647 3049 1714 3102 de
1749 3047 2012 3102 militibus

435 3152 632 3221 quibus
667 3156 955 3217 praerant,
978 3143 1258 3200 Catelauis
1273 3151 1329 3196 et
1357 3141 1733 3206 Amogabaris,
1776 3138 2011 3206 primum

431 3220 788 3297 auxiliaribus
817 3239 1016 3300 inlldis,
1033 3237 1230 3291 deinde
1264 3233 1397 3289 leris
1424 3232 1673 3287 hostibus
1705 3228 2003 3284 Andronici
2032 3220 2076 3278 ϐ

430 3343 486 3390 et
513 3335 903 3393 Romanorum,
939 3329 1266 3391 referuntur,
1291 3327 1436 3381 haud
1474 3324 1606 3379 satis
1631 3322 1862 3377 dilucide
1915 3334 2007 3375 or-

431 3428 613 3481 dinata
632 3435 761 3479 sunt
783 3425 850 3477 ab
887 3421 1168 3485 historico,
1203 3418 1285 3472 vel
1318 3416 1418 3475 sub
1444 3417 1604 3470 linem
1634 3413 1790 3481 longi
1837 3420 1890 3466 et
1925 3412 2007 3464 la.-

432 3518 634 3573 horiosi
652 3516 836 3584 operis
868 3514 1035 3579 fesso,
1066 3513 1150 3567 vel
1180 3512 1252 3567 ob
1284 3509 1724 3578 indignationem
1759 3504 1923 3575 797
1954 3504 2007 3556 in

432 3609 720 3665 Catelanos
743 3617 798 3661 et
823 3608 986 3662 duces
1008 3619 1220 3669 eorum,
1258 3611 1479 3671 propter
1523 3597 1897 3654 atrocissimas
1957 3595 2007 3646 in

430 3717 586 3759 suam
617 3710 831 3771 gentem
864 3699 1117 3768 injurias,
1166 3709 1440 3763 nunquam
1494 3691 1609 3745 fere
1659 3689 1778 3744 sine
1808 3685 2010 3741 iudicio

432 3790 860 3865 perturbationis
885 3803 950 3845 ex
982 3788 1285 3844 vehementi
1326 3785 1451 3840 odio
1498 3796 1684 3837 eorum
1718 3778 2010 3834 recordan-

433 3896 510 3950 te,
551 3886 780 3954 ideoque
814 3880 1134 3950 imperfecte
1172 3877 1501 3946 defungenle
1533 3872 1891 3928 distinctione
1954 3879 2008 3921 et

432 3973 797 4042 explicatione
826 3970 1157 4025 necessaria.
1190 3966 1330 4020 Huic
1351 3975 1406 4019 ut
1427 3978 1524 4034 pro
1585 3960 1727 4015 virili
1793 3959 2012 4014 medea-

432 4078 556 4118 mur
588 4063 955 4131 incommodo,
989 4060 1042 4111 in
1062 4057 1294 4128 gratiam
1331 4052 1554 4109 lectoris
1596 4050 1827 4106 studiosi
1880 4062 2011 4102 con-

434 4155 609 4209 fusam
638 4155 797 4209 istam
828 4151 1138 4220 congeriem
1160 4149 1249 4202 hic
1277 4147 1554 4210 evolvere,
1605 4154 1662 4198 et
1709 4140 2008 4197 chronolo-

432 4248 552 4318 gica
582 4245 836 4300 methodo
865 4242 978 4297 suis
998 4251 1115 4296 acta
1143 4237 1407 4307 ejusmodi
1439 4246 1493 4291 et
1545 4244 1735 4291 eventa
1795 4232 2007 4302 singula

332 4364 353 4384 ε
431 4338 659 4406 alligare
681 4334 907 4403 epochis
933 4329 1300 4402 aggredimur,
1336 4328 1489 4382 initio
1519 4342 1548 4381 a
1577 4327 1747 4393 prima
1775 4323 2010 4378 Rontae-

432 4431 500 4483 rii
531 4439 583 4481 et
605 4428 988 4483 Catelanotum
1020 4437 1050 4477 e
1085 4420 1269 4475 Sicilia
1297 4421 1353 4475 in
1388 4430 1562 4474 terras
1584 4415 1877 4472 Orientalis
1907 4416 2009 4469 im-

431 4523 569 4593 perii
615 4518 931 4574 evocatione
962 4515 1149 4569 ducto.

504 4614 571 4668 ll.
600 4612 820 4675 Narrat,
852 4610 886 4663 Ι.
922 4623 973 4671 v,
1003 4623 1053 4660 c.
1085 4608 1170 4668 12,
1206 4604 1570 4673 Pacbymeres
1617 4605 2006 4672 imperatorem

432 4721 625 4776 parum
658 4702 899 4777 praesidii
944 4700 1205 4752 adversus
1243 4697 1536 4750 Persarum
1594 4695 1926 4763 irruptiones
1954 4696 2009 4748 in

432 4796 741 4853 Orientales
787 4794 1000 4861 imprrii
1034 4794 1282 4861 regiones
1310 4792 1363 4843 in
1414 4790 1658 4843 Romana
1693 4789 1884 4842 militia
1924 4805 2013 4840 rt-

355 4904 365 4910 '
434 4892 758 4961 perientem,
778 4888 1011 4953 ideoque
1039 4885 1311 4951 respicere
1336 4892 1582 4935 coactum
1607 4890 1837 4957 externa
1858 4884 2014 4934 attai-

433 4981 530 5043 lia,
567 4980 801 5048 primum
839 4975 1177 5030 Pbareudam
1209 4971 1452 5027 'l‘zimem
1482 4988 1604 5026 cum
1660 4988 1821 5027 manu
1871 4973 2015 5026 mili-

435 5084 570 5137 tum,
601 5088 739 5141 quos
763 5086 794 5126 θ
815 5071 920 5125 sibi
945 5069 1183 5123 subditis
1207 5073 1541 5134 armaverat,
1569 5066 1844 5136 suppetias
1868 5064 2012 5119 ultro

432 5165 744 5221 venientem
776 5171 928 5231 grate
951 5162 1270 5230 excepisse;
1303 5173 1368 5213 ac
1395 5170 1656 5228 prmterea
1687 5157 2009 5213 oderentem

434 5273 498 5313 se
527 5257 595 5311 ad
630 5258 770 5312 idem
812 5270 909 5324 per
955 5254 1166 5309 litteras
1210 5251 1565 5306 Rontzerium
1594 5251 1788 5319 amplis
1823 5251 2013 5305 condi-

434 5350 676 5404 tionibus
706 5349 988 5410 invitasse,
1015 5346 1212 5414 quibus
1239 5342 1329 5396 ille
1359 5350 1641 5410 permotus
1674 5349 1861 5410 postea
1887 5357 2009 5394 cum

437 5454 633 5509 magno
663 5440 841 5494 navali
894 5438 1138 5492 exercitu
1192 5434 1402 5489 venerit
1454 5432 2010 5502 Constantinopolim.

438 5535 601 5589 istius
630 5534 1000 5589 Audmnicum
1039 5532 1184 5585 inter
1208 5540 1264 5584 et
1301 5529 1651 5583 Rontzcrium
1681 5542 1779 5597 per
1806 5528 2014 5583 litteras

432 5621 670 5675 invicem
720 5621 955 5688 scriptas
1009 5618 1158 5672 initae
1205 5617 1587 5686 stipulamque
1630 5617 2013 5673 canventionis

438 5721 651 5780 tempus
686 5728 793 5767 non
822 5712 1026 5766 diserte
1056 5718 1302 5765 notatum
1340 5724 1371 5763 a
1400 5720 1589 5763 nomro
1628 5710 1912 5769 historico,
1944 5725 2010 5764 ex

430 5814 625 5870 causa,
654 5819 760 5874 qua
800 5805 1075 5859 induetum
1104 5802 1169 5857 ad
1202 5818 1322 5859 eam
1357 5803 1738 5859 tractationem
1773 5800 2011 5857 Rontzc-

2114 1969 2233 2024 pro,
2268 1957 2467 2025 quibus
2497 1954 2785 2009 Ecaterina
2824 1955 2969 2024 regis
2999 1952 3181 2009 Caroli
3212 1954 3316 2007 lilia
3358 1954 3497 2023 regis
3516 1952 3689 2011 .Siculi

2109 2048 2263 2101 fratri
2294 2046 2558 2101 collocata
2590 2048 2682 2111 sit,
2738 2047 3091 2100 Rontzerium
3124 2048 3328 2101 haerere
3366 2043 3598 2113 amplius
3638 2044 3699 2095 in

2112 2139 2298 2193 Sicilia
2332 2154 2436 2193 non
2488 2138 2787 2206 valentem,
2819 2142 2961 2208 quod
2982 2154 3105 2195 eum
3137 2138 3415 2191 Romanus
3449 2134 3688 2204 pontifex

2108 2230 2231 2285 dedi
2257 2231 2362 2285 sibi
2414 2230 2745 2299 puniendum
2800 2244 2830 2283 a
2870 2245 3001 2300 rege
3045 2228 3232 2283 Siculo
3282 2227 3564 2295 poscebat,
3596 2241 3693 2294 pa-

2109 2333 2254 2376 ctum
2286 2324 2353 2377 de
2383 2338 2494 2391 quo
2528 2324 2767 2378 diximus
2803 2323 2991 2376 iniisse
3027 2336 3150 2376 cum
3187 2318 3519 2373 Andronico.

2180 2412 2271 2468 ill.
2299 2412 2375 2466 ita
2411 2415 2481 2468 ibi
2514 2413 2902 2484 Pacbymeres,
2954 2413 3007 2467 in
3042 2412 3205 2467 rebus
3254 2426 3375 2481 qua:
3404 2411 3473 2464 de
3503 2409 3696 2464 alienis

2113 2506 2273 2560 terris
2303 2514 2395 2559 aut
2424 2506 2677 2574 gentibus
2731 2508 2909 2561 obiter
2935 2516 3229 2570 memorat,
3266 2519 3367 2559 suo
3401 2517 3550 2555 more
3580 2503 3696 2554 bal—

2114 2597 2355 2651 butiens.
2381 2594 2564 2648 Voluit
2589 2596 2733 2650 enim
2767 2598 2886 2650 sine
2916 2597 3079 2649 dubio
3104 2596 3212 2648 illic
3237 2594 3478 2646 indicare
3502 2603 3697 2660 pacem

2111 2688 2311 2743 factam
2371 2703 2516 2741 anno
2563 2686 2769 2741 Christi
2819 2687 2964 2743 1502
3023 2688 3166 2741 inter
3197 2686 3449 2739 Carolum
3509 2696 3690 2752 regem

2111 2782 2363 2853 Neapolis
2400 2791 2454 2838 et
2488 2783 2823 2837 Friderienm
2854 2784 2907 2836 in
2941 2782 3131 2836 Sicilia
3160 2782 3554 2841 dominantem,
3587 2789 3692 2844 qua

2112 2893 2218 2933 non
2250 2877 2554 2941 Ecaterina,
2589 2877 2682 2929 sed
2707 2875 2976 2929 Elconora
3014 2875 3159 2942 regis
3209 2872 3389 2927 Caroli
3426 2869 3552 2927 ﬁlia,
3586 2881 3691 2920 non

2112 2971 2270 3024 fratri
2303 2969 2444 3038 regis
2476 2967 2666 3033 Siculi,
2690 2968 2784 3021 sed
2814 2968 2916 3036 ipsi
2945 2964 3228 3020 Friderico
3255 2964 3522 3031 desponsa
3561 2971 3696 3011 cou-

2108 3063 2203 3128 jux
2231 3069 2332 3126 est,
2367 3068 2527 3127 prout
2559 3057 2869 3112 Fridericus
2907 3058 3023 3125 ipse
3057 3062 3350 3109 attestatur
3380 3051 3436 3105 in
3488 3051 3694 3103 instru-
3782 3052 3787 3057 '

2118 3162 2301 3206 mento
2331 3150 2707 3206 conventionis
2736 3150 2895 3204 istius
2943 3148 3160 3219 publice
3207 3161 3305 3216 per
3339 3146 3513 3213 ipsunt
3548 3139 3697 3194 edito

2110 3244 2175 3298 ad
2210 3243 2462 3297 Castrum
2520 3240 2728 3296 Novum
2769 3240 2859 3295 die
2892 3240 2959 3295 l9
3011 3239 3212 3293 mensis
3269 3234 3519 3305 Augusti,
3546 3247 3689 3286 anno

2110 3336 2317 3390 Christi
2374 3334 2531 3398 1302,
2594 3334 2898 3389 indictione
2954 3332 3044 3397 15,
3096 3330 3240 3400 quod
3296 3337 3469 3383 totum
3502 3324 3696 3380 recitat

2110 3424 2380 3479 Odoricus
2431 3424 2731 3478 Rainaldus
2791 3439 2856 3478 eo
2888 3422 3108 3486 Annali,
3145 3424 3288 3474 unde
3342 3415 3691 3471 manifestum

2109 3526 2192 3572 est
2222 3518 2291 3571 ab
2327 3516 2420 3571 illo
2442 3516 2555 3584 jam
2585 3527 2828 3586 tempore
2863 3514 3077 3569 institui
3107 3523 3345 3581 emptum
3373 3524 3493 3564 esse
3526 3506 3699 3578 798

2112 3617 2401 3662 tractatum
2462 3609 2605 3663 inter
2661 3608 2938 3672 absentes,
2984 3606 3112 3661 hinc
3168 3603 3520 3659 Rontzerium
3570 3602 3693 3653 inde

2108 3700 2483 3753 Andronicum
2535 3701 2940 3768 imperatorem,
2989 3699 3057 3752 de
3113 3696 3365 3750 auxiliari
3418 3693 3595 3747 clas~e
3624 3689 3697 3744 ab

2110 3794 2201 3845 illo
2231 3793 2298 3847 ad
2332 3794 2471 3846 hunc
2502 3791 2836 3846 adducenda.
2872 3790 3017 3846 Sane
3044 3804 3282 3860 praesens
3309 3798 3482 3842 status
3510 3797 3691 3838 rerum

2111 3884 2394 3949 impellere
2415 3882 2763 3937 vehementer
2790 3880 3162 3940 Andronicum
3197 3882 3262 3933 ad
3296 3875 3692 3933 admittendum

2110 3976 2350 4027 oblatum
2385 3973 2648 4027 auxilium
2681 3973 2866 4027 debuit
2904 3990 2918 4026 :
2953 3987 3018 4026 eo
3044 3973 3254 4040 quippe
3289 3982 3434 4022 anno
3462 3963 3691 4018 Michael

2109 4067 2388 4134 Augustus
2413 4062 2606 4119 Junior
2639 4063 2756 4130 ejus
2817 4062 2961 4118 lilius
3018 4077 3210 4116 omnes
3261 4074 3443 4114 serum
3478 4052 3692 4125 imperii

2111 4159 2296 4229 copias
2327 4157 2578 4218 ductans,
2613 4169 2824 4223 tergum
2858 4155 3147 4209 inhoneste
3194 4152 3378 4206 Persis
3429 4154 3687 4211 verterat,
3770 4182 3782 4192 .

2091 4249 2348 4320 fugaque
2404 4247 2667 4318 prtecipiti
2704 4260 2764 4302 se
2795 4249 3099 4301 incluserat
3149 4241 3458 4314 Magnesiae,
3492 4239 3582 4293 ubi
3639 4246 3693 4293 et

2109 4340 2458 4392 deserebatur
2488 4353 2516 4389 a
2550 4337 2815 4390 militibus
2843 4350 2896 4391 et
2927 4336 3174 4391 omnium
3225 4348 3408 4389 rerum
3447 4340 3693 4386 extrema

2114 4427 2396 4481 laborabat
2457 4427 2660 4493 inopia,
2697 4427 2782 4479 cui
2819 4426 3114 4480 subvenire
3159 4425 3504 4479 Andronicus
3538 4431 3694 4488 pater

2039 4547 2084 4602 Β
2112 4533 2237 4597 cum
2257 4518 2491 4573 maxime
2510 4519 3070 4589 cnperet,obstaculis
3098 4518 3539 4574 ineluctabilibus
3567 4530 3692 4584 pro-

2115 4610 2421 4672 hibebatur,
2456 4621 2617 4679 prout
2648 4611 2798 4681 prius
2831 4622 3159 4665 narraverat
3187 4612 3301 4679 ipse
3329 4608 3693 4680 Pacbymeres

2111 4703 2147 4756 ι.
2189 4718 2262 4763 ιν,
2299 4716 2350 4757 c.
2400 4702 2488 4767 18,
2523 4716 2927 4772 consequenter
2988 4704 3114 4757 inde
3147 4704 3394 4757 referens
3445 4699 3693 4756 miserri-

2111 4809 2255 4847 mam
2303 4791 2694 4850 desolationem
2732 4797 2978 4849 omnium
3029 4795 3243 4862 imperii
3281 4792 3562 4863 regionum
3596 4805 3691 4861 per

2114 4885 2235 4940 illos
2272 4884 2580 4942 Orientales
2611 4895 2822 4941 tractus
2850 4903 2917 4941 ex
2952 4887 3038 4941 his
3073 4896 3336 4947 secutam,
3382 4893 3686 4953 praesertim

2111 4988 2232 5048 post
2263 4993 2455 5032 noram
2482 4987 2535 5033 et
2561 4978 2888 5033 luculentam
2915 4978 3124 5032 cladem
3155 4975 3525 5032 Romanorum
3554 4975 3693 5030 duce

2113 5070 2400 5125 Muzalone
2434 5071 2815 5129 hetaeriarcha.
2851 5072 2940 5125 die
2978 5070 3048 5123 27
3081 5068 3207 5125 Julii
3238 5070 3382 5124 circa
3413 5068 3688 5138 Bapheum

2112 5179 2280 5234 prope
2305 5163 2678 5218 Nicomediam
2706 5177 2736 5215 a
2767 5161 2949 5217 Persis
2987 5161 3124 5216 duce
3177 5162 3407 5217 Atmaue
3458 5162 3689 5226 illatam,

2113 5272 2230 5325 qua:
2257 5256 2295 5311 l.
2326 5271 2399 5320 tv,
2431 5271 2480 5308 c.
2512 5255 2583 5309 ‘25
2613 5256 2961 5311 describitur.
3014 5256 3282 5310 Extremis
3328 5271 3457 5327 ergo
3488 5255 3692 5309 mensi-

2114 5351 2211 5404 bus
2241 5365 2331 5403 an.
2368 5347 2505 5403 1502
2563 5359 2614 5402 et
2654 5349 2845 5416 primis
2895 5350 3021 5403 anni
3082 5350 3360 5418 sequentis
3415 5348 3556 5402 1503
3590 5346 3691 5400 fuit

2114 5439 2403 5493 conventio
2438 5438 2541 5491 ista
2570 5437 3005 5492 commeantibus
3039 5437 3183 5491 ultro
3208 5437 3453 5504 citroque
3481 5433 3690 5488 nuntiis

2115 5533 2400 5586 conclusa:
2433 5545 2732 5599 rursusque
2758 5530 2968 5600 aliquot
2994 5530 3119 5584 inde
3146 5526 3426 5582 mensibus
3461 5526 3512 5578 in
3545 5525 3690 5580 clas-

2116 5621 2192 5674 sis
2212 5629 2478 5688 apparatu
2511 5620 2789 5689 impensis,
2821 5620 3034 5673 tandem
3063 5632 3125 5672 ea
3156 5631 3343 5672 mense
3378 5612 3686 5685 Septembri

2116 5712 2642 5782 Constantinopolim
2677 5713 2903 5782 appulit.

2194 5803 2282 5860 IV.
2317 5804 2499 5862 Mense
2526 5806 2748 5877 inquam
2800 5802 3103 5873 Septembri
3131 5804 3257 5859 anni
3299 5802 3503 5859 Christi
3536 5801 3689 5869 1303,
