4036 6420
419 354 527 419 855

1313 362 1378 425 P.
1424 361 1728 458 PQSSINI
1769 318 2429 421 osssm'ATIONUM
2464 352 2609 423 Lm.
2650 360 2770 421 III.

3556 343 3664 408 856

410 475 618 531 diserte
677 476 946 547 siqnidem
1005 486 1293 537 attestatur
1341 480 1709 551 Pachymeres
1754 494 1810 550 p.
1865 477 1991 542 595,
2023 483 2069 537 Α
2100 488 2256 543 strat,
2299 480 2426 534 dum
2450 479 2707 533 continue
2734 471 3036 544 subjungit,
3070 464 3677 532 Andronieumexperi-

404 567 654 621 inSrcnto
697 584 822 624 mox
872 568 1205 641 Septembri,
1248 581 1373 642 post
1402 586 1643 627 mensem
1692 572 1990 639 Augusmm

409 660 569 725 t‘tljtts
626 660 712 714 die
760 670 956 716 octavo
1019 672 1177 718 terrae
1230 672 1408 718 motus
1455 663 1659 731 incepit
1713 677 1824 733 quo
1870 663 1997 716 sub-

408 766 571 805 tersa
609 760 693 806 est
722 751 973 820 Rhodus,
997 755 1272 823 appulisse
1294 754 1651 810 Rontzerium
1677 753 1995 809 Constanti-

406 843 649 910 nopolim
694 860 816 899 cum
854 848 1028 901 classe
1060 847 1335 910 auxiliari,
1391 846 1690 901 indictione
1739 845 1994 899 secunda.

409 931 586 985 Verba
617 933 735 1001 ejus
758 945 885 989 sunt
922 950 937 987 :
980 936 1137 989 Κατὰ
1165 936 1259 989 τὸν
1293 938 1390 989 ἐπὶ
1436 935 1613 1005 τούτῳ
1643 932 1976 1003 Γαμηλιῶνα

409 1023 675 1089 δευτέρας
728 1027 1118 1097 ὲπινεμήσεως
1151 1025 1295 1082 εἶδεν
1352 1030 1385 1099 ὴ
1439 1027 1860 1082 Κωνσταντίνου
1901 1026 1998 1079 καὶ

409 1113 505 1167 τὸν
563 1118 790 1170 Λατῖνον
833 1118 1190 1191 Ῥοντζέριον,
1239 1122 1547 1185 Gamelion,
1609 1121 1711 1174 hoc
1755 1129 1859 1184 cst,
1894 1134 1997 1173 usu

412 1219 677 1275 perpetuo
721 1208 1112 1280 Pachymeris,
1146 1211 1490 1281 September,
1550 1211 1862 1266 indictionis
1915 1225 2001 1264 se-

413 1297 625 1360 cundae,
659 1309 742 1353 est
788 1302 907 1355 sine
960 1302 1069 1355 ullo
1100 1304 1265 1357 dubio
1299 1302 1621 1371 September
1648 1317 1677 1355 a
1710 1317 1817 1370 quo
1854 1302 2002 1355 ince-

415 1387 494 1455 pit
528 1404 677 1443 more
727 1389 1040 1447 Graecorum
1103 1395 1377 1449 numerari
1453 1393 1678 1447 indictio
1740 1396 1996 1447 secunda.

417 1481 754 1540 lndictioncs
803 1497 1006 1550 autem,
1066 1503 1203 1554 quas
1236 1487 1417 1542 Latini
1453 1503 1480 1541 a
1511 1488 1775 1542 Kalendis
1800 1486 2001 1541 Janua-

416 1571 518 1626 riis
549 1588 837 1630 numerare
888 1577 1201 1646 incipimus,
1252 1579 1428 1634 (ἓτερθί
1479 1595 1693 1648 semper
1740 1594 1770 1633 a
1805 1587 2001 1648 quarto

336 1716 347 1725 ,
415 1670 565 1718 retro
599 1680 783 1721 mense
815 1667 1099 1734 inchoant,
1131 1672 1272 1724 unde
1306 1680 1358 1726 et
1399 1671 1615 1725 initium
1652 1672 1860 1724 ducunt
1906 1686 2002 1722 an-

416 1767 606 1807 norum
638 1770 760 1809 airas
792 1773 903 1811 sua:
955 1774 982 1813 a
1023 1762 1207 1814 mundi
1239 1764 1506 1831 principio
1544 1764 1700 1831 juxta
1764 1762 1998 1817 calculos

417 1844 685 1910 ipsorum.
723 1846 878 1903 Unde
906 1865 1024 1905 cum
1056 1853 1356 1909 viderimus
1386 1856 1664 1924 superius,
1707 1871 1761 1909 n.
1795 1855 1848 1919 5,
1876 1854 1997 1907 Fri-

417 1935 660 1990 dericum
718 1937 933 1995 litteras
959 1942 1232 2011 publicas,
1261 1946 1459 2013 quibus
1492 1960 1682 2013 pacem
1725 1960 1753 1998 a
1788 1959 1846 1998 se
1876 1961 1995 1997 cum

418 2025 614 2081 Carolo
677 2045 802 2099 rege
851 2030 1104 2098 Neapolis
1162 2036 1352 2091 initam
1381 2036 1764 2105 promulgavit,
1822 2037 2000 2091 consi-

418 2131 616 2184 gnasse
664 2135 807 2176 anno
839 2121 1041 2178 Christi
1092 2126 1252 2190 1502,
1312 2128 1398 2181 die
1453 2127 1517 2183 l9
1569 2127 1823 2195 Augusti,
1857 2130 2000 2182 indi-

419 2206 603 2261 ctione
646 2210 734 2275 15,
779 2211 1085 2284 intelligere
1109 2216 1369 2271 debemus
1400 2216 1567 2271 fuisse
1616 2218 1761 2271 illum
1797 2235 1997 2273 annum

420 2298 672 2356 ultimum
699 2303 833 2374 cycli
857 2304 1168 2361 indictionis
1199 2307 1616 2377 complectentis
1647 2324 1818 2365 annos
1842 2311 1999 2378 quin-

419 2389 620 2456 decim,
654 2394 726 2447 ita
757 2404 825 2459 ut,
840 2396 1145 2465 Septembri
1178 2407 1298 2466 post
1347 2399 1497 2452 illum
1526 2401 1829 2468 Augustum
1876 2417 1997 2456 mox

421 2495 612 2538 secuto
647 2483 816 2540 Grazci
851 2503 1139 2543 numerare
1175 2490 1404 2558 primam
1442 2491 1795 2546 indictiouem
1823 2507 2003 2562 cmpe-

421 2577 555 2639 rint,
605 2575 783 2631 Latini
831 2593 960 2634 vero
1013 2580 1067 2633 id
1121 2579 1302 2635 facere
1348 2582 1656 2636 distulerint
1719 2597 1892 2650 usque
1934 2585 2001 2637 ad

422 2667 659 2735 primum
697 2671 838 2724 diem
873 2671 1114 2726 Januarii
1152 2675 1455 2741 sequentis,
1499 2690 1607 2745 quo
1653 2654 1854 2729 Christi
1908 2690 2003 2730 an-

422 2774 527 2814 nus
544 2760 693 2815 ,1505
728 2761 938 2817 calculo
988 2763 1224 2831 ipsorum
1258 2774 1341 2819 est
1382 2766 1569 2819 initus.
1600 2764 1809 2820 Rursus
1842 2768 2004 2838 hujus

425 2850 552 2902 anni
579 2848 784 2905 Christi
812 2850 951 2904 1505
972 2866 1158 2905 mense
1183 2852 1487 2919 Septembri
1506 2851 1679 2905 Graeci
1705 2853 2003 2905 secundum

427 2936 780 2996 indictionem
808 2951 1189 3005 numerarunt,
1211 2942 1336 2995 dum
1358 2941 1568 2997 Latinis
1588 2941 1808 2998 indictio
1830 2943 2005 2996 adhuc

428 3029 605 3095 prima
640 3045 733 3099 per
762 3032 994 3098 spatium
1019 3033 1415 3102 quadrimestre
1441 3042 1708 3088 curreret.
1734 3034 1842 3086 Nec
1868 3033 2004 3086 alius

2026 1820 2073 1880 B

2099 574 2296 626 mentis
2332 570 2675 625 evidentibus
2746 580 3087 637 persuasum,
3150 561 3294 615 vinci
3349 572 3455 611 non
3515 569 3675 625 posse

2098 661 2274 719 Marte
2305 673 2492 732 aperto
2518 676 2742 718 suorum
2774 659 2943 712 armis
2971 655 3279 715 Catelanos,
3315 650 3456 704 alias
3482 661 3679 701 eorum

2096 754 2550 807 debilitandorum
2590 759 2687 805 aut
2725 748 3136 804 alliciendorum
3185 746 3250 797 ad
3284 740 3678 795 conventiones

2097 846 2247 910 pacis
2293 844 2535 897 rationes
2581 843 2794 896 iniisse.
2848 839 3042 893 Clades
3084 838 3269 906 igitur,
3309 846 3536 901 quarum
3575 827 3683 880 Pa-

2096 935 2383 1005 chymeres
2415 936 2502 988 hic
2523 935 2771 987 meminit
2799 932 3064 986 Romanis
3088 928 3355 982 militibus
3375 923 3677 980 exercitus,

2099 1027 2187 1080 cui
2248 1027 2476 1081 Michael
2509 1025 2702 1081 Jnnior
2754 1027 3034 1089 Augustus
3091 1024 3144 1075 in
3197 1020 3436 1076 Occiduo
3496 1025 3677 1068 tractu

2097 1128 2348 1185 praeerat,
2394 1134 2423 1173 a
2459 1118 2736 1174 Catelanis
2794 1117 3095 1180 illatarum,
3152 1128 3259 1163 non
3291 1111 3412 1162 alire
3469 1108 3681 1160 fuerint

2100 1225 2264 1279 quam
2327 1226 2461 1280 quas
2507 1211 2647 1263 idem
2683 1209 2865 1262 retulit
2916 1208 2952 1260 l.
2981 1223 3051 1269 vr,
3090 1219 3139 1259 c.
3170 1203 3260 1265 50,
3293 1212 3346 1255 et
3387 1200 3507 1253 libri
3529 1199 3680 1264 ejus-

2101 1302 2220 1355 dem
2280 1318 2331 1358 c.
2389 1303 2479 1365 52,
2517 1316 2748 1370 quorum
2811 1300 2863 1352 in
2898 1298 3060 1367 priori
3115 1301 3300 1349 narrat
3328 1304 3675 1361 progressum

2100 1404 2291 1447 contra
2323 1393 2615 1447 Cateianos
2669 1392 2949 1459 aliquanto
3002 1398 3120 1455 post
3172 1401 3358 1438 necem
3397 1380 3677 1433 liotitierii

2101 1484 2353 1548 Cmsat‘is,
2416 1484 2767 1550 AdrianOpoli
2815 1481 3168 1550 Pamphylum
3216 1492 3405 1544 usque,
3440 1474 3681 1527 Mitline-

2106 1577 2210 1629 lem
2244 1577 2543 1646 Augustum
2583 1574 2886 1639 iuniorem,
2919 1588 3040 1625 cum
3091 1580 3200 1624 toto
3234 1570 3480 1623 Romano
3520 1579 3681 1619 exer-

2103 1668 2238 1730 citu,
2265 1676 2471 1735 partem
2508 1668 2668 1735 hujus
2707 1666 2808 1721 sub
2846 1668 3020 1719 tribus
3051 1664 3301 1724 duetbus,
3332 1661 3501 1723 Duca,
3544 1660 3682 1713 Unt-

2102 1759 2391 1828 pertopulo
2420 1767 2476 1812 et
2536 1758 2767 1822 Bossila,
2823 1767 3012 1811 contra
3065 1754 3400 1820 CalliOpolim
3438 1750 3682 1811 misisse.

2102 1850 2192 1903 ubi
2226 1849 2469 1904 Catelani
2515 1858 2571 1903 et
2617 1848 2951 1917 Amogabari
2978 1861 3108 1901 suas
3140 1846 3326 1914 copias
3358 1841 3633 1897 habebant
3666 1858 3681 1894 :

2101 1942 2195 1996 sed
2232 1942 2284 1995 hi
2330 1940 2538 2009 objecta
2576 1940 2837 1995 Romanis
2869 1950 3241 1994 armentorum
3300 1938 3500 2006 praeda,
3557 1948 3683 1986 cum

2103 2038 2185 2090 sic
2212 2050 2398 2089 eorum
2453 2036 2675 2089 ordines
2725 2034 3048 2094 solvissent,
3084 2032 3329 2085 immisso
3368 2030 3420 2082 iu
3472 2026 3690 2081 discuro

2102 2136 2283 2182 santes
2315 2127 2620 2180 inordinate
2668 2126 2910 2193 equitatu
2965 2113 3228 2177 fuderunt
3257 2136 3352 2175 eos
3396 2117 3692 2187 fugarunt-

2104 2235 2229 2285 que,
2265 2219 2518 2273 ducentis
2569 2216 2895 2281 interfectis,
2934 2216 3228 2269 vulneratis
3266 2212 3395 2279 ipsis
3428 2208 3686 2263 ducibus.

2104 2307 2398 2361 Posteriori
2456 2317 2637 2360 autem
2700 2306 2837 2371 loco,
2876 2320 3069 2371 nempe
3120 2304 3155 2356 l.
3189 2319 3266 2365 vi,
3319 2315 3371 2354 c.
3413 2299 3503 2362 52,
3540 2298 3688 2348 idem

2102 2397 2395 2451 historicus
2428 2397 2545 2449 fuse
2578 2397 2836 2449 describit
2886 2395 3241 2451 commissum
3304 2400 3488 2460 postea
3522 2404 3552 2440 a
3584 2385 3693 2440 Mi-

2103 2489 2293 2542 cbaele
2330 2489 2595 2555 Augusto,
2622 2488 2844 2556 digestis
2874 2488 2929 2539 itt
2964 2489 3138 2542 aciem
3170 2485 3443 2539 universis
3488 2481 3694 2533 Roma-

2105 2581 2190 2633 nis
2215 2581 2413 2647 copiis,
2441 2582 2701 2632 adversus
2729 2579 3017 2633 Catelanos
3044 2579 3313 2646 praelium,
3341 2591 3406 2629 eo
3427 2586 3691 2628 successu

2107 2679 2163 2724 ut
2207 2672 2484 2725 Romanus
2532 2671 2750 2740 quidem
2788 2671 3062 2725 exercitus
3112 2670 3352 2738 fugatus,
3405 2669 3520 2734 ipse
3559 2678 3691 2717 vero

2107 2762 2331 2815 Michael
2363 2760 2578 2816 fortiter
2605 2777 2855 2832 pugnans
2885 2762 3223 2829 periclitatus
3249 2762 3314 2813 de
3363 2760 3471 2811 vita
3503 2755 3689 2819 fuerit,

2105 2865 2160 2908 et
2194 2855 2285 2908 vix
2315 2855 2549 2923 denique
2583 2854 2704 2923 fuga
2741 2856 2857 2922 ipse
2890 2870 3106 2925 quoque
3132 2863 3382 2907 servatus
3410 2848 3690 2916 Pamphy-

2105 2946 2214 3000 lum
2252 2947 2484 3015 primum
2538 2961 2597 3000 se
2623 2948 2935 3014 receperit,
2983 2946 3145 3014 paulo
3199 2959 3326 2997 vero
3366 2940 3691 3011 pastilli”

2106 3054 2166 3092 ea
2200 3052 2322 3106 quae
2354 3037 2551 3093 deinde
2581 3053 2631 3092 c.
2664 3040 2715 3102 1,
2745 3038 2782 3091 l.
2816 3054 2913 3099 vn,
2966 3046 3149 3091 noster
3179 3034 3320 3089 idem
3364 3043 3555 3087 auctor
3582 3043 3695 3083 tra-

429 3121 497 3175 ab
527 3122 628 3175 hoc
660 3122 982 3190 September
1028 3123 1327 3178 indictione
1360 3128 1592 3179 secunda
1629 3123 1835 3179 Graecis
1868 3124 1999 3178 insi-
2031 3152 2071 3207 ρ
2106 3130 2206 3191 dit,
2237 3129 2669 3198 Didymotichum
2717 3144 2779 3183 se
2811 3129 3174 3189 transtulerit,
3214 3126 3302 3179 ubi
3348 3125 3692 3177 exanimatas

431 3212 554 3281 guis
584 3214 813 3281 reperiri
848 3215 949 3268 hoc
983 3224 1156 3270 tractu
1193 3227 1495 3285 temporum
1524 3225 1718 3286 potest,
1754 3218 1854 3270 nisi
1882 3219 2003 3285 quis

430 3306 743 3359 retrocedat
773 3306 931 3360 annis
959 3308 1267 3376 quindecim
1292 3310 1357 3361 ad
1387 3324 1586 3361 annum
1617 3308 1821 3362 Christi
1847 3308 2002 3372 1288,

430 3403 524 3449 aut
551 3392 639 3466 [P.
675 3394 803 3467 579]
854 3399 1234 3467 progrediatur
1264 3399 1379 3466 pari
1410 3400 1583 3466 spatio
1613 3397 2003 3466 consequentis

433 3487 694 3555 temporis
728 3490 901 3559 nsque
966 3491 1031 3543 ad
1065 3506 1265 3545 annum
1317 3507 1438 3544 cera:
1470 3491 1796 3544 Christianae
1844 3488 2003 3555 1518,

432 3593 663 3647 quorum
708 3581 836 3635 item
893 3597 1160 3637 annorum
1226 3582 1393 3653 799
1421 3583 1648 3636 duorum
1684 3597 1866 3635 mense
1912 3580 2007 3633 Se-

434 3671 665 3738 ptembri
701 3677 842 3743 apud
879 3673 1095 3729 Grmcos
1130 3675 1359 3743 δευτέρα
1413 3674 1745 3742 ἐπινέμησις
1779 3676 2004 3725 secunda

434 3763 656 3816 indictio
685 3765 959 3818 numerari
988 3774 1161 3835 empta
1195 3775 1299 3820 est.
1342 3762 1517 3829 Quam
1550 3779 1676 3817 vero
1722 3773 1805 3816 est
1834 3761 2009 3814 mani-

439 3854 640 3907 festum
675 3855 740 3906 a'd
777 3863 1027 3909 neutrum
1062 3856 1276 3909 illorum
1318 3869 1581 3908 annorum
1609 3854 1888 3922 pertinere
1919 3868 2010 3920 po-

439 3949 612 4002 tuisse
644 3946 930 4016 appulsnm
964 3946 1341 4022 Rontzeriaua:
1397 3946 1587 4001 classis
1630 3945 2010 4000 Constantino-

435 4037 620 4107 polim,
648 4047 754 4091 tam
779 4048 986 4091 certum
1014 4039 1201 4092 haberi
1230 4038 1389 4093 debet
1415 4036 1560 4091 illum
1586 4052 1705 4090 esse
1730 4038 2009 4107 assignan-

435 4131 565 4183 dum
599 4132 767 4184 mensi
805 4130 1111 4200 Septembri
1147 4131 1274 4184 anni
1307 4130 1508 4184 Christi
1542 4130 1699 4183 1505.

508 4220 574 4275 V.
606 4222 674 4277 At
696 4237 825 4277 ecce
854 4224 957 4277 hoc
988 4232 1259 4277 assertum
1292 4227 1401 4274 tam
1434 4221 1631 4274 diserta
1654 4218 2010 4290 Pachymeris

438 4317 799 4373 aliirmatione
838 4317 1193 4371 constitutum
1225 4316 1507 4371 contrario
1556 4315 1801 4385 ejusdem
1861 4319 2013 4370 testi-

440 4410 623 4463 ntonio
676 4408 962 4463 evertitur.
999 4406 1202 4462 Scribit
1246 4408 1337 4462 ille
1394 4408 1444 4461 in
1504 4408 1651 4463 hunc
1700 4408 1915 4462 modum
1956 4424 2007 4476 p.

2116 3228 2262 3276 metu
2304 3235 2369 3275 ex
2425 3220 2669 3275 cladibus
2721 3221 2961 3287 acceptis
2994 3219 3271 3272 Romanas
3311 3217 3495 3283 copias
3547 3214 3693 3291 intra

2113 3328 2298 3366 muros
2331 3312 2553 3365 munitae
2599 3314 2741 3365 arcis
2780 3313 3063 3366 continere
3092 3311 3406 3377 cogebatur.
3440 3305 3494 3360 ld
3522 3318 3692 3374 porro

2114 3406 2158 3457 si
2197 3404 2429 3470 contigit
2460 3406 2677 3473 quando
2708 3405 3060 3457 evolvebatur
3108 3412 3201 3456 aut
3232 3401 3407 3469 potius
3438 3400 3691 3451 evolutus

2108 3496 2219 3563 jam
2244 3506 2362 3548 erat
2387 3510 2563 3549 annus
2595 3494 3120 3563 imperiiAndrOnici
3154 3493 3446 3546 vicesimus
3473 3490 3687 3550 tertius,

2115 3587 2390 3642 Michaelis
2419 3588 2788 3647 duodecimns,
2839 3585 3078 3651 oportuit
3127 3584 3248 3636 sine
3279 3582 3442 3634 dubio
3477 3580 3690 3631 contin—

2115 3693 2242 3748 gere
2272 3693 2415 3732 anno
2458 3678 2659 3731 Christi
2694 3675 2870 3731 1506:
2906 3684 3033 3729 tunc
3066 3675 3232 3743 800
3283 3674 3428 3726 enim
3473 3670 3686 3723 Andro-

2118 3774 2290 3833 nicus,
2330 3771 2417 3823 cui
2467 3775 2677 3838 primus
2713 3785 2741 3822 a
2800 3769 2970 3837 patris
3014 3776 3186 3820 morte
3242 3765 3452 3833 imperii
3511 3776 3689 3817 annus

2116 3862 2217 3915 fuit
2270 3860 2424 3922 1285,
2475 3862 2792 3915 vicesimum
2821 3860 3042 3914 tertium
3101 3858 3445 3928 principatus
3488 3869 3687 3907 annum

2118 3953 2424 4008 absolverat
2449 3963 2500 4006 et
2530 3953 2851 4006 vicesimum
2888 3961 3139 4019 quartum
3179 3952 3552 4008 inchoaverat,
3586 3944 3685 3998 Μὶ-
3759 4015 3763 4019 _

2117 4044 2270 4097 chael
2297 4058 2452 4105 vero,
2481 4045 2637 4111 cujus
2667 4044 2875 4110 primus
2913 4057 3087 4095 annus
3116 4040 3325 4109 imperii
3366 4055 3490 4093 cum
3519 4035 3687 4104 patris

2119 4133 2405 4187 undecimo
2437 4132 2638 4187 Christi
2669 4131 2808 4186 1295
2836 4131 3136 4190 concurrit,
3183 4130 3524 4197 principatus
3555 4128 3690 4180 duo-

2118 4225 2388 4280 decimum
2425 4240 2623 4279 annum
2675 4228 2971 4289 evolverat,
3022 4223 3290 4278 decimum
3323 4222 3539 4276 tertium
3588 4220 3692 4273 ini-

2120 4327 2294 4373 verat.

2189 4408 2280 4466 Vl.
2307 4409 2470 4477 Atqui
2495 4424 2617 4463 cum
2650 4409 2757 4463 hoc
2784 4408 3000 4478 quidem
3046 4417 3301 4462 constare
3330 4406 3518 4474 nequit
3545 4401 3687 4472 quod

440 4500 539 4556 56l
571 4514 587 4552 :
622 4498 886 4553 Ambobus
926 4498 1045 4567 jam
1096 4499 1518 4568 imperatoribus,
1565 4500 1759 4553 seniori
1804 4500 2014 4569 quidem
2047 4502 2089 4557 ἰ)
2120 4500 2488 4571 Pachymeres
2521 4516 2587 4555 ex
2615 4501 2841 4570 publica:
2876 4501 3153 4554 memoriae
3182 4497 3541 4559 Conscientia,
3570 4506 3688 4547 tan-

409 4588 655 4647 'tertium
708 4601 755 4645 et
812 4591 1134 4655 vicesimum,
1172 4590 1378 4659 juniori
1429 4598 1606 4644 autem
1642 4591 2012 4644 duodecimum

443 4699 647 4737 annum
670 4681 881 4751 imperii
913 4680 1077 4736 evolvi
1125 4682 1366 4751 contigit,
1402 4683 1637 4750 quando,
1671 4691 1777 4735 etc.
1807 4681 2012 4734 Eventa

443 4776 595 4830 varia
651 4784 918 4830 memorat
952 4790 1069 4843 quae
1099 4774 1153 4828 in
1188 4774 1334 4828 illum
1382 4773 1696 4827 inciderunt
1728 4774 2014 4826 articulum

444 4867 728 4936 temporis,
760 4881 866 4935 quo
891 4864 1185 4920 Andronici
1216 4878 1392 4918 annus
1419 4863 1633 4933 imperii
1664 4862 1756 4929 25,
1780 4862 2017 4918 Michaeo

444 4959 516 5012 lis
555 4966 735 5011 autem
784 4957 902 5026 ejus
939 4956 1031 5010 lilii
1066 4957 1132 5011 12
1176 4954 1378 5010 evoluti
1418 4966 1597 5019 erant,
1632 4955 1733 5008 hoc
1762 4965 1863 5019 est,
1918 4968 2016 5007 ex-

444 5048 578 5119 pleti
625 5049 1095 5113 numerabantur,
1144 5046 1497 5115 sequentibus
1545 5044 1659 5113 jam
1727 5043 2014 5097 inchoatis.

445 5137 594 5194 Inter
619 5137 723 5192 alia
757 5153 882 5193 vero
913 5137 1068 5192 istius
1100 5137 1314 5207 generis
1356 5145 1549 5190 eventa
1587 5135 1744 5203 paulo
1776 5144 1895 5203 post
1937 5149 2019 5188 re-

448 5236 638 5283 censet
664 5228 1018 5284 inclusionem
1053 5226 1332 5282 Michaelis
1363 5227 1585 5295 Augusti
1608 5224 1846 5280 Junioris
1875 5226 2016 5280 intra

448 5320 907 5391 Didymotichum,
936 5321 1195 5376 munitam
1231 5334 1433 5384 arcem,
1461 5319 1516 5373 in
1541 5333 1643 5388 qua
1679 5333 1739 5373 se
1766 5334 2023 5375 necessa-

450 5414 533 5469 rio
555 5414 892 5483 continebat,
933 5415 1075 5482 quod
1106 5411 1308 5466 milites
1361 5409 1620 5473 Romani,
1654 5411 1854 5479 quibus
1881 5426 2021 5481 prae-

449 5515 591 5571 erat,
617 5503 775 5560 fracti
805 5504 1001 5560 animis
1021 5503 1089 5557 ob
1123 5511 1375 5572 acceptas
1398 5501 1599 5567 clades,
1624 5502 1749 5556 inde
1771 5502 2019 5572 progredi

451 5608 507 5654 et
528 5613 589 5655 os
618 5599 869 5655 hostibus
900 5597 1189 5652 obvertere
1247 5608 1355 5649 non
1387 5592 1672 5647 auderent.
1708 5591 1902 5647 Hostes
1931 5594 2020 5647 hic

454 5703 562 5744 non
621 5689 759 5745 alios
824 5686 1128 5756 intelligere
1175 5684 1469 5741 historicus
1516 5699 1678 5755 quam
1732 5683 2020 5749 Catelanos

456 5790 655 5852 potest.
693 5779 760 5836 Et
788 5780 904 5852 ipse
926 5778 1110 5836 statim
1142 5778 1287 5835 clare
1329 5777 1396 5834 de
1422 5777 1488 5836 iis
1519 5791 1580 5836 se
1612 5775 1761 5847 loqui
1791 5776 2017 5833 demono

2119 4608 2278 4663 quam
2317 4593 2685 4647 certissimum
2712 4601 2765 4646 et
2799 4607 2829 4646 a
2881 4606 2938 4645 se
2967 4592 3163 4653 visum,
3211 4600 3514 4650 asseverat,
3544 4586 3688 4638 Ron-

2121 4685 2345 4739 tzerium
2372 4700 2558 4739 mense
2586 4685 2893 4752 Septembri
2921 4684 3169 4739 secundae
3190 4680 3502 4734 indictionis
3525 4693 3692 4746 appu-

2119 4774 2249 4830 lisse
2307 4773 2857 4843 Constantinopolim.
2919 4773 3034 4827 Hoc
3080 4785 3229 4826 nunc
3283 4772 3689 4827 demonstratur

2119 4882 2185 4921 ex
2215 4866 2356 4921 serie
2396 4881 2461 4920 ac
2513 4881 2654 4919 nexu
2699 4879 2881 4919 rerum
2936 4862 3346 4927 intervallisque
3383 4869 3686 4924 temporum

2119 4958 2323 5012 diserte
2371 4957 2690 5011 memoratis
2756 4971 2787 5009 a
2838 4956 3193 5023 Pachymere.
3236 4949 3563 5005 Rontzerius
3596 4945 3692 4999 Se—

2119 5048 2350 5118 ptembri
2377 5047 2629 5103 secundae
2661 5047 2992 5113 indictionis,
3024 5047 3128 5100 hoc
3144 5056 3225 5099 est
3252 5059 3341 5097 an.
3365 5044 3499 5095 Chr.
3530 5038 3688 5102 1505,

2121 5137 2177 5190 in
2208 5137 2395 5190 urbem
2436 5135 2799 5205 appulsus,ab
2839 5134 3153 5188 Andronico
3187 5130 3468 5197 magniﬁce
3494 5128 3694 5194 excipi-

2123 5238 2234 5292 tur,
2276 5242 2504 5295 magnus
2540 5228 2646 5281 dux
2677 5236 2916 5292 creatur,
2954 5240 3179 5280 uxorem
3207 5224 3358 5278 ducit
3399 5224 3691 5290 imperato-

2123 5322 2198 5377 ris
2229 5329 2463 5389 neptem,
2485 5317 2741 5388 Cyzicum
2780 5321 2832 5371 in
2865 5320 3088 5372 hiberna
3123 5317 3323 5370 missus
3352 5314 3403 5366 in
3446 5313 3688 5379 digressu

2122 5412 2191 5467 ab
2221 5413 2354 5465 urbe
2396 5425 2424 5461 a
2467 5407 2854 5464 Genuensibus
2893 5416 3259 5477 Oppugnatur.
3292 5403 3375 5476 [Ρ.
3401 5400 3527 5472 580]
3570 5399 3692 5453 Hice

2124 5511 2341 5555 narrata
2390 5499 2427 5553 l.
2469 5514 2524 5561 ν,
2581 5515 2633 5554 c.
2677 5499 2759 5564 14,
2824 5498 2983 5553 facile
3038 5497 3304 5564 reliquum
3366 5494 3492 5548 anni
3550 5492 3689 5545 1505

2122 5592 2473 5662 expleverint.
2513 5589 2679 5660 Igitur
2719 5591 2863 5646 circa
2901 5590 3113 5645 initium
3149 5587 3275 5641 anui
3317 5585 3518 5642 Christi
3553 5582 3691 5638 1504

2123 5681 2334 5748 excepti
2397 5694 2428 5733 a
2494 5680 2780 5749 Cyzicenis
2838 5680 3084 5735 Catelani
3140 5680 3290 5736 uberi
3352 5688 3406 5734 et
3463 5676 3690 5745 c0pioso

2124 5771 2385 5843 hospitio,
2426 5771 2559 5827 nihil
2607 5771 2786 5827 minus
2812 5772 3114 5842 cogitarunt
3144 5785 3305 5841 quam
3337 5769 3489 5842 cujus
3524 5782 3688 5825 causa
