  <div class='ocr_page' id='page_1' title='image "/cluster/home/n/w/nwhite01/storage/ocr_20150623/144:no.2/coo.31924054870492/434.png"; bbox 0 0 4036 6446; ppageno 0'>
   <div class='ocr_carea' id='block_1_1' title="bbox 508 357 618 421">
    <p class='ocr_par' dir='ltr' id='par_1_1' title="bbox 508 357 618 421">
     <span class='ocr_line' id='line_1_1' title="bbox 508 357 618 421; baseline 0.027 -3"><span class='ocrx_word' id='word_1_1' title='bbox 508 357 618 421; x_wconf 82' lang='grc'><strong>857</strong></span> 
     </span>
    </p>
   </div>
   <div class='ocr_carea' id='block_1_2' title="bbox 1810 364 2476 442">
    <p class='ocr_par' dir='ltr' id='par_1_2' title="bbox 1810 364 2476 442">
     <span class='ocr_line' id='line_1_2' title="bbox 1810 364 2476 442; baseline 0.008 -17"><span class='ocrx_word' id='word_1_2' title='bbox 1810 364 2476 442; x_wconf 75' lang='lat' dir='ltr'><strong>CHRONOLOGICUS.</strong></span> 
     </span>
    </p>
   </div>
   <div class='ocr_carea' id='block_1_3' title="bbox 3671 365 3780 433">
    <p class='ocr_par' dir='ltr' id='par_1_3' title="bbox 3671 365 3780 433">
     <span class='ocr_line' id='line_1_3' title="bbox 3671 365 3780 433; baseline -0.046 0"><span class='ocrx_word' id='word_1_3' title='bbox 3671 365 3780 433; x_wconf 67' lang='lat'><strong>858</strong></span> 
     </span>
    </p>
   </div>
   <div class='ocr_carea' id='block_1_4' title="bbox 513 475 3796 551">
    <p class='ocr_par' dir='ltr' id='par_1_4' title="bbox 513 475 3796 551">
     <span class='ocr_line' id='line_1_4' title="bbox 513 475 3796 551; baseline 0.002 -25"><span class='ocrx_word' id='word_1_4' title='bbox 513 475 663 528; x_wconf 82' lang='lat' dir='ltr'><strong>missi</strong></span> <span class='ocrx_word' id='word_1_5' title='bbox 692 482 874 542; x_wconf 81' lang='lat' dir='ltr'><strong>erant,</strong></span> <span class='ocrx_word' id='word_1_6' title='bbox 907 475 1104 534; x_wconf 83' lang='lat' dir='ltr'><strong>Persas</strong></span> <span class='ocrx_word' id='word_1_7' title='bbox 1135 479 1491 536; x_wconf 92' lang='lat' dir='ltr'><strong>ulterioribus</strong></span> <span class='ocrx_word' id='word_1_8' title='bbox 1533 479 1747 550; x_wconf 76' lang='lat' dir='ltr'><strong>imperii</strong></span> <span class='ocrx_word' id='word_1_9' title='bbox 1791 481 2094 551; x_wconf 88' lang='lat' dir='ltr'><strong>provinciis</strong></span> <span class='ocrx_word' id='word_1_10' title='bbox 2125 485 2170 540; x_wconf 82' lang='lat' dir='ltr'><strong>A</strong></span> <span class='ocrx_word' id='word_1_11' title='bbox 2201 480 2401 536; x_wconf 85' lang='lat' dir='ltr'><strong>frustra</strong></span> <span class='ocrx_word' id='word_1_12' title='bbox 2437 497 2534 550; x_wconf 90' lang='lat' dir='ltr'><strong>per</strong></span> <span class='ocrx_word' id='word_1_13' title='bbox 2564 481 2766 538; x_wconf 85' lang='lat' dir='ltr'><strong>missos</strong></span> <span class='ocrx_word' id='word_1_14' title='bbox 2793 491 2844 536; x_wconf 89' lang='lat' dir='ltr'><strong>et</strong></span> <span class='ocrx_word' id='word_1_15' title='bbox 2872 481 3086 536; x_wconf 72' lang='lat' dir='ltr'><strong>litteras</strong></span> <span class='ocrx_word' id='word_1_16' title='bbox 3123 489 3382 549; x_wconf 67' lang='lat' dir='ltr'><strong>expertus</strong></span> <span class='ocrx_word' id='word_1_17' title='bbox 3435 478 3648 534; x_wconf 86' lang='lat' dir='ltr'><strong>duobus</strong></span> <span class='ocrx_word' id='word_1_18' title='bbox 3683 481 3796 551; x_wconf 87' lang='lat' dir='ltr'><strong>pri-</strong></span> 
     </span>
    </p>
   </div>
   <div class='ocr_carea' id='block_1_5' title="bbox 515 564 2104 642">
    <p class='ocr_par' dir='ltr' id='par_1_5' title="bbox 515 564 2104 642">
     <span class='ocr_line' id='line_1_5' title="bbox 515 564 2104 642; baseline 0.007 -26"><span class='ocrx_word' id='word_1_19' title='bbox 515 564 744 620; x_wconf 85' lang='lat' dir='ltr'><strong>infestos</strong></span> <span class='ocrx_word' id='word_1_20' title='bbox 775 581 1140 637; x_wconf 79' lang='lat' dir='ltr'><strong>oppugnatum</strong></span> <span class='ocrx_word' id='word_1_21' title='bbox 1178 571 1278 626; x_wconf 90' lang='lat' dir='ltr'><strong>ire.</strong></span> <span class='ocrx_word' id='word_1_22' title='bbox 1311 571 1497 639; x_wconf 85' lang='lat' dir='ltr'><strong>Itaque</strong></span> <span class='ocrx_word' id='word_1_23' title='bbox 1523 571 1888 642; x_wconf 88' lang='lat' dir='ltr'><strong>perstiterunt</strong></span> <span class='ocrx_word' id='word_1_24' title='bbox 1920 589 1954 626; x_wconf 80' lang='grc' dir='ltr'><em>α</em></span> <span class='ocrx_word' id='word_1_25' title='bbox 1986 589 2104 628; x_wconf 70' lang='lat' dir='ltr'><strong>orre</strong></span> 
     </span>
    </p>
   </div>
   <div class='ocr_carea' id='block_1_6' title="bbox 513 645 2103 735">
    <p class='ocr_par' dir='ltr' id='par_1_6' title="bbox 513 645 2103 735">
     <span class='ocr_line' id='line_1_6' title="bbox 513 645 2103 735; baseline 0.008 -27"><span class='ocrx_word' id='word_1_26' title='bbox 513 645 624 709; x_wconf 61' lang='lat' dir='ltr'><strong>ill-ie</strong></span> <span class='ocrx_word' id='word_1_27' title='bbox 649 661 718 710; x_wconf 84' lang='lat' dir='ltr'><strong>ad</strong></span> <span class='ocrx_word' id='word_1_28' title='bbox 747 657 1052 727; x_wconf 77' lang='lat' dir='ltr'><strong>Arcturum,</strong></span> <span class='ocrx_word' id='word_1_29' title='bbox 1077 671 1138 717; x_wconf 88' lang='lat' dir='ltr'><strong>ut</strong></span> <span class='ocrx_word' id='word_1_30' title='bbox 1159 663 1348 719; x_wconf 80' lang='lat' dir='ltr'><strong>scribit</strong></span> <span class='ocrx_word' id='word_1_31' title='bbox 1369 663 1748 735; x_wconf 81' lang='lat' dir='ltr'><strong>Pacbymeres,</strong></span> <span class='ocrx_word' id='word_1_32' title='bbox 1793 667 1896 720; x_wconf 87' lang='lat' dir='ltr'><strong>hoc</strong></span> <span class='ocrx_word' id='word_1_33' title='bbox 1923 674 2008 721; x_wconf 88' lang='lat' dir='ltr'><strong>est</strong></span> <span class='ocrx_word' id='word_1_34' title='bbox 2033 669 2103 722; x_wconf 90' lang='lat' dir='ltr'><strong>ab</strong></span> 
     </span>
    </p>
   </div>
   <div class='ocr_carea' id='block_1_7' title="bbox 513 749 2094 824">
    <p class='ocr_par' dir='ltr' id='par_1_7' title="bbox 513 749 2094 824">
     <span class='ocr_line' id='line_1_7' title="bbox 513 749 2094 824; baseline 0.009 -25"><span class='ocrx_word' id='word_1_35' title='bbox 513 749 684 816; x_wconf 74' lang='lat' dir='ltr'><strong>Aprili</strong></span> <span class='ocrx_word' id='word_1_36' title='bbox 727 753 791 804; x_wconf 90' lang='lat' dir='ltr'><strong>ad</strong></span> <span class='ocrx_word' id='word_1_37' title='bbox 829 751 1228 820; x_wconf 87' lang='lat' dir='ltr'><strong>Septembrem,</strong></span> <span class='ocrx_word' id='word_1_38' title='bbox 1255 769 1362 824; x_wconf 88' lang='lat' dir='ltr'><strong>quo</strong></span> <span class='ocrx_word' id='word_1_39' title='bbox 1393 773 1582 812; x_wconf 87' lang='lat' dir='ltr'><strong>mense</strong></span> <span class='ocrx_word' id='word_1_40' title='bbox 1626 759 1805 811; x_wconf 91' lang='lat' dir='ltr'><strong>oritur</strong></span> <span class='ocrx_word' id='word_1_41' title='bbox 1828 759 2094 813; x_wconf 86' lang='lat' dir='ltr'><strong>Arcturus</strong></span> 
     </span>
    </p>
   </div>
   <div class='ocr_carea' id='block_1_8' title="bbox 515 841 2095 917">
    <p class='ocr_par' dir='ltr' id='par_1_8' title="bbox 515 841 2095 917">
     <span class='ocr_line' id='line_1_8' title="bbox 515 841 2095 917; baseline 0.008 -24"><span class='ocrx_word' id='word_1_42' title='bbox 515 841 670 894; x_wconf 79' lang='lat' dir='ltr'><strong>stella</strong></span> <span class='ocrx_word' id='word_1_43' title='bbox 726 843 966 896; x_wconf 75' lang='lat' dir='ltr'><strong>undecim</strong></span> <span class='ocrx_word' id='word_1_44' title='bbox 1015 844 1198 899; x_wconf 78' lang='lat' dir='ltr'><strong>diebus</strong></span> <span class='ocrx_word' id='word_1_45' title='bbox 1236 857 1356 901; x_wconf 76' lang='lat' dir='ltr'><strong>ante</strong></span> <span class='ocrx_word' id='word_1_46' title='bbox 1408 849 1788 917; x_wconf 66' lang='lat' dir='ltr'><strong>aequinoctium</strong></span> <span class='ocrx_word' id='word_1_47' title='bbox 1829 851 2095 904; x_wconf 77' lang='lat' dir='ltr'><strong>autumni.</strong></span> 
     </span>
    </p>
   </div>
   <div class='ocr_carea' id='block_1_9' title="bbox 514 933 2100 1010">
    <p class='ocr_par' dir='ltr' id='par_1_9' title="bbox 514 933 2100 1010">
     <span class='ocr_line' id='line_1_9' title="bbox 514 933 2100 1010; baseline 0.005 -24"><span class='ocrx_word' id='word_1_48' title='bbox 514 933 687 988; x_wconf 64' lang='lat' dir='ltr'><strong>Verba</strong></span> <span class='ocrx_word' id='word_1_49' title='bbox 721 946 848 988; x_wconf 88' lang='lat' dir='ltr'><strong>sunt</strong></span> <span class='ocrx_word' id='word_1_50' title='bbox 882 935 1044 990; x_wconf 89' lang='lat' dir='ltr'><strong>Plinii</strong></span> <span class='ocrx_word' id='word_1_51' title='bbox 1101 939 1138 991; x_wconf 94' lang='grc' dir='ltr'><strong>Ι.</strong></span> <span class='ocrx_word' id='word_1_52' title='bbox 1169 955 1228 1002; x_wconf 84' lang='grc' dir='ltr'><strong>ιι⁹</strong></span> <span class='ocrx_word' id='word_1_53' title='bbox 1271 954 1321 994; x_wconf 86' lang='lat' dir='ltr'><strong>c.</strong></span> <span class='ocrx_word' id='word_1_54' title='bbox 1372 941 1463 996; x_wconf 73' lang='grc'><strong>47.</strong></span> <span class='ocrx_word' id='word_1_55' title='bbox 1497 939 1566 995; x_wconf 88' lang='lat' dir='ltr'><strong>lis</strong></span> <span class='ocrx_word' id='word_1_56' title='bbox 1605 941 1786 995; x_wconf 79' lang='lat' dir='ltr'><strong>verbis</strong></span> <span class='ocrx_word' id='word_1_57' title='bbox 1821 941 2100 1010; x_wconf 78' lang='lat' dir='ltr'><strong>significat</strong></span> 
     </span>
    </p>
   </div>
   <div class='ocr_carea' id='block_1_10' title="bbox 517 1024 2094 1106">
    <p class='ocr_par' dir='ltr' id='par_1_10' title="bbox 517 1024 2094 1106">
     <span class='ocr_line' id='line_1_10' title="bbox 517 1024 2094 1106; baseline 0.01 -28"><span class='ocrx_word' id='word_1_58' title='bbox 517 1024 808 1082; x_wconf 80' lang='lat' dir='ltr'><strong>historicus</strong></span> <span class='ocrx_word' id='word_1_59' title='bbox 837 1031 1151 1086; x_wconf 74' lang='lat' dir='ltr'><strong>universam</strong></span> <span class='ocrx_word' id='word_1_60' title='bbox 1179 1047 1272 1087; x_wconf 88' lang='lat' dir='ltr'><strong>eos</strong></span> <span class='ocrx_word' id='word_1_61' title='bbox 1312 1043 1694 1102; x_wconf 86' lang='lat' dir='ltr'><strong>tempestatem</strong></span> <span class='ocrx_word' id='word_1_62' title='bbox 1715 1045 1899 1106; x_wconf 79' lang='lat' dir='ltr'><strong>aptam</strong></span> <span class='ocrx_word' id='word_1_63' title='bbox 1935 1052 2094 1106; x_wconf 79' lang='lat' dir='ltr'><strong>expe-</strong></span> 
     </span>
    </p>
   </div>
   <div class='ocr_carea' id='block_1_11' title="bbox 515 1117 2098 1194">
    <p class='ocr_par' dir='ltr' id='par_1_11' title="bbox 515 1117 2098 1194">
     <span class='ocr_line' id='line_1_11' title="bbox 515 1117 2098 1194; baseline 0.008 -26"><span class='ocrx_word' id='word_1_64' title='bbox 515 1117 814 1172; x_wconf 79' lang='lat' dir='ltr'><strong>ditionibus</strong></span> <span class='ocrx_word' id='word_1_65' title='bbox 843 1121 894 1172; x_wconf 87' lang='lat' dir='ltr'><strong>in</strong></span> <span class='ocrx_word' id='word_1_66' title='bbox 941 1124 1156 1179; x_wconf 81' lang='lat' dir='ltr'><strong>stativis</strong></span> <span class='ocrx_word' id='word_1_67' title='bbox 1194 1128 1628 1194; x_wconf 88' lang='lat' dir='ltr'><strong>consumpsisse,</strong></span> <span class='ocrx_word' id='word_1_68' title='bbox 1663 1143 1768 1184; x_wconf 90' lang='lat' dir='ltr'><strong>non</strong></span> <span class='ocrx_word' id='word_1_69' title='bbox 1817 1135 1924 1181; x_wconf 89' lang='lat' dir='ltr'><strong>tam</strong></span> <span class='ocrx_word' id='word_1_70' title='bbox 1951 1129 2098 1183; x_wconf 86' lang='lat' dir='ltr'><strong>desi-</strong></span> 
     </span>
    </p>
   </div>
   <div class='ocr_carea' id='block_1_12' title="bbox 515 1209 2098 1288">
    <p class='ocr_par' dir='ltr' id='par_1_12' title="bbox 515 1209 2098 1288">
     <span class='ocr_line' id='line_1_12' title="bbox 515 1209 2098 1288; baseline 0.008 -26"><span class='ocrx_word' id='word_1_71' title='bbox 515 1209 712 1270; x_wconf 76' lang='lat' dir='ltr'><strong>dendo.</strong></span> <span class='ocrx_word' id='word_1_72' title='bbox 759 1217 899 1275; x_wconf 84' lang='lat' dir='ltr'><strong>quod</strong></span> <span class='ocrx_word' id='word_1_73' title='bbox 936 1217 1108 1281; x_wconf 87' lang='lat' dir='ltr'><strong>ipsum</strong></span> <span class='ocrx_word' id='word_1_74' title='bbox 1139 1229 1285 1273; x_wconf 83' lang='lat' dir='ltr'><strong>esset</strong></span> <span class='ocrx_word' id='word_1_75' title='bbox 1317 1219 1669 1288; x_wconf 83' lang='lat' dir='ltr'><strong>flagitiosum,</strong></span> <span class='ocrx_word' id='word_1_76' title='bbox 1697 1235 1860 1288; x_wconf 87' lang='lat' dir='ltr'><strong>quam</strong></span> <span class='ocrx_word' id='word_1_77' title='bbox 1890 1220 2098 1287; x_wconf 71' lang='lat' dir='ltr'><strong>deprae-</strong></span> 
     </span>
    </p>
   </div>
   <div class='ocr_carea' id='block_1_13' title="bbox 520 1305 2098 1379">
    <p class='ocr_par' dir='ltr' id='par_1_13' title="bbox 520 1305 2098 1379">
     <span class='ocr_line' id='line_1_13' title="bbox 520 1305 2098 1379; baseline 0.007 -25"><span class='ocrx_word' id='word_1_78' title='bbox 520 1305 856 1370; x_wconf 84' lang='lat' dir='ltr'><strong>dationibus,</strong></span> <span class='ocrx_word' id='word_1_79' title='bbox 885 1305 1264 1375; x_wconf 66' lang='lat' dir='ltr'><strong>ebrietatibus,</strong></span> <span class='ocrx_word' id='word_1_80' title='bbox 1305 1311 1730 1377; x_wconf 82' lang='lat' dir='ltr'><strong>extorsionibus,</strong></span> <span class='ocrx_word' id='word_1_81' title='bbox 1767 1311 1971 1379; x_wconf 86' lang='lat' dir='ltr'><strong>stupris</strong></span> <span class='ocrx_word' id='word_1_82' title='bbox 2044 1320 2098 1366; x_wconf 91' lang='lat' dir='ltr'><strong>et</strong></span> 
     </span>
    </p>
   </div>
   <div class='ocr_carea' id='block_1_14' title="bbox 521 1396 2100 1471">
    <p class='ocr_par' dir='ltr' id='par_1_14' title="bbox 521 1396 2100 1471">
     <span class='ocr_line' id='line_1_14' title="bbox 521 1396 2100 1471; baseline 0.004 -22"><span class='ocrx_word' id='word_1_83' title='bbox 521 1396 668 1449; x_wconf 88' lang='lat' dir='ltr'><strong>nullo</strong></span> <span class='ocrx_word' id='word_1_84' title='bbox 709 1412 818 1450; x_wconf 89' lang='lat' dir='ltr'><strong>non</strong></span> <span class='ocrx_word' id='word_1_85' title='bbox 858 1397 1176 1464; x_wconf 82' lang='lat' dir='ltr'><strong>iniuriarum</strong></span> <span class='ocrx_word' id='word_1_86' title='bbox 1233 1403 1465 1456; x_wconf 79' lang='lat' dir='ltr'><strong>maxime</strong></span> <span class='ocrx_word' id='word_1_87' title='bbox 1525 1403 1947 1457; x_wconf 88' lang='lat' dir='ltr'><strong>intolerabilium</strong></span> <span class='ocrx_word' id='word_1_88' title='bbox 2005 1417 2100 1471; x_wconf 88' lang='lat' dir='ltr'><strong>ge-</strong></span> 
     </span>
    </p>
   </div>
   <div class='ocr_carea' id='block_1_15' title="bbox 512 1487 2094 1560">
    <p class='ocr_par' dir='ltr' id='par_1_15' title="bbox 512 1487 2094 1560">
     <span class='ocr_line' id='line_1_15' title="bbox 512 1487 2094 1560; baseline 0.006 -18"><span class='ocrx_word' id='word_1_89' title='bbox 512 1501 646 1542; x_wconf 80' lang='lat' dir='ltr'><strong>nere</strong></span> <span class='ocrx_word' id='word_1_90' title='bbox 690 1487 1028 1545; x_wconf 78' lang='lat' dir='ltr'><strong>miserrimos</strong></span> <span class='ocrx_word' id='word_1_91' title='bbox 1106 1492 1348 1559; x_wconf 77' lang='lat' dir='ltr'><strong>hospites</strong></span> <span class='ocrx_word' id='word_1_92' title='bbox 1386 1495 1656 1550; x_wconf 82' lang='lat' dir='ltr'><strong>vexando.</strong></span> <span class='ocrx_word' id='word_1_93' title='bbox 1713 1494 1844 1560; x_wconf 62' lang='lat' dir='ltr'><strong>Quae</strong></span> <span class='ocrx_word' id='word_1_94' title='bbox 1889 1499 2094 1550; x_wconf 86' lang='lat' dir='ltr'><strong>scelera</strong></span> 
     </span>
    </p>
   </div>
   <div class='ocr_carea' id='block_1_16' title="bbox 517 1579 2099 1646">
    <p class='ocr_par' dir='ltr' id='par_1_16' title="bbox 517 1579 2099 1646">
     <span class='ocr_line' id='line_1_16' title="bbox 517 1579 2099 1646; baseline 0.006 -14"><span class='ocrx_word' id='word_1_95' title='bbox 517 1593 627 1632; x_wconf 84' lang='lat' dir='ltr'><strong>non</strong></span> <span class='ocrx_word' id='word_1_96' title='bbox 657 1579 840 1634; x_wconf 87' lang='lat' dir='ltr'><strong>ferens</strong></span> <span class='ocrx_word' id='word_1_97' title='bbox 869 1581 1152 1637; x_wconf 86' lang='lat' dir='ltr'><strong>Phareuda</strong></span> <span class='ocrx_word' id='word_1_98' title='bbox 1179 1583 1416 1646; x_wconf 87' lang='lat' dir='ltr'><strong>Tzimcs,</strong></span> <span class='ocrx_word' id='word_1_99' title='bbox 1449 1601 1590 1640; x_wconf 90' lang='lat' dir='ltr'><strong>unus</strong></span> <span class='ocrx_word' id='word_1_100' title='bbox 1631 1601 1661 1640; x_wconf 89' lang='lat' dir='ltr'><strong>e</strong></span> <span class='ocrx_word' id='word_1_101' title='bbox 1699 1585 1912 1641; x_wconf 87' lang='lat' dir='ltr'><strong>Latinis</strong></span> <span class='ocrx_word' id='word_1_102' title='bbox 1945 1589 2099 1642; x_wconf 83' lang='lat' dir='ltr'><strong>duci-</strong></span> 
     </span>
    </p>
   </div>
   <div class='ocr_carea' id='block_1_17' title="bbox 516 1671 2097 1744">
    <p class='ocr_par' dir='ltr' id='par_1_17' title="bbox 516 1671 2097 1744">
     <span class='ocr_line' id='line_1_17' title="bbox 516 1671 2097 1744; baseline 0.008 -22"><span class='ocrx_word' id='word_1_103' title='bbox 516 1671 638 1736; x_wconf 87' lang='lat' dir='ltr'><strong>bus,</strong></span> <span class='ocrx_word' id='word_1_104' title='bbox 675 1686 802 1740; x_wconf 86' lang='lat' dir='ltr'><strong>pars</strong></span> <span class='ocrx_word' id='word_1_105' title='bbox 838 1673 1043 1727; x_wconf 70' lang='lat' dir='ltr'><strong>militiae</strong></span> <span class='ocrx_word' id='word_1_106' title='bbox 1074 1675 1250 1735; x_wconf 87' lang='lat' dir='ltr'><strong>istius.</strong></span> <span class='ocrx_word' id='word_1_107' title='bbox 1292 1676 1390 1730; x_wconf 84' lang='lat' dir='ltr'><strong>sed</strong></span> <span class='ocrx_word' id='word_1_108' title='bbox 1422 1693 1528 1730; x_wconf 89' lang='lat' dir='ltr'><strong>non</strong></span> <span class='ocrx_word' id='word_1_109' title='bbox 1553 1677 1830 1744; x_wconf 86' lang='lat' dir='ltr'><strong>subjectus</strong></span> <span class='ocrx_word' id='word_1_110' title='bbox 1863 1679 2097 1734; x_wconf 79' lang='lat' dir='ltr'><strong>Rontze—</strong></span> 
     </span>
    </p>
   </div>
   <div class='ocr_carea' id='block_1_18' title="bbox 515 1763 2094 1837">
    <p class='ocr_par' dir='ltr' id='par_1_18' title="bbox 515 1763 2094 1837">
     <span class='ocr_line' id='line_1_18' title="bbox 515 1763 2094 1837; baseline 0.007 -21"><span class='ocrx_word' id='word_1_111' title='bbox 515 1763 619 1828; x_wconf 90' lang='lat' dir='ltr'><strong>rio,</strong></span> <span class='ocrx_word' id='word_1_112' title='bbox 659 1773 714 1815; x_wconf 90' lang='lat' dir='ltr'><strong>at</strong></span> <span class='ocrx_word' id='word_1_113' title='bbox 743 1765 1097 1834; x_wconf 79' lang='lat' dir='ltr'><strong>sibi~pr0prie</strong></span> <span class='ocrx_word' id='word_1_114' title='bbox 1129 1778 1447 1824; x_wconf 78' lang='lat' dir='ltr'><strong>auctoratos</strong></span> <span class='ocrx_word' id='word_1_115' title='bbox 1479 1771 1677 1826; x_wconf 83' lang='lat' dir='ltr'><strong>milites</strong></span> <span class='ocrx_word' id='word_1_116' title='bbox 1711 1772 1960 1837; x_wconf 88' lang='lat' dir='ltr'><strong>ductans,</strong></span> <span class='ocrx_word' id='word_1_117' title='bbox 1990 1789 2094 1827; x_wconf 89' lang='lat' dir='ltr'><strong>una</strong></span> 
     </span>
    </p>
   </div>
   <div class='ocr_carea' id='block_1_19' title="bbox 513 1854 2096 1934">
    <p class='ocr_par' dir='ltr' id='par_1_19' title="bbox 513 1854 2096 1934">
     <span class='ocr_line' id='line_1_19' title="bbox 513 1854 2096 1934; baseline 0.006 -26"><span class='ocrx_word' id='word_1_118' title='bbox 513 1867 636 1908; x_wconf 83' lang='lat' dir='ltr'><strong>eum</strong></span> <span class='ocrx_word' id='word_1_119' title='bbox 675 1854 740 1909; x_wconf 90' lang='lat' dir='ltr'><strong>iis</strong></span> <span class='ocrx_word' id='word_1_120' title='bbox 767 1859 993 1910; x_wconf 80' lang='lat' dir='ltr'><strong>recessit</strong></span> <span class='ocrx_word' id='word_1_121' title='bbox 1029 1859 1260 1925; x_wconf 88' lang='lat' dir='ltr'><strong>patriam</strong></span> <span class='ocrx_word' id='word_1_122' title='bbox 1297 1869 1570 1928; x_wconf 89' lang='lat' dir='ltr'><strong>repetens,</strong></span> <span class='ocrx_word' id='word_1_123' title='bbox 1608 1872 1662 1914; x_wconf 92' lang='lat' dir='ltr'><strong>ut</strong></span> <span class='ocrx_word' id='word_1_124' title='bbox 1699 1863 1858 1918; x_wconf 84' lang='lat' dir='ltr'><strong>tradit</strong></span> <span class='ocrx_word' id='word_1_125' title='bbox 1888 1862 2096 1934; x_wconf 74' lang='lat' dir='ltr'><strong>Pachy-</strong></span> 
     </span>
    </p>
   </div>
   <div class='ocr_carea' id='block_1_20' title="bbox 514 1946 2096 2023">
    <p class='ocr_par' dir='ltr' id='par_1_20' title="bbox 514 1946 2096 2023">
     <span class='ocr_line' id='line_1_20' title="bbox 514 1946 2096 2023; baseline 0.008 -27"><span class='ocrx_word' id='word_1_126' title='bbox 514 1959 694 2000; x_wconf 82' lang='lat' dir='ltr'><strong>meres</strong></span> <span class='ocrx_word' id='word_1_127' title='bbox 734 1946 771 1999; x_wconf 95' lang='grc'><strong>1.</strong></span> <span class='ocrx_word' id='word_1_128' title='bbox 817 1963 866 2012; x_wconf 83' lang='lat' dir='ltr'><strong>v,</strong></span> <span class='ocrx_word' id='word_1_129' title='bbox 923 1965 976 2004; x_wconf 93' lang='lat' dir='ltr'><strong>c.</strong></span> <span class='ocrx_word' id='word_1_130' title='bbox 1013 1949 1103 2004; x_wconf 79' lang='grc'><strong>14.</strong></span> <span class='ocrx_word' id='word_1_131' title='bbox 1147 1949 1220 2004; x_wconf 89' lang='lat' dir='ltr'><strong>Ea</strong></span> <span class='ocrx_word' id='word_1_132' title='bbox 1267 1961 1460 2006; x_wconf 59' lang='lat' dir='ltr'><strong>aestate</strong></span> <span class='ocrx_word' id='word_1_133' title='bbox 1508 1969 1606 2021; x_wconf 86' lang='lat' dir='ltr'><strong>per</strong></span> <span class='ocrx_word' id='word_1_134' title='bbox 1668 1963 1838 2008; x_wconf 91' lang='lat' dir='ltr'><strong>totam</strong></span> <span class='ocrx_word' id='word_1_135' title='bbox 1895 1958 2096 2023; x_wconf 86' lang='lat' dir='ltr'><strong>passim</strong></span> 
     </span>
    </p>
   </div>
   <div class='ocr_carea' id='block_1_21' title="bbox 515 2035 2098 2110">
    <p class='ocr_par' dir='ltr' id='par_1_21' title="bbox 515 2035 2098 2110">
     <span class='ocr_line' id='line_1_21' title="bbox 515 2035 2098 2110; baseline 0.009 -20"><span class='ocrx_word' id='word_1_136' title='bbox 515 2035 847 2093; x_wconf 84' lang='lat' dir='ltr'><strong>Orientalem</strong></span> <span class='ocrx_word' id='word_1_137' title='bbox 886 2040 1099 2110; x_wconf 88' lang='lat' dir='ltr'><strong>imperii</strong></span> <span class='ocrx_word' id='word_1_138' title='bbox 1160 2043 1428 2098; x_wconf 82' lang='lat' dir='ltr'><strong>ditionem</strong></span> <span class='ocrx_word' id='word_1_139' title='bbox 1493 2044 1858 2102; x_wconf 87' lang='lat' dir='ltr'><strong>licentissime</strong></span> <span class='ocrx_word' id='word_1_140' title='bbox 1917 2047 2098 2106; x_wconf 68' lang='lat' dir='ltr'><strong>Persae</strong></span> 
     </span>
    </p>
   </div>
   <div class='ocr_carea' id='block_1_22' title="bbox 515 2128 2098 2209">
    <p class='ocr_par' dir='ltr' id='par_1_22' title="bbox 515 2128 2098 2209">
     <span class='ocr_line' id='line_1_22' title="bbox 515 2128 2098 2209; baseline 0.009 -27"><span class='ocrx_word' id='word_1_141' title='bbox 515 2128 736 2184; x_wconf 85' lang='lat' dir='ltr'><strong>barbari</strong></span> <span class='ocrx_word' id='word_1_142' title='bbox 801 2133 1040 2200; x_wconf 80' lang='lat' dir='ltr'><strong>agebant</strong></span> <span class='ocrx_word' id='word_1_143' title='bbox 1087 2133 1444 2204; x_wconf 79' lang='lat' dir='ltr'><strong>ferebantque</strong></span> <span class='ocrx_word' id='word_1_144' title='bbox 1507 2149 1742 2203; x_wconf 90' lang='lat' dir='ltr'><strong>cuncta;</strong></span> <span class='ocrx_word' id='word_1_145' title='bbox 1782 2142 1925 2209; x_wconf 84' lang='lat' dir='ltr'><strong>quod</strong></span> <span class='ocrx_word' id='word_1_146' title='bbox 1979 2143 2098 2196; x_wconf 81' lang='lat' dir='ltr'><strong>fuse</strong></span> 
     </span>
    </p>
   </div>
   <div class='ocr_carea' id='block_1_23' title="bbox 514 2218 2098 2294">
    <p class='ocr_par' dir='ltr' id='par_1_23' title="bbox 514 2218 2098 2294">
     <span class='ocr_line' id='line_1_23' title="bbox 514 2218 2098 2294; baseline 0.011 -22"><span class='ocrx_word' id='word_1_147' title='bbox 514 2218 845 2274; x_wconf 76' lang='lat' dir='ltr'><strong>describitur</strong></span> <span class='ocrx_word' id='word_1_148' title='bbox 893 2239 922 2276; x_wconf 94' lang='lat' dir='ltr'><strong>a</strong></span> <span class='ocrx_word' id='word_1_149' title='bbox 965 2235 1152 2279; x_wconf 90' lang='lat' dir='ltr'><strong>nostro</strong></span> <span class='ocrx_word' id='word_1_150' title='bbox 1205 2227 1242 2280; x_wconf 90' lang='lat' dir='ltr'><strong>I.</strong></span> <span class='ocrx_word' id='word_1_151' title='bbox 1277 2241 1329 2290; x_wconf 85' lang='grc' dir='ltr'><strong>ν,</strong></span> <span class='ocrx_word' id='word_1_152' title='bbox 1365 2243 1411 2280; x_wconf 93' lang='lat' dir='ltr'><strong>c.</strong></span> <span class='ocrx_word' id='word_1_153' title='bbox 1468 2229 1562 2283; x_wconf 74' lang='grc'><strong>21.</strong></span> <span class='ocrx_word' id='word_1_154' title='bbox 1599 2229 1780 2294; x_wconf 81' lang='lat' dir='ltr'><strong>Quare</strong></span> <span class='ocrx_word' id='word_1_155' title='bbox 1819 2231 2098 2289; x_wconf 88' lang='lat' dir='ltr'><strong>sollicitati</strong></span> 
     </span>
    </p>
   </div>
   <div class='ocr_carea' id='block_1_24' title="bbox 519 2313 2097 2394">
    <p class='ocr_par' dir='ltr' id='par_1_24' title="bbox 519 2313 2097 2394">
     <span class='ocr_line' id='line_1_24' title="bbox 519 2313 2097 2394; baseline 0.012 -32"><span class='ocrx_word' id='word_1_156' title='bbox 519 2313 894 2382; x_wconf 80' lang='lat' dir='ltr'><strong>Itantzeriani,</strong></span> <span class='ocrx_word' id='word_1_157' title='bbox 958 2326 1015 2370; x_wconf 89' lang='lat' dir='ltr'><strong>ut</strong></span> <span class='ocrx_word' id='word_1_158' title='bbox 1071 2321 1352 2387; x_wconf 90' lang='lat' dir='ltr'><strong>suppetias</strong></span> <span class='ocrx_word' id='word_1_159' title='bbox 1405 2325 1682 2389; x_wconf 83' lang='lat' dir='ltr'><strong>oppressis</strong></span> <span class='ocrx_word' id='word_1_160' title='bbox 1723 2337 2097 2394; x_wconf 76' lang='lat' dir='ltr'><strong>accurrerent,</strong></span> 
     </span>
    </p>
   </div>
   <div class='ocr_carea' id='block_1_25' title="bbox 512 2405 2095 2486">
    <p class='ocr_par' dir='ltr' id='par_1_25' title="bbox 512 2405 2095 2486">
     <span class='ocr_line' id='line_1_25' title="bbox 512 2405 2095 2486; baseline 0.01 -30"><span class='ocrx_word' id='word_1_161' title='bbox 512 2418 638 2456; x_wconf 88' lang='lat' dir='ltr'><strong>cum</strong></span> <span class='ocrx_word' id='word_1_162' title='bbox 676 2405 745 2458; x_wconf 90' lang='lat' dir='ltr'><strong>ab</strong></span> <span class='ocrx_word' id='word_1_163' title='bbox 773 2405 896 2459; x_wconf 83' lang='lat' dir='ltr'><strong>aliis</strong></span> <span class='ocrx_word' id='word_1_164' title='bbox 929 2415 1040 2460; x_wconf 92' lang='lat' dir='ltr'><strong>tum</strong></span> <span class='ocrx_word' id='word_1_165' title='bbox 1097 2424 1125 2460; x_wconf 91' lang='lat' dir='ltr'><strong>a</strong></span> <span class='ocrx_word' id='word_1_166' title='bbox 1176 2409 1386 2464; x_wconf 87' lang='lat' dir='ltr'><strong>Marule</strong></span> <span class='ocrx_word' id='word_1_167' title='bbox 1425 2411 1779 2480; x_wconf 79' lang='lat' dir='ltr'><strong>imperatorio</strong></span> <span class='ocrx_word' id='word_1_168' title='bbox 1809 2416 1962 2481; x_wconf 83' lang='lat' dir='ltr'><strong>duce,</strong></span> <span class='ocrx_word' id='word_1_169' title='bbox 2005 2421 2095 2486; x_wconf 91' lang='lat' dir='ltr'><strong>qui</strong></span> 
     </span>
    </p>
   </div>
   <div class='ocr_carea' id='block_1_26' title="bbox 513 2497 2098 2572">
    <p class='ocr_par' dir='ltr' id='par_1_26' title="bbox 513 2497 2098 2572">
     <span class='ocr_line' id='line_1_26' title="bbox 513 2497 2098 2572; baseline 0.011 -24"><span class='ocrx_word' id='word_1_170' title='bbox 513 2510 640 2548; x_wconf 83' lang='lat' dir='ltr'><strong>cum</strong></span> <span class='ocrx_word' id='word_1_171' title='bbox 669 2497 940 2564; x_wconf 89' lang='lat' dir='ltr'><strong>aliquibus</strong></span> <span class='ocrx_word' id='word_1_172' title='bbox 994 2499 1254 2558; x_wconf 75' lang='lat' dir='ltr'><strong>Romanis</strong></span> <span class='ocrx_word' id='word_1_173' title='bbox 1293 2503 1467 2572; x_wconf 88' lang='lat' dir='ltr'><strong>copiis</strong></span> <span class='ocrx_word' id='word_1_174' title='bbox 1505 2505 1772 2558; x_wconf 87' lang='lat' dir='ltr'><strong>admistus</strong></span> <span class='ocrx_word' id='word_1_175' title='bbox 1824 2507 2098 2566; x_wconf 86' lang='lat' dir='ltr'><strong>Catelanis</strong></span> 
     </span>
    </p>
   </div>
   <div class='ocr_carea' id='block_1_27' title="bbox 511 2584 2097 2668">
    <p class='ocr_par' dir='ltr' id='par_1_27' title="bbox 511 2584 2097 2668">
     <span class='ocr_line' id='line_1_27' title="bbox 511 2584 2097 2668; baseline 0.008 -28"><span class='ocrx_word' id='word_1_176' title='bbox 511 2584 696 2656; x_wconf 82' lang='lat' dir='ltr'><strong>Cyzici</strong></span> <span class='ocrx_word' id='word_1_177' title='bbox 731 2589 980 2657; x_wconf 76' lang='lat' dir='ltr'><strong>degebat,</strong></span> <span class='ocrx_word' id='word_1_178' title='bbox 1016 2593 1180 2645; x_wconf 81' lang='lat' dir='ltr'><strong>variis</strong></span> <span class='ocrx_word' id='word_1_179' title='bbox 1231 2607 1448 2662; x_wconf 89' lang='lat' dir='ltr'><strong>semper</strong></span> <span class='ocrx_word' id='word_1_180' title='bbox 1511 2598 1864 2662; x_wconf 79' lang='lat' dir='ltr'><strong>praetextibus</strong></span> <span class='ocrx_word' id='word_1_181' title='bbox 1911 2600 2097 2668; x_wconf 85' lang='lat' dir='ltr'><strong>profe-</strong></span> 
     </span>
    </p>
   </div>
   <div class='ocr_carea' id='block_1_28' title="bbox 513 2681 2096 2754">
    <p class='ocr_par' dir='ltr' id='par_1_28' title="bbox 513 2681 2096 2754">
     <span class='ocr_line' id='line_1_28' title="bbox 513 2681 2096 2754; baseline 0.01 -23"><span class='ocrx_word' id='word_1_182' title='bbox 513 2681 748 2735; x_wconf 88' lang='lat' dir='ltr'><strong>ctionem</strong></span> <span class='ocrx_word' id='word_1_183' title='bbox 782 2681 1130 2738; x_wconf 72' lang='lat' dir='ltr'><strong>dilferebant.</strong></span> <span class='ocrx_word' id='word_1_184' title='bbox 1157 2682 1222 2736; x_wconf 92' lang='lat' dir='ltr'><strong>Et</strong></span> <span class='ocrx_word' id='word_1_185' title='bbox 1246 2700 1366 2738; x_wconf 88' lang='lat' dir='ltr'><strong>cum</strong></span> <span class='ocrx_word' id='word_1_186' title='bbox 1394 2687 1509 2754; x_wconf 88' lang='lat' dir='ltr'><strong>ipse</strong></span> <span class='ocrx_word' id='word_1_187' title='bbox 1547 2687 1783 2743; x_wconf 80' lang='lat' dir='ltr'><strong>Marules</strong></span> <span class='ocrx_word' id='word_1_188' title='bbox 1813 2705 1933 2744; x_wconf 83' lang='lat' dir='ltr'><strong>cum</strong></span> <span class='ocrx_word' id='word_1_189' title='bbox 1961 2693 2096 2754; x_wconf 86' lang='lat' dir='ltr'><strong>suis,</strong></span> 
     </span>
    </p>
   </div>
   <div class='ocr_carea' id='block_1_29' title="bbox 512 2769 2094 2848">
    <p class='ocr_par' dir='ltr' id='par_1_29' title="bbox 512 2769 2094 2848">
     <span class='ocr_line' id='line_1_29' title="bbox 512 2769 2094 2848; baseline 0.008 -25"><span class='ocrx_word' id='word_1_190' title='bbox 512 2769 716 2825; x_wconf 74' lang='lat' dir='ltr'><strong>frustra</strong></span> <span class='ocrx_word' id='word_1_191' title='bbox 757 2774 986 2828; x_wconf 90' lang='lat' dir='ltr'><strong>invitato</strong></span> <span class='ocrx_word' id='word_1_192' title='bbox 1024 2777 1340 2842; x_wconf 76' lang='lat' dir='ltr'><strong>liontzerio,</strong></span> <span class='ocrx_word' id='word_1_193' title='bbox 1392 2779 1656 2834; x_wconf 83' lang='lat' dir='ltr'><strong>adversus</strong></span> <span class='ocrx_word' id='word_1_194' title='bbox 1713 2791 2002 2848; x_wconf 83' lang='lat' dir='ltr'><strong>prOret-tos</strong></span> <span class='ocrx_word' id='word_1_195' title='bbox 2045 2786 2094 2836; x_wconf 86' lang='lat' dir='ltr'><strong>in</strong></span> 
     </span>
    </p>
   </div>
   <div class='ocr_carea' id='block_1_30' title="bbox 513 2865 2094 2944">
    <p class='ocr_par' dir='ltr' id='par_1_30' title="bbox 513 2865 2094 2944">
     <span class='ocr_line' id='line_1_30' title="bbox 513 2865 2094 2944; baseline 0.009 -28"><span class='ocrx_word' id='word_1_196' title='bbox 513 2865 768 2920; x_wconf 80' lang='lat' dir='ltr'><strong>viciniam</strong></span> <span class='ocrx_word' id='word_1_197' title='bbox 799 2867 986 2922; x_wconf 90' lang='lat' dir='ltr'><strong>hostes</strong></span> <span class='ocrx_word' id='word_1_198' title='bbox 1013 2885 1234 2923; x_wconf 83' lang='lat' dir='ltr'><strong>movens</strong></span> <span class='ocrx_word' id='word_1_199' title='bbox 1257 2885 1514 2940; x_wconf 86' lang='lat' dir='ltr'><strong>prospere</strong></span> <span class='ocrx_word' id='word_1_200' title='bbox 1549 2886 1869 2942; x_wconf 81' lang='lat' dir='ltr'><strong>pugnasset,</strong></span> <span class='ocrx_word' id='word_1_201' title='bbox 1916 2877 2094 2944; x_wconf 75' lang='lat' dir='ltr'><strong>pneda</strong></span> 
     </span>
    </p>
   </div>
   <div class='ocr_carea' id='block_1_31' title="bbox 514 2959 2096 3032">
    <p class='ocr_par' dir='ltr' id='par_1_31' title="bbox 514 2959 2096 3032">
     <span class='ocr_line' id='line_1_31' title="bbox 514 2959 2096 3032; baseline 0.009 -23"><span class='ocrx_word' id='word_1_202' title='bbox 514 2973 676 3025; x_wconf 85' lang='lat' dir='ltr'><strong>quam</strong></span> <span class='ocrx_word' id='word_1_203' title='bbox 729 2960 796 3014; x_wconf 84' lang='lat' dir='ltr'><strong>de</strong></span> <span class='ocrx_word' id='word_1_204' title='bbox 853 2959 1036 3016; x_wconf 85' lang='lat' dir='ltr'><strong>Persis</strong></span> <span class='ocrx_word' id='word_1_205' title='bbox 1097 2963 1212 3031; x_wconf 79' lang='lat' dir='ltr'><strong>ipse</strong></span> <span class='ocrx_word' id='word_1_206' title='bbox 1239 2971 1296 3018; x_wconf 90' lang='lat' dir='ltr'><strong>et</strong></span> <span class='ocrx_word' id='word_1_207' title='bbox 1326 2964 1443 3032; x_wconf 86' lang='lat' dir='ltr'><strong>ejus</strong></span> <span class='ocrx_word' id='word_1_208' title='bbox 1487 2965 1687 3020; x_wconf 86' lang='lat' dir='ltr'><strong>milites</strong></span> <span class='ocrx_word' id='word_1_209' title='bbox 1723 2967 1976 3032; x_wconf 83' lang='lat' dir='ltr'><strong>tulerant,</strong></span> <span class='ocrx_word' id='word_1_210' title='bbox 2011 2985 2096 3023; x_wconf 86' lang='lat' dir='ltr'><strong>re-</strong></span> 
     </span>
    </p>
   </div>
   <div class='ocr_carea' id='block_1_32' title="bbox 514 3050 2094 3124">
    <p class='ocr_par' dir='ltr' id='par_1_32' title="bbox 514 3050 2094 3124">
     <span class='ocr_line' id='line_1_32' title="bbox 514 3050 2094 3124; baseline 0.006 -20"><span class='ocrx_word' id='word_1_211' title='bbox 514 3050 696 3104; x_wconf 77' lang='lat' dir='ltr'><strong>deunti</strong></span> <span class='ocrx_word' id='word_1_212' title='bbox 733 3065 762 3104; x_wconf 91' lang='lat' dir='ltr'><strong>a</strong></span> <span class='ocrx_word' id='word_1_213' title='bbox 808 3051 1085 3108; x_wconf 85' lang='lat' dir='ltr'><strong>Catelaois</strong></span> <span class='ocrx_word' id='word_1_214' title='bbox 1119 3063 1202 3107; x_wconf 91' lang='lat' dir='ltr'><strong>est</strong></span> <span class='ocrx_word' id='word_1_215' title='bbox 1264 3065 1499 3109; x_wconf 82' lang='lat' dir='ltr'><strong>extorta.</strong></span> <span class='ocrx_word' id='word_1_216' title='bbox 1569 3053 1705 3110; x_wconf 90' lang='lat' dir='ltr'><strong>Cum</strong></span> <span class='ocrx_word' id='word_1_217' title='bbox 1737 3051 1954 3124; x_wconf 83' lang='lat' dir='ltr'><strong>propter</strong></span> <span class='ocrx_word' id='word_1_218' title='bbox 1979 3059 2094 3114; x_wconf 64' lang='lat' dir='ltr'><strong>hinc</strong></span> 
     </span>
    </p>
   </div>
   <div class='ocr_carea' id='block_1_33' title="bbox 2211 573 3791 646">
    <p class='ocr_par' dir='ltr' id='par_1_33' title="bbox 2211 573 3791 646">
     <span class='ocr_line' id='line_1_33' title="bbox 2211 573 3791 646; baseline -0.001 -18"><span class='ocrx_word' id='word_1_219' title='bbox 2211 575 2314 629; x_wconf 84' lang='lat' dir='ltr'><strong>tuis</strong></span> <span class='ocrx_word' id='word_1_220' title='bbox 2358 577 2636 632; x_wconf 82' lang='lat' dir='ltr'><strong>mensibus</strong></span> <span class='ocrx_word' id='word_1_221' title='bbox 2693 575 2906 632; x_wconf 90' lang='lat' dir='ltr'><strong>emoliri</strong></span> <span class='ocrx_word' id='word_1_222' title='bbox 2961 575 3160 646; x_wconf 80' lang='lat' dir='ltr'><strong>Cyzico</strong></span> <span class='ocrx_word' id='word_1_223' title='bbox 3197 573 3576 640; x_wconf 82' lang='lat' dir='ltr'><strong>chtzerium,</strong></span> <span class='ocrx_word' id='word_1_224' title='bbox 3603 587 3791 627; x_wconf 90' lang='lat' dir='ltr'><strong>mense</strong></span> 
     </span>
    </p>
   </div>
   <div class='ocr_carea' id='block_1_34' title="bbox 2209 667 3790 738">
    <p class='ocr_par' dir='ltr' id='par_1_34' title="bbox 2209 667 3790 738">
     <span class='ocr_line' id='line_1_34' title="bbox 2209 667 3790 738; baseline -0.002 -18"><span class='ocrx_word' id='word_1_225' title='bbox 2209 667 2369 722; x_wconf 87' lang='lat' dir='ltr'><strong>tertio</strong></span> <span class='ocrx_word' id='word_1_226' title='bbox 2399 683 2614 724; x_wconf 88' lang='lat' dir='ltr'><strong>socrum</strong></span> <span class='ocrx_word' id='word_1_227' title='bbox 2661 668 2780 738; x_wconf 89' lang='lat' dir='ltr'><strong>ejus</strong></span> <span class='ocrx_word' id='word_1_228' title='bbox 2807 667 3022 732; x_wconf 88' lang='lat' dir='ltr'><strong>lrenen,</strong></span> <span class='ocrx_word' id='word_1_229' title='bbox 3057 667 3253 722; x_wconf 80' lang='lat' dir='ltr'><strong>Asanis</strong></span> <span class='ocrx_word' id='word_1_230' title='bbox 3278 667 3518 732; x_wconf 84' lang='lat' dir='ltr'><strong>viduam,</strong></span> <span class='ocrx_word' id='word_1_231' title='bbox 3541 679 3790 720; x_wconf 83' lang='lat' dir='ltr'><strong>sororem</strong></span> 
     </span>
    </p>
   </div>
   <div class='ocr_carea' id='block_1_35' title="bbox 2206 755 3791 830">
    <p class='ocr_par' dir='ltr' id='par_1_35' title="bbox 2206 755 3791 830">
     <span class='ocr_line' id='line_1_35' title="bbox 2206 755 3791 830; baseline -0.003 -16"><span class='ocrx_word' id='word_1_232' title='bbox 2206 774 2384 820; x_wconf 84' lang='lat' dir='ltr'><strong>suam,</strong></span> <span class='ocrx_word' id='word_1_233' title='bbox 2409 759 2475 812; x_wconf 87' lang='lat' dir='ltr'><strong>ad</strong></span> <span class='ocrx_word' id='word_1_234' title='bbox 2509 775 2629 814; x_wconf 91' lang='lat' dir='ltr'><strong>eum</strong></span> <span class='ocrx_word' id='word_1_235' title='bbox 2660 760 2911 830; x_wconf 85' lang='lat' dir='ltr'><strong>allegavit</strong></span> <span class='ocrx_word' id='word_1_236' title='bbox 2933 773 3074 814; x_wconf 84' lang='lat' dir='ltr'><strong>nave</strong></span> <span class='ocrx_word' id='word_1_237' title='bbox 3100 758 3288 822; x_wconf 88' lang='lat' dir='ltr'><strong>celeri,</strong></span> <span class='ocrx_word' id='word_1_238' title='bbox 3315 758 3456 824; x_wconf 85' lang='lat' dir='ltr'><strong>quod</strong></span> <span class='ocrx_word' id='word_1_239' title='bbox 3481 756 3683 810; x_wconf 78' lang='lat' dir='ltr'><strong>factum</strong></span> <span class='ocrx_word' id='word_1_240' title='bbox 3712 755 3791 810; x_wconf 89' lang='lat' dir='ltr'><strong>ait</strong></span> 
     </span>
    </p>
   </div>
   <div class='ocr_carea' id='block_1_36' title="bbox 2205 847 3789 921">
    <p class='ocr_par' dir='ltr' id='par_1_36' title="bbox 2205 847 3789 921">
     <span class='ocr_line' id='line_1_36' title="bbox 2205 847 3789 921; baseline -0.002 -17"><span class='ocrx_word' id='word_1_241' title='bbox 2205 850 2566 921; x_wconf 86' lang='lat' dir='ltr'><strong>Pachymeres</strong></span> <span class='ocrx_word' id='word_1_242' title='bbox 2621 865 2674 920; x_wconf 91' lang='lat' dir='ltr'><strong>p.</strong></span> <span class='ocrx_word' id='word_1_243' title='bbox 2709 851 2838 915; x_wconf 70' lang='grc'><strong>421,</strong></span> <span class='ocrx_word' id='word_1_244' title='bbox 2879 863 3046 916; x_wconf 74' lang='lat' dir='ltr'><strong>erepta</strong></span> <span class='ocrx_word' id='word_1_245' title='bbox 3065 851 3185 920; x_wconf 80' lang='lat' dir='ltr'><strong>jam</strong></span> <span class='ocrx_word' id='word_1_246' title='bbox 3221 847 3551 901; x_wconf 79' lang='lat' dir='ltr'><strong>hebdomada</strong></span> <span class='ocrx_word' id='word_1_247' title='bbox 3583 864 3789 916; x_wconf 63' lang='lat' dir='ltr'><strong>majore</strong></span> 
     </span>
    </p>
   </div>
   <div class='ocr_carea' id='block_1_37' title="bbox 2205 937 3790 1010">
    <p class='ocr_par' dir='ltr' id='par_1_37' title="bbox 2205 937 3790 1010">
     <span class='ocr_line' id='line_1_37' title="bbox 2205 937 3790 1010; baseline -0.004 -14"><span class='ocrx_word' id='word_1_248' title='bbox 2205 942 2300 997; x_wconf 72' lang='lat' dir='ltr'><strong>sub</strong></span> <span class='ocrx_word' id='word_1_249' title='bbox 2330 941 2488 1010; x_wconf 80' lang='lat' dir='ltr'><strong>ﬁnem</strong></span> <span class='ocrx_word' id='word_1_250' title='bbox 2521 941 2730 1008; x_wconf 79' lang='lat' dir='ltr'><strong>Martii,</strong></span> <span class='ocrx_word' id='word_1_251' title='bbox 2779 942 2880 1010; x_wconf 80' lang='grc' dir='ltr'><strong>τῆς</strong></span> <span class='ocrx_word' id='word_1_252' title='bbox 2917 940 3160 1010; x_wconf 83' lang='grc' dir='ltr'><strong>μεγάλης</strong></span> <span class='ocrx_word' id='word_1_253' title='bbox 3211 938 3512 1008; x_wconf 78' lang='grc' dir='ltr'><strong>ἑϐδομάδος</strong></span> <span class='ocrx_word' id='word_1_254' title='bbox 3544 937 3790 990; x_wconf 81' lang='grc' dir='ltr'><strong>καταλα-</strong></span> 
     </span>
    </p>
   </div>
   <div class='ocr_carea' id='block_1_38' title="bbox 2205 1031 3784 1104">
    <p class='ocr_par' dir='ltr' id='par_1_38' title="bbox 2205 1031 3784 1104">
     <span class='ocr_line' id='line_1_38' title="bbox 2205 1031 3784 1104; baseline -0.001 -20"><span class='ocrx_word' id='word_1_255' title='bbox 2205 1034 2428 1102; x_wconf 76' lang='grc' dir='ltr'><strong>ϐούσης,</strong></span> <span class='ocrx_word' id='word_1_256' title='bbox 2462 1034 2698 1104; x_wconf 78' lang='grc' dir='ltr'><strong>Κρόνεου</strong></span> <span class='ocrx_word' id='word_1_257' title='bbox 2729 1035 2896 1104; x_wconf 65' lang='grc' dir='ltr'>μηνὸς</span> <span class='ocrx_word' id='word_1_258' title='bbox 2927 1035 3213 1104; x_wconf 80' lang='grc' dir='ltr'><strong>λήγοντος.</strong></span> <span class='ocrx_word' id='word_1_259' title='bbox 3253 1031 3378 1086; x_wconf 69' lang='lat' dir='ltr'><strong>Htec</strong></span> <span class='ocrx_word' id='word_1_260' title='bbox 3409 1031 3784 1085; x_wconf 80' lang='lat' dir='ltr'><strong>characterem</strong></span> 
     </span>
    </p>
   </div>
   <div class='ocr_carea' id='block_1_39' title="bbox 2203 1121 3786 1194">
    <p class='ocr_par' dir='ltr' id='par_1_39' title="bbox 2203 1121 3786 1194">
     <span class='ocr_line' id='line_1_39' title="bbox 2203 1121 3786 1194; baseline -0.001 -18"><span class='ocrx_word' id='word_1_261' title='bbox 2203 1132 2413 1177; x_wconf 87' lang='lat' dir='ltr'><strong>certum</strong></span> <span class='ocrx_word' id='word_1_262' title='bbox 2447 1123 2646 1179; x_wconf 65' lang='lat' dir='ltr'><strong>habent</strong></span> <span class='ocrx_word' id='word_1_263' title='bbox 2683 1125 2840 1194; x_wconf 88' lang='lat' dir='ltr'><strong>hujus</strong></span> <span class='ocrx_word' id='word_1_264' title='bbox 2869 1127 2992 1177; x_wconf 89' lang='lat' dir='ltr'><strong>anni</strong></span> <span class='ocrx_word' id='word_1_265' title='bbox 3026 1125 3227 1179; x_wconf 64' lang='lat' dir='ltr'><strong>Christi</strong></span> <span class='ocrx_word' id='word_1_266' title='bbox 3256 1122 3418 1183; x_wconf 78' lang='grc'><strong>1506.</strong></span> <span class='ocrx_word' id='word_1_267' title='bbox 3447 1138 3552 1189; x_wconf 91' lang='lat' dir='ltr'><strong>quo</strong></span> <span class='ocrx_word' id='word_1_268' title='bbox 3580 1121 3786 1174; x_wconf 73' lang='lat' dir='ltr'><strong>Pascha</strong></span> 
     </span>
    </p>
   </div>
   <div class='ocr_carea' id='block_1_40' title="bbox 2203 1211 3789 1282">
    <p class='ocr_par' dir='ltr' id='par_1_40' title="bbox 2203 1211 3789 1282">
     <span class='ocr_line' id='line_1_40' title="bbox 2203 1211 3789 1282; baseline -0.001 -15"><span class='ocrx_word' id='word_1_269' title='bbox 2203 1214 2396 1268; x_wconf 78' lang='lat' dir='ltr'><strong>incidit</strong></span> <span class='ocrx_word' id='word_1_270' title='bbox 2437 1217 2485 1267; x_wconf 90' lang='lat' dir='ltr'><strong>in</strong></span> <span class='ocrx_word' id='word_1_271' title='bbox 2525 1215 2667 1268; x_wconf 86' lang='lat' dir='ltr'><strong>diem</strong></span> <span class='ocrx_word' id='word_1_272' title='bbox 2702 1217 2735 1270; x_wconf 80' lang='grc'>5</span> <span class='ocrx_word' id='word_1_273' title='bbox 2781 1215 3012 1282; x_wconf 80' lang='lat' dir='ltr'><strong>Aprilis;</strong></span> <span class='ocrx_word' id='word_1_274' title='bbox 3049 1231 3148 1268; x_wconf 90' lang='lat' dir='ltr'><strong>nec</strong></span> <span class='ocrx_word' id='word_1_275' title='bbox 3182 1215 3480 1268; x_wconf 84' lang='lat' dir='ltr'><strong>convenire</strong></span> <span class='ocrx_word' id='word_1_276' title='bbox 3516 1211 3789 1277; x_wconf 85' lang='lat' dir='ltr'><strong>superiori</strong></span> 
     </span>
    </p>
   </div>
   <div class='ocr_carea' id='block_1_41' title="bbox 2201 1303 3785 1375">
    <p class='ocr_par' dir='ltr' id='par_1_41' title="bbox 2201 1303 3785 1375">
     <span class='ocr_line' id='line_1_41' title="bbox 2201 1303 3785 1375; baseline -0.002 -17"><span class='ocrx_word' id='word_1_277' title='bbox 2201 1316 2450 1375; x_wconf 87' lang='lat' dir='ltr'><strong>possunt,</strong></span> <span class='ocrx_word' id='word_1_278' title='bbox 2503 1307 2595 1375; x_wconf 89' lang='lat' dir='ltr'><strong>qui</strong></span> <span class='ocrx_word' id='word_1_279' title='bbox 2651 1305 2854 1360; x_wconf 78' lang='lat' dir='ltr'><strong>Pascha</strong></span> <span class='ocrx_word' id='word_1_280' title='bbox 2913 1306 3100 1360; x_wconf 82' lang='lat' dir='ltr'><strong>habuit</strong></span> <span class='ocrx_word' id='word_1_281' title='bbox 3159 1306 3248 1360; x_wconf 89' lang='lat' dir='ltr'><strong>die</strong></span> <span class='ocrx_word' id='word_1_282' title='bbox 3309 1305 3511 1374; x_wconf 82' lang='lat' dir='ltr'><strong>Aprilis</strong></span> <span class='ocrx_word' id='word_1_283' title='bbox 3572 1303 3785 1358; x_wconf 86' lang='lat' dir='ltr'><strong>decima</strong></span> 
     </span>
    </p>
   </div>
   <div class='ocr_carea' id='block_1_42' title="bbox 2201 1395 3788 1465">
    <p class='ocr_par' dir='ltr' id='par_1_42' title="bbox 2201 1395 3788 1465">
     <span class='ocr_line' id='line_1_42' title="bbox 2201 1395 3788 1465; baseline -0.001 -16"><span class='ocrx_word' id='word_1_284' title='bbox 2201 1409 2416 1465; x_wconf 85' lang='lat' dir='ltr'><strong>quarta.</strong></span> <span class='ocrx_word' id='word_1_285' title='bbox 2451 1401 2592 1452; x_wconf 90' lang='lat' dir='ltr'><strong>unde</strong></span> <span class='ocrx_word' id='word_1_286' title='bbox 2646 1398 2770 1451; x_wconf 84' lang='lat' dir='ltr'><strong>linis</strong></span> <span class='ocrx_word' id='word_1_287' title='bbox 2837 1398 3018 1452; x_wconf 82' lang='lat' dir='ltr'><strong>Martii</strong></span> <span class='ocrx_word' id='word_1_288' title='bbox 3081 1397 3476 1451; x_wconf 82' lang='lat' dir='ltr'><strong>hebdomadam</strong></span> <span class='ocrx_word' id='word_1_289' title='bbox 3523 1395 3788 1465; x_wconf 85' lang='lat' dir='ltr'><strong>majorem</strong></span> 
     </span>
    </p>
   </div>
   <div class='ocr_carea' id='block_1_43' title="bbox 2198 1489 3790 1558">
    <p class='ocr_par' dir='ltr' id='par_1_43' title="bbox 2198 1489 3790 1558">
     <span class='ocr_line' id='line_1_43' title="bbox 2198 1489 3790 1558; baseline -0.001 -16"><span class='ocrx_word' id='word_1_290' title='bbox 2198 1489 2446 1557; x_wconf 75' lang='lat' dir='ltr'><strong>nequivit</strong></span> <span class='ocrx_word' id='word_1_291' title='bbox 2478 1489 2768 1558; x_wconf 84' lang='lat' dir='ltr'><strong>attingere.</strong></span> <span class='ocrx_word' id='word_1_292' title='bbox 2819 1489 2961 1544; x_wconf 85' lang='lat' dir='ltr'><strong>Nihil</strong></span> <span class='ocrx_word' id='word_1_293' title='bbox 3015 1491 3202 1544; x_wconf 85' lang='lat' dir='ltr'><strong>omisit</strong></span> <span class='ocrx_word' id='word_1_294' title='bbox 3252 1489 3385 1543; x_wconf 85' lang='lat' dir='ltr'><strong>artis</strong></span> <span class='ocrx_word' id='word_1_295' title='bbox 3413 1498 3470 1543; x_wconf 91' lang='lat' dir='ltr'><strong>et</strong></span> <span class='ocrx_word' id='word_1_296' title='bbox 3505 1489 3790 1542; x_wconf 71' lang='lat' dir='ltr'><strong>industriae</strong></span> 
     </span>
    </p>
   </div>
   <div class='ocr_carea' id='block_1_44' title="bbox 2199 1577 3790 1650">
    <p class='ocr_par' dir='ltr' id='par_1_44' title="bbox 2199 1577 3790 1650">
     <span class='ocr_line' id='line_1_44' title="bbox 2199 1577 3790 1650; baseline -0.003 -17"><span class='ocrx_word' id='word_1_297' title='bbox 2199 1579 2357 1634; x_wconf 81' lang='lat' dir='ltr'><strong>lrene</strong></span> <span class='ocrx_word' id='word_1_298' title='bbox 2391 1581 2456 1633; x_wconf 88' lang='lat' dir='ltr'><strong>ad</strong></span> <span class='ocrx_word' id='word_1_299' title='bbox 2492 1582 2929 1650; x_wconf 82' lang='lat' dir='ltr'><strong>persuadendum</strong></span> <span class='ocrx_word' id='word_1_300' title='bbox 2969 1580 3263 1634; x_wconf 75' lang='lat' dir='ltr'><strong>Rontzerio</strong></span> <span class='ocrx_word' id='word_1_301' title='bbox 3292 1588 3564 1634; x_wconf 87' lang='lat' dir='ltr'><strong>utcontra</strong></span> <span class='ocrx_word' id='word_1_302' title='bbox 3592 1577 3790 1636; x_wconf 84' lang='lat' dir='ltr'><strong>Persas</strong></span> 
     </span>
    </p>
   </div>
   <div class='ocr_carea' id='block_1_45' title="bbox 2204 1669 3865 1740">
    <p class='ocr_par' dir='ltr' id='par_1_45' title="bbox 2204 1669 3865 1740">
     <span class='ocr_line' id='line_1_45' title="bbox 2204 1669 3865 1740; baseline -0.004 -14"><span class='ocrx_word' id='word_1_303' title='bbox 2204 1674 2468 1726; x_wconf 81' lang='lat' dir='ltr'><strong>tenderet.</strong></span> <span class='ocrx_word' id='word_1_304' title='bbox 2529 1671 2635 1726; x_wconf 89' lang='lat' dir='ltr'><strong>Sed</strong></span> <span class='ocrx_word' id='word_1_305' title='bbox 2696 1672 2940 1726; x_wconf 87' lang='lat' dir='ltr'><strong>Calelani</strong></span> <span class='ocrx_word' id='word_1_306' title='bbox 2999 1681 3292 1740; x_wconf 68' lang='lat' dir='ltr'><strong>praitestus</strong></span> <span class='ocrx_word' id='word_1_307' title='bbox 3325 1669 3789 1738; x_wconf 65' lang='lat' dir='ltr'><strong>qua-rebauthaz-</strong></span> <span class='ocrx_word' id='word_1_308' title='bbox 3856 1709 3865 1719; x_wconf 92' lang='lat'><strong>.</strong></span> 
     </span>
    </p>
   </div>
   <div class='ocr_carea' id='block_1_46' title="bbox 2202 1759 3790 1832">
    <p class='ocr_par' dir='ltr' id='par_1_46' title="bbox 2202 1759 3790 1832">
     <span class='ocr_line' id='line_1_46' title="bbox 2202 1759 3790 1832; baseline -0.003 -16"><span class='ocrx_word' id='word_1_309' title='bbox 2202 1763 2353 1816; x_wconf 86' lang='lat' dir='ltr'><strong>rendi</strong></span> <span class='ocrx_word' id='word_1_310' title='bbox 2389 1764 2510 1815; x_wconf 85' lang='lat' dir='ltr'><strong>loco</strong></span> <span class='ocrx_word' id='word_1_311' title='bbox 2542 1763 2643 1814; x_wconf 89' lang='lat' dir='ltr'><strong>sibi</strong></span> <span class='ocrx_word' id='word_1_312' title='bbox 2678 1773 2866 1832; x_wconf 82' lang='lat' dir='ltr'><strong>grato;</strong></span> <span class='ocrx_word' id='word_1_313' title='bbox 2903 1763 3237 1830; x_wconf 84' lang='lat' dir='ltr'><strong>interimque</strong></span> <span class='ocrx_word' id='word_1_314' title='bbox 3281 1761 3674 1830; x_wconf 84' lang='lat' dir='ltr'><strong>superbissime</strong></span> <span class='ocrx_word' id='word_1_315' title='bbox 3705 1759 3790 1812; x_wconf 87' lang='lat' dir='ltr'><strong>in-</strong></span> 
     </span>
    </p>
   </div>
   <div class='ocr_carea' id='block_1_47' title="bbox 2207 1853 3786 1924">
    <p class='ocr_par' dir='ltr' id='par_1_47' title="bbox 2207 1853 3786 1924">
     <span class='ocr_line' id='line_1_47' title="bbox 2207 1853 3786 1924; baseline -0.003 -16"><span class='ocrx_word' id='word_1_316' title='bbox 2207 1854 2470 1908; x_wconf 89' lang='lat' dir='ltr'><strong>sultantes</strong></span> <span class='ocrx_word' id='word_1_317' title='bbox 2503 1854 2710 1917; x_wconf 80' lang='lat' dir='ltr'><strong>Alanis,</strong></span> <span class='ocrx_word' id='word_1_318' title='bbox 2741 1853 2794 1906; x_wconf 85' lang='lat' dir='ltr'><strong>in</strong></span> <span class='ocrx_word' id='word_1_319' title='bbox 2829 1855 2976 1924; x_wconf 89' lang='lat' dir='ltr'><strong>ipsos</strong></span> <span class='ocrx_word' id='word_1_320' title='bbox 3007 1869 3101 1922; x_wconf 86' lang='lat' dir='ltr'><strong>per</strong></span> <span class='ocrx_word' id='word_1_321' title='bbox 3129 1853 3307 1922; x_wconf 86' lang='lat' dir='ltr'><strong>jnrgia</strong></span> <span class='ocrx_word' id='word_1_322' title='bbox 3343 1853 3603 1915; x_wconf 89' lang='lat' dir='ltr'><strong>minatos,</strong></span> <span class='ocrx_word' id='word_1_323' title='bbox 3629 1867 3786 1921; x_wconf 82' lang='lat' dir='ltr'><strong>gras-</strong></span> 
     </span>
    </p>
   </div>
   <div class='ocr_carea' id='block_1_48' title="bbox 2203 1943 3784 2012">
    <p class='ocr_par' dir='ltr' id='par_1_48' title="bbox 2203 1943 3784 2012">
     <span class='ocr_line' id='line_1_48' title="bbox 2203 1943 3784 2012; baseline -0.004 -12"><span class='ocrx_word' id='word_1_324' title='bbox 2203 1949 2418 2000; x_wconf 86' lang='lat' dir='ltr'><strong>satione</strong></span> <span class='ocrx_word' id='word_1_325' title='bbox 2443 1959 2714 2000; x_wconf 86' lang='lat' dir='ltr'><strong>noeturna</strong></span> <span class='ocrx_word' id='word_1_326' title='bbox 2766 1945 3021 2012; x_wconf 83' lang='lat' dir='ltr'><strong>irruunt;</strong></span> <span class='ocrx_word' id='word_1_327' title='bbox 3075 1947 3218 2000; x_wconf 90' lang='lat' dir='ltr'><strong>unde</strong></span> <span class='ocrx_word' id='word_1_328' title='bbox 3270 1945 3442 1998; x_wconf 86' lang='lat' dir='ltr'><strong>atroci</strong></span> <span class='ocrx_word' id='word_1_329' title='bbox 3490 1943 3784 1997; x_wconf 76' lang='lat' dir='ltr'><strong>commissa</strong></span> 
     </span>
    </p>
   </div>
   <div class='ocr_carea' id='block_1_49' title="bbox 2204 2032 3784 2106">
    <p class='ocr_par' dir='ltr' id='par_1_49' title="bbox 2204 2032 3784 2106">
     <span class='ocr_line' id='line_1_49' title="bbox 2204 2032 3784 2106; baseline -0.001 -19"><span class='ocrx_word' id='word_1_330' title='bbox 2204 2053 2383 2106; x_wconf 71' lang='lat' dir='ltr'><strong>pugna</strong></span> <span class='ocrx_word' id='word_1_331' title='bbox 2420 2037 2716 2092; x_wconf 89' lang='lat' dir='ltr'><strong>vincuntur</strong></span> <span class='ocrx_word' id='word_1_332' title='bbox 2749 2036 2929 2102; x_wconf 85' lang='lat' dir='ltr'><strong>Alani,</strong></span> <span class='ocrx_word' id='word_1_333' title='bbox 2964 2037 3074 2090; x_wconf 87' lang='lat' dir='ltr'><strong>lilio</strong></span> <span class='ocrx_word' id='word_1_334' title='bbox 3107 2036 3260 2090; x_wconf 88' lang='lat' dir='ltr'><strong>ducis</strong></span> <span class='ocrx_word' id='word_1_335' title='bbox 3291 2037 3537 2105; x_wconf 90' lang='lat' dir='ltr'><strong>ipsorum</strong></span> <span class='ocrx_word' id='word_1_336' title='bbox 3585 2032 3784 2104; x_wconf 83' lang='lat' dir='ltr'><strong>Georgi</strong></span> 
     </span>
    </p>
   </div>
   <div class='ocr_carea' id='block_1_50' title="bbox 2200 2126 3786 2200">
    <p class='ocr_par' dir='ltr' id='par_1_50' title="bbox 2200 2126 3786 2200">
     <span class='ocr_line' id='line_1_50' title="bbox 2200 2126 3786 2200; baseline -0.004 -17"><span class='ocrx_word' id='word_1_337' title='bbox 2200 2132 2407 2188; x_wconf 86' lang='lat' dir='ltr'><strong>occiso.</strong></span> <span class='ocrx_word' id='word_1_338' title='bbox 2449 2129 2554 2184; x_wconf 89' lang='lat' dir='ltr'><strong>Sed</strong></span> <span class='ocrx_word' id='word_1_339' title='bbox 2601 2130 2888 2200; x_wconf 88' lang='lat' dir='ltr'><strong>postridie,</strong></span> <span class='ocrx_word' id='word_1_340' title='bbox 2917 2145 3038 2199; x_wconf 66' lang='lat' dir='ltr'><strong>quae</strong></span> <span class='ocrx_word' id='word_1_341' title='bbox 3075 2129 3180 2182; x_wconf 88' lang='lat' dir='ltr'><strong>fuit</strong></span> <span class='ocrx_word' id='word_1_342' title='bbox 3231 2130 3348 2184; x_wconf 87' lang='lat' dir='ltr'><strong>dies</strong></span> <span class='ocrx_word' id='word_1_343' title='bbox 3383 2126 3587 2196; x_wconf 85' lang='lat' dir='ltr'><strong>Aprilis</strong></span> <span class='ocrx_word' id='word_1_344' title='bbox 3623 2141 3786 2186; x_wconf 84' lang='lat' dir='ltr'><strong>nona,</strong></span> 
     </span>
    </p>
   </div>
   <div class='ocr_carea' id='block_1_51' title="bbox 2201 2215 3786 2290">
    <p class='ocr_par' dir='ltr' id='par_1_51' title="bbox 2201 2215 3786 2290">
     <span class='ocr_line' id='line_1_51' title="bbox 2201 2215 3786 2290; baseline -0.006 -16"><span class='ocrx_word' id='word_1_345' title='bbox 2201 2223 2441 2276; x_wconf 84' lang='lat' dir='ltr'><strong>vicissim</strong></span> <span class='ocrx_word' id='word_1_346' title='bbox 2477 2223 2825 2290; x_wconf 73' lang='lat' dir='ltr'><strong>insurgentes</strong></span> <span class='ocrx_word' id='word_1_347' title='bbox 2858 2221 3021 2279; x_wconf 70' lang='lat' dir='ltr'><strong>Alani</strong></span> <span class='ocrx_word' id='word_1_348' title='bbox 3055 2220 3276 2274; x_wconf 82' lang='lat' dir='ltr'><strong>circiter</strong></span> <span class='ocrx_word' id='word_1_349' title='bbox 3315 2225 3589 2272; x_wconf 86' lang='lat' dir='ltr'><strong>trecentos</strong></span> <span class='ocrx_word' id='word_1_350' title='bbox 3619 2231 3648 2270; x_wconf 92' lang='lat' dir='ltr'><strong>c</strong></span> <span class='ocrx_word' id='word_1_351' title='bbox 3678 2215 3786 2271; x_wconf 80' lang='lat' dir='ltr'><strong>Ca-</strong></span> 
     </span>
    </p>
   </div>
   <div class='ocr_carea' id='block_1_52' title="bbox 2203 2307 3790 2382">
    <p class='ocr_par' dir='ltr' id='par_1_52' title="bbox 2203 2307 3790 2382">
     <span class='ocr_line' id='line_1_52' title="bbox 2203 2307 3790 2382; baseline -0.004 -16"><span class='ocrx_word' id='word_1_352' title='bbox 2203 2315 2398 2368; x_wconf 89' lang='lat' dir='ltr'><strong>telanis</strong></span> <span class='ocrx_word' id='word_1_353' title='bbox 2463 2323 2834 2382; x_wconf 87' lang='lat' dir='ltr'><strong>peremerunt.</strong></span> <span class='ocrx_word' id='word_1_354' title='bbox 2903 2311 3142 2366; x_wconf 82' lang='lat' dir='ltr'><strong>Placatis</strong></span> <span class='ocrx_word' id='word_1_355' title='bbox 3233 2319 3512 2379; x_wconf 89' lang='lat' dir='ltr'><strong>utcunque</strong></span> <span class='ocrx_word' id='word_1_356' title='bbox 3581 2307 3790 2370; x_wconf 78' lang='lat' dir='ltr'><strong>Alanis,</strong></span> 
     </span>
    </p>
   </div>
   <div class='ocr_carea' id='block_1_53' title="bbox 2202 2404 3790 2479">
    <p class='ocr_par' dir='ltr' id='par_1_53' title="bbox 2202 2404 3790 2479">
     <span class='ocr_line' id='line_1_53' title="bbox 2202 2404 3790 2479; baseline -0.004 -19"><span class='ocrx_word' id='word_1_357' title='bbox 2202 2406 2308 2479; x_wconf 78' lang='grc' dir='ltr'><strong>[Ρ.</strong></span> <span class='ocrx_word' id='word_1_358' title='bbox 2350 2407 2498 2478; x_wconf 83' lang='grc'><strong>581]</strong></span> <span class='ocrx_word' id='word_1_359' title='bbox 2562 2424 2752 2461; x_wconf 89' lang='lat' dir='ltr'><strong>mense</strong></span> <span class='ocrx_word' id='word_1_360' title='bbox 2809 2409 3025 2459; x_wconf 87' lang='lat' dir='ltr'><strong>tandem</strong></span> <span class='ocrx_word' id='word_1_361' title='bbox 3083 2407 3224 2460; x_wconf 75' lang='lat' dir='ltr'><strong>Maio</strong></span> <span class='ocrx_word' id='word_1_362' title='bbox 3270 2406 3562 2473; x_wconf 83' lang='lat' dir='ltr'><strong>procedere</strong></span> <span class='ocrx_word' id='word_1_363' title='bbox 3621 2404 3790 2471; x_wconf 62' lang='lat' dir='ltr'><strong>coepit</strong></span> 
     </span>
    </p>
   </div>
   <div class='ocr_carea' id='block_1_54' title="bbox 2203 2495 3788 2560">
    <p class='ocr_par' dir='ltr' id='par_1_54' title="bbox 2203 2495 3788 2560">
     <span class='ocr_line' id='line_1_54' title="bbox 2203 2495 3788 2560; baseline -0.003 -8"><span class='ocrx_word' id='word_1_364' title='bbox 2203 2500 2600 2553; x_wconf 71' lang='lat' dir='ltr'><strong>liotttzerianus</strong></span> <span class='ocrx_word' id='word_1_365' title='bbox 2627 2500 2899 2554; x_wconf 61' lang='lat' dir='ltr'><strong>exi-rcitus</strong></span> <span class='ocrx_word' id='word_1_366' title='bbox 2921 2517 2950 2553; x_wconf 90' lang='lat' dir='ltr'><strong>e</strong></span> <span class='ocrx_word' id='word_1_367' title='bbox 2976 2499 3256 2558; x_wconf 67' lang='lat' dir='ltr'><strong>Romanis,</strong></span> <span class='ocrx_word' id='word_1_368' title='bbox 3277 2497 3576 2560; x_wconf 74' lang='lat' dir='ltr'><strong>Catelanis,</strong></span> <span class='ocrx_word' id='word_1_369' title='bbox 3600 2495 3788 2549; x_wconf 79' lang='lat' dir='ltr'><strong>Alanis</strong></span> 
     </span>
    </p>
   </div>
   <div class='ocr_carea' id='block_1_55' title="bbox 2202 2589 3785 2660">
    <p class='ocr_par' dir='ltr' id='par_1_55' title="bbox 2202 2589 3785 2660">
     <span class='ocr_line' id='line_1_55' title="bbox 2202 2589 3785 2660; baseline -0.003 -16"><span class='ocrx_word' id='word_1_370' title='bbox 2202 2600 2484 2645; x_wconf 86' lang='lat' dir='ltr'><strong>constans.</strong></span> <span class='ocrx_word' id='word_1_371' title='bbox 2534 2591 2659 2646; x_wconf 70' lang='lat' dir='ltr'><strong>llaec</strong></span> <span class='ocrx_word' id='word_1_372' title='bbox 2712 2607 2776 2644; x_wconf 74' lang='lat' dir='ltr'><strong>ex</strong></span> <span class='ocrx_word' id='word_1_373' title='bbox 2830 2590 3168 2660; x_wconf 83' lang='lat' dir='ltr'><strong>Pachymere</strong></span> <span class='ocrx_word' id='word_1_374' title='bbox 3217 2599 3473 2644; x_wconf 67' lang='lat' dir='ltr'><strong>constant</strong></span> <span class='ocrx_word' id='word_1_375' title='bbox 3523 2589 3560 2641; x_wconf 90' lang='grc' dir='ltr'><strong>Ι.</strong></span> <span class='ocrx_word' id='word_1_376' title='bbox 3618 2603 3695 2653; x_wconf 84' lang='lat' dir='ltr'><strong>tv,</strong></span> <span class='ocrx_word' id='word_1_377' title='bbox 3733 2603 3785 2642; x_wconf 77' lang='grc' dir='ltr'><strong><em>ε.</em></strong></span> 
     </span>
    </p>
   </div>
   <div class='ocr_carea' id='block_1_56' title="bbox 2199 2680 3784 2748">
    <p class='ocr_par' dir='ltr' id='par_1_56' title="bbox 2199 2680 3784 2748">
     <span class='ocr_line' id='line_1_56' title="bbox 2199 2680 3784 2748; baseline -0.003 -12"><span class='ocrx_word' id='word_1_378' title='bbox 2199 2681 2262 2736; x_wconf 79' lang='grc'><strong>21</strong></span> <span class='ocrx_word' id='word_1_379' title='bbox 2289 2699 2305 2748; x_wconf 89' lang='grc'><strong>;</strong></span> <span class='ocrx_word' id='word_1_380' title='bbox 2337 2698 2388 2736; x_wconf 92' lang='lat' dir='ltr'><strong>c.</strong></span> <span class='ocrx_word' id='word_1_381' title='bbox 2427 2697 2554 2736; x_wconf 89' lang='lat' dir='ltr'><strong>vero</strong></span> <span class='ocrx_word' id='word_1_382' title='bbox 2591 2685 2664 2736; x_wconf 68' lang='lat'><strong>2&#39;5</strong></span> <span class='ocrx_word' id='word_1_383' title='bbox 2716 2683 2854 2736; x_wconf 87' lang='lat' dir='ltr'><strong>idem</strong></span> <span class='ocrx_word' id='word_1_384' title='bbox 2917 2691 3183 2736; x_wconf 77' lang='lat' dir='ltr'><strong>llil‘lltttt&#39;al.</strong></span> <span class='ocrx_word' id='word_1_385' title='bbox 3232 2681 3462 2735; x_wconf 85' lang='lat' dir='ltr'><strong>solutam</strong></span> <span class='ocrx_word' id='word_1_386' title='bbox 3505 2680 3784 2732; x_wconf 71' lang='lat' dir='ltr'><strong>lioratzerii</strong></span> 
     </span>
    </p>
   </div>
   <div class='ocr_carea' id='block_1_57' title="bbox 2201 2771 3782 2841">
    <p class='ocr_par' dir='ltr' id='par_1_57' title="bbox 2201 2771 3782 2841">
     <span class='ocr_line' id='line_1_57' title="bbox 2201 2771 3782 2841; baseline 0.001 -18"><span class='ocrx_word' id='word_1_387' title='bbox 2201 2776 2436 2826; x_wconf 88' lang='lat' dir='ltr'><strong>adventu</strong></span> <span class='ocrx_word' id='word_1_388' title='bbox 2495 2771 2880 2841; x_wconf 72' lang='lat' dir='ltr'><strong>Philadelphia:</strong></span> <span class='ocrx_word' id='word_1_389' title='bbox 2940 2773 3304 2836; x_wconf 82' lang='lat' dir='ltr'><strong>obsidionem,</strong></span> <span class='ocrx_word' id='word_1_390' title='bbox 3364 2773 3662 2826; x_wconf 82' lang='lat' dir='ltr'><strong>commisso</strong></span> <span class='ocrx_word' id='word_1_391' title='bbox 3713 2774 3782 2826; x_wconf 88' lang='lat' dir='ltr'><strong>al</strong></span> 
     </span>
    </p>
   </div>
   <div class='ocr_carea' id='block_1_58' title="bbox 2197 2862 3782 2933">
    <p class='ocr_par' dir='ltr' id='par_1_58' title="bbox 2197 2862 3782 2933">
     <span class='ocr_line' id='line_1_58' title="bbox 2197 2862 3782 2933; baseline 0.001 -17"><span class='ocrx_word' id='word_1_392' title='bbox 2197 2862 2458 2917; x_wconf 82' lang='lat' dir='ltr'><strong>Aulacetn</strong></span> <span class='ocrx_word' id='word_1_393' title='bbox 2492 2863 2700 2932; x_wconf 70' lang='lat' dir='ltr'><strong>praelio,</strong></span> <span class='ocrx_word' id='word_1_394' title='bbox 2731 2879 2796 2918; x_wconf 83' lang='lat' dir='ltr'><strong>ex</strong></span> <span class='ocrx_word' id='word_1_395' title='bbox 2840 2879 2948 2933; x_wconf 88' lang='lat' dir='ltr'><strong>quo</strong></span> <span class='ocrx_word' id='word_1_396' title='bbox 2999 2864 3316 2919; x_wconf 87' lang='lat' dir='ltr'><strong>vulneratus</strong></span> <span class='ocrx_word' id='word_1_397' title='bbox 3351 2866 3456 2920; x_wconf 75' lang='lat' dir='ltr'><strong>dux</strong></span> <span class='ocrx_word' id='word_1_398' title='bbox 3491 2864 3782 2918; x_wconf 85' lang='lat' dir='ltr'><strong>Persarum</strong></span> 
     </span>
    </p>
   </div>
   <div class='ocr_carea' id='block_1_59' title="bbox 2199 2955 3785 3026">
    <p class='ocr_par' dir='ltr' id='par_1_59' title="bbox 2199 2955 3785 3026">
     <span class='ocr_line' id='line_1_59' title="bbox 2199 2955 3785 3026; baseline 0.002 -18"><span class='ocrx_word' id='word_1_399' title='bbox 2199 2962 2253 3008; x_wconf 88' lang='lat' dir='ltr'><strong>et</strong></span> <span class='ocrx_word' id='word_1_400' title='bbox 2283 2959 2680 3010; x_wconf 74' lang='lat' dir='ltr'><strong>Carmanorum</strong></span> <span class='ocrx_word' id='word_1_401' title='bbox 2737 2955 2982 3025; x_wconf 75' lang='lat' dir='ltr'><strong>Alisyras</strong></span> <span class='ocrx_word' id='word_1_402' title='bbox 3033 2967 3245 3009; x_wconf 90' lang='lat' dir='ltr'><strong>matura</strong></span> <span class='ocrx_word' id='word_1_403' title='bbox 3285 2955 3394 3010; x_wconf 87' lang='lat' dir='ltr'><strong>sibi</strong></span> <span class='ocrx_word' id='word_1_404' title='bbox 3426 2958 3549 3026; x_wconf 83' lang='lat' dir='ltr'><strong>fuga</strong></span> <span class='ocrx_word' id='word_1_405' title='bbox 3579 2971 3785 3011; x_wconf 82' lang='lat' dir='ltr'><strong>consu-</strong></span> 
     </span>
    </p>
   </div>
   <div class='ocr_carea' id='block_1_60' title="bbox 2199 3045 3778 3115">
    <p class='ocr_par' dir='ltr' id='par_1_60' title="bbox 2199 3045 3778 3115">
     <span class='ocr_line' id='line_1_60' title="bbox 2199 3045 3778 3115; baseline 0.003 -17"><span class='ocrx_word' id='word_1_406' title='bbox 2199 3045 2320 3110; x_wconf 88' lang='lat' dir='ltr'><strong>luit,</strong></span> <span class='ocrx_word' id='word_1_407' title='bbox 2352 3047 2560 3100; x_wconf 83' lang='lat' dir='ltr'><strong>Amnrii</strong></span> <span class='ocrx_word' id='word_1_408' title='bbox 2599 3063 2825 3102; x_wconf 83' lang='lat' dir='ltr'><strong>suarum</strong></span> <span class='ocrx_word' id='word_1_409' title='bbox 2862 3052 3096 3115; x_wconf 89' lang='lat' dir='ltr'><strong>partium</strong></span> <span class='ocrx_word' id='word_1_410' title='bbox 3148 3049 3302 3102; x_wconf 88' lang='lat' dir='ltr'><strong>ducis</strong></span> <span class='ocrx_word' id='word_1_411' title='bbox 3334 3051 3534 3104; x_wconf 84' lang='lat' dir='ltr'><strong>castris</strong></span> <span class='ocrx_word' id='word_1_412' title='bbox 3566 3065 3625 3104; x_wconf 90' lang='lat' dir='ltr'><strong>se</strong></span> <span class='ocrx_word' id='word_1_413' title='bbox 3676 3051 3778 3104; x_wconf 86' lang='lat' dir='ltr'><strong>ad-</strong></span> 
     </span>
    </p>
   </div>
   <div class='ocr_carea' id='block_1_61' title="bbox 511 3137 2096 3227">
    <p class='ocr_par' dir='ltr' id='par_1_61' title="bbox 511 3143 2092 3218">
     <span class='ocr_line' id='line_1_61' title="bbox 511 3143 2092 3218; baseline 0.005 -22"><span class='ocrx_word' id='word_1_414' title='bbox 511 3153 562 3196; x_wconf 88' lang='lat' dir='ltr'><strong>et</strong></span> <span class='ocrx_word' id='word_1_415' title='bbox 599 3143 766 3196; x_wconf 85' lang='lat' dir='ltr'><strong>multa</strong></span> <span class='ocrx_word' id='word_1_416' title='bbox 803 3144 928 3198; x_wconf 88' lang='lat' dir='ltr'><strong>talia</strong></span> <span class='ocrx_word' id='word_1_417' title='bbox 960 3145 1014 3198; x_wconf 92' lang='lat' dir='ltr'><strong>in</strong></span> <span class='ocrx_word' id='word_1_418' title='bbox 1065 3145 1187 3199; x_wconf 87' lang='lat' dir='ltr'><strong>aula</strong></span> <span class='ocrx_word' id='word_1_419' title='bbox 1244 3149 1494 3202; x_wconf 86' lang='lat' dir='ltr'><strong>nuntiata</strong></span> <span class='ocrx_word' id='word_1_420' title='bbox 1529 3153 1684 3218; x_wconf 80' lang='lat' dir='ltr'><strong>gravi</strong></span> <span class='ocrx_word' id='word_1_421' title='bbox 1742 3151 2092 3205; x_wconf 79' lang='lat' dir='ltr'><strong>Rontzeriaui</strong></span> 
     </span>
    </p>
   </div>
   <div class='ocr_carea' id='block_1_62' title="bbox 2201 3137 3782 3227">
    <p class='ocr_par' dir='ltr' id='par_1_62' title="bbox 2201 3137 3782 3211">
     <span class='ocr_line' id='line_1_62' title="bbox 2201 3137 3782 3211; baseline 0.001 -21"><span class='ocrx_word' id='word_1_422' title='bbox 2201 3153 2444 3192; x_wconf 84' lang='lat' dir='ltr'><strong>movens.</strong></span> <span class='ocrx_word' id='word_1_423' title='bbox 2477 3137 2553 3192; x_wconf 78' lang='lat' dir='ltr'><strong>Ex</strong></span> <span class='ocrx_word' id='word_1_424' title='bbox 2587 3141 2688 3193; x_wconf 89' lang='lat' dir='ltr'><strong>hoc</strong></span> <span class='ocrx_word' id='word_1_425' title='bbox 2723 3155 2982 3194; x_wconf 86' lang='lat' dir='ltr'><strong>successu</strong></span> <span class='ocrx_word' id='word_1_426' title='bbox 3022 3142 3127 3194; x_wconf 86' lang='lat' dir='ltr'><strong>late</strong></span> <span class='ocrx_word' id='word_1_427' title='bbox 3160 3140 3400 3211; x_wconf 81' lang='lat' dir='ltr'><strong>inclytus</strong></span> <span class='ocrx_word' id='word_1_428' title='bbox 3452 3141 3782 3195; x_wconf 81' lang='lat' dir='ltr'><strong>Rontzerius</strong></span> 
     </span>
    </p>
   </div>
   <div class='ocr_carea' id='block_1_63' title="bbox 449 3233 2136 3313">
    <p class='ocr_par' dir='ltr' id='par_1_63' title="bbox 449 3233 2136 3313">
     <span class='ocr_line' id='line_1_63' title="bbox 449 3233 2136 3313; baseline 0.005 -25"><span class='ocrx_word' id='word_1_429' title='bbox 449 3297 453 3301; x_wconf 92' lang='lat'><em>_</em></span> <span class='ocrx_word' id='word_1_430' title='bbox 514 3233 731 3288; x_wconf 82' lang='lat' dir='ltr'><strong>infamia</strong></span> <span class='ocrx_word' id='word_1_431' title='bbox 759 3236 902 3304; x_wconf 87' lang='lat' dir='ltr'><strong>apud</strong></span> <span class='ocrx_word' id='word_1_432' title='bbox 943 3236 1325 3305; x_wconf 88' lang='lat' dir='ltr'><strong>imperatorem</strong></span> <span class='ocrx_word' id='word_1_433' title='bbox 1355 3239 1686 3304; x_wconf 84' lang='lat' dir='ltr'><strong>laborarent,</strong></span> <span class='ocrx_word' id='word_1_434' title='bbox 1723 3241 2002 3313; x_wconf 80' lang='lat' dir='ltr'><strong>profectus</strong></span> <span class='ocrx_word' id='word_1_435' title='bbox 2039 3243 2092 3297; x_wconf 89' lang='lat' dir='ltr'><strong>in</strong></span> <span class='ocrx_word' id='word_1_436' title='bbox 2129 3274 2136 3280; x_wconf 92' lang='lat'>-</span> 
     </span>
    </p>
   </div>
   <div class='ocr_carea' id='block_1_64' title="bbox 515 3325 2098 3398">
    <p class='ocr_par' dir='ltr' id='par_1_64' title="bbox 515 3325 2098 3398">
     <span class='ocr_line' id='line_1_64' title="bbox 515 3325 2098 3398; baseline 0.007 -22"><span class='ocrx_word' id='word_1_437' title='bbox 515 3325 704 3379; x_wconf 89' lang='lat' dir='ltr'><strong>urbem</strong></span> <span class='ocrx_word' id='word_1_438' title='bbox 737 3328 838 3380; x_wconf 86' lang='lat' dir='ltr'><strong>sub</strong></span> <span class='ocrx_word' id='word_1_439' title='bbox 874 3329 999 3381; x_wconf 92' lang='lat' dir='ltr'><strong>anni</strong></span> <span class='ocrx_word' id='word_1_440' title='bbox 1058 3328 1242 3394; x_wconf 84' lang='lat' dir='ltr'><strong>linem,</strong></span> <span class='ocrx_word' id='word_1_441' title='bbox 1282 3337 1343 3384; x_wconf 90' lang='lat' dir='ltr'><strong>ut</strong></span> <span class='ocrx_word' id='word_1_442' title='bbox 1373 3332 1610 3398; x_wconf 83' lang='lat' dir='ltr'><strong>videtur,</strong></span> <span class='ocrx_word' id='word_1_443' title='bbox 1647 3333 1974 3390; x_wconf 78' lang='lat' dir='ltr'><strong>Rontzerius</strong></span> <span class='ocrx_word' id='word_1_444' title='bbox 2016 3335 2098 3388; x_wconf 83' lang='lat' dir='ltr'><strong>fa-</strong></span> 
     </span>
    </p>
   </div>
   <div class='ocr_carea' id='block_1_65' title="bbox 517 3415 2097 3494">
    <p class='ocr_par' dir='ltr' id='par_1_65' title="bbox 517 3415 2097 3494">
     <span class='ocr_line' id='line_1_65' title="bbox 517 3415 2097 3494; baseline 0.006 -24"><span class='ocrx_word' id='word_1_445' title='bbox 517 3415 620 3471; x_wconf 87' lang='lat' dir='ltr'><strong>cile</strong></span> <span class='ocrx_word' id='word_1_446' title='bbox 645 3419 826 3472; x_wconf 90' lang='lat' dir='ltr'><strong>omnia</strong></span> <span class='ocrx_word' id='word_1_447' title='bbox 857 3419 1081 3474; x_wconf 90' lang='lat' dir='ltr'><strong>credulo</strong></span> <span class='ocrx_word' id='word_1_448' title='bbox 1111 3430 1166 3474; x_wconf 92' lang='lat' dir='ltr'><strong>et</strong></span> <span class='ocrx_word' id='word_1_449' title='bbox 1205 3421 1306 3476; x_wconf 90' lang='lat' dir='ltr'><strong>sibi</strong></span> <span class='ocrx_word' id='word_1_450' title='bbox 1335 3423 1552 3478; x_wconf 87' lang='lat' dir='ltr'><strong>addicto</strong></span> <span class='ocrx_word' id='word_1_451' title='bbox 1604 3426 1916 3481; x_wconf 83' lang='lat' dir='ltr'><strong>Andronico</strong></span> <span class='ocrx_word' id='word_1_452' title='bbox 1963 3443 2097 3494; x_wconf 84' lang='lat' dir='ltr'><strong>pur-</strong></span> 
     </span>
    </p>
   </div>
   <div class='ocr_carea' id='block_1_66' title="bbox 513 3507 2099 3584">
    <p class='ocr_par' dir='ltr' id='par_1_66' title="bbox 513 3507 2099 3584">
     <span class='ocr_line' id='line_1_66' title="bbox 513 3507 2099 3584; baseline 0.008 -25"><span class='ocrx_word' id='word_1_453' title='bbox 513 3507 704 3576; x_wconf 80' lang='lat' dir='ltr'><strong>gavit;</strong></span> <span class='ocrx_word' id='word_1_454' title='bbox 732 3510 1104 3578; x_wconf 82' lang='lat' dir='ltr'><strong>grandemque</strong></span> <span class='ocrx_word' id='word_1_455' title='bbox 1131 3510 1199 3563; x_wconf 87' lang='lat' dir='ltr'><strong>ab</strong></span> <span class='ocrx_word' id='word_1_456' title='bbox 1233 3527 1298 3566; x_wconf 89' lang='lat' dir='ltr'><strong>eo</strong></span> <span class='ocrx_word' id='word_1_457' title='bbox 1333 3515 1621 3582; x_wconf 87' lang='lat' dir='ltr'><strong>pecuniam</strong></span> <span class='ocrx_word' id='word_1_458' title='bbox 1663 3518 1874 3584; x_wconf 83' lang='lat' dir='ltr'><strong>accepit</strong></span> <span class='ocrx_word' id='word_1_459' title='bbox 1916 3518 1966 3571; x_wconf 92' lang='lat' dir='ltr'><strong>in</strong></span> <span class='ocrx_word' id='word_1_460' title='bbox 2001 3519 2099 3572; x_wconf 92' lang='lat' dir='ltr'><strong>sti—</strong></span> 
     </span>
    </p>
   </div>
   <div class='ocr_carea' id='block_1_67' title="bbox 514 3599 2098 3674">
    <p class='ocr_par' dir='ltr' id='par_1_67' title="bbox 514 3599 2098 3674">
     <span class='ocr_line' id='line_1_67' title="bbox 514 3599 2098 3674; baseline 0.007 -22"><span class='ocrx_word' id='word_1_461' title='bbox 514 3599 734 3669; x_wconf 89' lang='lat' dir='ltr'><strong>pendia,</strong></span> <span class='ocrx_word' id='word_1_462' title='bbox 765 3610 823 3653; x_wconf 90' lang='lat' dir='ltr'><strong>ut</strong></span> <span class='ocrx_word' id='word_1_463' title='bbox 857 3601 1060 3666; x_wconf 86' lang='lat' dir='ltr'><strong>aiebat,</strong></span> <span class='ocrx_word' id='word_1_464' title='bbox 1097 3602 1419 3664; x_wconf 82' lang='lat' dir='ltr'><strong>Alanorum,</strong></span> <span class='ocrx_word' id='word_1_465' title='bbox 1459 3619 1594 3674; x_wconf 90' lang='lat' dir='ltr'><strong>quos</strong></span> <span class='ocrx_word' id='word_1_466' title='bbox 1640 3608 1804 3660; x_wconf 82' lang='lat' dir='ltr'><strong>etiam</strong></span> <span class='ocrx_word' id='word_1_467' title='bbox 1837 3609 2098 3663; x_wconf 87' lang='lat' dir='ltr'><strong>admistos</strong></span> 
     </span>
    </p>
   </div>
   <div class='ocr_carea' id='block_1_68' title="bbox 514 3690 2097 3770">
    <p class='ocr_par' dir='ltr' id='par_1_68' title="bbox 514 3690 2097 3770">
     <span class='ocr_line' id='line_1_68' title="bbox 514 3690 2097 3770; baseline 0.008 -26"><span class='ocrx_word' id='word_1_468' title='bbox 514 3691 631 3745; x_wconf 87' lang='lat' dir='ltr'><strong>suis</strong></span> <span class='ocrx_word' id='word_1_469' title='bbox 677 3690 858 3762; x_wconf 81' lang='lat' dir='ltr'><strong>Cyzici</strong></span> <span class='ocrx_word' id='word_1_470' title='bbox 919 3693 1180 3760; x_wconf 86' lang='lat' dir='ltr'><strong>habebat,</strong></span> <span class='ocrx_word' id='word_1_471' title='bbox 1236 3699 1684 3765; x_wconf 84' lang='lat' dir='ltr'><strong>expendendam:</strong></span> <span class='ocrx_word' id='word_1_472' title='bbox 1731 3707 1786 3753; x_wconf 82' lang='lat' dir='ltr'><strong>et</strong></span> <span class='ocrx_word' id='word_1_473' title='bbox 1832 3703 2097 3770; x_wconf 90' lang='lat' dir='ltr'><strong>promissa</strong></span> 
     </span>
    </p>
   </div>
   <div class='ocr_carea' id='block_1_69' title="bbox 515 3784 2092 3853">
    <p class='ocr_par' dir='ltr' id='par_1_69' title="bbox 515 3784 2092 3853">
     <span class='ocr_line' id='line_1_69' title="bbox 515 3784 2092 3853; baseline 0.008 -16"><span class='ocrx_word' id='word_1_474' title='bbox 515 3784 754 3853; x_wconf 67' lang='lat' dir='ltr'><strong>ingentis</strong></span> <span class='ocrx_word' id='word_1_475' title='bbox 788 3787 1016 3842; x_wconf 87' lang='lat' dir='ltr'><strong>alterius</strong></span> <span class='ocrx_word' id='word_1_476' title='bbox 1050 3803 1278 3844; x_wconf 66' lang='lat' dir='ltr'><strong>summa:</strong></span> <span class='ocrx_word' id='word_1_477' title='bbox 1319 3807 1384 3845; x_wconf 85' lang='lat' dir='ltr'><strong>ex</strong></span> <span class='ocrx_word' id='word_1_478' title='bbox 1419 3792 1708 3847; x_wconf 87' lang='lat' dir='ltr'><strong>collatione</strong></span> <span class='ocrx_word' id='word_1_479' title='bbox 1765 3795 2092 3849; x_wconf 88' lang='lat' dir='ltr'><strong>tributormn</strong></span> 
     </span>
    </p>
   </div>
   <div class='ocr_carea' id='block_1_70' title="bbox 515 3877 2091 3958">
    <p class='ocr_par' dir='ltr' id='par_1_70' title="bbox 515 3877 2091 3958">
     <span class='ocr_line' id='line_1_70' title="bbox 515 3877 2091 3958; baseline 0.008 -27"><span class='ocrx_word' id='word_1_480' title='bbox 515 3877 654 3932; x_wconf 91' lang='lat' dir='ltr'><strong>intra</strong></span> <span class='ocrx_word' id='word_1_481' title='bbox 685 3881 1161 3948; x_wconf 81' lang='lat' dir='ltr'><strong>quadragesimum</strong></span> <span class='ocrx_word' id='word_1_482' title='bbox 1198 3883 1322 3938; x_wconf 90' lang='lat' dir='ltr'><strong>inde</strong></span> <span class='ocrx_word' id='word_1_483' title='bbox 1362 3885 1500 3939; x_wconf 90' lang='lat' dir='ltr'><strong>diem</strong></span> <span class='ocrx_word' id='word_1_484' title='bbox 1528 3888 1896 3951; x_wconf 81' lang='lat' dir='ltr'><strong>numerandae,</strong></span> <span class='ocrx_word' id='word_1_485' title='bbox 1931 3889 2091 3958; x_wconf 75' lang='lat'><strong>801</strong></span> 
     </span>
    </p>
   </div>
   <div class='ocr_carea' id='block_1_71' title="bbox 514 3970 2097 4042">
    <p class='ocr_par' dir='ltr' id='par_1_71' title="bbox 514 3970 2097 4042">
     <span class='ocr_line' id='line_1_71' title="bbox 514 3970 2097 4042; baseline 0.009 -22"><span class='ocrx_word' id='word_1_486' title='bbox 514 3977 676 4035; x_wconf 87' lang='lat' dir='ltr'><strong>prout</strong></span> <span class='ocrx_word' id='word_1_487' title='bbox 709 3983 776 4023; x_wconf 86' lang='lat' dir='ltr'><strong>ex</strong></span> <span class='ocrx_word' id='word_1_488' title='bbox 821 3970 925 4023; x_wconf 85' lang='lat' dir='ltr'><strong>fide</strong></span> <span class='ocrx_word' id='word_1_489' title='bbox 953 3971 1152 4026; x_wconf 86' lang='lat' dir='ltr'><strong>factum</strong></span> <span class='ocrx_word' id='word_1_490' title='bbox 1183 3980 1286 4026; x_wconf 91' lang='lat' dir='ltr'><strong>est.</strong></span> <span class='ocrx_word' id='word_1_491' title='bbox 1319 3971 1518 4042; x_wconf 86' lang='lat' dir='ltr'><strong>Sicque</strong></span> <span class='ocrx_word' id='word_1_492' title='bbox 1557 3990 1786 4032; x_wconf 89' lang='lat' dir='ltr'><strong>onustus</strong></span> <span class='ocrx_word' id='word_1_493' title='bbox 1825 3978 2097 4034; x_wconf 89' lang='lat' dir='ltr'><strong>thesauris</strong></span> 
     </span>
    </p>
   </div>
   <div class='ocr_carea' id='block_1_72' title="bbox 517 4057 2095 4124">
    <p class='ocr_par' dir='ltr' id='par_1_72' title="bbox 517 4057 2095 4124">
     <span class='ocr_line' id='line_1_72' title="bbox 517 4057 2095 4124; baseline 0.007 -12"><span class='ocrx_word' id='word_1_494' title='bbox 517 4057 844 4116; x_wconf 78' lang='lat' dir='ltr'><strong>ﬂontzerius</strong></span> <span class='ocrx_word' id='word_1_495' title='bbox 879 4062 946 4114; x_wconf 85' lang='lat' dir='ltr'><strong>ad</strong></span> <span class='ocrx_word' id='word_1_496' title='bbox 993 4077 1123 4116; x_wconf 91' lang='lat' dir='ltr'><strong>suos</strong></span> <span class='ocrx_word' id='word_1_497' title='bbox 1173 4066 1333 4118; x_wconf 88' lang='lat' dir='ltr'><strong>rediit</strong></span> <span class='ocrx_word' id='word_1_498' title='bbox 1372 4065 1519 4120; x_wconf 88' lang='lat' dir='ltr'><strong>circa</strong></span> <span class='ocrx_word' id='word_1_499' title='bbox 1558 4066 1772 4122; x_wconf 91' lang='lat' dir='ltr'><strong>initium</strong></span> <span class='ocrx_word' id='word_1_500' title='bbox 1821 4071 1964 4124; x_wconf 82' lang='lat' dir='ltr'><strong>veris</strong></span> <span class='ocrx_word' id='word_1_501' title='bbox 2004 4085 2095 4123; x_wconf 91' lang='lat' dir='ltr'><strong>an.</strong></span> 
     </span>
    </p>
   </div>
   <div class='ocr_carea' id='block_1_73' title="bbox 517 4149 2100 4230">
    <p class='ocr_par' dir='ltr' id='par_1_73' title="bbox 517 4149 2100 4230">
     <span class='ocr_line' id='line_1_73' title="bbox 517 4149 2100 4230; baseline 0.008 -27"><span class='ocrx_word' id='word_1_502' title='bbox 517 4149 676 4216; x_wconf 76' lang='grc'><strong>1305,</strong></span> <span class='ocrx_word' id='word_1_503' title='bbox 707 4162 766 4205; x_wconf 91' lang='lat' dir='ltr'><strong>ut</strong></span> <span class='ocrx_word' id='word_1_504' title='bbox 795 4160 1040 4221; x_wconf 89' lang='lat' dir='ltr'><strong>apparet,</strong></span> <span class='ocrx_word' id='word_1_505' title='bbox 1075 4168 1199 4207; x_wconf 82' lang='lat' dir='ltr'><strong>mox</strong></span> <span class='ocrx_word' id='word_1_506' title='bbox 1229 4155 1500 4221; x_wconf 88' lang='lat' dir='ltr'><strong>videlicet,</strong></span> <span class='ocrx_word' id='word_1_507' title='bbox 1539 4157 1616 4210; x_wconf 90' lang='lat' dir='ltr'><strong>uti</strong></span> <span class='ocrx_word' id='word_1_508' title='bbox 1647 4159 1900 4226; x_wconf 85' lang='lat' dir='ltr'><strong>sperabat</strong></span> <span class='ocrx_word' id='word_1_509' title='bbox 1929 4163 2100 4230; x_wconf 87' lang='lat' dir='ltr'><strong>impe-</strong></span> 
     </span>
    </p>
   </div>
   <div class='ocr_carea' id='block_1_74' title="bbox 515 4243 2096 4307">
    <p class='ocr_par' dir='ltr' id='par_1_74' title="bbox 515 4243 2096 4307">
     <span class='ocr_line' id='line_1_74' title="bbox 515 4243 2096 4307; baseline 0.006 -11"><span class='ocrx_word' id='word_1_510' title='bbox 515 4253 684 4307; x_wconf 83' lang='lat' dir='ltr'><strong>rator,</strong></span> <span class='ocrx_word' id='word_1_511' title='bbox 720 4259 818 4298; x_wconf 90' lang='lat' dir='ltr'><strong>eos</strong></span> <span class='ocrx_word' id='word_1_512' title='bbox 856 4253 1047 4298; x_wconf 89' lang='lat' dir='ltr'><strong>contra</strong></span> <span class='ocrx_word' id='word_1_513' title='bbox 1082 4243 1282 4300; x_wconf 85' lang='lat' dir='ltr'><strong>Persas</strong></span> <span class='ocrx_word' id='word_1_514' title='bbox 1313 4249 1598 4303; x_wconf 88' lang='lat' dir='ltr'><strong>ducturus.</strong></span> <span class='ocrx_word' id='word_1_515' title='bbox 1635 4247 1834 4305; x_wconf 82' lang='lat' dir='ltr'><strong>Verum</strong></span> <span class='ocrx_word' id='word_1_516' title='bbox 1879 4253 2096 4307; x_wconf 86' lang='lat' dir='ltr'><strong>interim</strong></span> 
     </span>
    </p>
   </div>
   <div class='ocr_carea' id='block_1_75' title="bbox 517 4336 2096 4414">
    <p class='ocr_par' dir='ltr' id='par_1_75' title="bbox 517 4336 2096 4414">
     <span class='ocr_line' id='line_1_75' title="bbox 517 4336 2096 4414; baseline 0.008 -26"><span class='ocrx_word' id='word_1_517' title='bbox 517 4350 624 4390; x_wconf 87' lang='lat' dir='ltr'><strong>non</strong></span> <span class='ocrx_word' id='word_1_518' title='bbox 665 4336 822 4405; x_wconf 89' lang='lat' dir='ltr'><strong>pauci</strong></span> <span class='ocrx_word' id='word_1_519' title='bbox 869 4351 898 4390; x_wconf 91' lang='lat' dir='ltr'><strong>e</strong></span> <span class='ocrx_word' id='word_1_520' title='bbox 931 4336 1231 4402; x_wconf 89' lang='lat' dir='ltr'><strong>Catelanis,</strong></span> <span class='ocrx_word' id='word_1_521' title='bbox 1267 4347 1558 4393; x_wconf 88' lang='lat' dir='ltr'><strong>convasata</strong></span> <span class='ocrx_word' id='word_1_522' title='bbox 1599 4343 1652 4396; x_wconf 92' lang='lat' dir='ltr'><strong>in</strong></span> <span class='ocrx_word' id='word_1_523' title='bbox 1703 4357 1868 4396; x_wconf 85' lang='lat' dir='ltr'><strong>naves</strong></span> <span class='ocrx_word' id='word_1_524' title='bbox 1917 4347 2096 4414; x_wconf 80' lang='lat' dir='ltr'><strong>praeda</strong></span> 
     </span>
    </p>
   </div>
   <div class='ocr_carea' id='block_1_76' title="bbox 517 4427 2101 4498">
    <p class='ocr_par' dir='ltr' id='par_1_76' title="bbox 517 4427 2101 4498">
     <span class='ocr_line' id='line_1_76' title="bbox 517 4427 2101 4498; baseline 0.008 -19"><span class='ocrx_word' id='word_1_525' title='bbox 517 4440 678 4494; x_wconf 86' lang='lat' dir='ltr'><strong>quam</strong></span> <span class='ocrx_word' id='word_1_526' title='bbox 712 4427 892 4498; x_wconf 83' lang='lat' dir='ltr'><strong>Cyzici</strong></span> <span class='ocrx_word' id='word_1_527' title='bbox 938 4438 994 4483; x_wconf 90' lang='lat' dir='ltr'><strong>et</strong></span> <span class='ocrx_word' id='word_1_528' title='bbox 1044 4429 1176 4484; x_wconf 87' lang='lat' dir='ltr'><strong>locis</strong></span> <span class='ocrx_word' id='word_1_529' title='bbox 1203 4429 1608 4486; x_wconf 86' lang='lat' dir='ltr'><strong>circumvicinis</strong></span> <span class='ocrx_word' id='word_1_530' title='bbox 1651 4433 1925 4491; x_wconf 81' lang='lat' dir='ltr'><strong>Romanos</strong></span> <span class='ocrx_word' id='word_1_531' title='bbox 1967 4439 2101 4492; x_wconf 81' lang='lat' dir='ltr'><strong>diri-</strong></span> 
     </span>
    </p>
   </div>
   <div class='ocr_carea' id='block_1_77' title="bbox 2199 3230 3778 3302">
    <p class='ocr_par' dir='ltr' id='par_1_77' title="bbox 2199 3230 3778 3302">
     <span class='ocr_line' id='line_1_77' title="bbox 2199 3230 3778 3302; baseline 0.003 -20"><span class='ocrx_word' id='word_1_532' title='bbox 2199 3230 2526 3284; x_wconf 85' lang='lat' dir='ltr'><strong>avarissime</strong></span> <span class='ocrx_word' id='word_1_533' title='bbox 2558 3233 2818 3300; x_wconf 89' lang='lat' dir='ltr'><strong>pecunias</strong></span> <span class='ocrx_word' id='word_1_534' title='bbox 2855 3248 2884 3286; x_wconf 90' lang='lat' dir='ltr'><strong>a</strong></span> <span class='ocrx_word' id='word_1_535' title='bbox 2919 3233 3180 3288; x_wconf 77' lang='lat' dir='ltr'><strong>Romanis</strong></span> <span class='ocrx_word' id='word_1_536' title='bbox 3229 3246 3543 3302; x_wconf 84' lang='lat' dir='ltr'><strong>extorquet,</strong></span> <span class='ocrx_word' id='word_1_537' title='bbox 3572 3234 3606 3288; x_wconf 92' lang='grc' dir='ltr'><strong>Ι.</strong></span> <span class='ocrx_word' id='word_1_538' title='bbox 3638 3249 3692 3297; x_wconf 88' lang='lat' dir='ltr'><strong>v,</strong></span> <span class='ocrx_word' id='word_1_539' title='bbox 3725 3249 3778 3287; x_wconf 88' lang='lat' dir='ltr'><strong>c.</strong></span> 
     </span>
    </p>
   </div>
   <div class='ocr_carea' id='block_1_78' title="bbox 2197 3321 3780 3396">
    <p class='ocr_par' dir='ltr' id='par_1_78' title="bbox 2197 3321 3780 3396">
     <span class='ocr_line' id='line_1_78' title="bbox 2197 3321 3780 3396; baseline 0.004 -22"><span class='ocrx_word' id='word_1_540' title='bbox 2197 3321 2286 3382; x_wconf 77' lang='grc'><strong>26,</strong></span> <span class='ocrx_word' id='word_1_541' title='bbox 2331 3332 2537 3390; x_wconf 90' lang='lat' dir='ltr'><strong>partem</strong></span> <span class='ocrx_word' id='word_1_542' title='bbox 2591 3325 2786 3392; x_wconf 62' lang='lat' dir='ltr'><strong>praedae</strong></span> <span class='ocrx_word' id='word_1_543' title='bbox 2835 3326 3113 3391; x_wconf 89' lang='lat' dir='ltr'><strong>deponens</strong></span> <span class='ocrx_word' id='word_1_544' title='bbox 3165 3326 3305 3396; x_wconf 88' lang='lat' dir='ltr'><strong>apud</strong></span> <span class='ocrx_word' id='word_1_545' title='bbox 3341 3329 3499 3380; x_wconf 81' lang='lat' dir='ltr'><strong>fidam</strong></span> <span class='ocrx_word' id='word_1_546' title='bbox 3536 3327 3662 3390; x_wconf 89' lang='lat' dir='ltr'><strong>sibi,</strong></span> <span class='ocrx_word' id='word_1_547' title='bbox 3719 3337 3780 3380; x_wconf 90' lang='lat' dir='ltr'><strong>ut</strong></span> 
     </span>
    </p>
   </div>
   <div class='ocr_carea' id='block_1_79' title="bbox 2197 3413 3778 3487">
    <p class='ocr_par' dir='ltr' id='par_1_79' title="bbox 2197 3413 3778 3487">
     <span class='ocr_line' id='line_1_79' title="bbox 2197 3413 3778 3487; baseline 0.004 -21"><span class='ocrx_word' id='word_1_548' title='bbox 2197 3415 2444 3482; x_wconf 87' lang='lat' dir='ltr'><strong>putabat,</strong></span> <span class='ocrx_word' id='word_1_549' title='bbox 2469 3413 2828 3484; x_wconf 76' lang='lat' dir='ltr'><strong>Magnesiam,</strong></span> <span class='ocrx_word' id='word_1_550' title='bbox 2850 3417 3007 3486; x_wconf 87' lang='lat' dir='ltr'><strong>cujus</strong></span> <span class='ocrx_word' id='word_1_551' title='bbox 3029 3427 3418 3487; x_wconf 84' lang='lat' dir='ltr'><strong>occupatorem</strong></span> <span class='ocrx_word' id='word_1_552' title='bbox 3450 3419 3778 3474; x_wconf 78' lang='lat' dir='ltr'><strong>Altalemam</strong></span> 
     </span>
    </p>
   </div>
   <div class='ocr_carea' id='block_1_80' title="bbox 2198 3503 3780 3579">
    <p class='ocr_par' dir='ltr' id='par_1_80' title="bbox 2198 3503 3780 3579">
     <span class='ocr_line' id='line_1_80' title="bbox 2198 3503 3780 3579; baseline 0.006 -23"><span class='ocrx_word' id='word_1_553' title='bbox 2198 3503 2515 3572; x_wconf 87' lang='lat' dir='ltr'><strong>imperatori</strong></span> <span class='ocrx_word' id='word_1_554' title='bbox 2574 3508 3046 3564; x_wconf 85' lang='lat' dir='ltr'><strong>reconciliavcrat.</strong></span> <span class='ocrx_word' id='word_1_555' title='bbox 3079 3510 3184 3563; x_wconf 88' lang='lat' dir='ltr'><strong>Sed</strong></span> <span class='ocrx_word' id='word_1_556' title='bbox 3240 3511 3339 3563; x_wconf 91' lang='lat' dir='ltr'><strong>hoc</strong></span> <span class='ocrx_word' id='word_1_557' title='bbox 3372 3513 3492 3579; x_wconf 89' lang='lat' dir='ltr'><strong>ipso</strong></span> <span class='ocrx_word' id='word_1_558' title='bbox 3555 3523 3780 3566; x_wconf 83' lang='lat' dir='ltr'><strong>auctore</strong></span> 
     </span>
    </p>
   </div>
   <div class='ocr_carea' id='block_1_81' title="bbox 2199 3594 3783 3666">
    <p class='ocr_par' dir='ltr' id='par_1_81' title="bbox 2199 3594 3783 3666">
     <span class='ocr_line' id='line_1_81' title="bbox 2199 3594 3783 3666; baseline 0.003 -17"><span class='ocrx_word' id='word_1_559' title='bbox 2199 3594 2604 3664; x_wconf 72' lang='lat' dir='ltr'><strong>Magnesienses</strong></span> <span class='ocrx_word' id='word_1_560' title='bbox 2637 3600 2690 3652; x_wconf 87' lang='lat' dir='ltr'><strong>in</strong></span> <span class='ocrx_word' id='word_1_561' title='bbox 2735 3601 3083 3654; x_wconf 71' lang='lat' dir='ltr'><strong>liontzerium</strong></span> <span class='ocrx_word' id='word_1_562' title='bbox 3143 3601 3426 3666; x_wconf 87' lang='lat' dir='ltr'><strong>rebellant,</strong></span> <span class='ocrx_word' id='word_1_563' title='bbox 3477 3612 3532 3656; x_wconf 86' lang='lat' dir='ltr'><strong>et</strong></span> <span class='ocrx_word' id='word_1_564' title='bbox 3583 3603 3650 3656; x_wconf 89' lang='lat' dir='ltr'><strong>ab</strong></span> <span class='ocrx_word' id='word_1_565' title='bbox 3713 3622 3783 3655; x_wconf 81' lang='lat' dir='ltr'><strong>eo</strong></span> 
     </span>
    </p>
   </div>
   <div class='ocr_carea' id='block_1_82' title="bbox 2201 3687 3780 3763">
    <p class='ocr_par' dir='ltr' id='par_1_82' title="bbox 2201 3687 3780 3763">
     <span class='ocr_line' id='line_1_82' title="bbox 2201 3687 3780 3763; baseline 0.006 -24"><span class='ocrx_word' id='word_1_566' title='bbox 2201 3687 2328 3740; x_wconf 90' lang='lat' dir='ltr'><strong>totis</strong></span> <span class='ocrx_word' id='word_1_567' title='bbox 2373 3689 2582 3744; x_wconf 87' lang='lat' dir='ltr'><strong>viribus</strong></span> <span class='ocrx_word' id='word_1_568' title='bbox 2629 3691 2994 3759; x_wconf 86' lang='lat' dir='ltr'><strong>nequidquam</strong></span> <span class='ocrx_word' id='word_1_569' title='bbox 3045 3705 3452 3763; x_wconf 84' lang='lat' dir='ltr'><strong>oppugnantur.</strong></span> <span class='ocrx_word' id='word_1_570' title='bbox 3509 3694 3670 3748; x_wconf 85' lang='lat' dir='ltr'><strong>Alani</strong></span> <span class='ocrx_word' id='word_1_571' title='bbox 3713 3712 3780 3748; x_wconf 77' lang='lat' dir='ltr'><strong>es</strong></span> 
     </span>
    </p>
   </div>
   <div class='ocr_carea' id='block_1_83' title="bbox 2199 3784 3784 3856">
    <p class='ocr_par' dir='ltr' id='par_1_83' title="bbox 2199 3784 3784 3856">
     <span class='ocr_line' id='line_1_83' title="bbox 2199 3784 3784 3856; baseline 0.003 -18"><span class='ocrx_word' id='word_1_572' title='bbox 2199 3784 2317 3854; x_wconf 84' lang='lat' dir='ltr'><strong>ejus</strong></span> <span class='ocrx_word' id='word_1_573' title='bbox 2346 3786 2544 3841; x_wconf 88' lang='lat' dir='ltr'><strong>castris</strong></span> <span class='ocrx_word' id='word_1_574' title='bbox 2592 3785 2830 3856; x_wconf 79' lang='lat' dir='ltr'><strong>fugiunt,</strong></span> <span class='ocrx_word' id='word_1_575' title='bbox 2872 3787 2911 3840; x_wconf 93' lang='grc' dir='ltr'><strong>Ι.</strong></span> <span class='ocrx_word' id='word_1_576' title='bbox 2946 3803 2996 3852; x_wconf 89' lang='lat' dir='ltr'><strong>v,</strong></span> <span class='ocrx_word' id='word_1_577' title='bbox 3031 3803 3080 3842; x_wconf 91' lang='lat' dir='ltr'><strong>c.</strong></span> <span class='ocrx_word' id='word_1_578' title='bbox 3138 3789 3228 3845; x_wconf 80' lang='grc'><strong>51.</strong></span> <span class='ocrx_word' id='word_1_579' title='bbox 3262 3788 3607 3843; x_wconf 80' lang='lat' dir='ltr'><strong>Andronicus</strong></span> <span class='ocrx_word' id='word_1_580' title='bbox 3643 3790 3784 3844; x_wconf 84' lang='lat' dir='ltr'><strong>mul—</strong></span> 
     </span>
    </p>
   </div>
   <div class='ocr_carea' id='block_1_84' title="bbox 2200 3876 3779 3934">
    <p class='ocr_par' dir='ltr' id='par_1_84' title="bbox 2200 3876 3779 3934">
     <span class='ocr_line' id='line_1_84' title="bbox 2200 3876 3779 3934; baseline 0.003 -6"><span class='ocrx_word' id='word_1_581' title='bbox 2200 3877 2268 3931; x_wconf 89' lang='lat' dir='ltr'><strong>tis</strong></span> <span class='ocrx_word' id='word_1_582' title='bbox 2304 3877 2490 3930; x_wconf 86' lang='lat' dir='ltr'><strong>missis</strong></span> <span class='ocrx_word' id='word_1_583' title='bbox 2544 3885 2600 3931; x_wconf 89' lang='lat' dir='ltr'><strong>et</strong></span> <span class='ocrx_word' id='word_1_584' title='bbox 2635 3877 2832 3931; x_wconf 89' lang='lat' dir='ltr'><strong>litteris</strong></span> <span class='ocrx_word' id='word_1_585' title='bbox 2881 3876 3086 3932; x_wconf 86' lang='lat' dir='ltr'><strong>frustra</strong></span> <span class='ocrx_word' id='word_1_586' title='bbox 3143 3879 3233 3931; x_wconf 85' lang='lat' dir='ltr'><strong>ditt</strong></span> <span class='ocrx_word' id='word_1_587' title='bbox 3271 3889 3502 3934; x_wconf 87' lang='lat' dir='ltr'><strong>conatus</strong></span> <span class='ocrx_word' id='word_1_588' title='bbox 3541 3877 3779 3932; x_wconf 76' lang='lat' dir='ltr'><strong>Romae-</strong></span> 
     </span>
    </p>
   </div>
   <div class='ocr_carea' id='block_1_85' title="bbox 2202 3967 3780 4041">
    <p class='ocr_par' dir='ltr' id='par_1_85' title="bbox 2202 3967 3780 4041">
     <span class='ocr_line' id='line_1_85' title="bbox 2202 3967 3780 4041; baseline 0.003 -22"><span class='ocrx_word' id='word_1_589' title='bbox 2202 3969 2340 4022; x_wconf 90' lang='lat' dir='ltr'><strong>rium</strong></span> <span class='ocrx_word' id='word_1_590' title='bbox 2400 3984 2429 4022; x_wconf 88' lang='lat' dir='ltr'><strong>a</strong></span> <span class='ocrx_word' id='word_1_591' title='bbox 2494 3967 2782 4037; x_wconf 72' lang='lat' dir='ltr'><strong>Magnesiae</strong></span> <span class='ocrx_word' id='word_1_592' title='bbox 2835 3970 3241 4040; x_wconf 80' lang='lat' dir='ltr'><strong>Oppugnatione</strong></span> <span class='ocrx_word' id='word_1_593' title='bbox 3297 3972 3462 4041; x_wconf 74' lang='lat'><strong>802</strong></span> <span class='ocrx_word' id='word_1_594' title='bbox 3525 3971 3780 4033; x_wconf 83' lang='lat' dir='ltr'><strong>avellere,</strong></span> 
     </span>
    </p>
   </div>
   <div class='ocr_carea' id='block_1_86' title="bbox 2203 4061 3786 4132">
    <p class='ocr_par' dir='ltr' id='par_1_86' title="bbox 2203 4061 3786 4132">
     <span class='ocr_line' id='line_1_86' title="bbox 2203 4061 3786 4132; baseline 0.003 -20"><span class='ocrx_word' id='word_1_595' title='bbox 2203 4061 2422 4114; x_wconf 84' lang='lat' dir='ltr'><strong>tandem</strong></span> <span class='ocrx_word' id='word_1_596' title='bbox 2473 4061 2520 4114; x_wconf 90' lang='lat' dir='ltr'><strong>ei</strong></span> <span class='ocrx_word' id='word_1_597' title='bbox 2563 4063 2854 4128; x_wconf 84' lang='lat' dir='ltr'><strong>persuadet</strong></span> <span class='ocrx_word' id='word_1_598' title='bbox 2904 4063 3188 4132; x_wconf 85' lang='lat' dir='ltr'><strong>trajectum</strong></span> <span class='ocrx_word' id='word_1_599' title='bbox 3244 4063 3298 4115; x_wconf 90' lang='lat' dir='ltr'><strong>in</strong></span> <span class='ocrx_word' id='word_1_600' title='bbox 3341 4063 3640 4117; x_wconf 77' lang='lat' dir='ltr'><strong>Occidnum</strong></span> <span class='ocrx_word' id='word_1_601' title='bbox 3673 4073 3786 4116; x_wconf 88' lang='lat' dir='ltr'><strong>tra-</strong></span> 
     </span>
    </p>
   </div>
   <div class='ocr_carea' id='block_1_87' title="bbox 2200 4153 3783 4224">
    <p class='ocr_par' dir='ltr' id='par_1_87' title="bbox 2200 4153 3783 4224">
     <span class='ocr_line' id='line_1_87' title="bbox 2200 4153 3783 4224; baseline -0.001 -17"><span class='ocrx_word' id='word_1_602' title='bbox 2200 4163 2368 4216; x_wconf 88' lang='lat' dir='ltr'><strong>ctum,</strong></span> <span class='ocrx_word' id='word_1_603' title='bbox 2399 4163 2459 4207; x_wconf 88' lang='lat' dir='ltr'><strong>ut</strong></span> <span class='ocrx_word' id='word_1_604' title='bbox 2484 4153 2557 4208; x_wconf 92' lang='lat' dir='ltr'><strong>ibi</strong></span> <span class='ocrx_word' id='word_1_605' title='bbox 2586 4157 2774 4222; x_wconf 89' lang='lat' dir='ltr'><strong>copias</strong></span> <span class='ocrx_word' id='word_1_606' title='bbox 2808 4169 2930 4208; x_wconf 89' lang='lat' dir='ltr'><strong>cum</strong></span> <span class='ocrx_word' id='word_1_607' title='bbox 2961 4156 3112 4224; x_wconf 89' lang='lat' dir='ltr'><strong>prius</strong></span> <span class='ocrx_word' id='word_1_608' title='bbox 3141 4169 3206 4210; x_wconf 93' lang='lat' dir='ltr'><strong>eo</strong></span> <span class='ocrx_word' id='word_1_609' title='bbox 3238 4158 3486 4221; x_wconf 83' lang='lat' dir='ltr'><strong>profecto</strong></span> <span class='ocrx_word' id='word_1_610' title='bbox 3510 4153 3783 4208; x_wconf 87' lang='lat' dir='ltr'><strong>Michaele</strong></span> 
     </span>
    </p>
   </div>
   <div class='ocr_carea' id='block_1_88' title="bbox 2200 4244 3784 4316">
    <p class='ocr_par' dir='ltr' id='par_1_88' title="bbox 2200 4244 3784 4316">
     <span class='ocr_line' id='line_1_88' title="bbox 2200 4244 3784 4316; baseline -0.001 -17"><span class='ocrx_word' id='word_1_611' title='bbox 2200 4245 2444 4316; x_wconf 79' lang='lat' dir='ltr'><strong>Augusto</strong></span> <span class='ocrx_word' id='word_1_612' title='bbox 2473 4244 2697 4300; x_wconf 86' lang='lat' dir='ltr'><strong>Juniore</strong></span> <span class='ocrx_word' id='word_1_613' title='bbox 2720 4249 3101 4315; x_wconf 71' lang='lat' dir='ltr'><strong>coniungeret.</strong></span> <span class='ocrx_word' id='word_1_614' title='bbox 3140 4245 3278 4315; x_wconf 86' lang='lat' dir='ltr'><strong>Ergo</strong></span> <span class='ocrx_word' id='word_1_615' title='bbox 3313 4246 3405 4300; x_wconf 91' lang='lat' dir='ltr'><strong>ille</strong></span> <span class='ocrx_word' id='word_1_616' title='bbox 3427 4249 3644 4301; x_wconf 85' lang='lat' dir='ltr'><strong>cunctis</strong></span> <span class='ocrx_word' id='word_1_617' title='bbox 3675 4247 3784 4301; x_wconf 75' lang='lat' dir='ltr'><strong>lio-</strong></span> 
     </span>
    </p>
   </div>
   <div class='ocr_carea' id='block_1_89' title="bbox 2205 4337 3784 4408">
    <p class='ocr_par' dir='ltr' id='par_1_89' title="bbox 2205 4337 3784 4408">
     <span class='ocr_line' id='line_1_89' title="bbox 2205 4337 3784 4408; baseline -0.002 -16"><span class='ocrx_word' id='word_1_618' title='bbox 2205 4337 2382 4392; x_wconf 89' lang='lat' dir='ltr'><strong>manis</strong></span> <span class='ocrx_word' id='word_1_619' title='bbox 2439 4337 2754 4408; x_wconf 84' lang='lat' dir='ltr'><strong>regionibus</strong></span> <span class='ocrx_word' id='word_1_620' title='bbox 2786 4351 3002 4405; x_wconf 85' lang='lat' dir='ltr'><strong>quaqua</strong></span> <span class='ocrx_word' id='word_1_621' title='bbox 3047 4338 3268 4392; x_wconf 87' lang='lat' dir='ltr'><strong>transiit</strong></span> <span class='ocrx_word' id='word_1_622' title='bbox 3319 4337 3562 4400; x_wconf 86' lang='lat' dir='ltr'><strong>vastatis,</strong></span> <span class='ocrx_word' id='word_1_623' title='bbox 3595 4338 3784 4406; x_wconf 83' lang='lat' dir='ltr'><strong>copias</strong></span> 
     </span>
    </p>
   </div>
   <div class='ocr_carea' id='block_1_90' title="bbox 2203 4425 3783 4498">
    <p class='ocr_par' dir='ltr' id='par_1_90' title="bbox 2203 4425 3783 4498">
     <span class='ocr_line' id='line_1_90' title="bbox 2203 4425 3783 4498; baseline -0.001 -17"><span class='ocrx_word' id='word_1_624' title='bbox 2203 4427 2439 4496; x_wconf 87' lang='lat' dir='ltr'><strong>denique</strong></span> <span class='ocrx_word' id='word_1_625' title='bbox 2467 4427 2705 4482; x_wconf 88' lang='lat' dir='ltr'><strong>traducit</strong></span> <span class='ocrx_word' id='word_1_626' title='bbox 2735 4427 2930 4496; x_wconf 89' lang='lat' dir='ltr'><strong>partim</strong></span> <span class='ocrx_word' id='word_1_627' title='bbox 2961 4427 3217 4498; x_wconf 81' lang='lat' dir='ltr'><strong>Mitylene</strong></span> <span class='ocrx_word' id='word_1_628' title='bbox 3248 4431 3446 4496; x_wconf 90' lang='lat' dir='ltr'><strong>partim</strong></span> <span class='ocrx_word' id='word_1_629' title='bbox 3479 4425 3783 4497; x_wconf 86' lang='lat' dir='ltr'><strong>Lampsaco</strong></span> 
     </span>
    </p>
   </div>
   <div class='ocr_carea' id='block_1_91' title="bbox 519 4509 3780 4598">
    <p class='ocr_par' dir='ltr' id='par_1_91' title="bbox 519 4509 3780 4598">
     <span class='ocr_line' id='line_1_91' title="bbox 519 4509 3780 4598; baseline 0.001 -28"><span class='ocrx_word' id='word_1_630' title='bbox 519 4517 716 4584; x_wconf 87' lang='lat' dir='ltr'><strong>piendo</strong></span> <span class='ocrx_word' id='word_1_631' title='bbox 755 4531 1128 4586; x_wconf 85' lang='lat' dir='ltr'><strong>corraserant,</strong></span> <span class='ocrx_word' id='word_1_632' title='bbox 1180 4521 1372 4576; x_wconf 89' lang='lat' dir='ltr'><strong>domos</strong></span> <span class='ocrx_word' id='word_1_633' title='bbox 1421 4524 1667 4592; x_wconf 77' lang='lat' dir='ltr'><strong>proprias</strong></span> <span class='ocrx_word' id='word_1_634' title='bbox 1705 4524 1912 4591; x_wconf 72' lang='lat' dir='ltr'><strong>injussu</strong></span> <span class='ocrx_word' id='word_1_635' title='bbox 1953 4543 2101 4598; x_wconf 72' lang='grc' dir='ltr'><strong>τερε.</strong></span> <span class='ocrx_word' id='word_1_636' title='bbox 2134 4509 2176 4562; x_wconf 80' lang='grc'><strong>0</strong></span> <span class='ocrx_word' id='word_1_637' title='bbox 2204 4517 2477 4588; x_wconf 83' lang='lat' dir='ltr'><strong>Madytum</strong></span> <span class='ocrx_word' id='word_1_638' title='bbox 2511 4519 2648 4574; x_wconf 90' lang='lat' dir='ltr'><strong>etin</strong></span> <span class='ocrx_word' id='word_1_639' title='bbox 2693 4519 2796 4572; x_wconf 87' lang='lat' dir='ltr'><strong>alia</strong></span> <span class='ocrx_word' id='word_1_640' title='bbox 2841 4519 3173 4574; x_wconf 90' lang='lat' dir='ltr'><strong>continentis</strong></span> <span class='ocrx_word' id='word_1_641' title='bbox 3217 4517 3472 4574; x_wconf 76' lang='lat' dir='ltr'><strong>Occidutc</strong></span> <span class='ocrx_word' id='word_1_642' title='bbox 3521 4520 3660 4584; x_wconf 90' lang='lat' dir='ltr'><strong>loca,</strong></span> <span class='ocrx_word' id='word_1_643' title='bbox 3691 4520 3780 4572; x_wconf 90' lang='lat' dir='ltr'><strong>ubi</strong></span> 
     </span>
    </p>
   </div>
   <div class='ocr_carea' id='block_1_92' title="bbox 515 4607 2095 4684">
    <p class='ocr_par' dir='ltr' id='par_1_92' title="bbox 515 4607 2095 4684">
     <span class='ocr_line' id='line_1_92' title="bbox 515 4607 2095 4684; baseline 0.008 -21"><span class='ocrx_word' id='word_1_644' title='bbox 515 4609 736 4664; x_wconf 89' lang='lat' dir='ltr'><strong>tierunt.</strong></span> <span class='ocrx_word' id='word_1_645' title='bbox 771 4607 900 4664; x_wconf 82' lang='lat' dir='ltr'><strong>Inde</strong></span> <span class='ocrx_word' id='word_1_646' title='bbox 947 4618 1134 4666; x_wconf 86' lang='lat' dir='ltr'><strong>secuta</strong></span> <span class='ocrx_word' id='word_1_647' title='bbox 1171 4612 1570 4682; x_wconf 81' lang='lat' dir='ltr'><strong>stipendiorum</strong></span> <span class='ocrx_word' id='word_1_648' title='bbox 1614 4630 1708 4684; x_wconf 91' lang='lat' dir='ltr'><strong>per</strong></span> <span class='ocrx_word' id='word_1_649' title='bbox 1739 4615 2095 4676; x_wconf 79' lang='lat' dir='ltr'><strong>Rontzerium</strong></span> 
     </span>
    </p>
   </div>
   <div class='ocr_carea' id='block_1_93' title="bbox 519 4701 2100 4774">
    <p class='ocr_par' dir='ltr' id='par_1_93' title="bbox 519 4701 2100 4774">
     <span class='ocr_line' id='line_1_93' title="bbox 519 4701 2100 4774; baseline 0.008 -21"><span class='ocrx_word' id='word_1_650' title='bbox 519 4701 702 4771; x_wconf 90' lang='lat' dir='ltr'><strong>iniqua</strong></span> <span class='ocrx_word' id='word_1_651' title='bbox 734 4703 926 4757; x_wconf 86' lang='lat' dir='ltr'><strong>divisio</strong></span> <span class='ocrx_word' id='word_1_652' title='bbox 965 4703 1070 4770; x_wconf 86' lang='lat' dir='ltr'><strong>est,</strong></span> <span class='ocrx_word' id='word_1_653' title='bbox 1105 4703 1250 4757; x_wconf 86' lang='lat' dir='ltr'><strong>Italis</strong></span> <span class='ocrx_word' id='word_1_654' title='bbox 1296 4705 1445 4774; x_wconf 87' lang='lat' dir='ltr'><strong>large</strong></span> <span class='ocrx_word' id='word_1_655' title='bbox 1477 4706 1712 4771; x_wconf 88' lang='lat' dir='ltr'><strong>donatis,</strong></span> <span class='ocrx_word' id='word_1_656' title='bbox 1741 4709 1932 4764; x_wconf 87' lang='lat' dir='ltr'><strong>Alanis</strong></span> <span class='ocrx_word' id='word_1_657' title='bbox 1985 4727 2100 4764; x_wconf 86' lang='lat' dir='ltr'><strong>ma-</strong></span> 
     </span>
    </p>
   </div>
   <div class='ocr_carea' id='block_1_94' title="bbox 517 4793 2098 4866">
    <p class='ocr_par' dir='ltr' id='par_1_94' title="bbox 517 4793 2098 4866">
     <span class='ocr_line' id='line_1_94' title="bbox 517 4793 2098 4866; baseline 0.006 -18"><span class='ocrx_word' id='word_1_658' title='bbox 517 4793 662 4864; x_wconf 87' lang='lat' dir='ltr'><strong>ligne</strong></span> <span class='ocrx_word' id='word_1_659' title='bbox 697 4795 936 4864; x_wconf 87' lang='lat' dir='ltr'><strong>aspersis</strong></span> <span class='ocrx_word' id='word_1_660' title='bbox 981 4795 1329 4863; x_wconf 88' lang='lat' dir='ltr'><strong>imperatoria</strong></span> <span class='ocrx_word' id='word_1_661' title='bbox 1364 4799 1618 4866; x_wconf 89' lang='lat' dir='ltr'><strong>pecunia.</strong></span> <span class='ocrx_word' id='word_1_662' title='bbox 1663 4798 1799 4856; x_wconf 91' lang='lat' dir='ltr'><strong>Hinc</strong></span> <span class='ocrx_word' id='word_1_663' title='bbox 1823 4803 1964 4857; x_wconf 91' lang='lat' dir='ltr'><strong>inter</strong></span> <span class='ocrx_word' id='word_1_664' title='bbox 2000 4805 2098 4858; x_wconf 90' lang='lat' dir='ltr'><strong>hos</strong></span> 
     </span>
    </p>
   </div>
   <div class='ocr_carea' id='block_1_95' title="bbox 517 4889 2098 4964">
    <p class='ocr_par' dir='ltr' id='par_1_95' title="bbox 517 4889 2098 4964">
     <span class='ocr_line' id='line_1_95' title="bbox 517 4889 2098 4964; baseline 0.005 -20"><span class='ocrx_word' id='word_1_665' title='bbox 517 4897 574 4944; x_wconf 88' lang='lat' dir='ltr'><strong>et</strong></span> <span class='ocrx_word' id='word_1_666' title='bbox 601 4889 721 4943; x_wconf 90' lang='lat' dir='ltr'><strong>illos</strong></span> <span class='ocrx_word' id='word_1_667' title='bbox 759 4898 893 4945; x_wconf 72' lang='lat' dir='ltr'><strong>orta:</strong></span> <span class='ocrx_word' id='word_1_668' title='bbox 927 4889 1232 4944; x_wconf 88' lang='lat' dir='ltr'><strong>simultates</strong></span> <span class='ocrx_word' id='word_1_669' title='bbox 1271 4889 1362 4944; x_wconf 91' lang='lat' dir='ltr'><strong>diu</strong></span> <span class='ocrx_word' id='word_1_670' title='bbox 1407 4891 1810 4960; x_wconf 89' lang='lat' dir='ltr'><strong>suspicionibus</strong></span> <span class='ocrx_word' id='word_1_671' title='bbox 1849 4897 2098 4964; x_wconf 87' lang='lat' dir='ltr'><strong>odiisque</strong></span> 
     </span>
    </p>
   </div>
   <div class='ocr_carea' id='block_1_96' title="bbox 521 4981 2097 5050">
    <p class='ocr_par' dir='ltr' id='par_1_96' title="bbox 521 4981 2097 5050">
     <span class='ocr_line' id='line_1_96' title="bbox 521 4981 2097 5050; baseline 0.003 -16"><span class='ocrx_word' id='word_1_672' title='bbox 521 4981 764 5048; x_wconf 81' lang='lat' dir='ltr'><strong>rixisque</strong></span> <span class='ocrx_word' id='word_1_673' title='bbox 802 4981 945 5036; x_wconf 89' lang='lat' dir='ltr'><strong>inter</strong></span> <span class='ocrx_word' id='word_1_674' title='bbox 969 4981 1115 5050; x_wconf 80' lang='lat' dir='ltr'><strong>ipsos</strong></span> <span class='ocrx_word' id='word_1_675' title='bbox 1151 4983 1354 5036; x_wconf 91' lang='lat' dir='ltr'><strong>mutuis</strong></span> <span class='ocrx_word' id='word_1_676' title='bbox 1378 4987 1636 5040; x_wconf 78' lang='lat' dir='ltr'><strong>exercitae</strong></span> <span class='ocrx_word' id='word_1_677' title='bbox 1667 4995 1812 5041; x_wconf 87' lang='lat' dir='ltr'><strong>sunt.</strong></span> <span class='ocrx_word' id='word_1_678' title='bbox 1846 4985 1949 5042; x_wconf 89' lang='lat' dir='ltr'><strong>Per</strong></span> <span class='ocrx_word' id='word_1_679' title='bbox 1983 4989 2097 5044; x_wconf 72' lang='lat' dir='ltr'><strong>haee</strong></span> 
     </span>
    </p>
   </div>
   <div class='ocr_carea' id='block_1_97' title="bbox 515 5071 2094 5148">
    <p class='ocr_par' dir='ltr' id='par_1_97' title="bbox 515 5071 2094 5148">
     <span class='ocr_line' id='line_1_97' title="bbox 515 5071 2094 5148; baseline 0.005 -22"><span class='ocrx_word' id='word_1_680' title='bbox 515 5071 814 5128; x_wconf 88' lang='lat' dir='ltr'><strong>detrectata</strong></span> <span class='ocrx_word' id='word_1_681' title='bbox 843 5071 1011 5128; x_wconf 88' lang='lat' dir='ltr'><strong>variis</strong></span> <span class='ocrx_word' id='word_1_682' title='bbox 1043 5073 1381 5136; x_wconf 86' lang='lat' dir='ltr'><strong>clusionibus</strong></span> <span class='ocrx_word' id='word_1_683' title='bbox 1431 5075 1483 5128; x_wconf 90' lang='lat' dir='ltr'><strong>in</strong></span> <span class='ocrx_word' id='word_1_684' title='bbox 1519 5076 1676 5143; x_wconf 81' lang='lat' dir='ltr'><strong>hujus</strong></span> <span class='ocrx_word' id='word_1_685' title='bbox 1719 5093 1937 5148; x_wconf 87' lang='lat' dir='ltr'><strong>quoque</strong></span> <span class='ocrx_word' id='word_1_686' title='bbox 1967 5081 2094 5134; x_wconf 89' lang='lat' dir='ltr'><strong>anni</strong></span> 
     </span>
    </p>
   </div>
   <div class='ocr_carea' id='block_1_98' title="bbox 517 5165 2093 5233">
    <p class='ocr_par' dir='ltr' id='par_1_98' title="bbox 517 5165 2093 5233">
     <span class='ocr_line' id='line_1_98' title="bbox 517 5165 2093 5233; baseline 0.006 -16"><span class='ocrx_word' id='word_1_687' title='bbox 517 5174 758 5218; x_wconf 82' lang='lat' dir='ltr'><strong>aestatem</strong></span> <span class='ocrx_word' id='word_1_688' title='bbox 794 5165 1065 5228; x_wconf 76' lang='lat' dir='ltr'><strong>expeditio</strong></span> <span class='ocrx_word' id='word_1_689' title='bbox 1096 5165 1147 5219; x_wconf 91' lang='lat' dir='ltr'><strong>in</strong></span> <span class='ocrx_word' id='word_1_690' title='bbox 1200 5165 1398 5221; x_wconf 87' lang='lat' dir='ltr'><strong>Persas</strong></span> <span class='ocrx_word' id='word_1_691' title='bbox 1441 5177 1546 5233; x_wconf 88' lang='lat' dir='ltr'><strong>est,</strong></span> <span class='ocrx_word' id='word_1_692' title='bbox 1573 5167 1852 5226; x_wconf 86' lang='lat' dir='ltr'><strong>Catelanis</strong></span> <span class='ocrx_word' id='word_1_693' title='bbox 1897 5173 2093 5227; x_wconf 86' lang='lat' dir='ltr'><strong>stativa</strong></span> 
     </span>
    </p>
   </div>
   <div class='ocr_carea' id='block_1_99' title="bbox 495 5256 2098 5332">
    <p class='ocr_par' dir='ltr' id='par_1_99' title="bbox 495 5256 2098 5332">
     <span class='ocr_line' id='line_1_99' title="bbox 495 5256 2098 5332; baseline 0.006 -22"><span class='ocrx_word' id='word_1_694' title='bbox 495 5257 798 5310; x_wconf 85' lang='lat' dir='ltr'><strong>-commoda</strong></span> <span class='ocrx_word' id='word_1_695' title='bbox 817 5256 1127 5325; x_wconf 88' lang='lat' dir='ltr'><strong>relinquere</strong></span> <span class='ocrx_word' id='word_1_696' title='bbox 1142 5257 1471 5323; x_wconf 90' lang='lat' dir='ltr'><strong>nolentibus,</strong></span> <span class='ocrx_word' id='word_1_697' title='bbox 1507 5265 1853 5328; x_wconf 85' lang='lat' dir='ltr'><strong>quantumvis</strong></span> <span class='ocrx_word' id='word_1_698' title='bbox 1869 5275 2098 5332; x_wconf 86' lang='lat' dir='ltr'><strong>urgente</strong></span> 
     </span>
    </p>
   </div>
   <div class='ocr_carea' id='block_1_100' title="bbox 514 5343 2098 5416">
    <p class='ocr_par' dir='ltr' id='par_1_100' title="bbox 514 5343 2098 5416">
     <span class='ocr_line' id='line_1_100' title="bbox 514 5343 2098 5416; baseline 0.008 -18"><span class='ocrx_word' id='word_1_699' title='bbox 514 5343 880 5410; x_wconf 85' lang='lat' dir='ltr'><strong>imperatore;</strong></span> <span class='ocrx_word' id='word_1_700' title='bbox 919 5359 1078 5414; x_wconf 89' lang='lat' dir='ltr'><strong>quem</strong></span> <span class='ocrx_word' id='word_1_701' title='bbox 1105 5346 1342 5401; x_wconf 82' lang='lat' dir='ltr'><strong>maxime</strong></span> <span class='ocrx_word' id='word_1_702' title='bbox 1383 5349 1665 5416; x_wconf 87' lang='lat' dir='ltr'><strong>premebat</strong></span> <span class='ocrx_word' id='word_1_703' title='bbox 1691 5351 1928 5406; x_wconf 85' lang='lat' dir='ltr'><strong>obsideri</strong></span> <span class='ocrx_word' id='word_1_704' title='bbox 1985 5369 2098 5410; x_wconf 74' lang='lat' dir='ltr'><strong>cte-</strong></span> 
     </span>
    </p>
   </div>
   <div class='ocr_carea' id='block_1_101' title="bbox 518 5433 2095 5508">
    <p class='ocr_par' dir='ltr' id='par_1_101' title="bbox 518 5433 2095 5508">
     <span class='ocr_line' id='line_1_101' title="bbox 518 5433 2095 5508; baseline 0.01 -24"><span class='ocrx_word' id='word_1_705' title='bbox 518 5443 632 5502; x_wconf 87' lang='lat' dir='ltr'><strong>pta,</strong></span> <span class='ocrx_word' id='word_1_706' title='bbox 681 5433 909 5503; x_wconf 62' lang='lat' dir='ltr'><strong>Alisyraa</strong></span> <span class='ocrx_word' id='word_1_707' title='bbox 945 5433 1122 5490; x_wconf 81' lang='lat' dir='ltr'><strong>Persae</strong></span> <span class='ocrx_word' id='word_1_708' title='bbox 1181 5447 1418 5506; x_wconf 69' lang='lat' dir='ltr'><strong>satrapae</strong></span> <span class='ocrx_word' id='word_1_709' title='bbox 1463 5439 1661 5495; x_wconf 82' lang='lat' dir='ltr'><strong>validis</strong></span> <span class='ocrx_word' id='word_1_710' title='bbox 1693 5441 1885 5508; x_wconf 79' lang='lat' dir='ltr'><strong>cupiis,</strong></span> <span class='ocrx_word' id='word_1_711' title='bbox 1915 5442 2095 5498; x_wconf 90' lang='lat' dir='ltr'><strong>Phila-</strong></span> 
     </span>
    </p>
   </div>
   <div class='ocr_carea' id='block_1_102' title="bbox 517 5521 2096 5595">
    <p class='ocr_par' dir='ltr' id='par_1_102' title="bbox 517 5521 2096 5595">
     <span class='ocr_line' id='line_1_102' title="bbox 517 5521 2096 5595; baseline 0.009 -17"><span class='ocrx_word' id='word_1_712' title='bbox 517 5521 763 5594; x_wconf 86' lang='lat' dir='ltr'><strong>delphia;</strong></span> <span class='ocrx_word' id='word_1_713' title='bbox 825 5525 974 5595; x_wconf 83' lang='lat' dir='ltr'><strong>quod</strong></span> <span class='ocrx_word' id='word_1_714' title='bbox 1031 5522 1137 5584; x_wconf 89' lang='lat' dir='ltr'><strong>sub</strong></span> <span class='ocrx_word' id='word_1_715' title='bbox 1181 5535 1500 5584; x_wconf 79' lang='lat' dir='ltr'><strong>autumnum</strong></span> <span class='ocrx_word' id='word_1_716' title='bbox 1549 5531 1812 5588; x_wconf 73' lang='lat' dir='ltr'><strong>an.1505</strong></span> <span class='ocrx_word' id='word_1_717' title='bbox 1841 5535 2096 5593; x_wconf 87' lang='lat' dir='ltr'><strong>evenisse</strong></span> 
     </span>
    </p>
   </div>
   <div class='ocr_carea' id='block_1_103' title="bbox 516 5614 864 5670">
    <p class='ocr_par' dir='ltr' id='par_1_103' title="bbox 516 5614 864 5670">
     <span class='ocr_line' id='line_1_103' title="bbox 516 5614 864 5670; baseline 0.006 -2"><span class='ocrx_word' id='word_1_718' title='bbox 516 5614 864 5670; x_wconf 79' lang='lat' dir='ltr'><strong>Crediderim.</strong></span> 
     </span>
    </p>
   </div>
   <div class='ocr_carea' id='block_1_104' title="bbox 585 5703 2094 5783">
    <p class='ocr_par' dir='ltr' id='par_1_104' title="bbox 585 5703 2094 5783">
     <span class='ocr_line' id='line_1_104' title="bbox 585 5703 2094 5783; baseline 0.009 -25"><span class='ocrx_word' id='word_1_719' title='bbox 585 5703 693 5760; x_wconf 83' lang='lat' dir='ltr'><strong>Vll.</strong></span> <span class='ocrx_word' id='word_1_720' title='bbox 727 5705 852 5762; x_wconf 91' lang='lat' dir='ltr'><strong>lniit</strong></span> <span class='ocrx_word' id='word_1_721' title='bbox 902 5722 1078 5763; x_wconf 88' lang='lat' dir='ltr'><strong>annus</strong></span> <span class='ocrx_word' id='word_1_722' title='bbox 1107 5709 1314 5768; x_wconf 87' lang='lat' dir='ltr'><strong>Christi</strong></span> <span class='ocrx_word' id='word_1_723' title='bbox 1366 5711 1526 5778; x_wconf 81' lang='grc'><strong>1506,</strong></span> <span class='ocrx_word' id='word_1_724' title='bbox 1565 5715 1784 5783; x_wconf 85' lang='lat' dir='ltr'><strong>quando</strong></span> <span class='ocrx_word' id='word_1_725' title='bbox 1828 5717 2094 5772; x_wconf 82' lang='lat' dir='ltr'><strong>sollicitus</strong></span> 
     </span>
    </p>
   </div>
   <div class='ocr_carea' id='block_1_105' title="bbox 517 5795 2086 5877">
    <p class='ocr_par' dir='ltr' id='par_1_105' title="bbox 517 5795 2086 5877">
     <span class='ocr_line' id='line_1_105' title="bbox 517 5795 2086 5877; baseline 0.01 -28"><span class='ocrx_word' id='word_1_726' title='bbox 517 5795 813 5868; x_wconf 87' lang='lat' dir='ltr'><strong>imperator</strong></span> <span class='ocrx_word' id='word_1_727' title='bbox 838 5816 936 5872; x_wconf 89' lang='lat' dir='ltr'><strong>pro</strong></span> <span class='ocrx_word' id='word_1_728' title='bbox 963 5802 1328 5876; x_wconf 87' lang='lat' dir='ltr'><strong>Philadelphia</strong></span> <span class='ocrx_word' id='word_1_729' title='bbox 1344 5805 1456 5877; x_wconf 83' lang='lat' dir='ltr'><strong>jam</strong></span> <span class='ocrx_word' id='word_1_730' title='bbox 1487 5808 1600 5864; x_wconf 85' lang='lat' dir='ltr'><strong>acri</strong></span> <span class='ocrx_word' id='word_1_731' title='bbox 1621 5807 1762 5862; x_wconf 81' lang='lat' dir='ltr'><strong>farre</strong></span> <span class='ocrx_word' id='word_1_732' title='bbox 1785 5809 2086 5874; x_wconf 85' lang='lat' dir='ltr'><strong>laborante,</strong></span> 
     </span>
    </p>
   </div>
   <div class='ocr_carea' id='block_1_106' title="bbox 2202 4609 3784 4682">
    <p class='ocr_par' dir='ltr' id='par_1_106' title="bbox 2202 4609 3784 4682">
     <span class='ocr_line' id='line_1_106' title="bbox 2202 4609 3784 4682; baseline 0.002 -18"><span class='ocrx_word' id='word_1_733' title='bbox 2202 4609 2481 4664; x_wconf 83' lang='lat' dir='ltr'><strong>Romanos</strong></span> <span class='ocrx_word' id='word_1_734' title='bbox 2509 4611 2780 4665; x_wconf 86' lang='lat' dir='ltr'><strong>hostiliter</strong></span> <span class='ocrx_word' id='word_1_735' title='bbox 2803 4610 3048 4666; x_wconf 85' lang='lat' dir='ltr'><strong>Catelani</strong></span> <span class='ocrx_word' id='word_1_736' title='bbox 3078 4611 3372 4682; x_wconf 83' lang='lat' dir='ltr'><strong>depraedati</strong></span> <span class='ocrx_word' id='word_1_737' title='bbox 3399 4624 3552 4670; x_wconf 84' lang='lat' dir='ltr'><strong>sunt.</strong></span> <span class='ocrx_word' id='word_1_738' title='bbox 3586 4613 3784 4668; x_wconf 76' lang='lat' dir='ltr'><strong>Narrat</strong></span> 
     </span>
    </p>
   </div>
   <div class='ocr_carea' id='block_1_107' title="bbox 2201 4701 3783 4774">
    <p class='ocr_par' dir='ltr' id='par_1_107' title="bbox 2201 4701 3783 4774">
     <span class='ocr_line' id='line_1_107' title="bbox 2201 4701 3783 4774; baseline 0.001 -18"><span class='ocrx_word' id='word_1_739' title='bbox 2201 4702 2315 4757; x_wconf 64' lang='lat' dir='ltr'><strong>haec</strong></span> <span class='ocrx_word' id='word_1_740' title='bbox 2346 4701 2713 4773; x_wconf 80' lang='lat' dir='ltr'><strong>Pacbymeres</strong></span> <span class='ocrx_word' id='word_1_741' title='bbox 2759 4703 2799 4758; x_wconf 93' lang='lat' dir='ltr'><strong>l.</strong></span> <span class='ocrx_word' id='word_1_742' title='bbox 2828 4719 2901 4766; x_wconf 84' lang='lat' dir='ltr'><strong>vr,</strong></span> <span class='ocrx_word' id='word_1_743' title='bbox 2945 4719 2997 4757; x_wconf 89' lang='lat' dir='ltr'><strong>c.</strong></span> <span class='ocrx_word' id='word_1_744' title='bbox 3027 4705 3080 4770; x_wconf 77' lang='lat'><strong>3,</strong></span> <span class='ocrx_word' id='word_1_745' title='bbox 3123 4719 3245 4773; x_wconf 64' lang='lat' dir='ltr'><strong>qum</strong></span> <span class='ocrx_word' id='word_1_746' title='bbox 3275 4705 3392 4759; x_wconf 89' lang='lat' dir='ltr'><strong>sine</strong></span> <span class='ocrx_word' id='word_1_747' title='bbox 3418 4706 3580 4759; x_wconf 89' lang='lat' dir='ltr'><strong>dubio</strong></span> <span class='ocrx_word' id='word_1_748' title='bbox 3610 4707 3783 4774; x_wconf 83' lang='lat' dir='ltr'><strong>perti-</strong></span> 
     </span>
    </p>
   </div>
   <div class='ocr_carea' id='block_1_108' title="bbox 2201 4795 3780 4861">
    <p class='ocr_par' dir='ltr' id='par_1_108' title="bbox 2201 4795 3780 4861">
     <span class='ocr_line' id='line_1_108' title="bbox 2201 4795 3780 4861; baseline 0.001 -11"><span class='ocrx_word' id='word_1_749' title='bbox 2201 4807 2330 4850; x_wconf 79' lang='lat' dir='ltr'><strong>nent</strong></span> <span class='ocrx_word' id='word_1_750' title='bbox 2361 4795 2426 4850; x_wconf 90' lang='lat' dir='ltr'><strong>ad</strong></span> <span class='ocrx_word' id='word_1_751' title='bbox 2461 4795 2753 4852; x_wconf 87' lang='lat' dir='ltr'><strong>Octobrem</strong></span> <span class='ocrx_word' id='word_1_752' title='bbox 2787 4805 2880 4851; x_wconf 89' lang='lat' dir='ltr'><strong>aut</strong></span> <span class='ocrx_word' id='word_1_753' title='bbox 2913 4795 3274 4852; x_wconf 79' lang='lat' dir='ltr'><strong>Novembrem</strong></span> <span class='ocrx_word' id='word_1_754' title='bbox 3299 4797 3426 4850; x_wconf 88' lang='lat' dir='ltr'><strong>anui</strong></span> <span class='ocrx_word' id='word_1_755' title='bbox 3449 4798 3580 4855; x_wconf 84' lang='lat' dir='ltr'><strong>Chr.</strong></span> <span class='ocrx_word' id='word_1_756' title='bbox 3619 4798 3780 4861; x_wconf 78' lang='grc'><strong>1506,</strong></span> 
     </span>
    </p>
   </div>
   <div class='ocr_carea' id='block_1_109' title="bbox 2199 4888 3781 4959">
    <p class='ocr_par' dir='ltr' id='par_1_109' title="bbox 2199 4888 3781 4959">
     <span class='ocr_line' id='line_1_109' title="bbox 2199 4888 3781 4959; baseline 0.004 -20"><span class='ocrx_word' id='word_1_757' title='bbox 2199 4891 2418 4957; x_wconf 88' lang='lat' dir='ltr'><strong>quando</strong></span> <span class='ocrx_word' id='word_1_758' title='bbox 2456 4893 2690 4943; x_wconf 89' lang='lat' dir='ltr'><strong>nondum</strong></span> <span class='ocrx_word' id='word_1_759' title='bbox 2718 4889 3062 4943; x_wconf 77' lang='lat' dir='ltr'><strong>Andronicus</strong></span> <span class='ocrx_word' id='word_1_760' title='bbox 3100 4888 3190 4952; x_wconf 69' lang='lat'><strong>24,</strong></span> <span class='ocrx_word' id='word_1_761' title='bbox 3249 4888 3479 4944; x_wconf 85' lang='lat' dir='ltr'><strong>Michael</strong></span> <span class='ocrx_word' id='word_1_762' title='bbox 3514 4890 3581 4944; x_wconf 78' lang='lat' dir='ltr'><strong>l3</strong></span> <span class='ocrx_word' id='word_1_763' title='bbox 3610 4891 3781 4959; x_wconf 85' lang='lat' dir='ltr'><strong>impe-</strong></span> 
     </span>
    </p>
   </div>
   <div class='ocr_carea' id='block_1_110' title="bbox 2201 4979 3778 5051">
    <p class='ocr_par' dir='ltr' id='par_1_110' title="bbox 2201 4979 3778 5051">
     <span class='ocr_line' id='line_1_110' title="bbox 2201 4979 3778 5051; baseline 0.003 -19"><span class='ocrx_word' id='word_1_764' title='bbox 2201 4979 2268 5034; x_wconf 91' lang='lat' dir='ltr'><strong>rii</strong></span> <span class='ocrx_word' id='word_1_765' title='bbox 2310 4995 2511 5033; x_wconf 89' lang='lat' dir='ltr'><strong>annum</strong></span> <span class='ocrx_word' id='word_1_766' title='bbox 2549 4981 2920 5049; x_wconf 75' lang='lat' dir='ltr'><strong>expleverant.</strong></span> <span class='ocrx_word' id='word_1_767' title='bbox 2962 4981 3114 5036; x_wconf 88' lang='lat' dir='ltr'><strong>Unde</strong></span> <span class='ocrx_word' id='word_1_768' title='bbox 3167 4981 3418 5034; x_wconf 90' lang='lat' dir='ltr'><strong>ultimum</strong></span> <span class='ocrx_word' id='word_1_769' title='bbox 3463 4981 3516 5034; x_wconf 92' lang='lat' dir='ltr'><strong>id</strong></span> <span class='ocrx_word' id='word_1_770' title='bbox 3565 4993 3778 5051; x_wconf 85' lang='lat' dir='ltr'><strong>tempus</strong></span> 
     </span>
    </p>
   </div>
   <div class='ocr_carea' id='block_1_111' title="bbox 2199 5071 3780 5142">
    <p class='ocr_par' dir='ltr' id='par_1_111' title="bbox 2199 5071 3780 5142">
     <span class='ocr_line' id='line_1_111' title="bbox 2199 5071 3780 5142; baseline 0.002 -17"><span class='ocrx_word' id='word_1_771' title='bbox 2199 5079 2284 5125; x_wconf 87' lang='lat' dir='ltr'><strong>est</strong></span> <span class='ocrx_word' id='word_1_772' title='bbox 2308 5088 2418 5141; x_wconf 89' lang='lat' dir='ltr'><strong>quo</strong></span> <span class='ocrx_word' id='word_1_773' title='bbox 2453 5085 2638 5126; x_wconf 88' lang='lat' dir='ltr'><strong>verum</strong></span> <span class='ocrx_word' id='word_1_774' title='bbox 2674 5088 2796 5128; x_wconf 90' lang='lat' dir='ltr'><strong>esse</strong></span> <span class='ocrx_word' id='word_1_775' title='bbox 2825 5077 2998 5142; x_wconf 89' lang='lat' dir='ltr'><strong>potuit</strong></span> <span class='ocrx_word' id='word_1_776' title='bbox 3031 5073 3159 5126; x_wconf 89' lang='lat' dir='ltr'><strong>illud</strong></span> <span class='ocrx_word' id='word_1_777' title='bbox 3194 5071 3340 5142; x_wconf 87' lang='lat' dir='ltr'><strong>quod</strong></span> <span class='ocrx_word' id='word_1_778' title='bbox 3369 5073 3560 5128; x_wconf 86' lang='lat' dir='ltr'><strong>scribit</strong></span> <span class='ocrx_word' id='word_1_779' title='bbox 3590 5087 3780 5128; x_wconf 71' lang='lat' dir='ltr'><strong>llOslt&#39;t‘</strong></span> 
     </span>
    </p>
   </div>
   <div class='ocr_carea' id='block_1_112' title="bbox 2199 5162 3774 5236">
    <p class='ocr_par' dir='ltr' id='par_1_112' title="bbox 2199 5162 3774 5236">
     <span class='ocr_line' id='line_1_112' title="bbox 2199 5162 3774 5236; baseline 0.002 -18"><span class='ocrx_word' id='word_1_780' title='bbox 2199 5165 2254 5218; x_wconf 92' lang='lat' dir='ltr'><strong>in</strong></span> <span class='ocrx_word' id='word_1_781' title='bbox 2290 5162 2466 5218; x_wconf 83' lang='lat' dir='ltr'><strong>fronte</strong></span> <span class='ocrx_word' id='word_1_782' title='bbox 2489 5164 2611 5218; x_wconf 91' lang='lat' dir='ltr'><strong>libri</strong></span> <span class='ocrx_word' id='word_1_783' title='bbox 2641 5167 2858 5234; x_wconf 84' lang='lat' dir='ltr'><strong>septimi</strong></span> <span class='ocrx_word' id='word_1_784' title='bbox 2885 5184 2898 5221; x_wconf 89' lang='lat'><strong>:</strong></span> <span class='ocrx_word' id='word_1_785' title='bbox 2929 5167 3190 5220; x_wconf 76' lang='lat' dir='ltr'><strong>Ambobus</strong></span> <span class='ocrx_word' id='word_1_786' title='bbox 3205 5168 3323 5236; x_wconf 82' lang='lat' dir='ltr'><strong>jam</strong></span> <span class='ocrx_word' id='word_1_787' title='bbox 3347 5169 3774 5235; x_wconf 77' lang='lat' dir='ltr'><strong>imperatoribus.</strong></span> 
     </span>
    </p>
   </div>
   <div class='ocr_carea' id='block_1_113' title="bbox 2197 5258 3772 5330">
    <p class='ocr_par' dir='ltr' id='par_1_113' title="bbox 2197 5258 3772 5330">
     <span class='ocr_line' id='line_1_113' title="bbox 2197 5258 3772 5330; baseline 0.001 -18"><span class='ocrx_word' id='word_1_788' title='bbox 2197 5258 2395 5312; x_wconf 79' lang='lat' dir='ltr'><strong>seniori</strong></span> <span class='ocrx_word' id='word_1_789' title='bbox 2421 5258 2635 5328; x_wconf 81' lang='lat' dir='ltr'><strong>quidem</strong></span> <span class='ocrx_word' id='word_1_790' title='bbox 2668 5259 2876 5312; x_wconf 84' lang='lat' dir='ltr'><strong>tertium</strong></span> <span class='ocrx_word' id='word_1_791' title='bbox 2931 5271 2980 5313; x_wconf 84' lang='lat' dir='ltr'><strong>et</strong></span> <span class='ocrx_word' id='word_1_792' title='bbox 3013 5259 3337 5324; x_wconf 81' lang='lat' dir='ltr'><strong>vicesimum,</strong></span> <span class='ocrx_word' id='word_1_793' title='bbox 3359 5261 3572 5330; x_wconf 85' lang='lat' dir='ltr'><strong>juniori</strong></span> <span class='ocrx_word' id='word_1_794' title='bbox 3597 5275 3772 5314; x_wconf 86' lang='lat' dir='ltr'><strong>autem</strong></span> 
     </span>
    </p>
   </div>
   <div class='ocr_carea' id='block_1_114' title="bbox 2197 5349 3778 5424">
    <p class='ocr_par' dir='ltr' id='par_1_114' title="bbox 2197 5349 3778 5424">
     <span class='ocr_line' id='line_1_114' title="bbox 2197 5349 3778 5424; baseline 0.003 -22"><span class='ocrx_word' id='word_1_795' title='bbox 2197 5349 2560 5404; x_wconf 69' lang='lat' dir='ltr'><strong>duodecimam:</strong></span> <span class='ocrx_word' id='word_1_796' title='bbox 2583 5367 2782 5405; x_wconf 85' lang='lat' dir='ltr'><strong>annum</strong></span> <span class='ocrx_word' id='word_1_797' title='bbox 2801 5352 3008 5419; x_wconf 85' lang='lat' dir='ltr'><strong>imperii</strong></span> <span class='ocrx_word' id='word_1_798' title='bbox 3035 5353 3199 5406; x_wconf 77' lang='lat' dir='ltr'><strong>evolvi</strong></span> <span class='ocrx_word' id='word_1_799' title='bbox 3223 5356 3466 5424; x_wconf 84' lang='lat' dir='ltr'><strong>contigit.</strong></span> <span class='ocrx_word' id='word_1_800' title='bbox 3499 5353 3778 5422; x_wconf 83' lang='lat' dir='ltr'><strong>Progressi</strong></span> 
     </span>
    </p>
   </div>
   <div class='ocr_carea' id='block_1_115' title="bbox 2196 5441 3776 5522">
    <p class='ocr_par' dir='ltr' id='par_1_115' title="bbox 2196 5441 3776 5522">
     <span class='ocr_line' id='line_1_115' title="bbox 2196 5441 3776 5522; baseline 0.002 -29"><span class='ocrx_word' id='word_1_801' title='bbox 2196 5441 2342 5494; x_wconf 89' lang='lat' dir='ltr'><strong>enim</strong></span> <span class='ocrx_word' id='word_1_802' title='bbox 2384 5447 2609 5508; x_wconf 88' lang='lat' dir='ltr'><strong>uterque</strong></span> <span class='ocrx_word' id='word_1_803' title='bbox 2658 5441 2886 5494; x_wconf 90' lang='lat' dir='ltr'><strong>multum</strong></span> <span class='ocrx_word' id='word_1_804' title='bbox 2943 5451 3103 5496; x_wconf 87' lang='lat' dir='ltr'><strong>erant</strong></span> <span class='ocrx_word' id='word_1_805' title='bbox 3141 5443 3192 5496; x_wconf 91' lang='lat' dir='ltr'><strong>in</strong></span> <span class='ocrx_word' id='word_1_806' title='bbox 3229 5459 3374 5498; x_wconf 89' lang='lat' dir='ltr'><strong>anno</strong></span> <span class='ocrx_word' id='word_1_807' title='bbox 3431 5443 3519 5496; x_wconf 91' lang='lat' dir='ltr'><strong>ille</strong></span> <span class='ocrx_word' id='word_1_808' title='bbox 3562 5444 3776 5522; x_wconf 68' lang='lat' dir='ltr'><strong>‘26,_bic</strong></span> 
     </span>
    </p>
   </div>
   <div class='ocr_carea' id='block_1_116' title="bbox 2197 5531 3774 5596">
    <p class='ocr_par' dir='ltr' id='par_1_116' title="bbox 2197 5531 3774 5596">
     <span class='ocr_line' id='line_1_116' title="bbox 2197 5531 3774 5596; baseline 0.002 -11"><span class='ocrx_word' id='word_1_809' title='bbox 2197 5531 2286 5596; x_wconf 76' lang='grc'><strong>15,</strong></span> <span class='ocrx_word' id='word_1_810' title='bbox 2349 5532 2443 5586; x_wconf 89' lang='lat' dir='ltr'><strong>sed</strong></span> <span class='ocrx_word' id='word_1_811' title='bbox 2497 5541 2690 5587; x_wconf 87' lang='lat' dir='ltr'><strong>neuter</strong></span> <span class='ocrx_word' id='word_1_812' title='bbox 2722 5533 2872 5587; x_wconf 91' lang='lat' dir='ltr'><strong>illum</strong></span> <span class='ocrx_word' id='word_1_813' title='bbox 2927 5535 3274 5590; x_wconf 84' lang='lat' dir='ltr'><strong>absolverat;</strong></span> <span class='ocrx_word' id='word_1_814' title='bbox 3313 5535 3573 5588; x_wconf 89' lang='lat' dir='ltr'><strong>desinunt</strong></span> <span class='ocrx_word' id='word_1_815' title='bbox 3626 5536 3774 5588; x_wconf 90' lang='lat' dir='ltr'><strong>enim</strong></span> 
     </span>
    </p>
   </div>
   <div class='ocr_carea' id='block_1_117' title="bbox 2197 5625 3776 5697">
    <p class='ocr_par' dir='ltr' id='par_1_117' title="bbox 2197 5625 3776 5697">
     <span class='ocr_line' id='line_1_117' title="bbox 2197 5625 3776 5697; baseline 0 -17"><span class='ocrx_word' id='word_1_816' title='bbox 2197 5625 2324 5680; x_wconf 83' lang='lat' dir='ltr'><strong>anni</strong></span> <span class='ocrx_word' id='word_1_817' title='bbox 2351 5641 2506 5694; x_wconf 73' lang='lat' dir='ltr'><strong>atque</strong></span> <span class='ocrx_word' id='word_1_818' title='bbox 2535 5626 2820 5681; x_wconf 86' lang='lat' dir='ltr'><strong>amborum</strong></span> <span class='ocrx_word' id='word_1_819' title='bbox 2863 5637 3111 5681; x_wconf 81' lang='lat' dir='ltr'><strong>extremo</strong></span> <span class='ocrx_word' id='word_1_820' title='bbox 3151 5627 3456 5680; x_wconf 84' lang='lat' dir='ltr'><strong>Decembri.</strong></span> <span class='ocrx_word' id='word_1_821' title='bbox 3483 5625 3624 5682; x_wconf 86' lang='lat' dir='ltr'><strong>Usus</strong></span> <span class='ocrx_word' id='word_1_822' title='bbox 3645 5644 3776 5697; x_wconf 79' lang='lat' dir='ltr'><strong>ergo</strong></span> 
     </span>
    </p>
   </div>
   <div class='ocr_carea' id='block_1_118' title="bbox 2200 5717 3772 5789">
    <p class='ocr_par' dir='ltr' id='par_1_118' title="bbox 2200 5717 3772 5789">
     <span class='ocr_line' id='line_1_118' title="bbox 2200 5717 3772 5789; baseline 0.001 -19"><span class='ocrx_word' id='word_1_823' title='bbox 2200 5717 2524 5786; x_wconf 83' lang='lat' dir='ltr'><strong>repetitione</strong></span> <span class='ocrx_word' id='word_1_824' title='bbox 2549 5719 2786 5788; x_wconf 89' lang='lat' dir='ltr'><strong>quadam</strong></span> <span class='ocrx_word' id='word_1_825' title='bbox 2820 5728 2906 5774; x_wconf 89' lang='lat' dir='ltr'><strong>est</strong></span> <span class='ocrx_word' id='word_1_826' title='bbox 2935 5722 3060 5772; x_wconf 91' lang='lat' dir='ltr'><strong>dum</strong></span> <span class='ocrx_word' id='word_1_827' title='bbox 3093 5717 3196 5772; x_wconf 86' lang='lat' dir='ltr'><strong>ista</strong></span> <span class='ocrx_word' id='word_1_828' title='bbox 3223 5719 3442 5786; x_wconf 88' lang='lat' dir='ltr'><strong>scripsit</strong></span> <span class='ocrx_word' id='word_1_829' title='bbox 3471 5719 3772 5789; x_wconf 83' lang='lat' dir='ltr'><strong>Pacbyme-</strong></span> 
     </span>
    </p>
   </div>
   <div class='ocr_carea' id='block_1_119' title="bbox 2198 5810 3820 5896">
    <p class='ocr_par' dir='ltr' id='par_1_119' title="bbox 2198 5810 3820 5896">
     <span class='ocr_line' id='line_1_119' title="bbox 2198 5810 3820 5896; baseline 0.004 -32"><span class='ocrx_word' id='word_1_830' title='bbox 2198 5826 2305 5875; x_wconf 86' lang='lat' dir='ltr'><strong>res,</strong></span> <span class='ocrx_word' id='word_1_831' title='bbox 2337 5821 2391 5866; x_wconf 86' lang='lat' dir='ltr'><strong>et</strong></span> <span class='ocrx_word' id='word_1_832' title='bbox 2421 5823 2566 5868; x_wconf 87' lang='lat' dir='ltr'><strong>retro</strong></span> <span class='ocrx_word' id='word_1_833' title='bbox 2603 5827 2667 5868; x_wconf 80' lang='lat' dir='ltr'><strong>ex</strong></span> <span class='ocrx_word' id='word_1_834' title='bbox 2702 5826 2766 5867; x_wconf 88' lang='lat' dir='ltr'><strong>ea</strong></span> <span class='ocrx_word' id='word_1_835' title='bbox 2816 5826 2978 5896; x_wconf 77' lang='lat' dir='ltr'><strong>quam</strong></span> <span class='ocrx_word' id='word_1_836' title='bbox 3023 5821 3138 5865; x_wconf 84' lang='lat' dir='ltr'><strong>tum</strong></span> <span class='ocrx_word' id='word_1_837' title='bbox 3189 5813 3459 5884; x_wconf 78' lang='lat' dir='ltr'><strong>tractabat</strong></span> <span class='ocrx_word' id='word_1_838' title='bbox 3505 5815 3772 5870; x_wconf 78' lang='lat' dir='ltr'><strong>memoria</strong></span> <span class='ocrx_word' id='word_1_839' title='bbox 3813 5810 3820 5818; x_wconf 85' lang='grc'><em>’</em></span> 
     </span>
    </p>
   </div>
  </div>
