4036 6380
395 325 506 390 859

1279 339 1344 400 Ρ.
1388 338 1693 401 POSSINI
1736 342 2394 407 OBSERVATIONUM
2453 348 2602 413 LIB.
2631 349 2752 410 III.

3536 354 3646 419 860

398 437 618 530 resiliit,
648 439 940 510 insignire,
968 451 1027 500 ut
1058 445 1268 516 opinor,
1300 448 1489 504 volens
1535 466 1721 505 verum
1757 453 1966 506 initium
2001 459 2045 514 Α
2074 456 2143 509 26
2178 457 2375 524 Martii,
2415 457 2708 513 Sabbatam
2771 456 2958 516 Lazari
3002 463 3306 530 pridianam
3356 465 3650 521 Dominicze

396 525 526 583 belli
561 533 878 597 Catelanici,
910 537 1054 606 quod
1094 538 1140 593 si
1194 539 1314 607 quis
1346 552 1494 595 recte
1522 544 1848 607 consideret,
1898 558 1965 596 ex

394 623 501 678 hoc
536 633 781 692 tempore
831 629 1117 695 processit.
1171 629 1283 685 Etsi
1315 633 1457 686 enim
1526 635 1702 688 adhuc
1731 636 1969 688 Rontze-

398 718 513 769 rius
547 726 600 771 et
633 717 752 786 ejus
784 720 984 776 milites
1023 735 1083 776 se
1127 724 1515 792 stipendiarios
1564 726 1775 793 imperii
1823 728 1967 780 fere-

398 806 547 872 hant,
577 815 755 861 tamen
803 825 911 863 non
953 812 1114 866 dubie
1159 823 1401 882 apertam
1435 814 1794 870 defectionem
1846 833 1967 871 mae

395 897 780 964 chinabantnr,
816 900 972 970 cujus
1010 914 1158 957 certa
1194 906 1386 959 indicia
1411 906 1733 969 Genuenses
1766 910 1968 977 degen-

399 999 481 1042 tes
508 989 710 1043 Galatae
760 993 1072 1049 Andronico
1109 996 1439 1060 detulerunt,
1498 1009 1557 1053 ut
1594 1010 1776 1053 noster
1803 1000 1969 1055 refert

394 1078 433 1135 l.
468 1096 537 1145 vr,
570 1097 619 1136 c.
656 1083 689 1136 6
720 1095 771 1137 et
803 1083 875 1152 9;
904 1096 958 1141 et
991 1103 1125 1144 sane
1155 1104 1243 1144 res
1280 1091 1331 1145 id
1386 1093 1514 1159 ipsa:
1564 1092 1962 1161 loquebantur:

396 1187 522 1226 nam
560 1189 625 1228 ex
664 1176 766 1231 hoc
807 1182 1109 1247 praesertim
1151 1191 1393 1251 tempore
1434 1184 1640 1238 rcllctaa
1684 1201 1966 1256 Oppugna-

397 1265 560 1318 ti0nis
600 1267 887 1338 Magnesiae
924 1273 1054 1326 nihil
1099 1276 1278 1330 minus
1321 1279 1677 1331 contumaciae
1709 1278 1760 1331 in
1795 1280 1967 1346 impe-

396 1364 653 1419 ratorem,
693 1360 911 1414 saevitia:
944 1362 994 1414 in
1028 1361 1302 1418 Romanos
1330 1380 1521 1421 omnes
1544 1365 1790 1421 Catelani
1818 1384 1968 1421 mon.

395 1455 640 1499 xtrarunt
672 1465 833 1517 quam
872 1452 974 1518 ipsi
1001 1453 1185 1508 hostes
1221 1456 1396 1510 Persae
1419 1458 1661 1515 barbari.
1690 1464 1763 1513 Ac
1795 1475 1968 1528 quan-

396 1551 557 1603 quam
601 1555 694 1593 eos
750 1543 1091 1597 Andronicus
1138 1555 1377 1602 tractare
1444 1548 1621 1604 adlmc
1676 1560 1731 1603 ut
1787 1552 1966 1605 socios

398 1632 670 1696 pergebat,
698 1632 893 1700 ignavo
918 1638 1245 1692 constrictus
1276 1650 1441 1704 metu,
1469 1653 1646 1696 tamen
1682 1642 1822 1697 alter
1848 1643 1966 1696 im-

395 1730 615 1787 perator
640 1721 865 1779 Michael
894 1742 991 1795 pro
1025 1731 1166 1782 veris
1199 1745 1314 1795 eos,
1347 1731 1539 1799 quales
1568 1742 1749 1796 erant,
1785 1735 1962 1800 palam

393 1811 582 1865 habuit
618 1815 889 1881 hostibus,
923 1819 1220 1889 adjungere
1282 1822 1402 1876 illos
1454 1822 1557 1877 sibi
1610 1824 1965 1893 renuensjn-

392 1902 554 1957 bente
593 1904 717 1958 licet
742 1917 918 1973 patre,
949 1924 1002 1964 et
1035 1910 1243 1967 irruere
1280 1912 1333 1965 in
1362 1913 1508 1982 ipsos
1532 1929 1589 1968 se
1626 1922 1866 1981 paratum
1890 1914 1966 1970 fc-

392 2007 539 2050 rens.
574 2005 630 2047 ut
659 1997 816 2051 docet
852 2011 1036 2054 noster
1059 2003 1094 2057 l.
1125 2018 1199 2065 vt,
1228 2018 1277 2057 c.
1305 2004 1340 2058 5
1367 2015 1421 2056 et
1450 2005 1533 2058 l3.

468 2078 601 2133 Vill.
638 2078 835 2136 Verum
871 2086 1088 2152 quidem
1136 2099 1222 2143 est
1263 2092 1377 2159 geri
1422 2103 1661 2161 coeptum
1692 2109 1720 2147 a
1752 2094 1965 2149 Catela-

392 2169 480 2223 nis
508 2171 559 2221 in
595 2171 867 2230 Romanos
893 2178 1065 2232 multo
1097 2183 1338 2248 apertius
1362 2195 1418 2237 et
1446 2181 1735 2241 immanius
1765 2186 1962 2242 bellum

394 2269 515 2327 post
548 2276 732 2317 necem
774 2266 1071 2335 Rontzerii,
1100 2286 1223 2337 qua:
1250 2289 1392 2328 anno
1420 2277 1667 2344 sequenti
1709 2278 1959 2348 contigit.

394 2352 502 2406 Sed
532 2353 659 2409 inde
694 2357 842 2412 aliud
876 2376 979 2414 non
1019 2365 1305 2419 coniicitur
1330 2367 1434 2421 nisi
1478 2369 1584 2424 duo
1615 2370 1770 2439 quasi
1797 2371 1965 2425 fuisse

392 2445 546 2499 initia
569 2446 861 2504 Catelanici
889 2450 1279 2522 belli,quorum
1304 2458 1530 2512 alterum
1551 2461 1615 2514 ad
1642 2472 1961 2517 autumnum

393 2540 521 2593 anni
562 2541 761 2596 Christi
798 2544 956 2608 1506,
1017 2547 1246 2601 alterum
1281 2552 1348 2603 ad
1384 2566 1480 2605 ver
1508 2552 1635 2606 anni
1675 2554 1813 2607 1507
1844 2570 1965 2623 per-

395 2629 553 2686 tinet.
607 2632 763 2690 Unde
803 2637 1077 2693 credimus
1123 2639 1509 2712 Pachymerem
1556 2659 1682 2698 cum
1724 2648 1965 2701 secundo

393 2723 682 2781 referendo
727 2742 788 2782 se
827 2731 1160 2800 accingeret,
1230 2734 1286 2788 in
1343 2736 1460 2804 ipso
1500 2734 1686 2791 limine
1727 2737 1852 2793 libri
1889 2752 1962 2793 νη

391 2816 592 2885 prioris
641 2821 904 2888 epocham
955 2838 1020 2877 ex
1074 2835 1223 2879 retro
1260 2826 1400 2881 actis
1454 2830 1773 2894 retraxisse,
1803 2830 1964 2899 eique

392 2910 671 2965 mentione
699 2914 1052 2981 conjunxisse
1084 2927 1279 2972 eventa
1333 2919 1525 2987 multa,
1555 2936 1789 2990 quorum
1818 2938 1965 2991 quae-

391 3001 514 3054 dam
556 3006 872 3069 posterioris
903 3016 1059 3058 erant
1089 3009 1388 3076 memoriae,
1422 3021 1477 3065 et
1512 3028 1616 3066 non
1652 3015 1718 3068 ad
1761 3028 1961 3067 annum

2074 548 2380 601 Palmarum
2401 551 2622 603 omnino
2656 551 2814 605 fuerit
2851 553 2917 606 18
2950 552 3126 607 Martii
3188 555 3325 610 dies.
3390 555 3651 625 Adiungit

2072 639 2156 692 his
2192 650 2377 693 noster
2400 641 2689 696 historicus
2725 657 2779 696 c.
2815 645 3086 712 sequenti,
3144 646 3245 698 hoc
3291 655 3375 699 est
3422 661 3454 712 p
3517 647 3647 710 524,

2073 745 2266 783 novum
2307 731 2572 786 Caesarem
2617 734 2966 788 Rontzerinm
3025 738 3328 790 adeundum
3396 739 3500 793 sibi
3550 754 3651 808 pu-

2071 836 2216 878 tasse
2264 824 2579 878 Michaelem
2636 828 2934 895 Angustum
2989 827 3294 894 J'miorem,
3354 831 3445 899 qui
3504 832 3649 899 apud

2071 916 2469 985 Adrianopolim
2505 928 2679 973 castra
2718 921 2984 987 habebat;
3021 924 3459 991 praemisisseqne
3522 927 3650 979 ideo

2071 1008 2137 1059 ad
2170 1006 2318 1060 illum
2348 1007 2584 1062 Asanem
2618 1011 2805 1064 uxoris
2832 1025 2947 1064 suat
3007 1011 3253 1076 fratrem,
3309 1028 3338 1065 a
3406 1029 3512 1081 quo
3569 1015 3650 1067 ait

2071 1099 2305 1166 primum
2337 1098 2597 1152 indicium
2641 1100 2854 1152 venturi
2905 1101 3185 1154 Rnntzerii
3248 1102 3514 1166 perlatum
3576 1105 3645 1154 ad

2070 1188 2383 1242 Michaelem
2401 1190 2486 1243 die
2501 1199 2686 1244 octava
2711 1208 2877 1259 supra
2900 1194 3199 1246 vicesimam
3214 1192 3643 1257 Boedromionis,

2070 1280 2479 1350 Βοηδρομιῶνος
2517 1281 2680 1351 ὀγδόη
2708 1283 2968 1352 λήγοντος
2994 1279 3451 1352 ἦν.ΒοθιΙιόηιίοη
3519 1285 3646 1337 alibi

2069 1388 2329 1442 sempera
2364 1374 2692 1447 Pacbymere
2717 1378 2917 1431 dicitur
2946 1379 3148 1446 Aprilis
3181 1381 3401 1433 mensis.
3448 1378 3555 1433 Sed
3579 1395 3650 1433 ne

2071 1466 2157 1519 hic
2206 1468 2277 1519 ita
2320 1467 2664 1537 intelligatur,
2696 1470 2946 1538 prohibet
3000 1471 3141 1538 quod
3203 1486 3257 1538 p.
3307 1470 3413 1524 525
3465 1470 3640 1529 addit,

2067 1566 2259 1625 quarta
2292 1558 2428 1627 feria
2472 1569 2592 1629 post
2644 1561 3026 1614 hebdomadam
3080 1561 3121 1614 Τ
3126 1565 3292 1617 homo:
3351 1563 3645 1615 admissum

2070 1650 2233 1718 fuisse
2267 1650 2332 1703 ab
2357 1650 2594 1721 Augusto
2629 1651 2914 1707 Cwsarem.
2951 1651 3260 1707 Hebdomas
3321 1654 3533 1706 l‘homae
3563 1661 3647 1707 est

2071 1743 2212 1809 apud
2241 1742 2456 1798 Graecos
2490 1745 2607 1798 sine
2631 1745 2738 1797 ullo
2767 1744 2936 1799 dubio
2964 1760 3027 1798 ea
3058 1760 3180 1812 quae
3212 1745 3459 1811 sequitur
3485 1752 3642 1797 octa-

2069 1848 2189 1886 vam
2214 1832 2433 1886 Paschte
2464 1848 2491 1885 a
2519 1834 2672 1889 nobis
2691 1834 2887 1887 dictam
2915 1835 2972 1887 in
2994 1834 3127 1887 albis
3143 1844 3234 1886 aut
3280 1835 3433 1902 quasi
3457 1834 3643 1896 modo;

2067 1923 2119 1977 in
2152 1939 2257 1992 qua
2288 1924 2559 1978 Dominica
2590 1933 2708 1992 post
2745 1923 2951 1979 Pascha
2984 1925 3153 1992 prima
3185 1924 3354 1979 Graeci
3414 1927 3541 1977 item
3584 1935 3646 1979 ut

2067 2015 2267 2081 Latini,
2299 2016 2625 2071 inter'sacra
2649 2015 2881 2069 recitant
2915 2030 3126 2069 comma
3162 2015 3432 2084 Evangelii
3475 2031 3543 2069 ex
3592 2030 3642 2070 c.

2066 2120 2137 2158 xx
2166 2103 2412 2169 Joannis,
2444 2119 2551 2174 quo
2583 2115 2835 2159 narratur
2858 2106 3127 2158 dubitatio
3172 2105 3394 2160 Thamar
3422 2115 3646 2174 apostoo

2067 2199 2102 2252 li
2121 2198 2190 2252 de
2212 2198 2613 2251 resurrectione
2631 2196 2834 2251 Christi
2864 2199 3113 2252 convicta
3141 2207 3436 2267 cnrataque
3494 2208 3643 2254 tactu

2067 2303 2345 2342 sacrorum
2376 2285 2495 2355 ejus
2521 2290 2827 2352 vulnerum,
2882 2287 3022 2340 unde
3059 2303 3253 2345 nomen
3289 2288 3647 2341 hebdomadis

2067 2377 2290 2433 Thema:
2317 2379 2585 2445 contiguis
2615 2378 2700 2430 isti
2736 2377 3027 2431 Doniinicaa
3079 2378 3270 2431 diebus
3295 2390 3395 2430 usu
3424 2376 3646 2431 Graeco-

2068 2485 2188 2524 rum
2211 2470 2461 2524 adhaesit.
2491 2468 2837 2522 Manifestum
2888 2482 3052 2536 porro
3104 2478 3186 2523 est
3245 2466 3644 2522 hebdomadam

2068 2561 2292 2617 Thomte
2325 2561 2419 2614 illo
2448 2575 2613 2622 anno,
2642 2561 2756 2628 qui,
2787 2570 2845 2612 nt
2882 2558 3242 2621 ostendimus,
3293 2557 3507 2611 Pascha
3572 2557 3646 2612 26

2067 2651 2249 2706 Martii
2285 2649 2491 2712 habuit,
2520 2649 2673 2717 sequi
2702 2665 2806 2701 non
2852 2650 3097 2717 patuisse
3144 2648 3284 2700 diem
3322 2648 3392 2701 28
3421 2647 3644 2713 Aprilis.

2069 2742 2175 2796 Sed
2207 2756 2380 2809 neque
2408 2740 2656 2809 sequenti
2687 2756 2829 2793 anno
2885 2740 3083 2793 Christi
3126 2738 3305 2792 l508:
3374 2752 3496 2790 nam
3543 2737 3647 2792 hoc

2066 2835 2275 2891 Pascha
2305 2835 2361 2888 in
2408 2832 2613 2903 Aprilis
2664 2833 2730 2886 14
2786 2831 2993 2886 incidit.
3062 2831 3228 2899 Igitur
3278 2829 3425 2883 aliud
3481 2843 3644 2896 quam

2067 2928 2308 2998 Aprilem
2338 2926 2557 2980 nomine
2591 2924 2998 2993 Boedromionis
3055 2923 3157 2976 hoc
3213 2922 3332 2975 loco
3380 2919 3649 2988 expressit

2067 3018 2453 3088 Pachymeres.
2486 3015 2600 3070 Nec
2623 3022 2923 3069 estnovum
2957 3013 3104 3066 ilium
3133 3012 3346 3065 variare
3370 3012 3422 3064 in
3457 3008 3645 3076 appel-

389 3093 689 3149 Andronici
718 3098 795 3163 ‘23
848 3099 1147 3167 expletum,
1197 3102 1268 3154 24
1316 3115 1649 3169 currentem,
1688 3106 1965 3160 Michaelis

2068 3107 2666 3175 lationibusmensium,
2699 3113 2882 3173 utpote
2913 3118 3072 3173 quem
3098 3114 3250 3157 certo
3272 3101 3649 3170 deprehende-

393 3185 463 3239 12
495 3188 795 3255 expletura,
830 3189 898 3243 15
944 3201 1277 3257 currentem,
1307 3193 1396 3262 qui
1431 3193 1532 3248 fuit
1561 3195 1762 3249 Christi
1799 3196 1962 3264 1506,

386 3279 758 3350 pertinebant,
786 3281 880 3335 sed
915 3284 980 3336 ad
1015 3292 1338 3353 sequentem
1374 3285 1506 3340 Chr.
1539 3288 1696 3352 1507,
1725 3304 1831 3357 quo
1853 3290 1965 3343 An-
2002 3276 2007 3281 ’

389 3371 649 3427 dronicus
674 3372 765 3438 25,
817 3374 1047 3430 Michael
1099 3376 1169 3430 ﬂ
1208 3377 1496 3434 iniverant.
1528 3379 1653 3437 Haec
1684 3381 1849 3449 igitur
1878 3395 1967 3435 so-

389 3464 528 3519 lutio
564 3477 650 3520 est
676 3466 1002 3535 objectionis
1033 3471 1287 3536 superius
1321 3487 1375 3524 n.
1409 3472 1443 3525 5
1478 3474 1789 3542 prepositze.
1823 3472 1967 3527 Con-

381 3559 525 3610 cedo
580 3569 916 3623 secuturum,
990 3565 1132 3628 quod
1188 3562 1501 3630 opponitur,
1562 3564 1963 3618 incommodum

389 3647 752 3704 submotionis
791 3650 1058 3706 adventus
1091 3652 1144 3704 in
1183 3655 1370 3707 urbem
1404 3651 1685 3708 Bontzerii
1720 3664 1865 3709 retro
1906 3655 1963 3708 in

388 3737 744 3792 indictionem
789 3742 1041 3809 primam,
1083 3742 1129 3796 si
1171 3741 1456 3797 Michaelis
1489 3744 1721 3813 Augusti
1768 3744 1966 3813 duplex

381 3844 418 3882 a
453 3831 731 3886 Catelanis
781 3832 965 3886 clades
1008 3842 1063 3886 et
1102 3834 1225 3888 inde
1286 3845 1472 3889 secuta
1515 3836 1631 3903 ejus
1667 3837 1806 3890 intra
1869 3836 1963 3892 Di-

387 3922 754 3992 dymotichum
798 3925 1027 3979 inclusio
1062 3925 1116 3978 in
1149 3940 1346 3981 annum
1373 3928 1668 3983 Andronici
1701 3930 1867 4001 803
1894 3932 1964 3985 25

387 4015 686 4083 expletum,
733 4016 804 4070 24
836 4017 1179 4080 inchoatum,
1232 4018 1510 4074 Michaelis
1551 4022 1618 4075 l2
1662 4025 1959 4088 evolutum,

388 4107 457 4160 15
484 4106 679 4161 initum
714 4109 1054 4168 conveniret.
1085 4109 1233 4179 Nego
1253 4123 1431 4166 autem
1455 4114 1508 4167 id
1528 4115 1602 4168 ita
1625 4129 1766 4178 esse,
1793 4128 1842 4169 et
1877 4119 1965 4171 aio

383 4201 799 4254 commemorari
852 4211 1067 4271 tempus
1115 4202 1247 4255 illud
1277 4219 1343 4257 ex
1383 4212 1657 4259 transacta
1694 4208 1962 4261 memoria

383 4305 482 4358 per
512 4292 998 4359 anacephalaeosim
1031 4309 1047 4358 ;
1081 4291 1146 4363 [P
1174 4292 1305 4365 582]
1335 4302 1390 4348 et
1414 4309 1479 4348 ex
1509 4294 1694 4349 multis
1725 4298 1961 4360 eventis,

376 4397 505 4451 quae
542 4382 703 4435 simul
742 4383 814 4437 ibi
870 4383 1592 4454 conglobantur,‘pleraqne
1650 4401 1757 4440 non
1816 4388 1959 4441 illius

2071 3201 2244 3255 rimus
2270 3196 2614 3262 Januarium,
2646 3211 2806 3264 quem
2836 3194 2975 3249 solet
3010 3210 3205 3249 vocare
3236 3192 3645 3246 Hecatombwo-

2067 3304 2207 3354 nem,
2237 3288 2529 3358 aliquando
2556 3285 2859 3340 Lenwonem
2894 3283 3216 3355 appellasse,
3247 3294 3298 3335 et
3318 3283 3643 3349 Augustum,

2068 3383 2153 3439 cui
2176 3383 2460 3436 consuevit
2496 3378 2814 3435 Posideonis
2845 3376 3332 3431 nomenclationem
3365 3374 3641 3442 adaptare.

2067 3472 2234 3529 semel
2253 3473 2564 3542 designasse
2598 3469 2859 3525 vocabulo
2882 3466 3349 3529 Mremaclerionis,
3383 3480 3488 3533 quo
3514 3463 3643 3517 alibi

2068 3570 2154 3617 est
2211 3561 2405 3617 solitus
2446 3559 2669 3615 Junium
2720 3560 3045 3630 exprimere.
3108 3555 3295 3625 Itaque
3339 3553 3645 3609 necessario

2069 3653 2475 3724 intelligendum
2503 3653 2937 3707 Boedromionem
2969 3664 3114 3703 nunc
3150 3646 3465 3716 Pachymeri
3500 3643 3647 3698 Mar-

2071 3747 2201 3801 tium
2225 3744 2353 3800 dici.
2383 3743 2552 3812 Cujus
2582 3744 2669 3798 die
2686 3743 2777 3805 28,
2807 3743 2962 3796 tertia
2984 3751 3105 3810 post
3123 3739 3331 3793 Pascha
3357 3736 3510 3803 feria,
3532 3750 3649 3789 mo-

2068 3838 2214 3892 nitus
2241 3836 2308 3890 do
2361 3834 2643 3890 Rontzerii
2679 3835 2914 3889 adventu
2960 3831 3219 3895 Michael,
3255 3830 3344 3885 ubi
3390 3843 3514 3885 eum
3586 3843 3645 3882 se

2067 3928 2330 3983 benevole
2355 3935 2706 3995 excepturum
2728 3926 3082 3987 declarasset,
3110 3921 3277 3994 8,οᾷ
3293 3921 3438 3975 dedit
3469 3936 3526 3976 se
3556 3921 3645 3976 hic

2069 4019 2122 4073 in
2157 4019 2322 4081 viam,
2344 4026 2398 4071 et
2425 4032 2570 4071 nono
2595 4016 2662 4069 ab
2693 4016 2793 4069 hoc
2823 4016 2932 4076 die,
2969 4014 3103 4067 feria
3131 4023 3325 4082 quarta
3356 4013 3645 4066 hebdoma-

2066 4109 2148 4163 das
2178 4109 2421 4171 Thema),
2457 4109 2642 4175 prima:
2680 4116 2802 4175 post
2842 4105 3184 4163 Paschalem,
3222 4104 3493 4157 admissus
3535 4112 3641 4156 est.

2066 4196 2193 4252 Fuit
2221 4215 2282 4253 ea
2312 4197 2430 4253 dies
2462 4198 2664 4266 Aprilis
2698 4198 2909 4266 quinta.
2940 4195 3101 4250 Sexta
3132 4193 3437 4262 insequenti
3463 4193 3645 4248 Caesar

2069 4288 2398 4344 Rontzerins
2435 4304 2540 4342 una
2596 4304 2719 4341 cum
2771 4287 3019 4356 Augule
3059 4285 3321 4340 Michaele
3363 4285 3416 4338 in
3453 4287 3642 4337 urbem

2068 4381 2475 4449 Adriauopolim
2502 4380 2728 4436 solemni
2752 4395 2982 4434 occursu
3002 4378 3354 4450 invehuntur.
3381 4376 3485 4461 Sed
3515 4393 3647 4445 pau-

376 4432 506 4527 esse
528 4432 678 4537 anni,
702 4432 1768 4543 dictamesI,'ChrisI-i
1984 4432 2039 4491 D
2145 4432 2264 4540 post
2467 4432 2653 4527 Caesar
2680 4432 2758 4523 fin
2798 4432 3009 4524 limine
3075 4443 3312 4524 cubiculi
3367 4432 3642 4537 Augustae.

376 4565 477 4618 sed
509 4566 791 4633 sequentis
819 4565 977 4620 1507.
1019 4566 1173 4621 Nunc
1203 4576 1419 4621 tetetera
1470 4580 1591 4636 quae
1631 4567 1697 4621 ad
1723 4566 1959 4622 Rontze—

376 4654 523 4708 Irium
555 4655 834 4724 pertinent
867 4657 1177 4712 reddamus.

452 4744 545 4799 ιχ.
579 4745 724 4801 Satis
745 4747 976 4817 diligens
1007 4760 1190 4803 noster
1213 4750 1319 4804 fuit
1351 4749 1404 4803 in
1436 4749 1599 4819 hujus
1624 4760 1679 4805 et
1732 4765 1959 4819 promo-

376 4841 530 4895 tione
566 4840 621 4894 in
651 4840 954 4896 Caesaream
982 4842 1300 4911 dignitatem
1333 4850 1387 4896 et
1427 4844 1573 4897 caede
1639 4858 1743 4896 non
1792 4842 1963 4896 multo

376 4941 502 5001 post
530 4944 715 4986 secuta
748 4932 1069 4997 referendis,
1100 4933 1373 5003 adjunctis
1400 4934 1560 4985 etiam
1588 4934 1726 4987 notis
1761 4944 1967 5001 tempo-

380 5024 483 5087 ris,
520 5024 616 5077 sed
638 5039 865 5092 quarum
895 5026 1076 5095 aliqua
1111 5028 1447 5081 SllllObSClll'a
1470 5036 1575 5081 est.
1640 5026 1831 5081 Tradit
1860 5026 1966 5080 Pa-

374 5113 664 5183 cbymeres
710 5130 763 5183 p.
795 5113 918 5178 522,
944 5114 1295 5170 Rontzerium
1325 5118 1391 5171 ad
1425 5133 1484 5171 se
1515 5119 1678 5172 missa
1731 5120 1800 5173 ab
1853 5120 1964 5173 An-

383 5205 609 5259 drouieo
640 5205 900 5263 Caesareae
932 5208 1210 5278 dignitatis
1239 5208 1470 5289 insignia
1511 5210 1748 5264 induisse
1774 5226 1838 5263 ac
1863 5211 1965 5264 rite

378 5297 743 5353 acclamatum
768 5299 1038 5354 Caesarem
1063 5299 1238 5353 fuisse
1258 5302 1342 5353 die
1365 5318 1472 5371 qua
1504 5302 1702 5355 Βαίανὶ
1732 5317 1966 5355 resurre-

372 5388 486 5441 ctio
516 5389 893 5443 celebrabatur.
931 5388 1029 5443 Hic
1052 5389 1169 5444 dies
1202 5392 1252 5443 iu
1283 5390 1619 5445 Kalendario
1646 5390 1961 5445 Graecorum

384 5490 469 5534 est
486 5478 780 5535 Sabbatum
815 5482 1065 5550 contigue
1117 5484 1422 5550 praecedens
1449 5480 1784 5537 Dominicam
1843 5482 1966 5536 Pal-

389 5588 622 5627 marum.
657 5573 824 5628 Porro
855 5588 977 5627 cum
1008 5572 1099 5627 illo
1121 5588 1263 5627 anno
1285 5573 1417 5629 Chr.
1451 5573 1589 5628 1507
1615 5572 1828 5644 cyclum
1854 5587 1969 5643 .so-

384 5664 458 5718 iis
487 5663 579 5726 28.
610 5665 748 5718 luna:
774 5665 842 5719 l5
870 5674 1210 5731 numerante,
1238 5665 1519 5721 Doniinica
1554 5665 1969 5720 resurrectionis

281 5740 288 5748 ’
380 5755 635 5826 septiduo
689 5758 864 5814 serior
907 5755 1185 5812 Dominica
1218 5738 1560 5814 .Palmarum
1612 5754 1861 5813 inciderit
1908 5756 1969 5811 in

2063 4578 2222 4628 quam
2247 4561 2543 4617 salutatum
2574 4561 2708 4626 ibat,
2745 4561 2814 4615 ab
2839 4560 3026 4614 Alanis
3060 4574 3247 4614 necem
3311 4559 3405 4613 lilii
3448 4558 3644 4628 Georgi

2062 4651 2297 4722 Cyzieiva
2319 4650 2595 4705 Catelanis
2617 4661 2881 4719 patratam
2918 4649 3304 4703 ulciscentibus
3328 4647 3648 4703 interfectus

2063 4750 2352 4810 est,'prout
2381 4740 2418 4794 l.
2450 4739 2504 4806 6,
2537 4756 2587 4793 (ι.
2620 4740 2713 4802 24,
2743 4739 3058 4793 distinetius
3092 4749 3369 4790 narratur.

2526 4851 2614 4923 [Ρ.
2643 4852 2770 4921 585]
2800 4848 3032 4906 CAPUT
3077 4847 3191 4905 vn.

2067 4966 2198 5031 Qua:
2215 4966 2561 5037 Pacltymeres
2603 4966 2658 5037 in
2711 4972 2935 5037 utraque
2998 4971 3165 5037 parte_
3203 4960 3648 5037 lrujiuliiuoj-jm

2137 5028 2571 5105 sparsim'tradit
2609 5035 2673 5087 de
2699 5028 2858 5105 rebus
2912 5030 3318 5105 «principibus
3379 5028 3650 5105 Magulio-

2139 5102 2277 5169 rum,
2306 5123 2371 5160 ea:
2404 5104 2753 5158 monumentis
2820 5103 3064 5155 Arabicis
3112 5102 3413 5167 illustrant,
3464 5104 3649 5153 ordine

2140 5187 2429 5246 temporum
2459 5177 2788 5243 digeruntur.

2141 5296 2187 5347 ι.
2220 5291 2578 5362 Muguliorum
2613 5290 2820 5356 imperii
2853 5289 2960 5342 late
2988 5304 3085 5357 per
3123 5287 3307 5342 Asiam
3374 5285 3442 5340 ab
3504 5298 3648 5337 anno

2068 5386 2272 5443 Christi
2314 5385 2534 5439 circiter
2561 5382 2938 5436 ducentesimo
2965 5396 3128 5450 supra
3180 5378 3523 5433 millesimum
3580 5376 3650 5429 ad

2071 5478 2421 5534 millesimum
2477 5474 2916 5529 trecentesimum
2967 5472 3443 5542 quadragesimum
3492 5467 3650 5530 clari,

2072 5572 2168 5628 sed
2194 5567 2339 5641 quod
2362 5568 2485 5637 jure
2514 5566 2753 5620 nonnulli
2785 5566 2957 5635 questi
2990 5574 3113 5619 sunt
3137 5604 3152 5630 ,
3181 5562 3384 5618 Gratcis
3409 5559 3653 5614 Latinis-

2072 5680 2179 5736 que
2198 5663 2558 5734 scriptoribus
2581 5661 2742 5715 nimis
2773 5658 3141 5730 perfunctorie
3200 5655 3510 5718 memorati,
3543 5665 3651 5705 non

2075 5755 2233 5812 faciic
2265 5754 2554 5825 quisquam
2595 5752 2733 5808 alios
2788 5752 2979 5806 horum
3041 5759 3343 5818 temporum
3381 5755 3504 5801 nuta
3556 5756 3653 5811 per
