4036 6388
422 354 520 423 861

1735 363 1831 422 Cll
1843 362 2199 425 I‘tONOLOG
2212 364 2379 427 ICUS

3594 362 3701 429 se

423 477 701 547 Eumpam
755 477 938 546 lingua
995 492 1129 534 usus
1177 479 1471 535 historicus
1516 479 1850 534 crebriorem
1897 480 2016 535 dis-
2042 490 2088 542 Α
2120 497 2241 537 eum
2273 497 2339 536 ex
2380 482 2538 538 fabro
2564 482 2795 538 ferrario
2820 484 2888 538 ad
2922 482 3209 552 imperium
3229 491 3499 538 evectum.
3558 481 3698 535 Tum

429 570 845 638 tiuctioremque
914 570 1028 625 suis
1101 572 1319 642 scriptis
1394 573 1725 627 mentionem
1782 574 2013 629 inseruit

429 677 591 732 quam
620 659 984 732 Pachymeres
1016 662 1105 717 hic
1136 674 1341 719 noster.
1374 662 1474 718 Cui
1537 675 1826 733 propterea
1890 666 2016 720 illu-

430 755 658 808 atraudo
691 755 958 807 addictam
987 754 1186 809 dudum
1211 756 1419 810 habens
1437 771 1681 823 operam,
1701 756 1885 827 fugere
1907 760 2017 814 sal-

429 862 496 900 vo
536 845 713 900 ofﬁcio
760 863 866 901 non
914 847 1088 916 potui,
1144 849 1274 918 quin
1321 850 1529 920 illigare
1590 861 1739 906 certa
1803 853 2018 909 ratione

430 937 810 1007 chronologica
837 953 1067 993 conarer
1090 954 1210 1006 quae
1240 939 1391 993 varie
1421 941 1510 995 ille
1534 955 1599 994 ac
1631 940 1857 995 confuse
1878 940 2017 994 indi-

431 1043 562 1083 cans
580 1032 777 1095 passim
801 1029 868 1084 de
902 1029 1154 1099 Muguliis
1193 1029 1425 1098 plurima
1465 1032 1747 1099 congerit;
1777 1032 1842 1086 ad
1871 1035 2015 1100 quod

434 1138 626 1191 parum
662 1124 846 1192 utique
868 1124 1093 1177 subsidii
1127 1123 1182 1177 in
1216 1122 1419 1179 Graecis
1451 1122 1769 1190 Latinisque
1797 1125 2020 1179 histori-

435 1215 515 1271 cis
550 1218 847 1279 reperiens,
884 1215 1176 1269 consulere
1233 1230 1355 1268 sum
1405 1214 1615 1269 Arabas
1652 1226 1894 1271 coactus.
1936 1216 2016 1271 Ex

443 1317 528 1374 his
587 1315 885 1383 Gregorius
942 1311 1404 1381 Abulpharagius,
1439 1311 1787 1365 Christianus
1828 1324 2021 1367 auctor

435 1408 676 1466 accurati
702 1406 983 1469 Chronici,
1019 1420 1192 1471 nuper
1228 1419 1292 1458 ex
1325 1404 1561 1458 Arabico
1590 1404 1886 1458 Latinitate
1918 1405 2020 1459 do-

436 1502 548 1557 nati
582 1509 745 1566 atque
766 1509 996 1564 utroque
1018 1495 1346 1563 conjunctim
1374 1496 1632 1550 idiomate
1656 1495 1881 1551 Londini
1906 1497 2023 1550 edi-

441 1592 477 1646 ti
532 1590 602 1643 ab
632 1586 882 1642 Eduardo
929 1586 1222 1652 Pocockio,
1279 1587 1332 1640 in
1366 1587 1469 1641 hoc
1504 1587 1573 1642 de
1638 1602 1694 1642 re
1760 1589 2020 1643 litteraria

437 1681 641 1749 optime
670 1678 890 1743 merito,
917 1693 1026 1741 me,
1055 1678 1198 1745 quod
1222 1687 1378 1748 grate
1404 1677 1597 1742 fateor,
1615 1677 1758 1745 jutit
1790 1678 2020 1747 insigni-

438 1780 538 1828 ter.
571 1769 797 1825 Vixitet
825 1770 1047 1838 scripsit
1074 1771 1118 1825 is
1142 1771 1606 1840 chronographus,
1638 1780 1794 1839 prout
1814 1770 2023 1841 colligi.

2116 588 2307 627 eorum
2330 572 2600 638 instituta,
2634 591 2814 630 mores
2830 585 2885 629 et
2916 584 3034 629 acta
3064 575 3179 630 fuse
3205 584 3489 637 memorat,
3520 573 3703 626 sedem

2116 666 2281 721 etiam
2312 668 2434 721 novi
2463 667 2621 735 hujus
2642 667 2854 735 imperii
2887 670 3154 730 iudicans,
3212 666 3407 720 Portas
3455 663 3702 732 Caspias,

2116 763 2208 832 qui
2246 762 2396 817 locus
2429 763 2483 816 in
2528 762 2713 816 Mediae
2734 779 2795 817 ac
2833 763 3068 816 Parthiae
3120 759 3369 814 confiniis
3421 760 3559 810 situs
3598 768 3701 810 est.

2189 855 2280 909 ΙΙΙ.
2313 857 2497 925 Pergit
2522 856 2987 925 Abttlpharagius,
3028 854 3277 908 referens
3317 866 3459 904 anno
3500 850 3708 914 Ilegit're

2120 949 2227 1004 600
2252 961 2466 1019 captam
2504 965 2530 1002 a
2561 949 2775 1003 Latinis
2808 946 3369 1015 Constantinopolim.
3407 945 3502 998 Est
3535 958 3708 995 anuus

2124 1043 2336 1113 lli-giras
2371 1042 2476 1096 (300
2510 1044 2560 1096 in
2584 1059 2692 1097 aera
2728 1042 2931 1096 Christi
2960 1042 3121 1104 H.025,
3155 1043 3249 1092 sed
3281 1056 3309 1092 a
3339 1042 3424 1091 die
3447 1039 3707 1090 duntaxat

2121 1135 2333 1189 decima
2378 1139 2587 1189 mensis
2639 1135 2981 1205 Septembris
3011 1134 3239 1195 Juliani,
3277 1149 3437 1199 quam
3477 1132 3529 1183 in
3567 1133 3705 1182 diem

2122 1228 2410 1280 ncomenia
2447 1225 2764 1279 Muharram
2800 1225 2961 1293 primi
2993 1226 3231 1277 Arabum
3264 1225 3471 1276 inclusis
3497 1222 3706 1275 iuettiit.

2120 1319 2256 1373 Cum
2293 1328 2474 1370 autem
2508 1334 2608 1371 nos
2655 1316 3220 1371 demonstraverimus
3255 1328 3401 1367 tomo
3431 1313 3712 1381 superiore

2124 1420 2447 1478 occupatam
2502 1426 2529 1461 a
2579 1409 2786 1464 Latinis
2834 1406 3368 1475 Constantinopolim
3422 1404 3593 1456 fuisse
3624 1403 3711 1454 die

2126 1501 2194 1555 12
2227 1500 2431 1569 Aprilis
2464 1501 2594 1553 anni
2645 1500 2849 1553 Christi
2897 1499 3060 1560 1205,
3093 1514 3212 1550 eam
3245 1498 3512 1566 epocham
3563 1505 3710 1547 retro

2127 1596 2344 1647 trahere
2398 1593 2608 1661 aliquot
2653 1593 2929 1646 mensibus
2964 1592 3232 1661 cogimur,
3278 1599 3335 1644 et
3392 1591 3458 1642 ad
3494 1586 3715 1656 quadri-

2126 1700 2327 1742 meStre
2371 1687 2623 1740 ultimum
2686 1686 2815 1739 anni
2872 1684 3085 1755 Hegira:
3138 1682 3242 1737 599
3294 1681 3546 1737 conferre
3578 1719 3593 1743 ,
3657 1687 3715 1731 ut

2128 1793 2338 1849 magnae.
2392 1778 2496 1831 illa:
2526 1780 2915 1832 conversiones
2951 1777 3092 1839 duae,
3152 1775 3366 1841 imperii
3411 1788 3441 1826 a
3480 1771 3713 1825 Praeste-

439 1863 770 1921 turevariis
821 1863 938 1931 ejus
976 1864 1157 1932 operis
1200 1861 1361 1928 locis,
1404 1862 1703 1931 incipiente
1754 1863 2024 1917 dominari
2061 1863 2103 1921 Β
2129 1868 2488 1938 jannensibus
2550 1868 2616 1921 ad
2674 1867 2941 1937 Mugttlios
2994 1865 3245 1919 translati
3283 1874 3338 1919 et
3395 1863 3628 1916 redacta:
3657 1862 3710 1915 in

438 1956 905 2024 Constantinopoli
933 1956 1098 2010 domo
1124 1953 1453 2025 Palmologa,
1517 1956 1618 2011 sub
1670 1956 1861 2024 primis
1909 1955 2028 2024 ejus

439 2049 675 2105 nominis
704 2048 1122 2118 imperatoribus
1148 2046 1409 2103 Michaele
1431 2057 1485 2104 et
1512 2048 1820 2104 Andronico
1850 2047 2029 2103 senio-

444 2156 525 2208 re,
566 2156 795 2211 quorum
822 2151 943 2197 acta
973 2142 1201 2196 duorum
1229 2140 1671 2212 Pachymerianaa
1721 2137 1880 2207 hujus
1938 2138 2028 2193 hia

447 2236 634 2291 storize
683 2234 1024 2289 voluminum
1091 2228 1474 2303 argumentum
1554 2241 1681 2287 sunt
1737 2250 1751 2286 :
1808 2229 2029 2300 scripsit

448 2335 630 2382 autem
692 2334 748 2381 et
789 2325 856 2380 ad
903 2339 1084 2380 rerum
1138 2339 1266 2379 vere
1317 2332 1594 2394 gestarum
1641 2331 1892 2378 exactam
1945 2321 2029 2375 in-

446 2420 775 2478 dicationem
801 2429 855 2474 et
882 2420 949 2475 ad
980 2431 1283 2488 temporum
1313 2417 1735 2481 ordinationem,
1758 2423 2027 2485 quantum

444 2529 514 2572 ex
549 2513 839 2570 collatione
859 2526 982 2565 cum
1009 2510 1233 2580 optimis
1259 2510 1568 2579 quibusque
1618 2509 1904 2576 explorare
1929 2521 2029 2577 po-

446 2608 551 2674 tui,
592 2606 925 2661 fidelissime.
963 2603 1144 2670 Quare
1201 2601 1552 2657 accuratione
1596 2614 1761 2670 quam
1809 2606 2029 2668 praestat

448 2678 503 2756 in
531 2701 598 2755 iis
623 2714 747 2767 qua:
782 2704 1007 2766 possunt
1042 2694 1223 2748 alieno
1280 2691 1592 2747 testimonio
1651 2689 1892 2759 coargui,
1941 2686 2029 2741 di-

450 2808 591 2863 gtms
618 2793 829 2846 videtur
845 2790 931 2844 cui
954 2787 1088 2843 ﬁdes
1113 2800 1306 2843 secure
1349 2785 1621 2841 habeatur
1659 2784 1714 2838 iu
1766 2783 1855 2837 his
1906 2795 2029 2850 quae

447 2887 679 2942 afﬁrmat
702 2884 877 2940 solus.

518 2977 583 3033 ll.
614 2975 711 3031 Hic
737 2977 903 3045 igitur
933 2975 1014 3029 sui
1037 2971 1293 3028 Chronici
1322 2970 1376 3025 in
1397 2968 1631 3024 Arabico
1652 2967 1871 3035 quidem
1893 2981 2023 3022 con-

451 3080 600 3127 testu
661 3066 959 3137 p.427,in
1018 3064 1211 3119 Latina
1271 3077 1403 3117 vero
1461 3060 1910 3130 interpretatione
1976 3070 2027 3125 p.

448 3164 573 3227 280,
605 3163 683 3216 ait
720 3177 860 3216 anno
886 3158 1099 3225 Hegirte
1126 3155 1254 3221 599,
1273 3155 1429 3226 cujus
1482 3153 1695 3208 initium
1753 3150 1858 3205 fuit
1913 3150 2029 3204 dics

448 3257 520 3310 20
554 3252 891 3321 Septembris
914 3252 967 3305 in
999 3264 1143 3304 anno
1176 3264 1297 3304 aera
1317 3256 1521 3302 nostrae
1545 3244 1744 3300 Christi
1789 3241 2031 3312 vulgaris

455 3346 613 3409 120i,
642 3345 875 3411 creuisse
907 3342 1200 3410 imperium
1234 3339 1655 3409 Moguleuslum,
1679 3336 1911 3391 desiisse
1931 3348 2032 3387 au-

454 3446 562 3490 tem
602 3434 887 3502 imperium
909 3429 1304 3500 Praestejannis
1318 3430 1434 3484 sive
1457 3426 1758 3499 presbyteri
1782 3423 2031 3479 Joannis.

449 3525 685 3584 Joannes
715 3536 838 3582 erat
873 3536 1164 3579 commune
1199 3537 1400 3577 nomen
1430 3522 1733 3591 principum
1765 3518 2034 3573 latissime

451 3620 718 3691 quondam
733 3617 1127 3673 dominantium
1144 3612 1309 3684 805
1321 3628 1480 3680 super
1494 3610 1725 3683 Scythas
1737 3611 2033 3672 Asiaticos,

452 3711 522 3768 ad
550 3720 785 3766 montem
820 3709 1049 3770 Imaum,
1079 3708 1216 3761 adeo
1240 3716 1298 3758 ut
1331 3704 1552 3773 quidam
1607 3702 1849 3757 scribant
1897 3700 2034 3753 duos

456 3816 510 3861 et
552 3803 893 3873 septuaginta
926 3814 1083 3870 reges
1139 3799 1274 3867 ipsis
1306 3795 1595 3866 aliquando
1633 3793 1801 3849 fuisse
1865 3791 2038 3846 vecti-
2070 3785 2082 3796 ’

458 3897 627 3968 galea.
680 3895 1044 3950 Christianam
1085 3904 1266 3946 autem
1325 3888 1669 3956 religionem,
1721 3887 1817 3940 sed
1878 3883 2036 3953 juxta

456 3977 994 4051 Nestoriihmrcsim,
1029 3984 1303 4049 colebant,
1359 3995 1692 4050 crucemque
1763 3978 1819 4032 in
1882 3978 2037 4033 bellis

454 4100 565 4157 prae
594 4098 653 4137 se
685 4079 952 4150 duplicem
983 4076 1252 4138 ferebant,
1279 4075 1502 4128 alteram
1534 4086 1777 4137 auream,
1809 4071 2036 4123 alteram

458 4188 777 4247 gemmeam.
817 4167 955 4224 Huic
996 4166 1222 4237 imperio
1262 4164 1353 4234 qui
1406 4163 1629 4218 ultimus
1682 4160 1921 4229 praefuit,
1982 4167 2041 4214 ut

461 4268 617 4323 docet
643 4259 1107 4330 Abulpharagius.
1128 4264 1326 4327 praeter
1364 4268 1655 4310 commune
1677 4251 1906 4307 Joannis
1935 4267 2039 4305 no-

459 4375 583 4417 men
633 4359 851 4428 proprie
906 4344 1022 4423 Ung
1061 4351 1211 4409 Chan
1263 4359 1508 4414 vocatus,
1561 4363 1683 4403 cum
1749 4345 2081 4416 quemdam~

462 4450 809 4505 Tamuiinum
840 4446 1081 4509 nomine,
1116 4457 1226 4510 quo
1254 4441 1433 4496 fuerat
1460 4453 1593 4495 usus
1626 4438 1740 4499 diu.
1784 4438 1837 4490 in
1880 4435 2043 4490 hellis

2132 1961 2453 2015 Latinorum
2494 1969 2818 2029 potestatem
2861 1958 3178 2028 metropolis
3233 1956 3447 2027 imperii
3492 1953 3716 2009 Graeco-

2133 2070 2274 2118 rum,
2334 2055 2388 2108 in
2446 2070 2611 2107 unum
2666 2052 3025 2120 eumdemrfue
3087 2065 3209 2104 aurae
3257 2048 3524 2113 Arabicae,
3555 2060 3713 2115 quam

2134 2146 2350 2219 Hegirae
2382 2158 2600 2215 vocant,
2654 2163 2855 2201 annum
2918 2146 3524 2200 undesexcentesimmu
3586 2156 3719 2195 con-

2132 2239 2400 2295 venerint.
2439 2239 2598 2292 Anno
2638 2239 2764 2292 inde
2811 2236 2917 2292 606
2953 2236 3188 2306 Hegira‘,
3225 2237 3315 2305 qui
3364 2236 3487 2288 iniit
3526 2233 3559 2287 6
3588 2230 3715 2286 Julii

2133 2331 2257 2386 anni
2296 2331 2428 2386 Chr.
2461 2330 2622 2395 1209,
2650 2329 3053 2397 Giugizchanes
3085 2328 3314 2397 imperio
3358 2342 3459 2383 suo
3486 2327 3717 2392 subjun-

2132 2427 2212 2479 xit
2238 2425 2490 2495 regiones
2508 2422 2904 2487 Caracathaiae,
2933 2437 3054 2491 quae
3087 2421 3337 2475 videntur
3366 2418 3722 2472 Tartarornm

2134 2514 2350 2571 Sinensi
2410 2528 2578 2582 regno
2626 2513 2951 2568 confinium.
3004 2514 3162 2566 Anno
3211 2511 3349 2581 Heg.
3401 2512 3528 2576 610,
3565 2510 3723 2578 cujus

2131 2611 2218 2658 est
2250 2603 2461 2656 initium
2490 2617 2518 2654 a
2554 2599 2680 2654 Maii
2711 2600 2782 2653 25
2815 2600 2940 2654 anni
2970 2598 3172 2653 Christi
3205 2599 3365 2660 1215,
3394 2598 3724 2663 Gingizcha-
3753 2606 3759 2612 '

2133 2709 2232 2749 nes
2283 2693 2427 2747 bello
2472 2692 2681 2746 indicto
2735 2691 2938 2745 Sullani
2972 2690 3300 2755 Moltamedi,
3357 2691 3409 2744 itt
3461 2691 3721 2744 ultionem

2134 2783 2351 2852 iniusta:
2415 2784 2568 2838 necis
2636 2782 3000 2852 quorumdam
3063 2792 3473 2848 mercatorum,
3532 2781 3721 2835 urbem

2133 2877 2426 2931 maximam
2453 2874 2703 2930 Otraram
2736 2887 2860 2944 post
2878 2875 3122 2943 quinque
3155 2875 3424 2930 mensium
3476 2874 3723 2929 obsidio-

2135 2984 2259 3023 nem
2306 2968 2353 3021 vi
2411 2967 2554 3036 cepit
2596 2982 2717 3020 cum
2774 2967 2982 3021 infinita
3022 2967 3300 3020 hominum
3374 2968 3540 3032 caede,
3576 2975 3633 3019 ut
3666 2972 3726 3021 et

2136 3074 2283 3113 anno
2334 3057 2460 3123 617,
2511 3057 2666 3126 cujus
2720 3055 2978 3113 Kalendae
3030 3059 3083 3112 in
3135 3057 3169 3111 8
3212 3055 3388 3111 Martii
3451 3058 3743 3121 incidunt,

2137 3149 2441 3205 Bocharam
2497 3161 2553 3205 et
2598 3149 3030 3204 Samarkandam
3087 3151 3251 3205 urbes
3300 3149 3461 3218 longe
3499 3148 3750 3218 amplis-‘

2059 3210 2103 3271 Ο
2139 3243 2327 3306 simas,
2389 3257 2620 3310 quarum
2673 3242 2798 3297 huic
2862 3242 3116 3310 praesidio
3171 3241 3339 3296 fuisse
3392 3241 3643 3309 imposita
3693 3253 3726 3293 a

2136 3333 2350 3389 sultane
2402 3332 2720 3387 Mohamede
2753 3343 2972 3387 centum
3031 3333 3218 3405 viginti
3264 3332 3509 3401 equitum
3554 3331 3722 3385 millia

2137 3424 2302 3479 tradit
2336 3423 2799 3494 Abulpharagius.
2841 3424 2950 3479 Sed
2984 3424 3069 3478 his
3109 3423 3295 3493 praelio
3338 3422 3727 3478 cruentissimo

2137 3502 2437 3587 proﬂigatis
2467 3518 2645 3573 dedita
2670 3517 2838 3588 803
2869 3528 2925 3571 et
2954 3517 3170 3586 direpta
3213 3515 3589 3571 Samarkauda
3616 3526 3725 3577 est,

2140 3612 2366 3677 triginta
2398 3612 2685 3665 hominum
2721 3610 2959 3665 millibus
2987 3609 3211 3676 occisis,
3260 3609 3485 3665 totidem
3514 3607 3569 3661 itt
3601 3622 3721 3662 ser-

2138 3706 2367 3760 vitutem
2394 3706 2666 3760 abductis.

2210 3796 2301 3852 IV.
2338 3798 2491 3852 Auno
2519 3797 2651 3868 Heg.
2681 3797 2816 3860 6l8,
2848 3799 3071 3853 ineunte.
3116 3813 3147 3852 a
3187 3797 3471 3855 Februarii
3501 3797 3573 3853 25
3597 3797 3723 3852 anni

2139 3888 2346 3945 Christi
2378 3889 2533 3955 1221,
2559 3889 2780 3945 Balkam
2809 3889 3145 3946 Talakanum
3194 3901 3250 3947 et
3281 3892 3722 3962 Albamiyanum,

2142 3982 2384 4051 reliquas
2432 3996 2463 4037 e
2508 3981 2818 4036 Chorazani
2874 3983 3082 4037 ditioue
3121 3983 3375 4036 civitates
3424 3982 3729 4051 opulentis-

2142 4072 2312 4127 simas
2359 4081 2416 4127 et
2450 4073 2872 4140 munitissimas,
2930 4076 3262 4144 expugnavit
3303 4073 3731 4143 Gingizchanes.

2140 4175 2198 4221 et
2232 4166 2297 4220 ad
2327 4165 2582 4220 Sentliam
2619 4180 2834 4221 amnem
2856 4168 2972 4222 acie
2997 4167 3356 4220 Jalalodinum
3384 4167 3536 4233 vicit,
3568 4168 3747 4232 hujus

2146 4268 2327 4312 tamen
2361 4256 2641 4312 admirans
2691 4258 3102 4328 pradicansque
3136 4257 3534 4323 fortitudinem,
3582 4258 3741 4327 quod-

2144 4366 2268 4407 cum
2303 4350 2450 4407 illum
2477 4352 2656 4406 vivum
2681 4354 2747 4406 ad
2778 4367 2838 4407 se
2862 4353 3083 4421 perduci
3108 4352 3391 4422 jussisset,
3418 4353 3465 4406 is
3493 4367 3523 4406 e
3547 4361 3751 4420 strage

2144 4448 2292 4502 circa
2326 4460 2387 4500 se
2414 4459 2639 4501 suorum
2677 4445 2992 4516 intelligens
3036 4462 3205 4515 quare
3245 4444 3347 4501 sibi
3392 4445 3575 4502 hostes
3603 4461 3745 4515 par--

463 4541 784 4614 praesertim,
808 4549 1031 4594 strenuo
1056 4534 1443 4591 etfelicissimo
1461 4532 1733 4595 ministro,
1751 4529 2042 4584 calumniis
2073 4553 2119 4609 υ
2147 4545 2357 4601 carent,
2411 4551 2582 4608 eques
2642 4535 2864 4589 ﬂuvium
2923 4538 3180 4601 tranavit,
3236 4546 3293 4593 ει
3330 4551 3399 4593 ex
3447 4551 3515 4591 eo
3550 4538 3732 4593 medio

462 4634 782 4688 aemulorum
850 4630 1081 4684 invisum
1157 4625 1263 4681 sibi
1326 4626 1528 4679 factum
1580 4619 2045 4691 comprehendere

465 4725 875 4793 aggrederetur,
897 4719 966 4775 ab
1019 4735 1085 4775 eo
1142 4717 1436 4773 fortissime
1488 4726 1827 4785 repugnante
1867 4728 2044 4772 victus

462 4818 578 4885 ipse
598 4814 921 4882 occisusque
942 4820 1048 4866 est.
1078 4811 1197 4876 Quo
1217 4818 1464 4878 tempore
1486 4810 1708 4878 quidam
1763 4810 1903 4864 inter
1936 4808 2049 4865 blo-

464 4907 720 4978 gulenses
745 4918 953 4973 magna:
987 4900 1353 4963 auctoritatis,
1388 4900 1704 4970 apparuisse
1740 4901 1843 4957 sibi
1879 4900 2045 4956 Deum

464 4997 762 5063 alllrmans,
787 5005 844 5049 et
880 4994 1189 5051 declarasse
1217 4993 1449 5048 electum
1506 5007 1536 5046 a
1586 5007 1647 5047 se
1699 4992 2047 5047 Tamuiinum

465 5089 519 5142 in
542 5103 701 5158 quem
751 5086 902 5142 orbis
953 5095 1219 5141 terrarum
1272 5084 1555 5153 imperium
1611 5094 1776 5153 atque
1830 5085 1883 5136 iu
1930 5084 2048 5153 ejus

466 5189 713 5251 posteros
743 5177 1043 5232 transferre
1070 5176 1419 5241 decrevisset,
1455 5176 1770 5231 universam
1808 5174 1880 5229 illi
1912 5189 2047 5228 con-

465 5273 672 5330 ciliavit
704 5271 1066 5342 Muguliorum
1094 5280 1342 5339 gentem;
1373 5268 1528 5338 cujus
1542 5282 1809 5323 consensu
1834 5277 2049 5322 creatus

468 5368 782 5435 imperator,
814 5380 844 5417 a
883 5364 996 5419 Deo
1030 5363 1172 5433 ipso,
1205 5368 1266 5416 ut
1297 5362 1386 5415 ille
1420 5376 1581 5432 quem
1617 5361 1730 5415 dixi
1770 5358 2047 5416 fanaticus

467 5460 668 5525 aiebat,
696 5458 1010 5527 impositum
1038 5455 1125 5528 [Ρ.
1156 5454 1286 5527 586]
1335 5456 1436 5525 ipsi
1476 5456 1689 5525 accepit
1723 5453 2048 5522 Giugizcha-

467 5550 548 5604 nis
574 5560 787 5603 nomen.
815 5545 1093 5601 Hactenus
1121 5545 1577 5616 Abulpharagius,
1616 5544 1707 5599 cui
1741 5546 1874 5601 satis
1911 5562 2048 5601 con-

442 5632 724 5693 'sentanee
752 5647 941 5693 noster
960 5634 1324 5705 Pachymeres
1377 5636 1546 5706 priori
1585 5644 1731 5691 temo
1759 5650 1809 5692 c.
1846 5635 1903 5701 ι,
1932 5634 1969 5690 Ι.
1995 5650 2046 5702 v,

469 5730 832 5804 lcgislatorem
862 5729 1262 5794 Tocharorum,
1290 5730 1384 5801 qui
1417 5745 1477 5785 se
1506 5730 1611 5801 ipsi
1655 5729 1924 5799 Mugutios
1954 5745 2047 5784 no-

470 5821 698 5890 minant,
716 5837 913 5880 nomen
934 5820 1194 5880 habuisse
1215 5821 1577 5893 Tsiuriscanis
1599 5822 1817 5889 asserit,
1843 5822 2047 5879 addens

2151 4639 2345 4683 natans
2429 4643 2725 4684 conversus
2805 4631 3055 4699 sagittam
3136 4640 3222 4684 est
3290 4630 3595 4701 eiaculatus
3674 4632 3733 4685 in

2148 4722 2517 4793 Mogulenses.
2576 4722 2883 4791 Contigisse
2968 4724 3071 4777 hoc
3143 4723 3219 4776 ait
3293 4722 3733 4792 Abulpharagius

2149 4828 2341 4868 mense
2371 4812 2600 4875 Raiebo,
2636 4812 2727 4881 qui
2782 4812 2834 4866 in
2876 4826 3023 4866 anno
3051 4811 3286 4865 Arabico
3320 4813 3527 4866 mensis
3561 4811 3732 4879 septi-

2154 4920 2277 4960 mus
2307 4914 2411 4968 est,
2444 4919 2511 4959 ex
2563 4904 2667 4959 hoc
2714 4905 2853 4959 miro
2910 4918 3164 4958 successu
3216 4902 3549 4957 fortitudinis
3582 4900 3732 4956 λειω.

2150 4995 2321 5050 lodini
2369 5004 2558 5049 natum
2604 5009 2862 5050 asserens
2905 4995 3250 5064 proverbium
3280 4995 3596 5059 Arabicum,
3623 5009 3749 5064 quo

2151 5086 2255 5141 dici
2304 5086 2442 5141 solet
2500 5087 2612 5140 vive
2660 5092 2729 5140 ad
2764 5083 3044 5151 Raiebum,
3095 5096 3144 5141 et
3197 5085 3394 5140 videbis
3446 5087 3611 5142 mira.
3654 5087 3733 5140 Ex

2149 5182 2434 5231 occasione
2480 5178 2566 5231 hic
2610 5193 2806 5246 ponam
2860 5180 3297 5247 experimentum
3349 5180 3733 5234 consensionis

2151 5267 2540 5335 Abulpharagii
2569 5284 2692 5322 cum
2721 5269 2923 5325 nostris
2948 5270 3384 5339 chronographis
3412 5284 3443 5324 a
3482 5284 3569 5324 me
3604 5285 3731 5323 cum

2153 5358 2429 5427 voluptate
2476 5359 2846 5415 observatum.
2895 5359 2989 5414 Ait
3041 5360 3147 5415 hoc
3192 5360 3382 5415 eodem
3417 5374 3559 5413 anno
3594 5358 3729 5429 Heg.

2151 5450 2259 5507 6l8
2281 5451 2550 5505 sultanem
2592 5450 2817 5524 Egypti
2870 5452 3170 5508 Damiatam
3211 5453 3279 5508 de
3311 5452 3539 5507 Francis
3569 5467 3731 5506 recu-

2152 5555 2376 5610 perasse
2430 5541 2518 5597 die
2564 5540 2843 5609 Mercurii,
2878 5541 3069 5597 Raiebi
3119 5543 3207 5610 l9,
3240 5555 3522 5614 postquam
3573 5543 3626 5598 in
3665 5558 3730 5598 ea

2149 5632 2524 5689 substitissent
2568 5632 2764 5689 Franci
2798 5649 3001 5689 annum
3055 5634 3329 5705 integrum
3377 5643 3431 5688 et
3479 5635 3757 5690 undecim'

2152 5740 2390 5782 menses.
2454 5725 2549 5781 Vix
2609 5727 2746 5783 alius
2807 5735 3041 5782 eventus
3121 5737 3204 5782 est
3258 5728 3412 5798 cujus
3460 5729 3646 5799 plures
3675 5738 3755 5781 ct»

2151 5820 2417 5878 seniores
2459 5836 2491 5877 e
2538 5818 2740 5880 nostris
2771 5829 3033 5890 spectata:
3070 5819 3193 5888 lidei
3241 5822 3598 5890 scriptoribus
3631 5823 3761 5876 lia—-
