4036 6428
355 376 466 438 853

1233 383 1298 445 P.
1350 373 2347 442 POSSINIOBSEHVATIONUM
2385 378 2538 440 LIB.
2577 379 2697 440 111.

3511 377 3627 441 864

349 505 576 546 beamus
613 505 890 552 auctores.
946 495 1187 554 Joannes
1243 499 1310 552 de
1347 498 1612 557 Vitriaco.
1670 494 1932 554 Sanuttts,
1965 498 2010 550 Α
2041 491 2164 546 talis
2185 493 2350 560 Asiae,
2376 497 2596 551 nomine
2620 496 2812 551 Chatai
2842 495 3246 564 signiﬁcarunt.
3282 494 3447 549 Docet
3480 495 3627 548 enim

349 577 406 633 S.
442 580 776 648 Antoninus,
806 583 1132 650 Nauclerus,
1166 586 1432 651 Blondus,
1462 585 1716 640 Emilius
1749 592 1806 638 et
1839 583 1933 637 alii

351 684 565 731 summa
613 676 904 729 concordia
960 689 1269 732 memorant
1315 692 1464 731 anno
1507 675 1711 730 Christi
1771 673 1934 734 1219,

351 759 520 814 Nonis
546 763 886 831 Novembris,
912 781 1032 839 post
1059 785 1270 824 menses
1296 771 1601 826 octodecim
1632 767 1936 824 obsidionis

351 863 565 920 captam
601 855 769 912 fuisse
825 859 1128 916 Damiatam
1162 864 1230 917 ab
1273 864 1520 918 exercitu
1557 878 1720 916 cruce
1753 865 1936 927 signa-

354 951 576 1008 torum;
635 949 882 1004 eamdem
950 961 1132 1007 autem
1205 954 1408 1008 sultani
1474 953 1736 1006 redditam
1795 963 1938 1004 anno

357 1032 519 1097 12%|,
553 1037 640 1089 die
681 1041 849 1094 natali
885 1041 945 1094 Β.
972 1042 1214 1114 Virginis
1250 1045 1432 1100 Maria!
1459 1054 1656 1100 octavo
1689 1045 1938 1112 Septem-

355 1121 488 1177 bris.
537 1124 697 1182 Vides
745 1146 906 1199 quam
931 1145 1123 1188 exacte
1153 1145 1366 1204 tempus
1393 1139 1629 1192 detentae
1669 1153 1697 1191 a
1731 1135 1940 1191 Latinis

358 1212 614 1272 Damiatae
642 1221 868 1275 deﬁniat
903 1225 1344 1297 Abulpharagius
1371 1245 1515 1283 anno
1545 1246 1651 1284 uno
1679 1241 1730 1285 et
1766 1235 1939 1287 unde-

357 1303 460 1356 cim
490 1311 789 1368 mensibus.
809 1314 961 1370 Nunc
982 1319 1365 1387 inquirendum
1391 1339 1457 1377 an
1477 1323 1595 1392 pari
1617 1324 1719 1378 ﬁde
1745 1326 1774 1379 f-
1800 1327 1936 1380 riam

357 1409 610 1462 quartam
647 1411 701 1454 ct
733 1403 800 1458 l9
837 1411 1042 1462 mensis
1075 1411 1264 1466 ltaiebi
1293 1416 1432 1468 diem
1473 1416 1559 1470 isti
1602 1419 1939 1473 restitutioni

358 1488 621 1557 assignet.
655 1494 756 1548 llic
803 1496 905 1552 6l8
938 1497 1151 1570 Iit-gina
1185 1521 1359 1558 annus
1392 1505 1726 1562 Mubarrami
1747 1509 1938 1578 -primi

359 1583 446 1638 sui
502 1588 703 1642 mensis
765 1588 1058 1656 Kalendas,
1098 1605 1154 1650 Ill.
1202 1597 1333 1657 dixi.
1391 1600 1580 1654 habuit
1629 1607 1818 1658 eodem
1855 1605 1944 1660 die

359 1677 486 1731 anni
519 1677 725 1734 Juliani
751 1699 874 1738 tera:
904 1687 1108 1744 Christi
1167 1691 1296 1744 1221
1333 1695 1424 1762 qui
1455 1694 1754 1750 vicesimus
1785 1698 1947 1766 quin-

2043 584 2134 638 hic
2199 585 2636 656 Abulpharagius
2707 587 2874 642 Aftun
2953 586 3106 642 Clum
3169 603 3234 673 ea
3312 595 3631 654 tempestate

2040 674 2284 730 Cathaite
2326 692 2506 748 regem
2544 678 2600 733 in
2657 679 2792 734 urbe
2840 695 2933 733 sua
2985 680 3245 748 primaria
3293 677 3446 732 Nam
3475 677 3631 744 εἰπε,

2042 769 2158 824 sive
2200 780 2259 823 ut
2295 771 2458 839 vulgo
2505 773 2596 826 alii
2646 773 2915 839 scribunt,
2948 773 3248 841 Namqui‘n,
3281 781 3633 840 exspectasse

2039 875 2360 915 successum
2407 863 2726 930 irruptionis
2778 863 2942 932 hujus
2995 863 3318 926 Tartaricae,
3365 864 3534 917 misso
3563 864 3632 916 ad

2041 952 2304 1006 arcendos
2331 954 2530 1008 ﬁnibus
2557 954 2902 1024 Mogulenses
2929 967 3149 1011 centum
3189 955 3416 1008 millium
3444 953 3636 1007 fortis-

2042 1047 2311 1101 simorum
2395 1049 2626 1102 militum
2679 1049 2948 1106 exercitu.
3012 1051 3118 1103 Sed
3190 1051 3290 1104 has
3355 1049 3540 1113 copias
3601 1063 3630 1099 a

2047 1139 2255 1204 Kaane,
2298 1141 2781 1196 numerosissitnas
2820 1157 2918 1211 per
2962 1157 3021 1196 se
3062 1141 3323 1195 ductante
3356 1139 3636 1208 Mngulen-

2044 1229 2182 1284 sium
2240 1229 2504 1301 legiones,
2545 1232 2934 1289 cruentissimo
2983 1232 3152 1285 fuisse
3183 1233 3368 1300 prmlio
3404 1231 3630 1292 deletas,

2043 1321 2148 1372 alia
2210 1321 2369 1388 longe
2424 1337 2692 1390 sperans,
2753 1323 3196 1391 ittOpinatissitne
3255 1322 3416 1375 Altun
3479 1322 3634 1375 Chan

2045 1414 2278 1476 audivit,
2310 1417 2439 1470 inde
2468 1415 2604 1468 adeo
2632 1409 3023 1470 consternatus
3067 1423 3126 1470 ut
3172 1414 3314 1468 ﬁlios
3342 1425 3397 1466 et
3437 1430 3638 1470 uxores

2047 1506 2099 1558 in
2159 1521 2256 1558 suo
2295 1521 2476 1562 secum
2529 1507 2733 1576 palatio
2767 1508 2922 1562 inccn
2947 1511 3092 1570 lcrit,
3131 1522 3196 1560 ne
3231 1507 3384 1559 vivus
3427 1507 3480 1559 in
3520 1506 3635 1560 Ml-

2047 1595 2352 1666 gulensium
2379 1612 2570 1652 manus
2599 1599 2850 1665 veniret;
2883 1599 2974 1668 qui
3008 1598 3166 1666 paulo
3195 1610 3314 1666 post
3349 1600 3638 1652 venientes

2047 1699 2100 1744 et
2131 1687 2498 1760 Namquinum
2529 1700 2584 1745 et
2614 1701 2843 1746 caeteras
2876 1693 3144 1744 maximas
3190 1689 3435 1745 Calhaia:
3468 1691 3636 1745 urbes

362 1778 450 1882 :18
470 1767 751 1828 Februarii
803 1789 1122 1834 numeratus
1164 1793 1267 1836 est.
1313 1783 1447 1840 llinc
1497 1795 1644 1851 patet
1674 1787 1942 1844 Kalendas
1981 1785 2154 1882 Bsibi
2185 1785 2550 1854 subjccerunt.
2605 1786 2958 1843 Notissimum
3015 1802 3177 1856 porro
3229 1795 3312 1841 est
3364 1786 3641 1856 Namqui-

362 1858 575 1930 Raiebi,
635 1869 872 1938 septimi,
939 1882 995 1923 ut
1047 1875 1378 1940 monuimus,
1415 1878 1650 1929 Arabum
1695 1878 1778 1950 [P.

364 1962 591 2020 mensis.
652 1962 704 2012 in
759 1961 904 2016 diem
956 1965 1182 2030 Augusti
1223 1966 1537 2020 vicesimum
1577 1972 1809 2037 primum
1853 1973 1943 2024 illo

361 2065 508 2104 anno
541 2052 817 2107 incidisse.
852 2053 930 2106 Ex
957 2055 1044 2109 die
1075 2056 1216 2125 Aug.
1256 2057 1317 2110 2i
1356 2059 1399 2110 si
1432 2062 1798 2116 noveunlecim
1826 2064 1943 2124 dies

365 2157 640 2206 numeres,
699 2146 985 2213 pervenies
1039 2150 1106 2201 ad
1163 2161 1412 2203 ortavum
1477 2153 1834 2220 Septembris.
1868 2160 1944 2216 De

363 2246 471 2300 quo
507 2233 550 2287 si
585 2235 719 2289 velis
757 2237 902 2290 scire
933 2250 1096 2308 quota
1130 2241 1262 2293 feria
1299 2241 1491 2308 fuerit,
1528 2263 1708 2314 quaere
1743 2263 1943 2318 quotus

364 2321 470 2377 isto
497 2341 642 2380 anno
671 2341 992 2382 numeratus
1024 2331 1186 2384 fuerit
1214 2335 1400 2401 eyclns
1433 2340 1585 2391 solis.
1618 2339 1738 2394 Fuit
1766 2357 1943 2397 annus

363 2412 567 2469 Christi
606 2417 737 2471 i221
782 2423 986 2486 periodi
1013 2423 1242 2479 Julianze
1272 2427 1432 2482 5934.
1476 2429 1687 2484 DitiSttS
1729 2435 1814 2486 hic
1845 2453 1944 2488 nu-

365 2519 548 2560 merus
607 2523 703 2575 per
760 2510 831 2564 28
878 2513 1117 2580 reliquos
1175 2517 1303 2572 facit
1351 2519 1438 2584 26,
1489 2523 1580 2590 qui
1616 2521 1715 2577 fuit
1758 2528 1944 2595 (ενι-1ης

363 2595 497 2650 solis
537 2597 700 2664 hujus
747 2603 896 2654 anni.
933 2605 1097 2672 Cyclo
1149 2618 1328 2663 autem
1372 2611 1504 2666 solis
1558 2612 1628 2666 26
1685 2619 1945 2683 rntttpetit

365 2685 544 2740 littera
575 2688 932 2750 Dominicalis
968 2697 1031 2762 C,
1070 2715 1190 2767 qua:
1239 2717 1360 2754 cum
1411 2704 1463 2756 in
1495 2703 1712 2760 .Iuliano
1743 2706 1944 2762 Kalen-

364 2776 520 2835 dario
557 2787 881 2854 respondeat
915 2789 1020 2843 diei
1067 2793 1270 2858 quinta:
1317 2796 1676 2865 Septembris,
1709 2801 1949 2854 ostendit

365 2869 512 2924 iilam
559 2888 624 2930 eo
687 2894 830 2932 anno
881 2880 1052 2937 fuisse
1107 2886 1338 2951 primam
1391 2887 1605 2956 feriant,
1643 2906 1706 2945 ac
1739 2909 1947 2949 conse-

367 2977 598 3031 quenter
621 2968 764 3023 diem
803 2985 1052 3030 octavam
1101 2979 1342 3044 ejusdem
1381 2985 1586 3038 mensis
1630 2985 1771 3040 diem
1803 2987 1947 3042 Mer-

365 3055 531 3122 curii,
565 3065 624 3109 ut
653 3059 1088 3134 Abulpharagius
1117 3077 1286 3134 notat,
1317 3069 1432 3124 sive
1457 3071 1644 3127 feriam
1673 3087 1946 3143 quartam,

369 3149 684 3203 necessario
713 3168 834 3207 esse
857 3154 1131 3211 debuisse.

443 3238 510 3295 V.
543 3242 698 3296 Anno
737 3242 946 3314 ilegira:
973 3247 1100 3310 621,
1158 3248 1314 3318 cujus
1341 3249 1654 3308 Muharram
1687 3253 1886 3325 incepit
1919 3273 1948 3312 a

371 3333 464 3388 die
489 3333 560 3388 22
595 3336 906 3392 Decembris
941 3341 1068 3394 anni
1121 3343 1324 3396 Christi
1383 3345 1542 3412 1226,
1586 3358 1834 3404 mortuus
1870 3361 1954 3405 est

373 3424 773 3496 Cingizchanes
795 3431 1008 3498 primus
1045 3433 1343 3502 imperator
1372 3435 1761 3509 Mogulensium
1799 3443 1887 3496 die
1920 3443 1954 3498 4

378 3519 582 3574 mensis
635 3518 938 3576 Itamadani
969 3563 985 3588 ,
1035 3526 1160 3579 noni
1217 3527 1409 3582 ordine
1487 3529 1540 3584 in
1598 3533 1763 3602 807
1813 3550 1955 3588 anno

378 3612 636 3666 Arabico.
661 3611 861 3668 Incidit
889 3630 950 3669 ea
986 3631 1131 3672 mors
1160 3619 1211 3672 in
1250 3634 1569 3675 autumnum
1603 3628 1725 3677 anui
1751 3626 1954 3682 Christi

378 3703 542 3759 1227.
567 3705 729 3760 Addit
759 3707 1200 3780 Abulpharagius
1233 3714 1530 3780 imperasse
1561 3717 1707 3770 illttm
1736 3719 1958 3774 circiter

379 3797 842 3868 vigintiquinque
896 3803 1094 3868 annis;
1149 3805 1294 3872 quod
1323 3821 1508 3860 verum
1555 3819 1661 3869 est.
1720 3827 1865 3876 cum,
1901 3821 1958 3866 ut

378 3889 656 3957 vidimus,
715 3893 987 3960 imperare
1041 3897 1269 3964 coeperit
1323 3913 1466 3952 anno
1506 3899 1706 3955 Christi
1775 3905 1956 3968 1202,

382 3980 596 4050 llcgim
627 3982 748 4038 599.
774 3984 930 4040 Anno
962 3987 1086 4041 inde
1123 3986 1333 4057 Hegiree
1381 3991 1503 4056 6&6,
1551 3993 1700 4060 cujus
1743 3993 1958 4049 Multar-

380 4090 496 4129 ram
534 4075 732 4145 incepit
763 4092 794 4130 a
829 4077 917 4130 die
942 4078 1012 4132 50
1038 4078 1361 4137 Novembris
1400 4085 1527 4138 auui
1559 4086 1756 4140 Christi
1796 4088 1954 4151 1228,

377 4169 727 4236 congregatis
760 4169 1000 4223 comitiis
1045 4173 1312 4226 universae
1363 4175 1542 4242 gentis
1585 4174 1865 4244 Mogulicre
1891 4195 1958 4234 ex

381 4265 712 4312 testamento
771 4257 1160 4329 Gingizchanis
1218 4274 1440 4319 creatus
1521 4275 1602 4320 est
1666 4269 1960 4338 imperator

369 4348 540 4418 _Ugtai
577 4350 767 4403 tertius
793 4348 910 4418 ejus
941 4351 1100 4415 ﬁlius,
1141 4354 1231 4422 qui
1285 4370 1392 4422 prae
1425 4358 1686 4412 modestia
1721 4374 1816 4428 per
1843 4362 1961 4416 dies

378 4441 734 4509 quadraginta
770 4457 1049 4504 recusans,
1083 4447 1223 4513 quod
1277 4461 1404 4501 suos
1421 4459 1654 4518 patruos
1693 4461 1788 4506 aut
1845 4453 1962 4510 fra-

2052 1893 2183 1932 num
2216 1893 2412 1932 nomen
2444 1894 2568 1934 esse
2591 1879 2816 1934 alterius
2846 1881 2996 1933 urbis
3021 1879 3182 1950 regiae
3217 1879 3431 1940 imperii
3467 1877 3644 1932 Sina-

2048 1984 2190 2035 rum,
2223 1985 2382 2038 quam
2435 1980 2548 2025 tum
2587 1971 2758 2028 fuisse
2803 1981 3015 2042 captam
3072 1987 3100 2024 a
3157 1969 3400 2024 'l‘artaris
3459 1971 3638 2025 videri

2046 2061 2372 2117 incredibile
2433 2078 2536 2116 non
2617 2065 2818 2124 debet,
2886 2080 3008 2118 eum
3069 2062 3173 2118 hac
3231 2074 3415 2116 nostra
3478 2071 3642 2117 a-tate

2046 2153 2277 2207 similem
2305 2155 2660 2224 irruptionem
2693 2153 3029 2209 Tartarieam
3058 2155 3108 2208 in
3144 2155 3378 2209 Sinense
3411 2171 3638 2223 regnum

2047 2245 2343 2315 contigisse
2396 2246 2718 2299 certissimis
2773 2247 2978 2300 nuntiis
3032 2245 3495 2314 cognoverimus;
3534 2261 3640 2313 qua

2047 2337 2210 2390 etiam
2271 2337 2383 2390 haec
2436 2339 2628 2390 eadem
2707 2336 3135 2406 Namquinensis
3209 2339 3407 2391 civitas
3475 2351 3637 2406 Capta

2047 2438 2101 2482 et
2151 2439 2360 2482 vastata
2421 2427 2589 2480 fuisse
2643 2427 3035 2480 dissertissime
3092 2429 3346 2490 traditur,
3399 2429 3644 2497 itemque

2049 2521 2218 2574 altera
2257 2520 2585 2588 Pequinum,
2637 2521 2724 2573 ubi
2779 2521 3152 2587 (lt-prehensus
3186 2519 3501 2573 Sincnsium
3540 2534 3638 2574 rex

2049 2625 2155 2663 non
2206 2609 2386 2662 minus
2441 2611 2647 2677 tragico
2681 2625 2841 2677 quam
2892 2619 3022 2662 tunc
3078 2610 3238 2664 Altun
3276 2611 3430 2662 Cltan
3483 2609 3638 2663 exitu

2051 2701 2482 2766 desperationem
2521 2701 2780 2754 ostendit.
2811 2698 2945 2753 Nam
2979 2714 3045 2752 ne
3076 2700 3370 2754 victoribus
3403 2700 3642 2756 ludibrio

2049 2803 2218 2856 esset,
2275 2791 2445 2845 nubili
2504 2791 2654 2861 pritts
2692 2793 2798 2846 lilia
2851 2793 3202 2854 obtruncata,
3260 2809 3384 2849 sese
3429 2794 3545 2862 ipse
3575 2810 3644 2848 ex

2050 2883 2250 2937 arbore
2286 2884 2591 2951 suspendit,
2629 2899 2772 2936 anno
2815 2885 3014 2938 Christi
3057 2883 3214 2949 1644,
3258 2895 3316 2938 ιιι
3355 2885 3550 2954 legitur
3589 2883 3644 2937 in

2053 2972 2282 3027 historia
2309 2971 2524 3027 Martini
2559 2973 2798 3028 Martinii
2843 2974 3015 3028 nostri
3062 2975 3220 3028 testis
3263 2989 3399 3042 pene
3443 2975 3644 3028 oculati

2054 3065 2158 3119 hac
2185 3067 2250 3119 de
2283 3079 2342 3119 re
2393 3065 2560 3130 edita,
2593 3081 2715 3134 quae
2785 3075 2834 3118 et
2881 3066 3073 3119 eadem
3107 3082 3170 3118 ex
3205 3065 3322 3131 ejus
3351 3082 3448 3120 ore
3493 3075 3550 3120 et
3584 3066 3644 3121 P.

1975 3185 2023 3248 C
2057 3153 2334 3209 Michaelis
2386 3153 2576 3224 Boymi
2611 3155 2741 3208 item
2782 3156 2976 3219 nostri,
3026 3155 3115 3208 hic
3165 3153 3351 3209 Romae
3383 3156 3508 3209 dum
3533 3155 3648 3210 visa

2061 3245 2330 3300 referrent
2381 3247 2712 3302 audivimus.
2751 3247 2856 3300 Sed
2889 3257 2943 3299 et
2991 3245 3274 3299 Cathaiam
3333 3262 3442 3300 non
3501 3246 3648 3300 aliud

2057 3353 2178 3393 esse
2209 3355 2374 3407 quam
2406 3339 2616 3402 Sinam,
2645 3339 2846 3393 missus
2875 3338 2989 3392 Coa
3025 3355 3114 3392 an.
3145 3337 3350 3392 Christi
3393 3337 3550 3404 l603,
3583 3339 3650 3394 16

2057 3429 2302 3484 Januarii
2363 3429 2689 3486 Benedictus
2743 3429 2888 3484 Goez
2936 3443 3121 3484 noster
3183 3433 3247 3482 ad
3312 3431 3412 3486 hoc
3475 3433 3650 3499 ipsum

2057 3521 2674 3592 explorandum,trienni
2699 3523 3137 3592 peregrinatione
3161 3523 3466 3576 clarissime
3483 3523 3654 3594 808

2060 3615 2442 3681 deprehendit,
2490 3616 2542 3667 in
2570 3613 2759 3668 urbem
2795 3613 3044 3668 Sinensis
3080 3618 3231 3682 regni
3269 3613 3506 3667 Suceum
3550 3619 3651 3668 sub

2061 3705 2224 3759 ﬁnem
2281 3705 2410 3758 anni
2468 3705 2673 3760 Christi
2721 3706 2861 3759 1605
2913 3707 3263 3776 perveniens.
3323 3706 3567 3774 Denique
3600 3707 3650 3760 id

2061 3795 2240 3862 ipsum
2273 3795 2474 3850 diserte
2518 3796 2962 3866 Abulpharagius
2994 3796 3128 3851 alibi
3177 3806 3433 3862 testatur,
3461 3813 3655 3866 nempe

2063 3902 2116 3957 p.
2146 3887 2244 3941 551
2317 3889 2479 3958 hujus
2515 3889 2689 3956 ipsius
2722 3889 2806 3942 sui
2835 3888 3117 3946 Chronici.

2133 3979 2224 4034 Vl.
2271 3980 2367 4034 llic
2415 3988 2615 4034 caetera
2669 3980 2906 4034 breviter
2962 3975 3190 4035 secundi
3252 3981 3651 4051 Mogulensium

2064 4075 2406 4144 imperatoris
2425 4083 2542 4128 acta
2563 4071 2648 4144 [P.
2669 4071 2798 4144 586]
2821 4073 3126 4138 reddemus,
3141 4089 3206 4127 eo
3226 4074 3490 4128 libentius
3506 4073 3645 4142 quod

2061 4187 2182 4240 qua:
2217 4172 2406 4222 Inuum
2457 4167 2704 4237 proxime
2748 4175 3080 4230 occurrunt,
3123 4165 3462 4220 illustrandae
3526 4169 3655 4220 huic

2064 4277 2264 4318 nostra?
2299 4241 2740 4330 Pachymerianaa
2769 4257 3021 4313 Historia:
3070 4274 3177 4312 non
3221 4274 3408 4326 parum
3440 4273 3655 4312 accom-

2065 4362 2281 4412 modata
2329 4351 2830 4418 deprehenduntur.
2877 4349 3180 4404 Reversum
3217 4365 3248 4403 e
3307 4349 3526 4403 Sincnsi
3561 4364 3656 4402 ex-

2066 4449 2339 4519 peditione
2389 4446 2627 4500 Kaanem
2695 4443 3132 4514 Abulpharagius
3181 4451 3447 4496 memorat
3516 4441 3657 4495 Batu

382 4541 492 4586 tres
524 4542 652 4586 natu
689 4533 925 4600 majores
945 4537 1314 4603 praeferendos
1345 4540 1448 4594 sibi
1481 4542 1708 4607 diceret,
1745 4547 1960 4601 tandem
1995 4567 2040 4622 ο
2071 4543 2186 4598 sive
2240 4541 2432 4600 Batuo,
2468 4537 2638 4593 Tusbi
2687 4536 2868 4590 fratris
2902 4536 2986 4588 sui
3039 4545 3171 4588 nattt
3234 4533 3456 4586 tnaximi
3492 4548 3674 4619 nuper

381 4639 650 4678 consensu
683 4625 880 4692 vietus,
915 4627 982 4682 ab
1017 4625 1250 4684 Utacino
1279 4641 1472 4700 patruo
1503 4642 1558 4688 et
1590 4635 1759 4703 logtai
1794 4637 1963 4693 fratre

385 4717 590 4786 majore
623 4719 878 4773 collocari
910 4735 968 4774 se
1005 4722 1056 4776 in
1091 4724 1288 4777 throno
1321 4738 1517 4792 passus
1547 4742 1847 4796 cognomen
1895 4733 1962 4784 ab

385 4811 574 4864 iisdem
613 4810 922 4878 impositum
951 4811 1109 4868 Kaan
1135 4816 1368 4882 accepit.
1404 4816 1558 4870 Anno
1591 4817 1803 4885 llegiraa
1830 4820 1956 4887 627,

385 4903 537 4973 cujus
580 4903 836 4958 Kalendae
871 4905 1204 4959 Mnharratui
1259 4918 1530 4976 occupant
1568 4911 1711 4965 diem
1773 4914 1964 4968 vicesi-

385 5011 532 5050 mum
576 4995 900 5052 Novembris
949 4995 1150 5052 Juliani
1202 5012 1349 5051 anno
1392 5015 1513 5055 teras
1561 5001 1764 5058 Christi
1799 5006 1963 5071 1‘229,

387 5087 793 5156 expeditionem
829 5091 1070 5160 suscepit
1117 5109 1294 5148 novus
1342 5093 1641 5163 imperator
1685 5094 1968 5162 Mogulen-

385 5178 524 5232 sium
555 5175 707 5232 Kaan
741 5178 796 5232 in
834 5195 1016 5249 regem
1050 5177 1322 5235 Calliaiae.
1371 5179 1598 5234 Cathaia
1636 5196 1801 5249 porro
1839 5183 1966 5250 quid

389 5269 574 5337 fuerit,
629 5274 717 5341 qui
769 5288 836 5327 ex
889 5275 990 5327 hoc
1037 5271 1254 5328 discere
1303 5285 1529 5330 auctore
1564 5275 1758 5328 idoneo
1805 5276 1969 5328 malet

389 5379 552 5433 quam
584 5379 614 5418 e
663 5365 964 5434 nugacibus
1018 5363 1232 5420 fabellis
1265 5366 1580 5422 institorum
1623 5367 1965 5422 illudentium

389 5457 698 5513 eredulitati
749 5457 918 5526 vulgi,
969 5473 1076 5511 non
1106 5457 1375 5512 dubitabit
1440 5459 1675 5528 amplius
1711 5461 1840 5530 quin
1888 5460 1972 5514 Si-

388 5565 558 5606 nense
594 5565 842 5622 regnum.
877 5549 1038 5604 hodie
1087 5550 1140 5604 in
1186 5550 1399 5626 Europa
1441 5551 1784 5607 notissimum
1816 5551 1972 5606 navi-

387 5637 699 5709 gationibus
731 5637 1143 5706 Lusitanorum,
1204 5639 1258 5695 id
1291 5642 1468 5710 ipsum
1509 5656 1697 5696 revera
1738 5642 1810 5697 sit
1845 5659 1968 5696 cum

390 5744 458 5784 co
489 5731 633 5801 quod
661 5731 824 5785 Aiton
864 5733 1160 5794 Armenus,
1185 5730 1382 5788 Paulus
1414 5731 1680 5797 Venetus,
1713 5743 1766 5788 et
1796 5735 1838 5788 si
1877 5735 1968 5804 qui

392 5822 482 5876 alit
514 5823 808 5892 scriptores
860 5841 1038 5880 rcrmn
1096 5823 1368 5880 interioris
1411 5835 1463 5881 ct
1503 5825 1736 5880 maxime
1763 5825 1956 5881 0rice~

2068 4634 2266 4688 mortui
2301 4633 2432 4695 ﬁlio,
2481 4643 2808 4685 numerosas
2852 4637 2906 4682 et
2931 4628 3140 4681 validas
3179 4627 3394 4679 dedisse
3445 4626 3681 4694 copias,“
3719 4639 3722 4642 λ

2067 4741 2190 4782 cum
2225 4727 2485 4779 mandato
2518 4724 2919 4792 expeditionem
2959 4719 3288 4786 suscipiendi
3354 4721 3406 4770 in
3453 4729 3662 4772 tractus

2067 4817 2522 4885 septentrionales
2549 4825 2603 4870 et
2635 4814 2960 4882 subjugandi
2992 4810 3364 4872 Sclavoniam,
3389 4808 3674 4868 Narniam,-

2071 4908 2343 4968 ltussiam,
2379 4905 2708 4974 Bulgariam.
2744 4901 2902 4956 Hisce
2951 4903 3340 4968 obtemperans
3396 4897 3664 4951 mandatis

2070 5001 2271 5052 Batutls
2297 4999 2541 5064 ingentes
2571 4995 2879 5049 mortalium
2916 5003 3128 5059 strages
3155 4991 3362 5044 edidit:
3407 5005 3556 5052 nam,
3610 4998 3667 5041 ut

2071 5095 2142 5147 ibi
2187 5093 2262 5145 ait
2308 5090 2762 5158 Almlpbaragius,
2802 5102 2922 5141 cum
2982 5083 3135 5138 Kaan
3195 5082 3664 5152 proﬁciscentibus

2073 5189 2138 5238 ad
2175 5187 2278 5240 hoc
2313 5183 2509 5238 bellum
2536 5181 2803 5236 militibus
2829 5178 3091 5233 edixisset
3119 5185 3176 5229 ut
3212 5175 3496 5230 hominum
3529 5188 3667 5240 quos

2071 5278 2299 5348 quisque
2357 5275 2630 5328 occideret
2686 5287 2873 5326 aurem
2925 5271 3226 5334 dexteram,
3289 5267 3356 5321 ad
3408 5266 3667 5319 indicium

2077 5368 2311 5432 numeri,
2375 5366 2605 5420 recisam
2645 5379 2676 5417 e
2733 5361 2999 5416 cadavere
3039 5375 3226 5415 secum
3275 5357 3540 5420 auferret,
3577 5355 3668 5423 qui

2075 5462 2230 5516 ferali
2266 5460 2390 5513 huic
2424 5458 2610 5512 censui
2649 5455 2906 5510 habendo
2945 5453 3184 5524 pratfecti
3221 5461 3400 5513 erant,
3441 5449 3672 5503 ducenta

2075 5551 2418 5621 septuaginta
2479 5547 2756 5603 hominum
2817 5545 2982 5599 millia
3040 5543 3263 5598 totidem
3304 5540 3671 5596 cxhibitarum

2076 5644 2394 5698 dextrarum
2461 5637 2832 5692 auricularum
2901 5643 3225 5704 argumento
3290 5639 3677 5700 compererunt

2080 5734 2198 5789 neci
2251 5733 2449 5787 tradita
2484 5730 2676 5786 fuisse.
2753 5726 2920 5782 Addit
2967 5726 3143 5780 Arabs
3178 5722 3568 5792 chronologos,
3620 5732 3680 5774 re

2089 5829 2226 5884 bene
2252 5825 2306 5878 in
2346 5823 2632 5879 Sclavonia
2661 5827 2835 5889 gesta,
2865 5817 3172 5876 decrevisse
3221 5815 3448 5870 Batuum
3480 5809 3679 5868 adoriri
