4036 6444
430 333 535 395 6σὸ

1738 328 2403 392 CllRONOLOGlCUS.

3578 335 3687 397 866

427 444 969 513 Ceustant'nopolim,
1003 453 1054 499 et
1084 459 1149 499 eo
1171 445 1350 498 animo
1379 445 1430 498 in
1460 443 1764 512 Bulgariam
1809 444 2008 496 movis-
2039 450 2083 500 Α
2115 444 2162 495 vi
2198 455 2475 511 Ceperitnt.
2502 448 2655 500 Anno
2698 449 2831 518 llcg.
2867 450 2991 513 640,
3023 450 3223 503 Christi
3276 448 3434 511 12η,
3483 464 3511 503 a
3570 450 3690 501 Ka-

427 555 505 589 se.
544 536 649 589 Sed
683 536 789 590 illic
824 536 1077 589 habuisse
1110 538 1301 590 obvios
1333 535 1672 591 Francorum
1706 551 1879 604 reges,
1905 536 2006 589 hoc

426 640 503 681 est
571 633 734 681 dares
783 628 1097 683 Latinorum
1156 629 1246 698 qui
1289 637 1417 682 tunc
1477 626 2005 697 Constantinopolim

427 719 702 781 tenebant,
764 720 855 788 qui
890 719 1263 785 frequentibus
1300 718 1499 788 prmliis
1534 720 1704 773 victos
1725 718 2004 787 Megalen-

426 826 511 864 ses
553 822 699 880 terga
734 813 863 864 dare
894 821 1173 879 coegerunt
1209 810 1393 877 (verba
1445 820 1571 865 sant
1594 810 2008 880 Abulplmragii)

425 905 555 956 adeo
611 915 667 955 ut
717 904 781 956 ab
831 904 910 956 his
970 903 1358 956 incursionibus
1430 904 1623 956 reversi
1683 903 2009 972 Mogulenses

425 992 568 1045 haud
599 994 789 1044 iterum
831 991 900 1044 ad
942 991 1078 1043 [tunc
1123 1008 1286 1058 usque
1320 992 1455 1044 diem
1488 988 1795 1046 Grazcorum
1829 990 2009 1046 Fran-

426 1103 670 1140 cormnve
717 1085 953 1153 regiones
1000 1085 1235 1153 aggressi
1277 1084 1495 1153 fuerint.
1534 1082 1650 1136 Tali
1703 1084 2014 1140 narratione

425 1178 725 1231 multorum
786 1191 1047 1230 annorum
1094 1176 1229 1230 bella
1264 1184 1316 1230 et
1365 1178 1704 1230 incursiones
1738 1176 1792 1230 in
1834 1180 2011 1231 varias

425 1270 634 1337 imperii
679 1268 904 1321 Romani
943 1268 1235 1323 Orientalis
1262 1279 1464 1335 partes,
1506 1271 1719 1323 diverso
1750 1284 2011 1323 successu

425 1375 452 1411 a
508 1359 911 1425 Mogolensibns
945 1365 1206 1421 tentatas,
1251 1358 1397 1411 innui
1437 1359 1571 1412 satis
1603 1368 1846 1428 apparet;
1874 1361 2016 1414 unde

425 1446 545 1502 non'
576 1465 707 1502 vana
751 1450 1065 1515 conjec1ura
1100 1450 1169 1502 sit
1199 1453 1344 1504 hunc
1370 1451 1877 1503 circumminantem
1906 1448 2015 1504 Ro-

425 1541 598 1594 manis
637 1541 929 1609 provinciis
984 1541 1346 1595 Tocharicum
1398 1541 1708 1605 tumultum,
1756 1543 1823 1596 ab
1870 1557 2015 1596 anno

423 1633 646 1686 circiter
682 1633 888 1701 Hegirte
918 1633 1022 1689 628
1054 1635 1118 1687 ad
1152 1633 1277 1696 658,
1315 1634 1415 1688 hoc
1448 1646 1530 1687 est
1556 1635 1622 1688 ab
1647 1650 1789 1689 anno
1809 1636 2016 1694 Christi

425 1722 563 1776 1250
607 1723 672 1776 ad
713 1722 873 1786 1240,

429 1823 623 1868 nantes
681 1813 883 1868 Graecis
939 1814 1238 1879 Lascarim,
1296 1825 1387 1870 aut
1456 1816 1751 1880 Batatzam,
1811 1820 2005 1887 partim

424 1904 781 1972 imperantem
814 1904 1277 1971 Constantinopoli
1326 1907 1646 1961 Baldninum
1676 1906 1794 1976 ejus
1837 1910 2009 1963 nomi-

427 2000 512 2049 nis
567 1996 889 2051 secandum.
924 1996 1139 2052 Fortius
1175 2013 1338 2067 porro
1385 2013 1448 2053 ac
1500 1998 1709 2053 felicius
1745 2001 2010 2056 restitisse

424 2086 690 2142 Tocharis
720 2087 942 2141 Latinos
976 2104 1135 2153 quam
1169 2089 1387 2143 Graecos
1424 2105 1488 2143 eo
1526 2091 1689 2152 bello,
1726 2093 1867 2160 quod
1900 2090 2013 2144 for-

428 2189 480 2232 te
505 2193 692 2246 parum
729 2180 955 2233 candide
990 2180 1356 2249 Pacbymeres
1386 2180 1773 2250 dissimulavit,
1807 2184 2009 2238 diserte

429 2272 517 2326 hic
569 2270 802 2325 affirmat
855 2272 1305 2342 Abnlpharagius.
1362 2272 1437 2327 Ex
1477 2290 1583 2341 quo
1623 2276 1784 2329 etiam
1841 2277 2005 2333 disci-

430 2377 552 2419 mas
581 2364 835 2416 debuisse
879 2362 1096 2416 Grzecos
1137 2364 1436 2417 fortitudini
1468 2363 1804 2427 Latinorum,
1838 2367 2006 2423 vieto-

432 2457 527 2510 riis
582 2455 634 2507 in
674 2455 918 2518 Bulgaria
958 2456 1023 2508 tle
1079 2456 1484 2521 Mogttlensibns
1528 2458 1712 2514 relatis
1748 2462 2007 2527 probate,

430 2561 702 2600 recessum
742 2544 1112 2600 Tocltarorttm
1166 2547 1233 2598 ab
1268 2550 1502 2613 ipsorum
1541 2548 1776 2613 ﬁnibus;
1809 2568 1835 2603 a
1891 2552 2011 2619 qni-

431 2639 529 2692 bus
566 2639 704 2691 bello
737 2639 1012 2691 tentandis
1047 2639 1150 2692 nisi
1194 2647 1400 2693 terrore
1438 2640 1753 2697 Latinorum
1786 2644 2008 2698 cohibiti

429 2738 841 2799 temperassent,
877 2739 1137 2798 quantum
1194 2731 1486 2799 profecturi
1515 2734 1711 2796 forent,
1772 2745 2013 2789 conster-

431 2823 577 2875 natio
606 2822 912 2875 Grmcornm
943 2823 1007 2874 ad
1042 2822 1209 2876 solam
1252 2823 1580 2877 mentionem
1638 2825 1761 2878 belli
1797 2826 2011 2881 Tocha-

435 2915 529 2967 rici
570 2930 712 2981 saépe
753 2929 817 2966 ac
871 2912 988 2966 fuse
1048 2927 1076 2965 a
1135 2912 1468 2984 Pachymere
1518 2924 1816 2969 memorata
1877 2919 2010 2974 satis

433 3006 801 3074 angurandum
855 3005 1077 3074 praebet.
1125 3005 1238 3061 Huc
1291 3008 1433 3060 enim
1482 3009 1599 3062 sine
1632 3009 1795 3062 dubio
1849 3011 2015 3079 perti-

432 3105 563 3148 nent
603 3111 723 3162 quae
772 3097 861 3149 ille
907 3096 1011 3148 vol.
1060 3096 1111 3160 l,
1147 3112 1197 3163 p.
1240 3099 1372 3162 155,
1447 3109 1632 3153 narrat
1692 3103 1757 3154 de
1809 3112 2082 3186 terrorec

436 3176 817 3249 imperatorum
876 3185 1268 3251 Nicaeensiutn,
1315 3190 1529 3257 quoties
1585 3205 1769 3245 rumor
1804 3175 2013 3247 Tocha-

434 3287 613 3327 rortttn
651 3276 1030 3341 int-rebuerat;
1065 3290 1172 3330 tum
1208 3296 1323 3346 quae
1348 3295 1403 3348 p.
1440 3281 1541 3335 149
1580 3282 1743 3336 refert
1773 3285 1839 3337 de
1881 3301 2013 3338 con-

432 3368 763 3421 sternatione
794 3369 988 3422 Punica
1040 3369 1230 3425 Nicaeae
1266 3372 1414 3427 urbis
1461 3372 1525 3425 ad
1578 3387 1751 3427 ortum
1781 3393 1843 3430 ex
1879 3394 2014 3432 vano

434 3470 679 3508 Inttrntnr
726 3459 1038 3526 irruptionis
1071 3461 1237 3530 809
1267 3464 1481 3516 borum.
1529 3462 1787 3517 Videntur
1835 3478 2010 3520 autem

433 3548 634 3615 repulsi
671 3561 812 3602 metu
849 3566 875 3602 a
938 3549 1195 3605 Romanis
1227 3563 1353 3607 tunc
1404 3557 1695 3622 provinciis
1741 3558 2017 3622 Mognlen-

433 3653 521 3692 ses
544 3640 857 3694 inrubuisee
892 3643 942 3694 in
997 3642 1293 3711 Persidem;
1330 3647 1417 3698 tibi
1454 3661 1681 3701 navasse
1716 3650 1860 3716 ipsos
1885 3668 2013 3719 ope-

434 3743 571 3793 ram,
609 3732 849 3799 Calypha
906 3733 1017 3787 illic
1074 3734 1387 3789 dominante
1454 3739 1595 3790 victo
1631 3749 1684 3791 et
1733 3755 2011 3808 oppresm.

436 3830 617 3874 narrat
648 3824 846 3876 ibidem
891 3824 1005 3879 fuse
1056 3824 1421 3895 Pachymeres
1469 3844 1522 3898 p.
1562 3830 1683 3886 155.
1718 3831 2017 3900 adiungens

434 3912 532 3964 hos
564 3912 617 3964 in
649 3911 867 3966 Perside
892 3914 1271 3982 belligerantes
1314 3916 1593 3973 Tocharos
1617 3920 1777 3988 vulgo
1801 3899 2018 3978 Atarios

438 4012 680 4057 vocatos.
719 4004 870 4068 Quod
911 4020 1106 4057 nomen
1158 4006 1298 4060 forte
1350 4007 1493 4061 haud
1525 4023 1726 4063 temere
1775 4012 2018 4081 suspice-

437 4103 523 4146 tur
554 4095 821 4164 quispiam
860 4110 889 4150 e
915 4097 1132 4150 nomine
1161 4098 1312 4151 ducis
1344 4100 1581 4166 ipsorum
1616 4106 1908 4168 detortum,
1957 4115 2019 4157 ut

435 4187 527 4253 qui
561 4202 621 4240 se
647 4188 747 4254 ipsi
788 4187 1070 4241 Batuarios
1104 4204 1133 4241 a
1170 4189 1342 4243 Batuo
1373 4192 1633 4259 dicerent,
1667 4196 1807 4262 quod
1861 4196 2019 4266 hujus

437 4278 694 4346 auspiciis
738 4278 1084 4340 militabant,
1134 4280 1380 4348 populari
1441 4283 1792 4351 corruptione
1850 4299 2019 4339 vexa-

439 4379 611 4422 tarum
693 4370 762 4424 ab
832 4371 965 4439 ipsis
1018 4371 1213 4442 lingua:
1263 4373 1488 4429 diversae
1546 4378 1783 4444 gentiam
1834 4379 2017 4445 .Atarii

438 4463 864 4515 nominarentur.

507 4552 613 4607 Ἧι.
653 4554 866 4607 Interim
925 4571 1045 4624 quae
1070 4558 1163 4611 alii
1219 4556 1613 4626 Mogulensinm
1665 4560 1829 4615 duces
1886 4563 2013 4617 alibi

436 4654 659 4712 agerent
689 4660 992 4714 exsequens
1015 4648 1472 4717 Abalpharagius,
1518 4653 1679 4704 tradit
1715 4667 1857 4708 anno
1910 4654 2018 4708 He-

438 4738 568 4801 girm
595 4728 718 4797 655,
755 4736 907 4806 cujus
930 4749 1015 4793 est
1045 4739 1253 4792 initium
1287 4757 1316 4793 a
1349 4741 1435 4793 die
1465 4741 1531 4794 16
1562 4742 1837 4808 Septemb.
1888 4747 2014 4800 anni

439 4827 641 4881 Christi
678 4829 837 4893 1255,
863 4839 1074 4897 captam
1107 4831 1273 4885 fuisse
1329 4846 1356 4883 a
1426 4832 1826 4901 Mogulensibus
1881 4837 2016 4891 Car-

442 4920 684 4973 malisam
716 4922 903 4973 urbem
933 4921 1223 4973 maximam
1282 4922 1333 4974 in
1393 4925 1612 4991 regione
1665 4925 1896 4989 Arbelae,
1963 4937 2018 4979 et

443 5023 591 5063 anno
632 5010 879 5077 sequenti
929 5011 1127 5078 ipsam,
1167 5010 1423 5064 Arbelam
1475 5022 1595 5079 post
1650 5015 2015 5087 quadraginta

440 5106 648 5158 dierum
681 5104 1044 5164 obsidionem,
1071 5117 1261 5171 magna
1281 5104 1513 5172 pecunia
1563 5116 1822 5160 laxatam.
1860 5110 2016 5164 Anno

442 5193 654 5263 llegirae
699 5193 822 5258 6‘55,
854 5192 1058 5248 Christi
1088 5193 1247 5258 1257,
1296 5193 1364 5248 ab
1402 5194 1633 5264 Augusti
1672 5200 1870 5255 mensis
1926 5202 2017 5267 die

440 5286 532 5351 24,
589 5285 930 5355 Megalenses
959 5285 1012 5339 in
1038 5284 1273 5355 Bagdadi
1312 5285 1446 5340 lines
1475 5296 1860 5353 procurrentes
1906 5290 2017 5358 pri-

441 5392 588 5430 mam
622 5377 740 5430 acie
784 5376 907 5430 victi
927 5387 1072 5441 sunt,
1106 5378 1199 5430 sed
1229 5386 1413 5443 postea
1469 5391 1591 5430 cum
1651 5379 1807 5432 novis
1840 5379 2017 5447 copiis

406 5468 755 5533 .redeaates,
787 5470 853 5520 ad
888 5468 1063 5523 locum
1108 5465 1463 5522 Caneltininm
1500 5475 1771 5529 vocatum,
1810 5468 2015 5540 Bagda~

441 5560 688 5614 densinm
747 5561 1046 5614 exercitum
1112 5569 1340 5614 cruento
1401 5559 1588 5627 prelio
1642 5560 2017 5630 proﬂigarunt.

442 5650 598 5704 Anno
627 5650 731 5704 659
765 5649 999 5721 Hegirte,
1031 5649 1237 5705 ChriSIi
1285 5649 1450 5715 1241,
1510 5665 1538 5702 a
1586 5650 1675 5706 die
1740 5652 1805 5706 12
1863 5650 2012 5716 Julii,

444 5742 784 5810 Megalenses
813 5743 949 5797 duce
987 5740 1320 5811 Jarmaguno
1346 5744 1532 5797 urbem
1557 5742 1736 5798 Arzen
1756 5808 1761 5815 η
1785 5744 2013 5800 Romam

952 1724 1303 1792 inquieiasse,
1357 1727 1552 1792 partim
1606 1726 1795 1781 Nicaea:
1836 1728 2048 1782 domi-.

2113 533 2283 588 lendis
2342 534 2489 601 Julii,
2560 537 2900 607 Megalenses
2955 541 3224 595 saltanem
3313 541 3685 595 Giattodinum

2112 623 2228 676 acie
2261 625 2525 692 vicerunt,
2564 628 2681 698 ejus
2718 634 2881 684 urbes
2914 629 3161 683 Sivasam
3200 639 3251 683 et
3307 629 3611 683 Caesaream
3636 639 3692 683 et

2110 711 2455 778 Azenganttm
2475 727 2753 784 ceperunt,
2779 727 2833 773 et
2853 720 2936 773 bis
2950 719 3107 773 malis
3127 717 3210 790 [P.
3234 717 3361 789 £187]
3389 718 3560 773 fracto
3578 720 3691 773 sul-

2116 803 2243 855 tani—
2286 805 2549 859 tributum
2621 808 3018 875 imposuerunt.
3080 810 3237 863 Anno
3309 810 3519 878 Hegira:
3560 809 3689 874 645,

2113 892 2318 947 Christi
2345 895 2506 962 1245,
2532 912 2560 949 a
2599 896 2722 951 Maii
2751 899 2844 962 29,
2884 901 3037 952 Kaan
3082 900 3355 954 secundus
3400 902 3693 967 imperator

2114 983 2511 1053 Mogulensium
2558 990 2740 1044 vivere
2795 993 2977 1055 desiit,
3019 993 3297 1057 designato
3354 992 3504 1058 prius
3571 1006 3695 1045 suc-

2113 1090 2333 1131 cessere
2367 1088 2417 1133 et
2471 1082 2740 1135 accersito
2774 1084 2842 1137 ad
2883 1084 3020 1147 hoc,
3054 1084 3180 1134 dum
3215 1085 3391 1137 adhuc
3445 1083 3689 1144 viveret,
3734 1135 3753 1144 ,

2113 1168 2332 1238 Caynco
2354 1186 2453 1224 suo
2481 1172 2621 1239 lilio;
2656 1174 2744 1241 qni
2778 1177 2829 1227 in
2862 1175 3057 1229 itinere
3085 1175 3333 1228 nuntium
3365 1177 3573 1243 accepit
3625 1176 3692 1229 de

2116 1261 2286 1329 patris
2334 1275 2529 1316 morte.
2566 1264 2739 1318 Mater
2779 1266 3006 1336 Cayuci,
3058 1267 3201 1320 dicta
3230 1265 3520 1331 Turacina,
3572 1282 3694 1336 quia

2117 1351 2344 1413 Chatun.
2378 1354 2481 1408 hoc
2511 1364 2596 1406 est
2622 1357 2838 1408 domina
2859 1358 2973 1410 sive
3001 1373 3135 1410 uxor
3171 1358 3448 1426 primaria,
3486 1360 3694 1413 Kaanis

2118 1443 2316 1509 fuerat,
2349 1449 2633 1514 imperiunm
2667 1450 3091 1514 administravit,
3119 1452 3292 1504 donec
3317 1452 3535 1528 comitia
3559 1467 3685 1521 gen-

2119 1536 2186 1587 tis
2231 1538 2497 1591 aniversze
2531 1540 2905 1593 convenirent.
2936 1540 3091 1594 Anno
3123 1541 3257 1608 lleg.
3301 1541 3427 1604 644,
3488 1542 3691 1596 Christi

2120 1624 2279 1689 1246,
2309 1642 2335 1676 a
2373 1626 2491 1679 Maii
2540 1626 2624 1687 19,
2659 1627 2966 1681 celebratus
2999 1638 3080 1682 est
3115 1643 3341 1699 magnus
3391 1637 3693 1683 conventus

2121 1716 2423 1783 principum
2452 1725 2502 1770 et
2537 1720 2732 1772 ducum
2794 1720 3188 1789 Mogttlensium
3231 1732 3462 1791 tempore
3509 1737 3689 1783 verno,

2119 1809 2197 1860 ait
2222 1807 2798 1877 Abalpharagias,hoc
2819 1821 2923 1874 est,
2956 1821 3011 1865 ut
3039 1814 3255 1881 opinor,
3294 1828 3480 1866 mense
3510 1813 3685 1880 Aprili

2116 1899 2243 1952 anni
2267 1898 2472 1953 Christi
2508 1900 2664 1963 1247,
2692 1904 2868 1955 adhuc
2890 1915 3146 1957 currente
3180 1904 3285 1958 644
3304 1903 3533 1974 Ηθείτω.
3590 1902 3690 1957 llis

2115 1990 2351 2043 comitiis
2373 1990 2621 2060 Cayuetts
2644 1993 2871 2047 filiorum
2904 1993 3105 2049 Kaanis
3124 1995 3558 2057 natumaxitnus,
3583 2010 3689 2047 nou

2116 2082 2231 2135 sola
2260 2084 2434 2136 {etatis
2465 2085 2821 2153 praerogativa
2855 2096 2947 2139 aut
2994 2088 3164 2155 patris
3219 2087 3447 2156 judicio,
3482 2095 3574 2140 sed
3636 2099 3692 2140 et

2118 2176 2489 2242 praestantiam
2518 2176 2776 2230 virtutum
2816 2194 2879 2231 ac
2914 2178 3120 2233 dotittm
3186 2179 3381 2232 merito
3431 2177 3688 2246 praelatus

2118 2265 2339 2318 Cubano
2359 2276 2415 2321 et
2450 2266 2744 2322 Siramnno
2771 2268 3075 2324 minoribus
3113 2270 3393 2336 fratribus,
3456 2272 3692 2340 impera-

2119 2369 2203 2410 tor
2228 2358 2575 2423 declaratur;
2610 2360 2907 2429 titulusqne
2962 2362 3062 2430 ipsi
3096 2362 3310 2417 additus
3355 2373 3438 2416 est
3478 2362 3694 2432 Cayuc-

2115 2448 2341 2504 Chattis.
2380 2452 2478 2503 Hic
2524 2453 2658 2505 duos
2678 2453 2978 2518 praecipuos
3011 2454 3291 2508 ministros
3344 2454 3687 2510 Christianos

2118 2543 2323 2608 habuit,
2352 2558 2578 2610 quorum
2612 2546 2764 2599 alteri
2799 2544 3044 2609 Kadako,
3076 2547 3232 2600 alteri
3263 2545 3456 2600 Ginkai
3489 2563 3685 2602 nomen

2120 2632 2249 2699 luit;
2287 2649 2515 2700 quorum
2554 2634 2739 2689 favore
2772 2637 3012 2703 episcopi
3038 2644 3093 2713 et
3130 2637 3379 2689 monachi
3416 2652 3446 2690 a
3474 2637 3689 2707 Cayuc-

2117 2724 2301 2777 Cbane
2330 2732 2501 2778 matre
2529 2724 2699 2793 ipsius
2737 2726 3104 2793 universaque
3151 2728 3298 2796 regia
3324 2727 3529 2781 familia
3589 2728 3694 2782 im-

2119 2832 2284 2886 pense
2317 2819 2748 2873 honorabantur.
2781 2817 2937 2873 Unde
2972 2820 3204 2889 contigit
3231 2820 3367 2875 adeo
3424 2820 3538 2876 illic
3573 2836 3695 2876 cre-

2120 2924 2275 2963 scere
2304 2910 2671 2964 Cbristianam
2710 2912 3055 2981 religionem,
3091 2922 3354 2979 quantum
3380 2913 3464 2967 his
3512 2916 3696 2967 verbis

2125 3003 2558 3067 Abolpharagius
2587 3007 2846 3067 ostendit,
2902 3003 3235 3074 Factumque
3278 3018 3380 3069 est,
3420 3006 3692 3074 inquiens.

2120 3095 2398 3161 imperium
2428 3094 2812 3159 Christianum,
2849 3106 2897 3148 et
2925 3099 3101 3165 magni
3131 3097 3328 3150 habita:
3346 3108 3469 3150 sunt
3518 3108 3694 3167 gentes

2115 3201 2232 3254 qua:
2261 3186 2379 3238 huic
2420 3186 2662 3252 religioni
2688 3204 2873 3241 nomen
2903 3189 3181 3247 dederunt,
3209 3206 3237 3242 e
3269 3185 3519 3254 Francis,
3562 3189 3696 3245 Rus-

2117 3277 2209 3335 sis,
2240 3275 2393 3342 Syris
2418 3285 2467 3329 et
2503 3276 2770 3332 Armenia.
2800 3279 2873 3330 Ac
2897 3294 2955 3330 eo
2984 3280 3184 3331 redacti
3210 3291 3332 3331 sunt
3365 3290 3477 3332 tam
3503 3280 3695 3333 melio-

2118 3363 2191 3414 ris
2234 3375 2370 3415 noue
2406 3380 2567 3432 quam
2599 3380 2623 3417 e
2654 3365 2800 3432 plebe
2834 3365 3162 3434 Megalenses
3194 3368 3391 3438 aliique
3424 3371 3490 3422 iis
3529 3370 3697 3439 διε)

2115 3456 2370 3521 permisti.
2409 3465 2465 3508 ut
2500 3457 2639 3510 inter
2669 3458 3016 3511 salutandum
3054 3460 3294 3512 dicerent
3343 3461 3694 3522 Barechmor,

2115 3548 2251 3615 quod
2276 3547 2486 3600 verbum
2506 3557 2583 3601 est
2599 3552 2942 3617 compositum
2975 3550 3281 3619 Syriacum,
3303 3568 3499 3606 sonans
3525 3552 3695 3607 Bene-

2117 3640 2224 3701 dic,
2264 3638 2510 3694 Domine.
2535 3640 2615 3693 Ad
2655 3642 2814 3708 huius
2841 3658 2941 3709 ego
2971 3642 3296 3712 Megalensis
3351 3644 3696 3711 imperatoris

2116 3730 2539 3799 Caync-Chanis
2560 3742 2802 3801 tempora
2837 3735 3181 3788 referendum
3227 3745 3383 3804 'pnto
3410 3738 3553 3804 quod
3595 3736 3699 3791 Pa-

2117 3823 2401 3891 rbymeres
2426 3835 2630 3887 narrat,
2680 3836 2830 3880 tento
2859 3826 3041 3895 priore
3102 3843 3152 3881 c.
3185 3828 3218 3881 5
3275 3838 3329 3882 et
3358 3830 3416 3891 4,
3464 3828 3501 3883 l.
3535 3844 3584 3893 v,
3627 3829 3698 3884 de

2116 3911 2263 3983 Nega
2309 3929 2417 3968 uno
2457 3929 2487 3969 e
2515 3916 2740 3971 dttcibns
2773 3919 3046 3973 exercitus
3081 3934 3240 3988 quem
3295 3934 3323 3973 a
3383 3921 3575 3976 Kaane
3612 3937 3699 3977 se-

2120 4005 2296 4058 cundo
2324 4007 2655 4074 imperatore
2688 4008 3076 4076 Mogulensittm
3113 4011 3334 4065 missum
3367 4012 3608 4068 diximus
3641 4015 3695 4068 in

2119 4098 2572 4163 septentrionales
2602 4107 2810 4153 tractus
2849 4100 2916 4152 ad
2942 4116 3034 4153 eos
3066 4102 3455 4170 subjugattdos,
3488 4120 3698 4173 praepo-

2120 4187 2224 4240 sito
2257 4189 2483 4241 .cunctis
2505 4187 2677 4242 Batuo
2704 4189 2886 4244 fratris
2918 4193 2999 4244 sui
3032 4192 3162 4256 lilio,
3188 4207 3215 4244 a
3252 4194 3447 4261 quibus
3478 4193 3698 4252 Sclavo-

2121 4280 2263 4331 niam
2288 4287 2343 4331 et
2367 4277 2616 4332 Russiam
2652 4278 2817 4334 fuisse
2847 4294 3141 4350 occupatas
3167 4286 3414 4353 superius
3450 4303 3506 4342 n.
3535 4287 3568 4342 6
3598 4289 3700 4343 hu-

2117 4366 2205 4436 jus
2223 4369 2418 4439 capitis
2434 4384 2499 4424 ex
2529 4370 2927 4443 Abulpharagio
2958 4373 3336 4430 indicavimus.
3355 4376 3462 4432 Sed
3500 4379 3702 4448 impro-

2051 4473 2094 4529 D
2123 4473 2347 4532 spere‘a
2409 4460 2815 4530 Megalensibus
2866 4476 3073 4520 tentato
3098 4468 3698 4542 Constantinopolitano

2119 4552 2350 4621 imperio
2389 4564 2612 4622 propter
2643 4571 2797 4610 acres
2828 4556 2881 4609 in
2930 4558 3075 4627 ipsos
3121 4560 3356 4630 impetus
3415 4564 3699 4620 victorias-

2120 4662 2225 4716 qne
2253 4647 2572 4702 Latinorum
2601 4648 2847 4718 Byzantii
2876 4651 3297 4715 dominantium.
3335 4655 3541 4713 Batnas
3589 4675 3697 4715 non

2121 4744 2188 4797 ab
2212 4744 2278 4799 iis
2307 4745 2481 4799 solum
2511 4784 2527 4811 ,
2557 4746 2653 4801 sed
2692 4762 2718 4799 a
2744 4748 2946 4804 Graecis
3001 4750 3334 4806 lacessendis
3392 4755 3696 4821 abstinens,

2118 4849 2241 4889 cum
2272 4837 2541 4906 praecipua
2560 4848 2714 4906 parte
2743 4840 3021 4908 copiarum
3054 4841 3269 4897 videtur
3321 4844 3373 4897 in
3421 4844 3696 4902 Persidem

2118 4925 2377 4992 primum,
2425 4927 2617 4982 deinde
2646 4930 2714 4982 ad
2735 4945 2862 4983 suos
2910 4930 2962 4983 in
3001 4931 3240 4988 Orientis
3291 4934 3550 4989 interiora
3605 4952 3693 4991 re-

2116 5016 2366 5081 cessisse,
2387 5017 2631 5086 proxime
2659 5018 2725 5071 ad
2754 5017 3164 5088 Cayuc—Chanis
3187 5023 3268 5075 sui
3296 5023 3578 5091 propinqui
3602 5038 3696 5079 co-

2118 5105 2392 5172 mitatum,
2417 5107 2607 5161 relicto
2636 5108 2687 5160 in
2717 5105 3000 5164 Sclavonia
3024 5120 3079 5165 et
3120 5109 3346 5177 Russia,
3396 5116 3486 5181 qui
3543 5125 3694 5184 parta

2119 5197 2229 5249 illic
2252 5206 2517 5262 tueretur,
2551 5197 2726 5267 Noga.
2762 5198 2864 5254 Hic
2887 5211 3091 5268 autem,
3119 5212 3180 5257 at
3210 5202 3376 5259 refert
3404 5203 3698 5275 Pacltyme-

2120 5300 2229 5349 res,
2259 5300 2403 5351 cum,
2433 5285 2609 5342 auctis
2637 5301 2704 5341 ex
2732 5288 3112 5358 indigenarum
3132 5291 3414 5360 iuventate
3457 5295 3509 5349 in
3564 5310 3697 5353 suos

2096 5388 2297 5430 mores
2327 5376 2569 5430 traducta
2594 5378 2786 5446 copiis,
2807 5381 2940 5435 satis
2967 5396 3029 5436 se
3056 5382 3379 5438 instructum
3397 5394 3609 5453 putaret
3630 5386 3698 5440 ad

2119 5466 2485 5525 defendendas
2507 5471 2622 5525 suis
2645 5473 2908 5543 auspiciis
2930 5476 3129 5531 uberes
3154 5490 3250 5530 eas
3280 5476 3594 5547 fertilesque
3610 5491 3696 5532 re-

2117 5560 2329 5630 giones,
2359 5576 2423 5616 ex
2456 5563 2711 5632 prmfecto
2742 5582 2801 5620 se
2828 5569 3134 5637 principem
3174 5582 3488 5637 supremum
3516 5566 3696 5623 decla-
3767 5612 3784 5632 ,

2120 5652 2279 5717 ravit,
2313 5654 2618 5710 obedientia
2656 5658 2913 5730 deinceps
2945 5661 3350 5730 Megalensibus
3400 5661 3694 5728 imperato-

2120 5745 2269 5801 ribus
2295 5756 2507 5816 negata.
2543 5749 2714 5816 Quam
2741 5755 3138 5809 contumaciam
3163 5753 3256 5808 diu
3293 5752 3511 5822 impune
3550 5754 3687 5821 tulit,
