4036 6374
408 260 512 326 867

1374 259 1436 321 Ρ.
1482 259 1779 322 POSSINI
1823 252 2466 320 OBSERVATIONUM
2519 261 2663 322 LIB.
2704 261 2815 323 HI.

3589 270 3694 334 853

411 384 503 427 aut
531 373 1061 441 negiigentibttseam
1092 386 1203 428 rem
1240 372 1369 437 illis,
1402 382 1495 425 aut
1523 386 1630 425 non
1659 370 1995 427 sufficientes
2022 369 2071 426 Α
2100 367 2152 420 in
2186 367 2324 421 solio
2375 367 2710 423 solemnibus
2749 369 3092 424 caeremoniis
3139 370 3437 425 collocatus
3466 382 3568 428 est.
3608 376 3699 429 ln-

408 464 597 518 rehelli
634 466 901 518 domando
929 466 1119 533 capias
1146 475 1335 517 contra
1374 462 1575 530 Nogam
1626 463 1998 528 mittentibus;

410 556 552 608 unde
588 556 734 608 illum
770 557 824 608 in
859 556 1165 624 principatu:
1196 556 1419 624 perfidia
1451 556 1683 624 qumsito
1739 556 2001 608 corrobo-

409 646 524 700 rari
564 648 851 715 contigerit
878 646 1181 713 floremque
1215 647 1488 715 potentia;
1522 662 1629 716 qua
1676 655 1854 700 motus
1904 644 2001 699 Mi-

410 740 563 793 ctiacl
600 740 928 804 [‘alaroiogtts
952 751 1271 808 recuperata
1296 738 1768 808 Censlantinopoli
1828 749 1998 793 totum

409 830 688 885 Orimtlztle
743 832 1026 899 imperium
1085 832 1362 892 obtinens.
1423 831 1543 897 ejus
1600 832 1893 885 amicitiam
1947 840 2002 885 et

409 923 722 976 aﬂinitatetn
751 925 891 975 ultro
954 923 1230 986 ambierit,
1288 922 1413 976 data
1465 922 1624 985 Nogzc
1677 924 1731 977 in
1775 938 1998 977 uxorem

410 1017 626 1085 propria
669 1015 775 1067 lilia
813 1016 1187 1086 Euphrosyne,
1239 1027 1400 1086 prout
1429 1015 1545 1070 fuse
1577 1024 1764 1069 narrat
1817 1025 2001 1070 noster

409 1123 458 1160 c.
499 1108 551 1171 ὦ,
587 1108 621 1159 l.
652 1121 681 1154 ν
713 1106 881 1173 partis
917 1106 1134 1174 prioris,
1167 1106 1258 1160 ubi
1290 1106 1638 1174 possessione
1665 1104 1915 1159 diuturna
1944 1115 2001 1160 et

406 1202 596 1253 crebra
629 1201 986 1264 pro~peritate
1011 1213 1386 1262 sucressuum,
1424 1199 1623 1266 partim
1692 1199 1746 1253 in
1776 1200 1999 1253 eluden-

406 1288 489 1342 dis
526 1299 642 1341 arte
670 1304 732 1340 ac
767 1288 912 1353 dolo,
946 1288 1142 1354 partim
1176 1288 1228 1340 in
1264 1289 1311 1338 vi
1344 1287 1681 1357 repellendis
1710 1288 1997 1344 conatibus

405 1381 750 1432 dominorum
787 1393 1027 1433 veterum
1081 1379 1368 1444 fugitivum
1421 1381 1810 1448 repetentium,
1868 1396 1996 1434 sen-

404 1473 507 1525 sim
545 1473 713 1526 fuisse
740 1471 1120 1526 cuntirmatam
1150 1470 1316 1540 Nogae
1350 1473 1655 1542 dynastiam
1691 1471 1995 1543 Pachyme-

404 1579 494 1618 rrs
526 1566 786 1617 insinuat.
826 1562 982 1617 Unde
1008 1580 1113 1617 non
1181 1566 1482 1633 incongrue
1534 1566 1801 1634 suspicari
1847 1566 1992 1627 licet,

404 1655 475 1707 ab
491 1670 631 1707 anno
668 1656 900 1708 maxime
921 1656 1123 1709 Christi
1154 1655 1314 1721 1250,
1345 1671 1453 1725 quo
1488 1656 1717 1719 Batuus,
1752 1665 1811 1710 ut
1869 1671 1990 1710 mox

400 1750 665 1812 dicemus,
700 1751 933 1818 negotiis
976 1749 1274 1819 majoribus
1302 1749 1614 1819 reipublicae
1645 1748 1922 1819 Mogulicze
1956 1765 1987 1803 a

403 1856 533 1895 cura
560 1842 1209 1907 septentrionalislimitis
1244 1854 1505 1896 avocatus
1530 1844 1581 1895 in
1606 1843 1824 1913 longum
1855 1852 1992 1896 tem-

402 1948 502 2002 pus
530 1943 636 2001 est,
676 1936 905 2000 empisse
932 1933 1130 2001 Nogam
1164 1948 1252 1987 res
1276 1932 1387 1985 illic
1420 1949 1546 1987 suas
1565 1949 1727 2002 agere
1756 1949 1773 1998 ;
1807 1947 1990 2000 perse-

401 2039 731 2090 vernsseqlte
765 2026 1065 2077 crescendo
1087 2038 1327 2092 semper,
1365 2039 1648 2091 quousque
1699 2024 1984 2079 duodecim

399 2125 521 2183 post
567 2115 748 2178 annis,
777 2131 921 2167 anno
944 2116 1153 2168 scilicet
1172 2114 1380 2169 Christi
1403 2116 1625 2169 circiter
1656 2116 1813 2181 1262,
1862 2133 1985 2173 eum

400 2207 561 2259 talem
599 2208 893 2273 imperatur
924 2206 1154 2267 Michael
1190 2206 1521 2274 iudicaverit
1549 2208 1705 2277 cujus
1752 2208 1985 2265 aflinitas

402 2296 615 2355 intima.
648 2309 753 2360 qtta
802 2305 930 2347 tunc
970 2310 1092 2347 eum
1126 2296 1226 2348 sibi
1261 2311 1517 2362 generum
1555 2296 1759 2352 faciens
1797 2300 1986 2353 admo-

402 2388 497 2446 vit.
551 2397 606 2440 et
669 2386 862 2440 honori
921 2398 975 2440 et
1004 2386 1255 2455 praesidio
1282 2389 1444 2442 rebus
1497 2389 1610 2444 suis
1630 2389 1810 2445 futura
1835 2392 1986 2446 vide-

401 2492 574 2533 retur.

471 2572 556 2644 [Ρ.
591 2571 718 2644 588]
737 2570 872 2627 VIII.
894 2574 1051 2626 Auno
1069 2573 1278 2642 liegirm
1301 2573 1428 2634 687,
1453 2574 1610 2640 cujus
1627 2575 1843 2650 primus
1867 2574 1983 2629 dies

401 2664 500 2719 fttit
518 2675 703 2719 sextus
726 2664 972 2719 decimus
992 2667 1192 2731 Aprilis
1210 2664 1411 2719 Juliani
1438 2681 1583 2719 anno
1596 2665 1802 2720 Christi
1818 2667 1979 2731 1249,

399 2766 611 2810 mortua
638 2757 873 2825 primum
905 2756 1177 2810 Tttraeina
1203 2768 1376 2811 matre
1394 2758 1750 2813 dilectissimo
1770 2758 1985 2829 Cayuco

396 2847 621 2911 Chattis,
652 2850 769 2916 ipse
794 2864 902 2915 prae
935 2848 1125 2902 dolore
1178 2847 1354 2902 locum
1407 2860 1628 2903 mutans
1675 2850 1725 2902 in
1789 2850 1982 2903 itinere

396 2954 592 2995 versus
639 2949 820 3007 partes
850 2939 1162 2993 Orientales
1222 2938 1333 2991 fato
1400 2938 1621 2995 functus
1688 2948 1795 3001 est,
1839 2954 1980 2993 nono

2105 459 2248 523 cepit
2282 459 2326 514 is
2377 475 2551 519 annus
2596 461 2865 515 Arabicus
2918 476 2948 513 a
2990 461 3079 515 die
3102 462 3172 516 9.6
3205 462 3381 517 Martii
3408 462 3612 519 Juliani
3641 467 3694 520 itt

2105 566 2264 624 antur
2304 550 2504 606 Christi
2561 552 2720 607 ηδε.
2753 552 2907 608 Unde
2941 554 3293 623 intelligimus
3318 558 3557 624 auspicia
3592 560 3697 612 itit-

2105 612 2264 711 perii|
2303 643 2586 698 biuttkztkai
2618 645 2841 711 Kaanis,
2902 646 3007 701 diei
3048 612 3195 701 noito
3237 612 3434 703 Rabiai
3465 652 3692 717 prioris,

2105 748 2161 789 ut
2201 738 2400 792 diserte
2422 740 2619 793 asserit
2651 739 3111 808 Abnlpharagius,
3146 739 3323 802 affixa.
3357 753 3547 796 exacte
3566 759 3693 812 pro-

2102 826 2298 880 cedere
2343 845 2369 878 a
2420 826 2676 881 Kalendis
2722 827 2869 882 Junii
2902 827 3101 881 Juliani
3140 846 3285 885 anno
3321 831 3521 885 Christi
3573 850 3695 885 me-

2104 928 2314 971 morato
2338 918 2504 970 4231.
2537 916 2763 971 Videtur
2790 919 2877 972 hic
2904 919 3241 974 Munkakaus
3274 920 3424 977 Kaan
3454 924 3690 993 aliquid,

2103 1008 2246 1078 quod
2278 1010 2573 1062 observare
2617 1021 2803 1063 nostra
2837 1009 3089 1076 interest,
3134 1013 3343 1080 primus
3395 1013 3693 1069 innovasse

2100 1100 2154 1155 itt
2197 1101 2463 1170 regimine
2505 1102 2739 1171 imperii.
2783 1103 2993 1156 Ascivit
3019 1104 3164 1157 enim
3195 1104 3301 1159 sibi
3329 1107 3492 1159 veluti
3521 1107 3693 1161 colle-

2101 1208 2196 1259 gas
2245 1208 2277 1248 e
2311 1196 2424 1248 suis
2462 1192 2724 1248 fratribus
2772 1202 2981 1264 septem
3036 1197 3173 1250 duos
3228 1209 3358 1250 natu
3415 1200 3691 1256 maximos

2101 1282 2273 1337 Kobla
2300 1297 2352 1336 et
2377 1283 2585 1338 ffulacu
2607 1301 2623 1348 ;
2648 1298 2877 1352 quorum
2904 1285 3137 1351 priorem
3164 1286 3214 1338 itt
3241 1288 3456 1341 ultimos
3489 1287 3692 1343 Orien-

2101 1379 2169 1431 tis
2203 1378 2358 1439 fines,
2404 1376 2693 1431 Catttaiam
2746 1379 3000 1432 videlicet
3037 1390 3093 1433 et
3148 1376 3411 1434 Sinenses
3463 1382 3691 1449 provin-

2098 1466 2211 1519 cias
2238 1466 2384 1519 misit
2411 1466 2611 1520 tuendo
2632 1466 2738 1521 illic
2757 1466 3088 1537 Mogulcnsis
3113 1468 3325 1538 imperii
3347 1470 3531 1535 limiti,
3548 1475 3689 1526 alte-

2098 1574 2218 1612 rum
2253 1557 2465 1611 llulacu
2502 1562 2847 1614 moderandis
2878 1560 3133 1617 Occiduis
3166 1565 3431 1618 tractibus
3467 1566 3687 1634 imperii

2096 1652 2361 1718 ejusdem,
2408 1652 2510 1704 hoc
2562 1662 2648 1705 est
2705 1654 3013 1720 regionibus
3066 1652 3325 1721 Persidis,
3372 1655 3687 1727 Babylonia

2100 1755 2155 1798 et
2183 1744 2303 1797 aliis
2362 1746 2606 1798 Romano
2650 1745 2879 1814 imperio
2933 1745 3260 1809 confinibus,
3321 1748 3690 1815 prwfecitsu-

2097 1852 2283 1904 pretna
2318 1848 2609 1903 potestate,
2665 1854 2826 1907 quam
2862 1840 3047 1894 multis
3075 1841 3233 1895 annis
3259 1840 3368 1895 illic
3396 1843 3681 1907 exercuit;

2098 1930 2237 1983 unde
2277 1945 2304 1981 a
2338 1931 2674 1999 Paehymere
2725 1933 2829 1986 vol.
2863 1930 2904 1996 I,
2946 1948 2997 2001 p.
3030 1934 3154 1997 174,
3217 1934 3435 1987 Χαλαοῦ
3468 1937 3685 1991 Chnlau

2097 2023 2242 2090 (nam
2264 2024 2333 2076 ita
2362 2022 2574 2075 Hulacu
2609 2024 2928 2077 vocabulum
2960 2024 3254 2098 deformat)
3287 2028 3473 2098 ἅρχων
3505 2028 3687 2097 Talai-

2099 2129 2207 2181 ρων
2238 2114 2480 2181 princeps
2518 2112 2881 2167 Tocltarorum
2909 2117 3155 2171 absolute
3180 2120 3379 2172 dicitur
3404 2137 3421 2183 ;
3451 2130 3506 2171 et
3533 2119 3682 2189 apud

2095 2205 2576 2274 Ahulpharagittm,
2597 2222 2651 2274 p.
2676 2207 2805 2270 537,
2828 2208 3123 2262 consiliarii
3154 2208 3393 2280 Caliphaz
3418 2210 3678 2280 Bagdadi,

2094 2297 2161 2349 de
2197 2298 2356 2349 modo
2380 2298 2668 2352 resistendi
2696 2300 2869 2368 copiis
2921 2300 3232 2368 ingentibus
3280 2317 3415 2369 quas
3467 2303 3680 2357 flutat-tt

2092 2381 2349 2435 ductabat
2379 2385 2769 2450 deliberantes,
2807 2403 2927 2438 eum
2970 2403 3140 2457 regem
3169 2401 3545 2459 prwpotentem
3580 2408 3682 2448 vo-

2091 2482 2236 2528 cant.
2273 2473 2499 2529 Videtur
2532 2478 2596 2529 ad
2629 2478 2680 2530 id
2706 2480 2993 2534 consilium
3025 2484 3293 2552 partiendi
3326 2501 3450 2540 cum
3484 2487 3676 2543 fratri-

2093 2568 2193 2620 bus
2248 2568 2458 2636 imperii
2516 2570 2863 2627 Munkakaus
2921 2576 3081 2630 Kaan
3126 2577 3497 2645 descendisse,
3574 2584 3676 2638 do-

2090 2678 2212 2724 ctus
2238 2667 2573 2737 experientia
2602 2682 2767 2736 quam
2796 2677 2946 2722 esset
2970 2667 3180 2723 diﬂicile
3210 2682 3287 2724 tot
3320 2681 3539 2742 tamque
3565 2675 3676 2731 late

2091 2771 2338 2831 patentes
2364 2760 2674 2829 provincias
2715 2776 2886 2814 unum
2926 2776 3132 2828 regere.
3157 2762 3312 2817 Anno
3353 2765 3554 2835 quippe
3586 2783 3675 2822 se-

2087 2857 2268 2909 runtlo
2318 2855 2401 2909 sui
2455 2855 2693 2921 imperii,
2745 2854 2954 2923 llegirte
3014 2855 3138 2919 650,
3206 2857 3364 2927 cujus
3412 2858 3670 2915 Kalendae

2087 2946 2419 3000 Muliarranti
2461 2955 2849 3014 processerunt
2881 2963 2911 3001 a
2937 2947 3028 3002 die
3065 2948 3124 3002 Η
3155 2948 3331 3004 Martii
3364 2949 3562 3007 Jullani
3609 2954 3665 3008 ia

396 3032 484 3085 die
529 3032 710 3084 liahiie
735 3031 954 3099 prioris.
987 3033 1128 3085 tertii
1168 3032 1373 3086 mensis
1426 3032 1478 3086 in
1529 3048 1674 3086 anno
1718 3033 1978 3094 Arabico,
2006 3062 2053 3125 ο
2088 3054 2233 3093 anno
2255 3037 2458 3091 Christi
2494 3038 2657 3101 i252,
2685 3038 2731 3093 is
2770 3040 2857 3091 vix
2898 3040 3085 3094 salvus
3114 3040 3380 3111 effugerat
3407 3045 3671 3115 conjun-

390 3125 499 3178 itoc
548 3134 631 3178 est
689 3126 775 3177 die
826 3124 1281 3193 quinquagesimo
1355 3126 1585 3192 septimo
1637 3140 1664 3176 a
1721 3124 1981 3178 Kalendis

394 3215 747 3279 Multarrami,
804 3228 925 3281 quin
995 3224 1119 3265 nota
1176 3228 1384 3266 numeri
1413 3212 1554 3267 diem
1616 3211 1760 3266 Junii
1814 3211 1983 3266 unde—

382 3310 590 3359 cimum
627 3305 892 3373 designat.
926 3303 1181 3357 Turbatis
1231 3317 1296 3356 co
1361 3303 1637 3372 inopinato
1688 3319 1813 3357 casu
1864 3303 1980 3358 Mo-

388 3397 692 3463 gulensium
736 3395 901 3465 811
948 3394 1144 3458 rebus,
1188 3401 1297 3446 tota
1349 3408 1481 3446 cura
1518 3392 1729 3460 imperii
1777 3392 1841 3444 ad
1875 3391 1980 3446 Ba-

392 3501 542 3542 tnum
574 3504 604 3543 e
629 3490 799 3557 stirpe
851 3486 1247 3553 Gingizchanis
1284 3497 1412 3538 natu
1471 3485 1771 3538 maximum
1808 3485 1976 3539 devo-

388 3579 499 3632 luta
518 3588 624 3632 est.
656 3578 707 3632 Is
735 3593 830 3646 per
852 3578 1226 3643 interregnum
1249 3575 1514 3643 regimine
1543 3575 1594 3627 in
1625 3589 1820 3628 manus
1837 3590 1976 3629 sum-

389 3681 479 3737 pto
503 3670 668 3723 dabat
696 3683 915 3735 operam
934 3666 1332 3734 congregandis
1359 3666 1424 3717 de
1442 3679 1592 3718 more
1613 3664 1793 3733 gentis
1809 3664 1979 3718 conti-

384 3762 477 3813 tiis
500 3776 515 3824 ;
541 3774 661 3827 qua:
695 3773 785 3811 res
806 3758 875 3809 oh
903 3758 1217 3810 distantiam
1270 3756 1536 3832 locorum,
1558 3756 1976 3823 principumque

383 3850 773 3915 occupationes
788 3848 840 3899 in
866 3848 1183 3914 provinciis,
1216 3847 1490 3917 longiores
1509 3862 1656 3900 nunc
1674 3847 1837 3900 solito
1858 3862 1975 3900 mo-

389 3960 478 3998 ras
499 3943 707 3997 habuit.
731 3941 784 3994 In
805 3943 949 3995 hunc
977 3942 1229 3996 eumdem
1258 3956 1459 3994 annum
1481 3949 1630 3994 recte
1659 3955 1722 3994 ac
1740 3956 1973 3995 consen-

371 4049 549 4089 ‘tanee
568 4034 907 4088 nostratibus
926 4033 992 4087 ch
1004 4034 1284 4099 ronologis
1305 4032 1970 4101 confertAlmlpharagius

366 4126 695 4195 prioremin
730 4124 943 4194 Syriam
983 4135 1039 4178 et
1063 4123 1353 4193 Egyptum
1400 4124 1798 4191 expeditionem
1840 4107 1969 4180 sati-

362 4220 456 4273 v-cti
482 4216 766 4282 Ludovici,
796 4233 961 4287 quem
995 4231 1131 4269 sono
1164 4217 1316 4269 vocis
1340 4214 1483 4268 fama
1509 4216 1717 4284 jactata
1770 4218 1821 4270 in
1878 4219 1968 4271 lit-

380 4320 530 4363 teras
557 4309 820 4363 Arabicae
846 4310 1100 4377 conjecto
1130 4306 1427 4376 Redefrans
1465 4310 1720 4377 appellat.
1748 4311 1832 4366 Ab
1862 4314 1968 4369 hoc

2090 3124 2290 3184 tionem
2320 3132 2607 3185 adversum
2639 3146 2700 3185 se
2728 3133 2961 3187 validam
2997 3134 3303 3205 principum
3332 3152 3444 3191 suae
3464 3141 3667 3207 gentis,

2086 3233 2386 3292 postquam
2429 3239 2749 3293 oppressam
2790 3228 2975 3280 statim
3023 3228 3190 3280 refert
3228 3222 3670 3300 Ahtilpharagius

2083 3310 2386 3369 destinatos
2421 3315 2489 3368 ab
2532 3329 2597 3368 eo
2634 3313 2867 3367 Koblam
2899 3315 3131 3370 fratrum
3168 3318 3334 3387 812
3366 3321 3668 3376 maximum

2086 3406 2141 3458 in
2180 3416 2362 3473 partes
2399 3403 2639 3459 Cathaia:
2673 3416 2727 3460 et
2772 3404 2987 3460 Hirtam
3032 3410 3331 3463 secundum
3361 3410 3429 3465 ab
3457 3412 3579 3478 hoc,
3607 3428 3667 3466 in

2081 3497 2380 3551 Occiduuin
2413 3496 2746 3566 Mogulensis
2775 3498 2991 3567 imperii
3024 3500 3277 3557 limitem.

2154 3588 2245 3643 IX.
2280 3592 2439 3645 Anno
2466 3589 2676 3660 llegirae
2705 3590 2835 3653 651,
2866 3592 3025 3661 cujus
3048 3594 3260 3661 primus
3287 3594 3403 3650 dies
3430 3595 3486 3650 in
3514 3611 3661 3653 anno

2077 3681 2297 3736 Juliano
2320 3699 2443 3737 terte
2470 3683 2672 3738 Christi
2704 3683 2846 3739 1255
2872 3694 2956 3739 est
3001 3688 3194 3740 tertius
3222 3689 3423 3743 mensis
3456 3688 3659 3758 Martii,

2077 3776 2372 3845 capessivit
2400 3776 2611 3830 Hulacu
2641 3776 2757 3830 sive
2794 3776 3004 3831 Chalatt
3043 3778 3393 3834 commissam
3426 3781 3529 3835 sibi
3557 3798 3659 3837 an-

2077 3884 2147 3921 no
2172 3870 2453 3938 superiore
2471 3866 2846 3935 praefecturam
2871 3869 3270 3935 provinciarum
3295 3871 3657 3928 Occiduarum

2076 3959 2402 4029 Mogulensis
2432 3960 2666 4029 imperii,
2714 3960 2780 4013 ad
2811 3975 2949 4030 quas
2994 3960 3274 4029 profectus
3326 3975 3410 4018 est
3455 3966 3658 4020 ducens

2070 4051 2371 4105 exercitum
2401 4050 2905 4105 numerosissimum
2935 4062 3102 4122 atque
3124 4052 3507 4111 lectissimum:
3532 4072 3654 4112 nam

2072 4155 2103 4194 e
2132 4141 2363 4209 singulis
2395 4141 2693 4195 decadibus
2724 4142 2961 4197 militum
2991 4146 3127 4199 duos
3174 4145 3355 4214 elegit.
3386 4146 3654 4215 Suppedi-

2074 4232 2206 4285 tavit
2238 4231 2402 4285 etiam
2433 4232 2483 4286 ei
2512 4230 2857 4288 Munkakaus
2884 4232 3036 4290 Kaan
3089 4235 3363 4305 ingentem
3420 4254 3654 4307 appara-

2070 4333 2185 4377 tum
2211 4338 2489 4377 armorum
2522 4334 2575 4378 et
2623 4323 2997 4379 machinarum
3057 4342 3183 4381 cum
3232 4329 3400 4384 fabris
3437 4347 3649 4386 earum.

380 4402 553 4455 refert
582 4409 789 4467 raptant
816 4400 1156 4463 Damiatam;
1188 4408 1300 4451 tum
1331 4412 1526 4454 caetera
1562 4403 1627 4456 de
1660 4402 1751 4457 illo
1766 4407 1960 4459 eadem
1992 4408 2040 4467 ο
2068 4416 2230 4470 Duxit
2283 4431 2500 4485 quoque
2560 4431 2743 4472 secum
2801 4416 3015 4472 llulacu
3073 4420 3244 4476 filium
3292 4437 3451 4477 suum
3525 4436 3650 4480 natu

376 4494 542 4557 plane
565 4490 790 4558 parique
805 4491 1001 4544 ordine
1036 4503 1102 4542 ac
1126 4490 1308 4543 nostri
1345 4493 1667 4559 exsequitur
1687 4493 1959 4550 historici.

366 4584 516 4649 Quae
537 4583 735 4642 obiter,
763 4584 829 4634 ad
851 4582 1132 4649 specimen
1161 4583 1482 4639 veraritatis
1501 4584 1660 4651 hujus
1677 4585 1960 4650 Cbronici,

378 4674 517 4726 tanti
567 4673 669 4727 fuit
719 4675 1012 4729 indicasse.
1067 4674 1227 4730 Anno
1288 4677 1485 4730 dehinc
1564 4676 1772 4745 llrgirac
1821 4678 1955 4742 (548,

360 4767 538 4832 .i-ujns
603 4766 854 4841 Kalendas
914 4764 1245 4820 Mnhsrrami
1281 4784 1311 4821 a
1368 4770 1453 4820 die
1509 4769 1708 4834 Aprilis
1770 4772 1957 4840 quinta

383 4860 683 4926 procedunt
716 4859 767 4910 in
809 4872 953 4912 anno
995 4876 1120 4913 terte
1151 4860 1391 4927 vulgatis
1438 4860 1763 4914 Christianae
1804 4862 1955 4928 1250,

354 4951 594 5004 ~evnluto
612 4951 723 5018 jam
751 4952 969 5005 biennio
1003 4969 1030 5004 a
1065 4962 1240 5005 morte
1256 4951 1691 5021 Cayuc—Chanis,
1724 4974 1958 5015 cernens

379 5042 585 5096 Batuus
625 5042 823 5095 frustra
881 5057 945 5109 se
974 5044 1243 5096 hactenus
1272 5043 1549 5099 laborasse
1584 5046 1635 5098 in
1672 5064 1959 5103 accersen-

378 5135 464 5188 Jis
491 5149 522 5189 e
573 5135 871 5204 longinquo
908 5138 1278 5205 cogendisque
1311 5140 1364 5191 in
1428 5138 1665 5208 legitima
1733 5143 1953 5194 comitia

367 5224 766 5293 Magulettsium
801 5228 1160 5295 principibus,
1201 5228 1269 5282 de
1307 5231 1538 5285 consilio
1583 5236 1953 5300 praesentiunt,

372 5326 429 5371 et
465 5331 686 5371 assensu
714 5318 1023 5372 absentium
1057 5334 1153 5388 per
1189 5322 1385 5378 missos
1419 5334 1473 5376 et
1523 5325 1733 5379 litteras
1772 5328 1958 5381 decla~

358 5419 516 5472 rato,
585 5406 944 5461 Munkakattm
1013 5426 1044 5465 e
1080 5412 1471 5480 Gingizchanis
1526 5417 1696 5486 stirpe
1744 5419 1957 5487 magnis

360 5502 596 5556 adotihus
668 5503 933 5569 insignem
990 5506 1092 5560 rite
1160 5507 1546 5576 imperatorem
1611 5512 1953 5578 declaravit,

374 5593 634 5661 adjuncto
686 5594 735 5649 ei
786 5594 990 5652 Kaanis
1023 5599 1197 5653 titulo.
1232 5598 1421 5669 Neque
1461 5602 1548 5657 hic
1575 5612 1755 5658 tamen
1803 5607 1954 5673 prius

372 5699 533 5752 quam
565 5701 732 5745 verno
781 5699 1026 5760 tempore
1062 5691 1188 5747 anni
1228 5693 1527 5761 sequentis,
1576 5694 1792 5767 .liogira:
1827 5698 1951 5762 i549,

2065 4507 2148 4579 [Ρ.
2181 4506 2308 4579 589]
2329 4510 2621 4563 maximum
2659 4508 2939 4579 (Abakam,
2971 4510 3146 4580 inquit
3167 4514 3603 4585 Abnlphsragius
3635 4534 3648 4572 :

2063 4610 2145 4655 est
2172 4600 2222 4654 is
2255 4600 2374 4654 sine
2402 4601 2568 4655 dubio
2597 4616 2758 4670 quem
2792 4603 3154 4671 Pachymeres
3201 4606 3441 4675 Apagam
3470 4608 3647 4680 vocat)

2064 4703 2119 4745 et
2141 4694 2456 4763 primariam
2482 4708 2710 4748 uxorem
2729 4694 3097 4750 Christianam
3119 4696 3385 4752 Dukusum
3405 4702 3645 4757 nomine.

2067 4785 2200 4850 Quae
2228 4796 2424 4839 cuncta
2452 4784 2611 4854 juvat
2632 4801 2969 4851 memorare,
3016 4789 3271 4857 quoniam
3324 4791 3390 4845 iis
3422 4809 3541 4861 qua:
3583 4796 3648 4849 de

2063 4877 2269 4930 Chalau
2317 4877 2681 4945 Pachytneres
2736 4878 2900 4932 tradit
2948 4880 3109 4935 fidem
3159 4891 3431 4939 astruunt.
3474 4888 3645 4944 Annis

2064 4970 2197 5041 Heg.
2226 4970 2330 5024 655
2370 4980 2424 5024 et
2473 4970 2581 5024 (ἱὅὸ
2626 4980 2877 5026 recenset
2914 4972 3356 5044 Abnlpharagius
3398 4982 3642 5042 quasdam

2063 5073 2180 5115 acta
2218 5061 2429 5116 Balacri
2460 5062 2594 5117 satis
2620 5065 2934 5132 conspicua,
2964 5065 3061 5131 sed
3086 5082 3274 5135 parum
3299 5069 3367 5122 ad
3399 5087 3491 5125 nos
3517 5086 3642 5139 per-

2065 5153 2313 5209 tinentia.
2362 5154 2520 5208 Unde
2567 5154 2635 5208 ad
2680 5169 2887 5210 annum
2933 5157 3063 5227 Heg.
3120 5159 3227 5214 655
3257 5178 3638 5228 promovemns
3694 5152 3715 5185 “

2061 5245 2288 5311 gradum
2323 5247 2416 5299 :in
2442 5260 2507 5300 eo
2556 5246 2755 5315 quippe
2788 5249 2955 5303 nimis
2994 5251 3159 5303 etiam
3195 5255 3364 5307 multa
3416 5258 3483 5310 ad
3542 5272 3639 5312 nos

2060 5335 2361 5401 stsiectantia
2396 5335 2838 5404 Abulpharagins
2886 5353 3174 5397 memorat.
3216 5342 3425 5414 lucepit
3458 5349 3503 5401 is
3525 5364 3637 5401 au-

2061 5440 2163 5480 nus
2193 5425 2459 5480 Arabicus
2491 5442 2523 5480 a
2551 5427 2641 5481 die
2671 5428 2738 5483 i9
2786 5428 3033 5485 Januarii
3088 5439 3216 5488 anni
3283 5427 3417 5491 Chr.
3475 5440 3634 5504 1257,

2058 5518 2203 5571 unde
2231 5528 2379 5574 totus
2403 5518 2520 5574 fere
2550 5534 2671 5575 cum
2701 5523 2801 5575 hoc
2829 5538 3321 5581 commensuratur.
3342 5529 3428 5582 Eo
3450 5532 3638 5590 smiliit

2060 5610 2517 5681 Abulpltaragius,
2547 5628 2601 5682 p.
2633 5613 2739 5668 554
2761 5624 2817 5668 et
2845 5617 3128 5686 deinceps,
3161 5634 3452 5689 aegrotans
3474 5624 3640 5680 Theo-

2056 5706 2244 5759 dorum
2276 5706 2648 5775 imperatorem
2687 5705 2995 5766 Grecorum
3018 5713 3072 5767 in
3122 5715 3249 5770 urbe
3282 5715 3470 5784 Niria;
3511 5720 3638 5772 ints-
