4036 6446
431 316 541 383 869

1735 327 1887 388 CIIII
1898 327 2199 387 ONOLOG
2215 329 2406 392 lCUS.

3603 332 3713 398 8'70

435 437 641 505 rimque
658 448 878 489 vexasse
911 436 1193 503 patricium
1254 439 1533 506 quemdam
1563 457 1589 493 e
1638 457 1733 494 suo
1764 442 2023 495 comitatu
2056 448 2099 501 Α
2131 458 2283 496 scere
2346 446 2522 515 magis
2584 447 2836 514 coeperit,
2876 446 3124 517 superius
3179 457 3361 504 tamen
3417 447 3711 503 ino‘cvisse

434 525 750 581 Michaelem
778 541 1123 597 cognomento
1160 530 1545 600 Palwologum,
1588 534 1728 601 quod
1753 551 1780 588 e
1802 534 2019 604 quibus-

434 620 559 673 dam
587 620 860 675 vaticiniis
894 637 1014 691 qua!
1055 623 1362 690 ferebantur
1400 636 1727 694 suspectaret
1768 637 2021 696 regnatu-

435 724 587 771 rum;
631 710 862 778 jussisse
897 710 1051 764 illum
1105 712 1165 764 in
1221 713 1479 766 territorii
1533 713 2019 770 Thessalonicensis

431 809 604 852 castra
631 800 858 869 quadam
888 804 1281 869 comprehendi,
1302 806 1524 874 ducique
1574 808 1627 859 in
1663 823 1931 861 carcerem
1985 823 2019 860 a

434 891 665 959 quodam
697 893 928 955 Gadino,
956 897 1047 965 qui
1068 908 1245 949 tamen
1278 899 1326 950 ei
1352 900 1659 967 praedixerit
1713 899 2015 966 imperium,

433 983 762 1052 exsequendo
794 984 1139 1037 nihilominus
1155 986 1374 1053 jussum
1403 989 1743 1055 imperatoris
1777 989 2020 1044 Theodo-

432 1078 500 1129 ri.
533 1074 691 1129 Hunc
721 1077 874 1129 addit
896 1077 1115 1131 adducti
1136 1079 1208 1131 ad
1249 1096 1306 1133 se
1335 1079 1613 1135 Michaelis
1647 1083 2018 1137 misericordia

432 1179 630 1222 motum
669 1185 790 1223 eum
829 1171 1102 1233 liberasse,
1135 1183 1182 1225 et
1214 1182 1440 1227 tutorem
1455 1191 1646 1242 .parvo,
1675 1191 1827 1242 quem
1851 1177 2018 1230 retin.

440 1267 643 1334 juebat,
675 1267 787 1335 ﬁlio
817 1265 1178 1322 Cnlo—Joanni
1206 1279 1389 1322 vocato
1409 1270 1731 1339 prtefecisse.
1753 1271 1830 1324 Ac
1856 1272 2017 1340 paulo

436 1370 544 1412 sost
577 1372 841 1412 mortuum
875 1360 929 1413 in
961 1363 1285 1415 monasterio
1317 1361 1610 1433 Magnesia:
1633 1364 1800 1433 fuisse
1825 1367 2018 1432 sepul-

434 1461 562 1504 tum.
591 1453 756 1505 Addit
788 1451 1092 1506 Muzalonis
1124 1455 1349 1518 caedem,
1402 1456 1682 1510 Michaelis
1729 1456 2016 1527 Palteologi

433 1545 827 1611 promotionem
900 1544 967 1599 ad
1054 1544 1368 1615 imperium,
1451 1551 2015 1619 circumscriptionem

432 1636 582 1703 pueri
609 1634 996 1692 Caio-Joannis
1021 1678 1038 1701 ,
1068 1639 1393 1708 ejectionem
1425 1641 1642 1696 Arsenii
1689 1645 2015 1713 patriarchae

430 1728 484 1781 in
512 1727 763 1781 exsilium
783 1728 938 1796 jussu
963 1729 1267 1793 Michaelis,
1293 1732 1438 1802 quod
1460 1732 1507 1789 is
1535 1734 1713 1803 ipsum
1738 1737 1804 1790 de
1826 1738 2012 1807 pupilli

2129 550 2238 588 non
2291 553 2588 606 negamus:
2659 540 2772 595 imo
2824 541 2875 595 id
2937 541 3185 595 historia:
3241 543 3422 597 series
3478 541 3707 603 indicat.

2129 629 2336 693 statim,
2374 631 2594 700 inquam
2621 674 2635 698 ,
2689 643 2814 703 post
2847 674 2863 699 ,
2901 648 3096 704 nempe
3148 650 3291 687 anno
3323 633 3532 705 iii-girre
3559 633 3665 689 656
3691 674 3709 699 ,

2129 723 2285 789 cujus
2318 725 2419 779 fuit
2448 725 2663 781 initium
2721 729 2835 781 dies
2871 728 3120 783 Januarii
3169 737 3397 783 octavus
3451 732 3504 784 in
3563 745 3711 782 anno

2129 811 2335 868 Christi
2368 816 2530 870 modo
2558 828 2864 871 memorato
2899 818 3040 875 1258
3072 857 3089 882 ,
3121 818 3326 874 ilulacu
3370 835 3559 874 mense
3591 821 3710 888 ipso

2129 906 2258 957 anni
2286 906 2461 973 primo
2496 908 2844 962 biubarramo
2884 912 3221 981 oppugnavit
3268 912 3714 980 espugnaritque

2128 995 2182 1049 vi
2216 1011 2431 1051 summa
2501 1003 2691 1054 urbem
2752 1002 2912 1070 longe
2985 1003 3282 1056 maximam
3343 1003 3658 1072 Bagdadum
3694 1040 3711 1068 ,

2127 1088 2253 1142 olim
2294 1089 2630 1161 Babylonem
2689 1093 2887 1146 dictam
2921 1133 2935 1157 ,
2971 1096 3311 1161 metropolim
3360 1095 3509 1163 regni
3563 1094 3714 1146 Cali.

2126 1180 2268 1249 pltat.
2296 1182 2415 1248 Quo
2444 1183 2497 1237 in
2531 1184 2782 1239 ordinem
2813 1188 3035 1242 redacto
3071 1226 3087 1253 ,
3126 1190 3437 1257 ditioueque
3501 1189 3621 1257 ejus
3653 1188 3708 1241 in

2129 1272 2342 1343 imperii
2423 1276 2676 1346 Mogulici
2761 1279 3099 1349 provinciam
3183 1296 3443 1336 conversa
3479 1322 3494 1344 ,
3585 1284 3710 1337 fini-

2131 1366 2322 1421 timum
2453 1369 2743 1441 dynastam
2773 1412 2789 1438 ,
2867 1372 3121 1428 Mauselaa
3191 1373 3324 1446 [P.
3391 1375 3495 1429 590
3531 1375 3552 1447 ]
3608 1381 3709 1429 do-

2126 1459 2370 1526 minum,
2408 1464 2574 1520 minis
2640 1466 2914 1529 territum,
2952 1467 3053 1520 sibi
3108 1467 3456 1522 tributarium
3534 1469 3705 1523 fecit:

2129 1557 2185 1603 et
2208 1549 2542 1619 Astrapbum
2570 1553 2884 1625 dynastam,
2923 1556 3068 1610 arcis
3091 1558 3480 1611 munitissimae
3506 1558 3707 1612 ﬁducia

2125 1637 2314 1709 jugum
2343 1643 2532 1697 subire
2561 1644 2959 1700 detrectantem
2989 1688 3004 1712 ,
3034 1649 3086 1701 in
3123 1648 3240 1716 ipsa
3279 1649 3369 1701 illa
3420 1665 3517 1704 sua
3568 1651 3706 1703 urbe

2129 1730 2583 1801 Mihapltarekino
2606 1776 2621 1798 ,
2655 1736 2781 1790 licet
2811 1739 3214 1807 inexpugnabili
3251 1778 3266 1803 ,
3299 1742 3442 1794 fame
3473 1743 3707 1795 doman-

427 1822 783 1890 oppressione
814 1800 2020 1896 reprehendisset:deniqueaccumulat'sn-
2051 1800 2096 1859 Β
2125 1819 2252 1871 dum
2276 1821 2515 1876 obsideri
2538 1823 2704 1892 jussit
2759 1841 2789 1878 ε
2846 1828 2982 1882 suis.
3032 1828 3259 1882 Duravit
3321 1832 3537 1887 obsidio
3579 1834 3701 1913 plus

428 1928 524 1982 per
542 1914 725 1967 omnia
751 1916 1216 1983 recuperationem
1237 1919 1385 1972 urbis
1402 1919 2020 1990 Constantinopolitanae

426 2014 480 2059 et
501 2004 826 2074 eiectionem
851 2022 917 2061 ex
972 2022 1035 2061 ea
1088 2006 1430 2074 Latinorum,
1461 2015 1683 2087 modum
1736 2014 1812 2067 rei
1853 2026 2020 2085 gestae

429 2096 697 2157 referens.
730 2098 781 2152 in
819 2114 948 2167 quo,
995 2110 1053 2154 ut
1083 2110 1139 2155 et
1168 2103 1423 2169 superius
1470 2107 1815 2173 memoratis,
1863 2124 2016 2171 urite-

428 2191 553 2244 dam
590 2207 695 2245 non
729 2196 865 2247 adeo
891 2193 1070 2261 magni
1104 2196 1363 2249 momenti
1422 2196 1803 2268 discrepantia:
1852 2216 1881 2256 a
1911 2202 2015 2257 Pa—

430 2281 779 2352 cbymeriaua
803 2286 1119 2339 narratione
1151 2286 1311 2342 facile
1361 2303 1487 2343 cum
1524 2290 1859 2359 deprehendi
1901 2305 2013 2349 tum

425 2374 626 2443 corrigi
652 2383 906 2444 poterunt.
944 2393 1009 2431 ex
1044 2378 1338 2434 collatione
1392 2396 1511 2435 cum
1551 2383 1586 2436 l.
1622 2399 1638 2437 ι
1668 2387 1840 2455 partis
1871 2389 2017 2454 prio-

428 2466 506 2520 ris
537 2468 698 2531 hujus
754 2479 955 2524 nostra:
1006 2470 1265 2526 historiae.
1331 2471 1505 2528 Unum
1565 2479 1879 2533 necessario
1928 2480 2015 2537 hic

428 2559 802 2623 emeridamus,
837 2560 981 2628 quod
1011 2562 1087 2615 ait
1109 2563 1344 2632 spatium
1401 2568 1684 2636 temporis,
1735 2585 1846 2639 quo
1884 2572 2013 2627 urbs

425 2651 928 2720 Constantinopolis
962 2663 1093 2709 tunc
1133 2654 1338 2711 Graecis
1383 2656 1589 2712 reddita
1620 2671 1924 2729 permansrt
1958 2663 2010 2718 in

428 2753 701 2812 potestate
720 2742 1065 2809 Latinorum,
1102 2748 1268 2803 fuisse
1295 2766 1553 2804 annorum
1595 2753 1810 2805 circiter
1859 2757 2014 2822 quin-

427 2839 686 2906 quaginta
720 2840 907 2893 trium.
950 2836 1143 2895 Verius
1170 2841 1375 2910 quippe
1405 2843 1671 2914 Georgius
1717 2846 2013 2914 Acropoli-

429 2937 481 2981 ta
502 2968 518 2993 ,
553 2944 714 2998 quem
749 2932 1141 3000 descripsimus
1172 2944 1226 2986 et
1252 2942 1399 2988 recte
1437 2950 1754 2992 numerasse
1781 2941 2012 2994 demon-

424 3020 721 3075 SIravimus
747 3024 986 3089 priorum
1019 3022 1476 3079 Observationum
1516 3028 1550 3080 l.
1580 3043 1662 3092 ιιι,
1697 3043 1748 3084 c.
1777 3031 1831 3097 4,
1865 3047 1921 3087 n.
1952 3032 2009 3098 5,

2124 1910 2367 1968 biennio.
2402 1912 2645 1969 Tandem
2679 1925 2825 1970 an’no
2850 1918 3063 1987 Hegira:
3093 1919 3199 1974 658
3234 1921 3537 1992 Astraphus
3581 1910 3697 1994 ple-

2124 2004 2308 2069 risque
2357 2019 2583 2060 suorum
2638 2007 2780 2062 fame
2827 2011 3133 2079 absumptis
3188 2014 3395 2068 dedens
3447 2031 3570 2069 sese
3630 2017 3699 2072 ad

2124 2092 2326 2147 Huiacu
2364 2090 2720 2163 perducitur,
2766 2112 2823 2153 et
2852 2099 3010 2166 jussu
3066 2098 3183 2169 ejus
3218 2105 3566 2162 interﬁcitur.
3593 2107 3699 2163 Eo-

2119 2188 2241 2242 dem
2265 2198 2444 2242 autem
2473 2204 2617 2244 anno
2649 2190 2864 2262 Hegirte
2892 2193 3001 2247 658
3033 2234 3046 2256 ,
3083 2195 3174 2263 qui
3216 2210 3338 2249 cum
3370 2196 3641 2265 inceperit
3665 2217 3695 2254 a

2119 2279 2187 2334 18
2221 2282 2532 2338 Decembris
2592 2287 2717 2337 anni
2760 2283 2964 2339 Christi
3004 2286 3140 2341 i259
3174 2303 3346 2358 usque
3379 2290 3432 2343 in
3472 2292 3698 2347 Decem-

2117 2369 2269 2424 hrum
2308 2373 2439 2426 anni
2493 2373 2700 2430 Christi
2756 2375 2893 2429 1260
2942 2379 3191 2431 excurrit
3223 2419 3239 2443 ,
3279 2378 3486 2436 liulacu
3531 2391 3698 2450 ponte

2117 2460 2381 2531 Euphrati
2433 2466 2691 2532 imposito
2718 2468 2938 2535 trajecit
2988 2469 3041 2522 in
3078 2468 3298 2539 Syriam
3326 2511 3343 2535 ,
3371 2474 3581 2530 ducens
3607 2490 3696 2531 se-

2116 2567 2240 2608 cum
2302 2555 2676 2612 formidabiles
2735 2560 2922 2627 copias
2985 2561 3219 2615 millium
3269 2566 3698 2634 quadringento-

2114 2659 2259 2711 rum,
2285 2648 2484 2713 quibus
2507 2645 2829 2703 Damascum
2855 2650 3040 2704 obiter
3066 2653 3232 2719 cepit,
3257 2652 3534 2710 .Halebum
3569 2667 3695 2725 post

2115 2737 2326 2792 dierum
2366 2752 2664 2805 paucorum
2713 2741 3170 2811 oppugnationem
3209 2757 3330 2796 cum
3353 2747 3500 2799 caede
3532 2750 3694 2801 innu-

2115 2828 2462 2882 merabiliqu
2492 2829 2602 2884 illic
2632 2842 2971 2899 reperturum
3011 2836 3366 2902 expugnavit.
3417 2839 3479 2893 Al
3518 2838 3695 2895 Naser

2116 2918 2308 2974 Halebi
2338 2919 2594 2974 dominus
2622 2937 2747 2975 cum
2785 2922 3051 2977 uxoribus
3107 2936 3163 2978 et
3202 2926 3395 2980 liberis
3426 2929 3539 2992 jam
3566 2940 3695 2986 ante

2113 3008 2397 3079 profugus,
2437 3022 2632 3076 captus
2666 3013 2864 3067 deinde
2890 3022 2946 3067 et
2971 3016 3194 3069 occisus
3236 3028 3342 3072 est.
3379 3019 3491 3073 Sub
3522 3022 3635 3076 haec
3659 3037 3691 3076 a

422 3113 694 3167 deleniam
729 3130 759 3168 a
791 3110 1002 3169 Latinis
1032 3115 1560 3188 Constantinopolim
1595 3135 1691 3188 per
1715 3137 1885 3186 annos
1914 3138 2009 3179 oc-

2119 3108 2410 3156 recedente
2439 3118 2471 3158 e
2498 3103 2655 3174 Syria
2692 3104 2898 3158 Hulacu
2938 3106 3165 3163 relictus
3222 3111 3290 3164 ab
3349 3126 3416 3164 eo
3453 3112 3560 3165 illic
3596 3115 3691 3180 qui

425 3214 478 3257 to
501 3221 663 3271 supra
696 3208 1089 3276 quinquaginta
1119 3209 1405 3264 afﬁrmavit
1429 3252 1443 3275 ,
1476 3210 1641 3282 813
1668 3228 1788 3267 cum
1852 3217 2010 3271 abiis

422 3308 729 3364 expugnata
765 3300 933 3353 fuerit
957 3314 1103 3354 anno
1131 3300 1337 3356 Christi
1377 3302 1539 3369 1205,
1572 3304 1663 3358 die
1689 3306 1757 3359 12
1787 3307 2010 3377 Aprilis,

421 3400 476 3442 et
504 3388 710 3443 Graecis
746 3392 956 3445 reddita
986 3408 1128 3447 anno
1157 3392 1359 3447 Christi
1395 3395 1555 3460 1261,
1590 3395 1678 3451 die
1705 3398 1773 3453 25
1806 3399 2011 3454 mensis

418 3482 568 3535 Julii.
607 3482 810 3537 Fraudi
836 3484 1094 3538 nimirum
1127 3484 1537 3558 Abulpharagio
1570 3487 1692 3552 fuit,
1719 3491 1858 3558 quod
1894 3490 2009 3545 haec

421 3584 641 3635 cuneta,
674 3581 831 3639 prout
864 3573 1026 3627 simul
1065 3575 1336 3640 audierat,
1369 3592 1479 3630 uno
1515 3577 1661 3632 fasce
1718 3580 1768 3632 in
1803 3594 2008 3635 annum

421 3657 506 3716 sui
541 3661 799 3718 Cbrooici
824 3666 1043 3720 unicum
1072 3667 1385 3735 congessit;
1419 3682 1539 3736 qua:
1567 3670 1610 3723 si
1643 3669 2006 3735 distinxisset,

418 3756 782 3823 perducturus
828 3754 1007 3811 fuerat
1040 3759 1105 3813 ad
1142 3773 1345 3813 annum
1404 3758 1613 3829 Hegirte
1671 3759 1797 3828 659,
1849 3762 2007 3833 cujus

418 3845 675 3901 Kalendae
704 3847 1037 3904 Muharrami
1070 3866 1195 3905 cum
1248 3853 1470 3906 inierint
1499 3868 1529 3907 a
1562 3853 1651 3908 die
1683 3862 1840 3909 sexta
1895 3854 2004 3912 De-

417 3939 655 4015 cembris
679 3941 805 3994 anui
837 3940 1041 3997 Christi
1077 3942 1239 4008 i260,
1290 3944 1481 4010 majori
1510 3944 1594 3999 sui
1621 3956 1779 4015 parte
1830 3960 2006 4002 annus

417 4030 509 4083 ille
539 4008 805 4087 hrabicus
834 4048 957 4087 cum
1014 4032 1230 4090 Juliano
1283 4034 1336 4089 in
1392 4050 1500 4091 atra
1557 4045 1743 4091 nostra
1796 4038 2004 4109 vulgari

420 4123 553 4178 1261
591 4125 887 4179 concurrit.

493 4215 559 4271 X.
626 4217 982 4284 lgnoscamus
1023 4226 1204 4271 autem
1239 4257 1254 4282 ,
1288 4230 1492 4272 censeo
1519 4256 1535 4281 ,
1591 4217 2002 4288 Abuipharagio

419 4310 630 4379 cuipam
664 4310 824 4362 istam
875 4309 1314 4378 qualemcunque
1348 4308 1704 4364 confusorum
1753 4311 1806 4364 in
1834 4326 2001 4365 unum

419 4415 688 4453 annorqu
715 4409 970 4468 quatuor,
997 4414 1161 4466 quam
1196 4409 1421 4453 excusat
1454 4398 1510 4453 in
1561 4399 1782 4454 homine
1822 4400 2004 4457 Arabe

2118 3193 2413 3262 provincia!
2433 3205 2691 3261 praeesset
2723 3197 2968 3268 Cetbuga
3020 3214 3144 3254 eum
3208 3202 3397 3255 decem
3450 3205 3695 3261 millibus

2112 3282 2380 3349 equitum,
2416 3285 2604 3352 przciio
2631 3286 2810 3341 victus
2837 3295 2893 3340 et
2938 3288 3263 3344 interfectus
3290 3301 3371 3344 est
3420 3307 3448 3343 a
3480 3292 3694 3347 Kutuzo

2110 3374 2280 3446 814
2312 3373 2695 3431 Turcomanno
2727 3378 2983 3447 praefecto
3026 3377 3268 3450 Egypti.
3309 3380 3509 3437 Eodem
3545 3400 3691 3438 anno

2112 3466 2450 3522 Munkakaus
2473 3467 2623 3522 Kaan
2650 3484 2941 3538 supremus
2972 3471 3270 3540 imperator
3295 3471 3690 3540 Mogulensium

2113 3562 2301 3630 praelio
2334 3564 2622 3616 adversum
2669 3575 2853 3629 regem
2877 3560 3132 3615 Sinarum
3163 3562 3514 3616 rebellantem
3539 3579 3693 3617 com-

2115 3654 2288 3709 misso
2323 3654 2523 3724 sagitta
2550 3653 2692 3708 ictus
2722 3652 3001 3707 occubuit.
3042 3654 3116 3707 De
3142 3652 3305 3720 hujus
3339 3656 3692 3709 successione

2111 3744 2253 3798 inter
2284 3744 2422 3799 duos
2447 3746 2568 3814 ejus
2624 3746 2828 3801 fratres
2855 3760 2954 3815 per
2976 3758 3153 3799 annos
3216 3745 3340 3798 inde
3385 3745 3691 3798 octodecim

2111 3847 2383 3892 certatum
2427 3847 2556 3901 est,
2621 3839 3012 3893 succumbente
3078 3837 3312 3905 denique
3362 3845 3417 3888 ct
3497 3836 3691 3890 cedere

2109 3941 2302 3984 coacto
2335 3929 2607 3999 Arigbngu
2652 3940 2784 3983 natu
2838 3931 3053 3982 minore
3087 3968 3102 3993 ,
3161 3936 3217 3982 et
3255 3925 3451 4001 Kublssi
3492 3936 3690 3995 pratter

2113 4023 2294 4076 aetatis
2343 4022 2759 4090 praerogativam
2822 4021 3208 4087 praestantibus
3264 4032 3483 4085 quoque
3532 4032 3688 4070 com-

2111 4114 2368 4168 mendato
2415 4112 2633 4167 dotibus
2665 4151 2679 4174 .
2738 4111 2907 4164 armis
2963 4113 3127 4162 etiam
3170 4108 3517 4176 praevalente.
3568 4106 3689 4172 Quo

2108 4205 2253 4261 civili
2288 4216 2398 4259 tam
2424 4204 2570 4272 longi
2631 4201 2890 4269 temporis
2941 4199 3170 4253 dissidio
3227 4207 3380 4250 tanto
3428 4195 3688 4250 videlicet

2106 4297 2313 4350 certius
2359 4294 2718 4349 conﬁrmatus
2767 4301 2850 4345 est
2894 4289 3101 4344 Hulacu
3157 4289 3212 4342 in
3263 4287 3513 4341 absoluto
3572 4296 3687 4341 tra-

2109 4398 2294 4443 ctuum
2324 4385 2717 4447 Occiduorum,
2746 4381 2947 4453 quibus
2979 4389 3228 4450 praeerat,
3256 4378 3507 4445 imperio.

420 4508 648 4563 peregre
703 4494 933 4560 degeute
978 4492 1067 4545 vix
1115 4493 1396 4546 evitabiiis
1464 4491 1771 4563 ignorantia
1811 4507 1995 4547 rerum

2172 4476 2266 4534 XI.
2301 4478 2450 4548 Ergo
2473 4478 2521 4531 is
2555 4485 2610 4530 ut
2645 4475 2903 4529 amissam
2954 4473 3110 4527 clade
3151 4469 3415 4538 Cetbnga:
3464 4468 3686 4563 Syriam

417 4588 731 4640 Gram-arum
772 4586 914 4639 haud
968 4600 1064 4652 per
1103 4600 1161 4638 se
1218 4598 1549 4653 magnopere
1603 4584 1899 4654 insignium
1944 4595 2000 4639 et

422 4678 556 4731 locis
598 4694 627 4731 a
681 4679 1013 4731 commercio
1068 4678 1311 4744 abruptis
1376 4685 1825 4743 transactarum,
1874 4691 1998 4731 cum

420 4773 726 4840 praesertim
769 4772 956 4823 eodem
996 4778 1241 4839 tempore
1285 4778 1496 4823 mentes
1519 4769 1585 4823 ad
1638 4783 1699 4823 se
1750 4771 1996 4824 omnium

421 4881 517 4933 per
548 4865 865 4918 interiorem
907 4862 1093 4915 Asiam
1149 4868 1405 4929 raperent
1456 4862 1751 4929 prodigiosi
1808 4860 1998 4931 Mogu-

420 4959 588 5011 iensis
636 4956 848 5026 imperii
894 4956 996 5010 sub
1052 4954 1314 5023 auspiciis
1355 4953 1568 5006 llulacu
1619 4955 1736 5007 sive
1784 4953 1994 5008 Chalau

419 5064 785 5121 progresms,
832 5063 937 5102 nec
971 5049 1038 5101 iis
1098 5049 1332 5116 Spatium
1397 5047 1500 5099 alia
1561 5046 1721 5113 longe
1787 5046 1997 5100 minora

422 5144 737 5197 distinctius
792 5139 1122 5195 observandi
1176 5139 1569 5206 relinquerent.
1629 5135 1764 5189 Nam
1813 5136 1995 5190 statim

422 5246 545 5306 post
602 5249 808 5288 annum
856 5233 1005 5286 illum
1067 5230 1276 5301 Hegirtn
1326 5229 1471 5292 655,
1530 5244 1639 5296 quo
1704 5237 1999 5295 aegrotassc

423 5329 772 5383 Theodorum
808 5324 1125 5381 Graecorum
1180 5324 1568 5391 imperatorem
1636 5322 1800 5372 tradit
1830 5317 2001 5370 Abul-

423 5418 720 5491 pharagius
750 5459 765 5484 ,
806 5432 911 5470 non
950 5414 1089 5466 male
1156 5415 1222 5465 ad
1285 5418 1527 5463 nostram
1589 5404 2000 5472 chronologiam

388 5510 391 5535 ‘
429 5526 577 5567 tonio
606 5510 778 5579 priori
813 5525 863 5563 c.
890 5507 1080 5561 ultimo
1107 5504 1146 5558 l.
1182 5520 1241 5559 ιιι
1285 5500 1742 5557 Observationum
1796 5510 2003 5562 expan-

428 5621 544 5661 smt
604 5602 705 5658 etsi
758 5602 903 5655 enim
960 5599 1070 5652 illic
1107 5613 1206 5651 nos
1260 5609 1402 5649 anno
1440 5590 1642 5647 Christi
1690 5588 1827 5643 i658
1858 5628 1870 5650 ,
1914 5603 1997 5640 re-

430 5700 731 5766 spondente
753 5710 896 5748 anno
923 5691 1133 5761 Hcgirze
1164 5690 1268 5744 656
1290 5730 1304 5753 ,
1339 5678 1569 5757 priinam
1610 5682 1781 5736 morbi
1816 5680 2000 5735 Theo-

431 5792 546 5849 dori
589 5789 914 5845 mentionem
947 5785 1314 5855 posuerimus,
1365 5782 1507 5851 quod
1564 5787 1690 5832 tunc
1743 5776 1999 5845 ingrave-

2109 4579 2490 4640 recuperaret,
2523 4582 2667 4622 anno
2723 4557 2935 4633 Hegiras
2964 4564 3092 4628 659,
3124 4564 3216 4632 qui
3251 4566 3417 4629 ccepit
3446 4577 3477 4614 τι
3509 4562 3601 4616 die
3649 4559 3689 4615 6

2109 4664 2425 4719 Decembris
2479 4662 2607 4716 anni
2662 4660 2864 4714 Christi
2918 4658 3059 4713 1⁸260
3098 4694 3116 4723 ,
3182 4665 3235 4710 et
3283 4663 3691 4722 consequenter

2107 4757 2345 4811 excessit
2385 4756 2439 4807 in
2481 4763 2688 4819 partem
2750 4752 3038 4805 maximam
3090 4748 3217 4801 anni
3249 4746 3455 4801 Christi
3501 4745 3634 4799 1261
3668 4780 3689 4805 ,

2109 4853 2383 4919 ingentem
2416 4861 2635 4901 suorum
2667 4845 2968 4898 exercitum
3000 4854 3067 4894 eo
3103 4839 3251 4892 misit
3291 4839 3429 4892 duce
3448 4839 3683 4906 quodam

2110 4942 2401 5013 Gugafcio,
2439 4939 2530 5005 qui
2557 4943 2748 4989 crtucta
2781 4936 2955 5005 primo
2984 4930 3224 4983 adventu
3271 4927 3427 4981 facile
3471 4927 3686 4996 subegit

2110 5034 2379 5089 Halebum
2416 5043 2613 5098 usque,
2649 5024 2900 5094 plurimis
2935 5022 3135 5091 passim
3181 5021 3560 5074 obsistentium
3587 5033 3688 5073 oc-

2113 5126 2265 5181 cisis.
2300 5123 2408 5178 Sed
2458 5136 2578 5174 cum
2612 5130 2955 5187 praepropere
3011 5112 3079 5168 ad
3135 5126 3267 5167 suos
3322 5110 3687 5175 revertisset,

2110 5216 2565 5288 supervenientes
2601 5208 2981 5279 Egyptiorum
3043 5219 3251 5272 magnae
3288 5205 3458 5273 copia:
3496 5202 3690 5274 Mogu-

2112 5310 2349 5365 lensibus
2381 5307 2560 5358 den’uo
2599 5302 2811 5372 Syriam
2848 5301 3186 5368 eripuerunt.
3220 5297 3449 5352 interest
3495 5303 3683 5349 nostra

2110 5405 2200 5457 hic
2270 5400 2570 5454 observare
2654 5394 2816 5464 cujus
2888 5391 3152 5460 auspiciis
3213 5392 3326 5445 haec
3387 5398 3495 5442 tam
3553 5385 3688 5441 felix

2111 5493 2493 5565 Egyptiorum
2549 5487 2823 5557 expeditio
2855 5488 2928 5540 sit
2963 5492 3256 5551 suscepta:
3301 5482 3368 5536 de
3422 5481 3523 5533 hoc
3541 5479 3689 5533 enim

2111 5604 2217 5642 non
2254 5583 2623 5656 perfunctorie
2661 5582 2773 5650 agit
2829 5589 3015 5633 n05ter
3076 5576 3443 5645 Pacbymeres
3471 5612 3489 5637 ,
3524 5571 3640 5627 LIII
3667 5610 3688 5636 ,

2111 5695 2158 5734 ρ.
2189 5680 2243 5743 5,
2269 5677 2377 5730 iet
2406 5675 2439 5729 5
2474 5675 2601 5729 Ionii
2635 5673 2836 5744 prioris
2867 5711 2882 5734 ,
2918 5685 3003 5724 res
3031 5680 3334 5734 exsequens
3368 5680 3398 5718 a
3428 5663 3691 5717 Michaeie

2114 5772 2420 5840 Paimoiogo
2444 5779 2626 5839 gestus
2650 5754 2830 5823 statim
2858 5781 2886 5819 a
2917 5761 3144 5820 solemni
3179 5774 3279 5817 sua
3312 5758 3685 5820 coronatioae,
