4036 6380
439 279 540 347 3⁵11

1391 281 1454 338 Ρ.
1493 275 1787 338 ΡΟΞἿΝΙ
1819 272 2476 334 OBSERVATIONUM
2519 271 2666 332 LIB.
2715 269 2837 329 ΙΙΙ.

3566 268 3672 335 8T2

439 405 600 460 quam
626 389 838 458 accepit
862 387 1166 442 ministerio
1195 388 1528 456 patriarchae
1551 385 1769 440 Arsenii
1801 423 1817 449 ,
1851 391 2009 453 prout
2039 401 2082 445 Α
2113 397 2304 436 tnanos
2337 391 2468 435 nato
2494 379 2700 432 factum
2725 375 3042 444 Ethiopttm
3095 371 3360 428 sultanem
3393 377 3670 445 expulisse

444 491 701 534 narratur
731 481 929 533 ibidem
979 495 1030 534 c.
1063 479 1132 546 ες
1158 481 1599 534 demonstremus
1632 487 1812 530 autem
1839 515 1854 541 ,
1882 477 1916 528 Ι.
1950 489 2010 528 ttt

439 571 902 624 Observationum
931 581 1240 622 nostrarum
1277 568 1342 622 ad
1390 583 1512 621 eum
1567 577 1770 622 tomum
1805 580 1855 619 c.
1902 565 2014 618 Aet

441 665 555 726 10,
607 677 726 714 eam
781 661 1193 714 coronationem
1260 657 1587 712 celebratam
1649 657 1818 711 fuisse
1870 669 2013 710 anno

440 755 640 808 Christi
675 752 835 814 1261,
859 753 962 805 hoc
981 761 1063 804 est
1090 751 1186 804 illo
1219 750 1336 817 ipso
1371 751 1421 801 in
1459 765 1566 816 quo
1597 764 1740 801 nunc
1767 755 2013 800 versa-tur

439 843 889 911 Ahulpharagius,
927 856 1050 894 eum
1088 855 1380 893 numerans
1415 840 1626 908 [legit-at
1663 837 1787 892 639.
1814 837 2014 891 Scribit

447 938 613 999 igitur
646 937 764 986 loco
794 933 956 986 modo
1013 932 1250 985 indicato
1315 931 1678 1001 Pachymeres
1717 931 2011 984 sollicitum

443 1025 757 1076 Michaelem
787 1024 853 1075 de
885 1024 986 1076 sibi
1019 1022 1352 1075 stabiliendo
1384 1037 1572 1074 recens
1594 1020 2008 1089 partoimperio,

443 1132 577 1184 quos
613 1131 848 1167 maxmie
875 1123 1119 1182 potentes
1163 1115 1312 1167 circa
1364 1129 1422 1166 se
1456 1115 1729 1180 principes
1752 1114 1966 1166 videbat
1993 1151 2009 1176 ,

441 1212 542 1264 sihi
578 1211 870 1262 conciliare
907 1208 1197 1260 studuisse.
1249 1207 1327 1260 Ac
1370 1207 1529 1260 facile
1563 1207 1826 1263 videntem
1875 1205 2013 1257 etni-

445 1311 575 1350 nere
609 1309 733 1350 tunc
761 1299 954 1364 opibus
1001 1298 1140 1348 inter
1180 1297 1444 1348 tinitimos
1497 1298 1752 1366 dynastas
1803 1296 2008 1350 Cbalau

444 1389 741 1454 principem
769 1386 1141 1438 Tucharorum
1166 1424 1182 1448 ,
1209 1387 1309 1439 hoc
1339 1398 1421 1439 est
1448 1389 1684 1452 Hulacu,
1711 1388 1866 1456 cujus
1888 1402 2010 1440 cre-

443 1481 544 1532 bro
567 1479 810 1530 meminit
836 1477 1356 1544 Abulpharagius.et
1378 1477 1644 1530 sultanem
1667 1477 2006 1545 xEthiopum,

444 1568 727 1634 utriusque
781 1569 1009 1635 gratiam
1047 1567 1268 1620 ambire.
1305 1568 1496 1622 oﬂiciis
1540 1569 2012 1637 legationibusque

443 1660 747 1712 all'ectasse.
784 1659 856 1710 Ea
879 1659 1169 1711 occasione
1205 1661 1269 1712 tle
1295 1661 1507 1713 Sttltane
1533 1658 1850 1728 Elltiopum
1900 1677 2012 1712 me-

445 1762 623 1804 morat
655 1792 668 1814 ,
711 1751 882 1804 fuisse
917 1752 1062 1802 illttnt
1104 1766 1302 1820 genere
1349 1751 1670 1814 Cumanum,
1700 1767 1820 1819 quae
1865 1753 2012 1822 regio

447 1852 530 1894 est
572 1858 734 1910 prope
773 1842 1007 1895 Pontum
1055 1840 1363 1908 Euxinum;
1402 1845 1528 1897 hinc
1576 1845 1707 1897 olim
1738 1846 2012 1899 venditum

443 1935 494 1986 in
527 1934 845 1986 servitutem
877 1933 1140 2002 Egyptio
1169 1935 1429 2000 domino,
1461 1952 1559 1989 sua
1590 1936 1702 1989 illic
1748 1937 2012 1992 industria

443 2025 666 2078 serviles
688 2035 909 2078 catenas
962 2025 1014 2077 in
1067 2025 1272 2093 regium
1323 2027 1568 2080 diadema
1620 2039 2009 2084 commutasse.

444 2115 706 2167 liumdem
755 2115 906 2168 addit
932 2117 982 2167 in
1026 2115 1212 2184 primis
1263 2118 1582 2185 prudentem
1631 2119 1916 2182 habitum;
1957 2132 2012 2177 et

441 2207 584 2272 quod
611 2205 660 2256 in
691 2203 928 2272 Egypto
949 2217 1108 2260 natos
1161 2221 1351 2274 parum
1388 2208 1596 2262 habiles
1627 2211 1836 2266 bellicis
1864 2213 2013 2268 labo-

443 2301 599 2350 rihns
649 2301 755 2350 Vitit
776 2311 850 2351 ret
889 2300 1132 2362 ,emisse
1187 2315 1387 2368 pueros
1450 2317 1644 2369 magno
1699 2321 1925 2360 numero
1979 2322 2012 2362 e

447 2393 665 2460 Scythia
694 2401 750 2444 et
799 2391 920 2444 aliis
966 2391 1276 2460 regionibus
1309 2401 1458 2446 trans
1512 2391 1743 2448 Pontum
1776 2435 1792 2460 ,
1815 2399 2013 2465 quibus

439 2482 578 2548 apud
626 2497 687 2534 se
743 2482 962 2535 nutritis
1021 2481 1254 2536 fortibus
1318 2483 1512 2538 deinde
1570 2487 1832 2542 militibus
1895 2500 2012 2543 ute-

444 2576 640 2636 batur,
702 2572 1048 2635 permittente
1109 2573 1160 2624 id
1216 2576 1879 2646 commercium,‘tnagno
1935 2581 2011 2634 rei

442 2667 772 2718 Christianae
857 2665 1230 2728 detrimento,
1303 2668 1629 2734 imperatore
1698 2670 2007 2726 Michaele:

444 2757 566 2808 hinc
603 2756 747 2807 enim
773 2766 990 2807 auctum
1017 2755 1210 2815 opibus
1239 2755 1458 2826 Aigypti
1488 2759 1759 2814 sultanem
1789 2761 2012 2819 Latinos

441 2845 1150 2914 l’almstinamoecupantes
1204 2847 1350 2901 illinc
1389 2851 1680 2916 expulisse.
1733 2851 1860 2907 HLEC
1913 2855 2013 2909 Pa-

441 2937 782 3006 cliymcres;
860 2955 978 3006 quae
1053 2943 1284 2994 multum
1325 2943 1668 2998 illustrantur
1729 2964 2010 3016 compara-

2118 471 2274 543 Syria
2299 471 2524 524 Latinos
2557 467 2900 523 Christianos
2939 463 3059 528 ait,
3117 463 3163 518 is
3190 463 3308 518 sine
3371 466 3534 518 dubio
3579 467 3672 522 fuit

2114 579 2278 632 quem
2306 565 2483 632 patrio
2509 557 2774 614 vocabulo
2819 557 3044 610 Baiban
3085 557 3288 610 dictum
3325 595 3341 619 ,
3371 555 3572 612 domini
3589 559 3672 615 cui

2115 659 2379 714 servierat
2406 658 2626 711 nomine
2673 653 3088 708 Bundokdarem
3120 663 3489 722 nuncupatum
3515 655 3674 710 Abul-

2116 749 2404 819 pharagius
2435 748 2610 800 docet.
2828 803 2842 820 ,

2184 837 2298 892 XII.
2331 836 2660 891 Releramus
2687 850 2789 888 nos
2811 833 2922 900 jam
2965 833 3032 887 ad
3062 848 3150 888 res
3178 833 3519 890 intermissas
3567 832 3680 888 Hu-

2115 931 2234 983 Iacu
2267 929 2384 983 sive
2425 927 2632 983 Chalau
2675 938 2730 980 et
2764 927 3132 994 subjectorum
3163 926 3263 992 ipsi
3293 924 3674 992 Mogulensium

2115 1038 2237 1074 cum
2272 1021 2524 1086 deinceps
2565 1020 2801 1070 narratis
2843 1033 2872 1069 a
2915 1016 3254 1084 Pacbytnere
3295 1017 3502 1068 utiliter
3533 1031 3676 1070 com-

2115 1113 2410 1184 parandas.
2447 1111 2636 1164 Tradit
2683 1109 3118 1175 Abulpharagitts
3151 1110 3346 1161 eodem
3387 1107 3489 1160 hoc
3523 1108 3676 1160 modo

2116 1207 2352 1260 iudicato
2396 1209 2537 1257 anno
2584 1203 2794 1272 llegirae
2827 1201 2951 1263 659,
2978 1201 3136 1269 cujus
3177 1199 3281 1253 fuit
3319 1200 3530 1253 initium
3568 1201 3678 1254 dies

2114 1308 2302 1349 sextus
2368 1295 2682 1350 Decembris
2730 1295 2856 1346 anni
2887 1293 3088 1345 Christi
3137 1290 3298 1355 1260,
3357 1291 3576 1344 missum
3626 1291 3675 1343 itt

2113 1386 2324 1454 Syriam
2378 1387 2444 1440 ab
2499 1385 2704 1438 ilulacu
2747 1382 3142 1450 Mognlensium
3188 1381 3520 1446 exercitum,
3548 1382 3679 1434 duce

2117 1480 2392 1545 Samdagu
2447 1476 2772 1532 Christianis
2823 1475 3064 1539 favente,
3118 1473 3404 1526 obsidione
3451 1472 3678 1526 cinxisse

2113 1569 2406 1623 Mauselam
2459 1569 2649 1621 urbem
2705 1565 2916 1620 incluso
2967 1565 3020 1618 in
3070 1579 3132 1617 ea
3177 1565 3241 1617 Al
3287 1563 3489 1616 Saleho
3515 1562 3677 1632 Syriae

2114 1661 2382 1727 principe,
2429 1669 2482 1712 et
2519 1659 2692 1725 copiis
2739 1672 2769 1710 e
2812 1655 2968 1727 Syria
3013 1655 3252 1709 obsessis
3284 1655 3564 1722 suppetias
3597 1668 3679 1706 ve-

2115 1751 2386 1804 nientibus
2432 1764 2526 1818 per
2583 1749 2739 1819 longe
2791 1747 2895 1800 illis
2937 1757 3289 1800 occurrentes
3353 1744 3678 1812 Mogulenses

2117 1842 2506 1896 circumventis
2533 1851 2587 1894 et
2612 1839 2896 1894 occidione
2921 1839 3108 1892 deletis
3133 1837 3426 1891 Manselam
3455 1837 3676 1904 cepisse,

2116 1934 2364 2003 plurimis
2413 1935 2465 1986 in
2518 1915 2580 1987 ea
2621 1935 2853 2002 repertis
2891 1933 3108 1992 occisis.
3137 1932 3263 1986 aliis
3297 1931 3559 1984 servitum
3591 1929 3678 1983 ab-

2114 2028 2312 2089 ductis,
2379 2026 2496 2094 ipso
2540 2027 2784 2096 principe
2839 2024 2904 2078 Al
2949 2024 3149 2080 Saleho
3198 2026 3263 2078 ad
3325 2024 3531 2078 Ilulacu
3567 2037 3681 2091 per-

2117 2125 2292 2171 tracto
2342 2117 2610 2186 hujusque
2648 2117 2802 2186 jussu
2860 2115 3170 2171 interfecto.
3210 2115 3302 2168 Ilae
3349 2125 3513 2168 tanta:
3539 2113 3678 2169 Cha—

2115 2193 2205 2260 lau
2241 2206 2486 2273 victoria:
2518 2215 2806 2260 moverunt
2843 2205 3166 2260 Michaelem
3195 2204 3681 2273 PalmulogumAn-

2113 2313 2329 2372 gustum
2360 2301 2426 2352 ad
2472 2302 2618 2354 omni
2666 2313 2769 2368 ope
2815 2304 3166 2369 satageudum
3217 2299 3268 2352 in
3317 2300 3551 2367 paranda
3584 2297 3678 2350 sibi

2116 2391 2494 2447 benevolentia
2545 2401 2652 2444 tam
2699 2395 2933 2460 potentis
2985 2401 3037 2445 et
3093 2407 3228 2458 pene
3283 2390 3502 2444 ﬁnitimi
3541 2391 3680 2458 ptin-

2114 2485 2278 2552 cipis.
2337 2483 2524 2550 Igitur,
2600 2485 2744 2552 quod
2815 2492 3000 2536 narrat
3069 2483 3444 2552 Pachymeres
3500 2483 3533 2536 l.
3600 2497 3677 2548 ιιι,

2113 2591 2162 2627 c.
2233 2575 2266 2627 5
2299 2575 2470 2645 partis
2525 2576 2742 2642 prioris,
2804 2574 3007 2644 legatos
3079 2574 3144 2629 ad
3193 2591 3322 2630 eum
3377 2575 3544 2640 misit,
3594 2576 3678 2643 qui

2114 2671 2294 2740 ipsum
2321 2688 2350 2724 a
2383 2686 2444 2726 se
2472 2672 2780 2724 salutarent
2805 2681 2859 2725 et
2893 2671 3011 2740 ejus
3047 2671 3348 2724 amicitiam
3385 2679 3677 2740 poscerent,

2112 2762 2291 2816 oblata
2333 2762 2382 2814 in
2425 2777 2682 2830 Sponsam
2737 2763 2952 2832 propria
2987 2763 3096 2816 tilia
3125 2763 3320 2817 Maria.
3356 2763 3558 2818 Iudicat
3588 2760 3682 2815 Pa-

2113 2853 2396 2917 chvmeres
2444 2851 2658 2906 venisse
2691 2867 2720 2905 a
2751 2851 2955 2905 Chalau
2988 2853 3054 2905 ad
3094 2851 3416 2908 Micltaelem
3455 2862 3680 2904 mutuam

2113 2941 2457 3008 legationem.
2493 2957 2599 3009 qua
2633 2942 2680 2996 is
2713 2943 3045 3007 significaret
3081 2943 3298 3008 placere
3355 2944 3456 2997 sihi
3503 2941 3681 2995 condi-

439 3033 591 3086 tione
627 3047 748 3085 cum
779 3033 846 3084 iis
880 3049 996 3100 qttze
1027 3035 1460 3101 Abnlpltaragitts
1509 3042 1606 3091 hoc
1657 3041 1775 3094 loco
1797 3043 2008 3096 scribit.
2037 3044 2080 3100 c
2115 3033 2314 3085 tionem
2356 3033 2616 3087 oblatam.
2661 3032 2806 3087 Idem
2849 3049 2974 3088 vero
3011 3035 3326 3088 distinetius
3370 3049 3674 3104 expressum

438 3123 524 3178 Ait
549 3125 715 3184 enim,
757 3132 1036 3191 postquam
1067 3125 1307 3179 Kutuzus
1338 3127 1747 3184 Turcomanntts
1785 3131 2008 3204 .Egypti

437 3213 686 3266 dominus
702 3214 866 3282 815
885 3215 1181 3284 Cetbugain
1212 3218 1601 3284 Mogulensium
1623 3225 1672 3274 itt
1697 3224 1854 3294 Syria
1873 3241 2010 3292 prte-

438 3305 637 3358 llectum
661 3308 778 3360 acie
824 3310 1020 3360 victum
1046 3310 1500 3379 oecidisset,quod
1525 3320 1597 3367 ait
1619 3320 1904 3389 centigisse
1924 3323 2010 3377 die

434 3396 504 3448 ‘27
535 3397 736 3450 mensis
771 3396 1078 3451 Ramadani
1125 3397 1221 3468 [P.
1256 3402 1352 3456 591
1386 3402 1402 3474 J
1439 3419 1579 3458 anno
1605 3406 1822 3477 imgine
1851 3411 1957 3466 658
1990 3453 2006 3476 ,

437 3488 540 3540 hoc
561 3498 650 3540 est
676 3490 762 3542 die
785 3489 818 3540 5
845 3489 1182 3557 Septembris
1241 3496 1366 3547 anni
1399 3495 1602 3552 Christi
1633 3500 1772 3554 1260
1805 3540 1820 3565 ,
1873 3505 2008 3558 satis

434 3593 660 3646 gnarum
695 3580 845 3632 illmtt
871 3581 1011 3634 haud
1039 3583 1318 3648 quieturos
1345 3585 1683 3654 Mogulenses
1705 3592 1770 3644 ab
1799 3592 2006 3646 ultione

435 3668 604 3720 cladis
633 3669 788 3722 istius
817 3675 1168 3738 reposcenda,
1201 3691 1520 3744 properasse
1575 3679 1628 3730 in
1659 3679 1952 3750 ngyptum
1987 3719 2004 3744 ,

435 3770 495 3812 ut
520 3761 704 3826 copias
732 3761 842 3814 illic
868 3773 1108 3830 pararet,
1143 3768 1340 3834 quibus
1388 3769 1520 3836 ipsis
1549 3771 1840 3824 obsisteret
1874 3773 2007 3826 :sed

435 3864 501 3904 eo
553 3851 746 3904 itinere
801 3867 968 3923 prope
1018 3857 1214 3910 Gazam
1271 3874 1624 3928 progressum
1691 3877 1719 3914 a
1769 3865 2001 3930 quodam

431 3941 669 3996 Baibars
712 3958 901 4000 vocato
959 3946 1132 4002 fuisse
1197 3949 1572 4006 interfectum.
1632 3955 1796 4007 Addit
1857 3957 2002 4012 hunc

430 4032 676 4099 Baibarr,
708 4039 1011 4092 conciliatis
1063 4050 1119 4093 et
1182 4043 1454 4110 adjunctis
1513 4044 1613 4098 sibi
1659 4048 1832 4112 copiis
1884 4065 2003 4116 quae

435 4123 650 4178 liutuzo
687 4129 1078 4196 militaverant,
1111 4147 1234 4186 cum
1261 4132 1330 4186 iis
1369 4133 1672 4202 ingressum
1709 4137 2000 4210 Egyptum

429 4231 548 4272 eam
610 4232 931 4286 occupasse.
965 4219 1158 4275 Tradit
1189 4223 1386 4276 ibidem
1415 4223 1578 4278 istum
1625 4225 1851 4282 Baibars
1883 4246 2000 4286 ser-

426 4325 550 4362 vum
577 4318 733 4362 antea
761 4310 931 4364 fuisse
958 4312 1138 4378 magni
1170 4313 1452 4380 cujusdam
1482 4316 1537 4368 in
1563 4315 1800 4388 Aigypto
1823 4321 1994 4386 dttcis,

427 4397 514 4452 cui
541 4396 869 4454 Bundokdar
925 4415 1120 4452 nomen
1179 4401 1398 4467 fuerat;
1457 4406 1602 4460 unde
1646 4409 1800 4463 initio
1845 4409 1998 4464 Bim-

425 4485 628 4539 dukdar
656 4489 912 4541 minorem
962 4490 1323 4546 nominatum.
1369 4493 1436 4545 At
1485 4509 1767 4566 postquam
1817 4501 1994 4556 sultan

426 4573 646 4642 IEgypIi
683 4574 860 4628 factus
901 4585 1032 4639 est,
1075 4579 1516 4644 cognominatum
1575 4599 1605 4637 a
1665 4585 1777 4640 suis
1828 4587 2000 4642 fuisse

427 4665 802 4718 Rumodinum
837 4665 904 4716 At
929 4665 1100 4719 Maleo
1135 4667 1202 4720 Al
1234 4667 1465 4725 Dira/ter.
1500 4673 1633 4728 Eum
1667 4685 1845 4732 tamen
1878 4692 2001 4746 per-

423 4757 504 4825 git
534 4759 584 4810 in
622 4759 979 4826 sequentibus
1011 4760 1448 4832 Abulpbaragius
1497 4781 1694 4822 vocare
1743 4767 1998 4824 Bundok-

425 4850 632 4910 durem,
668 4862 958 4901 successus
1007 4849 1127 4918 ejus
1183 4855 1448 4909 maximos
1480 4871 1998 4916 recensens,contra

423 4937 774 4992 Christianos
799 4935 1023 4992 Latinos
1045 4943 1394 4998 Antiochiam
1439 4957 1492 5001 et
1525 4950 1695 5016 Syria:
1722 4951 1998 5006 maritima

423 5027 757 5090 obtinentes,
789 5043 926 5096 quos
961 5030 1110 5086 illinc
1131 5036 1338 5103 expulit
1367 5077 1385 5104 ,
1428 5047 1484 5089 ttt
1525 5039 1692 5092 etiam
1752 5041 1998 5108 deplorat

422 5117 788 5184 Pachymeres
819 5128 966 5175 tomo
1001 5122 1019 5176 l
1050 5163 1066 5188 ,
1106 5125 1142 5178 l.
1167 5141 1226 5179 Ill
1259 5165 1276 5192 ,
1307 5143 1356 5182 c.
1399 5127 1433 5181 5
1461 5166 1478 5192 ,
1533 5129 1747 5200 culpant
1807 5149 1994 5188 earnm

422 5204 658 5258 cladium
707 5222 773 5260 ex
820 5219 974 5277 parte
1033 5215 1309 5282 imputans
1366 5219 1698 5286 imprudenti
1751 5225 1997 5281 avaritiae

423 5293 702 5351 Michaelis
723 5296 1033 5372 Palaeologi,
1054 5305 1146 5372 qui
1175 5317 1398 5374 propter
1423 5323 1688 5377 quaestum
1725 5316 1994 5369 modicum

423 5390 775 5454 permittebat
797 5406 827 5446 e
852 5391 1020 5448 Ponto
1043 5398 1319 5462 etportari
1352 5398 1404 5451 in
1429 5399 1719 5472 Aigyptum
1742 5405 1994 5476 Scythica

427 5479 692 5550 mancipia
723 5490 930 5538 tenerae
963 5487 1164 5550 :etatis,
1187 5502 1305 5556 quae
1334 5488 1664 5550 deinde-illic
1689 5496 1740 5549 in
1800 5499 1994 5554 robus-

422 5577 508 5624 tos
527 5579 581 5624 et
605 5571 936 5629 Christianis
966 5575 1125 5630 rebus
1171 5579 1422 5636 exitiales
1465 5583 1758 5655 bellatores
1803 5592 1995 5644 adole-

420 5671 654 5718 scerent.
684 5663 854 5731 Quem
882 5665 1046 5735 igitur
1075 5667 1442 5741 Pachyinercs
1464 5689 1492 5730 e
1512 5691 1676 5734 servo
1700 5681 1838 5748 apud
1875 5682 1990 5738 Co-

2117 3121 2167 3173 in
2203 3121 2588 3190 Abulpharagii
2621 3122 2900 3178 Chronico
2936 3124 3148 3192 legitur,
3185 3141 3238 3192 p.
3275 3124 3406 3189 555,
3442 3125 3528 3178 ubi
3563 3137 3680 3176 nar-

2115 3222 2227 3264 rata
2281 3213 2448 3284 816
2492 3212 2696 3268 llulacn
2742 3223 2936 3279 morte,
2991 3216 3058 3268 de
3113 3231 3220 3282 qua
3280 3233 3407 3271 mox
3457 3216 3676 3282 dicetur,

2111 3303 2300 3357 scribit
2336 3321 2460 3358 cum
2521 3304 2631 3374 jam
2680 3315 2836 3360 antea
2893 3307 3104 3362 misisse
3158 3309 3368 3377 legatos
3417 3309 3674 3364 Constan-

2113 3394 2417 3462 tinopolim,
2469 3399 2558 3464 qui
2607 3398 2772 3450 tiliam
2848 3397 2957 3452 illic
2995 3397 3319 3466 imperantis
3352 3401 3407 3454 in
3461 3413 3670 3454 uxorem

2111 3486 2210 3538 sihi
2282 3499 2593 3556 poscerent.
2633 3487 2742 3542 Has
2781 3499 2999 3543 mutuas
3053 3489 3338 3547 Michaelis
3383 3502 3437 3546 et
3477 3492 3670 3545 llularu

2112 3575 2409 3642 legationes
2477 3578 2656 3632 obitas
2731 3590 2956 3648 apparet
2997 3583 3093 3651 .ab
3160 3596 3308 3636 anno
3380 3585 3473 3638 661
3543 3584 3668 3653 lleg.

2109 3669 2176 3722 ad
2205 3670 2328 3734 665,
2373 3685 2610 3738 quorum
2658 3686 2924 3724 annorum
2972 3673 3119 3739 prior
3163 3673 3358 3744 incipit
3409 3691 3438 3728 a
3483 3675 3568 3730 die
3609 3676 3670 3730 15

2110 3761 2434 3816 Novembris
2481 3763 2608 3815 anni
2657 3762 2863 3816 Christi
2914 3763 3074 3824 1269..
3131 3767 3406 3832 posterior
3435 3783 3463 3820 a
3494 3768 3560 3822 '24
3585 3777 3670 3822 aut

2106 3852 2176 3905 25
2209 3851 2464 3908 Octobris
2519 3854 2644 3907 anni
2699 3854 2905 3909 Christi
2967 3856 3124 3909 1264.
3177 3855 3466 3926 l’erspecta
3517 3873 3669 3929 porro

2109 3943 2337 3998 Michael
2394 3943 2602 3999 llulacu
2658 3945 2960 4010 voluntate,
3020 3947 3185 4000 ﬁliam
3241 3967 3399 4004 suam
3447 3951 3667 4005 Mariam

2107 4049 2368 4108 apparatu
2425 4037 2711 4106 magnifico
2755 4037 3130 4093 deducendam
3182 4044 3249 4095 ad
3290 4058 3416 4096 eum
3459 4053 3670 4098 strenue

2105 4132 2320 4185 curavit
2369 4146 2466 4198 per
2497 4131 2983 4186 archimandritam
3033 4137 3352 4189 monasterii
3381 4135 3669 4190 Pantocra-

2105 4221 2240 4276 toi-is
2273 4221 2490 4274 nomine
2532 4221 2864 4288 Principem,
2919 4237 2982 4276 ex
3025 4223 3221 4276 illustri
3271 4225 3476 4280 familia
3505 4225 3666 4280 Pelo-

2107 4311 2550 4376 ponnesicnsium
2599 4311 2978 4382 dynastarum,
3019 4329 3180 4382 quem
3227 4316 3304 4368 ait
3343 4316 3462 4371 loco
3493 4315 3668 4386 proxi-

2103 4417 2190 4454 me
2247 4401 2468 4454 laudato
2520 4401 2884 4470 Pachymeres
2945 4405 2998 4457 in
3059 4421 3124 4459 eo
3179 4405 3378 4462 itinere
3425 4411 3663 4463 nuntium

2102 4493 2381 4562 accepisse
2413 4495 2604 4548 mortis
2636 4494 2864 4558 Chalau,
2902 4511 3004 4548 nec
3045 4507 3224 4550 tamen
3261 4513 3320 4551 re
3351 4499 3546 4571 infecta
3577 4513 3666 4553 re-

2101 4586 2289 4648 diisse,
2337 4585 2431 4640 sed
2477 4587 2798 4654 perduxisse
2837 4604 3090 4656 sponsam
3135 4589 3212 4642 illi
3250 4591 3572 4645 destinatam
3601 4589 3664 4643 ad

2103 4677 2276 4729 filium
2313 4679 2430 4747 ejus
2462 4687 2516 4732 et
2551 4693 2930 4732 successorem
2964 4679 3232 4750 Apagam,
3284 4683 3375 4749 qui
3418 4698 3536 4736 eam
3567 4681 3662 4734 sibi

2098 4767 2345 4837 jnnxcrit
2399 4784 2646 4826 uxorem.
2704 4769 2830 4826 llaec
2887 4772 3076 4824 eadem
3137 4773 3455 4830 distinctius
3506 4775 3661 4828 etiam

2102 4863 2359 4928 exprimit
2392 4862 2856 4931 Abulpltaragitts.
2897 4878 3206 4918 memorans
3238 4865 3450 4935 legatos
3487 4868 3664 4933 impe-

2102 4951 2302 5004 ratoris
2348 4953 2961 5023 Censtantinopulitani,
3008 4958 3101 5024 qui
3145 4957 3302 5024 hujus
3351 4959 3515 5012 tiliam
3561 4955 3662 5010 liu-

2101 5042 2220 5097 lacu
2253 5045 2581 5114 desponsam
2625 5049 3043 5115 comitarentur,
3075 5051 3167 5104 ubi
3201 5049 3502 5105 Casaream
3542 5063 3662 5118 per-

2101 5135 2399 5199 venissent,
2447 5137 2728 5206 accepisse
2761 5142 2989 5194 nuntios
3027 5143 3096 5196 de
3129 5141 3333 5198 Hulacu
3369 5143 3537 5205 obitu,
3567 5153 3660 5193 nec

2103 5232 2280 5278 tamen
2333 5227 2458 5280 ideo
2500 5228 2882 5284 retrocedendi
2936 5235 3224 5288 consilium
3275 5235 3518 5296 inhisse,
3569 5229 3656 5283 sed

2101 5316 2331 5382 puellam
2385 5318 2706 5386 perduxisse
2761 5321 2829 5376 ad
2881 5323 3116 5376 Abakam
3158 5327 3210 5378 in
3242 5325 3420 5394 patris
3458 5321 3658 5376 Hulacu

2095 5403 2208 5471 jam
2240 5405 2378 5460 solio
2415 5407 2563 5476 regio
2605 5407 2868 5478 locatum,
2911 5413 3003 5480 qui
3039 5427 3158 5466 eam
3197 5413 3301 5467 sibi
3345 5413 3448 5468 rite
3475 5410 3656 5478 conju-

2100 5513 2219 5566 getn
2254 5500 2505 5554 sociavit.
2554 5500 2669 5556 lloc
2713 5503 2834 5558 sine
2877 5504 3044 5558 dubio
3084 5501 3318 5574 pertinet
3367 5504 3433 5558 ad
3465 5513 3654 5556 annum

2101 5588 2317 5659 Hegirae
2349 5592 2476 5658 664,
2525 5596 2685 5663 cujus
2723 5594 2979 5650 Kalendm
3021 5597 3354 5651 Multurratni
3406 5595 3492 5667 [P.
3536 5585 3652 5659 593]

2098 5683 2241 5739 dictu
2277 5684 2597 5744 insederunt
2653 5691 2876 5744 tertium
2922 5689 3198 5747 decimum
3248 5689 3496 5746 Octobris
3529 5680 3648 5739 anui
