4036 6388
318 314 438 377 8T3

1637 310 1733 368 CII
1747 309 2300 372 ROXOLOGICUS.

3486 314 3592 376 8H

318 431 525 485 Christi
571 426 726 491 I263,
760 434 812 480 et
839 423 965 494 quia
1005 440 1129 493 qua:
1168 424 1336 479 multa
1385 433 1437 478 et
1492 425 1649 478 tnolis
1696 442 1904 497 inagnre
1935 436 1978 490 Α
2010 429 2192 483 bendo
2214 428 2595 500 Abulpharagii
2620 430 2891 497 rationes;
2917 417 3059 501 quod
3082 433 3545 502 equidem,propt.
3570 451 3595 485 r

324 526 391 575 ab
451 520 860 589 Ahulpharagio
921 517 974 572 in
1035 517 1178 572 hunc
1230 530 1431 569 annum
1497 525 1904 583 congeruntur,

324 629 521 683 nempe
571 627 719 668 mors
774 610 987 664 llulccu
1042 618 1099 664 et
1149 608 1334 678 aliquo
1378 607 1668 661 intervallo
1718 617 1907 661 secuta

326 722 474 759 IIIUI'S
523 705 686 759 etiam
742 702 975 757 Dukusae
1021 700 1352 756 Christianae
1400 698 1651 767 conjugis
1702 697 1909 767 ipsius,

331 812 443 852 tum
509 807 629 863 post
681 795 825 851 hanc
855 794 1075 849 comitia
1117 791 1518 862 Mogulensium
1575 790 1910 859 principum,

324 894 414 961 qui
445 889 681 943 Abakam
713 888 783 942 ob
815 894 1155 956 perspectam
1185 885 1341 952 ipsis,
1374 892 1433 936 ut
1457 885 1533 937 ait
1571 883 1913 953 Abulphara-

326 985 471 1054 gius,
504 983 621 1048 ejus
674 981 1012 1050 prudentiam
1038 1017 1055 1042 ,
1088 977 1473 1046 sufﬁcientiam,
1536 975 1911 1037 eruditionem,

325 1089 455 1141 etc.,
488 1077 675 1132 liberis
708 1073 988 1142 suffragiis
1021 1074 1074 1125 in
1132 1085 1446 1139 supremum
1470 1083 1579 1122 sum
1604 1068 1783 1138 gentis
1816 1067 1915 1119 im-

328 1182 633 1243 pcratorem
658 1168 945 1235 elegerunt
964 1175 1015 1218 et
1034 1163 1267 1219 subinde
1287 1163 1389 1216 ritu
1413 1162 1653 1230 ipsorum
1678 1174 1877 1214 corona
1894 1188 1907 1196 -

331 1276 477 1324 runt,
495 1278 597 1315 non
622 1261 869 1314 ridentur
895 1272 1058 1324 posse
1082 1255 1134 1308 in
1161 1256 1392 1325 primum
1413 1253 1538 1306 attui
1568 1251 1787 1305 Arabici
1822 1252 1918 1303 tri-

331 1362 528 1407 mestre
564 1352 718 1405 facile
745 1348 1042 1417 compingi,
1098 1344 1446 1401 verisimilius
1496 1341 1799 1397 dill'eritnus
1825 1355 1920 1393 au-

328 1446 495 1517 spicia
523 1446 733 1513 imperii
757 1441 954 1496 Ahakae
977 1441 1245 1509 hujusth
1261 1451 1385 1492 cum
1412 1434 1579 1489 Maria
1611 1435 1827 1503 nuptias
1862 1434 1916 1488 in

329 1554 531 1605 annum
561 1536 764 1591 Christi
806 1535 964 1588 l‘ZGG.
999 1530 1413 1587 Observandum
1443 1527 1532 1581 hic
1560 1525 1916 1589 estAbukam,

330 1632 448 1686 sive
473 1641 531 1682 ut
565 1627 928 1698 Pachymcrcs
949 1633 1106 1678 vocat
1135 1627 1396 1691 Apagom,
1429 1617 1644 1672 titulum
1673 1613 1920 1685 supremi

335 1721 734 1793 Mogulcusium
786 1718 958 1773 Kanis
1011 1716 1115 1770 rite
1157 1713 1402 1768 delatura
1458 1709 1762 1778 accepisse,
1789 1721 1912 1762 cum

331 1818 457 1887 ejus
495 1824 649 1885 pater
675 1811 783 1867 tale
814 1807 1099 1879 imperium
1129 1817 1384 1860 exercere
1416 1802 1551 1858 satis
1577 1801 1786 1856 habens
1813 1814 1903 1854 ro-

242 1954 261 1965 .
331 1906 525 1962 cabulo
556 1905 673 1973 ejus
701 1900 1050 1956 abstinuerit.
1080 1897 1197 1951 Hoc
1232 1910 1299 1951 eo
1331 1893 1501 1957 videri
1537 1899 1716 1963 potest
1738 1890 1909 1945 mira-

330 1993 524 2057 bilius,
563 1988 711 2059 quod
760 1989 897 2043 satis
939 1987 1225 2042 constabat
1273 1983 1457 2039 vivere
1486 1982 1665 2037 adhuc
1690 1979 1906 2043 Kublai,

332 2085 421 2152 qui
480 2081 782 2137 Munkakao
825 2065 1007 2133 'Kaani
1065 2076 1410 2132 occumbenti
1463 2080 1808 2129 successerat
1855 2070 1908 2122 in

333 2178 581 2246 imperio,
612 2190 754 2229 anno
787 2173 856 2228 ab
890 2173 1017 2227 hinc
1053 2183 1203 2225 retro
1229 2168 1424 2238 quinto
1454 2176 1548 2220 aut
1586 2173 1764 2228 sexto,
1800 2162 1908 2217 lle-

328 2270 465 2341 girre
495 2267 619 2334 659,
654 2277 714 2322 ut
763 2264 926 2336 paulo
962 2261 1214 2332 superius
1255 2277 1311 2316 η.
1356 2258 1425 2313 10
1465 2257 1770 2313 retulimus.
1798 2253 1906 2309 Ve-

333 2375 452 2415 rum
511 2359 660 2429 quia,
708 2369 766 2411 ut
815 2354 1017 2411 ibidem
1077 2353 1282 2408 dictum
1336 2360 1440 2413 est,
1491 2348 1767 2420 Arigbuga
1796 2347 1909 2402 fra-

330 2462 419 2507 tre
440 2453 651 2505 minore
678 2447 872 2502 Kublai
906 2445 1315 2502 successionem
1348 2442 1451 2497 sibi
1487 2441 1701 2511 imperii
1731 2440 1907 2496 vindi-

328 2551 513 2608 caute,
534 2543 737 2599 bellum
773 2541 918 2595 inter
960 2553 1054 2592 eos
1101 2537 1263 2591 civile
1293 2534 1587 2589 conﬂatum
1628 2541 1734 2600 est,
1764 2534 1907 2602 quod

334 2649 507 2689 annos
538 2634 686 2703 ipsos
725 2630 1033 2687 octodecim
1060 2630 1234 2682 tenuit
1285 2642 1347 2681 ac
1396 2634 1803 2695 consequenter
1841 2626 1909 2679 ad

338 2727 620 2783 duodecim
652 2735 745 2781 aut
788 2724 1045 2778 tredecim
1088 2721 1156 2775 ab
1182 2720 1306 2774 hinc
1336 2733 1508 2773 annos
1554 2725 1905 2788 propagatum

334 2829 441 2881 est,
477 2828 644 2872 totum
701 2818 874 2872 instar
908 2813 1118 2883 imperii
1165 2811 1409 2879 Mogulici
1448 2825 1514 2865 ex
1538 2809 1910 2883 Orientalibus

330 2912 577 2967 fraterna
609 2907 953 2963 dissensione
986 2905 1221 2960 turbatis
1270 2882 1623 2958 tractibus’in
1654 2900 1908 2958 Occiduis

332 3016 388 3059 et
417 3003 638 3057 fittidata
670 3000 873 3054 dudum
901 2997 1017 3052 illic
1058 2995 1265 3076 llplacu
1300 2995 1415 3068 (qui
1449 3005 1503 3051 et
1534 2996 1646 3065 ipse
1674 2994 1906 3051 Munka-

2014 524 2068 576 in
2095 523 2214 577 aliis
2247 523 2530 593 probatam
2562 523 2721 593 hujus
2750 524 2909 578 tidem
2941 541 3002 576 ac
3021 523 3379 595 diligentiam,
3411 530 3589 579 errori

2012 613 2363 669 librariorum
2396 614 2449 668 in
2480 628 2837 669 numerorum
2864 625 3027 669 notas
3047 616 3305 684 irrepenti
3335 616 3594 670 libentius

2017 706 2421 773 imputaverim.
2484 706 2761 777 Scriptum
2820 705 3071 761 videlicet
3120 708 3321 778 legitur
3381 723 3434 778 p.
3486 709 3592 763 560

2015 796 2179 866 hujus
2209 797 2468 853 Clironici
2496 813 2638 852 anno
2667 796 2880 869 ﬂegira:
2904 798 3008 853 679
3040 799 3264 852 missum
3299 801 3352 852 in
3377 799 3591 870 Syriam

2016 888 2341 959 Kungortai.
2376 889 2639 944 Kalendae
2672 889 3004 944 blubarrami
3030 891 3156 944 anni
3188 891 3406 945 Arabiei
3439 892 3595 947 istius

2019 982 2219 1035 cadunt
2251 981 2302 1033 in
2337 980 2479 1035 diem
2507 981 2722 1034 tertiam
2750 980 2872 1035 Maii
2899 980 3097 1034 Iuliani
3126 981 3179 1034 in
3209 997 3356 1037 anno
3386 981 3597 1039 Christi

2022 1071 2180 1126 1280.
2230 1073 2428 1126 Statim
2474 1081 2596 1140 post
2650 1072 2867 1126 additur
2906 1073 3049 1127 hunc
3098 1075 3397 1129 exercitum
3456 1076 3595 1130 duce

2021 1159 2314 1238 Kungortal
2340 1176 2450 1217 rem
2477 1161 2532 1216 in
2564 1161 2721 1233 Syria
2746 1163 2980 1231 gessisse
3015 1165 3192 1219 hieme
3223 1166 3352 1220 anni
3386 1167 3595 1234 "egit-at

2020 1254 2147 1320 680,
2178 1269 2336 1325 quem
2372 1254 2658 1310 inchoasse
2680 1262 2889 1310 certum
2921 1264 3004 1308 est
3034 1271 3092 1310 ea
3128 1257 3216 1309 die
3242 1272 3360 1325 quae
3396 1259 3598 1327 Aprilis

2022 1345 2279 1401 vicesima
2314 1346 2554 1401 secunda
2604 1345 2659 1399 in
2713 1358 2858 1399 anno
2890 1344 3100 1401 Christi
3140 1345 3265 1400 1281
3311 1363 3594 1404 numerata

2018 1446 2126 1492 est.
2175 1435 2276 1490 Hic
2328 1435 2458 1491 illud
2494 1436 2727 1505 primum
2781 1435 3283 1504 inopinatissimum
3324 1441 3594 1502 eccm-rit,

2023 1527 2165 1612 quod
2197 1541 2350 1580 mora
2378 1526 2533 1581 solidi
2564 1526 2681 1580 fere
2710 1525 2916 1581 biennii
2948 1526 3278 1595 inteijicitur
3304 1530 3448 1583 inter
3484 1533 3591 1583 ini-

2024 1620 2158 1673 tium
2191 1616 2550 1685 expeditionis
2578 1630 2609 1671 c
2636 1615 2938 1685 propinquo
2972 1628 3241 1684 susceptae
3266 1628 3319 1670 et
3346 1634 3407 1673 re
3431 1639 3459 1670 ιι
3500 1636 3595 1689 per

1979 1698 1988 1779 ξ
2025 1725 2143 1765 eam
2167 1717 2398 1779 gestam.
2426 1707 2589 1762 Addit
2609 1704 3042 1775 Abulpharagius
3066 1703 3363 1776 Kungortai
3396 1720 3593 1762 cuncta

2024 1809 2311 1872 peragrata
2336 1798 2493 1871 Syria
2524 1806 2580 1851 et
2605 1810 2779 1866 usque
2805 1796 2871 1850 ad
2898 1795 3162 1849 Halebum
3195 1795 3352 1851 facile
3371 1798 3591 1853 subacta

2018 1892 2312 1949 recessisse
2361 1908 2377 1944 :
2431 1902 2617 1943 verum
2671 1885 3068 1941 rebellantibus
3099 1885 3281 1941 denuo
3334 1886 3592 1943 videlicet

2015 1984 2130 2039 illic
2157 1980 2409 2053 gentibus
2435 1979 2660 2033 missum
2692 1978 2883 2033 eodem
2915 1976 2983 2032 ab
3012 1976 3193 2032 Abaka
3227 1978 3390 2030 alium
3424 1992 3590 2033 exer-

2014 2078 2182 2132 citum
2210 2072 2604 2144 quinquaginta
2635 2070 2864 2125 millium
2893 2083 3038 2124 anno
3063 2064 3275 2137 Hegirae
3297 2068 3426 2133 681,
3456 2084 3594 2138 pra:-

2015 2166 2198 2235 posito
2231 2162 2310 2218 illi
2346 2162 2573 2217 ductore
2620 2158 2814 2230 Munga
2850 2155 3080 2213 Timore
3117 2157 3288 2213 fratre
3323 2173 3421 2214 suo
3461 2169 3589 2213 natu

2015 2256 2279 2319 minimo;
2339 2253 2428 2308 cui
2478 2251 2734 2307 comitem
2793 2264 2854 2306 se
2899 2250 3275 2319 adjunxitrcx
3321 2252 3594 2304 Armenia:

2015 2347 2082 2423 [P
2104 2345 2244 2420 595]
2274 2361 2398 2401 cum
2449 2345 2689 2416 propriis
2734 2342 2930 2413 copiis.
2968 2341 3033 2395 Hi
3068 2345 3174 2396 duo
3224 2342 3386 2396 simul
3416 2340 3591 2407 juncti

2015 2439 2291 2496 exercitus
2323 2436 2514 2492 obvios
2545 2436 2689 2490 inter
2719 2432 2945 2488 ﬂamam
2975 2445 3030 2487 et
3059 2430 3347 2488 Hcmesam
3380 2432 3594 2485 haliae-

2016 2542 2145 2586 runt
2207 2530 2379 2601 Syros
2428 2526 2588 2583 simul
2627 2536 2683 2580 et
2721 2524 3009 2596 Egyptios
3057 2522 3366 2592 prmvalidis
3423 2523 3596 2592 copiis

2014 2622 2338 2683 instructos,
2368 2633 2489 2673 cum
2515 2617 2715 2687 quibus
2736 2618 2916 2670 statim
2940 2617 3053 2669 acri
3080 2623 3135 2668 et
3159 2625 3385 2670 cruento
3409 2617 3596 2685 praelia

2009 2714 2324 2777 commisso,
2348 2725 2446 2765 nec
2459 2709 2618 2779 plane
2629 2708 2860 2762 victores
2875 2705 3222 2776 Megalenses
3238 2714 3295 2761 et
3328 2705 3595 2772 Armeni',

2015 2815 2117 2856 nec
2141 2809 2325 2854 tamen
2354 2812 2576 2871 prorsus
2602 2795 2731 2851 victi
2758 2794 2997 2848 fuerunt.
3026 2794 3159 2850 Post
3191 2792 3340 2846 illum
3367 2793 3592 2847 dubium

2013 2902 2270 2948 eventum
2301 2890 2498 2960 Munga
2519 2887 2763 2945 exercitu
2794 2887 2849 2940 in
2874 2883 3322 2955 Mesopmamiam
3347 2884 3595 2950 reducto,

2016 2983 2069 3037 iu
2108 2983 2303 3038 itinere
2324 2995 2515 3036 versus
2543 2977 2753 3035 Nisibin
2785 2989 2992 3030 veneno
3017 2974 3325 3029 exstinctus
3353 2982 3461 3030 est.
3496 2972 3595 3031 llic

332 3099 421 3153 kai
453 3096 656 3152 Kaanis
689 3095 855 3149 frater
885 3090 1078 3162 fuerat)
1101 3067 1268 3145 domo
1319 3099 1371 3144 et
1424 3090 1662 3159 potentia
1704 3091 1910 3145 consti-

2018 3077 2277 3130 «‘Onlinue
2301 3071 2739 3140 Abulpharagius
2763 3070 2963 3122 auexit
2986 3067 3178 3123 eodem
3201 3080 3364 3133 anno,
3398 3079 3597 3132 nempe

335 3190 423 3257 tit;
446 3185 832 3253 successioque
856 3180 1239 3250 Mogulensium
1258 3178 1422 3249 817
1442 3179 1750 3250 principum
1780 3179 1908 3236 hinc

333 3283 593 3348 deinceps
615 3293 643 3331 a
669 3273 1012 3344 cbronologis
1032 3273 1303 3328 Arabibus
1329 3280 1415 3326 est
1432 3273 1686 3337 deducta,
1720 3260 1913 3342 negle-

329 3382 427 3427 veto
460 3369 697 3431 Kublai,
751 3380 914 3436 quem
968 3364 1183 3420 tandem
1220 3363 1573 3433 prazvaluisse
1626 3363 1913 3432 Arigbuga‘.

332 3460 771 3530 Abulpharagius
796 3455 982 3518 tradit,
1016 3462 1071 3510 et
1117 3454 1171 3508 in
1200 3451 1434 3522 quadam
1466 3450 1649 3521 specie
1684 3449 1915 3505 absoluti

328 3553 550 3625 imperii
582 3549 900 3621 aliquandiu
930 3547 1160 3618 paciﬁca
1184 3545 1637 3608 indicatvixisse;
1664 3553 1718 3597 et
1745 3542 1791 3596 si
1819 3544 1915 3612 qui

330 3657 459 3716 {mat
493 3646 544 3698 in
577 3655 822 3697 extremo
864 3637 956 3693 illo
994 3637 1166 3691 limite
1214 3633 1607 3702 Mogulensium
1654 3632 1899 3686 Kaanum

332 3736 554 3792 titulum
605 3738 975 3800 sumpserunt.
1025 3726 1173 3794 Quos
1232 3740 1300 3781 nc
1358 3726 1638 3779 mentione
1688 3724 1908 3792 quidem

337 3828 642 3898 dignaudos
693 3829 1022 3892 putaverunt
1077 3829 1172 3872 aut
1230 3826 1415 3872 noster
1449 3816 1540 3869 hic
1570 3812 1915 3883 Abulpbara-

330 3923 481 3993 gius,
518 3929 608 3973 aut
640 3933 670 3972 e
703 3917 899 3986 quibus
930 3913 1370 3983 supplementum
1400 3910 1769 3964 concinnatur
1812 3907 1914 3960 hu-

322 4019 420 4088 jus
447 4013 725 4075 Cbronici,
759 4011 822 4063 Al
843 4006 1164 4069 Jannabius,
1194 4000 1458 4057 Abulfeda
1509 4007 1564 4053 et
1597 3999 1708 4052 Ebu
1742 3995 1915 4052 Yose-

332 4110 494 4178 phus,
529 4105 736 4158 Arabes
761 4110 822 4156 et
851 4101 950 4170 ipsi
1010 4093 1359 4165 chronologi.
1395 4090 1548 4146 Unde
1601 4089 1911 4145 Muukakao

330 4199 508 4253 ,Κωιηί
553 4195 774 4266 (ipsum;

328 4290 593 4346 meraudo
621 4301 745 4341 eum
773 4293 1024 4354 quartum
1055 4296 1086 4335 a
1122 4277 1492 4348 Giugizcbane
1545 4283 1601 4331 et
1655 4273 1910 4328 absolute

326 4384 582 4450 quintum
618 4378 999 4444 imperatorem
1034 4368 1449 4441 Mogulensiutn.

410 4555 550 4612 XIII.
576 4549 972 4609 Abakas—Chan
1001 4548 1105 4619 (sic
1131 4549 1276 4603 enim
1307 4548 1454 4601 illum
1485 4548 1722 4602 nominat
1742 4546 1908 4601 Abul-

330 4646 632 4722 pharagius
697 4659 766 4699 et
834 4656 945 4711 quo
1008 4651 1097 4695 est
1167 4640 1524 4709 inauguratus
1591 4638 1907 4708 imperator)

334 4743 481 4798 misit
508 4739 575 4793 ad
620 4734 1046 4804 recuperandam
1078 4732 1293 4803 Syriam
1334 4730 1658 4796 exercitum,
1693 4733 1779 4784 cui
1816 4733 1910 4783 duo

324 4847 452 4888 cem
481 4828 712 4899 praefecit
741 4826 965 4879 fratrem
996 4838 1154 4879 suum
1186 4830 1316 4877 natu
1338 4821 1629 4886 minorem,
1657 4831 1906 4876 vocatum

338 4921 660 4992 Kungortat‘,
699 4914 1059 4975 Buudokdaro
1110 4913 1329 4983 Egypti
1378 4921 1434 4968 et
1488 4911 1659 4985 Syriae
1698 4914 1911 4968 sultauc

342 5015 502 5086 paulo
542 5023 669 5067 ante
705 5012 851 5064 victo
891 5018 946 5061 et
988 5014 1226 5061 mortuo.
1279 5005 1621 5073 Megalenses
1685 5007 1911 5063 ductore

339 5104 637 5173 linugortai
674 5113 868 5155 cuncta
923 5099 1109 5153 statim
1174 5097 1284 5152 illic
1339 5097 1691 5167 subegerunt,
1752 5098 1911 5154 facile

339 5195 612 5270 progressi
654 5191 915 5248 llalebum
946 5203 1139 5260 usque,
1177 5200 1229 5243 et
1268 5188 1357 5243 illa
1394 5190 1507 5259 ipsa
1555 5191 1686 5244 urbe
1719 5190 1905 5256 subju-

337 5299 464 5359 gata
501 5282 762 5347 :‘vcrum,
798 5292 857 5336 ut
891 5283 1027 5338 alias
1076 5282 1339 5343 fecerant,
1378 5282 1544 5337 nimis
1589 5284 1699 5337 cito
1738 5298 1912 5337 reces-

336 5387 552 5438 serunt.
618 5375 738 5429 ideo
791 5388 913 5428 tuor
968 5373 1147 5429 coacti
1198 5389 1263 5428 co
1317 5374 1493 5429 redire
1533 5375 1668 5428 duce
1715 5373 1910 5443 Hunga

336 5471 583 5531 'limuro,
636 5466 992 5521 corroborata
1036 5466 1207 5536 copiis
1238 5469 1380 5535 regis
1417 5467 1712 5532 Armeniae,
1750 5480 1914 5538 prout

334 5567 735 5628 consequenter
769 5557 883 5611 illic
932 5559 1222 5627 exponitur
1271 5560 1605 5615 distinctius.
1658 5558 1763 5615 Sed
1805 5574 1908 5627 ego

338 5651 533 5707 harum
561 5663 764 5713 rerum,
789 5658 948 5715 prout
976 5650 1027 5702 in
1053 5650 1325 5705 Chronico
1347 5651 1692 5721 digeruntur,
1714 5655 1912 5706 seriem

336 5739 598 5796 attentius
629 5739 937 5808 explorans,
991 5741 1346 5796 conturbatus
1402 5744 1677 5811 paululum
1724 5744 1910 5814 deprc—

662 5852 933 5911 Parnon.
974 5857 1087 5913 Gn.
1137 5856 1228 5915 CX
1245 5856 1386 5924 ων,

2022 3163 2238 3234 Hegiraa
2272 3163 2403 3228 68l,
2439 3160 2707 3228 Abakam,
2756 3170 3045 3229 postquam
3093 3156 3362 3212 llamdani
3397 3156 3594 3212 festum

2018 3259 2242 3313 Pascha:
2262 3269 2386 3311 cum
2409 3251 2737 3309 Christianis
2760 3251 3108 3314 celebrasset,
3127 3247 3299 3318 818
3310 3246 3596 3316 postridie.

2019 3351 2110 3405 die
2126 3349 2290 3412 lunas,
2311 3345 2569 3401 convivio
2582 3338 3168 3428 eaceptunraquodam
3192 3337 3355 3428 Persa
3377 3334 3598 3428 nurnine

2019 3434 2285 3495 Banham,
2324 3429 2548 3483 mistum
2593 3426 2661 3481 ab
2693 3418 2798 3480 hoc
2828 3422 2966 3476 cibis
2993 3434 3267 3475 venenum
3320 3418 3599 3483 hausisse,

2015 3538 2082 3579 ex
2115 3535 2223 3592 quo
2258 3520 2349 3575 die
2377 3513 2579 3572 Martis“
2597 3514 2784 3570 statim
2822 3519 3087 3581 sequente
3133 3509 3382 3581 graviter
3408 3523 3596 3579 agro-

2021 3624 2137 3668 tare
2181 3610 2429 3681 coeperit,
2469 3607 2558 3662 die
2592 3604 2849 3660 Mercurii
2905 3602 3162 3673 contigue
3214 3610 3460 3656 mortuus
3498 3602 3597 3659 sit.

2019 3702 2175 3758 Hune
2224 3714 2389 3772 porro
2437 3697 2579 3754 diem
2638 3693 2900 3751 Mercurii
2944 3694 3022 3749 ait
3074 3692 3247 3748 fuisse
3278 3692 3598 3748 viceaiumm

2020 3793 2220 3848 mensis
2258 3787 2603 3852 Dhul—llaiae,
2636 3786 2726 3843 hic
2761 3792 2851 3843 cst
2880 3783 3082 3840 tuensis
3111 3781 3334 3839 ultimus
3363 3781 3415 3836 in
3453 3796 3599 3834 anno

2017 3885 2280 3939 Arabum.
2319 3880 2598 3936 Habemus
2621 3879 2672 3932 in
2704 3877 2790 3933 his
2814 3879 3162 3935 characteres
3182 3873 3345 3940 duos,
3368 3872 3599 3929 Pascha:

2016 3976 2448 4032 Christianorum
2474 3979 2531 4026 et
2555 3969 2708 4025 feriae
2729 3975 2941 4038 quarta
2960 3966 3344 4021 concurrentis
3376 3963 3429 4017 in
3453 3965 3602 4021 diem

2014 4068 2086 4122 20
2123 4062 2461 4130 Dbul—Haite,
2511 4074 2749 4130 quorum
2800 4065 2994 4115 neuter
3029 4070 3173 4111 anno
3226 4053 3441 4124 Hegira:
3491 4052 3594 4107 681

825 4146 1146 4247 αξηιίηυηθ
1196 4146 1484 4258 ﬁgamus
1518 4180 1784 4245 unum,
1811 4195 1913 4235 ιω,
1993 4158 2296 4229 -εοωβθιίι,
2343 4152 2843 4226 ρι-οιιιαειπίιείωο
2880 4151 3215 4206 demonstro.
3251 4146 3445 4201 Aunus
3471 4161 3599 4200 aera:

2131 4252 2142 4258 -
2202 4251 2216 4258 -
2444 4249 2455 4258 .
2562 4247 2574 4258 .
2646 4245 2776 4258 .-,.-
2828 4245 2839 4256 .
2935 4257 2938 4258 ν
2989 4241 3002 4255 .
3054 4256 3071 4258 μ
3117 4253 3352 4258 ὤμω

2012 4251 2339 4307 ChriStiante
2369 4247 2609 4318 vulgaris
2639 4245 2802 4312 1285,
2828 4245 2882 4298 in
2918 4241 3079 4311 cujus
3115 4253 3357 4294 mensem
3403 4238 3600 4290 saltent

2014 4344 2155 4399 ultra
2185 4342 2406 4397 tertium
2428 4338 2746 4394 necessario
2773 4335 3017 4391 excurrit
3049 4345 3231 4386 annus
3255 4328 3466 4399 llegim:
3492 4328 3590 4382 63l

1943 4419 1990 4475 ῐ)
2016 4436 2222 4507 Aprilis
2246 4433 2532 4491 undecimo
2554 4432 2646 4489 die
2665 4430 2793 4485 anni
2823 4425 3184 4499 praecedentis
3208 4422 3349 4477 rasa
3372 4421 3601 4476 inclma-

2012 4542 2119 4593 tus,
2145 4544 2269 4584 cum
2297 4527 2460 4582 fuerit
2485 4524 2694 4596 periodi
2722 4524 2957 4578 Iuliana:
2979 4518 3142 4584 5996,
3165 4518 3376 4589 cyclum
3404 4531 3599 4569 nurne-

2011 4623 2158 4677 ravit
2200 4618 2334 4676 solis
2356 4619 2390 4673 4
2421 4633 2545 4673 cum
2576 4618 2757 4671 littera
2783 4612 3097 4671 dominicali
3143 4611 3204 4677 C,
3228 4610 3438 4680 cyclum
3468 4623 3599 4661 vero

1996 4712 2152 4777 'lunat
2197 4710 2282 4765 Η.
2337 4709 2461 4764 llaec
2492 4708 2646 4781 signa
2681 4707 2892 4761 Pascha
2922 4702 3359 4760 Christianorum
3396 4699 3596 4766 indigi,

2021 4817 2139 4860 tant
2186 4802 2362 4859 in-die
2396 4801 2459 4856 l8
2493 4799 2696 4854 mensis
2729 4796 2952 4865 Aprilis,
2983 4794 3076 4864 qui
3109 4794 3228 4848 dies
3280 4793 3599 4845 necessario

2013 4907 2164 4952 extra
2202 4893 2412 4965 llegirae
2442 4891 2569 4946 anni
2599 4889 2698 4944 681
2746 4891 2879 4942 lines
2911 4886 3170 4941 excessit.
3210 4881 3326 4936 Hoc
3357 4880 3596 4935 inﬁemii

2014 5004 2118 5045 non
2153 4988 2352 5058 poterit
2369 4984 2461 5053 qui
2493 4986 2649 5043 sciet,
2683 4978 2826 5049 quod
2855 4987 3068 5032 certum
3098 4985 3203 5040 est,
3224 4989 3428 5029 annum
3456 4975 3598 5025 Λικι-

2012 5081 2141 5144 bum
2173 5077 2402 5133 Juliano
2435 5086 2561 5129 esse
2595 5072 2858 5124 minorem
2904 5067 3096 5123 diebus
3146 5066 3340 5122 saltem
3383 5066 3595 5122 decem.

2016 5171 2168 5227 Unde
2197 5168 2543 5224 manifestum
2573 5172 2678 5227 est,
2717 5163 2762 5216 si
2792 5175 2966 5217 annus
2992 5159 3260 5215 Arabicus
3278 5158 3374 5213 68l
3407 5160 3495 5214 die
3525 5158 3600 5211 22

2011 5263 2221 5335 Aprilis
2247 5262 2375 5316 anui
2403 5258 2534 5314 Chr.
2561 5256 2699 5312 l282
2717 5254 2860 5319 iniit,
2887 5254 3143 5315 desinere
3163 5253 3316 5308 illum
3341 5252 3598 5308 dcbuis».

2015 5367 2141 5412 ante
2176 5355 2242 5409 18
2305 5353 2506 5423 Aprilis
2533 5353 2665 5408 anni
2697 5348 2905 5405 Christi
2956 5346 3130 5416 1285,
3163 5345 3423 5417 quoniam
3456 5359 3486 5399 a
3534 5346 3599 5395 tit

2014 5448 2218 5520 Aprilis
2243 5448 2331 5502 die
2359 5447 2427 5501 ad
2454 5446 2596 5501 diem
2624 5442 2864 5513 ejusdem
2892 5443 3099 5498 mensis
3130 5439 3204 5495 22
3232 5453 3339 5493 non
3370 5439 3601 5519 interr-vr

2017 5544 2153 5596 dunt
2197 5542 2316 5596 dies
2347 5541 2556 5595 decem.
2609 5537 2689 5592 Eu
2744 5544 3025 5592 ostensum
3070 5532 3350 5590 evidenter
3383 5508 3596 5587 Pasclui

2012 5633 2453 5689 Christianorum
2498 5631 2621 5684 anni
2660 5629 2878 5698 llcgirae
2912 5627 3013 5683 681
3055 5626 3109 5680 in
3154 5637 3397 5678 mcnscm
3432 5621 3599 5675 Dhula-

2026 5723 2215 5778 llaiam
2236 5723 2488 5777 ultimum
2506 5723 2628 5777 auiti
2651 5720 2868 5778 Arabici
2895 5732 3001 5775 non
3021 5717 3261 5787 potuisse
3280 5716 3595 5773 convenire.

3106 5847 3184 5915 28
