4036 6428
456 301 556 361 875

1370 290 1436 351 P.
1472 287 1774 351 POSSINI
1800 283 2452 350 OBSERVATIONUM
2491 282 2635 343 LIB.
2675 281 2791 343 III.

3631 283 3749 348 873

458 416 724 485 Deinceps
749 411 869 482 pari
891 408 1167 466 evidentia
1191 407 1513 462 demonstro
1535 406 1858 462 vicesimam
1888 401 2056 458 Dbul-
2086 407 2135 461 Δ
2162 400 2245 453 sic
2300 397 2677 455 verisimiliter
2733 394 3050 451 ordinanda:
3098 403 3250 461 sunt,
3306 405 3365 452 ut
3386 398 3560 468 'prior
3604 401 3750 454 doce

459 508 606 564 Haitc
659 507 802 560 diem
860 504 1051 559 eodem
1101 501 1194 556 illo
1251 515 1394 555 anno
1452 495 1663 569 Hegira:
1709 497 1807 554 681
1850 496 2038 550 feriam

457 607 706 667 quartam
744 610 849 651 non
900 593 1090 649 fuisse.
1124 591 1250 646 Fuit
1280 591 1372 646 ille
1412 604 1587 645 anuus
1625 588 1894 644 Arabicus
1926 602 2042 642 em-

461 691 741 744 bolimacus
765 704 827 743 ac
850 695 1251 757 consequenter
1273 684 1380 740 553
1401 684 1636 749 dierum,
1664 691 1720 737 et
1735 679 2042 735 Dhul-liaia

461 782 669 837 mensis
699 780 815 848 ejus
834 780 1057 833 ultinms
1082 779 1136 832 in
1168 777 1330 833 annis
1354 774 1650 829 ordinariis
1673 787 1865 837 cavus,
1894 773 1948 825 in
1978 784 2043 824 eo

461 875 657 944 plenus
684 873 805 938 fuit,
838 871 956 926 dies
989 884 1289 925 numerans
1317 868 1564 940 triginta.
1599 864 1889 923 Tollantur
1913 863 2041 928 555,

462 968 555 1038 qui
592 976 679 1022 est
718 979 981 1020 numerus
1018 962 1233 1017 dierum
1270 962 1397 1016 anni
1438 959 1573 1031 Heg.
1609 959 1737 1026 681,
1773 959 1840 1014 de
1877 957 1983 1013 565
2013 972 2044 1012 a

461 1060 550 1130 die
598 1058 671 1112 22
721 1057 924 1128 Aprilis
980 1054 1107 1109 anni
1156 1052 1366 1109 Christi
1402 1051 1542 1107 1282
1592 1050 1981 1120 incipientibus
2027 1064 2042 1103 :

463 1152 691 1206 ultimus
728 1150 1072 1204 residuorum
1123 1146 1285 1202 cadet
1338 1147 1392 1201 in
1439 1144 1789 1211 undecimum
1844 1143 2046 1212 Aprilis

464 1243 590 1297 anui
626 1240 832 1296 Christi
870 1237 1024 1293 1285.
1078 1237 1178 1293 llic
1213 1246 1298 1293 est
1336 1234 1650 1290 tricesimus
1685 1231 2044 1301 Dhul-Ilaim;

461 1351 491 1391 a
534 1350 642 1405 quo
672 1333 719 1389 si
752 1316 905 1388 retro
943 1332 1131 1387 decem
1166 1318 1360 1385 diebus
1406 1342 1755 1398 promoveas,
1800 1326 2050 1382 invenies

462 1429 786 1484 vicesimum
808 1423 1061 1495 ejusdem
1086 1419 1424 1476 .Dhul-Haitc
1449 1420 1683 1490 primum
1716 1419 1919 1483 Martii,
1953 1418 2048 1488 qui

463 1519 584 1575 dies
625 1516 779 1572 Jovis
810 1525 865 1569 et
893 1513 1085 1582 quinta
1116 1508 1279 1575 feria,
1310 1522 1376 1562 eo
1404 1522 1551 1562 anno
1598 1506 1839 1562 litteram
1866 1503 2049 1560 domi-’-

466 1608 695 1664 uicalem
725 1604 766 1661 C
815 1605 1070 1667 habente,
1104 1600 1229 1664 fuit,
1272 1613 1380 1653 non
1422 1607 1630 1663 autem,
1665 1606 1727 1651 ut
1758 1598 1837 1652 ait
1886 1596 2053 1652 Abul-

464 1700 786 1772 pltaragius,
814 1697 932 1753 dies
960 1693 1215 1751 Mercurii
1243 1691 1360 1749 sive
1383 1701 1579 1763 quarta
1609 1688 1765 1744 feria.

536 1876 677 1934 XIV.
715 1876 813 1932 llis
837 1875 1008 1932 lector
1027 1873 1253 1929 adactus
1284 1872 1351 1927 ad
1384 1871 1668 1928 fatendum
1693 1869 2047 1925 characteres

464 1972 600 2035 istos
663 1969 803 2023 duos
863 1966 1305 2037 chronologicos,
1368 1964 1595 2019 Pascha:
1640 1961 1931 2018 incidentis
1991 1961 2045 2015 in

466 2078 710 2119 mensem
751 2057 1110 2115 Dhul-Haiam
1165 2066 1219 2113 et
1254 2056 1404 2112 ferite
1451 2062 1664 2135 quartas
1703 2052 2050 2124 insiguientis

464 2158 786 2212 vicesimum
830 2150 1161 2208 Dhul-llaia:
1196 2150 1360 2215 diem,
1398 2148 1626 2203 minime
1661 2146 1957 2203 convenire
1990 2146 2046 2201 in

466 2262 669 2302 annum
730 2243 942 2315 llegiraa
997 2242 1125 2308 681,
1185 2250 1392 2312 quaeret
1423 2239 1565 2295 forte
1595 2254 1727 2294 num
1771 2239 1827 2293 in
1874 2237 2045 2293 alium

465 2336 817 2395 conveniant.
881 2334 998 2389 Non
1053 2335 1215 2403 longe
1272 2333 1509 2388 abibitur
1553 2347 1571 2386 :
1626 2332 1716 2386 aio
1766 2331 2049 2401 aptissime

360 2490 379 2509 ι
468 2430 660 2484 ambos
693 2427 970 2496 quadrare
1004 2426 1057 2480 in
1113 2439 1317 2480 annum
1349 2423 1572 2494 ἀμέσως
1619 2424 2044 2493 praecedentem,

468 2519 721 2575 videlicet
746 2516 959 2586 Iiegirze
990 2515 1114 2571 680.
1142 2515 1243 2570 Hic
1265 2529 1444 2570 annus
1472 2513 1688 2569 initium
1718 2514 1874 2569 duxit
1899 2528 1930 2568 a
1960 2514 2047 2570 die

464 2611 537 2665 22
567 2610 768 2682 Aprilis
803 2608 1006 2665 Juliani
1038 2623 1187 2663 anno
1215 2606 1422 2664 Christi
1458 2605 1619 2673 1281,
1660 2606 1825 2661 desiit
1860 2614 2045 2661 autem

465 2704 554 2760 die
583 2702 794 2759 decima
839 2700 1081 2769 ejusdem
1113 2696 1319 2767 Aprilis
1368 2711 1514 2752 anno
1553 2696 1755 2752 Christi
1795 2695 2048 2766 sequenti

467 2796 633 2852 1282.
660 2794 786 2850 Fuit
807 2807 984 2848 annus
1004 2791 1208 2847 Christi
1236 2789 1377 2845 1282
1400 2789 1606 2860 periodi
1630 2786 1861 2843 Julianaa
1882 2787 2044 2843 5995.

463 2891 689 2961 Cyclum
716 2887 852 2943 solis
879 2885 1070 2940 habuit
1094 2884 1268 2938 5cum
1297 2882 1480 2937 littera
1511 2880 1830 2936 Dominii-ali
1864 2880 1927 2946 D,
1955 2895 2048 2951 cy-

465 2978 609 3033 clum
644 2990 772 3030 vero
802 2975 944 3028 luna:
975 2971 1059 3027 10.
1104 2971 1190 3027 Ex.
1228 2971 1314 3028 his
1348 2979 1499 3043 patet
1531 2971 1741 3027 Pascha
1771 2970 1888 3039 ejus
1919 2969 2048 3026 anni

465 3083 767 3141 occupasse
792 3068 935 3123 diem
964 3066 1036 3121 29
1062 3064 1268 3121 mensis
1299 3062 1502 3119 Juliani
1537 3064 1737 3118 Martii.
1776 3065 1905 3119 Haec
1932 3063 2049 3116 dics

464 3135 658 3218 deesse
684 3175 789 3215 non
817 3159 992 3229 potuit
1011 3158 1142 3227 quin
1172 3157 1380 3212 ambitu
1407 3155 1610 3211 mensis
1631 3155 1851 3211 Arabici
1880 3153 2049 3235 Dbul-
2076 3135 2119 3193 (ἶ

469 3253 816 3325 ιιιιὶωοειθ
854 3255 906 3308 in
936 3268 1078 3309 anno
1105 3250 1317 3321 Hegirre
1346 3247 1451 3305 680
1494 3249 1871 3313 clauderetur,
1909 3263 2048 3316 quo-

470 3350 617 3404 niam
662 3349 711 3404 is
755 3361 932 3402 annus
979 3358 1009 3399 a
1065 3343 1139 3398 22
1191 3342 1397 3413 Aprilis
1441 3343 1574 3396 anni
1624 3341 1757 3398 Chr.
1789 3340 1922 3395 1281
1968 3340 2053 3394 in-

468 3442 698 3495 choatus
728 3452 903 3507 usque
946 3436 1014 3490 ad
1074 3434 1142 3489 10
1192 3433 1397 3503 Aprilis
1441 3447 1534 3487 an.
1563 3431 1697 3487 Chr.
1750 3432 1889 3486 1282
1928 3445 2055 3500 pro-

472 3531 710 3586 tenditur
764 3525 1138 3583 :‘Dhul-Haia
1184 3539 1316 3580 vero
1371 3524 1598 3579 ultimus
1663 3522 1870 3578 mensis
1917 3522 2053 3577 anni

469 3625 686 3680 Arahici
744 3620 938 3693 viginti
998 3618 1191 3688 novem
1248 3625 1558 3689 postremos
1612 3615 1730 3685 ejus
1772 3614 1901 3668 anui
1935 3615 2053 3669 dies

470 3717 737 3781 continet,
767 3714 857 3783 qui
894 3727 1018 3769 eum
1070 3722 1220 3768 retro
1258 3710 1530 3764 numera-ti
1562 3723 1594 3763 a
1649 3709 1717 3764 10
1741 3709 1951 3779 Apribs
1981 3708 2048 3764 ad

472 3810 545 3864 15
597 3806 777 3891 Martii
839 3805 1200 3875 perveniant,
1238 3803 1331 3858 ibi
1408 3802 1654 3870 deﬁgunt
1710 3802 2051 3856 neomeniam

469 3899 819 3957 Dhul-Haiac.
854 3896 1205 3968 Prior'igitur
1247 3896 1533 3951 character
1575 3894 1860 3949 manifeste
1899 3908 2053 3950 com-

466 3995 602 4067 petit
633 4008 774 4050 anno
799 3991 1011 4061 Hegira:
1038 3991 1164 4047 680.
1207 3989 1320 4046 Nec
1341 3989 1520 4045 minus
1546 3989 1838 4044 evidenter
1866 4000 2052 4059 poste-

468 4086 582 4139 rior
617 4083 795 4138 eidem
828 4081 1143 4150 adaptatur.
1187 4078 1323 4134 Nam
1358 4079 1671 4134 vicesimus
1716 4093 1902 4133 nouus
1933 4078 2053 4133 dies

466 4175 673 4240 Martii,
705 4188 866 4243 quem
913 4170 1087 4227 fuisse
1145 4171 1289 4225 diem
1324 4168 1550 4226 Pascha
1595 4171 1937 4226 ostendimus
1996 4170 2051 4225 in

468 4283 612 4324 anno
643 4265 844 4322 Citriin
887 4263 1052 4328 1282,
1101 4260 1207 4317 fuit
1255 4262 1573 4318 necessarie
1602 4262 1856 4320 decimus
1885 4261 2053 4332 septi-

468 4375 593 4416 mus
625 4357 945 4413 Dhul-Haia:
981 4355 1189 4410 mensis
1234 4353 1452 4409 Arabici
1480 4394 1495 4420 ,
1525 4354 1796 4423 siquidem
1830 4353 1875 4408 is
1905 4353 2054 4407 ince-

469 4452 574 4522 pit,
608 4449 696 4523 [P.
729 4447 856 4520 594]
894 4456 953 4502 ιιι
983 4456 1067 4502 est
1108 4447 1331 4510 dictum,
1378 4461 1408 4501 a
1436 4446 1523 4501 die
1554 4447 1622 4501 f5
1653 4444 1850 4501 Martii.
1885 4445 2054 4500 Porro
2080 4483 2133 4543 Β

470 4544 537 4599 ad
571 4544 712 4598 diem
748 4540 820 4595 29
848 4540 1064 4607 Martii,
1118 4554 1238 4609 quas
1286 4537 1510 4595 Pascha:
1542 4539 1822 4594 Dominica
1853 4537 1977 4601 fuit,
2007 4539 2051 4593 si

470 4647 584 4691 tres
603 4633 771 4689 ferias
796 4633 1081 4704 adjungas,
1100 4633 1420 4697 secundam,
1451 4634 1666 4687 tertiam
1699 4640 1752 4687 et
1779 4639 2053 4699 quartam,

471 4728 615 4782 hanc
665 4726 910 4796 profecto
961 4724 1209 4779 ultimam
1266 4725 1510 4780 residere
1561 4723 1940 4793 deprehendes
1998 4722 2052 4776 in

469 4819 726 4875 Kalendis
762 4817 965 4891 Aprilis
998 4815 1219 4882 iuliani,
1254 4818 1308 4872 iu
1361 4830 1498 4886 quas
1534 4817 1726 4871 incidit
1752 4815 2052 4870 vicesimus

467 4913 587 4968 dies
636 4911 858 4968 Arabici
919 4909 1256 4965 Dhul-Ilaize.
1315 4907 1458 4980 Ergo
1522 4908 1820 4962 vicesimus
1883 4904 2052 4961 Dhul-

472 5006 621 5060 llaia:
670 5019 817 5059 anno
870 5002 1085 5073 Iiegirze
1137 5001 1243 5059 680
1300 5001 1406 5058 fuit
1458 5001 1575 5056 dies
1630 4999 1882 5055 Mercurii
1939 5000 2054 5053 sive

471 5107 663 5168 quarta
716 5098 883 5164 feria;
936 5096 1030 5166 qui
1106 5106 1227 5152 erat
1300 5094 1580 5151 secundus
1628 5091 2053 5161 chronologicus

471 5192 759 5245 character
804 5203 1043 5255 annum,
1079 5201 1188 5258 quo
1232 5195 1318 5242 est
1368 5183 1554 5239 Abaka
1600 5193 1884 5250 mortuus,
1912 5183 2055 5237 insi-

471 5281 687 5354 gniens.
718 5281 898 5347 Quare
931 5282 1076 5335 hunc
1098 5280 1482 5347 imperatorem
1518 5274 1912 5344 Mogulensium
1947 5289 2053 5330 non

471 5390 615 5429 anno
649 5374 859 5445 llcgiraa
890 5372 1014 5443 ⁵681
1041 5413 1056 5439 ,
1125 5380 1184 5426 ιιι
1229 5383 1514 5441 perperam
1560 5368 1613 5422 in
1663 5366 2054 5436 Abttlpltaragii

473 5467 747 5523 Chronico
799 5464 1101 5530 scribitur,
1150 5459 1623 5531 sed‘praeccdenti
1683 5456 1895 5528 Hegirae
1951 5455 2056 5510 680

469 5562 658 5614 virere
686 5576 749 5614 ac
780 5571 1011 5628 regnare
1040 5554 1268 5611 desiisse
1294 5554 1590 5608 tenendum
1632 5566 1732 5622 pro
1757 5560 1914 5606 certo
1945 5558 2052 5604 est.

475 5655 628 5707 Unde
661 5669 779 5722 qua:
812 5649 1059 5720 proxime
1088 5648 1451 5702 antecessisse
1498 5645 1609 5700 illic
1655 5646 1911 5698 dicuntur
1939 5641 2056 5712 ejus

470 5746 682 5800 obitum
714 5742 1087 5813 expeditiones
1139 5738 1537 5812 Mogulensium
1571 5738 1622 5794 iu
1658 5735 1873 5807 Syriam
1910 5735 2057 5802 dote,

2148 491 2452 561 Knngortai
2489 498 2668 560 empta
2700 504 2873 544 verno
2930 497 3174 557 tempore
3218 490 3348 544 antri
3399 489 3611 559 liegirm
3637 491 3750 547 679
3866 478 3871 483 ’

2148 586 2327 639 hieme
2373 585 2502 637 anui
2537 583 2779 651 ejusdem
2826 585 3176 638 terminctur.
3212 581 3406 638 Postea
3457 598 3584 639 vere
3616 586 3749 639 anni

2149 676 2431 747 sequentis
2475 676 2687 746 Hegirte
2720 674 2849 739 680,
2890 674 3141 730 nuntiata
3172 690 3309 731 nova
3356 675 3618 747 Syrorum
3650 677 3755 731 de-

2151 769 2429 834 fectione,
2478 784 2546 824 eo
2623 769 2819 838 Munga
2891 768 3178 833 Timurus,
3225 768 3492 824 minimus
3545 767 3752 825 Ahalae

2148 858 2510 924 frater,cum
2584 859 2831 914 exercitu
2904 857 3298 929 Mogulensium
3353 861 3750 930 quinquaginta

2149 951 2381 1006 millium
2436 952 2701 1016 moverit.
2750 950 2960 1005 habens
3008 961 3271 1021 praeterea
3305 966 3490 1006 secum
3517 952 3752 1007 sociales

2149 1045 2514 1098 Armenorum
2577 1030 2789 1111 copias,
2836 1057 2962 1112 rege
3002 1028 3122 1112 ipso
3156 1044 3428 1096 Armeniae
3462 1043 3747 1098 ductante.

2150 1133 2215 1189 lli
2287 1136 2452 1191 simul
2500 1151 2693 1191 omnes
2755 1149 2876 1190 cum
2930 1134 3084 1207 Syris
3141 1145 3197 1190 et
3253 1135 3532 1207 Egyptiis
3580 1138 3752 1192 dubio

2150 1227 2323 1284 Marte
2350 1229 2491 1283 inter
2538 1227 2765 1303 Hamam
2799 1238 2854 1282 et
2878 1227 3167 1284 Hernesam
3195 1229 3585 1285 conﬂixerunt.
3616 1230 3753 1285 Inde

2151 1319 2347 1389 Munga
2398 1319 2657 1374 Timurus
2708 1334 2770 1374 se
2819 1319 2888 1375 ad
2940 1318 3186 1374 Abakam
3230 1318 3501 1387 recipiens
3530 1334 3654 1373 cum
3692 1320 3749 1373 iu

2153 1410 2597 1478 Mesopotamiam
2627 1411 2994 1480 pervenisset,
3020 1412 3093 1467 ibi
3121 1426 3188 1466 ex
3222 1426 3436 1466 veneno
3470 1427 3567 1482 per
3593 1410 3753 1467 frau-

2153 1501 2280 1556 dem
2300 1502 2606 1573 propinate
2656 1503 2710 1556 in
2741 1502 2940 1558 itinere
2972 1517 3170 1559 versus
3201 1502 3415 1560 Nisibin
3442 1505 3750 1560 exstinctus

2150 1605 2260 1659 est,
2314 1594 2632 1649 eorumdem
2688 1594 2951 1651 videlicet
2994 1597 3209 1652 insidiis
3255 1598 3348 1667 qui
3411 1612 3518 1653 non
3574 1575 3753 1654 monito

2152 1682 2277 1756 post
2304 1687 2548 1744 Abaka‘m
2579 1689 2758 1756 ipsum
2802 1690 2922 1760 pari
2975 1691 3184 1747 scelere
3241 1707 3306 1747 ac
3338 1693 3465 1748 dolo
3493 1709 3751 1763 pereme-

2084 1778 2132 1834 B
2163 1791 2288 1835 runt
2321 1799 2334 1834 :
2375 1796 2502 1836 nam
2534 1781 2762 1837 effectus
2781 1790 2901 1836 stam
2928 1784 3133 1852 gemini
3175 1792 3323 1840 recte
3357 1787 3451 1840 uni
3480 1796 3535 1841 et
3567 1786 3750 1842 eidem

2155 1873 2498 1944 imputantur
2529 1888 2733 1940 causae,
2764 1874 2892 1931 odio
2932 1877 3294 1944 quorumdam
3328 1877 3748 1947 conjuratorum

2154 1962 2210 2019 iu
2264 1964 2469 2021 Abaka:
2512 1966 2756 2023 domum.
2805 1965 2878 2022 At
2923 1967 2992 2024 de
3043 1968 3130 2025 his
3195 1984 3298 2041 pro
3339 1971 3588 2028 instituto
3622 1972 3752 2043 plus

2153 2057 2317 2114 satis.

2170 2298 2175 2301 Α
2248 2238 2368 2295 XV.
2427 2240 2629 2297 Abakas
2696 2250 2916 2300 mortuo
2970 2247 3239 2303 successit
3293 2247 3411 2319 ejus
3456 2248 3753 2308 insidiator

2154 2332 2430 2389 Ahmedes
2460 2343 2516 2388 et
2561 2334 2678 2404 ipse
2719 2335 2861 2390 illius
2891 2334 3123 2404 Hulacu,
3168 2339 3264 2393 sed
3295 2339 3399 2395 alia
3435 2350 3611 2397 matre
3639 2359 3752 2397 na-

2158 2436 2263 2491 tus,
2312 2440 2376 2480 ex
2414 2441 2521 2496 qua
2580 2436 2946 2496 praeterquam
2998 2431 3340 2485 novercalem
3403 2431 3457 2486 in
3500 2432 3751 2488 Abellam

2155 2518 2396 2573 animum
2428 2519 2648 2573 trahere
2670 2519 2870 2587 potuit,
2904 2520 3069 2575 etiam
3102 2521 3396 2579 instinctus
3422 2525 3643 2581 videtur
3683 2528 3752 2583 ad

2154 2610 2404 2664 eumdem
2445 2608 2686 2665 Abakam
2722 2611 3060 2680 perdendum
3119 2613 3248 2669 odio
3300 2615 3632 2672 Christianae
3660 2634 3753 2675 re-

2156 2700 2394 2769 ligionis,
2425 2700 2584 2770 cujus
2614 2702 2879 2757 cultorem
2921 2700 3091 2758 fuisse
3136 2702 3381 2759 Abakam
3413 2705 3563 2761 clare
3596 2709 3748 2762 allir-

2158 2800 2271 2846 ntat
2324 2789 2787 2861 Abulpharagtus,
2822 2793 2949 2846 dum
2998 2807 3125 2848 eum
3178 2794 3491 2851 celebrasse
3540 2798 3751 2854 festum

2157 2886 2376 2941 Pascha:
2412 2902 2519 2940 una
2554 2902 2679 2943 cum
2712 2885 3044 2943 Christianis
3078 2888 3296 2945 scribit.
3342 2889 3515 2960 Hujus
3540 2893 3751 2949 Ahme-

2159 2979 2241 3032 dis
2296 2986 2417 3032 acta
2470 2977 2811 3048 principatus
2869 2980 3053 3033 omnia
3101 2982 3420 3052 rediguntur
3471 2985 3524 3037 in
3577 2999 3751 3041 unam

2156 3070 2427 3141 prolixam
2458 3069 2745 3138 epistolam
2795 3071 2849 3123 in
2891 3074 3422 3133 commendationem
3479 3078 3751 3135 Alcorani

2157 3169 2212 3216 ct
2253 3160 2664 3235 superstitionis
2706 3159 3080 3218 Mahometicas
3112 3165 3178 3220 ad
3211 3167 3483 3223 sultauem
3518 3169 3750 3242 Egypti

2157 3252 2455 3320 scriptam,
2519 3267 2683 3320 quam
2726 3253 3165 3325 Abulpharagius
3217 3259 3434 3325 recitat,
3480 3265 3752 3319 continuo

2152 3341 2410 3396 referens
2445 3341 2818 3411 indulgentem
2851 3344 3148 3400 Abmedem
3176 3347 3376 3403 dudum
3411 3350 3580 3421 820
3612 3368 3752 3409 con-

2157 3444 2316 3503 cepto
2363 3435 2416 3488 in
2455 3434 2656 3490 Abakac
2714 3434 2977 3492 familiam
3038 3437 3236 3503 furori,
3294 3442 3420 3496 dum
3464 3443 3748 3514 Argunem

2158 3524 2362 3581 Abakac
2411 3526 2579 3581 filium
2616 3527 2804 3582 studet
2843 3529 3176 3599 opprimere,
3231 3534 3299 3586 ab
3333 3548 3399 3589 co
3452 3544 3509 3590 et
3546 3538 3597 3591 ei
3631 3548 3752 3593 stu-

2159 3621 2411 3675 dentibus
2464 3619 2637 3674 fuisse
2673 3621 3132 3684 comprehensum
3160 3633 3213 3676 et
3244 3626 3507 3689 custodia:
3539 3631 3752 3685 manci—

2158 3722 2342 3780 patum
2371 3712 2461 3766 die
2504 3711 2762 3766 Mercurii
2788 3710 3003 3767 Jomadi
3035 3715 3236 3783 prioris
3267 3718 3581 3785 undecimo,
3609 3721 3749 3776 anui

2160 3804 2376 3874 llegira:
2429 3803 2561 3870 685,
2617 3806 2711 3875 qui
2767 3806 2977 3874 incepit
3032 3821 3064 3861 a
3122 3808 3209 3864 die
3251 3808 3323 3863 20
3377 3809 3557 3865 Martii
3597 3827 3750 3868 anno

2157 3895 2364 3950 Christi
2417 3895 2578 3950 1281.
2629 3896 2726 3951 Est
2802 3896 3013 3955 Jomadi
3070 3901 3222 3970 prior
3274 3901 3498 3970 quintus
3548 3904 3750 3959 ordine

2159 3987 2362 4043 mensis
2394 3988 2449 4042 in
2477 4002 2618 4042 anno
2642 3988 2914 4056 Arabico;
2948 3991 3102 4061 cujus
3136 3993 3397 4047 Kalendae
3423 4009 3453 4046 a
3494 3993 3565 4047 20
3594 3994 3747 4049 Mar-
3850 4030 3855 4035 ι

2156 4081 2213 4135 tii
2252 4088 2551 4135 numeratae
2605 4080 2855 4137 incidunt
2922 4083 2974 4137 in
3037 4082 3306 4139 decimum
3349 4101 3563 4142 sextum
3610 4088 3745 4145 Julii

2157 4172 2279 4242 ejus
2336 4169 2539 4226 Christi
2595 4172 2722 4225 anni
2766 4172 2908 4227 1284
2958 4174 3254 4231 bissextilis
3284 4216 3300 4243 ,
3340 4177 3496 4246 cujus
3549 4182 3747 4251 cyclus

2156 4264 2291 4321 solis
2319 4261 2420 4317 fuit
2449 4261 2482 4316 5
2508 4272 2562 4316 et
2594 4262 2775 4318 littera
2832 4264 3191 4322 Dominicalis
3225 4267 3270 4322 Β
3305 4271 3372 4335 Δ,
3408 4273 3554 4327 unde
3594 4284 3748 4343 patet

2160 4355 2505 4410 undecimum
2537 4352 2750 4410 Jomadi
2783 4357 2979 4426 prioris
3004 4373 3196 4413 revera
3228 4360 3397 4417 fuisse
3425 4364 3565 4416 diem
3599 4365 3747 4420 Mer-

2159 4447 2296 4501 curii
2329 4461 2345 4502 :
2380 4447 2502 4502 talis
2535 4446 2681 4501 enim
2729 4446 2834 4501 fuit
2864 4447 3000 4503 feria
3032 4449 3102 4504 26
3135 4451 3253 4506 dies
3293 4449 3445 4519 Julii,
3481 4471 3604 4509 cum
3642 4473 3746 4512 un-

2158 4539 2372 4594 decimo
2411 4538 2498 4594 die
2529 4537 2743 4593 Jomadi
2780 4541 2982 4610 prioris
3025 4543 3363 4599 coincidens.
3394 4542 3515 4600 1am
3565 4555 3684 4602 tum
3714 4565 3743 4603 a

2157 4628 2345 4684 clauso
2373 4633 2429 4683 in
2456 4644 2682 4684 carcere
2715 4629 2958 4685 Alunede
2989 4635 3155 4701 coepit
3177 4632 3576 4702 Mogulensium
3606 4654 3743 4692 con-

2157 4736 2321 4777 sensu
2394 4722 2669 4792 imperare
2719 4725 2900 4791 Argon
2945 4723 3104 4778 titulo
3154 4724 3358 4781 Chanis
3418 4740 3741 4801 assumpto;

2160 4828 2283 4867 nam
2346 4813 2608 4882 deinceps
2664 4812 3030 4883 Arguu-Cltan
3093 4823 3180 4870 est
3230 4815 3429 4873 dictus.
3494 4818 3746 4876 Meminit

2159 4903 2320 4973 hujus
2354 4902 2730 4974 Pachymercs
2765 4920 2818 4973 p.
2866 4905 2973 4960 39.7
3014 4908 3268 4975 Arganen
3306 4907 3484 4964 Kauin
3521 4927 3741 4969 vocatis.

2156 4996 2505 5049 Censueruut
2562 5007 2746 5049 autem
2789 4997 3065 5065 principes
3105 4999 3430 5067 Ahmedcm,
3486 5009 3544 5056 ut
3581 5008 3742 5059 caedis

2156 5085 2629 5142 Abacbtc-Cbanis
2668 5103 2841 5154 reum,
2891 5088 3014 5155 jure
3062 5104 3229 5158 posse
3278 5093 3543 5161 interfici;
3583 5096 3742 5167 idque

2157 5193 2411 5238 auctores
2445 5182 2548 5254 ipsi
2597 5182 2822 5250 jubendi
2858 5195 3042 5240 erant.
3086 5186 3284 5243 Verum
3335 5188 3421 5245 ille
3453 5194 3737 5256 recusavit,

2157 5273 2289 5328 satis
2330 5274 2535 5328 habens
2585 5273 2888 5328 Ahmedem
2921 5275 3110 5343 zmatri
3156 5275 3461 5349 Kuugortai
3495 5290 3550 5335 et
3583 5284 3740 5351 hujus

2160 5364 2289 5420 filiis
2319 5362 2543 5432 dedere,
2593 5366 2686 5435 qui
2722 5380 2845 5419 eum
2883 5367 3207 5423 occiderunt
3254 5354 3309 5424 in
3344 5371 3610 5427 ultionem
3643 5388 3738 5443 pa-

2160 5469 2329 5513 terna:
2360 5459 2526 5513 caedis
2554 5458 2642 5512 die
2667 5457 2703 5511 2
2744 5456 2957 5513 Jomadi
3002 5462 3347 5531 posterioris,
3379 5480 3497 5533 qua:
3528 5466 3644 5520 dies
3683 5467 3733 5520 in

2158 5550 2350 5604 feriam
2384 5549 2512 5604 item
2545 5560 2796 5619 quartam
2830 5553 3045 5617 incidit,
3085 5560 3139 5606 ut
3176 5552 3255 5608 ait
3305 5555 3736 5628 Abulpharagius

2158 5651 2212 5696 et
2244 5658 2429 5696 verum
2487 5643 2765 5711 cernitur,
2802 5642 3072 5713 siquidem
3130 5644 3345 5703 Jomadi
3400 5651 3730 5720 p03tcrioris,

2112 5824 2121 5829 ἀ
2159 5739 2296 5794 sexti
2330 5737 2531 5796 mensis
2576 5736 2839 5805 Arabum,
2892 5739 3012 5799 dies
3059 5740 3333 5798 secundus
3369 5741 3422 5797 in
3477 5741 3620 5799 diem
3674 5754 3750 5797 cu.
