4036 6388
316 282 425 345 877

1620 272 2081 341 CHRONOLOG
2096 274 2267 336 lCUS

3476 271 3582 335 878

320 407 462 447 anno
504 391 706 448 Christi
754 391 892 447 1281
923 391 1067 446 cedit
1112 399 1327 447 sextum
1381 389 1652 444 decimum
1699 387 1901 443 mensis
1929 390 1972 445 A
2003 387 2254 455 primum.
2296 384 2487 439 deinde
2522 384 2706 439 fratris
2751 385 2987 442 Cazanis
3025 386 3347 441 auctoritate
3384 399 3580 456 regen-

322 485 571 553 Augusti,
598 483 689 538 cui
723 483 827 538 diei
864 483 932 537 ad
984 484 1281 550 marginem
1313 483 1522 551 adjacet
1565 483 1617 535 iu
1657 483 1900 535 Romano

317 575 648 630 Kalendario
688 575 874 629 littera
907 574 986 639 .D,
1018 584 1142 629 nota
1181 585 1389 645 quarta:
1442 574 1592 628 feria:
1613 614 1629 641 ,
1660 574 1898 643 quando,

323 678 379 721 ut
416 662 572 730 tunc,
608 669 789 721 littera
828 667 978 722 ferire
1016 667 1209 738 prima:
1257 670 1372 722 sive
1403 666 1706 721 Dominicae
1737 666 1897 719 index

321 770 396 813 est
438 760 501 812 A.
558 757 657 814 llic
702 761 899 813 desinit
956 759 1267 813 Chronicon
1323 758 1760 828 Abnlpharagii;
1810 757 1898 812 cui

324 852 550 906 Latinus
605 853 878 922 interpres
928 853 1235 921 perutiliter
1292 851 1731 920 supplementum
1771 858 1903 903 atte-

325 945 442 997 suit
472 961 535 997 ex
578 941 963 1009 Al-Jannaltio,
1013 943 1316 1007 Abulfeda,
1380 943 1494 997 Ebn
1547 942 1805 1013 Yusepho
1847 950 1902 994 et

325 1036 446 1087 aliis
483 1034 832 1102 chronologis
881 1034 1150 1087 Arabibus
1206 1047 1561 1102 expressum,
1627 1031 1768 1086 unde
1817 1031 1904 1085 hic

325 1128 651 1197 Mngttlensis
685 1127 897 1195 imperii
964 1137 1207 1181 extrema
1252 1136 1515 1195 tempora,
1547 1133 1806 1194 quantum
1834 1125 1903 1179 ad

324 1235 439 1275 rem
468 1229 707 1274 nostram
749 1218 1014 1285 conferet,
1063 1219 1369 1273 reddemus.

423 1394 483 1449 P.
518 1395 649 1467 595]
696 1392 839 1450 XVI.
893 1392 1263 1464 Argon-Chao
1317 1409 1459 1449 anno
1489 1393 1622 1464 Heg.
1655 1392 1784 1457 '690,
1815 1393 1903 1459 qui

324 1506 356 1544 ιι
393 1490 477 1543 die
509 1489 543 1542 4
579 1488 818 1544 Januarii
871 1490 999 1543 anni
1052 1487 1254 1552 Christi
1310 1486 1435 1543 1291
1473 1487 1632 1542 duxit
1667 1486 1904 1549 initium,

327 1584 487 1638 finem
529 1582 827 1651 imperandi
892 1590 948 1635 et
1001 1580 1213 1635 vivendi
1274 1578 1427 1643 fecit,
1465 1593 1693 1637 veneno.
1734 1588 1793 1631 nt
1824 1586 1908 1630 est

323 1674 618 1741 creditum,
658 1673 907 1730 sublatus
947 1687 976 1727 a
1007 1668 1232 1738 Judazis,
1269 1687 1456 1727 mense
1482 1671 1656 1726 Rabia
1686 1671 1854 1739 priori
1884 1687 1904 1723 :

325 1766 417 1821 hic
450 1764 645 1821 tertius
687 1774 773 1821 est
818 1764 876 1819 in
919 1779 1065 1819 anno
1097 1762 1355 1829 Arabico,
1382 1772 1436 1817 et
1457 1771 1585 1816 tunc
1616 1761 1813 1829 majori
1843 1776 1905 1816 ex

328 1868 483 1925 parte
539 1857 738 1912 Martio
814 1855 1034 1910 Iuliano
1089 1855 1393 1924 respondit.
1446 1853 1589 1908 Iluic
1647 1855 1915 1917 successit

320 1947 553 2003 Caichtu
577 1948 686 2015 vel,
717 1956 775 2002 ut
824 1944 917 2001 alii
952 1946 1226 2012 scribunt,
1252 1941 1515 2009 Ganiatu,
1541 1944 1628 1998 cui
1665 1958 1914 1998 commu-

324 2046 414 2099 nis
453 2057 575 2097 cum
602 2040 1007 2113 Argum-Ghanc
1036 2050 1199 2113 pater
1233 2038 1336 2093 fuit
1375 2034 1582 2093 Abaka.
1620 2035 1773 2091 llunc
1800 2051 1917 2091 mo-

327 2150 447 2189 rum
490 2130 994 2203 improhitate'suis
1020 2145 1245 2184 exosum
1277 2128 1482 2184 factum
1520 2124 1911 2196 Mognlensium

328 2227 573 2297 plerique
619 2225 758 2279 facta
798 2222 1202 2293 coniuratione,
1251 2219 1406 2291 cujus
1447 2219 1555 2273 dux
1609 2218 1709 2272 fuit
1739 2216 1914 2274 Baidu

330 2321 479 2375 tilius
541 2316 761 2389 Targihi
815 2316 1003 2370 fratris
1052 2312 1276 2378 Ahakar,
1317 2311 1621 2383 fugientem
1677 2311 1912 2367 assecuti

326 2410 694 2473 trucidarunt,
726 2420 871 2461 anno
901 2403 1116 2476 Hegirat
1144 2403 1272 2470 694,
1320 2403 1475 2472 cujus
1502 2403 1764 2458 Kalendae
1796 2401 1913 2456 Mu-

330 2498 578 2556 harrami
613 2499 757 2553 diem
797 2503 1143 2565 occuparunt
1196 2494 1261 2549 21
1313 2493 1640 2550 Novembris
1681 2494 1736 2548 in
1772 2505 1914 2546 anno

323 2591 529 2648 Christi
584 2589 764 2656 l294;
819 2588 964 2642 unde
1009 2586 1213 2641 mensis
1267 2586 1440 2641 Rabia
1473 2587 1763 2656 posterior,
1803 2601 1912 2654 quo

327 2683 548 2737 fiaichtu
582 2681 784 2735 dicitur
814 2679 1060 2743 occisus,
1094 2688 1397 2734 extremam
1434 2677 1637 2733 Juliani
1662 2677 1910 2735 Febrna-
1942 2684 1959 2725 ξ

324 2774 396 2829 rii
423 2781 479 2827 et
510 2773 748 2842 priorem
785 2769 965 2825 Martii
994 2781 1213 2840 partem
1248 2771 1455 2825 insedit
1494 2771 1548 2825 in
1570 2786 1719 2826 anno
1750 2771 1911 2825 Chri-

1936 1718 1985 1780 B

2003 478 2087 530 dis
2118 485 2439 546 pratsentcm
2480 477 2798 546 impendens
2844 492 3089 547 operam.
3123 477 3290 545 Cujus
3338 486 3448 537 tam
3483 493 3581 544 po-

2002 569 2169 623 tentis
2197 568 2362 623 vicini
2397 568 2737 624 Andronicus
2776 570 3090 640 imperator,
3124 574 3299 640 patris
3341 568 3582 625 Michae-

2000 660 2072 717 lis
2102 663 2428 727 imitatione,
2463 663 2693 732 gratiam
2729 663 2831 718 sibi
2885 664 3105 718 lirrnare
3149 663 3411 718 affinitate
3474 676 3586 716 sm-

2002 754 2140 817 duit.
2180 754 2343 808 filiam
2387 756 2435 808 ei
2468 754 2694 809 Mariam
2741 755 2943 809 volenti
2977 755 3392 825 despondcndo,
3439 756 3583 824 quod

2006 856 2191 899 narrat
2223 855 2409 901 noster
2455 862 2504 900 c.
2563 846 2652 911 27,
2708 847 2744 901 l.
2810 862 2893 903 ιιι.
2937 846 3060 901 Hmc
3105 842 3260 917 longa
3299 846 3586 900 Tnctainis

2005 938 2141 992 bella
2178 938 2439 993 videntur
2471 942 2711 995 tenuisse
2747 939 2815 994 ab
2847 954 2990 994 anno
3023 941 3243 995 circiter
3268 938 3401 994 Chr.
3446 937 3585 992 1290

2004 1031 2069 1084 ad
2114 1031 2271 1088 1296.

2074 1211 2240 1266 XVII.
2290 1213 2519 1269 Sublato
2553 1230 2581 1268 e
2615 1217 2793 1270 medio
2839 1215 3093 1283 Caichtu,
3129 1232 3450 1275 successore
3480 1221 3583 1273 Ar-

2006 1304 2374 1373 gun-Chanis,
2429 1306 2617 1369 Baidu,
2656 1309 2745 1376 qui
2794 1323 2913 1362 eum
2963 1318 3337 1379 oppresserat,
3377 1311 3429 1364 in
3465 1312 3585 1379 cjns

2008 1406 2067 1447 se
2110 1394 2301 1448 solium
2338 1395 2582 1450 intrusit.
2624 1397 2729 1452 Sed
2750 1400 2800 1451 ei
2833 1399 3041 1453 obstitit
3073 1401 3337 1467 Caznnes,
3370 1403 3586 1470 Argnn-

2006 1484 2208 1539 Chanis
2245 1486 2501 1555 filiorum,
2532 1497 2591 1542 ut
2621 1489 2854 1555 videtur,
2889 1500 3016 1544 natu
3051 1494 3345 1556 maximus,
3385 1495 3586 1547 avitum

2011 1584 2403 1645 paternumque
2433 1578 2719 1648 imperium
2757 1580 2860 1634 sibi
2886 1582 3056 1636 armis
3089 1583 3391 1638 vindicans.
3429 1583 3590 1637 Cum-

2015 1664 2182 1719 misSo
2215 1667 2397 1735 itaque
2443 1667 2587 1724 inter
2620 1671 2770 1740 regni
2816 1672 3136 1726 candidatos
3176 1674 3389 1742 przelio,
3419 1673 3585 1729 Baidu

2016 1756 2321 1826 proditione
2350 1772 2570 1813 suorum
2604 1761 2779 1815 victus
2809 1770 2862 1816 et
2895 1763 3108 1817 occisus
3135 1762 3363 1823 liberum
3391 1766 3590 1821 :emnlo

2016 1849 2217 1905 Cazani
2258 1852 2477 1921 reliquit
2509 1854 2821 1924 imperium,
2848 1869 3136 1927 postquam
3172 1860 3299 1915 illud
3339 1874 3435 1929 per
3465 1870 3591 1915 octo

2017 1942 2240 1997 circiter
2280 1958 2496 2001 menses
2562 1949 2870 2017 occupavit.
2934 1950 3176 2020 Contigit
3225 1968 3371 2007 mors
3421 1952 3589 2007 Bridu

2016 2047 2207 2088 mense
2241 2034 2542 2090 Dhul-llaia
2582 2036 2824 2107 ejusdem
2856 2041 2981 2094 anni
3018 2041 3153 2112 lleg.
3188 2042 3328 2114 {694,
3373 2042 3475 2098 hoc
3509 2054 3595 2098 cst

2017 2121 2164 2175 circa
2213 2122 2378 2177 tinem
2411 2122 2665 2183 Octobris
2712 2137 2803 2183 aut
2832 2129 3045 2185 initium
3096 2131 3419 2188 Novembris
3465 2134 3592 2188 anui

2017 2212 2148 2268 Chr.
2182 2213 2343 2270 1296.
2377 2214 2513 2272 llinc
2544 2220 2791 2288 procedit
2823 2221 3113 2293 imperium
3145 2223 3399 2290 Cazanis,
3434 2226 3595 2295 cujus

2017 2303 2172 2359 dotes
2220 2305 2532 2374 prmclaras,
2566 2308 2811 2366 instituta
2839 2313 3156 2383 laudabilia,
3187 2326 3309 2373 acta
3361 2316 3592 2372 illustria

2016 2398 2185 2456 effuse
2237 2402 2462 2459 laudans
2509 2415 2775 2461 memorat
2825 2406 3210 2482 Paehymeres,
3246 2428 3294 2467 c.
3340 2413 3390 2475 1.
3444 2412 3477 2470 Ι.
3521 2429 3593 2471 \t.

2018 2490 2124 2548 Res
2155 2504 2317 2562 gesta:
2341 2499 2422 2551 sic
2447 2503 2759 2556 summatim
2798 2506 3242 2574 perstringuntur
3270 2506 3326 2560 in
3365 2505 3594 2578 Supple-

1976 2599 1990 2620 ι
2017 2591 2201 2638 mento
2228 2583 2488 2643 Cltronici
2520 2591 2936 2661 Abulpharagii.
2972 2595 3128 2649 Anno
3165 2594 3299 2665 lieg.
3335 2597 3463 2662 697,
3501 2598 3593 2667 qui

2016 2677 2184 2747 coepit
2226 2693 2257 2732 a
2297 2679 2386 2734 die
2436 2680 2503 2737 19
2555 2680 2811 2739 Octobris
2847 2686 2973 2740 anni
3024 2686 3158 2741 Chr.
3195 2687 3353 2751 1297,
3407 2688 3595 2743 occiso

2015 2765 2245 2832 Ntruzo,
2292 2770 2452 2841 cuius
2498 2773 2807 2841 proditione
2847 2775 3011 2830 Baidu
3054 2776 3232 2833 fuerat
3275 2794 3592 2850 oppressus.

326 2867 396 2921 sti
432 2832 597 2921 1295.
652 2864 789 2919 Puto
844 2832 1090 2917 extremo
1122 2862 1551 2931 iArgun-Chanis
1599 2863 1905 2932 principatu:
2013 2858 2236 2929 Atabegi
2271 2832 2587 2933 dignitatem
2622 2865 2645 2936 (
2662 2877 2777 2920 erat
2815 2867 2866 2921 id
2905 2884 3101 2924 nomen
3126 2832 3371 2926 illustris

329 2958 624 3027 cogitatum
663 2957 732 3010 ab
766 2969 833 3009 eo
864 2954 931 3006 de
964 2955 1350 3024 recuperandis
1383 2955 1903 3025 septentrionalibus
1930 2922 1984 2981 ἃ(
2014 2952 2167 3019 perio
2200 2950 2496 3022 Mugulensi
2537 2922 2926 3029 magistratus)
2961 2976 3065 3030 qua
3111 2960 3342 3019 Nirnzus
3373 2964 3595 3024 functus

326 3050 554 3119 Europae
599 3049 897 3120 provinciis
928 3048 1066 3102 ultra
1103 3046 1447 3116 Bnlgariam;
1499 3062 1655 3116 quas,
1721 3057 1777 3102 ut
1827 3055 1908 3100 est
1932 3048 1981 3114 ο
2014 3042 2208 3110 fuerat,
2248 3047 2519 3103 transtulit
2550 3049 2604 3104 in
2657 3049 2823 3105 Kotlu
2858 3051 3099 3119 Salium;
3130 3072 3287 3125 quem
3339 3059 3592 3114 currulem

327 3143 579 3213 superius
646 3141 849 3195 dictum
913 3158 966 3193 n.
1002 3140 1076 3206 6,
1126 3139 1388 3206 auspiciis
1422 3140 1632 3193 Kaanis
1680 3138 1905 3194 secundi

329 3234 719 3304 Mngulensium
745 3232 1099 3301 imperatoris
1133 3246 1161 3283 a
1189 3230 1363 3284 Batuo
1394 3229 1709 3300 subjugatas
1736 3227 1907 3299 Nega,

322 3329 408 3382 eis
465 3326 677 3380 tuendis
729 3340 758 3377 a
805 3323 974 3377 Batuo
1031 3321 1310 3377 Persidem
1359 3337 1558 3378 versus
1621 3322 1908 3377 recedente

328 3417 638 3487 praefectus,
693 3429 980 3485 progressu
1057 3414 1317 3483 temporis
1379 3429 1508 3469 suas
1538 3414 1771 3478 fecerat,
1809 3414 1907 3468 ob—

322 3509 574 3576 sequium
609 3507 771 3581 821
807 3506 1123 3573 imperatori
1171 3505 1410 3575 Mognlio
1443 3520 1752 3571 recusans;
1787 3506 1905 3558 diu-

324 3615 452 3672 que,
480 3608 640 3669 prout
669 3599 854 3653 multis
886 3599 1021 3653 locis
1044 3596 1407 3669 Pacltymeres
1427 3597 1720 3667 signiﬁcat,
1743 3596 1903 3650 istam

324 3690 677 3745 rebellionem
722 3690 950 3756 impune
991 3688 1136 3752 tulit,
1198 3688 1249 3740 in
1303 3702 1364 3741 ea
1407 3687 1570 3741 etiam
1623 3685 1904 3755 Michaelis

325 3784 487 3852 primi
519 3782 807 3849 Ρηιωοιοεῑ
850 3781 1075 3849 Augusti
1121 3779 1387 3832 affinitate
1443 3779 1710 3839 ﬁrmatus.
1742 3779 1902 3831 ducta

327 3876 501 3944 ipsius
557 3874 661 3926 filia
721 3871 1097 3939 Euphrosyne.
1161 3869 1307 3924 Talis
1374 3870 1441 3923 ab
1505 3869 1905 3937 Arqut-Cltane

326 3967 565 4036 suscepti
618 3963 831 4019 consilii
867 3963 1156 4031 vestigium
1213 3965 1264 4016 in
1302 3961 1409 4015 fine
1440 3961 1903 4031 Abulpltaragiani

326 4056 583 4113 Cltronici
632 4056 881 4123 reperio,
939 4053 1031 4107 ubi
1089 4051 1355 4121 scriptum
1394 4052 1597 4121 legitur
1634 4065 1656 4128 ,ε
1693 4052 1905 4121 Arguit-

327 4150 560 4205 Chnnem
622 4148 844 4215 imperio
895 4146 1001 4199 sibi
1046 4145 1285 4198 stabilito
1347 4144 1631 4212 unicuique
1667 4143 1901 4212 ﬁliorum

325 4242 696 4312 praefecturam
728 4238 959 4309 alicujus
1013 4238 1162 4308 regni
1210 4239 1297 4290 sui
1323 4236 1655 4290 exercituum
1685 4234 1902 4288 commi-

325 4335 480 4387 sisse.
513 4332 634 4387 Filii
685 4329 1110 4401 Argun-Chanis
1146 4328 1368 4383 fuerunt
1418 4328 1682 4407 Casanes,
1715 4327 1900 4381 Carm-

328 4437 542 4497 pantas,
574 4425 820 4481 'l‘uctais.
856 4424 933 4480 Ex
980 4424 1063 4478 his
1094 4423 1337 4479 Cazanes
1369 4423 1586 4478 videtur
1632 4424 1900 4478 exercitui

326 4526 383 4573 et
413 4518 705 4586 provinciae
744 4517 866 4570 loco
892 4516 980 4569 ubi
1016 4517 1242 4583 degebat
1261 4516 1562 4585 imperator
1592 4517 1907 4586 propinquae

329 4609 676 4679 prmpositus.
727 4607 862 4661 Nam
919 4617 1187 4676 occupato
1244 4608 1631 4676 postmodum,
1681 4618 1739 4662 ut
1782 4623 1905 4662 mox

327 4702 579 4767 (licetur,
633 4717 662 4754 a
705 4699 871 4754 Baidu
912 4700 1157 4768 imperio,
1197 4700 1405 4768 primus
1457 4699 1548 4768 qui
1585 4699 1908 4764 obsisteret,

323 4794 565 4856 vicinia),
598 4802 760 4862 prout
782 4802 1028 4862 apparet,
1071 4792 1357 4855 beneficio,
1390 4792 1623 4845 exstitit.
1660 4792 1767 4846 Alii
1802 4794 1909 4847 duo

324 4886 560 4942 Cazanis
596 4884 794 4939 fratres
824 4886 1037 4954 longius
1068 4901 1095 4937 a
1132 4892 1282 4952 patre
1318 4886 1573 4953 leguntur
1606 4885 1907 4950 amaudati,

325 4975 595 5043 siquidem
620 4974 1075 5042 Carrnpantanem
1110 4975 1495 5043 Pacltymeres,
1524 4989 1576 5042 p.
1605 4973 1712 5026 459
1738 4975 1911 5043 partis

327 5068 674 5138 posterioris,
709 5068 787 5120 ait
821 5067 1121 5121 exercitum
1178 5066 1230 5118 in
1283 5064 1435 5119 india
1467 5068 1721 5121 ductasse
1754 5083 1770 5120 :
1804 5065 1912 5120 Tu-

328 5159 568 5213 ctainem
601 5162 742 5215 idem
775 5157 966 5223 refert,
990 5157 1161 5226 partis
1194 5158 1439 5227 ejusdem
1479 5158 1516 5211 Ι.
1550 5174 1636 5223 ιιι,
1671 5173 1721 5212 c.
1758 5156 1828 5213 26
1855 5167 1909 5214 et

326 5251 421 5314 27,
454 5250 692 5321 longum,
753 5249 974 5304 diﬂicile
1006 5259 1172 5319 atque
1218 5264 1419 5319 anceps
1444 5265 1565 5303 cum
1608 5249 1754 5323 Noga
1787 5266 1908 5320 ges-

327 5346 469 5399 sisse
502 5342 723 5407 bellum,
752 5342 930 5412 quoad
960 5356 1083 5395 eum
1113 5340 1225 5411 jam
1254 5355 1438 5394 senem
1471 5341 1588 5394 acie
1632 5351 1906 5410 postrema

326 5437 528 5490 victum
587 5435 789 5489 occidit
851 5435 1202 5507 funditusque
1251 5431 1561 5505 proﬂigavit
1615 5434 1904 5489 factionem

327 5529 467 5598 ejus,
499 5528 768 5583 restitutis
798 5527 1029 5597 imperio
1060 5526 1458 5597 Mogulensium
1489 5520 1768 5596 praetentis
1802 5528 1906 5583 Ειιο

324 5622 457 5677 xino
495 5638 559 5675 ex
611 5634 767 5690 parte
795 5619 1024 5688 Europae
1060 5620 1396 5691 regionibus,
1421 5635 1560 5690 quas
1583 5621 1707 5675 inde
1741 5619 1903 5692 Nogre

328 5712 554 5769 rcbciiio
578 5711 934 5776 alicnaverat,
964 5721 1018 5766 ct
1044 5711 1111 5800 iis
1140 5712 1254 5781 ipse
1279 5711 1450 5780 patris
1472 5710 1901 5781 Argun-Chnnis

1928 4392 1983 4453 D

2014 3151 2136 3191 esse
2162 3139 2411 3209 suSpicor
2432 3155 2554 3196 cum
2582 3143 2986 3203 Chutluchaimo
3016 3150 3298 3205 nominato
3330 3165 3358 3204 a
3384 3149 3597 3215 Pachy-

2013 3244 2160 3283 mere
2193 3231 2292 3285 sub
2325 3231 2484 3287 tinem
2521 3235 2681 3291 modo
2732 3237 2935 3293 laudati
2981 3256 3031 3295 c.
3093 3241 3142 3305 1,
3195 3243 3229 3294 Ι.
3266 3258 3341 3307 τι,
3393 3243 3483 3298 ubi
3537 3260 3590 3312 p.

2009 3322 2135 3390 459,
2191 3337 2351 3380 vocat
2404 3328 2792 3402 Χουτλουχάῖμ
2849 3334 2993 3388 κατὰ
3042 3335 3136 3389 τὸν
3182 3336 3439 3401 Εὔξεινον
3487 3340 3591 3408 ἄρα

2008 3433 2174 3485 χοντα
2201 3428 2484 3486 praetorem
2531 3426 2931 3491 provinciarum
2970 3427 3180 3497 imperii
3227 3429 3477 3500 Mogulici
3524 3433 3591 3490 ad

2010 3509 2280 3565 Euxinum
2328 3512 2584 3569 sitarum.
2604 3514 2810 3570 Fuerat
2842 3519 3007 3588 822
3044 3520 3169 3585 ista,
3210 3520 3295 3593 [P.
3338 3522 3466 3596 596]
3513 3525 3590 3580 uti

2008 3602 2265 3665 diximus,
2293 3605 2619 3674 prmfectura
2651 3607 2953 3664 Tuctaiuis.
2987 3611 3168 3678 Quare
3203 3617 3330 3671 hinc
3355 3617 3481 3672 licet
3511 3619 3593 3672 in-

2006 3694 2276 3765 telligere,
2326 3697 2470 3752 circa
2519 3710 2772 3767 quartum
2814 3710 2910 3757 aut
2938 3706 3188 3773 quintum
3244 3697 3590 3778 principatus

2002 3783 2240 3842 Cazanis
2268 3803 2471 3843 annum
2500 3789 2819 3846 Tuctainem
2847 3795 2911 3848 ad
2934 3794 3124 3852 fratris
3157 3798 3477 3867 imperantis
3502 3816 3593 3857 ρος

2006 3878 2257 3931 mitatum
2308 3892 2368 3932 se
2426 3880 2795 3947 transtulisse,
2847 3883 3076 3939 forsitan
3127 3902 3194 3942 eo
3231 3900 3479 3957 vocante,
3531 3899 3592 3947 ut

2003 3981 2185 4021 mores
2216 3967 2334 4036 ejus
2364 3968 2707 4038 observaret,
2745 3982 3119 4045 statueretque
3180 3993 3248 4030 an
3295 3978 3491 4049 dignus
3543 3983 3592 4036 is

2003 4055 2143 4113 foret
2191 4073 2353 4128 quem
2408 4060 2623 4132 imperii
2670 4078 3045 4120 successorem
3086 4068 3422 4137 designaret.
3457 4073 3592 4139 Quae

2003 4150 2254 4218 probatio
2305 4167 2498 4221 parum
2534 4167 2564 4207 e
2597 4152 2883 4211 Tuctainis
2918 4167 3043 4211 voto
3084 4163 3384 4217 succedens
3445 4167 3590 4219 hune

2000 4244 2233 4298 exclusit
2270 4244 2518 4314 imperio.
2551 4245 2756 4302 Scribit
2799 4251 2945 4303 enim
2994 4250 3379 4324 Pachynteres,
3444 4272 3593 4326 smpti

2003 4330 2246 4388 indicato
2278 4349 2330 4389 c.
2365 4335 2414 4400 1,
2439 4334 2478 4390 l.
2509 4350 2583 4401 vt,
2604 4336 2876 4394 Cazanem
2922 4341 2975 4396 in
3014 4341 3177 4398 dubia
3210 4359 3305 4399 sua
3327 4347 3561 4406 valetudi
3582 4384 3595 4396 κ

2012 4443 2081 4482 ne
2106 4428 2437 4483 successioni
2476 4431 2628 4500 regni
2660 4435 3063 4500 consulentem,
3106 4452 3227 4491 cum
3262 4455 3444 4497 mores
3478 4443 3592 4499 Tu-

2010 4519 2229 4585 ctainis,
2255 4534 2414 4599 quem
2442 4521 2493 4574 in
2521 4524 2823 4593 prepinquo
2848 4526 3095 4595 haberet,
3129 4528 3318 4586 fratris
3352 4534 3448 4590 .sni
3482 4537 3594 4591 dis-

2010 4608 2216 4665 similcs
2243 4615 3004 4686 notasset,‘Carmpantanem
3047 4623 3212 4677 alium
3250 4624 3472 4683 fratrem
3521 4646 3584 4684 ex

2010 4696 2183 4762 ludia,
2219 4699 2311 4754 ubi
2337 4702 2605 4758 exercitui
2657 4719 2911 4774 praeerat,
2938 4724 3224 4777 evocasse,
3257 4730 3489 4785 eumque
3520 4721 3587 4771 ad

2011 4790 2064 4844 id
2098 4802 2359 4848 accurata
2387 4794 2734 4852 institutione
2757 4809 3121 4870 praeparatum
3168 4805 3380 4876 imperii
3415 4809 3587 4864 haere-

2011 4884 2135 4938 dem
2168 4884 2506 4953 designasse.
2537 4887 2710 4957 Igitur
2740 4891 3022 4946 decedenti
3052 4907 3115 4948 ex
3144 4896 3388 4963 partibus
3420 4898 3580 4954 Euxia

2011 4992 2082 5032 no
2105 4979 2299 5034 vicinis
2329 4981 2578 5036 Tuctaini
2610 4980 2898 5039 suﬂ'ecttim
2934 4986 2984 5039 in
3018 4987 3243 5042 istarum
3277 4992 3587 5057 provincia-

2012 5085 2129 5122 rum
2170 5070 2435 5139 regimine
2467 5072 2947 5129 Chutluchaimum
2979 5077 3238 5141 arbitror,
3266 5095 3429 5148 quem
3459 5083 3587 5146 :illtn

2012 5160 2104 5215 tali
2129 5161 2308 5216 officio
2340 5163 2507 5218 fuisse
2542 5163 2784 5219 functura
2821 5169 3041 5237 quando
3081 5181 3166 5227 est
3196 5183 3445 5233 mortuus
3476 5177 3585 5233 Ca-

2011 5268 2198 5316 zanes,
2228 5252 2458 5308 affirmat
2479 5253 2857 5328 Pacbymeres.

2083 5433 2271 5491 XVIII.
2313 5438 2491 5507 Pergit
2524 5441 2876 5499 continuatur
2914 5444 3374 5517 Almlpbaragiani
3414 5449 3587 5504 Clu-0.

2008 5528 2118 5582 uici
2152 5535 2270 5584 acta
2310 5527 2542 5585 Cazanis
2572 5535 2822 5605 exsequi,
2869 5539 3114 5593 scribens
3143 5557 3282 5592 anno
3320 5540 3586 5596 699nm.

2010 5629 2223 5673 ventem
2284 5635 2405 5674 cum
2466 5623 2708 5678 exercitu
2763 5627 2815 5680 in
2868 5627 3079 5697 Syriam
3127 5630 3394 5685 Cazanent
3456 5648 3611 5690 cunt‘

2009 5724 2334 5767 oceurrcnte
2386 5712 2491 5767 sibi
2537 5716 2751 5773 sultane
2782 5718 3018 5790 «Egypti,
3051 5722 3141 5792 qui
3180 5724 3475 5783 vocabatur
3521 5732 3587 5789 At
