4036 6382
462 304 568 365 87)

1337 304 1398 364 Ρ.
1441 301 1729 365 POSSlNl
1776 302 2420 364 OBSERVATIUNUM
2467 305 2608 366 [ΛΒ.
2651 303 2764 366 Ill.

3613 307 3718 372 8ῗο

465 415 630 468 Maleo
677 412 740 467 Al
794 413 964 468 Naser
1015 412 1437 479 Mobammedcs,
1483 412 1790 468 conﬂixisse
1830 412 2112 482 praelio,-A
2143 413 2332 467 scribit
2360 413 2719 484 Pachymeres
2750 414 2869 468 loco
2902 430 3041 484 saepe
3072 425 3374 470 memorato
3413 416 3478 468 de
3505 414 3719 473 Cazaue

463 520 697 574 murique
748 503 927 559 lusum
973 506 1027 558 in
1065 505 1250 574 fugam
1285 503 1547 569 vertisse,
1607 504 1733 559 dein
1777 503 2040 558 Damasco

466 595 734 660 potitum;
769 594 965 664 quibus
1019 595 1210 661 gestis,
1252 593 1440 648 relicto
1475 593 1530 646 in
1579 591 1734 665 Syria
1781 595 2040 662 praefecto

467 686 677 754 Καρὶαὲ
700 697 916 751 vocato,
957 688 1010 742 in
1041 687 1286 758 regiones
1317 686 1623 742 Orientales
1657 687 1904 744 rediisse.
1929 689 2040 742 lla-

471 776 585 830 buit
611 791 786 831 annus
819 776 1027 844 llegirae
1050 776 1152 829 699
1182 775 1393 827 initium
1433 791 1461 828 a
1495 774 1580 828 die
1607 774 1677 828 28
1703 773 2039 844 Septembris

466 870 592 922 anni
621 868 829 922 Christi
865 867 1022 922 1299.
1058 868 1190 934 Quia
1230 882 1356 920 vero
1387 868 1522 932 dies,
1555 881 1664 937 quo
1699 869 1815 921 acie
1863 869 2038 920 vietus

461 971 550 1015 est
599 962 782 1016 sultan
836 959 1054 1029 Egypti
1117 960 1314 1014 dicitur
1361 959 1469 1015 illic
1525 959 1691 1014 fuisse
1746 961 2038 1017 vicesimus

455 1054 948 1125 «septimusRabia:
983 1054 1200 1121 prioris,
1226 1053 1426 1107 indicat
1451 1061 1573 1106 nota
1595 1053 1686 1106 illa
1721 1055 1860 1107 diem
1894 1055 2040 1108 vice-

463 1151 660 1204 simum
695 1148 992 1202 secundum
1026 1146 1231 1201 mensis
1261 1145 1571 1200 Decembris
1601 1145 1844 1214 ejusdem
1875 1146 2034 1204 Chri-

464 1243 531 1296 sti
564 1241 693 1296 anni
732 1237 1069 1305 1299.0uod
1103 1247 1282 1292 autem
1312 1238 1457 1292 addit
1495 1239 1839 1292 continuator
1869 1238 2037 1291 Abul-

446 1333 708 1404 -pharagii
737 1333 876 1387 diem
903 1333 1051 1386 illum
1080 1331 1245 1385 fuisse
1268 1330 1545 1396 Mercurii,
1571 1329 1708 1386 haud
1730 1344 2039 1400 usquequa-

463 1441 568 1496 que
593 1426 840 1494 quatlrat,
873 1423 1138 1492 siquidem
1167 1423 1257 1477 illo
1284 1423 1482 1478 Christi
1514 1437 1658 1476 anno
1691 1423 1873 1494 cyclus
1903 1425 2035 1480 solis

450 1521 534 1574 :20
558 1519 790 1572 litteram
824 1515 1004 1571 attulit
1039 1515 1186 1570 feriae
1225 1516 1415 1584 primae
1447 1515 1679 1570 indicem
1723 1514 1788 1582 D,
1820 1531 1937 1586 quae
1965 1515 2036 1569 22

447 1610 778 1666 “Decembris
811 1607 954 1664 diem
993 1607 1184 1663 feriam
1219 1605 1384 1662 fuisse
1416 1607 1627 1662 tertiam
1671 1607 2030 1661 demonstrat.

462 1702 794 1756 Crediderim
849 1697 1106 1754 mendum
1140 1697 1427 1768 irrepsisse
1469 1698 1520 1750 in
1553 1713 1828 1762 numeros,
1854 1707 1908 1752 et
1939 1713 2033 1767 pro

439 1792 528 1846 :27
562 1791 744 1846 Rabiai
767 1789 968 1862 prioris
995 1789 1157 1844 scribi
1183 1797 1433 1858 Oportere
1456 1787 1549 1854 28,
1576 1789 1667 1858 qui
1690 1791 1806 1844 dies
1835 1787 1934 1843 fuit
1959 1791 2030 1848 25

446 1883 773 1940 ~.l)ecembris
797 1882 930 1936 feria
955 1881 1009 1934 4.
1035 1880 1471 1935 Fundamentum
1513 1879 1643 1934 mihi
1669 1880 1748 1934 sic
1771 1880 2027 1952 epinandi

437 1986 543 2032 ~est
575 1975 947 2050 testimonium
994 1975 1270 2029 oculatum
1311 1973 1593 2041 scriptoris
1639 1972 1853 2027 illorum
1891 1985 2028 2026 tem-

460 2085 650 2138 porum
698 2067 960 2140 Aytboni.
995 2067 1186 2120 Exstat
1226 2063 1392 2132 hujus
1417 2079 1555 2133 opus
1584 2064 1744 2120 titulo
1779 2063 2030 2120 llistorize

460 2161 781 2227 Orientalis,
811 2158 968 2232 cujus
1017 2173 1066 2214 c.
1102 2157 1164 2212 41
1209 2155 1438 2212 allirmat
1478 2171 1537 2212 se
1581 2154 1748 2211 fuisse
1777 2157 2026 2210 comitem

459 2252 825 2322 expeditionis
874 2265 1030 2319 quam
1076 2249 1347 2306 Cassanus
1389 2247 1491 2320 (sic
1539 2249 1685 2302 enim
1723 2249 1898 2313 vocat)
1940 2263 2030 2301 rex

464 2342 816 2396 Tartarorum
841 2340 1204 2402 Christianus,
1229 2354 1331 2393 uua
1369 2353 1489 2392 cum
1517 2338 1736 2407 regibus
1761 2337 2031 2394 Armeniae

461 2442 518 2488 et
544 2432 794 2500 Georgia:
824 2432 1032 2500 pariter
1065 2429 1412 2491 Christianis,
1446 2429 1688 2498 suscepit
1722 2428 1772 2481 in
1813 2427 2028 2498 Syriam

462 2536 650 2579 contra
679 2524 1142 2579 Meleehnaserum
1181 2521 1448 2575 sultanem
1474 2521 1693 2591 IEgypti
1726 2520 1894 2593 Syrias
1930 2522 2030 2573 do-

462 2617 780 2681 minantem,
814 2631 973 2686 quem
1019 2627 1073 2669 et
1104 2614 1291 2669 habuit
1325 2614 1538 2668 obvium
1582 2627 1748 2682 prope
1780 2611 2026 2680 llamam,

461 2709 701 2778 antiquis
747 2707 994 2762 Emesam
1051 2706 1272 2760 dictam.
1317 2705 1556 2758 Ducebat
1601 2703 1781 2759 sultan
1843 2719 2028 2758 secum

454 2800 698 2870 equitum
723 2807 940 2853 centum
972 2797 1142 2850 millia
1167 2812 1290 2850 cum
1331 2795 1539 2848 iulluita
1575 2795 1818 2864 peditum
1851 2793 2028 2848 multiv

461 2889 667 2944 tudine.
731 2887 1006 2942 Cassanus
1061 2896 1241 2941 autem
1294 2885 1600 2938 exercitum
1669 2883 2027 2938 ducentorum

463 2979 714 3042 millium,
747 2992 996 3046 magnam
1036 2986 1243 3044 partem
1291 2976 1532 3044 equitum
1579 2975 1833 3028 habebat.
1871 2973 2032 3029 Coin-

2143 503 2228 557 liis
2259 507 2434 559 verbis
2467 525 2480 560 :
2509 506 2732 560 Vastans
2755 509 2881 575 quin
2927 509 3085 564 etiam
3116 507 3403 577 .Egyptum
3441 509 3721 579 cladesque

2142 595 2254 649 illic
2282 598 2546 651 Arabibus
2595 616 2698 652 non
2754 600 2886 653 leves
2921 600 3178 668 inferens,
3215 602 3370 670 longe
3401 600 3642 668 pluribus
3671 611 3720 654 et

2140 685 2468 753 gravioribus
2503 689 2614 741 sine
2658 687 2815 739 dubio
2849 689 3061 742 damnis
3101 689 3224 743 illos
3263 690 3575 758 affecturus.
3616 692 3722 743 nisi

2141 777 2210 840 ei,
2243 793 2306 830 ne
2343 787 2639 842 penetraret
2697 779 2941 842 interius,
2976 780 3211 834 locorum
3260 783 3438 835 arenis
3479 783 3632 835 inviis
3671 792 3724 835 et

2141 881 2293 934 aqua:
2350 866 2592 934 inopibus
2635 867 2742 920 late
2772 867 3147 934 aquai/entiam
3208 867 3578 936 insuperabilis
3611 869 3723 938 dif-

2139 954 2352 1022 ﬁcultas
2402 957 2712 1010 obstitisset.
2778 957 3050 1014 Hactenus
3110 959 3510 1029 Pachymeres;
3581 959 3726 1012 unde.

2139 1049 2267 1102 licet
2299 1049 2564 1118 suSpicari
2605 1051 2690 1104 vel
2731 1050 2902 1119 ipsum
2939 1050 3204 1104 Cazanem
3243 1051 3321 1104 vel
3358 1061 3564 1119 partem
3605 1051 3727 1118 cjus

2139 1142 2454 1208 exercitus,
2517 1143 2635 1210 ipso
2670 1142 2809 1210 apud
2866 1141 3129 1197 llalcbuiu
3183 1143 3398 1196 interim
3455 1149 3722 1207 morante,

2140 1230 2434 1302 Egyptum
2483 1241 2738 1296 tentasse,
2772 1242 2828 1285 at
2863 1235 2931 1286 ob
2964 1234 3410 1301 impedimentum
3448 1248 3724 1285 memora-

2141 1333 2251 1377 tum
2282 1333 2459 1394 ctepto
2491 1324 2789 1378 abstitisse.
2825 1321 3025 1379 Refero
3057 1325 3222 1380 etiam
3253 1324 3321 1378 ad
3355 1324 3493 1377 hanc
3525 1337 3722 1379 secun-

2137 1413 2259 1467 dam
2311 1416 2707 1482 expeditionem
2750 1415 2839 1469 illa
2877 1431 2996 1484 qua:
3052 1416 3212 1485 paulo
3277 1415 3527 1484 superius
3576 1417 3720 1468 idem

2136 1502 2500 1575 Pachymeres
2527 1506 2758 1570 dixerat,
2798 1521 2989 1574 nempe
3021 1505 3284 1560 Cazanem
3328 1505 3718 1574 Hierosolymis

2133 1595 2400 1650 hostiliter
2435 1597 2708 1651 admotum
2750 1613 2957 1664 parum
3018 1597 3250 1666 abfuisse
3312 1599 3376 1650 ab
3430 1599 3556 1651 urbe
3617 1597 3721 1650 illa

2138 1696 2311 1752 tanta,
2365 1690 2452 1742 cui
2479 1691 2659 1744 sultan
2695 1690 3018 1746 Christianis
3071 1702 3261 1758 erepta:
3312 1689 3721 1764 dominabatur,

2132 1782 2503 1848 expugnanda.
2528 1780 2605 1834 lta
2633 1781 2721 1834 ille
2739 1782 2894 1854 longe
2930 1782 3277 1838 verisimilius
3309 1797 3469 1850 quam
3493 1780 3720 1850 quidam

2130 1868 2306 1924 Latini
2347 1874 2618 1942 scripores
2652 1875 2799 1929 citati
2832 1876 2901 1929 ab
2928 1874 3157 1932 llenrico
3177 1873 3468 1942 Spondano
3496 1873 3546 1925 in
3583 1887 3723 1927 con-

2132 1963 2432 2019 tinuatione
2449 1966 2742 2022 Annalium
2763 1965 2976 2022 Barooii
2998 1982 3140 2022 anno
3170 1968 3371 2022 Christi
3400 1966 3558 2030 l500,
3583 1981 3638 2021 η.
3664 1966 3722 2028 l,

2129 2055 2224 2124 qui
2256 2056 2408 2110 aiunt
2442 2068 2570 2112 tunc
2603 2074 2632 2111 a
2661 2057 2905 2114 Cassano
2959 2059 3382 2130 Hierosolymam
3412 2060 3577 2130 fuisse
3619 2075 3724 2112 ca-

2131 2159 2298 2215 ptant,
2323 2158 2372 2202 et
2399 2151 2566 2204 sacris
2597 2149 2724 2206 locis
2760 2167 2950 2219 magna
2994 2154 3324 2204 veneratione
3345 2152 3598 2215 risitatis,
3636 2166 3728 2203 rr-

2133 2249 2385 2294 stauratts
2421 2251 2468 2294 et
2502 2243 2722 2298 dotatis.
2753 2241 3099 2296 habitandam
3133 2259 3430 2296 concessam
3458 2241 3731 2296 Christia-

2132 2333 2212 2386 nis
2253 2331 2515 2399 Armenis,
2543 2331 2854 2402 Georgianis
2891 2335 3193 2404 ueterisque
3222 2352 3284 2388 ex
3307 2333 3480 2404 Cypro
3512 2345 3560 2389 et
3587 2336 3729 2390 late-

2131 2424 2241 2478 bris
2296 2427 2714 2480 conrolantibus.
2774 2425 2911 2482 Nam
2975 2428 3046 2490 id,
3089 2429 3135 2482 si
3191 2444 3315 2482 vere
3375 2427 3724 2498 contigisset,

2135 2533 2240 2571 non
2268 2516 2478 2574 videtur
2514 2530 2605 2571 aut
2635 2519 2881 2585 ignorare
2909 2522 3151 2588 potuisse
3169 2521 3452 2588 Aytlionus
3482 2532 3608 2574 tunc
3633 2521 3726 2574 vi-

2133 2621 2395 2676 vens,aut
2449 2611 2502 2664 in
2533 2612 2754 2665 historia
2778 2612 2844 2666 de
2879 2613 2963 2667 his
3001 2613 3199 2681 scripta
3240 2613 3400 2668 silere
3439 2613 3725 2679 voluisse;

2133 2704 2188 2758 iu
2228 2718 2334 2773 qua
2372 2714 2551 2759 tamen
2617 2706 2750 2758 nihil
2814 2707 2920 2760 tale
2978 2708 3265 2774 reperitur.
3303 2709 3458 2759 Auno
3519 2706 3726 2760 dehinc

2134 2791 2344 2862 Hegira:
2397 2793 2500 2846 702
2537 2795 2734 2866 (pergit
2796 2796 3224 2864 supplementum
3290 2776 3724 2865 Alinlpharagii)

2133 2886 2374 2941 Cazanes
2409 2888 2592 2956 copias
2648 2889 2698 2941 in
2739 2888 2952 2958 Syriam
2992 2889 3139 2943 misit
3173 2889 3307 2942 duce
3346 2887 3505 2942 Kotlu
3546 2889 3717 2951 Salio,

2134 2975 2249 3030 sive
2287 2986 2342 3028 ut
2375 2974 2736 3048 Pachymeres
2770 2990 2944 3040 vocat,
2985 2978 3399 3032 (Zhutluchaimo
3429 2993 3445 3042 ;
3508 2977 3722 3046 primus

461 3071 685 3124 missum
719 3070 888 3125 fuisse
921 3069 1166 3138 praelium
1211 3068 1350 3122 inter
1383 3067 1484 3122 hos
1517 3067 1792 3121 exercitus
1823 3067 2028 3137 Aytbo-
2055 3080 2100 3142 ρ
2133 3067 2249 3122 dies
2289 3068 2447 3123 istius
2483 3068 2608 3120 anni
2650 3068 2858 3140 Hegira:
2907 3069 3009 3123 702
3049 3071 3146 3124 fuit
3183 3073 3470 3125 vicesimus
3527 3082 3724 3125 sextus

459 3176 581 3224 nus,
609 3161 696 3228 qui
725 3174 962 3230 praesens
987 3157 1250 3224 interfuit,
1285 3159 1478 3212 asserit
1501 3157 1587 3211 die
1621 3157 1872 3212 Mercurii
1901 3168 2022 3212 ante

458 3257 649 3320 ['estuin
684 3251 1016 3306 Nativitalis.
1041 3251 1198 3306 Cadit
1222 3250 1498 3320 aptissime
1517 3259 1642 3305 nota
1666 3251 1782 3304 haec
1804 3251 1855 3304 in
1880 3253 2021 3305 diem

456 3345 526 3399 εὖ
561 3345 887 3407 [)ecemliris,
921 3359 1040 3412 qua:
1089 3343 1177 3396 illo
1214 3358 1375 3404 anno.
1408 3348 1465 3395 ut
1495 3351 1580 3396 est
1614 3343 1837 3406 dictum,
1887 3343 2023 3397 feria

458 3446 650 3508 quarta
677 3436 798 3492 fuit.
825 3435 982 3489 Addit
1009 3434 1292 3505 Aytlionus
1319 3434 1503 3504 praelio
1533 3434 1730 3488 victum
1753 3443 1808 3487 et
1839 3433 2025 3504 fugere

455 3527 793 3596 compulsum
849 3525 1018 3580 fuisse
1071 3523 1366 3588 sultancm,
1415 3533 1526 3577 tum
1572 3524 1659 3577 die
1699 3522 1862 3593 823
1902 3534 2024 3592 p0st

457 3619 738 3674 victoriam
772 3617 843 3671 45
864 3617 1095 3671 deditam
1127 3615 1367 3670 Cassano
1404 3614 1567 3670 luisse
1599 3617 1786 3668 urbem
1829 3618 2021 3668 Dama-

458 3728 631 3772 scum,
665 3711 719 3762 in
772 3724 878 3776 qua
915 3706 1189 3763 Cassanus
1233 3707 1544 3776 praefectum
1602 3723 1695 3775 pro
1746 3723 1802 3760 se
1853 3706 2022 3780 Syria:

455 3819 578 3856 cum
617 3812 766 3871 parte
795 3801 1068 3856 exercitus
1098 3800 1322 3868 reliquit
1368 3800 1655 3868 quemdam
1691 3801 1881 3856 ducem
1918 3802 2020 3856 Sa-

456 3908 711 3948 racenuni
739 3892 806 3946 ad
835 3907 893 3946 se
916 3906 946 3946 a
973 3891 1187 3947 sultane
1213 3891 1566 3961 transfugam,
1587 3893 1803 3945 nomine
1823 3890 2024 3958 Ctlpt'a-

452 3985 619 4052 hum;
657 3986 742 4040 cui
776 3984 922 4038 dedit
952 3985 1004 4037 in
1041 3983 1308 4038 mandatis
1344 3993 1400 4038 ut
1428 3984 1472 4038 si
1501 3983 1791 4038 Christiani
1823 3985 1889 4036 ab
1918 3982 2024 4038 0c-

453 4078 665 4132 eidente
713 4076 982 4140 venirent,
1035 4076 1114 4130 eis
1167 4073 1382 4145 Syriam
1442 4074 1700 4128 traderet.
1752 4073 1857 4128 Sed
1899 4089 2019 4127 cum

455 4171 684 4238 Europae
710 4170 983 4238 principes
1009 4168 1088 4222 ire
1116 4167 1242 4222 illuc
1275 4175 1368 4220 aut
1392 4167 1670 4221 exercitus
1695 4168 1908 4220 mittere
1933 4180 2025 4219 ne-

451 4264 768 4332 glexissent,
803 4258 1084 4329 Capcakus
1138 4260 1300 4312 rebus
1343 4257 1456 4312 suis
1504 4257 1819 4322 consulens,
1851 4255 2016 4324 impe-

453 4363 591 4406 trata
638 4366 666 4404 a
701 4351 911 4404 sultaue
941 4347 1230 4418 transfugii
1271 4348 1449 4412 venia,
1482 4347 1693 4418 Syriam
1723 4347 1797 4400 illi
1836 4360 2023 4399 rursus

2131 3161 2332 3215 mensis
2377 3161 2596 3230 Augusti
2651 3161 2703 3214 in
2741 3176 2884 3216 anno
2914 3177 3034 3216 mra:
3056 3172 3254 3217 noslrte
3289 3163 3523 3232 viilgaris
3553 3164 3719 3220 1502.

2129 3249 2206 3304 Ex
2231 3254 2311 3306 his
2333 3268 2450 3321 quae
2479 3252 2644 3306 refert
2664 3253 2730 3306 de
2756 3254 2943 3308 morbo
2965 3253 3195 3312 Gazanis
3229 3255 3483 3309 diuturno
3510 3256 3723 3326 l’achy-

2130 3357 2577 3406 ineres,,nccessc
2598 3355 2680 3399 est
2705 3346 2883 3400 dicere
2913 3345 3024 3414 jam
3061 3356 3172 3400 tum
3212 3347 3358 3401 illum
3393 3360 3719 3417 mgrotasse,

2127 3435 2472 3508 825mlth
2498 3439 2629 3491 adeo
2651 3438 2838 3493 morbo
2872 3439 3186 3508 impeditum
3218 3455 3246 3494 a
3274 3455 3367 3511 per
3390 3457 3446 3496 se
3463 3444 3716 3496 obeunda

2129 3528 2470 3594 expeditione
2518 3531 2821 3583 necessaria
2853 3529 3125 3588 hominem
3177 3532 3262 3586 cui
3315 3535 3547 3588 maxime
3581 3535 3717 3589 lide-

2130 3628 2213 3678 ret
2265 3621 2382 3674 vice
2411 3636 2506 3675 sua
2571 3623 2783 3676 misisse
2842 3621 3339 3690 Cbutlueliaimum,
3381 3626 3492 3681 sive
3549 3627 3711 3688 illum

2129 3712 2424 3764 evOcavEte
2476 3713 2724 3782 partibus
2775 3715 3288 3784 septentrionalibus
3344 3718 3486 3773 circa
3541 3718 3714 3774 Euxi-

2129 3816 2297 3862 num,
2338 3803 2534 3871 quibus
2568 3819 2713 3870 eum,
2767 3805 2819 3858 in
2855 3804 3034 3859 locum
3091 3805 3312 3862 Tuctais
3346 3810 3460 3862 sive
3494 3809 3713 3864 Tuctai~

2133 3895 2234 3958 nis,
2260 3894 2423 3948 fuisse
2447 3895 2555 3962 jam
2585 3907 2742 3951 antea
2773 3898 3085 3966 pra-fectum
3116 3902 3278 3970 paulo
3313 3905 3568 3972 superius
3616 3920 3710 3958 su-

2131 3986 2490 4052 spicabamur,
2515 3989 2627 4043 sive
2649 3989 2796 4043 illum
2831 3991 3008 4046 adhuc
3041 3991 3096 4044 in
3127 3994 3302 4047 ollicio
3337 3995 3564 4064 Atabegi
3596 3999 3710 4050 cir-

2131 4091 2192 4129 ca
2229 4091 2288 4131 se
2315 4080 2514 4144 habuit,
2553 4089 2606 4133 et
2641 4089 2847 4134 tantum
2884 4093 3003 4152 post
3035 4084 3204 4153 ipsius
3233 4085 3462 4139 reditum
3493 4104 3521 4140 e
3552 4087 3712 4156 Syria

2133 4171 2200 4226 ad
2261 4170 2425 4223 istum
2461 4174 2940 4240 septentrionalem
2999 4175 3222 4229 limitem
3291 4175 3602 4242 destinavit,
3643 4193 3714 4231 ne

2131 4263 2419 4315 occasione
2446 4271 2712 4316 secuturae
2751 4262 2899 4317 brevi
2934 4266 3096 4333 (quod
3134 4267 3532 4338 praesentiehal)
3568 4285 3715 4322 mor-

2135 4349 2202 4402 tis
2240 4364 2350 4404 sua:
2401 4348 2640 4415 Tuctais,
2699 4367 2858 4422 quem
2893 4355 3173 4410 exclusum
3201 4359 3434 4424 imperio
3467 4358 3712 4425 volebat,

453 4442 696 4513 expulsis
742 4440 991 4494 Tartaris
1033 4439 1284 4508 subjecit.
1318 4437 1443 4492 llaec
1491 4439 1775 4507 Aytliouus
1824 4438 1892 4492 de
1924 4437 2026 4491 hac
2055 4429 2105 4488 Β
2133 4458 2196 4496 ex
2233 4443 2353 4498 istis
2387 4445 2489 4498 sibi
2517 4446 2720 4500 dudum
2755 4450 3010 4505 obnoxiis
3042 4456 3331 4521 provinciis
3361 4470 3492 4524 opes
3515 4455 3719 4513 ducere

451 4530 793 4601 expeditione
819 4546 832 4595 ;
867 4543 984 4596 quat
1013 4542 1174 4596 quam
1210 4527 1321 4582 eiut
1349 4535 1721 4580 consentanea
1760 4525 1974 4580 traditis
2000 4542 2028 4579 a

451 4618 834 4677 (oritinuatore
871 4619 1258 4688 Abulpharagii
1289 4633 1352 4672 ex
1400 4616 1692 4670 collatione
1731 4625 1897 4684 patet.
1935 4616 2027 4669 Et-

449 4713 594 4766 enim
639 4711 778 4778 apud
822 4709 966 4762 hunc
1001 4707 1205 4773 legitur
1248 4707 1534 4777 Egyptios
1578 4707 1760 4759 audito
1796 4706 2028 4761 Cazanis

451 4799 600 4853 abitu
635 4813 887 4853 reversos
915 4797 966 4851 in
995 4797 1205 4868 Syriam
1235 4796 1419 4860 fuisse,
1452 4804 1507 4849 et
1533 4792 1787 4863 Capcako
1821 4795 1876 4848 in
1903 4810 2029 4863 par-

452 4901 533 4945 tes
565 4905 752 4945 eorum
782 4899 1120 4956 transeunte,
1153 4889 1414 4943 Tartaros
1459 4888 1549 4968 qui
1580 4895 1738 4941 erant
1775 4887 1828 4941 in
1863 4887 2022 4958 Syria

447 4993 512 5033 ea
565 4979 751 5034 relicta
799 4980 853 5033 in
885 4978 1164 5034 Orientem
1197 4979 1566 5043 contendisse,
1613 4986 1668 5032 et
1705 4975 2022 5032 Damascum

445 5072 500 5124 in
535 5068 915 5140 Egyptiorum
940 5079 1265 5140 potestatem
1294 5069 1544 5124 rediisse.

511 5159 654 5216 XIX.
687 5165 844 5216 Anno
881 5161 1096 5231 llegirai
1145 5163 1248 5218 700
1305 5161 1461 5232 cujus
1515 5159 1728 5214 initium
1777 5157 1878 5212 fuit
1910 5158 2024 5212 dies

444 5259 632 5306 sextus
687 5251 929 5308 decimus
988 5252 1324 5323 Septembris
1361 5252 1417 5306 in
1450 5265 1592 5305 anno
1647 5263 1769 5304 arae
1817 5247 2022 5302 Christi

442 5341 683 5412 vulgaris
742 5343 909 5411 1500,
967 5343 1208 5398 Cazanes
1266 5342 1559 5397 secundam
1621 5339 2018 5408 expeditionem

446 5435 596 5489 duxit
631 5435 682 5492 iu
718 5435 952 5508 Syriam,
987 5436 1063 5490 ait
1094 5435 1442 5492 continuatur
1459 5432 1842 5502 Ahulpliaragii
1883 5431 2018 5486 :sed

446 5543 568 5579 rum
598 5528 770 5583 tribus
799 5529 1016 5584 circiter
1035 5527 1308 5582 mensibus
1326 5527 1407 5598 [Ρ.
1429 5525 1558 5596 597]
1581 5524 1836 5579 inllalebi
1855 5525 2003 5578 ditio

445 5620 604 5673 nibus
667 5621 1021 5688 substitisset,
1081 5636 1140 5676 re
1178 5623 1376 5677 infecta
1409 5623 1602 5676 iterum
1641 5640 1698 5679 se
1736 5626 2012 5680 subduxit.

443 5707 517 5764 ιω
554 5711 666 5766 ille.
710 5713 785 5766 Ad
831 5714 930 5768 hoc
982 5725 1192 5783 tempus
1254 5716 1505 5785 equidem
1541 5719 1819 5772 retulerim
1870 5719 2012 5787 quod

2133 4547 2317 4603 posset
2365 4538 2432 4591 ad
2499 4541 2770 4610 negotium
2813 4542 3226 4614 Carmpautani,
3281 4545 3382 4599 sibi
3409 4545 3462 4598 in
3494 4562 3719 4603 sucCes-

2131 4627 2284 4681 sione
2311 4630 2554 4696 praelato,
2613 4631 3011 4688 lacessendum.
3069 4637 3348 4706 Utcunque
3380 4639 3472 4702 sit,
3497 4651 3718 4694 utrum-

2131 4734 2235 4786 que
2261 4720 2466 4776 idoneis
2493 4725 2812 4780 auctoribus
2843 4727 3126 4794 discimus,
3151 4740 3202 4782 et
3239 4729 3435 4784 bellant
3461 4731 3515 4785 iu
3551 4732 3717 4802 Syria

2128 4825 2227 4879 pro
2278 4811 2493 4868 Cazane
2556 4818 2786 4882 gessisse
2827 4817 2916 4871 illo
2963 4817 3074 4884 jam
3133 4832 3434 4890 aegrotante
3487 4823 3717 4877 Chutlu-

2129 4899 2422 4964 chaimnm,
2461 4913 2516 4957 et
2550 4904 2766 4958 Cazane
2801 4923 2904 4959 non
2941 4906 3111 4962 multo
3151 4922 3271 4979 post
3308 4925 3520 4969 mortuo
3554 4930 3712 4968 eum-

2127 4993 2247 5045 (tem
2279 4995 2591 5062 regionibus
2622 4998 2765 5054 circa
2820 4999 3090 5054 Euxinum
3124 5003 3275 5072 prius
3304 5017 3333 5055 a
3361 5004 3550 5058 Tuctai
3584 5021 3713 5075 pos-

2127 5083 2294 5137 sessis
2330 5084 2632 5152 praefuisse.

2198 5172 2312 5228 XX.
2355 5175 2432 5230 De
2465 5191 2719 5234 successu
2757 5195 2920 5248 porro
2957 5181 3194 5252 Syriacae
3223 5183 3380 5254 hujus
3409 5187 3714 5252 expeditio-

2124 5264 2208 5318 nis
2232 5265 2637 5324 Cbutlucliaimi
2671 5271 2750 5326 sic
2788 5271 3027 5329 breviter
3059 5277 3318 5331 collector
3347 5281 3709 5348 supplementi

2123 5357 2507 5428 Abulgharagii
2554 5365 2735 5418 tradit.
2780 5365 3020 5421 Primum
3077 5368 3288 5438 equites
3340 5369 3520 5424 decies
3562 5372 3709 5427 mille

2121 5449 2394 5504 exercitus
2417 5449 2667 5520 Mogulici
2687 5471 2714 5508 a
2739 5458 2970 5514 ducibus
2999 5461 3278 5529 repinrum
3309 5460 3705 5532 A'lgyptiarum,

2122 5537 2266 5592 inter
2305 5557 2441 5608 quos
2492 5544 2591 5597 luit
2619 5544 2903 5618 Abulfeda,
2947 5564 3104 5618 prout
3129 5552 3247 5622 ipse
3279 5563 3505 5608 testatur
3537 5557 3587 5607 in
3627 5557 3708 5609 hi-

2118 5633 2287 5686 storia
2317 5633 2383 5687 de
2419 5634 2501 5689 liis
2539 5638 2767 5706 scripta,
2804 5641 2969 5696 fuisse
2989 5644 3122 5712 proll
3148 5657 3325 5714 gates,
3360 5645 3556 5699 deinde
3583 5647 3706 5699 uni-

2121 5737 2333 5778 versum
2354 5729 2643 5785 exercitum
2661 5729 2912 5802 fautum,
2940 5735 3182 5806 fugatum
3207 5747 3257 5792 et
3274 5739 3701 5810 peSsumdatuut.
