4036 6386
335 454 438 519 881

1641 442 2298 506 CHRONOLOGICUS.

3493 436 3600 497 882

335 566 487 619 Unde
544 560 804 617 credibile
853 559 1441 614 cstChutluchaimum
1497 571 1620 610 cum
1674 554 2095 624 reliquiisArit
2149 556 2200 608 in
2255 569 2398 608 anno
2448 553 2662 609 Juliano
2717 552 2781 608 3i
2835 551 2982 614 Maii,
3039 549 3274 619 oportuit
3342 550 3479 599 diem
3534 549 3605 602 25

332 657 610 723 copiarum
649 651 934 705 revertisse
967 651 1364 721 quamprimum
1399 649 1464 701 ad
1513 647 1782 702 Cazanem
1812 691 1826 712 ,
1884 662 1912 699 a

334 764 442 816 quo
475 746 851 813 ingravescere
874 743 1187 812 languorem
1213 757 1369 796 suum
1396 741 1662 795 sentiente
1696 748 1918 808 propter

335 852 555 890 causam
604 850 765 902 supra
823 833 1116 887 indicatam
1159 832 1352 885 missus
1379 833 1443 885 ad
1482 831 1740 884 Arctoum
1768 829 1915 882 limi-

341 923 444 980 tetn
480 923 870 979 fuerit.Eodem
907 938 1072 983 anno.
1099 923 1306 992 Hegirte
1336 922 1463 990 702,
1499 923 1588 977 die
1616 922 1680 977 15
1715 923 1918 977 mensis

340 1018 612 1077 Shavalis.
659 1024 716 1069 ut
756 1018 830 1070 ait
864 1013 1181 1079 lannahius,
1239 1016 1481 1070 Cazanes
1508 1024 1591 1069 est
1639 1024 1914 1069 mortuus.

342 1114 438 1166 Est
486 1111 685 1165 Shaval
744 1111 984 1164 decimus
1034 1111 1269 1164 Arabum
1308 1112 1530 1176 Iliensis,
1589 1112 1744 1180 cujus
1776 1111 1917 1165 diem

340 1208 556 1260 tertium
619 1204 886 1258 decimum
929 1203 1224 1258 incurrisse
1257 1203 1500 1272 oportuit
1552 1203 1609 1256 in
1654 1203 1794 1256 diem
1850 1202 1915 1256 51

342 1297 544 1350 mensis
580 1294 703 1348 Maii
743 1312 883 1348 anno
916 1295 1046 1349 Chr.
1081 1297 1236 1356 1505,
1276 1296 1563 1364 siquidem,
1599 1303 1658 1349 ιιι
1715 1303 1800 1350 est
1834 1294 1920 1348 di-

338 1397 512 1449 ctum,
550 1387 806 1442 Kalendae
845 1386 1172 1442 Mttharrami
1223 1396 1435 1441 sextum
1471 1387 1786 1442 vicesimum
1816 1389 1928 1442 Au-

336 1481 480 1549 gusti
557 1481 760 1532 mensis
819 1482 947 1533 anni
1016 1481 1312 1548 superioris
1377 1480 1719 1535 insederant.
1784 1479 1924 1535 Hinc

340 1573 569 1626 delinire
618 1583 771 1627 certo
822 1586 1109 1640 possumus
1143 1572 1594 1637 controversiam,
1630 1587 1750 1641 quae
1785 1571 1928 1625 inter

340 1661 605 1730 quosdam
646 1677 770 1716 mox
805 1662 1116 1718 referendos
1176 1673 1426 1717 auctores
1464 1663 1531 1717 de
1566 1677 1790 1717 numero
1830 1679 1930 1718 au-

336 1768 530 1806 nornm
551 1754 762 1822 imperii
787 1753 1016 1808 Cazanis
1046 1754 1300 1824 agitatur.
1336 1753 1393 1807 Si
1420 1753 1587 1819 enim,
1610 1756 1752 1824 quod
1769 1771 1929 1824 supe-

337 1840 477 1906 rius,
539 1857 593 1896 n.
636 1844 722 1906 17,
782 1845 1094 1908 statuimus,
1137 1845 1302 1912 coepit
1350 1845 1594 1900 Cazanes
1657 1846 1927 1915 imperare

333 1934 481 1988 circa
539 1935 752 1990 initium
805 1935 1128 1991 Novembris
1178 1953 1316 1991 anno
1351 1936 1555 1991 Christi
1594 1938 1753 2001 1296,
1809 1955 1928 1995 mo-

333 2023 484 2077 riens
517 2024 570 2079 in
608 2026 714 2080 llne
749 2025 873 2079 Maii
933 2027 1059 2080 anni
1097 2027 1300 2081 Christi
1332 2027 1472 2082 l505
1503 2027 1693 2097 utique
1722 2045 1816 2084 sex
1870 2031 1931 2084 in

336 2116 567 2185 imperio
598 2134 769 2173 annos
810 2117 1066 2184 explevit,
1099 2126 1151 2173 et
1188 2134 1400 2174 menses
1435 2121 1656 2189 insuper
1696 2131 1926 2189 septem.

333 2205 466 2262 Plus
519 2210 824 2278 ergojusto
861 2210 1019 2278 spatii
1075 2211 1307 2267 Cazanis
1366 2213 1692 2282 principatui
1741 2214 1929 2268 tribuit

339 2300 516 2355 Arabs
551 2301 912 2372 chronologus
971 2302 1295 2371 Jannabius,
1329 2303 1456 2356 dum
1501 2318 1626 2359 eum
1675 2319 1930 2374 regnasse

335 2390 472 2445 dicit
532 2409 697 2446 annos
727 2403 840 2448 acto
865 2405 912 2448 et
975 2411 1174 2450 menses
1218 2397 1430 2450 circiter
1462 2398 1658 2450 decem.
1687 2395 1926 2452 Jonunes

338 2479 426 2551 [Ρ.
450 2478 572 2552 598]
593 2481 875 2546 Villauius,
897 2486 1083 2548 vm,'c.
1114 2485 1199 2549 l5;
1222 2487 1481 2546 Sanntus.
1507 2487 1544 2540 ι.
1579 2501 1660 2551 Ill,
1684 2502 1736 2556 p.
1768 2488 1857 2550 i5,
1876 2502 1927 2542 c.

337 2570 395 2636 8,
431 2581 485 2624 et
513 2573 790 2640 Aytbonus
837 2572 976 2628 Hist.
1019 2572 1334 2635 Orientalis.
1367 2591 1415 2630 c.
1452 2575 1543 2638 45’,
1581 2578 1684 2631 etsi
1733 2578 1932 2631 diserte

338 2664 571 2731 Spatium
606 2667 754 2733 regni
789 2664 1023 2721 Cazanis
1055 2681 1160 2720 nun
1199 2669 1530 2736 exprimunt,
1564 2671 1810 2740 quadam
1843 2681 1928 2724 ta-

343 2769 468 2808 men
523 2754 794 2810 aﬂirntant
870 2759 1012 2812 unde
1073 2759 1208 2812 ultra
1273 2761 1617 2830 praescriptos
1674 2774 1702 2814 a
1775 2763 1932 2818 nobis

342 2847 546 2902 limites
571 2848 701 2902 illud
732 2849 874 2902 haud
903 2851 1119 2916 paulum
1143 2851 1445 2907 excessisse
1467 2852 1540 2906 sit
1561 2867 1925 2924 consequens.

343 2939 550 3010 Nempe
589 2941 694 3016 duo
741 2943 948 3010 priores
980 2944 1134 2996 aiunt
1178 2943 1412 3012 cmpissc
1472 2944 1622 2998 illum
1660 2947 1930 3016 imperare

344 3044 489 3084 anno
511 3028 710 3084 Christi
737 3029 895 3096 1291,
924 3038 978 3086 et
1001 3033 1288 3102 Aythnnus
1309 3033 1514 3087 obitmn
1536 3032 1775 3101 ejusdem
1798 3050 1930 3090 con-

344 3121 448 3177 fert
495 3121 547 3176 in
597 3138 795 3176 annum
826 3123 1024 3178 Christi
1072 3123 1230 3189 1504,
1269 3139 1331 3180 ex
1365 3126 1561 3194 quibus
1592 3125 1928 3182 interemtam

342 3223 491 3268 esset
520 3227 641 3267 eum
674 3213 811 3267 ultra
841 3229 1031 3268 novem
1057 3215 1243 3284 plenos
1265 3230 1437 3270 annos
1469 3215 1780 3286 Mogulensc
1816 3219 1919 3272 im-
1948 3243 1994 3308 ο

343 3307 553 3374 perium
599 3306 826 3361 rexisse.
866 3303 1061 3361 Sedtle
1114 3321 1241 3361 vera
1278 3307 1404 3362 sede
1429 3307 1756 3377 epocharum
1803 3309 1919 3363 initi

343 3411 373 3450 a
397 3396 613 3452 Gazane
634 3399 970 3466 principatus
1001 3408 1055 3452 et
1083 3399 1274 3455 mortis
1299 3400 1460 3454 obitae
1485 3401 1676 3463 tutius.
1701 3402 1913 3470 Opinor,

341 3491 586 3545 creditur
623 3491 888 3545 Arabibus
928 3491 1092 3560 825
1139 3493 1576 3562 chronograpbis
1618 3509 1778 3562 quam
1830 3503 1923 3547 aut

340 3581 592 3653 Aythono
630 3582 864 3640 Armeno
898 3595 989 3638 aut
1021 3585 1261 3640 Villanio
1303 3595 1358 3640 et
1399 3585 1607 3641 Sanuto
1645 3587 1922 3656 Europaeis

341 3675 719 3743 scriptoribus,
737 3676 1028 3741 praesertim
1044 3690 1166 3729 enm
1184 3676 1919 3749 adArabumchronologiam

342 3779 401 3820 se
431 3769 796 3821 accommodet
819 3767 989 3820 nostri
1021 3766 1371 3836 Pachymeris
1393 3769 1626 3825 assertio
1647 3781 1929 3826 mortuum

345 3858 608 3913 ananem
644 3858 961 3912 allirmantis
989 3875 1108 3911 cum
1134 3860 1202 3912 ad
1244 3873 1337 3913 sex
1365 3875 1531 3912 annos
1573 3862 1922 3929 imperasset;

343 3951 511 4018 quod,
543 3951 584 4002 si
621 3951 686 4003 de
724 3951 881 4003 annis
913 3949 1141 4018 expletis
1173 3953 1373 4020 agitur,
1405 3951 1753 4008 exactissime
1772 3955 1917 4009 scri-

342 4051 495 4107 ptum
524 4051 627 4094 est.
680 4039 805 4110 Ejus
849 4042 938 4109 qui
965 4041 1160 4095 Cazani
1189 4043 1451 4096 successit
1483 4056 1679 4096 nomen
1729 4045 1806 4099 sic
1838 4046 1922 4100 ef-

343 4129 449 4183 fert
466 4127 764 4184 Januahins
802 4148 815 4184 :
850 4128 1213 4200 Giyatltoddiu
1238 4132 1640 4186 Chodabandah
1677 4134 1922 4190 Maiiam-

340 4219 480 4281 med,
511 4219 656 4285 ﬁlius
687 4220 918 4288 Argunis
947 4221 1048 4288 ﬁlii
1076 4219 1292 4289 Abagre.
1330 4221 1592 4277 Abull'eda
1625 4233 1680 4279 et
1705 4224 1916 4281 A-hmed

345 4308 457 4362 Ehn
489 4307 731 4377 Yuseplt,
775 4313 994 4379 propius
1035 4313 1099 4364 ad
1135 4310 1486 4382 Paebymeris
1526 4312 1916 4383 Carmpantan,

339 4398 717 4453 Chorbandam
773 4402 918 4454 hunc
982 4403 1281 4471 principem
1345 4404 1638 4472 appellant.
1697 4405 1746 4460 Is
1800 4414 1921 4476 post

342 4493 531 4545 fratris
551 4493 850 4548 decessoris
883 4492 1044 4546 funus
1073 4495 1158 4547 die
1186 4493 1257 4548 25
1315 4493 1630 4550 DhuI-llaia:
1663 4497 1919 4554 solemni-

341 4581 446 4634 bus
486 4581 824 4635 caeremoniis
849 4581 1224 4651 inauguratus,
1255 4600 1351 4651 pro
1379 4583 1581 4640 Chattis
1619 4587 1774 4642 titulo
1807 4604 1923 4642 ma-

334 4673 550 4742 joribus
576 4673 777 4726 usitato
806 4673 1012 4726 Aliaitu
1045 4688 1105 4728 se
1135 4675 1237 4728 dici
1273 4678 1460 4740 voluit,
1495 4693 1616 4742 qua:
1645 4694 1745 4734 vox
1783 4690 1921 4736 teste

337 4763 608 4820 Jannabio
647 4780 894 4834 magnum
957 4753 1330 4836 imperatorem
1387 4769 1678 4838 signiﬁcat.
1717 4772 1922 4827 Vereor

341 4873 413 4913 ne
445 4859 698 4912 mendum
731 4861 803 4912 sit
831 4861 970 4927 apud
1003 4858 1351 4926 Januabium,
1383 4865 1473 4917 ubi
1507 4866 1916 4918 eoronationem

336 4951 764 5021 Carmpantanis
817 4953 906 5006 die
939 4954 1011 5007 25
1059 4953 1381 5008 Bhul-Haiae
1433 4955 1761 5011 celebratam
1789 4973 1920 5012 cou-

340 5042 448 5096 l'ert
482 5043 534 5096 in
581 5057 780 5097 annum
812 5041 1022 5113 Hegirae
1044 5044 1168 5106 703,
1205 5046 1305 5099 hoc
1331 5054 1416 5099 est
1461 5047 1512 5099 in
1547 5061 1783 5102 mensem
1810 5047 1925 5103 fere

341 5136 592 5205 quintum
618 5135 884 5189 decimum
916 5150 944 5188 a
979 5137 1284 5190 decessoris
1310 5135 1484 5199 obitu,
1530 5137 1675 5202 quod
1725 5153 1920 5206 parum

341 5234 428 5280 est
453 5226 768 5292 verisimile,
810 5229 1112 5295 praesertim
1143 5243 1289 5290 cum,
1333 5236 1389 5279 ut
1419 5226 1794 5296 Pachymeres
1836 5231 1918 5282 vi-

342 5322 504 5374 detur
535 5316 861 5384 signiﬁcare,
898 5332 1010 5373 non
1056 5317 1230 5373 solum
1285 5316 1600 5388 designatus
1635 5334 1665 5372 ει
1706 5319 1925 5375 Οςιιςιηθ

342 5412 525 5464 adhuc
573 5411 788 5464 vivente
818 5411 979 5464 fuerit
1005 5411 1194 5464 unicus
1246 5409 1421 5463 haeres
1476 5411 1710 5476 imperii,
1743 5412 1835 5464 sed
1868 5423 1925 5465 et

336 5504 453 5576 jam
490 5514 602 5555 tum
644 5502 698 5554 in
726 5501 1126 5568 possessionem
1160 5500 1312 5571 regni
1346 5500 1570 5555 missus.
1608 5499 1662 5555 ld
1701 5516 1786 5556 me
1837 5505 1920 5556 in-

342 5596 485 5647 vitat
519 5593 581 5647 ad
615 5593 942 5646 credendum
983 5598 1172 5646 eodem
1230 5607 1338 5659 quo
1382 5602 1465 5646 est
1499 5591 1744 5649 Cazanes
1773 5606 1924 5648 mor-

344 5695 471 5740 tuus
504 5699 666 5746 anno,
700 5684 792 5737 sed
826 5683 996 5736 altero
1022 5683 1134 5738 fere
1163 5691 1287 5751 post
1337 5698 1544 5749 mense,
1600 5699 1796 5754 nempe
1837 5686 1926 5741 die

341 5777 417 5833 23
469 5776 810 5839 Dhttl-llaite,
869 5787 1188 5831 comnatum
1259 5777 1734 5847 Carmpantanmn.
1787 5777 1922 5832 Cum

345 5880 531 5924 autem
567 5869 682 5924 dies
719 5870 780 5924 15
813 5869 1082 5932 Shavalis,
1117 5870 1337 5923 ultimus
1372 5871 1490 5924 vitm
1525 5870 1779 5934 (lamnis,
1810 5870 1922 5925 iue-

925 5963 1072 5981 .__.,.._._
1087 5966 1105 5970 .,
1128 5963 1197 5970 ..νη
1239 5961 1262 5990 -.

1951 1903 2001 1963 Β

2032 647 2167 700 Dhul
2207 647 2353 701 llaiaa
2380 647 2508 700 ann'i
2572 645 2817 714 ejusdem
2843 658 3176 699 concurrere
3208 657 3328 695 cum
3378 643 3446 695 ‘29
3477 639 3604 694 Julii

2031 740 2159 793 anni
2188 739 2388 793 Christi
2422 739 2586 794 1505.
2641 737 2818 792 Vitam
2853 745 2906 791 et
2954 734 3317 804 principatum
3351 734 3606 802 produxit

2028 830 2394 900 Carmpantan
2426 843 2599 898 usque
2633 829 2698 882 ad
2725 842 2922 881 annum
2968 825 3179 896 llegirae
3215 822 3341 885 7|6,
3373 838 3480 892 quo
3518 825 3606 876 vi-

2028 931 2158 974 vere
2213 919 2377 973 simul
2431 930 2485 974 et
2522 921 2794 988 imperare
2828 915 2989 970 desiit
3015 913 3218 969 mensis
3273 912 3608 967 Ramadanis

2026 1009 2115 1064 die
2144 1009 2236 1063 ‘27.
2286 1009 2464 1078 Ctepit
2510 1024 2684 1062 annus
2729 1007 2934 1076 llegirte
2975 1005 3076 1060 716
3136 1021 3166 1058 a
3194 1005 3282 1058 die
3329 1005 3400 1059 26
3429 1000 3608 1058 Martii

2028 1105 2156 1159 anni
2207 1103 2408 1159 Christi
2447 1101 2604 1155 1216.
2646 1099 2797 1154 Unde
2850 1096 3181 1152 Ramadanis
3216 1097 3418 1150 mensis
3468 1095 3610 1150 Ara~

2029 1195 2156 1248 bum
2216 1194 2342 1246 noni
2372 1193 2484 1246 dies
2513 1192 2580 1246 97
2612 1189 2866 1244 coincidit
2907 1202 3028 1240 cum
3077 1187 3164 1241 die
3190 1186 3254 1240 15
3298 1185 3611 1238 Decembris

2030 1283 2268 1353 ejusdem
2331 1283 2456 1335 anni
2511 1279 2711 1336 Christi
2773 1277 2930 1334 1516.
2991 1273 3380 1338 Carmpantani
3445 1271 3608 1327 sull‘c-

2031 1383 2150 1429 ctus
2197 1383 2278 1427 est
2328 1368 2766 1432 Baltadur-Can,
2829 1384 2962 1438 puer
3017 1369 3266 1422 uudecun
3319 1362 3611 1429 annorum,

2033 1478 2140 1533 quo
2195 1464 2494 1534 imperante
2551 1461 2783 1531 quisque
2860 1459 3237 1530 praefectorum
3314 1459 3612 1528 provinciis

2033 1569 2125 1609 eas
2147 1555 2246 1610 sibi
2269 1555 2391 1623 jure
2414 1569 2668 1622 supremo
2700 1562 2978 1622 coeperunt
3007 1564 3287 1620 usurpare.
3328 1549 3481 1605 Unde
3509 1552 3614 1604 hoc

2035 1647 2300 1701 moriente
2335 1645 2499 1719 (quod
2524 1646 2748 1715 contigit
2793 1659 2936 1700 anno
2963 1642 3171 1713 Hegira:
3209 1642 3334 1706 736,
3362 1643 3453 1710 qui
3497 1657 3612 1696 ete-

2035 1740 2116 1810 pit
2140 1741 2208 1794 ab
2229 1741 2450 1811 Augusti
2479 1741 2541 1794 21
2567 1741 2691 1794 anni
2719 1739 2923 1795 Christi
2944 1738 3101 1812 1555)
3127 1733 3610 1798 Bahadur-Cbane,

2040 1837 2279 1905 inquam,
2309 1836 2602 1892 decedente
2631 1835 2810 1890 nullus
2842 1835 3096 1904 deinceps
3137 1844 3224 1889 est
3268 1841 3484 1888 creatus
3505 1830 3612 1885 int-

2030 1940 2250 2000 perator
2280 1927 2673 1997 Mogulensium
2699 1967 2714 1990 ,
2750 1933 2896 1982 tanta
2930 1926 3020 1981 illa
3051 1928 3301 1996 dynastis
3342 1925 3395 1979 in
3425 1933 3608 1993 partes

2029 2022 2268 2076 minutas
2299 2019 2471 2076 fracta
2510 2032 2563 2075 et
2589 2022 2800 2089 penitus
2820 2019 3106 2090 dissipata.

2100 2134 2376 2191 Hactenus
2437 2137 2652 2190 brevem
2711 2133 2994 2203 synopsim
3073 2129 3325 2186 dedimus
3397 2129 3612 2198 imperii

2028 2229 2304 2300 Mogulici;
2353 2231 2496 2299 quod
2526 2230 2591 2283 ab
2647 2244 2788 2283 anno
2818 2227 3024 2284 Christi
3085 2225 3225 2282 1202
3276 2227 3342 2280 ad
3404 2240 3608 2280 annum

2028 2321 2231 2377 Christi
2291 2322 2447 2386 15⁸55,
2484 2338 2580 2390 per
2629 2336 2800 2376 annos
2856 2323 2979 2383 155,
3033 2322 3136 2376 sub
3186 2319 3613 2388 imperatoribus

2030 2410 2322 2475 undecim,
2404 2407 2798 2480 Gingizchane,
2881 2411 3094 2472 Kaane,
3184 2409 3611 2479 Cayuc-Chane,

2030 2501 2350 2565 Munkakao,
2385 2502 2588 2568 Abaka,
2613 2502 2876 2564 Alime’de,
2909 2501 3333 2572 Argun-Chaue,
3356 2500 3606 2564 Caichtn,

2029 2591 2265 2655 Cazane,
2292 2591 2713 2662 Carmpantnue,
2750 2592 3237 2656 Bahadur-Chane,
3271 2591 3485 2660 magnis
3513 2605 3610 2660 per

2030 2684 2213 2741 Asiam
2238 2689 2397 2743 rebus
2425 2688 2593 2758 gestis
2633 2687 2920 2742 inclaruit-

2489 2847 2662 2919 323
2714 2847 2945 2904 CAPUT
3005 2845 3141 2902 vm.

2033 2983 2274 3055 Origines
2313 2985 2523 3054 imperii
2555 2984 2883 3040 Ottomanici
2924 3001 2955 3037 a
2985 2983 3307 3054 Pachymere
3353 2988 3611 3043 indicum

2454 3056 2754 3108 distinctius
2801 3055 3183 3123 .explicantur.

2100 3192 2140 3247 Ι.
2187 3192 2257 3248 Ut
2291 3207 2475 3260 regunt
2522 3191 2721 3260 quibus
2752 3191 2806 3245 in
2859 3191 3120 3245 interiore
3147 3189 3274 3245 Asia
3316 3208 3605 3246 commune

2026 3300 2218 3340 nomen
2247 3283 2546 3355 presbyteri
2577 3281 2802 3338 Joannis
2848 3283 2970 3348 fuit,
3017 3293 3230 3337 vastum
3282 3291 3338 3338 et
3387 3285 3472 3338 diu
3509 3283 3610 3337 ﬁn-

2024 3374 2464 3442 rensimperium
2522 3372 2771 3442 Mogulici
2810 3382 2999 3426 exortu
3053 3372 3286 3426 deletum
3353 3383 3477 3439 cst,
3537 3385 3607 3426 ita

2025 3467 2200 3536 ipsum
2235 3464 2556 3534 Mogulicum
2605 3479 2798 3532 magna
2829 3478 2895 3518 ex
2925 3472 3078 3533 parte
3113 3465 3165 3519 in
3195 3463 3601 3520 Ottomanicum

2023 3558 2240 3622 deiecit,
2273 3557 2565 3612 rebellione
2591 3556 2748 3626 primi
2785 3555 2946 3625 hujus
2971 3555 3275 3612 fundatoris
3293 3557 3602 3621 Ottomaui,

2021 3665 2180 3720 quem
2216 3648 2302 3720 [Ρ.
2330 3647 2458 3720 599]
2496 3657 2681 3703 noster
2709 3647 3070 3722 Pachymeres
3104 3652 3389 3705 Atmanem
3423 3650 3606 3705 nomi-

2024 3751 2142 3808 nat,
2192 3751 2382 3796 contra
2431 3741 2704 3796 Cazanem
2760 3749 2812 3796 et
2859 3740 3314 3808 Carmpantanem
3369 3743 3606 3810 primum

2024 3831 2288 3902 impunita
2349 3846 2685 3895 remanente,
2722 3832 2846 3886 inde
2880 3832 3084 3888 sensim
3136 3832 3507 3888 invalescente
3548 3834 3603 3886 in

2017 3923 2222 3994 justum
2250 3925 2421 3979 instar
2453 3924 2608 3994 regni
2640 3923 2866 3994 proprii,
2893 3907 3146 3979 auctibus
3175 3934 3356 3993 postea
3383 3933 3607 3993 stupen-

2023 4015 2110 4069 dis
2149 4030 2321 4086 usque
2349 4014 2419 4069 ad
2450 4015 2872 4070 exstinctionem
2903 4016 3114 4084 imperii
3149 4015 3376 4070 Romani
3405 4017 3606 4072 Orien-

2025 4106 2146 4160 talis
2185 4115 2240 4161 et
2283 4108 2432 4177 regni
2459 4105 2877 4162 Mamalncorum
2927 4106 2980 4159 in
3019 4105 3254 4178 IEgypto
3306 4109 3608 4175 profecturi

2024 4196 2080 4250 in
2135 4205 2396 4251 terrorem
2438 4197 2685 4266 Europae,
2736 4199 2820 4252 cui
2875 4198 3131 4262 minatur,
3183 4199 3450 4268 hodieque
3484 4203 3610 4253 uni-

2023 4301 2212 4341 versa.
2239 4285 2410 4355 Hujus
2436 4303 2586 4342 novae
2620 4289 2882 4359 dynastizc
2914 4290 3073 4359 quasi
3105 4290 3393 4354 cunabula,
3431 4292 3609 4346 obiter

2025 4393 2053 4430 a
2090 4379 2420 4450 Pachymere
2459 4381 2767 4448 perstricta,
2800 4382 3082 4438 nesciente
3105 4383 3318 4437 scilicet
3350 4384 3403 4437 in
3439 4399 3609 4452 quam
3674 4425 3685 4440 ι

2027 4480 2136 4522 tam
2182 4484 2249 4523 ex
2281 4469 2366 4523 bis
2407 4469 2496 4523 illa
2533 4469 2728 4525 molem
2776 4469 2918 4526 foret
2952 4471 3261 4526 immaniter
3309 4475 3608 4528 crescendo

2027 4570 2361 4623 surrectura,
2429 4575 2610 4630 operte
2668 4562 2899 4631 pretium
2929 4560 3058 4615 duxi
3099 4563 3450 4616 considerare
3519 4565 3610 4619 hic

2031 4652 2189 4722 paulo
2241 4653 2526 4718 attentius,
2557 4663 2610 4708 et
2655 4655 2891 4722 epochas
2946 4654 3218 4724 originum
3292 4655 3517 4708 istarum
3551 4657 3649 4736 in“

2030 4745 2310 4813 principiis
2372 4761 2562 4813 parum
2622 4746 2915 4810 notabiles,
2966 4761 3032 4801 ex
3078 4747 3356 4816 inOpinato
3407 4747 3606 4802 deinde

2029 4851 2285 4890 successu
2337 4845 2668 4889 momentum
2697 4843 2755 4889 et
2797 4831 3174 4889 aeStimationis
3227 4833 3478 4888 meritum
3511 4849 3610 4887 na-

2027 4939 2166 4989 ctas,
2207 4929 2321 4982 suis
2349 4939 2535 4982 exacte
2566 4928 2698 4982 locis
2731 4928 2915 4994 figere.

2096 5040 2158 5094 ll.
2193 5038 2477 5118 (Humanis
2511 5039 2624 5094 sive
2653 5035 2927 5092 Ottomeni
2977 5053 3150 5106 genus
3195 5039 3442 5095 historici
3469 5041 3605 5096 Ara-

2026 5131 2122 5185 bes
2149 5131 2424 5184 deducunt
2445 5145 2475 5183 e
2501 5131 2730 5197 quodam
2756 5127 3005 5184 Soliman
3035 5127 3238 5197 SltaIto,
3264 5146 3424 5202 quem
3449 5133 3601 5186 aiunt

2026 5223 2169 5276 circa
2218 5237 2424 5275 annum
2477 5220 2684 5290 Hegirtc
2714 5219 2843 5281 (ill,
2890 5219 3044 5288 cujus
3079 5220 3181 5276 fuit
3227 5223 3443 5276 initium
3475 5222 3603 5277 Maii

2027 5312 2142 5365 dies
2173 5312 2241 5365 15
2275 5313 2325 5363 in
2357 5309 2556 5366 Christi
2589 5325 2736 5363 anno
2782 5310 2941 5377 12M,
2975 5309 3254 5380 praefuisse
3307 5294 3603 5380 provincia:

2028 5400 2208 5455 Persis
2239 5399 2520 5469 subjectae,
2574 5415 2692 5469 quae
2723 5402 3028 5455 vocabatur
3057 5399 3282 5459 Maban.
3341 5402 3439 5457 llic
3479 5420 3602 5456 cum

2027 5512 2057 5548 a
2114 5492 2502 5561 Mogulensium
2553 5494 2814 5562 potentia,
2853 5503 2978 5548 tunc
3026 5494 3126 5548 sub
3176 5495 3350 5564 primo
3381 5494 3599 5548 illorutn

2028 5589 2354 5654 imperatore
2403 5584 2775 5655 Gingizchane
2832 5585 3224 5656 irruptiouibus
3273 5587 3327 5640 in
3380 5600 3599 5640 omnem

2027 5689 2236 5746 partem
2294 5675 2703 5732 vehementibus
2727 5676 2862 5732 fines
2908 5677 3186 5742 ditatante,
3252 5677 3390 5731 tueri
3442 5691 3599 5733 suam

2029 5771 2400 5838 prtelecturam
2434 5769 2748 5838 desperaret
2773 5783 2950 5839 posse,
3001 5770 3310 5824 convasatis
3348 5785 3468 5839 qua:
3499 5785 3602 5839 pn-

2029 5865 2131 5919 tuit
2160 5862 2394 5931 ω.1“ς·ιτρ,
2415 5866 2817 5934 assumptisque
2838 5876 3046 5929 secum,
3069 5876 3173 5935 qua
3203 5879 3234 5920 e
3262 5863 3600 5938 principibus
