4036 6426
509 449 616 517 833

1362 450 1428 513 P.
1462 424 1766 512 POSSiNi
1808 444 2467 509 OBSERVATIONUM
2512 443 2660 504 LIB.
2696 442 2818 502 In.
3638 442 3728 510 ρει

512 582 618 638 qua
665 582 696 621 e
722 565 941 638 populo,
976 566 1070 638 qui
1104 577 1275 621 novas
1308 562 1438 617 alibl
1470 575 1715 632 quaerere
1763 562 1918 617 sedes
1954 559 2088 614 mal—
2118 564 2168 619 Α
2194 563 2346 614 dere.
2378 557 2669 626 lnnuitque
2701 557 2765 611 ad
2800 556 2852 611 id
2881 554 3162 613 adhibitos
3185 572 3215 611 a
3249 556 3550 630 Byzantinis
3578 561 3740 633 Αιιευ.

512 658 630 715 lent
681 675 842 727 quam
894 661 947 714 in
1001 659 1175 729 patria
1226 654 1457 717 servire,
1512 654 1564 707 in
1594 654 1778 708 Asiam
1823 652 2087 707 minorem

519 750 625 805 iter
672 750 930 805 intendit.
961 749 1066 804 Sed
1100 749 1227 803 dum
1293 747 1505 799 incerto
1561 745 1702 798 vado
1755 742 2089 812 Euphratem

517 841 739 908 trajicit,
767 843 924 911 aquis
954 841 1151 896 hausto
1176 840 1421 895 Soliman
1454 838 1659 903 Shaho,
1706 850 1737 890 e
1784 834 1955 890 tribus
1999 831 2091 902 qui

517 933 636 1001 ejus
663 933 843 1002 fugam
875 934 1273 994 comitabantur
1301 931 1427 985 ﬁliis
1455 931 1562 984 duo
1593 930 1824 998 priores,
1880 923 2095 981 Sankur

518 1020 686 1093 Zengi
713 1033 767 1076 et
794 1022 908 1077 Cun
940 1022 1134 1090 ’l'ugtli,
1166 1021 1448 1076 redierunt
1479 1021 1531 1073 in
1564 1017 1865 1079 Persidem,
1898 1015 2092 1067 tertius

517 1113 835 1181 Ortogrules
878 1113 1075 1168 ibidem
1131 1113 1198 1167 ad
1226 1114 1367 1182 ripas
1423 1109 1712 1179 Euphratis
1758 1104 2091 1161 domicilium

521 1205 661 1270 ﬁxit,
691 1206 910 1274 illicque
942 1206 1034 1260 diu
1068 1213 1306 1259 moratus
1336 1213 1448 1258 tres
1478 1201 1729 1257 educavit.
1761 1199 1920 1265 ﬁlios,
1950 1197 2095 1252 Cou-

518 1299 737 1365 dozum,
766 1297 1108 1352 Saruhanum
1146 1308 1201 1351 et
1225 1295 1576 1351 Otltmanem.
1600 1292 1806 1348 Verum
1841 1304 1962 1343 cum
1997 1304 2095 1342 an-

517 1398 675 1457 guste
706 1389 1154 1455 incommmleque
1182 1386 1521 1448 habitarent,
1569 1382 1854 1437 Saruhano
1886 1380 1997 1433 ﬁlio
2025 1378 2095 1432 ad

517 1480 810 1533 Aladinum
840 1477 1007 1534 lconii
1033 1488 1306 1547 satrapam
1326 1478 1508 1546 legato
1544 1476 1710 1529 misso
1743 1473 1969 1542 supplex
2002 1484 2096 1540 pe-

520 1569 605 1623 tiit
645 1569 713 1624 ab
741 1584 807 1624 eo
834 1569 1101 1639 assignari
1134 1569 1236 1623 sibi
1263 1569 1446 1623 locum
1496 1567 1583 1621 ttbi
1629 1580 1751 1620 cum
1784 1563 1969 1617 liberis
1996 1562 2094 1617 de-

517 1669 665 1730 geret
716 1660 772 1714 in
801 1661 959 1716 terris
1010 1659 1181 1730 ipsius
1227 1660 1471 1716 ditionis.
1506 1657 1711 1712 Annuit
1751 1666 1991 1724 satrapa,
2041 1662 2096 1710 et

517 1750 793 1821 Ortogruli
838 1752 1089 1821 permisit
1135 1759 1194 1805 ut
1227 1766 1351 1805 cum
1394 1750 1511 1806 suis
1541 1749 1798 1817 migraret
1830 1732 1884 1800 in
1921 1746 2096 1815 regio-

515 1857 638 1897 nem
670 1843 832 1896 sitam
885 1843 1022 1897 inter
1067 1850 1278 1897 montes
1346 1838 1656 1908 Tumalagii
1711 1846 1766 1893 et
1798 1836 2088 1891 Armeniae.

516 1934 845 2004 Karaiaptag
880 1935 927 1989 ei
980 1934 1098 1988 loco
1139 1947 1339 1988 nomen
1367 1930 1495 1997 fuit,
1552 1944 1717 2000 quem
1762 1927 1958 1983 insedit
1993 1926 2094 1982 0r-

518 2027 756 2095 togruies
812 2034 963 2079 tanto
1007 2038 1238 2080 numero
1305 2037 1530 2078 suorum
1576 2031 1633 2075 ut
1700 2019 2094 2089 quadringenta

517 2118 753 2171 tentoria
787 2117 900 2172 illic
931 2116 1036 2171 ﬁxa
1066 2116 1375 2185 explerent.
1437 2113 1570 2169 item
1601 2111 1674 2167 ibi
1702 2121 1924 2167 strenue
1957 2108 2095 2164 mul-

520 2212 589 2265 tis
639 2210 821 2275 annis,
859 2211 1089 2264 limitem
1126 2218 1309 2262 tntans
1348 2216 1403 2263 et
1425 2205 1684 2274 auspiciis
1713 2204 1925 2260 Aladini
1950 2203 2099 2272 prin-

517 2304 655 2372 cipis
697 2302 998 2358 lconieusis
1028 2300 1258 2354 feliciter
1303 2300 1562 2362 militans,
1620 2296 1935 2368 Ortogrules
1974 2310 2098 2367 ges-

517 2394 612 2456 sit,
648 2393 836 2463 .magui
882 2391 952 2445 ob
994 2391 1097 2446 hoc
1151 2390 1219 2445 ab
1263 2389 1352 2443 illo
1396 2389 1614 2445 habitus
1668 2395 1723 2444 et
1758 2387 2096 2442 desideratus

515 2485 680 2555 827
745 2500 868 2539 cum
923 2483 1032 2537 fato
1087 2483 1303 2537 functus
1344 2490 1451 2547 est,
1490 2480 1630 2547 quod
1690 2479 1918 2550 contigit
1951 2492 2096 2533 anno

516 2576 726 2646 llegirsn
783 2577 912 2639 687,
962 2575 1051 2646 qui
1107 2574 1269 2643 empit
1300 2589 1328 2627 a
1396 2574 1483 2627 die
1533 2573 1567 2627 6
1614 2570 1892 2641 Februarii
1948 2583 2097 2624 anno

517 2668 719 2722 Christi
749 2667 906 2723 1288.
951 2667 1134 2721 Haeres
1164 2664 1467 2735 Ortogrulis
1531 2665 1768 2720 Othman
1838 2661 1958 2727 fuit,
2006 2658 2094 2714 cui

519 2771 578 2816 ut
606 2761 658 2817 in
692 2760 1041 2831 Karaiaptagi
1063 2760 1371 2829 principatu
1410 2757 1545 2828 patri
1576 2758 1891 2812 succederet
1926 2765 2095 2823 prono

517 2855 703 2909 favore
733 2853 1003 2908 Aludinus
1038 2852 1287 2916 indulsit,
1323 2860 1377 2905 et
1411 2865 1555 2916 eum,
1591 2848 1767 2919 quoad
1815 2846 1933 2916 ipse
1968 2860 2093 2914 per-

516 2947 657 3002 stitit
696 2949 749 3000 in
798 2945 1057 3015 polentia,
1101 2943 1381 2998 benefit-iis
1433 2941 1591 2996 fovit.
1626 2940 1833 2995 Verum
1862 2937 2095 2991 Aladino

516 3048 572 3094 et
603 3038 761 3092 annis
813 3037 923 3107 jam
984 3034 1158 3090 fracto
1184 3044 1239 3091 et
1273 3034 1470 3104 opibus
1528 3032 1820 3095 diminuto,
1881 3037 1941 3085 ut
1979 3028 2093 3100 jam

518 3130 754 3201 amplius
799 3130 966 3184 armis
997 3128 1386 3200 Mogulensium
1433 3124 1535 3181 sub
1594 3121 1798 3179 Chalau
1834 3132 1886 3176 et
1910 3121 2093 3192 Apaga

516 3222 573 3292 in
609 3223 728 3279 istis
751 3222 997 3291 partibus
1025 3220 1434 3290 praevolantium
1483 3232 1545 3272 ac
1582 3226 1775 3270 euncta
1804 3213 2096 3284 subjugan-

517 3288 649 3370 tium
723 3281 822 3384 p-ar
889 3281 1217 3370 sustinendis
1256 3310 1397 3365 haud
1461 3307 1620 3372 foret,
1673 3322 1759 3363 res
1807 3307 1910 3363 sibi
1963 3281 2162 3360 suasa

515 3419 677 3476 agere
702 3404 999 3459 OIhmanes
1028 3400 1214 3469 coepit,
1256 3407 1310 3453 et
1343 3397 1577 3468 propriis
1605 3396 1869 3465 auspiciis
1903 3396 1958 3449 in
1986 3393 2095 3448 Ro-

517 3498 664 3551 mani
697 3495 910 3565 imperii
943 3492 1248 3564 provincias
1277 3490 1599 3559 irrumpere,
1628 3502 1731 3542 non
1765 3487 1962 3555 praedis
1993 3500 2090 3540 so-

514 3589 628 3645 lum
661 3588 786 3643 inde
835 3586 1115 3656 abigendis
1147 3584 1415 3649 intentus,
1457 3583 1551 3637 sed
1587 3592 1644 3636 et
1676 3580 1899 3636 arcibus
1927 3588 2091 3648 atque

517 3679 742 3735 urbibus
767 3677 961 3732 ibidem
1001 3676 1354 3746 occupandis.
1382 3673 1535 3741 Quod
1576 3680 1811 3740 emptum
1866 3684 1990 3724 eum
2039 3669 2092 3725 ei

513 3786 583 3826 ex
609 3781 738 3825 voto
760 3769 1135 3833 successisset,
1167 3764 1490 3837 expugnatis
1515 3773 1570 3819 et
1596 3762 1848 3831 praesidio
1869 3776 2090 3817 suorum

515 3862 743 3919 insessis
775 3861 966 3916 validis
998 3859 1320 3930 quibusdam
1357 3855 1767 3920 munitionibus,
1823 3854 1964 3909 unde
2010 3869 2095 3908 re-

514 3956 733 4027 gionum
802 3952 908 4009 illis
957 3949 1336 4021 "adjacentium
1421 3944 1582 4000 facile
1634 3944 1929 3998 dominium
1989 3943 2092 3999 sibi

516 4058 839 4120 perpetuum
872 4052 1161 4105 assereret,
1194 4039 1420 4094 sultanis
1454 4047 1566 4091 tum
1597 4037 1813 4092 demum
1831 4035 2092 4101 0thman,

515 4144 617 4195 hoc
650 4151 730 4194 est
772 4136 1009 4205 supremi
1039 4130 1299 4201 principis
1321 4168 1338 4194 ,
1372 4126 1585 4182 titulum
1643 4127 1819 4197 palam
1857 4140 2095 4196 usurpa-

514 4238 611 4300 vit,
645 4249 790 4289 anno
836 4231 1047 4301 Hegirae
1104 4225 1228 4287 699,
1263 4223 1421 4293 cujus
1451 4222 1709 4277 Kalendae
1760 4221 2094 4277 Mttharrami

514 4331 825 4384 inciderunt
884 4326 937 4379 in
988 4324 1129 4378 diem
1180 4318 1252 4374 ‘28
1310 4315 1649 4387 Septembris
1709 4315 1838 4371 anni
1887 4314 2093 4371 Christi

516 4422 678 4478 1299.

590 4515 680 4570 lll.
724 4512 1000 4567 ilaetenus
1032 4507 1199 4564 relata
1231 4507 1299 4564 de
1329 4506 1614 4564 0thmanis
1645 4501 1957 4576 primordiis
1988 4506 2096 4555 tra-

515 4606 655 4662 dunt
701 4604 910 4659 Arabes
959 4602 1297 4670 scriptores;
1351 4614 1471 4654 cum
1526 4597 1723 4668 quibus
1774 4605 2094 4663 comparare

515 4698 747 4769 sparsim
778 4696 846 4750 de
878 4694 963 4749 his
993 4700 1201 4748 asserta
1237 4708 1265 4746 a
1304 4692 1656 4763 Pachymere,
1694 4705 1755 4742 ac
1786 4701 1947 4756 quant
1982 4687 2095 4739 htec

515 4790 583 4845 iis
617 4799 741 4859 apte
774 4794 1080 4858 congruant
1111 4784 1435 4848 ostendere,
1468 4782 1610 4837 lahm
1649 4781 1908 4848 deinceps
1942 4791 2097 4830 meus

515 4884 607 4938 sit.
642 4878 918 4948 Principio
952 4884 1138 4944 repeto
1173 4890 1295 4944 quae
1330 4874 1385 4927 in
1420 4873 1538 4942 ipso
1570 4869 1653 4924 sui
1690 4868 1873 4939 operis
1905 4867 2097 4920 limine

516 4984 706 5029 noster
737 4967 1030 5024 historicus
1062 4965 1230 5035 partis
1258 4981 1296 5025 ι,
1331 4963 1370 5016 1.
1404 4978 1441 5027 l,
1473 4977 1500 5015 a
1530 4976 1579 5015 c.
1612 4960 1646 5015 5
1673 4960 1739 5015 ad
1764 4960 1802 5013 6
1831 4958 1952 5014 fuse
1981 4956 2098 5011 dis-

520 5064 656 5119 serit
686 5064 753 5117 de
786 5059 1006 5115 arcibus
1038 5056 1226 5111 limitis
1259 5053 1551 5109 Orientalis
1588 5051 1842 5106 Romanae
1875 5048 2096 5104 ditionis

519 5164 710 5209 contra
749 5152 1023 5206 Persidem
1060 5150 1236 5217 deque
1273 5147 1488 5200 illarum
1530 5153 1812 5198 momento
1850 5143 1917 5198 ad
1955 5152 2094 5198 tute-

520 5248 625 5300 lam
659 5242 912 5313 imperii;
947 5252 1058 5296 tum
1089 5240 1158 5295 de
1187 5255 1315 5294 cura
1340 5277 1354 5299 ,
1389 5252 1496 5306 qua
1526 5251 1618 5290 eas
1651 5234 1883 5304 amplexi
1917 5234 2094 5288 domi-

518 5345 718 5388 nantes
751 5332 945 5387 Nicaea:
976 5339 1099 5401 post
1132 5330 1383 5383 amissam
1420 5325 1956 5393 Constantinopolim
1992 5324 2096 5379 im-

498 5435 800 5494 Iperatores
855 5422 1025 5478 Graeci
1083 5420 1289 5489 optime
1347 5417 1726 5472 consuluerint
1782 5417 2095 5486 reipublicae

519 5516 829 5572 numeres-is
867 5516 1105 5569 virorum
1150 5511 1370 5565 fortium
1415 5510 1775 5578 prensidiiS'in
1819 5526 1885 5564 eo
1925 5509 2094 5562 limite

515 5607 897 5669 auctorandis,
928 5620 1053 5659 cum
1084 5603 1355 5671 largorum
1386 5601 1781 5669 stipendiorum
1817 5601 1919 5655 ﬁda
1951 5601 2097 5655 solu-

515 5700 667 5754 tione
697 5699 763 5751 ad
794 5698 937 5751 diem
970 5694 1065 5767 [Ρ.
1098 5692 1236 5765 ϐου]
1258 5732 1274 5758 ,
1304 5702 1418 5747 tum
1449 5692 1815 5760 assignatione
1844 5707 2095 5761 agrorum

515 5787 574 5841 in
603 5788 693 5841 illa
719 5786 917 5842 vicinia
943 5793 998 5838 et
1026 5784 1379 5838 concessione
1408 5783 1602 5851 praedae
1633 5782 1813 5837 omnis
1840 5798 2001 5851 quam
2030 5799 2095 5837 ex

514 5874 705 5934 hostili
734 5893 877 5949 ~agro
925 5876 1139 5935 infestis
1185 5875 1592 5933 incursionibus
1638 5882 1862 5949 possent
1909 5889 2093 5931 corra-

2124 1899 2173 1959 B

2197 653 2294 709 stis
2321 664 2545 707 exteros
2572 650 2809 717 probatae
2840 650 3055 704 virtutis
3084 660 3139 705 et
3167 651 3511 720 experientiae
3537 653 3737 708 bellica-

2196 763 2316 801 rum
2352 761 2583 821 yerum;
2627 759 2861 815 quorum
2908 743 3111 797 multos
3152 742 3302 806 illic,
3330 759 3434 813 qua
3477 746 3651 814 Spoliis
3686 762 3743 802 ex

2195 839 2354 894 hoste
2385 838 2591 908 raptis,
2627 852 2731 906 qua
2762 834 3118 905 pensionibus
3148 849 3273 889 cum
3306 833 3407 889 ﬁde
3437 838 3740 895 numeratis.

2194 947 2302 1002 qua
2332 932 2602 987 fructibus
2629 930 2882 986 datorum
2917 929 3053 999 ipsis
3085 943 3364 999 agrorum,
3394 943 3605 999 magnas
3632 929 3744 981 ade-

2194 1034 2318 1096 ptos
2358 1023 2578 1077 divitias
2614 1023 2723 1085 ait,
2761 1021 2908 1076 unde
2942 1029 3097 1075 tanto
3133 1019 3484 1074 terribiliores
3523 1020 3742 1073 hostibus

2194 1116 2423 1181 fierent,
2460 1130 2526 1170 ac
2562 1110 3213 1183 fortius‘propugnarent
3248 1112 3515 1166 Romanas
3546 1110 3742 1179 provin-

2195 1203 2328 1267 cias.
2363 1203 2614 1259 barbaris
2659 1203 2852 1273 procul
2886 1204 3027 1256 intra
3065 1202 3308 1272 ipsorum
3346 1209 3514 1257 terras
3540 1201 3618 1255 vel
3651 1209 3745 1255 ter-

2196 1310 2319 1350 rore
2350 1296 2722 1360 continendis,
2757 1296 2842 1350 vel
2873 1295 2923 1349 vi
2958 1296 3258 1362 armisque,
3291 1294 3335 1347 si
3365 1309 3643 1363 erumpere
3664 1308 3743 1346 eo-

2196 1394 2485 1452 narentur,
2535 1386 2901 1441 retrudendis.
2948 1387 3070 1441 Non
3116 1386 3329 1440 videtur
3377 1386 3591 1441 dubium
3637 1384 3747 1453 quin

2197 1491 2295 1545 par
2331 1477 2385 1530 in
2425 1478 2762 1532 contrarium
2800 1493 2930 1532 cura
2972 1478 3137 1532 fuerit;
3174 1480 3500 1533 infestorum
3536 1475 3749 1529 llomauo

2198 1569 2409 1624 nomini
2442 1579 2498 1625 et
2529 1570 2855 1625 Christianas
2894 1571 3145 1642 religioni
3190 1570 3584 1626 Saracenorum
3618 1568 3750 1636 prin-

2197 1661 2382 1730 cipum
2406 1701 2419 1725 ,
2457 1670 2549 1716 aut
2583 1659 2867 1716 Persidem
2903 1669 2999 1716 aut
3033 1662 3245 1717 vicinas
3280 1662 3331 1716 ei
3368 1660 3520 1715 limiti
3555 1658 3745 1729 provin-

2197 1752 2312 1808 cias
2346 1751 2450 1808 sub
2484 1767 2582 1807 sua
2611 1743 2821 1808 ditione
2857 1752 3208 1819 habentium;
3249 1752 3394 1808 inter
3426 1766 3558 1821 quos
3589 1749 3752 1804 Aladi-

2199 1860 2301 1899 nus
2333 1843 2433 1899 fuit
2464 1845 2688 1915 dynasta
2721 1844 2907 1899 sedem
2943 1843 3157 1914 imperii
3194 1844 3405 1898 habens
3434 1843 3624 1907 lconEi,
3651 1854 3754 1910 quze

2199 1946 2284 2010 est
2315 1936 2446 1990 urbs
2478 1935 2763 2007 Lycaoniae
2791 1932 3074 2006 primaria.
3106 1933 3291 2000 Quare
3322 1949 3444 1987 eum
3476 1932 3610 2002 apud
3639 1930 3754 1984 Ara-

2196 2027 2297 2082 bas
2334 2026 2624 2082 historicos
2644 2027 2879 2097 legimus
2914 2034 3200 2081 evocatum
3237 2026 3308 2081 ab
3344 2026 3450 2079 hoc
3481 2039 3542 2078 ex
3578 2021 3755 2075 Trans-

2198 2116 2548 2185 euphratensi
2598 2117 2823 2188 regione
2897 2115 3244 2183 Ortogrulem
3312 2131 3435 2171 cum
3486 2113 3673 2169 familia
3713 2120 3759 2163 et

2198 2206 2345 2262 inter
2380 2218 2595 2263 montes
2624 2206 2933 2279 Tumulagii
2967 2216 3021 2262 et
3050 2207 3350 2272 Armenias,
3384 2208 3439 2260 in
3474 2206 3586 2261 loco
3617 2203 3757 2271 cujus

2198 2300 2297 2371 ipsi
2334 2300 2669 2371 toparehiam
2704 2301 3065 2365 concesserit,
3097 2300 3452 2363 collocatum,
3483 2297 3759 2367 intelligere

2198 2393 2464 2447 debemus
2494 2391 2635 2444 illam
2670 2390 3119 2463 Karaiaptagam,
3147 2392 3430 2463 regionem
3463 2389 3755 2445 attributam

2195 2487 2365 2558 828
2392 2485 2665 2558 Ortogruli
2698 2487 2767 2542 ab
2795 2487 3047 2553 Aladino,
3081 2487 3249 2543 fuisse
3281 2488 3553 2544 conﬁnem
3587 2484 3761 2537 Roma-

2197 2582 2286 2636 nis
2326 2581 2431 2635 illis
2470 2580 2633 2634 modo
2672 2579 2990 2634 memoratis
3030 2580 3291 2647 arcibus;
3333 2590 3390 2635 et
3429 2578 3626 2634 militiae
3663 2576 3761 2628 illic

2197 2673 2403 2731 dudum
2430 2676 2742 2741 constitutae
2765 2674 2984 2744 lateque
3010 2672 3379 2729 formidandae
3403 2669 3758 2742 stipendiario-

2197 2783 2317 2822 rum
2350 2765 2953 2823 exterorumRomanis
2982 2766 3245 2836 Augustis
3280 2765 3643 2828 militantium,
3674 2775 3759 2829 op-

2197 2861 2430 2932 positam
2464 2874 2495 2914 a
2525 2858 2740 2914 sultane
2767 2858 2997 2913 Aladino
3032 2858 3194 2913 istam
3228 2859 3516 2913 cohortem
3550 2869 3763 2923 sequens

2198 2955 2335 3009 tium
2356 2953 2632 3008 fortunam
2651 2950 2959 3022 Ortogrulis
2977 2965 3206 3022 peregre
3222 2951 3440 3021 appulsi
3460 2949 3759 3006 Turcorum,

2197 3047 2288 3117 qui
2301 3045 2699 3116 quadringenta
2712 3044 2820 3097 illic
2836 3043 3187 3099 tabernacula
3200 3038 3709 3114 complerent.Quod
3722 3036 3761 3088 si

2198 3150 2414 3209 tempus
2457 3138 2777 3208 indagemus
2823 3150 2933 3206 quo
2977 3135 3244 3206 migrasse
3296 3135 3693 3203 Karaiaptagam
3733 3138 3761 3179 e

2198 3228 2317 3298 ripa
2347 3226 2640 3298 Euphratis
2667 3226 2926 3280 ulteriOre
2953 3223 3262 3295 Ortogrulis
3294 3224 3553 3280 familiam
3579 3218 3763 3298 Arabes

2194 3316 2455 3378 indicant,
2485 3317 2819 3386 reperiemus
2854 3315 2970 3370 fere
2998 3314 3304 3370 convenire
3333 3316 3389 3370 in
3421 3296 3761 3384 principatum

2192 3406 2421 3465 Joannis
2460 3408 2735 3479 Batatzag,
2776 3407 2868 3477 qui
2909 3406 3103 3462 Nicaeae
3142 3405 3357 3463 Graacis
3398 3403 3673 3473 imperavit
3704 3398 3764 3452 ab

2193 3517 2339 3556 anno
2376 3500 2512 3556 {228
2547 3501 2615 3555 ad
2654 3499 2814 3561 1255.
2847 3513 2957 3568 quo
2993 3498 3232 3553 moriens
3266 3508 3638 3553 successorem
3672 3491 3759 3544 ba-

2193 3592 2314 3646 buit
2342 3591 2694 3647 Theodorum
2722 3590 2917 3645 ﬁlium.
2944 3589 3049 3645 Per
3075 3589 3166 3643 illa
3197 3598 3448 3660 tempora
3477 3596 3530 3642 et
3555 3585 3675 3640 inde
3702 3581 3759 3634 ad

2194 3693 2470 3754 receptam
2505 3698 2536 3738 e
2568 3681 2777 3738 Latinis
2811 3680 3354 3751 Constantinopolim
3387 3677 3686 3751 vigentibus
3715 3681 3763 3725 et

2194 3791 2429 3831 numero
2456 3784 2621 3846 atque
2650 3775 2937 3830 alacritate
2967 3772 3401 3844 praevalentibus
3431 3765 3765 3843 praesidiariis

2195 3868 2606 3923 limitanearum
2631 3867 2843 3921 arcium
2871 3864 3087 3935 imperii
3118 3864 3355 3921 Romani
3385 3874 3572 3920 contra
3598 3857 3760 3913 Persi-

2196 3956 2357 4023 dem,
2392 3957 2553 4012 facile
2587 3957 2655 4012 ab
2689 3955 2796 4011 illis
2839 3955 3220 4011 sustinebatur
3253 3957 3496 4027 impetus
3528 3950 3764 4009 barbaro—

2195 4066 2316 4107 rum
2357 4051 2413 4105 in
2453 4048 2789 4121 quotidianis
2823 4048 3234 4103 velitationibus
3272 4049 3595 4118 plerumque
3630 4040 3757 4095 infe-

2195 4144 2401 4199 riorum
2420 4157 2435 4207 ;
2457 4140 2637 4212 quoad
2660 4139 2904 4210 pessimo
2923 4139 3152 4194 consilio
3174 4146 3435 4210 suggesto
3452 4153 3482 4191 a
3501 4134 3762 4191 Chadeno,

2196 4234 2427 4291 Michael
2457 4233 2794 4303 Palatologus
2827 4214 3117 4302 postquam
3153 4229 3209 4285 in
3247 4230 3546 4301 imperium
3582 4222 3765 4280 invasit

2197 4325 2613 4395 circumscripto
2643 4323 2852 4394 pupillo
2877 4321 3092 4378 Joanne
3123 4322 3403 4378 Theodori
3436 4318 3678 4376 Lascaris
3708 4315 3765 4366 ﬁ-

2196 4411 2290 4477 lio,
2326 4414 2418 4468 ubi
2459 4428 2520 4468 se
2558 4413 2787 4482 potitum
2827 4412 3306 4481 Constantinopoli
3348 4411 3561 4465 Latinis
3597 4414 3761 4471 erepta

2196 4505 2370 4569 vidit,
2403 4504 2492 4559 isti
2526 4502 2843 4574 praesidiarii
2880 4503 3110 4557 Romani
3142 4504 3334 4557 limitis
3366 4503 3553 4557 vexari
3585 4495 3762 4553 ﬁscali-

2125 4624 2169 4677 ι)
2197 4597 2302 4652 bus
2329 4595 2616 4651 calumniis
2645 4603 2703 4650 et
2731 4595 2800 4650 ad
2834 4594 3070 4663 inopiam
3103 4594 3274 4666 redigi
3293 4634 3309 4660 ,
3341 4595 3625 4664 minuique
3653 4588 3762 4643 inde

2200 4705 2324 4743 cum
2364 4688 2564 4744 animis
2607 4697 2721 4742 tum
2760 4688 3064 4756 viribuset
3105 4703 3339 4743 numero
3376 4694 3680 4758 creperum,
3713 4688 3763 4732 ιιι

2199 4781 2450 4836 observat
2487 4780 2854 4849 Pachymeres
2896 4779 3120 4833 ibidem.
3159 4778 3396 4845 Quando
3435 4776 3759 4849 potissimum

2198 4873 2493 4944 contigisse
2526 4872 2791 4927 credibile
2821 4880 2937 4937 est,
2971 4871 3116 4940 quod
3151 4871 3366 4927 Arabes
3403 4871 3680 4928 indicant,
3711 4870 3761 4916 ut

2197 4962 2515 5034 Ortogrules
2535 4976 2658 5017 cum
2684 4961 2800 5015 suis
2822 4975 3081 5031 prospere
3104 4961 3156 5014 in
3179 4961 3465 5016 Romanos
3488 4953 3758 5028 pugnando

2197 5057 2412 5112 laudem
2444 5056 2513 5111 ab
2540 5055 2773 5110 Aladino
2793 5097 2807 5119 ,
2839 5054 2997 5123 cujus
3029 5054 3291 5124 auspiciis
3326 5054 3631 5115 militabat,
3662 5060 3760 5101 me-

2199 5157 2429 5204 reretur.

2270 5239 2357 5294 IV.
2398 5240 2511 5294 Nec
2550 5253 2679 5293 vero
2722 5237 2882 5294 istam
2928 5237 3232 5308 Ortogrulis
3276 5245 3334 5292 et
3383 5236 3617 5293 ﬁliorum
3658 5230 3762 5299 ejus

2198 5331 2459 5385 adversus
2495 5329 2862 5399 praesidiarios
2899 5329 3266 5384 Romanarum
3304 5331 3519 5383 arcium
3554 5337 3758 5390 compa-

2199 5432 2369 5476 ratam
2403 5437 2645 5489 Operam,
2674 5434 2730 5476 et
2760 5422 3043 5491 (putesitam
3076 5422 3132 5475 in
3164 5420 3365 5477 vicinia
3397 5436 3467 5475 ex
3497 5426 3646 5489 parte
3670 5412 3756 5467 ad-

2198 5530 2367 5569 versae
2398 5513 2635 5569 Persidis
2661 5513 2947 5569 stationem
2979 5513 3344 5583 Pachymeces
3373 5514 3492 5582 ipse
3519 5508 3759 5565 dissimu-

2198 5605 2291 5660 lat.
2332 5606 2409 5659 En
2456 5608 2576 5672 ejus
2613 5606 2779 5660 verba
2821 5605 2927 5659 vol.
2972 5604 3023 5667 Ι,
3068 5619 3123 5672 p.
3168 5603 3233 5658 l8
3274 5620 3288 5656 :
3340 5603 3467 5657 Post
3510 5604 3615 5656 lucc
3652 5594 3761 5652 uiris

2198 5696 2423 5765 fortibus
2463 5698 2602 5750 inter
2636 5696 2832 5750 Persas
2855 5735 2870 5759 ,
2907 5696 3094 5766 quibus
3132 5696 3300 5750 omnis
3338 5695 3545 5750 vivendi
3577 5705 3684 5760 spes
3717 5694 3759 5737 ει

2198 5786 2426 5839 conditio
2461 5788 2515 5841 in
2552 5787 2718 5841 armis
2749 5796 2862 5840 erat
2888 5825 2901 5849 ,
2934 5787 3137 5841 caeteris
3170 5785 3445 5841 inclinatis
3479 5785 3547 5838 ad
3582 5777 3759 5837 Tocha-

2200 5895 2284 5935 ros
2303 5920 2317 5945 ,
2348 5880 2437 5948 qui
2471 5895 2635 5949 nuper
2666 5879 2939 5951 imperium
2976 5877 3267 5935 Persarum
3303 5885 3659 5950 occuparant,
3689 5884 3759 5923 νε-
