4036 6390
312 400 417 462 ξ85

1621 410 2302 481 ’(ΖΗΙὶΟΝΟιΟϐΙΕΗΞ.

3457 416 3577 477 886·

305 516 622 569 bellantibus
660 517 827 572 visum
861 530 1210 589 opportunum
1245 531 1322 579 est
1362 525 1595 596 refugere
1631 528 1699 581 ad
1737 528 1887 581 tlau-
1916 546 1960 601 Α
1989 529 2131 599 quod
2163 530 2412 599 superius
2446 530 2856 599 exscripsimus.
2907 531 3246 600 Ortogrufem
3276 529 3572 585 Otlnuanfs

303 619 415 661 stra
446 609 772 677 castellaque
802 616 1059 668 montium
1079 655 1095 681 ,
1127 624 1177 669 et
1210 616 1331 671 inde
1360 619 1534 672 uicina
1564 620 1885 674 incursando

304 706 459 766 rapto
491 715 553 752 ac
581 702 778 767 prtedis
807 704 1001 757 uictum
1028 722 1280 775 qua’rere.
1315 705 1436 763 llaec
1463 708 1577 771 ille,
1605 725 1727 779 quae
1754 711 1885 780 quin

304 788 609 859 Ottogrulis
656 792 872 849 familia:
913 798 1247 852 conveniant
1293 798 1668 870 Karaiaptagre
1714 817 1886 872 prope

304 897 460 936 arces
488 882 696 938 Roman
713 901 762 938 ις
788 886 843 939 in
872 888 1071 943 ﬁnibus
1093 890 1333 946 Persidis
1358 892 1660 958 collocatae,
1684 909 1887 964 negare

303 989 466 1027 nemo
494 976 695 1043 poterit
714 1018 726 1036 .
754 978 844 1046 qui
876 981 1177 1047 praesertim
1208 984 1506 1038 attenderit
1534 985 1600 1039 ad
1630 986 1719 1039 hic
1746 986 1889 1041 indi-

303 1076 478 1121 catam
507 1068 628 1133 ejus
656 1071 999 1125 aversionem
1032 1088 1063 1127 a
1089 1068 1353 1131 Tocharis
1381 1078 1726 1133 invasoribus
1754 1080 1888 1132 Per-

304 1158 474 1218 sidis,
508 1159 706 1227 quibus
739 1175 807 1214 ne
841 1178 1033 1231 parere
1067 1176 1354 1233 cogeretur
1383 1168 1888 1223 Soliman-Shahus

303 1248 610 1321 Ortogrulis
664 1262 840 1321 pater,
894 1255 1022 1310 inde
1077 1259 1262 1313 relicta
1323 1261 1600 1328 provincia
1654 1260 1883 1331 fugerat.

302 1342 467 1396 Addit
500 1347 682 1397 statim
713 1343 1079 1416 Pachymeres
1114 1350 1484 1418 praesidiarios
1517 1351 1887 1406 Romanarum

302 1435 540 1501 arcium,
564 1446 841 1506 utcunque
888 1430 1035 1508 agris
1082 1440 1340 1495 multatos
1387 1450 1444 1496 et
1492 1442 1686 1510 prada:
1732 1452 1889 1513 parte

303 1526 568 1595 Spoliatos
597 1528 930 1597 imprudenti
964 1533 1190 1585 avaritia
1220 1531 1503 1586 Michaelis
1536 1533 1696 1601 primi
1727 1548 1758 1586 e
1790 1533 1891 1588 Pa-

304 1618 543 1690 laeologis
576 1621 922 1690 imperatoris
944 1663 958 1688 ,
991 1623 1572 1693 abstinuisse-quidem
1605 1625 1673 1680 ab
1706 1625 1891 1681 incur-

303 1712 475 1766 sando
502 1711 638 1767 ﬁnes
665 1713 924 1780 hostium,
947 1715 1091 1785 quod
1117 1723 1278 1770 antea
1306 1715 1598 1771 utilissime
1622 1715 1887 1786 fecerant,

248 1866 251 1871 ι
306 1816 486 1858 tamen
512 1820 668 1859 arces
692 1805 826 1874 ipsis
850 1806 1170 1861 commissas
1192 1804 1299 1861 fide
1320 1808 1593 1862 constanti
1622 1809 1885 1874 tenuisse,

1991 628 2197 690 patrem
2233 620 2436 674 obiisse
2473 635 2617 674 anno
2645 620 2856 692 Hegirze
2881 622 3103 691 687,qui
3129 636 3195 674 cx
3230 634 3380 688 parte
3411 619 3560 674 coin-

1989 705 2121 761 cfdft
2148 721 2269 761 cum
2294 722 2438 761 anno
2484 707 2648 763 Chris
2676 708 2689 760 i
2721 707 3145 779 1988,inclytum
3169 708 3380 764 bellicis
3431 722 3556 761 sur-

1989 797 2260 863 cessibus,
2293 796 2362 853 de
2397 798 2643 853 Romana
2672 799 2931 855 videlicet
2962 799 3168 856 Persici
3197 798 3388 854 limitis
3418 798 3560 853 mili-

1991 889 2064 943 tia
2094 891 2301 956 relatis,
2329 892 2532 962 quippe
2558 907 2679 962 quae
2702 894 2816 962 jam
2856 900 2974 947 tum
3007 907 3037 946 a
3070 900 3289 961 recepta
3310 891 3379 946 de
3412 890 3562 945 Lati-

1986 980 2074 1035 nis
2087 979 2695 1052 Constantinopoli,hoc
2718 990 2800 1038 est
2819 983 2889 1037 ab
2914 981 3071 1036 annis
3100 989 3248 1035 retro
3262 979 3564 1044 sexdecim,

1986 1070 2258 1126 debilitari
2285 1073 2439 1127 valde
2480 1083 2743 1142 coeperat.
2765 1074 2946 1140 Quare
2967 1071 3269 1127 succedens
3302 1069 3566 1140 Ortogruli

1988 1161 2224 1217 Othman
2246 1164 2388 1217 ﬁlius
2411 1165 2617 1234 aliquot
2636 1167 2746 1235 jam
2777 1174 2888 1219 tum
2909 1165 3098 1220 habuit
3122 1164 3238 1218 loca
3269 1164 3335 1238 de
3358 1162 3568 1245 Boma-

1988 1253 2078 1307 nis
2106 1268 2270 1308 manu
2303 1258 2683 1326 parta,quibus
2708 1259 2860 1328 plura
2916 1259 3228 1325 majoraque
3277 1266 3565 1325 postquam

1988 1360 2252 1399 annorum
2304 1346 2537 1416 plurium
2563 1350 2819 1402 continua
2880 1348 3135 1402 felicitate
3162 1346 3231 1401 ad
3278 1360 3564 1417 paternam

1988 1434 2362 1506 Karaiaptagze
2409 1438 2701 1508 adjecisset
2742 1440 3033 1504 ditionem,
3057 1439 3282 1494 sultanis
3312 1438 3568 1509 denique,

1990 1527 2093 1581 hoc
2122 1537 2204 1583 est
2232 1530 2472 1599 supremi
2502 1532 2787 1601 principis,
2842 1548 3039 1588 nomen
3092 1529 3243 1586 haud
3296 1536 3569 1592 dubitavit

1988 1633 2275 1688 usurpare,
2311 1622 2445 1673 tueri
2479 1635 2537 1674 se
2569 1620 2702 1675 illud
2735 1638 2894 1693 posse
2923 1629 3359 1700 sperans.llujus
3381 1630 3568 1700 primae

1990 1720 2055 1762 ac
2081 1707 2234 1776 quasi
2263 1706 2676 1764 fundamentalis
2702 1713 2927 1783 epochae
2979 1714 3308 1776 Ottomanici
3356 1718 3567 1789 imperii

1991 1797 2175 1852 sedem
2243 1812 2310 1853 ex
2372 1812 2503 1854 vero
2557 1800 2613 1854 in
2678 1801 2870 1858 ordine
2945 1813 3248 1877 temporum
3331 1817 3568 1864 statuere

303 1895 545 1963 quandiu
597 1910 794 1949 annua:
846 1897 1143 1966 pensiones
1192 1900 1258 1952 ad
1305 1898 1510 1954 victum
1564 1901 1889 1958 necessariae

1993 1897 2237 1945 nostrum
2286 1900 2394 1958 cst,
2417 1893 2559 1960 quod
2607 1890 2818 1950 eﬁicere
2870 1897 3191 1953 conabimur
3242 1913 3400 1969 comp
3435 1899 3569 1953 ratis

305 1987 544 2057 praebita».
576 1988 709 2057 ipsis
737 2003 769 2043 e
800 1989 933 2043 ﬁsco
962 1999 1089 2045 sunt
1120 2008 1134 2045 :
1168 1992 1267 2046 has
1295 2006 1426 2046 vero
1458 1991 1590 2062 ipsis
1623 1993 1885 2064 suppedi-

306 2078 410 2133 tari
444 2078 674 2133 desiisse
709 2088 834 2148 post
868 2090 1101 2136 mortem
1138 2083 1455 2146 Michaelis,
1488 2083 1605 2138 solo
1632 2083 1744 2154 jam
1776 2085 1889 2140 An-

303 2171 533 2226 dronico
569 2173 896 2240 imperante,
936 2173 1020 2244 [P.
1055 2174 1184 2246 60l|
1227 2174 1433 2230 diserte
1466 2183 1658 2231 noster
1688 2176 1887 2231 asserit

305 2262 413 2316 vol.
444 2261 513 2327 ll,
543 2278 597 2332 p.
626 2262 755 2327 268,
786 2264 878 2319 ubi
909 2265 1138 2319 alterum
1167 2266 1336 2336 829
1365 2266 1563 2336 fontem
1592 2266 1888 2322 enervatio-

304 2354 389 2406 nis
422 2352 630 2421 imperii
663 2351 832 2408 fuisse
865 2355 1058 2409 scribit
1087 2357 1474 2423 parcimoniam
1506 2355 1656 2425 plene
1686 2357 1892 2410 solven-

301 2443 496 2496 darum
525 2457 592 2496 ea:
623 2443 728 2512 fide
763 2445 1093 2512 pensionum,
1132 2462 1251 2516 qua:
1285 2446 1643 2516 praesidiariis
1681 2449 1888 2501 arcium

301 2534 361 2588 in
395 2534 564 2589 limite
594 2536 820 2589 sitarum
859 2537 986 2591 olim
1022 2546 1238 2592 statutte
1272 2540 1478 2607 fuerant
1514 2541 1567 2592 in
1601 2541 1888 2594 mercedem

302 2640 476 2693 operte
516 2626 802 2691 militaris,
845 2627 979 2681 adeo
1018 2629 1133 2682 illic
1178 2629 1247 2683 ad
1292 2647 1625 2684 communem
1667 2631 1892 2687 tutelam

305 2720 636 2772 necessariaz.
678 2718 774 2773 lla;
808 2721 1038 2789 maligne
1070 2738 1207 2776 nunc
1237 2723 1734 2793 suppeditabantur,
1768 2741 1896 2779 aua-

303 2811 433 2865 ritia
467 2813 836 2879 prtefectorum
870 2816 1170 2882 erogationi
1202 2818 1438 2883 pecunia:
1472 2818 1732 2885 publicas,
1765 2834 1895 2887 quo-

304 2916 425 2954 rum
459 2902 825 2971 apponebatur
858 2903 1016 2959 lucris
1049 2906 1187 2971 quod
1222 2924 1314 2976 per
1347 2917 1553 2962 astulas
1588 2908 1895 2976 frustratio-

306 3008 433 3045 num
475 3002 616 3046 artes
653 2994 992 3063 diffundenda
1034 2999 1371 3063 prwtextibus
1409 3000 1575 3065 vafris
1616 3002 1894 3055 solutionis

302 3082 392 3137 die
426 3084 631 3137 miseris
667 3085 923 3140 militibus
985 3088 1393 3143 subtraltebatur
1429 3093 1650 3159 fretium
1684 3092 1893 3147 sudoris

302 3184 357 3228 et
385 3176 681 3245 sanguinis.
710 3176 787 3230 Ita
820 3177 908 3231 ille
940 3177 1043 3243 ibi;
1074 3179 1164 3248 qui
1198 3188 1253 3233 et
1283 3181 1468 3236 multis
1501 3182 1733 3239 inferius
1760 3185 1893 3239 locis

306 3265 583 3332 signiﬁcat
610 3281 722 3321 non
748 3269 863 3337 jam
894 3269 1071 3324 solum
1104 3287 1200 3341 per
1233 3273 1494 3328 ﬁscalium
1526 3274 1896 3332 calumniosas

309 3355 561 3422 fraudes,
592 3360 687 3414 sed
718 3360 902 3415 edicto
930 3361 1049 3432 ipso
1077 3378 1143 3418 ac
1172 3364 1332 3433 jussu
1363 3368 1569 3421 diserto
1600 3368 1897 3422 Andronici

259 3488 267 3495 .
308 3448 537 3520 Augusti
565 3451 858 3519 pensiones
879 3460 934 3507 et
956 3463 1371 3512 auctoramenta
1396 3457 1706 3513 istiusmodi
1727 3458 1898 3514 fuisse

308 3540 637 3595 interversa.
677 3541 831 3598 Unde
862 3547 1176 3602 necessario
1204 3549 1435 3617 contigit
1466 3551 1674 3605 arcium
1707 3561 1898 3606 custo-

310 3631 456 3688 diam
498 3631 721 3704 negligi,
762 3649 825 3690 ac
866 3637 1126 3705 quasdam
1170 3639 1413 3709 ipsarum
1456 3640 1511 3694 in
1554 3641 1789 3696 militum
1831 3658 1898 3697 ex

311 3733 465 3796 parte
506 3723 745 3780 Persidis
787 3730 1092 3784 contrarias
1135 3731 1386 3787 Romano
1427 3733 1586 3787 limiti
1632 3733 1900 3790 stationes

309 3816 675 3871 obtinentium
719 3819 908 3875 venire
951 3832 1304 3890 potestatem.
1349 3823 1623 3880 Sustinuit
1661 3826 1898 3894 quodam

312 3918 562 3978 tempore
588 3912 765 3967 labem
798 3914 941 3968 illam
973 3930 1036 3969 ac
1068 3917 1281 3970 ruinam
1312 3915 1439 3971 felix
1471 3916 1647 3971 Alexii
1678 3915 1900 3971 Philan-

314 4000 571 4072 thropeni
618 4020 716 4073 per
758 4006 876 4061 illos
925 4016 1131 4063 tractus
1176 4006 1389 4074 militia,
1432 4008 1651 4064 circiter
1691 4024 1895 4063 annum

310 4093 513 4149 Christi
560 4095 717 4157 1295.
761 4097 1057 4153 Andronici
1105 4101 1192 4166 l5,
1240 4115 1306 4154 eo
1353 4101 1502 4156 missi
1549 4116 1673 4156 cum
1717 4101 1898 4155 valido

312 4185 577 4248 exercitu,
611 4198 772 4258 prout
803 4188 927 4244 fuse
959 4201 1146 4246 narrat
1181 4191 1565 4263 Pachymeres,
1597 4194 1636 4248 Ι.
1668 4210 1752 4258 ιιι,
1783 4195 1892 4250 vol.

316 4272 360 4328 ll
380 4311 397 4336 ,
427 4292 478 4329 c.
508 4277 573 4343 9,
606 4280 703 4333 sed
738 4288 1027 4350 postquam
1059 4283 1104 4337 is
1138 4284 1408 4340 rebellans
1437 4302 1465 4341 a
1498 4287 1785 4344 Libadario
1812 4297 1896 4343 est

313 4380 630 4436 oppressus,
656 4380 712 4424 et
739 4369 938 4437 Persae,
968 4374 1058 4443 qui
1091 4375 1194 4429 sub
1223 4390 1291 4430 eo
1320 4377 1720 4444 militaverant,
1753 4381 1895 4435 male

313 4457 529 4523 multati
566 4460 767 4513 reversi
802 4461 1054 4527 domum,
1087 4473 1142 4519 et
1170 4481 1332 4520 causa
1365 4467 1536 4522 cladis
1566 4469 1893 4525 ulciscenda:

1952 2044 1961 2050 _
1986 1978 2225 2036 Arabum
2251 1983 2704 2054 chronologorum
2732 1995 2789 2042 et
2812 1989 2981 2042 nostri
3013 1988 3365 2061 Pachymeris
3415 1990 3570 2044 testi-

1986 2072 2204 2126 moniis.
2227 2073 2417 2129 Refert
2446 2074 2827 2146 Pachymeres,
2866 2094 2920 2148 p.
2946 2079 3070 2144 527,
3109 2083 3391 2136 Atmanem
3419 2080 3575 2135 iuva-

1986 2159 2151 2215 luisse
2167 2160 2362 2230 opibus
2378 2162 2629 2233 adjuncta
2647 2165 2749 2219 sibi
2761 2181 2924 2221 manu
2942 2167 3265 2224 fortissimal
3286 2171 3570 2226 ellatorum

1989 2252 2377 2306 acerrimorum
2405 2253 2571 2323 83o
2607 2270 2639 2309 e
2673 2253 3062 2328 PaphlagOnia,
3089 2267 3146 2315 et
3173 2261 3439 2316 obsistite
3466 2262 3569 2316 sibi

1990 2352 2241 2395 conatum
2289 2339 2625 2398 Muzalonem
2650 2343 3171 2404 Romanumducem
3213 2352 3329 2406 acie
3375 2351 3581 2407 vicisse.

1991 2446 2160 2502 prope
2200 2430 2574 2513 Nicomediam
2595 2436 3414 2513 Bithyniaemetropolim,quam
3435 2443 3566 2498 inde

1993 2524 2180 2579 urbem
2201 2512 2350 2580 vdlut
2375 2527 2653 2583 obsessam
2679 2532 2853 2601 campi
2883 2532 3136 2590 deminus
3165 2512 3419 2591 tenuerit.
3445 2537 3573 2593 Haec

1994 2617 2287 2685 contigisse
2297 2618 2438 2674 circa
2452 2618 2730 2690 Bapheum
2754 2637 2924 2693 prope
2936 2622 3304 2681 Nicomediam
3319 2626 3406 2681 die
3424 2627 3571 2682 vice-

1994 2704 2130 2758 sima
2153 2706 2380 2775 septima
2403 2709 2605 2764 mensis
2621 2707 2749 2764 Julii
2777 2712 2977 2769 diserte
2996 2714 3356 2786 Pachymeres
3381 2718 3570 2773 tradit:

1996 2810 2202 2848 annum
2230 2811 2296 2850 ex
2354 2799 2497 2852 serie
2536 2814 2715 2854 rerum
2745 2802 3008 2859 verisimll
3035 2813 3116 2859 ter
3143 2804 3475 2861 aﬂirmamus
3510 2809 3561 2860 in

1996 2884 2226 2955 Synopsi
2260 2889 2403 2953 hunc
2430 2890 2600 2945 fu'sse
2648 2890 2850 2947 Christi
2902 2892 3068 2961 1299;
3128 2896 3375 2966 sequenti
3435 2897 3573 2952 1500

1996 2980 2227 3046 putarim
2244 2983 2490 3036 evenisse
2506 2982 2645 3050 quod
2668 2992 2853 3038 noster
2877 2994 3082 3052 narrat,
3101 3003 3155 3057 p.
3180 2987 3306 3052 415,
3325 2987 3466 3044 videl
3489 2999 3576 3043 cet.

1996 3072 2255 3140 quasdam
2285 3073 2557 3129 Romanas
2583 3077 2767 3146 copias
2805 3078 2942 3133 duce
2973 3079 3207 3148 quodim
3263 3081 3448 3144 διυΓΟ.
3505 3086 3574 3136 ab

2000 3162 2327 3231 imperatore
2353 3165 2420 3219 ad
2444 3180 2562 3221 eam
2596 3168 2850 3224 tuendam
2883 3171 3214 3238 provinciam
3244 3172 3430 3239 misw,
3465 3175 3577 3228 col-

1921 3236 1964 3293 C
2001 3253 2168 3310 lectas
2220 3256 2290 3310 ab
2346 3260 2577 3312 Atmane
2625 3236 2910 3316 occidione
2945 3263 3114 3317 fuisse
3161 3264 3387 3319 deletas:
3415 3236 3577 3319 Unde

2001 3347 2168 3400 victor
2214 3346 2412 3403 Atman
2465 3350 2806 3420 progrediens
2852 3351 3189 3408 Belocomam
3231 3356 3413 3425 (verba
3446 3367 3578 3412 sunt

2000 3437 2379 3509 Pachymeris)
2416 3439 2654 3495 insiliens
2695 3443 2748 3495 vi
2773 3443 2938 3510 capit,
2972 3454 3019 3497 et
3052 3442 3126 3497 ibi
3150 3453 3382 3511 repertos
3410 3445 3579 3499 inter-

2001 3529 2144 3598 fecit.
2178 3528 2295 3597 Ipse
2321 3540 2499 3585 autem
2534 3531 2803 3587 immensis
2844 3533 3030 3602 opibus
3073 3551 3134 3589 ea
3157 3536 3358 3590 clausis
3396 3539 3578 3590 muni-

2003 3622 2141 3676 tione
2221 3624 2422 3692 potitus
2480 3626 2740 3691 pra’dives
2804 3627 2925 3681 inde
2986 3636 3062 3682 est
3138 3629 3371 3683 habitus.
3427 3630 3581 3683 Areis

2000 3715 2189 3783 quippe
2239 3713 2387 3768 illius
2438 3718 2776 3772 munimentis
2839 3718 2945 3773 situ
2979 3728 3030 3774 et
3086 3728 3203 3774 arte
3251 3719 3444 3775 validis
3511 3720 3581 3775 ad

2001 3810 2236 3877 quesita:
2278 3809 2513 3880 pecunia:
2544 3812 2840 3867 custodiam
2869 3829 3019 3880 usus,
3067 3830 3285 3885 magnos
3320 3814 3425 3869 sibi
3467 3815 3583 3869 tlte-

2001 3913 2213 3966 sauros,
2258 3899 2397 3955 unde
2422 3900 2545 3955 belli
2575 3918 2638 3956 ac
2667 3903 3000 3973 principatus
3031 3906 3295 3971 expediret
3318 3916 3578 3975 sumptus,

2001 4005 2183 4045 secure
2216 3991 2459 4046 conditos
2490 3993 2560 4046 ad
2599 4008 2817 4047 manant
2865 3994 3073 4051 habuit.
3129 3995 3338 4050 [larum
3388 4013 3587 4067 magna

1999 4097 2126 4151 pars
2148 4082 2525 4137 calamitatum
2547 4083 2602 4137 in
2624 4082 2854 4138 Prusam
2871 4085 3209 4152 redundat-it,
3228 4088 3306 4140 sic
3324 4088 3588 4142 nudatam

1997 4172 2320 4241 possessione
2350 4176 2472 4241 agri
2493 4173 2578 4226 sui
2609 4175 2815 4228 etintra
2834 4190 3104 4230 murorum
3126 4176 3385 4231 ambitum
3421 4178 3584 4232 reda-

1997 4271 2160 4326 ctam,
2178 4272 2285 4316 etc.
2313 4260 2401 4334 [P.
2426 4260 2559 4334 602]
2578 4260 2702 4319 Haec
2720 4262 3081 4336 Pachymeres
3101 4281 3116 4331 ;
3134 4281 3254 4337 quae
3281 4266 3415 4321 satis
3436 4270 3584 4323 ctare

1996 4354 2107 4409 indi
2142 4361 2236 4409 ant
2256 4354 2611 4410 mutationem
2640 4356 2745 4411 hoc
2758 4354 3002 4426 tempore
3029 4357 3083 4411 in
3104 4357 3337 4413 Atmane
3359 4359 3381 4410 Γ
3379 4366 3580 4422 actam,

1994 4448 2149 4517 quasi
2198 4462 2230 4502 e
2267 4447 2477 4529 privato
2525 4446 2579 4502 in
2608 4449 2968 4518 principalem
2999 4458 3223 4505 statum.
3285 4450 3586 4506 Audiamus

313 4556 371 4603 et
406 4548 604 4604 ﬁducia
645 4552 845 4606 nullius
884 4553 1019 4608 satis
1053 4555 1245 4611 validae
1283 4573 1591 4614 occursurae
1631 4559 1891 4615 Romana:
1925 4576 1967 4630 ι)
1991 4535 2103 4606 iam
2128 4536 2445 4630 Arabas?!“
2470 4536 2667 4609 magno
2689 4552 2958 4594 consensu
2977 4541 3582 4596 amm‘amo'hmauem

313 4642 610 4709 potentiae,
658 4641 1333 4713 Philautltropeno,quem
1380 4664 1549 4702 unum
1597 4650 1894 4705 timuerant

314 4739 522 4792 amoto,
561 4731 782 4786 arcibus
824 4732 935 4803 jam
977 4735 1193 4790 cunctis
1236 4736 1393 4805 potiti
1436 4736 1793 4792 licentissime
1837 4737 1895 4792 in

314 4821 592 4892 subjectus
621 4822 849 4892 imperio
877 4823 1129 4894 regiones
1161 4820 1359 4895 passim
1392 4827 1747 4883 inundarunt.
1781 4829 1896 4885 lloc

316 4924 582 4968 memorat
610 4912 974 4986 Pachymeres
995 4955 1009 4978 ,
1042 4915 1081 4970 l.
1113 4932 1208 4980 ιιι,
1239 4917 1347 4972 vol.
1378 4917 1424 4972 Il
1447 4958 1463 4981 ,
1492 4935 1542 4974 c.
1574 4919 1641 4974 14
1663 4961 1676 4982 ,
1705 4927 1759 4973 et
1787 4934 1896 4974 cte-

313 5004 461 5074 pisse
490 5005 707 5059 videtur
732 5006 799 5059 ab
831 5020 977 5058 anno
1004 5005 1137 5060 Chr.
1170 5007 1327 5073 1297,
1356 5008 1569 5079 imperii
1594 5009 1902 5064 Andronici

316 5096 416 5159 15;
446 5096 671 5150 durasse
698 5112 830 5150 vero
857 5098 975 5151 sine
1005 5097 1433 5164 intermissione,
1464 5099 1572 5154 imo
1600 5116 1723 5154 cum
1752 5109 1898 5154 atro-

313 5187 556 5241 cioribus
588 5187 821 5242 subinde
856 5190 1123 5243 malorum
1156 5173 1504 5260 au’gtnentis,
1537 5207 1710 5261 usque
1741 5192 1806 5247 ad
1843 5192 1901 5245 ﬁ—

313 5294 439 5333 nem
475 5279 637 5347 hujus
669 5280 953 5345 llistorite,
988 5281 1308 5351 intelligitur
1340 5298 1406 5337 ex
1439 5282 1901 5352 frequentissimis

314 5386 380 5425 ea
408 5371 476 5424 de
501 5386 559 5423 re
584 5370 759 5425 nostri
791 5371 1036 5426 historici
1062 5372 1303 5442 querelis
1329 5388 1391 5426 ac
1415 5373 1900 5428 lamentationibus

315 5477 415 5533 per
448 5473 679 5517 cunctos
717 5462 833 5518 fere
868 5474 1268 5535 consequentes
1307 5463 1470 5535 hujus
1510 5464 1692 5535 operis
1733 5465 1902 5519 libros

314 5549 544 5621 sparsis.

428 5720 492 5776 V.
570 5724 648 5777 Ex
677 5722 764 5778 his
812 5732 961 5794 patet
987 5721 1146 5796 quam
1192 5741 1558 5785 consentanec
1587 5728 1655 5783 ad
1701 5737 1904 5784 nostrae

318 5812 485 5884 hujus
514 5813 754 5870 historiae
779 5818 1097 5872 memoriam
1137 5819 1375 5876 Arabum
1407 5820 1631 5877 annales
1659 5820 1902 5878 referant

1995 4644 2026 4684 e
2053 4630 2312 4700 toparcha
2338 4629 2707 4702 Karaiaptagae
2727 4640 2784 4686 et
2839 4632 3069 4703 simplici
3092 4641 3305 4704 satrapa
3353 4633 3584 4689 sultanis

1996 4741 2093 4781 seu
2121 4723 2357 4793 supremi
2386 4725 2589 4780 domini
2623 4739 2823 4779 nomen
2871 4725 3019 4779 asciv
3044 4738 3134 4780 sse
3187 4740 3332 4780 anno
3364 4723 3601 4795 'Hegirte

1999 4814 2124 4871 699.
2144 4812 2315 4884 Hujus
2337 4815 2464 4869 anni
2490 4829 2611 4869 cum
2640 4813 2896 4869 Kalendae
2923 4813 3251 4868 Muharrami
3282 4814 3597 4869 insederint;

1998 4907 2141 4962 diem
2166 4906 2237 4961 28
2276 4905 2825 4982 Septembrisluliani
2874 4907 2927 4958 in
2974 4918 3118 4983 anno
3171 4905 3372 4960 Christi
3420 4905 3604 4964 1299..

1998 5010 2052 5054 et
2074 5013 2233 5069 quam
2258 5005 2678 5053 memoravimus
2705 5012 2736 5052 e
2757 4997 3010 5069 Pacbymt
3030 5013 3088 5052 re
3130 4996 3434 5051 Belocomae
3490 5012 3589 5051 ex-

1999 5088 2257 5159 pugnatio
2291 5088 2357 5143 ad
2400 5102 2616 5143 menses
2656 5087 2876 5146 aestivos
2928 5087 3256 5158 pertinuisse
3309 5085 3595 5152 vdeatur...

2000 5180 2413 5251 intelligendum
2456 5176 2781 5247 relinquitur
2811 5193 3044 5249 regnare
3097 5179 3415 5244 Attnanem,
3469 5178 3588 5234 sine

2004 5272 2113 5328 ulla
2137 5272 2246 5341 jam
2315 5270 2753 5326 dissimulatione
2777 5270 3102 5326 vocabulum
3156 5270 3368 5341 imperii
3408 5270 3585 5341 palam

2005 5362 2349 5432 usurpando,
2369 5361 2604 5431 ccepisse
2630 5377 2776 5416 anno
2799 5361 3003 5417 Christi
3036 5361 3195 5422 1500.
3227 5363 3387 5431 idque
3418 5361 3471 5415 in
3501 5359 3592 5413 Bi-

2006 5454 2187 5525 thynia
2218 5452 2284 5507 ad
2318 5452 2508 5506 urbem
2540 5451 2790 5518 Prusam,
2821 5467 2981 5522 quam
3011 5453 3174 5522 paulo
3200 5458 3321 5523 post
3350 5451 3399 5505 ei
3416 5450 3589 5506 fuisse

2005 5542 2302 5612 subjectam
2354 5540 2654 5594 tributariae
2698 5540 2849 5610 pacis
2896 5541 3141 5609 nomine,
3182 5555 3369 5596 revera
3431 5538 3585 5594 dedi-

2008 5634 2153 5688 tione
2176 5646 2239 5686 ac
2265 5631 2605 5699 subiectione
2632 5632 2814 5702 plena,
2837 5635 3016 5687 innuit
3045 5633 3426 5702 Pachymercs,
3458 5631 3588 5686 dum

2007 5729 2087 5784 sic
2108 5726 2252 5782 scrib
2277 5735 2318 5793 ι,
2342 5742 2396 5796 p.
2416 5724 2517 5779 597
2546 5745 2559 5781 :
2595 5723 2771 5780 Prusa
2801 5727 2916 5795 ipsa
2948 5722 3341 5778 calamitatibus
3369 5723 3589 5778 subacta

2010 5819 2307 5890 ingentibus
2347 5832 2516 5874 emere
2547 5833 2578 5871 a
2604 5817 2779 5871 Persis
2831 5824 3107 5870 numerato
3143 5815 3368 5873 immani
3420 5815 3585 5889 pretio
