4036 6404
487 360 590 424 M7

1372 377 1439 437 P.
1483 376 1784 438 POSSlNl
1823 379 2474 454 OBSERVATIONUM
2515 396 2661 458 LIB.
2710 397 2826 460 lIl.

3616 412 3709 477 888

490 480 731 580 umbram
756 482 929 550 pacis,
961 497 1057 551 pro
1094 500 1237 547 vera,
1273 502 1429 554 quam
1461 489 1797 543 mendacibus
1837 493 2067 558 promis—
2092 500 2139 557 Α
2167 499 2429 558 lectorem
2459 508 2736 566 mantissm
2758 512 2881 568 loco
2933 528 3210 584 apponere
3243 517 3705 580 considerationem

491 571 565 623 sis
608 584 964 640 ostentarant,
1011 590 1160 644 pace.
1196 575 1272 631 lta
1306 577 1418 632 ille.

589 661 675 715 γι.
734 661 858 719 Ηωε
889 674 1067 719 tamen
1091 682 1197 719 non
1226 682 1293 722 eo
1321 668 1479 723 traho
1505 679 1562 725 ttt
1584 671 1894 727 existimem
1934 672 2071 728 Pru-

489 762 601 804 sam
629 752 841 807 Atmani
880 754 991 824 jam
1037 764 1149 810 tum
1181 759 1328 828 regni
1361 759 1629 831 principio
1666 762 1826 832 plene
1852 778 2069 834 posuis-

487 860 625 901 sum.
657 861 778 898 cum
804 862 920 900 eam
952 847 1173 917 quidam
1204 852 1438 906 Arabum
1468 852 1572 907 sub
1629 853 1794 909 linem
1857 862 2068 910 tantum

485 945 611 988 vitae
638 935 904 1001 Atmans,
934 939 1150 1008 quidam
1197 941 1418 997 nonnisi
1452 952 1576 1013 post
1626 944 1747 1013 ejus
1798 945 2007 1000 obitum
2036 960 2069 1001 a

488 1029 520 1079 ti
550 1029 600 1079 i0
630 1028 750 1095 ejus
780 1037 834 1082 et
857 1045 1175 1088 successore
1196 1032 1447 1091 Urcbanc
1478 1036 1699 1105 penitus
1726 1038 2066 1109 subjugatatn

488 1120 725 1174 t-‘adant.
764 1119 965 1176 Verum
992 1139 1114 1178 cum
1149 1140 1266 1179 eam
1297 1127 1484 1182 urbem
1514 1129 1731 1183 arcibus
1781 1130 2069 1184 undecun-

485 1226 590 1278 que
625 1228 653 1263 a
684 1227 743 1268 se
779 1215 1044 1282 possessis
1065 1216 1296 1270 cinctam
1328 1225 1381 1272 ct
1414 1220 1734 1289 vectigalem
1752 1220 1818 1273 ad
1854 1219 2067 1274 libitum

487 1302 732 1367 haberet,
768 1320 923 1371 aequo
955 1307 1169 1359 interim
1200 1308 1386 1362 animo
1411 1308 1756 1379 ferebatejus
1785 1311 2072 1379 scingres—

486 1408 547 1446 su
579 1394 886 1460 exclusum,
916 1411 1074 1466 quem
1116 1397 1224 1451 sibi
1255 1413 1320 1453 ac
1362 1399 1476 1453 suis
1530 1400 1848 1471 aliquando,
1880 1409 1938 1456 ut
1981 1416 2071 1456 res

485 1495 600 1537 tum
629 1502 688 1537 se
721 1472 1027 1548 habebant.
1059 1487 1229 1542 libere
1255 1489 1602 1557 pandendum
1666 1501 1814 1547 certa
1866 1508 2071 1562 [ιι-αδδυ-

486 1576 669 1630 luebat
719 1591 837 1645 spe.
875 1576 931 1629 In
967 1578 1068 1632 huc
1112 1579 1277 1647 igitur
1304 1580 1679 1647 incumbebat,
1717 1593 1778 1639 ut
1830 1584 1943 1655 agri
2006 1600 2071 1641 ac

484 1666 778 1736 provincia:
807 1667 972 1735 illius,
1000 1684 1197 1737 nempe
1221 1669 1487 1741 Bithynia
1513 1674 1804 1748 universe,
1836 1675 1935 1728 sibi
1968 1676 2067 1730 do-

485 1757 711 1812 minium
735 1766 1027 1821 assereret,
1060 1760 1206 1830 quod
1236 1762 1676 1831 consequebatur
1720 1765 1939 1819 arcibus
1962 1764 2070 1833 pri-

483 1851 693 1918 mariis,
719 1858 776 1906 et
803 1850 949 1905 unde
974 1852 1189 1907 urbium
1216 1867 1532 1923 magnarum
1562 1854 1707 1909 salus
1729 1865 1785 1910 et
1808 1857 2071 1911 securitas
2102 1865 2144 1920 Β

482 1940 648 2012 831
687 1941 976 2012 penderet,
1005 1944 1342 2014 occupandis
1369 1954 1425 1998 et
1447 1945 1788 1999 validissimo
1817 1945 2069 2015 praesidio

486 2034 756 2098 tenendis,
787 2035 928 2089 sicut
969 2035 1134 2090 modo
1156 2051 1281 2090 eum
1336 2036 1575 2092 vidimus
1604 2037 1657 2091 in
1681 2036 1966 2092 Belocoma
1992 2037 2069 2092 fe-

481 2129 644 2194 cisse,
678 2126 737 2181 in
770 2142 875 2195 qua
902 2126 1087 2183 claves
1118 2125 1306 2184 Prusae
1335 2129 1562 2207 reperit;
1596 2130 1673 2184 uti
1729 2138 1788 2185 et
1831 2128 2065 2185 Nicaeam

482 2218 584 2273 sibi
612 2218 934 2288 subjugasse
999 2220 1151 2274 visus
1179 2226 1264 2274 est
1310 2230 1467 2290 capta
1494 2229 1552 2276 et
1602 2221 1718 2277 suis
1747 2220 2069 2279 ﬁrmissimis

480 2308 653 2378 cepiis
680 2309 886 2365 insessa
917 2309 1219 2366 Tricoccia.
1252 2310 1368 2377 Qua
1392 2311 1460 2366 de
1511 2328 1571 2367 re
1612 2314 1769 2383 juvat
1816 2322 2065 2368 nostrum

484 2399 574 2451 hic
600 2396 986 2469 Pachymercm
1015 2400 1227 2467 audire,
1256 2417 1312 2471 p.
1345 2402 1473 2468 637,
1493 2402 1822 2459 scribentem
1847 2404 1900 2458 in
1920 2404 2069 2459 hunc

482 2490 706 2544 modum
743 2510 756 2546 :
791 2489 951 2545 Circa
981 2490 1223 2546 Nica'am
1266 2494 1408 2546 malo
1442 2510 1572 2548 sane
1621 2494 1735 2549 loco
1778 2511 1859 2550 res
1889 2506 2066 2565 erant,

478 2586 706 2635 Atmane
747 2593 938 2637 cuncta
987 2583 1096 2636 illic
1158 2592 1343 2654 agente
1408 2585 1727 2652 ferenteque.
1791 2588 1871 2641 Ac
1904 2587 2067 2657 paulo

477 2682 599 2742 post
642 2692 653 2726 :
694 2673 881 2742 Itaque
939 2674 1194 2742 infestum
1240 2676 1532 2729 exercitum
1595 2705 1664 2718 —
1723 2679 2066 2744 venientibus,

477 2763 673 2818 Atmau
735 2765 982 2820 credidit.
1027 2764 1304 2821 Hactenus
1361 2764 1749 2838 Pachymeres,
1798 2784 1864 2824 ex
1911 2770 2070 2840 cujus

479 2854 682 2924 triplici
714 2855 877 2910 modo
898 2868 1202 2911 memorata
1233 2857 1551 2912 narratione
1576 2873 1760 2914 rerum
1791 2860 1860 2915 ab
1885 2860 2070 2916 Atma—

478 2963 571 3011 ue,
599 2947 664 2999 ad
686 2946 1057 3002 Nicomediam
1085 2949 1229 3004 victo
1253 2949 1558 3017 Muzalonc,
1584 2951 1650 3006 ad
1707 2951 1929 3009 Prubam
1973 2970 2090 3035 θεον

479 3051 571 3108 pta
606 3037 919 3104 Befocoma,
951 3039 1019 3095 ad
1038 3039 1268 3095 Niczeam
1296 3053 1603 3112 expugnata
1622 3043 1903 3100 Tricoccia
1971 3064 2067 3118 ge-

481 3142 714 3199 starum,
739 3130 1091 3187 manifestum
1130 3143 1213 3188 est
1238 3134 1494 3193 habuisse
1522 3136 1674 3189 illum
1710 3138 1766 3191 in
1799 3148 2067 3208 potestate

478 3223 788 3277 universam
814 3223 1139 3295 Bithyniam,
1164 3224 1341 3278 tribus
1361 3224 1469 3279 illis
1493 3226 1769 3294 primariis
1791 3228 1912 3298 ejus
1941 3245 2067 3299 pro-

396 3344 399 3349 -
472 3315 672 3371 vincia
703 3315 954 3383 urbibus,
983 3316 1085 3371 etsi
1132 3330 1237 3371 non
1288 3317 1449 3387 plene
1505 3319 1792 3386 possessis,
1853 3321 2051 3377 saltem

474 3409 714 3479 undique
740 3424 773 3460 c
798 3408 1116 3473 rcumdatis,
1154 3419 1211 3466 et
1238 3410 1383 3464 lenta
1405 3409 1484 3464 sic
1507 3411 1797 3467 obsidione
1819 3429 1943 3467 cum
1978 3414 2068 3467 in-

472 3498 631 3555 terim
661 3515 760 3569 pro
804 3500 955 3554 libito
1002 3503 1296 3557 macerand
1322 3518 1348 3556 s
1375 3509 1430 3556 et
1455 3504 1685 3570 pecun'a
1739 3504 2059 3580 multandis,

475 3601 587 3647 tum
619 3586 855 3660 denique
899 3593 1207 3649 certiss'me
1268 3593 1553 3649 trahendis
1612 3594 1716 3649 sub
1756 3595 2061 3650 absolutum

472 3684 857 3753 iuteérumqne
904 3683 1227 3738 dominium.
1274 3685 1488 3755 quuod
1549 3701 1659 3739 non
1689 3685 1790 3755 ipsi
1844 3687 2060 3755 quiden

472 3776 669 3845 obtigit
712 3774 949 3829 Atmani.
985 3773 1185 3829 Verum
1212 3775 1354 3831 illius
1381 3775 1555 3832 haeres
1577 3786 1633 3831 et
1673 3777 1819 3832 illius
1847 3777 2061 3833 Ureba-

469 3882 593 3933 nes,
623 3881 783 3936 quem
814 3865 1251 3933 Cautacuzenus,‘
1283 3868 1325 3923 l.
1346 3883 1426 3932 ιιι,
1446 3883 1496 3922 c.
1530 3870 1584 3932 9,
1607 3878 1813 3924 statum
1853 3869 1927 3923 -in
1956 3884 2064 3938 quo

473 3975 597 4013 cum
635 3968 786 4027 pater
812 3956 1053 4013 moriens
1081 3958 1400 4028 reliquerat,
1430 3960 1744 4030 exprimens
1785 3970 2062 4028 satrapam

471 4052 771 4107 Orientalis
794 4047 849 4107 lii
888 4048 1332 4120 byuizeappellat,
1358 4050 1512 4107 brevi
1530 4065 1589 4105 se
1612 4050 1881 4122 Bithyniae
1900 4052 2065 4105 totius

472 4144 771 4215 principem
795 4144 1052 4206 ostendit.
1078 4140 1272 4207 Prusa,
1290 4141 1604 4196 Nicomedia
1626 4152 1682 4197 et
1703 4141 1882 4196 Nicaea
1901 4143 2063 4213 plane

472 4235 721 4300 domitis,
748 4247 1035 4306 postquam
1106 4235 1234 4290 huic
1286 4235 1491 4288 ultimae
1552 4233 1885 4303 periclitanti
1933 4250 2063 4304 sup-

477 4327 649 4393 petias
677 4324 1024 4381 Andronicus
1077 4326 1262 4396 junior
1327 4340 1623 4381 accnrrcns
1688 4326 1938 4395 repulsus
2006 4336 2061 4380 ct

475 4416 794 4472 vulneratus
827 4419 880 4472 iu
916 4417 1122 4473 femore
1162 4419 1409 4474 recessit.
1432 4419 1601 4487 Cujus
1631 4435 1826 4489 pugnae
1857 4435 1923 4473 ac
1943 4419 2063 4475 t’ul-

2168 594 2405 651 duorum
2452 610 2700 657 veterum
2752 606 3248 677 «acutarumque
3273 624 3368 678 per
3404 610 3513 665 ha'c
3550 611 3707 669 fuisse

2169 697 2378 755 patrata
2405 694 2617 749 eventis
2647 710 2756 750 non
2792 697 3073 756 immerito
3092 700 3236 755 credi
3271 710 3467 770 potest;
3494 702 3543 755 id
3581 704 3710 771 quod

2168 793 2236 835 eo
2267 781 2449 837 minus
2477 784 2718 840 alienum
2746 789 2816 843 ab
2852 790 2957 845 hoc
3015 794 3132 846 loco
3166 791 3306 848 forte
3369 795 3545 857 fuerit,
3585 797 3712 867 quod

2168 887 2359 928 eorum
2383 875 2614 932 alterum
2632 889 2715 934 est
2739 872 3075 951 implicatum
3100 898 3224 939 cum
3251 888 3546 944 rationibus
3567 891 3714 944 citro.

2169 965 2436 1038 nologicis
2461 970 2812 1040 quibusdam,
2846 990 3108 1032 nunueros
3140 994 3173 1031 a
3198 979 3357 1034 nobis
3390 980 3473 1034 hic
3493 982 3714 1036 subduc-

2171 1066 2255 1114 tos
2314 1070 2466 1115 recto
2524 1063 2737 1133 positos
2791 1067 3001 1123 calculo
3031 1069 3462 1128 adstruentibus.
3523 1073 3718 1128 Decitat

2170 1151 2426 1219 antiquus
2461 1156 2693 1224 scriptor
2734 1160 3005 1221 Zosimus,
3029 1161 3378 1218 historiarum
3432 1164 3469 1218 Ι.
3501 1181 3556 1221 n.
3599 1163 3712 1234 Ery-

2173 1244 2356 1300 thram
2397 1247 2483 1302 vel
2527 1248 2817 1319 Epiroticae
2850 1252 3070 1323 Sibyllae
3100 1255 3205 1310 boc
3236 1257 3546 1314 vaticinium
3575 1277 3589 1314 :

2242 1359 2318 1438 ἐὴ
2344 1362 2467 1438 τότε
2503 1362 2749 1438 Βιθυνῶν
2776 1370 2940 1433 γαῖαν
2972 1369 3129 1422 λύκοι
3160 1371 3446 1438 οἰκήσουσι

2244 1431 2872 1516 Ξηνρςρπιφρεσέιιέισι
2905 1453 2920 1467 ·
2952 1440 3092 1516 τςχὺ
3115 1440 3162 1493 δ’
3197 1431 3521 1516 ὲπὶὁήσετᾳι
3550 1445 3680 1516 ἀρχὴ

2242 1497 2565 1571 Ἀνδράσινξ
2586 1497 2649 1557 ὀἳ
2687 1504 2958 1573 Βύζαντος
2998 1497 3116 1573 ἕδος
3145 1497 3600 1569 κατανάιετάωσνιί

2231 1591 2395 1713 ῗ32
2429 1593 2569 1647 Tunc
2624 1595 2972 1667 Bithynorum
3022 1611 3216 1657 terram
3276 1605 3388 1671 lupi
3434 1606 3720 1660 habitabant

2297 1665 2434 1713 tvt’no
2465 1667 2686 1713 consilia
2712 1685 2729 1713 ξ
2747 1671 2985 1713 rales-iter
3010 1682 3182 1713 mum.
3219 1676 3533 1713 ιυηηνοηῑοι
3555 1677 3719 1713 AM...“

2297 1665 2434 1717 tvino
2465 1667 2686 1720 consilio
2707 1685 2729 1734 ;
2747 1665 2985 1725 celeriter
3010 1682 3186 1727 autem
3217 1665 3533 1742 superreniet
3553 1677 3721 1729 Iterum

2307 1801 2318 1812 .
2356 1803 2367 1813 .
2497 1802 2583 1817 ,,,
2760 1808 2773 1817 _
2897 1810 2909 1817 _
3046 1812 3057 1817 Α
3169 1814 3179 1817 _
3252 1743 3597 1817 [principatus

2252 1798 2394 1857 Viris
2417 1804 2507 1873 qui
2540 1802 2801 1878 Byzantia
2826 1810 2999 1865 solum
3038 1798 3300 1870 incolumi.

2176 1916 2348 1987 Hujus
2379 1928 2638 1977 eventum
2657 1925 2959 1994 prophetiae
2977 1937 3210 1984 conatur
3225 1930 3476 1987 Zosimns
3493 1930 3729 2002 adaptare

2169 2014 2311 2067 atati
2342 2014 2687 2071 Constantini
2716 2027 2774 2074 et
2807 2023 3198 2078 restaurationi
3229 2034 3397 2095 atque
3447 2026 3726 2094 ampliﬁca-

2172 2102 2307 2158 tioni
2334 2119 2430 2174 per
2465 2122 2591 2161 eum
2627 2108 2786 2164 factae
2805 2109 3263 2183 Byzantii.Quam
3282 2118 3572 2186 recte,ipse
3596 2117 3725 2170 vide-

2171 2195 2278 2261 rit;
2312 2212 2420 2251 non
2465 2198 2611 2253 enim
2639 2201 2769 2257 satis
2798 2211 3021 2272 apparet
3045 2207 3175 2274 quid
3207 2207 3314 2262 ista
3349 2209 3549 2262 mentio
3589 2205 3729 2273 luno-

2171 2302 2285 2341 rum
2309 2288 2613 2361 Bithyniam
2637 2293 2987 2349 habitantium
3014 2312 3136 2352 cum
3167 2298 3519 2353 exornatione
3543 2296 3733 2367 Byzan-

2170 2381 2299 2436 tina;
2337 2383 2486 2437 urbis
2527 2399 2820 2440 commune
2863 2387 3079 2442 habeat.
3104 2388 3361 2443 Dicamus
3397 2403 3494 2444 nos
3510 2387 3631 2442 licet
3654 2400 3732 2439 ac-

2172 2476 2572 2544 commodatius
2610 2479 2676 2532 ad
2702 2478 2943 2547 speciem
2977 2480 3089 2533 veri
3111 2522 3126 2546 ,
3150 2495 3247 2549 per
3291 2480 3541 2550 Sibyllam
3564 2476 3732 2533 divino

2169 2564 2399 2621 amatam
2431 2568 2647 2637 spiritu,
2679 2578 2830 2626 tanto
2866 2581 2995 2627 ante
3021 2573 3107 2627 his
3134 2573 3308 2628 fuisse
3336 2572 3729 2643 praenuntiatum

2169 2657 2354 2711 verbis
2395 2668 2645 2713 exortum
2679 2658 3015 2718 Ottomanici
3048 2663 3263 2732 imperii
3322 2679 3352 2716 a
3411 2661 3731 2732 prmdorrbus

2169 2753 2341 2806 avidis
2363 2762 2418 2806 et
2446 2755 2633 2824 lupina
2658 2758 2961 2813 voracitate
2981 2774 3044 2815 ac
3088 2760 3418 2815 crudelitate
3444 2756 3727 2829 praeditisiu

2170 2843 2419 2916 Bithynia
2454 2846 2683 2914 fundati,
2730 2851 2817 2904 cui
2846 2866 2952 2905 non
2977 2851 3151 2906 multo
3179 2861 3305 2921 post
3335 2863 3572 2920 tempore
3621 2864 3731 2901 suc-

2168 2937 2426 2994 cumbere
2448 2938 2672 2994 deberet
2710 2939 3020 3011 Byzantina:
3054 2940 3205 2996 urbis
3229 2941 3732 3012 imperautispoteu-

2172 3030 2243 3083 tia
2265 3040 2317 3085 et
2336 3032 2614 3100 splendor.
2643 3033 2941 3090 barbaricae
2971 3037 3231 3107 deinceps
3259 3037 3534 3092 servitutis
3564 3035 3728 3103 iugum

2170 3122 2552 3190 gravissimum
2572 3132 2624 3178 et
2642 3125 3118 3193 probrosissimnm
3135 3124 3522 3182 laturaa.Gr:eci
3543 3122 3729 3191 Byzan-

2142 3206 2143 3209 “
2173 3211 2269 3264 ιίιιί
2299 3212 2352 3265 iu
2392 3228 2608 3282 poenam
2644 3216 2794 3285 itupii
2824 3226 2879 3270 et
2923 3218 3221 3286 pertinacis
3251 3219 3324 3272 ab
3359 3217 3585 3270 Ecclesia
3632 3211 3729 3264 Bo-

2169 3317 2328 3355 mana
2357 3307 2602 3359 omnium
2633 3315 2806 3361 matre
2867 3308 2995 3363 inde
3024 3322 3197 3375 usque
3228 3323 3257 3361 a
3283 3307 3461 3362 Photii
3491 3302 3731 3373 tempori-

2167 3394 2269 3449 bus
2293 3398 2599 3452 continuati
2626 3400 2957 3466 schismatis,
2986 3401 3177 3455 duram
3208 3398 3733 3470 a_LatinisConstan-

2171 3492 2455 3558 tinOpolim
2491 3507 2588 3560 per
2614 3507 2790 3547 annos
2813 3501 2937 3547 orto
2967 3508 3131 3562 supra
3167 3494 3566 3564 quinquaginta
3594 3487 3729 3543 obti-

2168 3582 2429 3637 nen‘ibus
2456 3584 2779 3638 servitutem
2805 3586 2951 3653 passi
2984 3584 3225 3651 fuerant;
3252 3601 3319 3641 ex
3359 3601 3464 3656 qua
3492 3581 3733 3655 proiecis-

2166 3689 2226 3728 se
2271 3673 2368 3727 visi
2392 3682 2539 3737 sunt,
2559 3675 2688 3729 dum
2710 3691 2773 3729 ea
2798 3675 3010 3731 liberati
3037 3675 3267 3730 Romani
3288 3693 3436 3748 papa:
3462 3673 3730 3746 primatum

2166 3774 2520 3835 agnoverunt.
2559 3766 2628 3820 At
2658 3767 2748 3821 ubi
2781 3765 3038 3822 M‘chaele
3069 3768 3228 3822 istius
3273 3767 3576 3824 concordiae
3618 3778 3733 3817 auc-

2170 3868 2286 3913 tore
2307 3869 2544 3919 mortuo.
2568 3859 2711 3913 ﬁlius
2727 3859 2844 3929 ejus
2865 3860 3213 3915 Andronicus
3232 3862 3476 3931 pessimo
3491 3855 3729 3917 consilio.

2165 3966 2285 4020 qua:
2312 3960 2463 4018 pater
2487 3952 2846 4007 saluberrime
2863 3961 3129 4008 statuerat
3146 3954 3490 4013 rescindeus,
3512 3967 3570 4006 se
3594 3962 3736 4003 suos-

2165 4056 2271 4111 que
2299 4042 2494 4096 iterum
2526 4058 2556 4097 a
2590 4044 2721 4097 sede
2748 4041 2895 4098 Petri
2942 4047 3348 4101 contumaciter
3380 4044 3608 4113 abrupit,
3633 4049 3732 4095 sta-

2168 4131 2262 4186 tim
2319 4133 2413 4188 Dei
2471 4134 2663 4189 ultoris
2713 4135 3058 4204 providentia
3114 4138 3422 4206 praeparari
3477 4145 3638 4203 cmpt
3686 4138 3735 4185 et

2164 4225 2366 4279 sensim
2401 4225 2454 4279 in
2487 4224 2733 4297 Bithynia
2761 4240 3122 4282 concrescere
3176 4224 3524 4282 Ottomanica
3562 4234 3731 4296 tyran-

2164 4314 2272 4377 nis,
2302 4331 2330 4369 a
2354 4331 2460 4385 qua
2513 4317 2646 4373 diris
2667 4320 3017 4373 continenter
3045 4319 3294 4374 cladibus
3343 4318 3593 4391 ﬂag'ellati
3643 4315 3735 4385 Byv

2166 4407 2389 4467 lantitti,
2416 4423 2538 4462 cum
2566 4409 2787 4464 minime
2806 4408 3210 4479 resipiscerent,
3242 4411 3338 4467 sed
3360 4410 3527 4480 magis
3551 4418 3733 4476 mags-

473 4509 618 4561 ueris
646 4509 891 4564 meminit
909 4510 1320 4565 Caulacuzenus
1346 4509 1430 4582 [P.
1462 4510 1610 4584 603.]
1635 4514 1668 4566 I.
1707 4527 1765 4575 ll,
1788 4526 1838 4566 c.
1861 4512 1914 4577 7,
1938 4514 2063 4568 inde

2168 4515 2273 4568 que
2314 4504 2363 4552 in
2416 4500 2609 4555 haeresi
2632 4516 2696 4555 ac
2722 4503 3019 4557 schismate
3049 4502 3498 4563 obﬁrmarentur,
3543 4499 3591 4552 vi
3625 4507 3732 4549 tau-

470 4609 715 4655 secutam
756 4612 937 4657 tamen
968 4602 1163 4658 Nicaeae
1192 4602 1524 4659 deditionem
1576 4620 1765 4675 parum
1824 4605 2058 4659 candide

467 4693 847 4757 dissimulans,
876 4711 1039 4765 quam
1063 4693 1300 4766 ingenue
1335 4694 1576 4750 fatentur
1599 4696 1890 4767 Gregoras,
1914 4699 1951 4755 Ι.
1980 4717 2052 4765 ιχ,

466 4796 522 4840 cl.
548 4787 850 4841 Phrantzes
871 4803 923 4843 c.
946 4787 1002 4851 2,
1025 4787 1060 4840 Ι.
1090 4804 1129 4854 ι,
1162 4788 1486 4842 utomittam
1513 4787 1657 4841 idem
1681 4788 1887 4845 diserte
1913 4790 2057 4844 δαιτ-

465 4888 682 4934 mantcs
714 4879 921 4934 Arabas
952 4878 1425 4949 scriptorcs.inter
1453 4894 1591 4945 quos
1618 4894 1813 4933 omnes
1852 4896 2053 4955 eome-

463 4972 551 5026 nit
601 4968 862 5025 Isnicmid
895 4982 949 5025 et
978 4968 1132 5024 lznik
1165 4969 1267 5040 (sic
1297 4968 1372 5024 illi
1422 4970 1798 5025 Nicomediam
1854 4981 1910 5026 et
1956 4971 2052 5025 Ni-

465 5076 633 5115 caeam
648 5060 957 5119 nominant)
977 5060 1049 5114 ab
1074 5058 1334 5114 Urcltane
1353 5056 1646 5113 Othmanis
1666 5058 1776 5113 ﬁlio
1797 5069 1921 5127 post
1941 5075 2052 5129 pa-

468 5152 570 5208 tris
588 5167 817 5206 mortem
842 5163 1031 5223 captas
1054 5151 1244 5209 fuisse.
1270 5150 1516 5213 Brusiam
1545 5166 1676 5206 vero
1701 5150 1796 5221 (ita
1821 5151 2049 5207 Prusam

463 5244 764 5314 appellant)
808 5246 1027 5313 quidam
1059 5245 1273 5299 illorum
1318 5243 1575 5299 Otbmani
1609 5244 1788 5297 adhuc
1822 5244 2047 5308 viventi,

461 5337 551 5389 alii
585 5352 652 5390 cu
682 5348 897 5391 mortuo
929 5337 1164 5393 Urchani
1222 5335 1462 5391 deditam
1518 5336 1694 5390 aiunt.
1753 5336 1886 5391 Fato
1920 5354 2048 5392 vero

463 5427 716 5483 functum
749 5428 1079 5485 Othmaneut
1105 5444 1298 5483 omnes
1332 5429 1370 5483 ii
1412 5444 1609 5499 magno
1637 5445 1908 5485 consensu
1940 5442 2050 5486 tra-

464 5518 601 5572 dunt
645 5534 790 5573 anno
849 5518 1062 5588 llegirm
1123 5518 1246 5583 7‘16,
1309 5518 1466 5588 cujus
1493 5516 1595 5571 fuit
1626 5519 1842 5573 initium
1873 5521 1992 5575 dies
2015 5521 2049 5575 8

417 5653 425 5660 .
465 5610 781 5665 Decembris
821 5611 950 5665 anni
981 5610 1186 5664 Christi
1230 5609 1392 5672 1525,
1418 5609 1556 5665 adeo
1587 5619 1646 5664 ut
1695 5627 1842 5666 mors
1904 5611 2043 5665 Oth-

445 5703 639 5777 Ituanis
666 5711 722 5756 tn
751 5718 954 5757 annum
1002 5702 1206 5758 Christi
1238 5702 1375 5758 1526
1412 5702 1664 5757 videatur
1714 5704 2041 5762 diﬁcrenda.

574 5794 685 5848 VII.
746 5794 1021 5851 llactcnus
1052 5794 1211 5851 dictis
1233 5793 1396 5851 liccat
1432 5793 1562 5850 mihi
1595 5811 1691 5866 per
1737 5797 2034 5871 benignum

2165 4594 2289 4646 dem
2324 4608 2464 4647 sa'va
2495 4594 2701 4649 subacti
2730 4595 2798 4651 ab
2832 4611 2939 4650 uno
2960 4610 3025 4650 ex
3061 4596 3313 4651 Atmanis
3340 4590 3733 4650 successoribus

2158 4683 2463 4738 Mahomcte
2505 4687 2769 4753 secundo,
2814 4703 2957 4741 anno
2993 4686 3126 4741 Chr.
3170 4687 3337 4750 1453,
3379 4684 3732 4755 captivitatem

2158 4777 2483 4846 Babylonica
2542 4778 2856 4835 Judaeorum
2880 4796 2946 4836 eo
2992 4780 3316 4842 tristiorem,
3367 4778 3511 4849 quod
3549 4776 3730 4845 Cyrum

2157 4871 2362 4926 nullum
2391 4872 2482 4942 qui
2506 4888 2625 4927 eam
2667 4873 2846 4928 solvat
2890 4881 3233 4942 exspectant.
3269 4871 3524 4929 ducentis
3555 4868 3660 4939 jam
3686 4872 3731 4918 et

2153 4962 2298 5032 quod
2352 4965 2594 5017 excurrit
2655 4965 2814 5019 annis
2845 4963 3201 5020 infelicissimt
3260 4962 3493 5017 tolerant
3522 4999 3538 5023 ,
3585 4956 3729 5010 ﬁdem

2156 5055 2362 5125 ingenti
2410 5071 2512 5110 suo
2548 5057 2696 5110 luctu
2745 5056 3057 5112 sancientes
3090 5053 3365 5127 Sibyllini,
3413 5051 3556 5124 quod
3597 5058 3731 5101 tetu-

2154 5146 2337 5210 limus.
2373 5146 2607 5201 oraculi.

2222 5240 2335 5295 \‘ll.
2390 5241 2546 5311 Aliud
2597 5240 2666 5296 de
2712 5240 2799 5295 his
2840 5240 3107 5295 habemus
3158 5238 3463 5309 suspicioni
3512 5231 3727 5292 ﬁctionis

2151 5336 2375 5391 minimc
2403 5336 2699 5389 obnoxium
2727 5335 3068 5399 vaticinium,
3097 5335 3300 5405 quippe
3324 5333 3469 5404 quod
3497 5333 3547 5386 in
3585 5338 3726 5381 sacro

2150 5443 2203 5484 et
2240 5430 2509 5484 canonico
2570 5429 2708 5483 libro
2768 5430 3071 5484 clarissime
3118 5429 3363 5499 legatur,
3418 5418 3724 5496 Apocalypsi

2151 5523 2207 5574 ὃ.
2240 5521 2483 5575 Joannis.
2507 5521 2565 5574 lu
2589 5539 2649 5575 ca
2676 5519 2807 5575 Novi
2843 5521 3175 5575 Testamenti
3205 5518 3513 5591 prOphctia,
3551 5519 3725 5568 eventa

2149 5614 2552 5680 complectente
2590 5631 2684 5682 pra
2704 5616 2862 5683 cipua
2896 5629 3075 5668 rerum
3105 5628 3226 5683 quae
3258 5627 3288 5666 a
3330 5609 3531 5666 Christi
3559 5616 3722 5661 resur-

2147 5706 2396 5760 rectione
2447 5715 2500 5759 ct
2549 5707 2726 5774 prima
2787 5704 3108 5761 fundationc
3166 5701 3423 5757 Ecclesiae
3476 5698 3539 5752 ai
3600 5694 3724 5746 hanc

2148 5813 2318 5868 usque
2374 5798 2518 5854 diem
2585 5799 2676 5854 Dei
2739 5815 2962 5871 regnum
3014 5798 3314 5854 attinentcs
3374 5792 3720 5861 contigerunt.
