4036 6402
2920 332 2945 343 -κ

423 405 525 467 εει
800 384 804 389 “
1737 402 2012 468 cuneati

2112 402 2201 462 OG
2213 401 2391 463 ICUS
2438 469 2444 475 ε
2904 345 2928 399 ί
3604 390 3723 456 89οί

424 521 545 580 po-t
568 528 707 576 ,uam
732 517 1148 582 persecutiones
1167 518 1557 587 imperatorum
1580 519 1661 590 [P.
1683 519 1815 591 lilii]
1833 519 2027 572 adum-
2052 518 2099 576 Α
2127 514 2397 568 vocabulo
2422 510 2762 581 designatam
2787 507 3047 581 Cybelen,
3067 522 3189 580 quae
3217 503 3408 562 eadem
3451 503 3622 559 Tellus
3652 515 3710 561 et

428 603 593 656 litata:
628 616 751 657 sunt
783 621 812 660 a
846 622 895 662 c.
930 611 994 661 Ii
1017 611 1082 663 ad
1107 611 1195 672 ΞΟ,
1232 613 1285 664 in
1313 613 1417 666 hoc
1447 613 1555 681 jam
1591 628 1685 680 per
1713 612 2015 682 symbolum

403 697 754 766 .alligationis
813 699 1031 755 Satanae
1090 711 1307 773 tempus
1362 704 1493 759 illud
1541 705 1871 758 describitur
1910 717 2019 772 quo

425 788 821 845 Constantinus
861 833 877 857 ,
949 794 1097 848 victo
1163 805 1219 850 et
1286 798 1471 851 occiso
1534 797 1766 860 Licinio,
1805 795 2015 865 imperii

425 876 662 933 Remani
737 882 898 947 plene
966 896 1203 952 potens.
1288 887 1690 943 liberalissimis
1750 897 1805 943 et
1863 891 2015 959 quasi

431 970 857 1039 triumphalibus
955 975 1197 1033 edictis.
1241 980 1563 1050 religionem
1648 981 2015 1037 Christianam

427 1057 637 1112 studuit.
673 1074 894 1115 ornare.
954 1063 1063 1119 l-ta
1114 1065 1292 1121 edicta
1341 1069 1645 1124 recitantur
1704 1071 1775 1125 ab
1841 1070 2015 1125 Ense-

428 1147 539 1209 bio,
590 1150 687 1204 lib.
741 1168 779 1207 tt
833 1152 910 1207 De
947 1157 1051 1209 rita
1115 1155 1472 1225 Constantini,
1542 1175 1574 1215 a
1620 1176 1741 1232 cap.
1808 1161 1880 1217 25
1945 1162 2016 1217 ad

428 1239 520 1294 60.
584 1243 641 1295 In
705 1244 901 1300 hor-nm
963 1265 1072 1303 uno
1144 1250 1286 1320 (tria
1345 1254 1491 1307 enim
1547 1255 1755 1324 sunt),
1817 1272 2015 1327 nempe

426 1333 591 1402 833
625 1335 677 1388 in
703 1335 991 1407 Rescripta
1037 1342 1104 1396 ad
1160 1342 1485 1412 Eusebium,
1517 1361 1568 1401 c.
1603 1347 1674 1402 45
1711 1348 2012 1417 descripto,

429 1441 537 1491 quo
592 1427 894 1495 imperatur
924 1445 984 1487 ut
1017 1434 1267 1490 ecclesire
1310 1435 1752 1493 Christianorum
1812 1439 2015 1510 ubique

433 1527 655 1586 sumptu
705 1521 925 1590 publico
975 1525 1337 1592 aediﬁcentur,
1386 1529 1447 1583 ﬁt
1503 1531 1761 1586 distincta
1809 1533 2016 1588 mentio

431 1607 700 1673 draconis,
727 1626 888 1679 quem
934 1614 1027 1669 hic
1048 1615 1289 1673 Joannes
1335 1619 1561 1689 ligatum
1604 1631 1891 1676 memorat.
1924 1622 2015 1678 Sic

429 1700 574 1754 cnim
609 1701 716 1755 illic
746 1703 1147 1762 Constantinus
1175 1709 1421 1778 loquitur
1447 1727 1461 1765 :
1490 1713 1626 1766 Νυνὶ
1660 1714 1714 1767 δὲ
1747 1715 1845 1783 τῆς
1869 1700 2016 1770 ἕλευ-

432 1793 620 1862 θερίας
656 1797 1043 1869 ἀποδοοεέσης,
1076 1801 1171 1854 καὶ
1195 1802 1305 1868 ,τοῦ
1335 1803 1627 1873 δράκοντος
1661 1807 1875 1863 ἐκείνου
1904 1809 2012 1862 ἀπὸ

430 1885 527 1954 τῆς
568 1886 676 1938 τῶν
710 1889 908 1942 κοινῶν
943 1890 1270 1962 διοικήσεως
1295 1895 1391 1947 τοῦ
1434 1897 1571 1949 Θεοῦ
1600 1897 1694 1951 τοῦ
1749 1901 2010 1968 μεγίστου

433 1978 688 2046 προνοίᾳ,
726 1980 979 2052 ἡμετέρᾳ
1011 1981 1058 2034 δ’
1089 1984 1369 2058 ὑπηρεσίᾳ
1399 1987 1827 2059 ἐκδιωχθέντοςο
1852 1992 2012 2047 Nunc

431 2077 610 2121 autem
669 2069 915 2127 libertate
971 2077 1200 2144 reddita,
1247 2087 1295 2131 et
1325 2087 1553 2134 dracone
1582 2080 1675 2136 illo
1714 2082 2009 2151 (Licinium

434 2157 614 2211 innuit
648 2159 967 2218 idololatria:
1002 2169 1399 2237 promotorem)
1452 2170 1517 2224 ab
1552 2173 2013 2230 administratione

432 2268 608 2305 rerum
658 2252 753 2307 Dei
787 2258 1012 2311 ιιιααὶιηί
1039 2261 1371 2329 providentia
1407 2273 1459 2317 et
1491 2274 1668 2320 nostra
1718 2268 2011 2324 ministerio

430 2347 652 2416 deiecto.
686 2349 1048 2422 Contigerunt
1081 2355 1182 2410 ista
1223 2356 1366 2413 circa
1394 2357 1599 2414 Christi
1643 2376 1847 2417 annum
1881 2363 2011 2420 320.

430 2438 562 2494 Inde
592 2457 690 2510 per
711 2443 859 2498 mille
885 2460 1069 2501 annos
1088 2446 1143 2500 in
1160 2448 1317 2517 plena
1341 2452 1687 2520 possessione
1709 2454 1894 2511 liberae
1914 2450 2011 2528 pa-i
2063 2500 2069 2506 .

2122 604 2295 660 mater
2336 619 2552 675 magna,
2588 602 2733 672 apud
2787 611 3003 658 veteres
3041 600 3314 657 videmus.
3344 597 3502 653 Unde
3527 598 3709 663 inopes

2120 698 2411 753 defunctos
2442 697 2763 767 insepultos.
2792 696 2886 766 qui
2914 704 3060 751 terra
3111 700 3325 759 carent,
3360 689 3622 763 Virgilius
3653 690 3709 744 in

2118 807 2173 845 vr
2203 790 2333 844 zEn.
2366 798 2529 845 vocat
2562 790 2654 844 illo
2684 804 2847 844 versu
2882 805 2898 844 :

2124 922 2254 977 lltvc
2296 925 2465 976 omnis
2501 939 2661 992 quam
2706 921 2876 975 cernis
2923 920 3073 988 inops
3116 912 3708 1058 inltumataqueIttzrba

3538 999 3634 1048 es;

3538 999 3634 1048 est;

2117 1135 2173 1183 et
2201 1128 2474 1184 Ausonius
2500 1129 2556 1182 in
2609 1126 2836 1181 Mosella
2861 1127 2930 1182 de
2956 1125 3178 1180 ossibus
3220 1120 3617 1191 insepultorum
3651 1122 3706 1174 in

2115 1220 2291 1289 campi
2330 1220 2948 1289 superﬁciejaeentium
2979 1237 2999 1273 τ

2115 1311 2283 1385 834.
2313 1311 2623 1381 Inﬂetmque
2645 1313 2828 1383 jarent
2885 1314 3067 1380 inopes
3110 1327 3268 1381 super
3295 1328 3422 1365 arva
3460 1318 3706 1363 calerent.

2116 1403 2287 1474 Igitur
2334 1404 2600 1459 transitus
2657 1403 3138 1458 Ottomanidarum
3196 1402 3253 1456 in
3306 1403 3578 1471 Europam
3619 1398 3708 1453 his

2116 1495 2296 1550 verbis
2331 1494 2602 1548 innuitur.
2637 1493 2688 1547 Is
2713 1493 2950 1563 primum
2988 1490 3288 1562 contigisse
3319 1491 3389 1545 ab
3433 1489 3708 1543 Arabibus

2117 1586 2352 1644 traditur
2374 1600 2521 1639 anno
2552 1583 2763 1653 Ilegira:
2796 1584 2921 1649 758,
2966 1584 3060 1652 qui
3089 1597 3233 1653 pene
3264 1591 3420 1637 totus
3447 1579 3705 1637 coincidit

2117 1693 2242 1734 eum
2283 1692 2431 1731 anno
2468 1676 2675 1729 Christi
2708 1675 2872 1736 1357,
2904 1675 3108 1746 quippe
3142 1689 3268 1728 cum
3298 1673 3533 1742 creperit
3562 1688 3591 1726 a
3616 1672 3707 1726 die

2117 1770 2188 1824 25
2221 1769 2538 1823 Decembris
2571 1770 2699 1822 anni
2736 1769 2941 1821 Christi
2974 1767 3135 1822 1556.
3167 1767 3323 1821 Tune
3354 1766 3500 1820 enim
3546 1767 3704 1836 jussu

2045 1855 2087 1915 Β
2118 1860 2387 1919 Urchanis
2434 1862 2578 1916 illius
2608 1861 2775 1931 hujus
2814 1860 3122 1915 Solimanes
3171 1860 3417 1914 connexis
3467 1859 3705 1912 trabibus

2115 1955 2295 2022 copias
2347 1955 2403 2007 in
2453 1954 2715 2010 Grati-iant
2749 1953 2985 2022 trajecit,
3018 1964 3066 2006 et
3120 1969 3261 2006 anno
3299 1953 3535 2022 sequenti
3568 1952 3705 2022 cepit

2115 2046 2297 2099 urbem
2325 2044 2653 2111 Callipolim.
2698 2045 2871 2099 Verba
2910 2053 3040 2100 sunt
3073 2044 3481 2100 continuatoris
3532 2044 3705 2098 Abul-

2115 2137 2432 2207 pbaragiani
2465 2137 2748 2191 Cbroniei.
2781 2136 2936 2202 Quod
2965 2146 3145 2191 autem
3181 2150 3247 2190 ex
3285 2136 3409 2189 Asia
3441 2135 3496 2190 in
3531 2135 3706 2190 Euro-

2115 2246 2263 2300 pam,
2299 2246 2499 2300 nempe
2521 2229 3043 2298 septentrionalem,
3074 2229 3138 2281 ad
3162 2227 3469 2298 Callipolim
3494 2228 3709 2282 ascendi

2114 2322 2333 2387 dicitur,
2386 2330 2533 2377 recte
2572 2321 2808 2391 quadrat
2857 2320 2927 2376 ad
2979 2320 3286 2374 naturalem
3330 2319 3496 2375 situm
3529 2339 3543 2374 :
3578 2336 3706 2375 nam

2113 2431 2244 2473 vere
2273 2415 2426 2471 Maro
2458 2414 2683 2486 scripsit
2720 2431 2737 2471 :

431 2531 511 2586 cis
564 2532 709 2587 intra
748 2533 1043 2604 imperium
1096 2539 1407 2594 Romanum
1465 2542 1777 2600 Christiana
1820 2525 2011 2619 religio
2185 2546 2415 2619 Mundus
2434 2554 2491 2619 ut
2512 2545 2581 2599 ad
2609 2543 2877 2616 Scythiam
2916 2543 3230 2615 Ripwasqne
3254 2546 3453 2599 arduus
3486 2560 3631 2599 arces

430 2730 539 2784 quo
566 2725 835 2787 tempore,
862 2728 922 2774 ut
948 2720 1204 2791 vidimus,
1232 2725 1528 2782 Othmanes
1553 2729 1776 2786 exitiale
1803 2731 2008 2789 Christi

432 2805 681 2878 religioni
713 2808 965 2866 fundavit
990 2813 1305 2881 imperium,
1344 2816 1696 2874 ftetlissimam
1729 2822 2013 2878 Maltnme-

434 2898 501 2952 tis
544 2900 997 2968 superstitionem
1032 2904 1167 2959 orbe
1199 2905 1371 2960 ferme
1409 2916 1520 2962 toto
1563 2922 2008 2982 lropagatnrum,

430 3006 497 3045 ex
550 3008 655 3061 qua
707 3009 818 3047 non
867 2996 1053 3051 minus
1112 2998 1228 3052 fere
1284 2999 1378 3054 Dei
1422 3017 1590 3072 regno
1619 3004 2009 3062 detrimentum

429 3101 593 3153 quam
622 3100 686 3138 ex
720 3084 1092 3143 invalescante
1121 3105 1186 3145 ac
1233 3092 1463 3147 subnixa
1497 3094 1625 3147 olim
1668 3112 1856 3167 regum
1888 3099 2012 3168 opi-

430 3174 534 3227 bus
585 3173 893 3229 idololatria
948 3175 1157 3231 illatum
1225 3186 1329 3233 est.
1376 3180 1615 3237 Accessit
1665 3184 1808 3241 circa

430 3276 648 3336 tempus
700 3282 990 3339 emergens
1029 3268 1259 3324 Wicletii
1318 3271 1574 3339 haeresis,
1633 3275 1687 3327 in
1740 3276 2011 3332 Joannem

429 3358 629 3413 deinde
670 3358 804 3426 Ilus,
834 3359 1160 3424 Lutlterutn,
1220 3363 1506 3420 Calvinum
1545 3365 1788 3436 aliosque
1815 3385 2014 3438 propa-

429 3465 572 3527 gata.
601 3457 849 3526 Denique
871 3459 1018 3512 circa
1042 3458 1183 3512 idem
1221 3467 1438 3529 tempus
1469 3462 1676 3516 semina
1709 3474 1839 3520 sunt
1864 3465 2012 3531 jacta

433 3550 575 3621 longi
604 3550 916 3606 schismatis
948 3560 1072 3620 post
1101 3551 1309 3605 obitum
1338 3551 1586 3624 Gregorii
1620 3554 1688 3609 XI
1713 3572 1807 3624 per
1836 3572 2013 3613 annos

432 3658 598 3709 supra
635 3642 918 3713 sexaginta
971 3643 1233 3697 Romanae
1264 3643 1410 3697 sedis
1457 3647 1863 3711 auctoritatem,
1905 3664 2011 3718 qua

430 3738 659 3786 eatenus
711 3732 1099 3811 replesiasticm
1162 3733 1493 3789 tnonarcbite
1548 3737 1695 3790 salus
1750 3747 2009 3805 steterat,

430 3823 895 3894 perniciosissimo
926 3823 1329 3880 tabefactaturi.
1369 3824 1492 3881 llaec
1534 3827 1694 3882 simul
1746 3830 1846 3884 tria
1873 3831 2011 3886 mala

429 3916 720 3971 millesimo
767 3904 1017 3973 vertente
1069 3925 1195 3988 post
1232 3933 1418 3986 pacem
1453 3934 1482 3973 a
1532 3920 1896 3978 Constantino
1916 3925 2012 3978 da-

429 4016 538 4061 tam
571 4021 716 4064 anno
744 4009 1074 4073 exorientia,
1106 4009 1380 4066 solutione
1414 4012 1567 4080 prius
1599 4011 1746 4083 ligati
1797 4012 2012 4070 Satanae

425 4113 457 4152 a
488 4109 678 4155 sancto
700 4112 826 4155 vate
846 4102 1229 4172 designantur.
1254 4103 1306 4157 Id
1338 4119 1487 4168 vero,
1510 4106 1653 4174 quod
1675 4107 1740 4159 ad
1769 4118 2009 4163 nostram

426 4192 650 4261 proprie
707 4208 823 4247 rem
882 4192 1101 4255 attinet,
1136 4195 1401 4249 astruitur
1435 4213 1498 4249 ex
1557 4213 1625 4253 eo
1663 4200 1806 4267 quod
1848 4200 2011 4254 Turci

425 4284 756 4341 Oatomanici
779 4285 848 4339 ab
878 4286 1138 4341 omnibus
1165 4287 1437 4343 habentur
1463 4288 1692 4360 originis
1717 4290 2009 4362 Scythicae.

424 4377 641 4446 Scythae
665 4387 847 4432 autem
894 4395 958 4433 ex
985 4377 1176 4450 Magog
1208 4381 1451 4436 secundo
1496 4382 1605 4438 lilio
1632 4380 1849 4453 Japheti
1892 4400 2010 4439 me-

422 4478 638 4525 morato
660 4470 799 4525 Gen.
832 4486 884 4531 κ.
920 4471 974 4535 4,
1010 4470 1292 4544 propagati
1320 4472 1464 4527 haud
1491 4473 1657 4529 dubie
1686 4476 2008 4533 creduntur.

420 4563 573 4618 Idem
624 4577 791 4633 porro
837 4561 1027 4634 Magog
1061 4562 1176 4634 Gog
1199 4580 1417 4634 quoque
1449 4565 1632 4620 dictus
1673 4582 1773 4638 per
1804 4584 2007 4638 apoco-

424 4671 555 4725 pen,
609 4663 875 4725 occupata
937 4656 1168 4712 coloniis
1210 4657 1410 4729 Lydia,
1463 4657 1640 4732 Gyges
1694 4659 2006 4717 Graecorum

423 4748 623 4804 litteris
662 4749 974 4819 appellatus
1018 4748 1209 4803 fuerit.
1246 4751 1385 4805 Hinc
1417 4749 1648 4818 Plinius,
1680 4754 1718 4808 I.
1759 4771 1811 4820 v,
1841 4771 1890 4810 c.
1917 4756 2008 4820 ‘25,

424 4841 758 4910 Hierapolim
796 4842 969 4912 Syria»
1018 4841 1219 4897 dictam
1270 4856 1299 4895 a
1359 4841 1507 4912 Syris
1536 4843 1724 4915 Magog
1757 4854 2006 4910 testatur,

421 4933 683 4988 nimirum
721 4933 979 5004 quoniam
1007 4935 1318 4998 ea-civitas,
1367 4943 1427 4990 ut
1448 4936 1609 4992 docet
1648 4937 1923 4993 Lucianus
1955 4939 2013 4993 li-

422 5028 524 5081 bro
563 5025 784 5082 De-dea
829 5025 1014 5097 Syria,
1072 5040 1101 5081 a
1160 5024 1493 5083 Deucalione
1553 5027 1865 5085 Promethei
1894 5031 2010 5086 sive

422 5120 631 5190 Magogi
663 5131 758 5176 aut
788 5120 922 5191 (ἶοεί
958 5120 1090 5187 ﬁlio,
1139 5119 1466 5192 Scytharum
1498 5131 1746 5187 auctore,
1776 5126 1842 5179 sit
1878 5142 2011 5181 con-

423 5210 559 5266 dita.
593 5211 725 5276 Qua:
757 5211 843 5266 bis
868 5212 1119 5283 adjungit
1148 5211 1393 5268 Joannes
1421 5214 1488 5268 de
1515 5216 1652 5268 actis
1677 5216 1794 5284 Gog
1821 5227 1873 5270 σοι
1909 5220 2011 5273 Μει-

422 5319 528 5374 gog
556 5320 803 5375 magnam
839 5306 1040 5361 habent
1063 5321 1190 5360 cum
1218 5310 1454 5362 narratis
1480 5307 1550 5361 dc
1577 5310 1743 5378 gestis
1767 5309 2010 5366 Ottoma—

422 5395 676 5449 nieorum
734 5396 1042 5465 principum
1110 5399 1546 5454 similitudinem.
1618 5401 1862 5455 Primum
1930 5407 2008 5458 ait

424 5491 813 5558 congregandos
854 5491 917 5544 in
976 5494 1217 5560 prwlinm
1247 5531 1262 5553 .
1315 5510 1540 5563 quorum
1578 5510 1830 5550 numerus
1874 5498 2005 5551 sicut

418 5596 600 5634 arena:
624 5581 809 5645 maris,
840 5598 1054 5637 morum
1082 5584 1315 5639 istorum
1345 5587 1584 5641 innuens
1614 5589 2007 5644 numerosissi-

418 5688 542 5727 mos
582 5673 832 5727 armandi
856 5676 1155 5731 exercitus.
1200 5679 1366 5734 Addit
1402 5690 1451 5733 et
1484 5681 1830 5735 ascenderunt
1850 5698 2007 5749 super

414 5760 975 5823 lutitudinent‘terrtr.
1036 5770 1245 5838 Europa
1298 5772 1756 5843 originis'Graeca'.
1802 5790 2003 5827 nomen

416 5865 502 5913 est
537 5873 602 5912 ex
639 5857 797 5928 εὖρος
853 5860 1075 5918 latitatio
1109 5873 1163 5918 et
1220 5862 1306 5930 '09,
1346 5866 1477 5930 ὀπός
1510 5874 1651 5922 terra
1685 5882 1700 5922 .°
1732 5880 1859 5921 nam
1900 5866 2004 5922 hoc

431 2625 756 2692 pertnansit,
807 2643 1006 2696 nempe
1039 2645 1211 2700 usque
1254 2633 1321 2687 ad
1350 2648 1557 2689 annum
1593 2637 1796 2692 Christi
1849 2604 2011 2707 ιδὲο,

2187 2617 2492 2687 Consurgit,
2521 2624 2629 2671 etc.

2111 2750 2300 2821 Pergit
2330 2748 2416 2821 [P.
2453 2747 2585 2819 605]
2646 2762 2803 2801 sacer
2842 2755 2995 2802 vates
3046 2748 3354 2820 adjnngens
3406 2748 3474 2804 de
3499 2747 3614 2819 Gog
3649 2760 3707 2805 ct

2114 2840 2324 2911 Magog,
2359 2841 2465 2894 hoc
2488 2848 2573 2894 est
2602 2837 2800 2894 Turcis
2831 2837 3194 2894 Ottontanicis
3232 2859 3244 2893 :
3285 2839 3352 2893 Et
3384 2841 3702 2895 circuieram

2117 2944 2301 2986 castra
2326 2941 2649 2985 sanctorum.
2679 2930 2812 2987 Voci
2842 2942 3020 2983 castra
3052 2930 3108 2984 in
3159 2930 3465 3001 originibus
3501 2930 3705 2986 Grmcis

2115 3023 2413 3088 respondet
2449 3021 2774 3092 παρεμϐολή
2813 3021 2992 3076 locum
3017 3023 3350 3093 singularem
3382 3024 3699 3094 designans.

2113 3115 2227 3185 Ego
2261 3130 2355 3185 per
2384 3125 2560 3168 castra
2602 3122 2905 3167 sanctorum
2944 3122 3148 3168 terram
3200 3124 3444 3170 sanctam
3484 3124 3540 3170 et
3576 3113 3704 3169 Hie-

1866 3185 2011 3240 idem
2043 3194 2084 3251 ο
2118 3206 2443 3276 rosolymam
2479 3204 2747 3275 intelligo.
2783 3214 2861 3259 tot
2904 3202 3347 3260 Christianorum
3394 3204 3565 3260 sacris
3611 3221 3706 3261 ex-

2114 3296 2489 3368 peditionibus
2514 3304 2571 3350 et
2599 3296 2811 3351 bellicis
2847 3295 3188 3351 facinoribus
3210 3295 3491 3366 quaesitam
3524 3305 3580 3350 et
3610 3296 3704 3350 diu

2114 3404 2449 3460 possessam.
2477 3385 2629 3441 Hane
2649 3386 2996 3441 Ottomanica
3019 3387 3265 3456 potentia
3288 3386 3567 3441 cireutniit
3586 3388 3707 3441 tuo.

2115 3479 2343 3546 κλωσεν,
2379 3478 2531 3533 illinc
2556 3476 2816 3549 Egypto,
2846 3476 2975 3530 hinc
2992 3475 3121 3530 Asia
3148 3475 3364 3545 majori,
3386 3476 3510 3531 inde
3541 3476 3707 3531 Phoc-

2113 3570 2238 3625 nice
2266 3569 2557 3640 Cyproque
2586 3568 2893 3638 occupatis,
2926 3578 2985 3623 ut
3010 3567 3120 3637 jatn
3147 3583 3216 3622 ne
3254 3568 3395 3623 adiri
3423 3569 3640 3638 quidem
3672 3586 3704 3625 a

2114 3659 2342 3730 privatis
2375 3673 2538 3715 causa
2579 3659 2876 3731 religionis,
2899 3659 3004 3714 n'si
3034 3668 3220 3730 empto
3251 3660 3321 3715 ab
3349 3661 3402 3731 ip
3440 3661 3485 3715 is
3517 3671 3704 3715 trans-

2114 3750 2232 3812 itu,
2282 3750 2474 3820 possit.
2515 3750 2777 3805 Ultimum
2840 3748 3322 3804 Ottomanidarum
3376 3753 3589 3805 facinus
3646 3751 3704 3805 S.

2112 3842 2352 3897 Joannes
2383 3842 2468 3896 bis
2491 3842 2675 3898 verbis
2713 3840 2969 3910 exprimit
3000 3859 3014 3894 :
3052 3840 3118 3894 Et
3177 3842 3388 3911 capient
3439 3844 3701 3896 civitatem

2113 3933 2387 3989 dilectam.
2427 3934 2688 4000 Quantam
2729 3935 2844 3988 ltzec
2887 3933 3118 4004 intelligi
3173 3926 3348 4005 possit
3398 3935 3502 3988 alia
3543 3951 3706 4004 quam

2113 4027 2645 4098 Constantinopolis,
2706 4044 2735 4083 a
2771 4028 3085 4083 Multamete
3129 4030 3374 4083 secundo
3424 4046 3514 4084 an.
3569 4032 3702 4087 Cir.

2117 4122 2253 4176 1455
2284 4132 2611 4191 expugnata,
2639 4131 2695 4177 et
2731 4121 2801 4177 ab
2826 4121 2945 4192 ejus
2983 4122 3400 4177 successoribus
3439 4123 3707 4177 hactenus

2114 4231 2215 4286 pro
2242 4214 2458 4284 imperii
2488 4215 2818 4268 Ottomanici
2852 4215 3110 4284 primaria
3135 4215 3264 4269 sede
3302 4215 3524 4269 habita?
3563 4215 3707 4268 Dile-

2113 4316 2250 4360 ctam
2287 4315 2467 4370 vocat,
2492 4306 2623 4375 quia
2649 4322 2767 4360 eam
2791 4305 3052 4360 fundator
3082 4305 3477 4360 Constantinus
3502 4323 3611 4361 non
3648 4314 3706 4360 nt

2113 4401 2345 4474 patriam
2400 4400 2455 4454 in
2486 4416 2595 4470 qua
2626 4406 2773 4455 esset
2803 4409 2964 4454 natus
3017 4398 3303 4462 amaverit,
3337 4399 3433 4455 std
3467 4400 3703 4455 naturali

2040 4528 2089 4588 ι)
2115 4495 2224 4550 situ
2256 4503 2313 4549 et
2363 4492 2751 4563 praestantibus
2779 4493 2902 4560 ejus
2933 4491 3058 4547 caeli
3094 4507 3160 4548 ac
3208 4492 3310 4547 soli
3346 4493 3569 4547 dminus
3597 4510 3707 4563 pra:

2114 4584 2331 4641 cunctis
2355 4582 2620 4651 delegerit
2663 4593 2719 4636 et
2748 4580 3026 4643 dilexerit,
3065 4581 3251 4635 sedem
3286 4579 3339 4633 in
3372 4595 3435 4634 ea
3477 4578 3705 4634 Romani

2112 4674 2389 4729 collocans
2416 4670 2631 4740 imperii
2651 4677 2707 4725 et
2738 4670 2942 4724 veteris
2979 4669 3166 4723 Romae
3192 4669 3542 4738 splendorem
3578 4684 3704 4724 cum

2111 4784 2267 4823 nova:
2301 4767 2489 4821 Romae
2519 4765 2746 4819 nomine
2769 4763 2822 4818 in
2846 4779 2964 4818 eam
2998 4762 3352 4818 transferens.
3379 4762 3456 4817 Ita
3479 4771 3706 4831 utraque

2112 4869 2221 4915 tam
2268 4858 2487 4930 Sibyllae
2518 4872 2681 4927 quam
2716 4856 2773 4910 S.
2825 4841 3054 4910 Joannis
3103 4854 3393 4924 prophetia
3432 4854 3704 4908 excidium

2111 4952 2232 5006 urbi
2311 4948 2794 5019 Constantinopoli
2855 4965 2884 5002 a
2953 4948 3118 5002 domo
3179 4946 3526 5001 Ottomanica
3606 4948 3705 5002 de-

2111 5041 2375 5095 nuntiat:
2409 5040 2527 5094 hate
2579 5053 2710 5093 vero
2756 5037 2812 5091 id
2854 5036 2944 5090 illa
2987 5036 3108 5106 plus
3165 5035 3321 5095 facit.
3381 5044 3440 5089 ut
3489 5046 3706 5107 tentprl

2110 5132 2499 5187 invalcseentis
2563 5128 3045 5184 Ottomanidarum
3129 5128 3391 5198 potentia:
3449 5129 3704 5185 distincte

2109 5228 2323 5297 prodat.
2358 5226 2710 5280 millesimum
2733 5223 2945 5278 scilicet
2973 5238 3179 5278 annum
3212 5239 3241 5278 a
3276 5239 3409 5294 pace
3434 5240 3533 5295 per
3557 5223 3703 5280 Con-

2109 5321 2409 5376 smntinnm
2436 5318 2699 5373 Ecclesiis
2732 5317 2879 5371 data.

2183 5411 2447 5479 Deinceps
2472 5408 2632 5469 nihil,
2665 5408 2885 5477 opinor,
2920 5408 3328 5480 citronologiete
3355 5424 3536 5479 operae
3559 5409 3702 5464 circa

2107 5499 2459 5571 l’achytneris
2522 5498 2822 5554 Historiam
2870 5510 3125 5568 superest
3167 5499 3340 5571 aliud,
3375 5498 3481 5552 nisi
3520 5509 3580 5553 ut
3618 5515 3703 5555 res

2107 5590 2213 5646 bac
2252 5588 2494 5645 secunda
2530 5600 2685 5660 parte
2714 5589 2767 5644 in
2796 5606 2861 5646 ea
2892 5601 3245 5654 memoratas,
3286 5589 3431 5644 sicut
3456 5588 3512 5643 in
3535 5589 3702 5659 priori

2110 5674 2362 5746 rccimus,
2407 5681 2524 5736 suis
2577 5682 2737 5736 annis
2774 5680 3086 5752 assignatas
3113 5692 3169 5737 et
3202 5696 3478 5751 expensas
3531 5682 3584 5735 in
3627 5691 3696 5736 ta-

2107 5774 2291 5829 bulam
2326 5774 2516 5830 lectori
2561 5760 2976 5843 proponamus;
3030 5773 3118 5830 cui
3147 5773 3223 5829 rei
3277 5781 3703 5845 caputsequens

2110 5867 2294 5930 Opct‘ls
2324 5866 2576 5923 ultimum
2620 5863 3010 5933 impendimus.
