4016 6402
346 311 454 376 917

1452 315 1910 378 DESCRIPTIO
1947 317 2516 380 AUGUSTEONIS.

3487 327 3597 391 918

821 641 1675 776 ΓΕΩΡΓΙΟΥ
1757 643 2104 774 ΤΟΥ
2187 636 3133 777 ΠΑΧΥΜΕΡΗ
3233 811 3236 814 ,

1707 884 2245 972 ΕΚΦΡΑΣΙΣ

646 1075 1087 1250 ΤΟΥ
1219 1074 3036 1330 ΑΥΓΟΥΣΤΕΩΝΟΣ

675 1523 1652 1685 GEORGII
1829 1529 3302 1691 PACHYMEIUE

989 1815 1837 1932 DESCRIPTIO
1925 1816 2993 1937 AUGUSTEONIS.

1343 2037 1598 2100 (Bandurl,
1621 2035 1894 2102 Imperium
1922 2035 2174 2102 orientale,
2206 2047 2324 2089 tom.
2346 2039 2389 2100 Ι,
2417 2053 2468 2102 p.
2501 2039 2638 2103 1H.)

427 2343 502 2399 Τδ
535 2346 629 2398 τοῦ
671 2343 807 2396 Θεοῦ
853 2345 1160 2414 τέμενος,ή
1207 2342 1398 2411 Σοφία,
1433 2343 1658 2407 πολλαῖς
1703 2343 1806 2414 μὲν
1835 2343 1931 2396 καὶ

2107 2342 2400 2411 Templum
2457 2339 2576 2406 Dei,
2611 2340 2822 2413 Sophia
2871 2341 3106 2411 dictum,
3145 2345 3317 2401 multa
3359 2349 3621 2418 variaque

357 2437 724 2498 παντοδαπαῖς
749 2439 870 2498 ταῖς
921 2437 1072 2501 ἐντὸς
1108 2437 1380 2507 ὠράῖσται
1433 2439 1661 2507 χάρισι*
1708 2436 1934 2499 πολλαῖς

356 2531 414 2583 δέ
440 2531 627 2599 γε’καὶ
667 2534 786 2589 ταῖς
817 2531 972 2592 ἐκτὸς
1000 2530 1447 2583 κεκαλλώπισται
1470 2547 1484 2562 ο
1513 2531 1608 2583 καὶ
1632 2530 1838 2583 τούτων
1875 2531 1936 2581 τὸ

359 2623 568 2692 θαῦμα,
603 2627 854 2694 κρεῖττον
883 2622 914 2692 ἢ
947 2623 1128 2690 λέγειν
1149 2638 1162 2653 ·
1191 2623 1272 2675 ὅτι
1294 2625 1388 2676 καὶ
1420 2625 1546 2693 σιγῇ
1591 2622 1794 2690 μᾶλλόν
1819 2623 1934 2676 ἐστι

358 2717 469 2777 τοῖς
525 2717 691 2785 ὁρῶσι
747 2718 853 2767 τῶν
907 2713 1199 2783 θεαμάτων
1248 2715 1631 2784 κατατρυφᾷν,
1673 2713 1706 2782 ἢ
1756 2713 1937 2780 λόγοις

360 2806 618 2872 διεξιέναι
645 2807 714 2858 τὰ
756 2807 849 2859 καὶ
879 2805 1072 2874 λόγους
1101 2806 1300 2868 αὐτοὺς
1351 2805 1771 2873 ὑπερϐαίνοντα.
1802 2805 1937 2858 Οὐδὲ

359 2899 468 2968 γὰρ
511 2900 659 2964 arma
694 2900 854 2968 μόνον
891 2900 924 2970 ἢ
957 2899 1208 2969 δεύτερον
1238 2899 1270 2968 ἢ
1304 2898 1398 2950 καὶ
1440 2899 1758 2962 πλειστάκις
1786 2898 1935 2951 ἔστιν

366 2992 541 3043 ἰδόντα
571 2991 744 3043 ταῦτα
773 2991 867 3044 καὶ
898 2991 1016 3060 μεθ’
1052 2991 1358 3060 ὑπερϐολῆς
1400 2991 1774 3059 θαυμάσαντα,
1804 2992 1937 3058 ἀγα-

362 3087 470 3154 πᾷν
503 3099 514 3110 ·
548 3083 662 3136 ἀλλ’
695 3085 818 3136 ὅσον
850 3083 914 3136 ἄν
943 3101 1026 3145 τις
1050 3083 1142 3136 καὶ
1164 3082 1375 3152 βλέποι,
1407 3085 1606 3154 μᾶλλον
1630 3083 1936 3153 θαυμάζει·

359 3180 451 3231 καὶ
501 3177 626 3230 τότε
659 3179 876 3246 πρῶτον
926 3179 1057 3247 όρᾷν
1108 3178 1345 3246 ἡγεῖται,
1391 3178 1480 3230 ὅτε
1508 3178 1603 3230 καὶ
1651 3177 1939 3248 παραστὰς

359 3273 602 3342 ἐντρυφᾷ
633 3273 746 3334 τοῖς
771 3271 1060 3341 θεάμασιν,
1095 3273 1144 3324 εί
1171 3272 1266 3326 καὶ
1309 3270 1574 3334 πολλάκις
1599 3265 1708 3324 εἶδέ
1749 3287 1810 3324 τε
1843 3271 1940 3324 καὶ

358 3362 699 3433 τεθαύμακε.
747 3364 882 3434 Περὶ
909 3363 1042 3432 γοῦν
1089 3364 1282 3417 τούτου
1314 3365 1470 3417 τόσον
1506 3364 1696 3433 ἀπέχω
1735 3363 1937 3431 λέγειν,

359 3455 485 3506 ὅσον
519 3457 614 3508 καὶ
660 3455 972 3523 ἄφθεγκτον
996 3456 1192 3518 κάλλος
1226 3455 1469 3525 ἠγοῦμαι
1516 3458 1676 3509 τοῦτο
1706 3457 1800 3508 καὶ
1834 3474 1940 3526 μυ-

363 3548 578 3600 στικόν·
617 3548 714 3600 καὶ
742 3549 771 3601 ὃ
820 3547 940 3618 Θεῷ
994 3548 1141 3619 μόνῳ
1183 3548 1406 3619 πρέπει,
1462 3547 1622 3602 τοῦτο
1670 3549 1941 3618 δευτέρως

358 3637 483 3691 κατ’
504 3639 746 3708 ἐμαυτὸν
769 3640 914 3708 ἔχειν
946 3639 1206 3702 πιστεύω,
1233 3640 1294 3691 τὸ
1319 3640 1462 3692 θεῖον
1486 3639 1644 3692 τοῦτο
1671 3640 1764 3692 καὶ
1798 3639 1942 3710 ἱερὸν

361 3734 630 3802 σκήνωμα
653 3748 668 3764 ⁸
695 3733 770 3796 ὡς
799 3733 961 3803 εἰπερ
990 3734 1138 3786 ἐστὶν
1161 3734 1219 3785 ὲν
1245 3733 1642 3802 χειροποιήτοις
1669 3735 1816 3796 ναοῖς
1846 3750 1946 3786 κα-

363 3826 564 3879 τοικεῖν
613 3826 705 3876 τὸν
757 3825 913 3886 Θεὸν,
967 3824 1154 3878 τοῦτον
1208 3819 1352 3878 εἶναι
1405 3826 1503 3878 καὶ
1564 3825 1728 3892 μόνον
1779 3824 1944 3878 αὑτὸν

366 3917 621 3970 ἁπάντων
649 3916 756 3968 τῶν
807 3915 912 3968 ὑπὸ
961 3915 1133 3985 ἥλιον.
1178 3917 1274 3968 Ὃν
1320 3915 1365 3968 δ’
1418 3914 1534 3967 ἐστι
1593 3913 1811 3985 βλέπειν
1860 3913 1946 3967 ἐπ’

365 4010 630 4080 ἀριστερᾷ
660 4009 752 4062 τὸν
778 4007 913 4062 νεὼν
943 4007 1204 4060 εἰσιοῦσιν
1235 4006 1296 4071 ἐξ
1327 4007 1584 4077 ἁρμογῆς
1605 4007 1770 4061 λίθων
1796 4007 1946 4062 ἱστά-

368 4119 528 4170 μενον
561 4102 738 4165 κίονα,
763 4102 857 4154 καὶ
880 4101 970 4151 τὸν
999 4100 1086 4151 ἐπ’
1109 4097 1275 4152 αὐτοῦ
1302 4097 1614 4167 ἀνδριάντα,
1645 4099 1948 4168 τολμητέον

361 4195 544 4247 δοῦναι
578 4196 690 4257 τοῖς
734 4193 936 4260 λόγοις,
984 4194 1079 4246 καὶ
1126 4191 1300 4244 ταῦτα
1351 4190 1821 4262 παραστῆσαι,τῷ
1859 4191 1936 4260 μὴ

363 4289 544 4352 ἰδόντι,
578 4286 809 4339 καθόσον
839 4281 949 4338 οἷόν
975 4302 1054 4338 τε.
1087 4285 1240 4353 Ἔχει
1273 4285 1379 4354 γὰρ
1409 4277 1511 4338 ὧδέ
1553 4303 1653 4355 πη,
1685 4285 1761 4347 ὡς
1789 4286 1819 4338 ὁ
1847 4285 1936 4338 λό-

361 4397 456 4450 γος
486 4380 764 4444 διέξεισιν.

437 4561 654 4618 Αὐλεὼν
683 4561 742 4626 ὲξ
775 4562 1004 4631 ἀρχαίου
1041 4561 1119 4633 τῷ
1160 4561 1290 4631 θείῳ
1316 4561 1490 4632 τούτῳ
1519 4563 1624 4630 νεῷ
1655 4563 1940 4634 οίκοδομή-

367 4675 500 4727 μασι
529 4655 808 4725 δημοσίοις
837 4655 1298 4723 περιτετείχισται
1319 4669 1336 4687 ο
1372 4648 1433 4706 οὗ
1471 4654 1635 4723 μέσον
1665 4655 1693 4706 ὁ
1724 4655 1940 4722 Αὐγουο

365 4749 534 4803 στεὼν
578 4749 831 4802 ἵσταται·
863 4749 959 4802 καὶ
1013 4747 1160 4800 ἔστιν
1203 4739 1376 4813 οὗτος,
1405 4746 1721 4812 Αὐγούστου
1768 4747 1942 4817 στήλη

373 4842 776 4906 Ἰουστινιανοῦ,
808 4843 887 4906 είς
923 4841 1086 4911 τιμὴν
1131 4841 1322 4912 ἐκείνῳ
1358 4841 1635 4905 σταθεῖσα,
1671 4841 1799 4912 ἄρτι
1829 4841 1939 4896 τῶν

360 4935 502 4988 κατὰ
535 4935 762 5005 Περσῶν
796 4937 976 4988 πόνων
1021 4933 1460 5003 ὑπανακύψαντι.
1502 4936 1712 5004 Βάθρον
1740 4937 1803 4988 ὲκ
1832 4935 1939 5004 γῆς

436 5070 512 5138 (Η
544 5072 879 5138 Ἔκφρασις
917 5070 1023 5125 τοῦ
1057 5069 1544 5140 Αὐγουστεῶνος.
1600 5072 1933 5136 Augustenm

359 5140 751 5208 amplissimum
808 5142 1000 5194 :ttriutn
1041 5143 1157 5202 fuit,
1186 5142 1479 5207 porticibus
1514 5141 1933 5200 circumdatum,

360 5228 424 5265 ac
456 5211 702 5263 vestibuli
727 5212 894 5264 vicem
925 5211 1172 5277 prarstilit
1195 5211 1397 5276 Magnae
1426 5211 1693 5265 Ecclesiae.
1731 5209 1802 5260 De
1826 5212 1937 5263 Au-

363 5292 625 5349 gusteone
671 5296 760 5333 seu
788 5283 855 5333 de
898 5283 1146 5334 columna
1195 5290 1247 5333 et
1288 5292 1464 5335 statua
1496 5283 1730 5349 equestri
1765 5279 1931 5333 Justi-

363 5351 510 5403 niani
569 5351 859 5422 loquuntur
908 5355 1221 5422 Anonytnus
1261 5361 1461 5422 poster
1505 5352 1580 5422 [in
1630 5350 1936 5416 Patrologia

365 5429 500 5492 tuin.
555 5419 742 5492 CXXII
777 5461 790 5482 ,
849 5432 962 5487 post
1024 5419 1315 5492 Psellum];
1368 5419 1605 5474 Zonaras
1653 5438 1774 5490 pag.
1820 5422 1931 5482 5‘2,

365 5488 614 5559 Zozitnus
647 5491 738 5543 lib.
775 5507 835 5552 ll,
872 5503 925 5541 et
955 5493 1234 5545 Ceztrenus
1261 5488 1376 5559 _qui
1422 5492 1624 5553 subdit,
1656 5488 1808 5543 hanc
1853 5507 1948 5544 co-

364 5557 599 5612 lumnam
649 5576 713 5613 ex
743 5562 936 5624 tegnlis
962 5564 1118 5614 :ereis
1142 5557 1390 5625 Cltzdt-es,
1423 5577 1545 5615 cum
1589 5562 1642 5614 in
1677 5561 1945 5616 seditione

371 5629 786 5682 Victoriatornm
805 5633 1213 5699 conflagrasset,
1242 5630 1542 5684 confectam
1572 5646 1692 5686 esse
1717 5630 1817 5699 :W'O
1847 5648 1947 5684 πε-

368 5699 422 5767 ρὶ
468 5699 631 5751 αὑτὸν
667 5699 946 5770 τὸνκίονα
994 5698 1200 5769 ίχαλκὸς
1241 5701 1408 5764 ἆπας,
1440 5701 1688 5769 κέραμος
1725 5698 1793 5770 ἦν
1822 5702 1940 5754 διά-

364 5785 568 5838 χρυσος
597 5771 696 5839 τὴν
733 5769 941 5822 εἴσοδον
977 5771 1069 5822 τοῦ
1092 5770 1359 5824 παλατίου
1394 5769 1812 5825 Κωνσταντίνου
1839 5771 1930 5824 τοῦ

2039 2435 2188 2519 intus
2211 2442 2444 2488 ornatur
2481 2433 2938 2504 pulchritudine;
2970 2437 3163 2493 multis
3189 2438 3322 2493 item
3345 2441 3622 2495 extrinse-

2039 2543 2138 2582 cus
2187 2527 2356 2597 fulget
2411 2529 2810 2583 ornamentis:
2857 2543 2980 2598 quae
3033 2529 3107 2584 ita
3161 2531 3438 2587 mirabilia
3491 2542 3622 2588 sun‘.

2039 2628 2100 2673 ut
2141 2635 2370 2688 prorsus
2399 2619 2648 2674 enarrari
2693 2630 2995 2690 nequeant.
3055 2621 3248 2676 Tantis
3294 2623 3441 2678 enim
3494 2641 3620 2694 spe-

2039 2709 2270 2763 ctaculis
2297 2709 2428 2764 licet
2460 2709 2646 2779 potius
2681 2725 2807 2764 cum
2837 2712 3061 2766 silentio
3109 2712 3238 2778 frui,
3282 2730 3446 2783 quam
3495 2731 3622 2770 ver-

2039 2802 2126 2857 bis
2151 2817 2214 2856 ea
2235 2817 2540 2867 recensere,
2558 2817 2678 2872 quae
2694 2818 2912 2859 omnem
2931 2819 3245 2859 sermonem
3261 2820 3619 2875 exsuperant.

2039 2895 2230 2967 Neque
2275 2898 2424 2953 enim
2460 2899 2656 2960 semel.
2694 2907 2791 2954 aut
2837 2900 2943 2962 bis,
2983 2909 3079 2953 aut
3132 2900 3341 2970 pluries
3376 2899 3494 2956 haec
3532 2902 3621 2954 vi-

2041 2989 2260 3045 dentem
2291 3003 2484 3059 stupor
2508 3006 2634 3045 cum
2663 2991 2944 3059 voluptate
2981 2993 3317 3060 conjunctus
3345 3001 3580 3059 occupat
3605 3009 3619 3056 ;

2044 3083 2142 3138 sed
2183 3093 2392 3152 quanto
2430 3085 2605 3153 magis
2641 3083 2914 3149 intuetur,
2949 3092 3104 3138 tanto
3149 3084 3344 3154 majori
3380 3083 3624 3137 admira-

2047 3175 2198 3230 tione
2238 3175 2456 3245 capitur
2494 3190 2508 3227 :
2547 3188 2611 3228 ac
2640 3174 2774 3229 licet
2824 3175 3151 3244 plerumque
3183 3174 3384 3229 viderit
3415 3184 3473 3230 et
3509 3176 3624 3228 mi-

2041 3278 2196 3321 ratus
2229 3267 2322 3330 sit,
2354 3279 2488 3321 tunc
2517 3282 2575 3320 se
2607 3266 2845 3335 primum
2878 3266 3066 3320 videre
3096 3275 3254 3336 putat
3282 3281 3409 3321 cum
3441 3267 3627 3321 denuo

2043 3363 2313 3418 accedens
2343 3372 2422 3417 tot
2451 3363 2798 3420 mirabilibus
2829 3362 3161 3417 delectatur.
3197 3363 3272 3417 De
3306 3363 3401 3417 illo
3432 3373 3622 3432 Itaque

2043 3457 2316 3512 disserere
2363 3472 2431 3510 eo
2485 3455 2658 3524 magis
2693 3455 2966 3519 abstineo,
3001 3455 3147 3524 quod
3182 3455 3618 3510 inenarrabilem

2043 3559 2179 3621 puto
2229 3549 2486 3603 decorem
2522 3547 2676 3601 illum
2713 3548 3029 3619 mysticum,
3075 3547 3169 3614 qui
3205 3547 3300 3601 uni
3337 3547 3447 3601 Deo
3476 3562 3628 3602 com-

2046 3641 2185 3710 petit
2241 3657 2254 3694 :
2308 3655 2434 3693 nam
2485 3639 2734 3693 divinum
2769 3649 2826 3694 et
2859 3654 3074 3694 sacrum
3109 3639 3244 3693 illud
3296 3638 3628 3694 tabernacu-

2045 3733 2182 3798 lum,
2238 3733 2512 3788 secundas
2564 3733 2668 3788 hac
2719 3733 2776 3786 in
2829 3741 2984 3801 parte
3039 3731 3293 3786 obtinere
3346 3731 3624 3786 existima.

2048 3824 2205 3891 Quod
2246 3824 2289 3879 si
2329 3823 2448 3879 ﬁeri
2498 3834 2684 3894 posset
2719 3835 2777 3878 ut
2837 3824 2983 3878 Deus
3014 3823 3071 3878 in
3114 3824 3446 3880 manulactis
3489 3835 3627 3878 tem-

2041 3914 2158 3986 plis
2212 3913 2510 3978 habitaret,
2564 3914 2668 3968 hoc
2697 3914 2814 3968 fore
2867 3924 3000 3984 puto
3053 3915 3157 3969 sub
3207 3916 3322 3970 sole
3368 3932 3536 3970 unum
3574 3918 3630 3969 in

2051 4021 2164 4076 quo
2212 4017 2552 4061 versaretur.
2597 4008 2879 4062 Audaci-us
2913 4015 3097 4062 tamen
3127 4008 3444 4064 columnam
3479 4010 3629 4064 illam

2055 4115 2183 4156 cum
2233 4099 2487 4168 imposita
2517 4109 2698 4153 statua
2731 4099 3050 4154 describere
3083 4103 3390 4170 aggrediar,
3420 4119 3544 4171 quae
3570 4103 3626 4155 in

2047 4191 2316 4262 templum
2380 4192 2718 4246 intrantibus
2773 4193 2838 4244 ad
2895 4191 3084 4244 laevam
3141 4193 3364 4254 visitur,
3429 4193 3633 4263 lapillis

2045 4285 2188 4340 mira
2232 4293 2350 4338 arte
2394 4283 2696 4353 compactis
2731 4283 2950 4345 vestita,
3001 4292 3062 4337 ut
3097 4285 3163 4338 iis
3203 4286 3295 4354 qui
3333 4300 3439 4338 non
3480 4285 3634 4340 vide-

2052 4380 2166 4433 rint
2212 4394 2312 4447 pro
2356 4377 2614 4432 facultate
2641 4375 2954 4446 depingam.
2990 4377 3067 4432 lta
3109 4393 3242 4432 vero
3286 4393 3344 4432 se
3377 4378 3544 4432 habet
3575 4391 3632 4433 ut

2049 4473 2141 4526 hic
2170 4481 2476 4526 enarratur.

2123 4563 2339 4617 Atrium
2388 4561 2555 4630 hujus
2582 4559 2760 4614 divini
2812 4561 3004 4630 templi
3039 4561 3108 4615 ab
3137 4563 3367 4632 antiquo
3401 4563 3635 4631 publicis

2052 4655 2306 4711 aedificiis
2330 4655 2809 4726 circumcingitur,
2837 4655 2891 4709 in
2920 4656 3077 4726 cujus
3105 4656 3286 4712 medio
3312 4658 3634 4728 Augusteon

2053 4749 2311 4817 erigitur,
2375 4746 2480 4802 hoc
2529 4755 2636 4813 est,
2689 4757 2871 4802 statua
2925 4747 3228 4803 Iustiniani
3287 4748 3520 4819 Augusti
3578 4750 3634 4804 in

2049 4841 2168 4910 ejus
2216 4841 2481 4896 honorem
2521 4849 2652 4894 tunc
2691 4850 2898 4904 erecta,
2951 4855 3076 4894 cum
3126 4841 3332 4896 Persici
3371 4841 3495 4896 belli
3551 4842 3636 4896 la-

2051 4934 2288 4989 boribus
2323 4933 2651 5004 perfunctus
2679 4947 2938 4987 reversus
2969 4941 3056 4987 est
3088 4950 3101 4986 :
3137 4932 3292 4987 Basis
3323 4941 3505 4986 autem
3538 4948 3634 4986 co-

2050 5072 2286 5140 μεγάλου
2328 5070 2594 5136 βασιλέως
2622 5071 3032 5131 ἐπικαλύπτων,
3065 5070 3188 5140 ἥτις
3227 5069 3321 5122 καὶ
3350 5069 3512 5138 μέχρι
3536 5073 3630 5123 τοῦ

2045 5141 2139 5193 νῦν
2170 5143 2363 5210 Χαλκῆ
2401 5140 2897 5210 προσαγορεύεται.
2923 5140 3022 5193 ΛΕδ
3057 5151 3232 5193 autem
3278 5157 3449 5200 omne,
3492 5144 3630 5204 quod

2044 5213 2187 5263 circa
2215 5211 2514 5263 columnam
2547 5221 2644 5266 est.
2681 5212 2857 5276 tegula
2891 5211 2992 5276 fuit
3029 5212 3299 5266 inaurata.
3337 5211 3632 5278 ingressum

2043 5281 2230 5346 palatii
2259 5281 2596 5335 Constantini
2627 5279 2807 5347 Magni
2842 5283 3175 5346 imperatmis
3212 5292 3511 5346 contegens.
3543 5283 3634 5349 qui

2043 5367 2206 5420 usque
2229 5367 2363 5403 nunc
2388 5349 2580 5420 Qltalce
2603 5352 2920 5416 appellatur.
2941 5351 3207 5405 Caeterum
3240 5352 3376 5402 hanc
3401 5360 3630 5402 statuant

2043 5419 2352 5487 equestrem
2405 5419 2698 5474 Justiniani
2762 5423 3018 5488 graphice
3073 5423 3296 5474 Omnino
3344 5420 3682 5489 descripsit.

2058 5490 2352 5559 Procopius
2377 5491 2468 5545 lib.
2503 5506 2518 5543 ι
2553 5489 2626 5542 De
2659 5491 2834 5558 σπη’..
2866 5506 2990 5560 cap.
3030 5493 3116 5549 ll.
3154 5507 3216 5543 ex
3248 5505 3444 5560 eoque,
3472 5490 3636 5556 quid-

2055 5561 2183 5628 quid
2231 5563 2282 5616 in
2312 5564 2449 5614 hanc
2481 5577 2592 5613 rem
2643 5561 2844 5614 habent
2886 5559 3067 5615 caeteri
3095 5563 3407 5624 scriptores,
3437 5559 3638 5610 ίιιιηςτει

2052 5642 2204 5685 runt.
2232 5634 2364 5698 Quae
2395 5630 2640 5698 Procopii
2691 5631 2984 5696 descriptio
3021 5648 3141 5685 cum
3174 5632 3244 5683 sit
3274 5628 3607 5698 lmtgittscltlzt

2047 5710 2102 5753 et
2124 5697 2366 5766 ejusdem
2389 5700 2508 5756 libri
2543 5699 2718 5753 facilis
2740 5701 2935 5771 cuique
2961 5704 3140 5770 copia,
3161 5701 3460 5757 consulto-3
3483 5697 3637 5752 nobis

2047 5771 2340 5828 omittitur.
