4016 6430
349 348 455 411 θῖθ

1550 360 1875 420 GEORGII
1918 360 2401 422 PACHYMER/E

3518 364 3633 430 920

341 463 547 518 lumnae
584 478 615 517 a
659 473 806 519 terra
847 466 1120 538 exsurgit,
1168 478 1380 539 septem
1399 486 1464 524 ex
1497 485 1774 525 marmore
1808 471 1933 525 albo

2042 475 2302 547 ὑπανέχει
2336 479 2429 530 τὸν
2470 476 2646 531 κίονα.
2684 477 2759 530 Τὸ
2784 476 2842 531 δὲ
2884 476 3108 549 βάθρον,
3160 478 3428 549 κλίμακες
3458 483 3630 553 μέχρι

346 556 610 624 gradibus
641 551 917 615 instructa
945 576 959 616 :
994 560 1014 631 (
1039 576 1228 615 verum
1263 571 1377 616 tres
1408 561 1700 617 inferiores
1730 562 1935 634 gradus

346 648 551 717 injuria
586 658 899 719 temporum
939 652 997 707 in
1045 661 1250 708 terram
1280 654 1531 724 depressi
1565 656 1758 723 sunt;)
1808 672 1934 725 gra-

345 740 451 793 dus
480 756 663 796 autem
696 742 930 798 inferius
959 744 1206 810 latiores,
1238 747 1590 816 angustiores
1631 748 1929 817 superius:

343 848 528 902 neque
565 835 635 888 ab
666 850 777 889 uno
807 835 1010 900 solum,
1048 836 1146 891 sed
1181 852 1211 891 a
1246 848 1488 907 quatuor
1517 839 1810 905 lateribus,
1845 854 1934 894 se-

343 926 589 980 cundum
650 928 1020 999 quadranguli
1074 929 1306 1001 figuram
1363 931 1568 1000 gradus
1629 930 1930 995 habentur,

342 1018 549 1085 quibus
580 1019 843 1077 adscendi
897 1030 1101 1091 potest,
1151 1022 1331 1077 donec
1365 1022 1431 1077 ad
1465 1024 1686 1093 planum
1728 1038 1931 1093 perve-

343 1109 583 1166 niatur:
637 1122 695 1167 et
746 1113 1016 1168 hactenus
1069 1115 1294 1185 quidem
1339 1114 1565 1185 planum
1620 1126 1790 1183 esset,
1820 1116 1930 1171 nisi

343 1203 646 1271 quodpiam
708 1206 835 1260 istic
883 1207 1184 1264 aediﬁcium
1238 1224 1305 1263 ex
1360 1209 1631 1265 lateribus
1683 1218 1739 1263 et
1776 1209 1929 1265 calce

344 1307 730 1353 constructum
768 1299 986 1364 fuisset,
1016 1313 1257 1371 quatuor
1286 1302 1671 1357 columnarum
1699 1302 1755 1357 in
1799 1303 1934 1358 toti-

342 1388 469 1441 clem
517 1390 735 1459 angulis
780 1401 1139 1460 conspectum
1172 1395 1495 1463 praeferens,
1531 1395 1635 1449 etsi
1672 1408 1802 1449 vere
1835 1410 1932 1450 co-

2037 569 2134 622 καὶ
2182 571 2239 633 ἐς
2265 570 2408 623 ἑπτά
2456 569 2729 641 βαθμίδος
2779 570 2980 639 λευκῆς
3013 571 3309 641 μαρμάρου
3357 572 3635 637 ἀνῳκοδό-

2040 681 2242 733 μηνται
2276 664 2367 732 (τὰ
2397 664 2454 717 δὲ
2478 664 2626 718 κάτω
2649 663 2759 716 τῶν
2787 662 3088 733 βαθμίδων,
3122 664 3287 736 μέχρι
3318 665 3414 718 καὶ
3441 667 3497 728 ὲς
3525 668 3633 730 τὰς

2035 758 2206 825 τρεῖς,
2256 754 2401 810 οὕτω
2430 755 2523 809 τοῦ
2554 756 2753 828 χρόνου
2802 755 3281 826 καινοτομοῦντος,
3328 760 3481 811 κάτω
3520 759 3634 827 γῆς

2035 845 2445 916 κατωρύχαται)
2472 847 2584 899 ἀπὸ
2627 846 2859 910 πλατέος
2894 846 2990 900 τοῦ
3015 845 3170 900 κάτω
3200 847 3284 910 είς
3314 847 3503 900 στενὸν
3534 847 3636 917 λή-

2034 953 2229 1005 γουσαι
2256 954 2272 970 ο
2300 938 2439 1008 πλὴν
2480 938 2578 992 οὐκ
2610 938 2704 1008 ἀφ’
2743 937 2864 999 ἑνὸς
2906 938 3133 1010 μέρους.
3166 938 3305 993 ἀλλά
3351 941 3636 1011 πανταχό-

2036 1030 2128 1084 θεν
2178 1030 2327 1084 κατά
2366 1034 2555 1103 σχῆμα
2606 1034 2990 1102 τετράγωνονο
3020 1033 3096 1096 ὡς
3140 1031 3463 1088 ἀναϐαίνειν
3521 1035 3634 1104 μὲν

2035 1123 2304 1189 κάτωθεν,
2333 1124 2534 1178 ὁπόθεν
2557 1142 2642 1188 τις
2669 1124 2913 1195 βούλοιτο
2932 1143 2947 1161 ι
2982 1120 3103 1178 εἶτα
3136 1125 3194 1179 δὲ
3239 1127 3517 1197 καταντᾷν
3544 1126 3636 1188 είς

2034 1214 2400 1285 ἀγχώμαλονο
2450 1214 2552 1268 κᾶν
2590 1211 2658 1285 ἦν
2702 1216 2796 1268 καί
2860 1215 2990 1268 ίδεῖν
3042 1212 3300 1267 ἐπίπεδον
3346 1212 3509 1267 τοῦτο
3558 1213 3636 1266 δι’

2033 1309 2178 1372 ὅλου,
2214 1310 2263 1362 εί
2306 1310 2380 1380 μή
2417 1326 2471 1361 τι
2520 1309 2607 1361 ἐπ’
2641 1307 2811 1363 αὐτοῦ
2855 1307 2915 1373 ἐξ
2941 1306 3118 1377 ὀπτῆς
3155 1306 3384 1361 πλίνθου
3429 1323 3489 1360 τε
3530 1308 3635 1361 καὶ⁵

2033 1400 2254 1455 τιτάνου
2292 1399 2639 1470 οίκοδόμημα
2682 1398 3117 1462 κατεσκεύαστο,
3156 1397 3382 1469 τετράσι
3419 1399 3518 1467 μὲν
3549 1397 3633 1461 ὡς

346 1480 548 1536 limina:
585 1499 692 1536 non
741 1484 872 1549 sint,
918 1486 1013 1539 sed
1049 1485 1436 1542 columnarum
1472 1488 1712 1556 speciem
1749 1489 1934 1543 solum

2039 1494 2171 1549 ίδεῖν
2210 1492 2354 1548 κατά
2386 1494 2592 1562 γωνίας
2649 1492 2914 1556 τάςιίσας
2938 1492 3106 1545 Δκίοσι
3155 1491 3534 1559 συνεχόμενον,
3561 1490 3627 1542 οὗ

341 1585 748 1640 repraesentem
779 1592 796 1628 :
824 1591 950 1631 nam
1004 1578 1061 1632 in
1111 1577 1408 1647 superﬁcie
1454 1593 1801 1633 marmorum
1849 1588 1934 1634 ta-

2039 1585 2148 1658 μήν
2175 1585 2231 1639 δὲ
2264 1583 2359 1638 καὶ
2409 1583 2589 1637 κίοσιν
2628 1581 2913 1653 ἄντικρυς,
2946 1580 3088 1648 πλὴν
3121 1579 3246 1634 ὅσον
3300 1578 3463 1631 ίδεῖνσ
3496 1578 3626 1629 ἑπι-

341 1665 486 1722 bulm
537 1668 890 1739 adaptantur,
933 1687 1056 1741 qua:
1114 1672 1268 1729 intus
1318 1672 1683 1743 pyromachas
1721 1672 1931 1743 lapides

2039 1677 2209 1749 πολῆς
2263 1676 2376 1748 γὰρ
2432 1675 2642 1739 πλάκες
2695 1675 3006 1746 μαρμάρων
3059 1669 3456 1741 ὲξυφασμέναι,
3492 1668 3629 1731 τοὺς

344 1770 683 1833 contegunt;
718 1772 780 1817 ut
829 1778 896 1818 ex
935 1780 1068 1829 uno,
1118 1765 1212 1835 qui
1265 1780 1365 1841 per
1419 1775 1640 1835 tempus
1687 1765 1933 1821 tabulam

2039 1771 2187 1834 ὲντὸς
2211 1771 2541 1840 πυρομάχας
2570 1768 2751 1830 λίθους
2775 1764 3241 1837 συγκρύπτουσιν,
3265 1762 3344 1825 ὡς
3369 1761 3394 1814 ἔ
3404 1778 3491 1814 στι
3516 1777 3633 1830 μα-

342 1851 549 1916 amisit,
601 1852 853 1910 ediscere
906 1856 1060 1911 licet.
1097 1855 1335 1911 {Ediﬁeii
1392 1857 1566 1911 forma
1623 1856 1678 1911 in
1724 1858 1933 1913 cubum

2039 1863 2152 1916 θεῖν
2193 1863 2261 1916 ἐκ
2305 1863 2459 1931 μιᾶς,
2512 1858 2897 1927 ἀποϐαλούσης
2936 1856 3014 1927 τῷ
3050 1856 3230 1927 χρόνῳ
3260 1855 3362 1923 τὴν
3399 1852 3625 1916 πλάκαο

343 1946 676 2001 concinnata
709 1956 795 2002 est
819 1967 836 2015 ;
868 1949 939 2003 ita
968 1956 1049 2015 ut,
1074 1964 1140 2004 ex
1165 1950 1315 2003 senis
1344 1949 1473 2004 cubi
1501 1949 1928 2021 superﬁciebus,

341 2049 581 2111 quatuor
625 2056 657 2095 e
703 2041 975 2096 lateribus
1040 2042 1254 2111 posita,
1319 2043 1555 2097 totidem
1617 2043 1932 2113 porticibus

340 2140 633 2189 ornentur.
691 2133 834 2189 Huic
884 2134 1119 2190 aedificio
1161 2136 1309 2191 basis
1362 2136 1475 2191 alia
1526 2151 1596 2190 ex
1649 2153 1932 2193 marmore

345 2226 473 2281 albo
500 2226 828 2296 imponitur,
862 2226 953 2281 isti
987 2227 1188 2292 altera,
1245 2227 1376 2283 huic
1426 2227 1590 2282 tertia
1625 2244 1641 2281 :
1678 2228 1767 2283 his
1810 2243 1933 2282 nm-

345 2322 517 2379 nibns
544 2330 742 2391 quarta
788 2320 1105 2387 circularis,
1132 2336 1200 2377 ex
1224 2320 1596 2376 marmoribus
1639 2321 1891 2376 confecta
1916 2338 1930 2386 ;

344 2418 420 2471 ita
458 2426 518 2469 ut
566 2424 683 2471 tres
717 2416 944 2484 quidem
990 2415 1289 2471 latitudine
1337 2415 1460 2471 aliae
1508 2416 1632 2470 aliis
1684 2416 1935 2470 minores

346 2521 405 2565 et
442 2508 797 2580 angustiores
845 2509 975 2573 sint,
1031 2519 1232 2579 quarta
1283 2524 1418 2564 vero
1458 2509 1513 2563 in
1551 2509 1822 2564 circulum
1858 2508 1934 2563 sit

342 2601 673 2669 composita,
721 2610 889 2670 atque
936 2601 1090 2656 basin
1132 2598 1343 2655 tribuat
1389 2601 1661 2655 columnae
1690 2614 1930 2655 consen-

342 2704 584 2747 taneum.
617 2693 743 2749 Istic
777 2695 1040 2748 fundatur
1067 2694 1352 2759 columna,
1380 2694 1515 2747 olim
1564 2693 1815 2763 quidem,
1869 2701 1934 2747 ut

340 2795 598 2849 narrant,
648 2787 806 2840 vario
844 2794 901 2840 et
940 2785 1197 2841 Temesio
1244 2800 1355 2840 are
1390 2786 1589 2840 vestita
1629 2801 1644 2851 ;
1675 2786 1844 2855 quod,
1883 2784 1930 2840 si

342 2878 484 2938 ﬁdes
513 2880 763 2935 narranti
798 2878 1095 2943 habeatur,
1123 2888 1355 2949 argento
1384 2893 1494 2933 non
1528 2878 1767 2933 multum
1797 2892 1936 2933 con-

343 2969 590 3025 cederet.
622 2968 783 3023 Nunc
817 2976 1004 3022 autem
1038 2967 1184 3022 nuda
1208 2968 1440 3023 omnino
1465 2977 1676 3030 manet.
1702 2976 1762 3023 ut
1790 2982 1921 3038 pos—

345 3061 420 3115 sit
452 3059 692 3130 quisque
736 3048 952 3129 lapides
989 3058 1113 3129 ejus
1167 3075 1489 3126 numerare,
1522 3075 1588 3116 ac
1618 3059 1933 3141 deprchen-

2035 1958 2131 2009 καὶ
2162 1955 2225 2009 τδ
2256 1953 2353 2008 τοῦ
2406 1952 2847 2022 οἰκοδομήματος
2873 1951 3061 2021 σχῆμα
3104 1949 3185 2010 είς
3213 1946 3383 2000 κύϐον
3406 1946 3634 2001 ’ἀποτε-

2032 2049 2343 2118 τόρνευται,
2375 2046 2482 2101 τῶν
2508 2044 2569 2110 ἓξ
2595 2043 2874 2097 ἐπιπέδων
2896 2042 2965 2095 τὰ
2990 2042 3135 2096 κατὰ
3155 2039 3216 2094 τδ
3242 2039 3474 2107 πλάγιον
3503 2036 3636 2089 τέτε-

2032 2158 2175 2209 ταρα
2216 2142 2401 2203 στοαῖς
2433 2131 2942 2207 καλλυνομένων(2)
2975 2132 3258 2201 τέσσαρσι.
3294 2128 3538 2184 Ἀνωθεν
3564 2128 3631 2181 δι

2032 2237 2251 2298 τούτου,
2286 2233 2450 2289 πάλιν
2485 2232 2641 2303 βάσις
2691 2230 2856 2299 ἑτέρα
2903 2225 3201 2297 μαρμάρου
3248 2222 3484 2290 λευκῆς·
3526 2222 3629 2272 καὶ

2035 2328 2190 2390 αὖθις
2223 2326 2310 2379 ἐπ’
2338 2326 2509 2393 αὐτῆς
2540 2323 2676 2390 ἄλλη
2706 2340 2721 2353 ο
2769 2319 2858 2390 ἐφ’
2891 2313 2958 2391 ἦς
2988 2318 3082 2372 καὶ
3113 2316 3272 2385 τρίτη
3296 2331 3311 2346 ·
3352 2316 3448 2367 καὶ
3474 2311 3626 2381 ζώνη

2033 2437 2116 2483 τις
2149 2419 2245 2471 ἐπὶ
2288 2417 2517 2479 ταύταις
2569 2414 2683 2468 ἀπὸ
2735 2410 3052 2484 μαρμάρων
3092 2408 3330 2478 τετάρτη
3358 2422 3373 2437 ο
3404 2405 3483 2468 ὡς
3524 2403 3627 2467 τὰς

2033 2515 2183 2579 τρεῖς
2215 2511 2313 2581 μὲν
2343 2509 2455 2563 ἀπὸ
2487 2507 2719 2570 πλατέος
2747 2507 2842 2559 καὶ
2872 2504 3077 2565 ταύτας
3105 2502 3184 2564 είς
3212 2498 3396 2554 στενὸν
3422 2513 3631 2552 καταν-

2034 2604 2154 2674 τᾷν,
2180 2603 2279 2670 τὴν
2309 2603 2354 2654 δ’
2382 2600 2471 2653 ἐπ’
2520 2600 2711 2661 αὐταῖς
2751 2597 2931 2668 ζώνην
2962 2593 3323 2657 κυκλοῦσθαι,
3348 2590 3442 2645 καὶ
3479 2588 3626 2643 διδό-

2035 2693 2234 2766 ναιτῷ
2285 2692 2465 2761 στύλῳ
2511 2691 2611 2762 τὴν
2662 2689 2822 2761 βάσιν
2863 2687 3236 2758 ἁρμόζουσαν.
3279 2681 3563 2737 Ἐντεῦθεν
3595 2680 3630 2732 ὁ

2038 2786 2227 2849 στύλος
2258 2783 2681 2856 ἐπῳκοδόμηται
2706 2800 2720 2814 ο
2752 2783 2922 2834 πάλαι
2951 2780 3070 2848 μὲν,
3103 2778 3179 2840 ὼς
3212 2775 3507 2844 ἀκούομεν,
3535 2790 3631 2826 κε-

2036 2879 2215 2947 καλυμ
2228 2878 2387 2948 μένος
2419 2875 2655 2946 ποικίλῳ
2685 2874 2932 2944 τεμεσίῳ
2961 2870 3152 2942 χαλκῷ
3175 2885 3189 2900 ’
3223 2870 3276 2923 εί
3305 2868 3363 2922 δὲ
3399 2883 3632 2921 πιστευ-

2035 2976 2158 3029 τέον
2180 2973 2260 3043 τῷ
2289 2973 2526 3040 λέγοντι,
2553 2971 2614 3023 οὐ
2652 2969 2832 3040 πολλῴ
2876 2968 2971 3021 καὶ
3007 2966 3254 3038 ἀργύρου
3281 2963 3486 3016 δέοντιο
3525 2960 3628 3014 νῦν

2036 3066 2092 3120 δὲ
2117 3065 2324 3136 γυμνὸς
2356 3063 2417 3117 τὸ
2444 3064 2707 3135 παράπαν
2748 3062 3109 3131 φαινόμενοςο
3140 3058 3217 3121 ὡς
3265 3053 3627 3127 ἀριθμεῖσθαι

345 3156 482 3210 dere
539 3154 924 3224 Pyromacbas
968 3168 1111 3216 esse.
1161 3156 1675 3225 commissurasque
1730 3170 1934 3224 cogno-

2039 3161 2132 3213 καὶ
2162 3157 2286 3222 τοὺς
2313 3157 2493 3219 λίθους
2520 3154 2685 3210 αὐτοῦ
2716 3156 2792 3222 (5)
2820 3154 3031 3215 ὁπόσοι,
3066 3152 3160 3204 καὶ
3181 3151 3265 3203 ὅτι
3296 3148 3626 3217 πυρομάχαι

346 3261 528 3301 scere.
561 3244 849 3315 Habetque
884 3246 1189 3301 circulares
1212 3246 1442 3301 ordines
1469 3261 1537 3301 ex
1568 3245 1750 3316 lapide
1774 3247 1926 3310 albo,

345 3343 404 3396 in
446 3337 789 3404 longitudine
814 3337 1085 3393 columnae
1107 3338 1223 3408 pari
1256 3338 1562 3393 interstitio
1589 3338 1928 3409 disiunctus,

347 3430 447 3500 qui
473 3430 540 3485 ad
575 3429 768 3485 decem
808 3445 1044 3484 numero
1075 3437 1207 3484 sunt
1242 3448 1256 3483 :
1295 3429 1425 3485 bine
1457 3429 1598 3484 alios
1626 3429 1932 3485 circularcs

344 3523 574 3579 ordines
600 3540 666 3579 et
694 3539 970 3581 marmore
1007 3524 1157 3588 albo,
1187 3523 1284 3579 sed
1315 3524 1351 3578 ii
1379 3524 1632 3594 contigui
1659 3531 1826 3589 sunt;
1854 3523 1930 3577 ita

347 3627 411 3674 ut
436 3619 947 3690 secundus—primo,
978 3619 1185 3674 tertius
1203 3618 1451 3674 secundo
1478 3619 1776 3687 impositus
1810 3618 1887 3672 sit
1910 3657 1925 3678 .

351 3723 409 3768 ct
446 3714 526 3769 sic
559 3714 824 3783 deinceps
870 3729 1048 3782 usque
1079 3714 1146 3769 ad
1197 3728 1432 3768 nonum.
1477 3710 1679 3766 Verum
1735 3712 1770 3767 ii
1820 3727 1932 3766 non

349 3807 636 3876 aequaliter
697 3807 753 3861 in
811 3814 1099 3861 structura
1148 3821 1209 3861 se
1261 3806 1491 3870 habent,
1541 3805 1643 3860 sed
1696 3805 1932 3860 latiores

350 3900 624 3969 gradatim
653 3909 804 3965 sum,
835 3907 894 3954 ut
936 3897 1092 3952 basin
1146 3897 1401 3953 latiorem
1442 3897 1704 3965 imposito
1750 3895 1933 3952 ordini

348 4000 635 4061 praestent,
672 3991 765 4060 qui
794 3988 1045 4043 decimus
1091 4002 1292 4043 novem
1337 3987 1464 4043 aliis
1497 3988 1803 4054 incumbit;
1853 3988 1935 4042 ita.

349 4090 417 4138 ut
458 4098 563 4141 nec
589 4084 694 4139 ista
748 4096 875 4152 pars
909 4080 1160 4151 perfecto
1208 4096 1443 4136 numero
1488 4090 1692 4137 careat.
1753 4079 1936 4151 Hujus

350 4191 487 4231 vero
518 4175 724 4246 lapidis
766 4175 944 4231 forma
980 4173 1199 4244 quadra
1226 4182 1345 4241 est;
1399 4190 1596 4230 verum
1628 4175 1683 4229 in
1735 4175 1941 4231 mediis

349 4267 617 4327 lateribus
634 4264 1056 4324 commissuram
1086 4265 1331 4331 exhibet,
1362 4266 1437 4321 ita
1469 4275 1529 4320 ut
1556 4266 1717 4322 linteae
1752 4266 1942 4338 frangi.

350 4360 749 4421 videantur,ct
792 4358 1046 4419 fracturae
1094 4358 1375 4427 lapidibus
1422 4359 1820 4430 obsignentur;
1868 4376 1938 4415 ac

352 4465 554 4527 praeter
585 4455 710 4508 illos
756 4459 996 4514 tantum,
1032 4461 1180 4506 totus
1231 4452 1373 4522 lapis
1420 4453 1476 4506 in
1529 4453 1771 4513 circuitu
1820 4469 1939 4509 aere

2039 3251 2261 3318 ειδέναι,
2291 3251 2388 3305 καὶ
2412 3250 2562 3311 ὅπως
2590 3248 2925 3319 ἁρμόζονται
2953 3262 2967 3276 ⁴
3006 3245 3145 3316 ἔχων
3192 3244 3288 3297 καὶ
3321 3241 3497 3306 ζώνας
3524 3240 3628 3308 τῆς

2040 3344 2213 3413 αὐτῆς
2242 3342 2444 3411 λευκῆς
2474 3340 2651 3404 λίθου,
2694 3340 2837 3393 κατά
2866 3337 2960 3390 τὸν
3010 3337 3261 3407 κάλαμον
3281 3350 3295 3365 ·
3330 3333 3470 3404 πλὴν
3499 3333 3630 3386 ὅσον

2039 3441 2099 3492 τὸ
2131 3438 2243 3490 ἴσον
2276 3438 2411 3506 πρὸς
2441 3434 2675 3503 ἀλλήλας
2708 3432 2802 3485 τοῦ
2833 3431 3196 3500 διαστήματος
3237 3428 3482 3499 ἔχουσαι.
3521 3427 3628 3497 μέ-

2041 3548 2135 3602 χρι
2181 3530 2275 3583 καὶ
2321 3526 2544 3589 δεκάδος
2595 3525 2873 3594 προΐασιν.
2913 3520 3197 3575 Ἐντεῦθεν
3248 3519 3407 3575 ἄλλαι
3457 3518 3629 3583 ζῶναι

2045 3623 2340 3696 μαρμάρου
2369 3620 2595 3689 λευκῆς,
2648 3618 2788 3671 ἀλλὰ
2849 3617 3093 3685 συνεχεῖς
3159 3606 3340 3677 αὗται,
3396 3612 3630 3681 δευτέρα

2043 3718 2137 3771 ἐπὶ
2159 3713 2374 3787 πρώτῃ,
2396 3714 2490 3766 καὶ
2518 3712 2675 3782 τρίτη
2705 3710 2796 3765 ἐπὶ
2817 3710 3069 3781 δευτέρᾳ,
3093 3707 3189 3763 καὶ
3219 3707 3440 3777 ἑφεξῆς,
3466 3704 3629 3775 ἄχρις

2044 3809 2202 3863 ὲννέα
2228 3807 2540 3876 διήκουσαι·
2573 3804 2712 3875 πλὴν
2748 3804 2849 3858 οὐκ
2880 3801 2946 3867 ἐξ
2982 3803 3106 3856 ῖσου
3130 3800 3231 3872 τὴν
3262 3796 3631 3868 ὲποικοδομὴν

2043 3902 2265 3972 ἔχουσαι
2294 3898 2492 3962 πᾶσαι,
2522 3896 2640 3950 ἀλλ’
2667 3896 2763 3951 ἐπὶ
2786 3895 2849 3949 τὺ
2881 3894 3218 3964 πλατύτερον
3247 3891 3625 3961 ἀνοιγόμεναι,

2046 3994 2207 4066 βάσιν
2242 3986 2354 4045 οἷον
2400 3991 2622 4061 εὐρεῖαν
2672 3989 2750 4059 τῷ
2784 3989 3125 4059 ἐπικειμένῳ
3155 3985 3522 4057 παρέχουσαν
3565 3983 3629 4035 τὸ

2042 4085 2090 4139 δ’
2124 4087 2275 4138 ἐστὶν
2329 4084 2422 4136 ἐπὶ
2455 4084 2573 4142 ταῖς
2622 4081 2780 4134 ἐννέα
2814 4078 3015 4143 ζώναις
3049 4079 3111 4132 τὸ
3157 4077 3405 4143 δέκατον,
3454 4074 3531 4138 ὡς
3560 4073 3630 4128 ἂν

2043 4180 2140 4233 καὶ
2165 4174 2327 4229 τοῦτο
2354 4174 2522 4245 μέρος
2549 4173 2625 4243 μὴ
2654 4173 2899 4240 στεροῖτο
2924 4170 3025 4239 τῆς
3047 4169 3143 4223 τοῦ
3169 4164 3406 4239 ἀριθμοῦ
3427 4164 3635 4218 τελειό-

2043 4286 2227 4340 τητος.
2272 4266 2347 4321 Τὸ
2390 4266 2449 4321 δὲ
2496 4265 2684 4335 σχῆμα
2728 4261 2825 4325 τοῦ
2871 4261 3020 4315 λίθου
3071 4259 3437 4331 τετράγωνον,
3492 4256 3632 4309 ἀλλὰ

2045 4363 2189 4417 κατὰ
2212 4361 2282 4415 τὰ
2311 4360 2453 4431 μέσα
2486 4357 2790 4423 συνιζάνον,
2810 4356 2885 4418 ὡς
2922 4350 3035 4409 οἷον
3065 4354 3163 4416 τὰς
3205 4351 3472 4424 γραμμὰς
3501 4351 3634 4404 κλᾶ-

2049 4456 2196 4520 σθαι,
2230 4456 2326 4508 καὶ
2352 4452 2519 4516 λίθοις
2556 4449 2920 4521 σημειοῦσθαι
2950 4452 3051 4513 τὰς
3082 4448 3327 4511 κλάσεις,
3354 4447 3451 4500 καὶ
3481 4442 3633 4510 παρὰ

355 4526 628 4618 operitur.
657 4546 742 4601 Ab
781 4545 923 4601 bine.
943 4553 1128 4598 autem
1158 4543 1357 4600 artifex
1385 4544 1679 4600 aedilicium
1711 4556 1934 4601 eontra-

2042 4548 2269 4612 τούτους
2306 4548 2404 4602 καλ⁸
2457 4544 2677 4616 μόνους,
2718 4543 2909 4614 χαλκῷ
2941 4542 3005 4596 τὸ
3048 4541 3158 4595 πᾶν
3207 4538 3302 4594 τοῦ
3347 4539 3498 4592 λίθου
3531 4554 3631 4591 κα-

355 4641 498 4697 beus
542 4639 776 4696 densum
822 4637 1062 4709 lapidem
1089 4638 1378 4708 imposuit,
1427 4638 1559 4693 huic
1601 4654 1737 4693 vero
1766 4640 1941 4695 alium

354 4732 591 4791 minoris
632 4732 1063 4803 circumquaque
1116 4730 1447 4795 latitudinis,
1480 4731 1577 4800 qui
1625 4746 1940 4801 congruen-

357 4838 470 4882 tem
499 4840 644 4897 equo
669 4825 845 4881 basim
871 4823 1136 4895 praebeat:
1169 4839 1279 4878 non
1305 4822 1474 4877 modo
1497 4822 1647 4877 enim
1678 4820 1947 4876 columna

355 4919 711 4975 latitudinem
749 4917 1064 4990 expetebat.
1093 4926 1154 4972 ut
1214 4931 1340 4987 quae
1387 4915 1648 4985 imposita
1677 4924 1809 4970 sunt
1838 4914 1938 4968 tir-

355 5010 505 5065 niius
548 5008 957 5073 consisterent,
984 5008 1078 5064 sed
1127 5008 1295 5064 etiam
1331 5007 1621 5077 angustius
1672 5020 1941 5061 cacumen

356 5102 736 5167 desiderabat,
785 5112 849 5157 ut
878 5100 1164 5177 opiﬁcium
1196 5100 1519 5170 impositum
1550 5099 1732 5159 oculis
1758 5098 1939 5154 nude-

355 5209 578 5263 quaque
626 5200 865 5264 pateret.
917 5194 1107 5263 Equus
1161 5204 1346 5251 antem
1399 5208 1590 5247 aeneus
1649 5200 1757 5257 est,
1796 5191 1963 5247 miror

355 5283 596 5337 artiﬁcio
637 5282 977 5348 elaboratus,
1013 5297 1120 5339 nec
1169 5283 1373 5355 dignus
1415 5283 1567 5348 quia
1597 5293 1938 5353 praetereun-

356 5376 513 5430 tibus
559 5373 895 5445 negligatur,
932 5373 1152 5431 etiamsi
1181 5374 1307 5444 quis
1338 5373 1551 5444 plurics
1595 5373 1651 5429 in
1680 5373 1770 5429 die
1800 5373 1941 5428 istac

356 5477 627 5524 transeat.
658 5468 832 5534 Quem
850 5469 896 5523 si
934 5468 1277 5539 spectaveris
1308 5469 1460 5525 dicas
1492 5484 1626 5523 sane
1659 5468 1714 5523 in
1749 5484 1937 5524 acrem

355 5572 411 5616 et
463 5571 690 5637 ventum
739 5575 965 5617 cursum
1014 5561 1275 5633 dirigere,
1322 5571 1489 5634 atque
1536 5561 1606 5618 ad
1651 5561 1937 5619 Orientem

434 5765 511 5828 (‘2)
554 5766 1053 5837 Κιιλλιηόμένιιηδ.
1092 5765 1231 5821 Edit.
1266 5765 1425 5837 male.
1453 5767 1883 5836 καλλυνόμενον.

2045 4642 2346 4698 λύπτεσθαι
2385 4640 2661 4714 γύρωθεν.
2721 4638 3009 4694 Ἐντεῦθεν
3054 4635 3213 4703 αὖθις
3262 4636 3570 4691 συστέλλων
3604 4639 3634 4688 ο

2042 4736 2296 4806 τεχνίτης
2327 4733 2391 4788 τὸ
2437 4733 2804 4804 οἰκοδόμημα,
2861 4733 3051 4802 τίθησι
3100 4731 3244 4785 λίθον
3290 4733 3494 4803 παχὺν,
3538 4735 3636 4784 καὶ

2043 4829 2134 4882 ἐπ’
2180 4827 2332 4898 αύτῷ
2382 4826 2606 4899 ἕτερον,
2650 4826 2788 4897 πρὸς
2837 4827 3002 4880 αὑτὸν
3050 4826 3153 4896 μὲν
3208 4823 3629 4894 ἐλαττούμενον,

2047 4922 2242 4993 ἱκανὴν
2269 4921 2326 4974 δὲ
2357 4920 2518 4991 βάσιν
2546 4919 2627 4987 τῷ
2656 4920 2813 4990 ἵππῳ
2834 4920 3065 4973 διδόντα.
3101 4919 3178 4972 Οὐ
3204 4920 3366 4988 μόνον
3389 4917 3497 4987 γὰρ
3525 4916 3634 4968 ἔδει

2047 5013 2284 5076 πλάτους
2318 5014 2395 5082 τῷ
2428 5010 2627 5082 στύλῳ,
2678 5010 2980 5079 ἀσφαλείας
3013 5008 3176 5079 χάριν
3210 5009 3320 5061 τῶν
3349 5007 3639 5075 ἐπικειμέ-

2045 5123 2172 5170 νων,
2207 5105 2347 5159 ἀλλὰ
2391 5103 2664 5175 ἑτέρωθεν
2708 5105 2804 5157 καλ⁵
2849 5101 3192 5171 στενότητος,
3225 5099 3302 5163 ὡς
3330 5099 3395 5152 ἂν
3429 5115 3637 5151 παντα-

2044 5199 2203 5270 χόθεν
2242 5198 2498 5268 ἀρίδηλον
2539 5192 2666 5272 ᾔτὸ
2701 5196 3061 5265 ἐπικείμενον
3106 5194 3411 5265 τέχνασμα.
3446 5190 3522 5246 Τὸ
3550 5191 3634 5251 δὲ.

2045 5289 2212 5350 ἵππος
2247 5289 2367 5342 ἐστὶ
2401 5278 2659 5357 χαλκοῦς,
2677 5284 3011 5356 θαυμαστῶς
3033 5282 3130 5339 τοῦ
3160 5284 3447 5355 σχήματος
3465 5282 3635 5353 ἔχων,

2051 5383 2147 5435 καὶ
2173 5381 2375 5450 ἥκιστα
2406 5380 2756 5450 παρορᾶσθαι
2787 5380 2901 5440 τοῖς
2926 5376 3220 5448 παριοῦσιν
3259 5376 3433 5442 ἄξιος,
3460 5375 3507 5427 εί
3538 5373 3635 5427 καὶ

2049 5471 2312 5535 πολλάκις
2348 5488 2435 5534 τις
2483 5470 2582 5539 τῆς
2615 5470 2834 5540 ἡμέρας
2880 5469 3060 5522 ἐκεῖσε
3112 5467 3421 5539 διέρχοιτο·
3459 5465 3636 5525 εῖποις

2045 5565 2112 5619 ἂν
2140 5564 2308 5625 αὐτὸν
2333 5562 2567 5634 βλέπων,
2596 5562 2732 5634 πρὸς
2764 5561 2967 5645 ἄνεμον
2984 5561 3203 5637 τρέχειν
3229 5558 3510 5645 ὁρμῶντα,
3534 5560 3634 5615 καὶ

431 5837 509 5907 μὶ)
542 5835 644 5890 li'ai
689 5834 847 5905 τοὺς(
869 5840 1081 5905 λίθους
1115 5836 1324 5891 αὑτοῦ.
1364 5836 1650 5907 Perperam
1688 5834 1740 5893 in
1769 5838 1934 5906 Edil.,

2039 5840 2062 5892 i.
2089 5839 2215 5899 τοὺς
2250 5836 2430 5899 λίθους
2457 5834 2635 5905 αύτῷ,
