  <div class='ocr_page' id='page_1' title='image "/cluster/home/n/w/nwhite01/storage/ocr_20150623/144:no.2/coo.31924054870492/466.png"; bbox 0 0 4016 6444; ppageno 0'>
   <div class='ocr_carea' id='block_1_1' title="bbox 405 367 508 437">
    <p class='ocr_par' dir='ltr' id='par_1_1' title="bbox 405 367 508 437">
     <span class='ocr_line' id='line_1_1' title="bbox 405 367 508 437; baseline -0.039 1"><span class='ocrx_word' id='word_1_1' title='bbox 405 367 508 437; x_wconf 78' lang='lat'><strong>921</strong></span> 
     </span>
    </p>
   </div>
   <div class='ocr_carea' id='block_1_2' title="bbox 1500 365 3660 443">
    <p class='ocr_par' dir='ltr' id='par_1_2' title="bbox 1500 365 3660 443">
     <span class='ocr_line' id='line_1_2' title="bbox 1500 365 3660 443; baseline -0.003 -6"><span class='ocrx_word' id='word_1_2' title='bbox 1500 376 1959 439; x_wconf 75' lang='lat' dir='ltr'><strong>DESCRIPTIO</strong></span> <span class='ocrx_word' id='word_1_3' title='bbox 1996 380 2561 443; x_wconf 76' lang='lat' dir='ltr'><strong>AUGUSTEONIS.</strong></span> <span class='ocrx_word' id='word_1_4' title='bbox 3553 365 3660 432; x_wconf 70' lang='lat'><strong>922</strong></span> 
     </span>
    </p>
   </div>
   <div class='ocr_carea' id='block_1_3' title="bbox 393 485 1978 565">
    <p class='ocr_par' dir='ltr' id='par_1_3' title="bbox 393 485 1978 562">
     <span class='ocr_line' id='line_1_3' title="bbox 393 485 1978 562; baseline 0.004 -23"><span class='ocrx_word' id='word_1_5' title='bbox 393 488 494 558; x_wconf 76' lang='grc' dir='ltr'><strong>τῆς</strong></span> <span class='ocrx_word' id='word_1_6' title='bbox 526 485 663 557; x_wconf 80' lang='grc' dir='ltr'>πρὸς</span> <span class='ocrx_word' id='word_1_7' title='bbox 696 486 963 560; x_wconf 81' lang='grc' dir='ltr'>ἀνατολὴν</span> <span class='ocrx_word' id='word_1_8' title='bbox 992 488 1287 546; x_wconf 70' lang='grc' dir='ltr'>ἅπτεσθαι.</span> <span class='ocrx_word' id='word_1_9' title='bbox 1319 491 1510 556; x_wconf 80' lang='grc' dir='ltr'><strong>Οὕτως</strong></span> <span class='ocrx_word' id='word_1_10' title='bbox 1540 492 1649 562; x_wconf 78' lang='grc' dir='ltr'>ἄρα</span> <span class='ocrx_word' id='word_1_11' title='bbox 1682 491 1745 545; x_wconf 84' lang='grc' dir='ltr'>τὸ</span> <span class='ocrx_word' id='word_1_12' title='bbox 1771 493 1870 562; x_wconf 88' lang='grc' dir='ltr'><strong>τῆς</strong></span> <span class='ocrx_word' id='word_1_13' title='bbox 1893 511 1978 546; x_wconf 87' lang='grc' dir='ltr'>κε-</span> 
     </span>
    </p>
   </div>
   <div class='ocr_carea' id='block_1_4' title="bbox 2080 485 3658 565">
    <p class='ocr_par' dir='ltr' id='par_1_4' title="bbox 2086 487 3658 565">
     <span class='ocr_line' id='line_1_4' title="bbox 2086 487 3658 565; baseline -0.006 -15"><span class='ocrx_word' id='word_1_14' title='bbox 2086 497 2246 551; x_wconf 88' lang='lat' dir='ltr'><strong>ferri.</strong></span> <span class='ocrx_word' id='word_1_15' title='bbox 2300 498 2475 565; x_wconf 77' lang='lat' dir='ltr'><strong>Caput</strong></span> <span class='ocrx_word' id='word_1_16' title='bbox 2511 497 2583 549; x_wconf 90' lang='lat' dir='ltr'><strong>ita</strong></span> <span class='ocrx_word' id='word_1_17' title='bbox 2638 492 3031 547; x_wconf 87' lang='lat' dir='ltr'><strong>concinnatum</strong></span> <span class='ocrx_word' id='word_1_18' title='bbox 3081 497 3167 545; x_wconf 88' lang='lat' dir='ltr'><strong>est</strong></span> <span class='ocrx_word' id='word_1_19' title='bbox 3218 499 3279 544; x_wconf 91' lang='lat' dir='ltr'><strong>ut</strong></span> <span class='ocrx_word' id='word_1_20' title='bbox 3312 487 3658 543; x_wconf 77' lang='lat' dir='ltr'><strong>ferocitatem</strong></span> 
     </span>
    </p>
   </div>
   <div class='ocr_carea' id='block_1_5' title="bbox 396 578 1976 653">
    <p class='ocr_par' dir='ltr' id='par_1_5' title="bbox 396 578 1976 653">
     <span class='ocr_line' id='line_1_5' title="bbox 396 578 1976 653; baseline 0.004 -20"><span class='ocrx_word' id='word_1_21' title='bbox 396 578 574 649; x_wconf 86' lang='grc' dir='ltr'>φαλῆς</span> <span class='ocrx_word' id='word_1_22' title='bbox 597 580 1019 650; x_wconf 70' lang='grc' dir='ltr'>ἐσχημάτισται,</span> <span class='ocrx_word' id='word_1_23' title='bbox 1053 582 1128 646; x_wconf 83' lang='grc' dir='ltr'><strong>ὡς</strong></span> <span class='ocrx_word' id='word_1_24' title='bbox 1163 584 1650 653; x_wconf 76' lang='grc' dir='ltr'>άνασεσοόημένην</span> <span class='ocrx_word' id='word_1_25' title='bbox 1678 579 1846 649; x_wconf 77' lang='grc' dir='ltr'>εἶναι,</span> <span class='ocrx_word' id='word_1_26' title='bbox 1883 589 1976 641; x_wconf 71' lang='grc' dir='ltr'>καὶ</span> 
     </span>
    </p>
   </div>
   <div class='ocr_carea' id='block_1_6' title="bbox 397 671 1974 748">
    <p class='ocr_par' dir='ltr' id='par_1_6' title="bbox 397 671 1974 748">
     <span class='ocr_line' id='line_1_6' title="bbox 397 671 1974 748; baseline 0.003 -23"><span class='ocrx_word' id='word_1_27' title='bbox 397 671 531 741; x_wconf 81' lang='grc' dir='ltr'>πρὸς</span> <span class='ocrx_word' id='word_1_28' title='bbox 569 672 774 745; x_wconf 77' lang='grc' dir='ltr'>βορρᾶν</span> <span class='ocrx_word' id='word_1_29' title='bbox 803 676 1001 745; x_wconf 82' lang='grc' dir='ltr'>μικρὸν</span> <span class='ocrx_word' id='word_1_30' title='bbox 1030 676 1527 745; x_wconf 83' lang='grc' dir='ltr'>παρεγκλίνουσαν.</span> <span class='ocrx_word' id='word_1_31' title='bbox 1550 676 1737 741; x_wconf 77' lang='grc' dir='ltr'>Οὕτως</span> <span class='ocrx_word' id='word_1_32' title='bbox 1765 678 1822 731; x_wconf 74' lang='grc' dir='ltr'>αἱ</span> <span class='ocrx_word' id='word_1_33' title='bbox 1854 680 1974 748; x_wconf 86' lang='grc' dir='ltr'><strong>χαί-</strong></span> 
     </span>
    </p>
   </div>
   <div class='ocr_carea' id='block_1_7' title="bbox 394 766 1977 838">
    <p class='ocr_par' dir='ltr' id='par_1_7' title="bbox 394 766 1977 838">
     <span class='ocr_line' id='line_1_7' title="bbox 394 766 1977 838; baseline 0.003 -21"><span class='ocrx_word' id='word_1_34' title='bbox 394 781 487 818; x_wconf 87' lang='grc' dir='ltr'><strong>ται</strong></span> <span class='ocrx_word' id='word_1_35' title='bbox 515 768 612 820; x_wconf 78' lang='grc' dir='ltr'>καὶ</span> <span class='ocrx_word' id='word_1_36' title='bbox 652 767 774 819; x_wconf 79' lang='grc' dir='ltr'>ὅσαι</span> <span class='ocrx_word' id='word_1_37' title='bbox 807 766 992 837; x_wconf 75' lang='grc' dir='ltr'>τρίχες</span> <span class='ocrx_word' id='word_1_38' title='bbox 1017 769 1083 835; x_wconf 80' lang='grc' dir='ltr'>τῇ</span> <span class='ocrx_word' id='word_1_39' title='bbox 1112 767 1326 838; x_wconf 81' lang='grc' dir='ltr'><strong>κεφαλῇ</strong></span> <span class='ocrx_word' id='word_1_40' title='bbox 1359 768 1734 838; x_wconf 72' lang='grc' dir='ltr'><strong>ἐμπεφύκασι,</strong></span> <span class='ocrx_word' id='word_1_41' title='bbox 1773 770 1977 838; x_wconf 83' lang='grc' dir='ltr'>φυγοῦ-</span> 
     </span>
    </p>
   </div>
   <div class='ocr_carea' id='block_1_8' title="bbox 403 855 1976 930">
    <p class='ocr_par' dir='ltr' id='par_1_8' title="bbox 403 855 1976 930">
     <span class='ocr_line' id='line_1_8' title="bbox 403 855 1976 930; baseline 0.003 -21"><span class='ocrx_word' id='word_1_42' title='bbox 403 873 493 909; x_wconf 90' lang='grc' dir='ltr'><strong>σαι</strong></span> <span class='ocrx_word' id='word_1_43' title='bbox 523 856 584 908; x_wconf 83' lang='grc' dir='ltr'>τὸ</span> <span class='ocrx_word' id='word_1_44' title='bbox 611 855 852 919; x_wconf 77' lang='grc' dir='ltr'>εὔθετον,</span> <span class='ocrx_word' id='word_1_45' title='bbox 888 857 1275 928; x_wconf 81' lang='grc' dir='ltr'>διεγείρονται,</span> <span class='ocrx_word' id='word_1_46' title='bbox 1305 859 1401 913; x_wconf 73' lang='grc' dir='ltr'>καὶ</span> <span class='ocrx_word' id='word_1_47' title='bbox 1448 859 1586 930; x_wconf 84' lang='grc' dir='ltr'>πρὸς</span> <span class='ocrx_word' id='word_1_48' title='bbox 1615 861 1818 928; x_wconf 79' lang='grc' dir='ltr'>ἄνεμον</span> <span class='ocrx_word' id='word_1_49' title='bbox 1847 861 1976 913; x_wconf 84' lang='grc' dir='ltr'>παί-</span> 
     </span>
    </p>
   </div>
   <div class='ocr_carea' id='block_1_9' title="bbox 402 947 1973 1021">
    <p class='ocr_par' dir='ltr' id='par_1_9' title="bbox 402 947 1973 1021">
     <span class='ocr_line' id='line_1_9' title="bbox 402 947 1973 1021; baseline 0.002 -23"><span class='ocrx_word' id='word_1_50' title='bbox 402 947 610 1011; x_wconf 82' lang='grc' dir='ltr'>ζουσιν.</span> <span class='ocrx_word' id='word_1_51' title='bbox 644 948 709 999; x_wconf 77' lang='grc' dir='ltr'><strong>Εἰ</strong></span> <span class='ocrx_word' id='word_1_52' title='bbox 735 947 794 1000; x_wconf 83' lang='grc' dir='ltr'><strong>δέ</strong></span> <span class='ocrx_word' id='word_1_53' title='bbox 820 964 922 1000; x_wconf 90' lang='grc' dir='ltr'><strong>που</strong></span> <span class='ocrx_word' id='word_1_54' title='bbox 954 950 1050 1000; x_wconf 86' lang='grc' dir='ltr'>σὺν</span> <span class='ocrx_word' id='word_1_55' title='bbox 1079 948 1250 1020; x_wconf 78' lang='grc' dir='ltr'>ταύτῃ</span> <span class='ocrx_word' id='word_1_56' title='bbox 1299 951 1396 1004; x_wconf 76' lang='grc' dir='ltr'>καὶ</span> <span class='ocrx_word' id='word_1_57' title='bbox 1422 951 1516 1004; x_wconf 81' lang='grc' dir='ltr'>τὸν</span> <span class='ocrx_word' id='word_1_58' title='bbox 1544 951 1835 1021; x_wconf 81' lang='grc' dir='ltr'>ἀριστερὸν</span> <span class='ocrx_word' id='word_1_59' title='bbox 1865 952 1973 1003; x_wconf 83' lang='grc' dir='ltr'><strong>τῶν</strong></span> 
     </span>
    </p>
   </div>
   <div class='ocr_carea' id='block_1_10' title="bbox 397 1035 1972 1110">
    <p class='ocr_par' dir='ltr' id='par_1_10' title="bbox 397 1035 1972 1110">
     <span class='ocr_line' id='line_1_10' title="bbox 397 1035 1972 1110; baseline 0.003 -21"><span class='ocrx_word' id='word_1_60' title='bbox 397 1035 745 1106; x_wconf 77' lang='grc' dir='ltr'>ἐμπροσθίων</span> <span class='ocrx_word' id='word_1_61' title='bbox 777 1038 910 1101; x_wconf 87' lang='grc' dir='ltr'>ῖδοις</span> <span class='ocrx_word' id='word_1_62' title='bbox 938 1038 1134 1100; x_wconf 84' lang='grc' dir='ltr'>ποδῶν,</span> <span class='ocrx_word' id='word_1_63' title='bbox 1164 1039 1283 1101; x_wconf 84' lang='grc' dir='ltr'><strong>πῶς</strong></span> <span class='ocrx_word' id='word_1_64' title='bbox 1315 1041 1455 1094; x_wconf 80' lang='grc' dir='ltr'>κατᾶ</span> <span class='ocrx_word' id='word_1_65' title='bbox 1496 1040 1625 1107; x_wconf 83' lang='grc' dir='ltr'><strong>γόνυ</strong></span> <span class='ocrx_word' id='word_1_66' title='bbox 1652 1039 1972 1110; x_wconf 81' lang='grc' dir='ltr'><strong>κυρτοῦται,</strong></span> 
     </span>
    </p>
   </div>
   <div class='ocr_carea' id='block_1_11' title="bbox 399 1126 1975 1202">
    <p class='ocr_par' dir='ltr' id='par_1_11' title="bbox 399 1126 1975 1202">
     <span class='ocr_line' id='line_1_11' title="bbox 399 1126 1975 1202; baseline 0.003 -22"><span class='ocrx_word' id='word_1_67' title='bbox 399 1128 495 1181; x_wconf 77' lang='grc' dir='ltr'>καὶ</span> <span class='ocrx_word' id='word_1_68' title='bbox 546 1126 654 1181; x_wconf 82' lang='grc' dir='ltr'><strong>τῶν</strong></span> <span class='ocrx_word' id='word_1_69' title='bbox 698 1128 876 1182; x_wconf 74' lang='grc' dir='ltr'>ἄλλων</span> <span class='ocrx_word' id='word_1_70' title='bbox 907 1130 1318 1201; x_wconf 84' lang='grc' dir='ltr'>ἐρηρεισμένων</span> <span class='ocrx_word' id='word_1_71' title='bbox 1346 1134 1427 1195; x_wconf 79' lang='grc' dir='ltr'>εις</span> <span class='ocrx_word' id='word_1_72' title='bbox 1466 1132 1572 1201; x_wconf 83' lang='grc' dir='ltr'>γῆν</span> <span class='ocrx_word' id='word_1_73' title='bbox 1613 1133 1780 1196; x_wconf 80' lang='grc' dir='ltr'>αὐτὸς</span> <span class='ocrx_word' id='word_1_74' title='bbox 1814 1133 1975 1202; x_wconf 81' lang='grc' dir='ltr'>μόνος</span> 
     </span>
    </p>
   </div>
   <div class='ocr_carea' id='block_1_12' title="bbox 399 1219 1975 1294">
    <p class='ocr_par' dir='ltr' id='par_1_12' title="bbox 399 1219 1975 1294">
     <span class='ocr_line' id='line_1_12' title="bbox 399 1219 1975 1294; baseline 0.004 -22"><span class='ocrx_word' id='word_1_75' title='bbox 399 1219 666 1290; x_wconf 80' lang='grc' dir='ltr'>ᾐώρηται,</span> <span class='ocrx_word' id='word_1_76' title='bbox 717 1221 894 1284; x_wconf 84' lang='grc' dir='ltr'>εῖποις</span> <span class='ocrx_word' id='word_1_77' title='bbox 919 1221 987 1274; x_wconf 82' lang='grc' dir='ltr'>ἂν</span> <span class='ocrx_word' id='word_1_78' title='bbox 1019 1222 1287 1276; x_wconf 84' lang='grc' dir='ltr'>κινεῖσθαι</span> <span class='ocrx_word' id='word_1_79' title='bbox 1323 1222 1386 1293; x_wconf 79' lang='grc' dir='ltr'>δὴ</span> <span class='ocrx_word' id='word_1_80' title='bbox 1426 1223 1520 1277; x_wconf 79' lang='grc' dir='ltr'>καὶ</span> <span class='ocrx_word' id='word_1_81' title='bbox 1553 1222 1623 1277; x_wconf 83' lang='grc' dir='ltr'><strong>τά</strong></span> <span class='ocrx_word' id='word_1_82' title='bbox 1669 1221 1876 1294; x_wconf 73' lang='grc' dir='ltr'>ἄψυχα.</span> <span class='ocrx_word' id='word_1_83' title='bbox 1908 1223 1975 1278; x_wconf 81' lang='lat' dir='ltr'><strong>Ei</strong></span> 
     </span>
    </p>
   </div>
   <div class='ocr_carea' id='block_1_13' title="bbox 401 1310 1977 1385">
    <p class='ocr_par' dir='ltr' id='par_1_13' title="bbox 401 1310 1977 1385">
     <span class='ocr_line' id='line_1_13' title="bbox 401 1310 1977 1385; baseline 0.004 -20"><span class='ocrx_word' id='word_1_84' title='bbox 401 1310 458 1365; x_wconf 76' lang='grc' dir='ltr'>δὲ</span> <span class='ocrx_word' id='word_1_85' title='bbox 484 1312 578 1366; x_wconf 78' lang='grc' dir='ltr'>καὶ</span> <span class='ocrx_word' id='word_1_86' title='bbox 606 1311 825 1384; x_wconf 78' lang='grc' dir='ltr'>χαλινὸν</span> <span class='ocrx_word' id='word_1_87' title='bbox 861 1313 1056 1384; x_wconf 79' lang='grc' dir='ltr'>ἐφερεν</span> <span class='ocrx_word' id='word_1_88' title='bbox 1093 1315 1184 1368; x_wconf 74' lang='grc' dir='ltr'>ἐπὶ</span> <span class='ocrx_word' id='word_1_89' title='bbox 1219 1314 1507 1385; x_wconf 87' lang='grc' dir='ltr'>στόματος,</span> <span class='ocrx_word' id='word_1_90' title='bbox 1538 1316 1615 1378; x_wconf 85' lang='grc' dir='ltr'><strong>ὡς</strong></span> <span class='ocrx_word' id='word_1_91' title='bbox 1649 1314 1794 1385; x_wconf 83' lang='grc' dir='ltr'>ἐχειν</span> <span class='ocrx_word' id='word_1_92' title='bbox 1823 1316 1977 1372; x_wconf 78' lang='grc' dir='ltr'>εἰκά-</span> 
     </span>
    </p>
   </div>
   <div class='ocr_carea' id='block_1_14' title="bbox 401 1400 1977 1477">
    <p class='ocr_par' dir='ltr' id='par_1_14' title="bbox 401 1400 1977 1477">
     <span class='ocr_line' id='line_1_14' title="bbox 401 1400 1977 1477; baseline 0.004 -23"><span class='ocrx_word' id='word_1_93' title='bbox 401 1400 517 1466; x_wconf 77' lang='grc' dir='ltr'>ζειν</span> <span class='ocrx_word' id='word_1_94' title='bbox 543 1401 606 1455; x_wconf 84' lang='grc' dir='ltr'>τὸ</span> <span class='ocrx_word' id='word_1_95' title='bbox 635 1402 805 1457; x_wconf 88' lang='grc' dir='ltr'>πάλαι</span> <span class='ocrx_word' id='word_1_96' title='bbox 830 1403 923 1457; x_wconf 77' lang='grc' dir='ltr'>τὸν</span> <span class='ocrx_word' id='word_1_97' title='bbox 951 1403 1133 1473; x_wconf 81' lang='grc' dir='ltr'><strong>ὀρθῶς</strong></span> <span class='ocrx_word' id='word_1_98' title='bbox 1160 1405 1554 1476; x_wconf 79' lang='grc' dir='ltr'><strong>σκοπούμενον,</strong></span> <span class='ocrx_word' id='word_1_99' title='bbox 1583 1406 1810 1477; x_wconf 88' lang='grc' dir='ltr'>θάτερον</span> <span class='ocrx_word' id='word_1_100' title='bbox 1837 1406 1977 1460; x_wconf 62' lang='grc' dir='ltr'>ὑπο.</span> 
     </span>
    </p>
   </div>
   <div class='ocr_carea' id='block_1_15' title="bbox 401 1494 1976 1569">
    <p class='ocr_par' dir='ltr' id='par_1_15' title="bbox 401 1494 1976 1569">
     <span class='ocr_line' id='line_1_15' title="bbox 401 1494 1976 1569; baseline 0.004 -23"><span class='ocrx_word' id='word_1_101' title='bbox 401 1495 574 1547; x_wconf 79' lang='grc' dir='ltr'>νοοῖτο</span> <span class='ocrx_word' id='word_1_102' title='bbox 605 1494 769 1562; x_wconf 82' lang='grc' dir='ltr'>δυοῖν,</span> <span class='ocrx_word' id='word_1_103' title='bbox 808 1495 842 1566; x_wconf 78' lang='grc' dir='ltr'>ἢ</span> <span class='ocrx_word' id='word_1_104' title='bbox 875 1494 953 1567; x_wconf 83' lang='grc' dir='ltr'><strong>τῷ</strong></span> <span class='ocrx_word' id='word_1_105' title='bbox 987 1497 1185 1568; x_wconf 78' lang='grc' dir='ltr'>ῥυτῆρι</span> <span class='ocrx_word' id='word_1_106' title='bbox 1230 1496 1558 1567; x_wconf 69' lang='grc' dir='ltr'>ἀγχόμενον,</span> <span class='ocrx_word' id='word_1_107' title='bbox 1606 1498 1882 1569; x_wconf 78' lang='grc' dir='ltr'>κροαινειν</span> <span class='ocrx_word' id='word_1_108' title='bbox 1911 1500 1976 1552; x_wconf 84' lang='grc' dir='ltr'><strong>ἐκ</strong></span> 
     </span>
    </p>
   </div>
   <div class='ocr_carea' id='block_1_16' title="bbox 403 1584 1976 1660">
    <p class='ocr_par' dir='ltr' id='par_1_16' title="bbox 403 1584 1976 1660">
     <span class='ocr_line' id='line_1_16' title="bbox 403 1584 1976 1660; baseline 0.003 -22"><span class='ocrx_word' id='word_1_109' title='bbox 403 1584 525 1655; x_wconf 77' lang='grc' dir='ltr'>βίας</span> <span class='ocrx_word' id='word_1_110' title='bbox 557 1585 636 1655; x_wconf 83' lang='grc' dir='ltr'><strong>τῷ</strong></span> <span class='ocrx_word' id='word_1_111' title='bbox 660 1587 1001 1658; x_wconf 81' lang='grc' dir='ltr'>ἐμπροσθίῳ,</span> <span class='ocrx_word' id='word_1_112' title='bbox 1028 1588 1061 1658; x_wconf 81' lang='grc' dir='ltr'>ἢ</span> <span class='ocrx_word' id='word_1_113' title='bbox 1093 1587 1197 1659; x_wconf 75' lang='grc' dir='ltr'>μὴν</span> <span class='ocrx_word' id='word_1_114' title='bbox 1224 1588 1529 1660; x_wconf 75' lang='grc' dir='ltr'>ἀνιέμενον,</span> <span class='ocrx_word' id='word_1_115' title='bbox 1568 1588 1741 1652; x_wconf 76' lang='grc' dir='ltr'>οὕτως</span> <span class='ocrx_word' id='word_1_116' title='bbox 1780 1590 1976 1644; x_wconf 75' lang='grc' dir='ltr'>ἐπιτα-</span> 
     </span>
    </p>
   </div>
   <div class='ocr_carea' id='block_1_17' title="bbox 401 1677 1976 1753">
    <p class='ocr_par' dir='ltr' id='par_1_17' title="bbox 401 1677 1976 1753">
     <span class='ocr_line' id='line_1_17' title="bbox 401 1677 1976 1753; baseline 0.003 -23"><span class='ocrx_word' id='word_1_117' title='bbox 401 1677 583 1749; x_wconf 84' lang='grc' dir='ltr'>χύνειν</span> <span class='ocrx_word' id='word_1_118' title='bbox 619 1679 689 1733; x_wconf 79' lang='grc' dir='ltr'>τὰ</span> <span class='ocrx_word' id='word_1_119' title='bbox 731 1681 833 1750; x_wconf 88' lang='grc' dir='ltr'><strong>τῆς</strong></span> <span class='ocrx_word' id='word_1_120' title='bbox 865 1681 1114 1749; x_wconf 80' lang='grc' dir='ltr'>πορείας,</span> <span class='ocrx_word' id='word_1_121' title='bbox 1153 1681 1229 1744; x_wconf 84' lang='grc' dir='ltr'>ὡς</span> <span class='ocrx_word' id='word_1_122' title='bbox 1277 1682 1353 1753; x_wconf 79' lang='grc' dir='ltr'>μὴ</span> <span class='ocrx_word' id='word_1_123' title='bbox 1395 1681 1621 1749; x_wconf 83' lang='grc' dir='ltr'>φθάνειν</span> <span class='ocrx_word' id='word_1_124' title='bbox 1648 1680 1840 1736; x_wconf 82' lang='grc' dir='ltr'>τοῦτον</span> <span class='ocrx_word' id='word_1_125' title='bbox 1876 1684 1976 1753; x_wconf 86' lang='grc' dir='ltr'><strong>τῆς</strong></span> 
     </span>
    </p>
   </div>
   <div class='ocr_carea' id='block_1_18' title="bbox 398 1768 1974 1842">
    <p class='ocr_par' dir='ltr' id='par_1_18' title="bbox 398 1768 1974 1842">
     <span class='ocr_line' id='line_1_18' title="bbox 398 1768 1974 1842; baseline -0.004 -12"><span class='ocrx_word' id='word_1_126' title='bbox 398 1768 501 1837; x_wconf 81' lang='grc' dir='ltr'><strong>γῆς</strong></span> <span class='ocrx_word' id='word_1_127' title='bbox 549 1769 837 1836; x_wconf 73' lang='grc' dir='ltr'>ἅπτεσθαι,</span> <span class='ocrx_word' id='word_1_128' title='bbox 869 1773 965 1826; x_wconf 75' lang='grc' dir='ltr'>καὶ</span> <span class='ocrx_word' id='word_1_129' title='bbox 1005 1772 1341 1842; x_wconf 84' lang='grc' dir='ltr'>προφθάνειν</span> <span class='ocrx_word' id='word_1_130' title='bbox 1368 1773 1458 1826; x_wconf 66' lang='grc' dir='ltr'><strong>τὸν</strong></span> <span class='ocrx_word' id='word_1_131' title='bbox 1500 1771 1747 1827; x_wconf 75' lang='grc' dir='ltr'>ὄπισθεν.</span> <span class='ocrx_word' id='word_1_132' title='bbox 1786 1771 1974 1837; x_wconf 78' lang='grc' dir='ltr'>Οὕτως</span> 
     </span>
    </p>
   </div>
   <div class='ocr_carea' id='block_1_19' title="bbox 398 1832 2047 1939">
    <p class='ocr_par' dir='ltr' id='par_1_19' title="bbox 398 1832 2047 1939">
     <span class='ocr_line' id='line_1_19' title="bbox 398 1832 2047 1939; baseline 0.002 -22"><span class='ocrx_word' id='word_1_133' title='bbox 398 1832 506 1932; x_wconf 76' lang='grc' dir='ltr'><strong>άρα</strong></span> <span class='ocrx_word' id='word_1_134' title='bbox 547 1864 611 1916; x_wconf 82' lang='grc' dir='ltr'><strong>ἐκ</strong></span> <span class='ocrx_word' id='word_1_135' title='bbox 649 1832 962 1933; x_wconf 79' lang='grc' dir='ltr'>πνεύματός</span> <span class='ocrx_word' id='word_1_136' title='bbox 1006 1832 1154 1928; x_wconf 72' lang='grc' dir='ltr'>τινος</span> <span class='ocrx_word' id='word_1_137' title='bbox 1195 1865 1486 1936; x_wconf 80' lang='grc' dir='ltr'>ἐγκαρδίου</span> <span class='ocrx_word' id='word_1_138' title='bbox 1539 1865 1783 1938; x_wconf 76' lang='grc' dir='ltr'>ἐμφύτου</span> <span class='ocrx_word' id='word_1_139' title='bbox 1837 1832 1975 1939; x_wconf 82' lang='grc' dir='ltr'>πρὸς</span> <span class='ocrx_word' id='word_1_140' title='bbox 2007 1832 2047 1887; x_wconf 74' lang='grc' dir='ltr'><strong>Β</strong></span> 
     </span>
    </p>
   </div>
   <div class='ocr_carea' id='block_1_20' title="bbox 393 1950 1973 2026">
    <p class='ocr_par' dir='ltr' id='par_1_20' title="bbox 393 1950 1973 2026">
     <span class='ocr_line' id='line_1_20' title="bbox 393 1950 1973 2026; baseline 0.006 -24"><span class='ocrx_word' id='word_1_141' title='bbox 393 1951 492 2022; x_wconf 84' lang='grc' dir='ltr'>τὴν</span> <span class='ocrx_word' id='word_1_142' title='bbox 538 1950 721 2021; x_wconf 69' lang='grc' dir='ltr'>ὁρμὴν</span> <span class='ocrx_word' id='word_1_143' title='bbox 782 1953 879 2006; x_wconf 80' lang='grc' dir='ltr'>καὶ</span> <span class='ocrx_word' id='word_1_144' title='bbox 932 1951 1002 2007; x_wconf 81' lang='grc' dir='ltr'><strong>τά</strong></span> <span class='ocrx_word' id='word_1_145' title='bbox 1055 1953 1256 2024; x_wconf 86' lang='grc' dir='ltr'>στέρνα</span> <span class='ocrx_word' id='word_1_146' title='bbox 1316 1955 1397 2025; x_wconf 87' lang='grc' dir='ltr'>τῷ</span> <span class='ocrx_word' id='word_1_147' title='bbox 1448 1954 1574 2026; x_wconf 81' lang='grc' dir='ltr'><strong>ζώῳ</strong></span> <span class='ocrx_word' id='word_1_148' title='bbox 1631 1956 1973 2026; x_wconf 82' lang='grc' dir='ltr'>εὐρύνονται,</span> 
     </span>
    </p>
   </div>
   <div class='ocr_carea' id='block_1_21' title="bbox 397 2043 1975 2119">
    <p class='ocr_par' dir='ltr' id='par_1_21' title="bbox 397 2043 1975 2119">
     <span class='ocr_line' id='line_1_21' title="bbox 397 2043 1975 2119; baseline 0.005 -23"><span class='ocrx_word' id='word_1_149' title='bbox 397 2043 472 2107; x_wconf 85' lang='grc' dir='ltr'>ὡς</span> <span class='ocrx_word' id='word_1_150' title='bbox 527 2045 914 2115; x_wconf 78' lang='grc' dir='ltr'>ἐπισημαίνειν</span> <span class='ocrx_word' id='word_1_151' title='bbox 964 2046 1062 2098; x_wconf 71' lang='grc' dir='ltr'>καὶ</span> <span class='ocrx_word' id='word_1_152' title='bbox 1109 2046 1179 2100; x_wconf 84' lang='grc' dir='ltr'>τὰ</span> <span class='ocrx_word' id='word_1_153' title='bbox 1227 2047 1521 2118; x_wconf 73' lang='grc' dir='ltr'>οἰδήματα.</span> <span class='ocrx_word' id='word_1_154' title='bbox 1554 2048 1740 2114; x_wconf 76' lang='grc' dir='ltr'>Οὕτως</span> <span class='ocrx_word' id='word_1_155' title='bbox 1790 2048 1975 2119; x_wconf 85' lang='grc' dir='ltr'>ἀκμά-</span> 
     </span>
    </p>
   </div>
   <div class='ocr_carea' id='block_1_22' title="bbox 399 2134 1973 2212">
    <p class='ocr_par' dir='ltr' id='par_1_22' title="bbox 399 2134 1973 2212">
     <span class='ocr_line' id='line_1_22' title="bbox 399 2134 1973 2212; baseline 0.006 -26"><span class='ocrx_word' id='word_1_156' title='bbox 399 2134 566 2198; x_wconf 81' lang='grc' dir='ltr'>ζουσα</span> <span class='ocrx_word' id='word_1_157' title='bbox 613 2136 646 2204; x_wconf 85' lang='grc' dir='ltr'><strong>ή</strong></span> <span class='ocrx_word' id='word_1_158' title='bbox 697 2136 834 2206; x_wconf 73' lang='grc' dir='ltr'>ούρὰ</span> <span class='ocrx_word' id='word_1_159' title='bbox 877 2136 1122 2205; x_wconf 56' lang='grc' dir='ltr'>όπισθεον,</span> <span class='ocrx_word' id='word_1_160' title='bbox 1159 2139 1220 2191; x_wconf 82' lang='grc' dir='ltr'>οὐ</span> <span class='ocrx_word' id='word_1_161' title='bbox 1278 2140 1422 2193; x_wconf 80' lang='grc' dir='ltr'>κατὰ</span> <span class='ocrx_word' id='word_1_162' title='bbox 1470 2140 1670 2211; x_wconf 82' lang='grc' dir='ltr'>τρόπον</span> <span class='ocrx_word' id='word_1_163' title='bbox 1720 2145 1973 2212; x_wconf 83' lang='grc' dir='ltr'>κειμένη.</span> 
     </span>
    </p>
   </div>
   <div class='ocr_carea' id='block_1_23' title="bbox 397 2220 1973 2304">
    <p class='ocr_par' dir='ltr' id='par_1_23' title="bbox 397 2220 1973 2304">
     <span class='ocr_line' id='line_1_23' title="bbox 397 2220 1973 2304; baseline 0.004 -24"><span class='ocrx_word' id='word_1_164' title='bbox 397 2225 512 2280; x_wconf 80' lang='grc' dir='ltr'>ἀλλ’</span> <span class='ocrx_word' id='word_1_165' title='bbox 539 2220 650 2279; x_wconf 77' lang='grc' dir='ltr'>οἷον</span> <span class='ocrx_word' id='word_1_166' title='bbox 678 2227 1096 2300; x_wconf 76' lang='grc' dir='ltr'>άνεγηγερμένη</span> <span class='ocrx_word' id='word_1_167' title='bbox 1132 2228 1195 2283; x_wconf 84' lang='grc' dir='ltr'>τὸ</span> <span class='ocrx_word' id='word_1_168' title='bbox 1242 2231 1480 2302; x_wconf 85' lang='grc' dir='ltr'>πρῶτον,</span> <span class='ocrx_word' id='word_1_169' title='bbox 1521 2227 1640 2285; x_wconf 78' lang='grc' dir='ltr'>εἶτα</span> <span class='ocrx_word' id='word_1_170' title='bbox 1673 2232 1973 2304; x_wconf 83' lang='grc' dir='ltr'>καθιεμένη</span> 
     </span>
    </p>
   </div>
   <div class='ocr_carea' id='block_1_24' title="bbox 400 2320 1974 2394">
    <p class='ocr_par' dir='ltr' id='par_1_24' title="bbox 400 2320 1974 2394">
     <span class='ocr_line' id='line_1_24' title="bbox 400 2320 1974 2394; baseline 0.004 -22"><span class='ocrx_word' id='word_1_171' title='bbox 400 2320 550 2390; x_wconf 83' lang='grc' dir='ltr'>παρὰ</span> <span class='ocrx_word' id='word_1_172' title='bbox 569 2320 742 2383; x_wconf 80' lang='grc' dir='ltr'>πόδας</span> <span class='ocrx_word' id='word_1_173' title='bbox 765 2323 822 2383; x_wconf 86' lang='grc' dir='ltr'><strong>ἐς</strong></span> <span class='ocrx_word' id='word_1_174' title='bbox 844 2322 969 2391; x_wconf 86' lang='grc' dir='ltr'>γῆν.</span> <span class='ocrx_word' id='word_1_175' title='bbox 998 2320 1143 2392; x_wconf 83' lang='grc' dir='ltr'>Ὅρα</span> <span class='ocrx_word' id='word_1_176' title='bbox 1164 2323 1218 2376; x_wconf 84' lang='grc' dir='ltr'>δὲ</span> <span class='ocrx_word' id='word_1_177' title='bbox 1244 2324 1341 2377; x_wconf 84' lang='grc' dir='ltr'>καὶ</span> <span class='ocrx_word' id='word_1_178' title='bbox 1368 2325 1462 2377; x_wconf 81' lang='grc' dir='ltr'>τὸν</span> <span class='ocrx_word' id='word_1_179' title='bbox 1493 2324 1758 2394; x_wconf 76' lang='grc' dir='ltr'>ἐπιϐάτην</span> <span class='ocrx_word' id='word_1_180' title='bbox 1788 2324 1974 2391; x_wconf 78' lang='grc' dir='ltr'>εὐθὺς,</span> 
     </span>
    </p>
   </div>
   <div class='ocr_carea' id='block_1_25' title="bbox 401 2410 1976 2484">
    <p class='ocr_par' dir='ltr' id='par_1_25' title="bbox 401 2410 1976 2484">
     <span class='ocr_line' id='line_1_25' title="bbox 401 2410 1976 2484; baseline 0.004 -21"><span class='ocrx_word' id='word_1_181' title='bbox 401 2410 630 2464; x_wconf 71' lang='grc' dir='ltr'>ἱππότου</span> <span class='ocrx_word' id='word_1_182' title='bbox 662 2410 907 2481; x_wconf 80' lang='grc' dir='ltr'>δρομέως</span> <span class='ocrx_word' id='word_1_183' title='bbox 956 2413 1149 2484; x_wconf 77' lang='grc' dir='ltr'>ἔχοντα</span> <span class='ocrx_word' id='word_1_184' title='bbox 1187 2413 1469 2483; x_wconf 87' lang='grc' dir='ltr'>σχήματα,</span> <span class='ocrx_word' id='word_1_185' title='bbox 1500 2415 1594 2467; x_wconf 70' lang='grc' dir='ltr'>καὶ</span> <span class='ocrx_word' id='word_1_186' title='bbox 1638 2416 1766 2476; x_wconf 78' lang='grc' dir='ltr'>τοὺς</span> <span class='ocrx_word' id='word_1_187' title='bbox 1805 2415 1976 2478; x_wconf 84' lang='grc' dir='ltr'>πὸδσς</span> 
     </span>
    </p>
   </div>
   <div class='ocr_carea' id='block_1_26' title="bbox 400 2502 1973 2576">
    <p class='ocr_par' dir='ltr' id='par_1_26' title="bbox 400 2502 1973 2576">
     <span class='ocr_line' id='line_1_26' title="bbox 400 2502 1973 2576; baseline 0.003 -20"><span class='ocrx_word' id='word_1_188' title='bbox 400 2504 553 2572; x_wconf 82' lang='grc' dir='ltr'>παρὰ</span> <span class='ocrx_word' id='word_1_189' title='bbox 587 2502 829 2574; x_wconf 83' lang='grc' dir='ltr'>πλευρὰν</span> <span class='ocrx_word' id='word_1_190' title='bbox 863 2505 1134 2575; x_wconf 82' lang='grc' dir='ltr'>ἑκατέραν</span> <span class='ocrx_word' id='word_1_191' title='bbox 1167 2505 1435 2574; x_wconf 75' lang='grc' dir='ltr'>διέχοντα.</span> <span class='ocrx_word' id='word_1_192' title='bbox 1464 2508 1529 2560; x_wconf 82' lang='grc' dir='ltr'><strong>Εἰ</strong></span> <span class='ocrx_word' id='word_1_193' title='bbox 1558 2505 1614 2559; x_wconf 85' lang='grc' dir='ltr'><strong>δέ</strong></span> <span class='ocrx_word' id='word_1_194' title='bbox 1653 2523 1717 2573; x_wconf 86' lang='grc' dir='ltr'>γε</span> <span class='ocrx_word' id='word_1_195' title='bbox 1745 2513 1838 2561; x_wconf 77' lang='grc' dir='ltr'>καὶ</span> <span class='ocrx_word' id='word_1_196' title='bbox 1872 2508 1973 2576; x_wconf 85' lang='grc' dir='ltr'>ἐμ-</span> 
     </span>
    </p>
   </div>
   <div class='ocr_carea' id='block_1_27' title="bbox 401 2593 1976 2666">
    <p class='ocr_par' dir='ltr' id='par_1_27' title="bbox 401 2593 1976 2666">
     <span class='ocr_line' id='line_1_27' title="bbox 401 2593 1976 2666; baseline 0.002 -21"><span class='ocrx_word' id='word_1_197' title='bbox 401 2594 568 2654; x_wconf 74' lang='grc' dir='ltr'>ϐάδας</span> <span class='ocrx_word' id='word_1_198' title='bbox 602 2595 817 2666; x_wconf 84' lang='grc' dir='ltr'>φοροίη,</span> <span class='ocrx_word' id='word_1_199' title='bbox 851 2593 965 2646; x_wconf 80' lang='grc' dir='ltr'>ἀλλ’</span> <span class='ocrx_word' id='word_1_200' title='bbox 996 2594 1249 2657; x_wconf 78' lang='grc' dir='ltr'>εἰκάσαις</span> <span class='ocrx_word' id='word_1_201' title='bbox 1274 2594 1340 2648; x_wconf 83' lang='grc' dir='ltr'>ἂν</span> <span class='ocrx_word' id='word_1_202' title='bbox 1368 2595 1531 2648; x_wconf 75' lang='grc' dir='ltr'>αὑτὸν</span> <span class='ocrx_word' id='word_1_203' title='bbox 1557 2595 1976 2666; x_wconf 81' lang='grc' dir='ltr'>ἐπιγαννυμένῳ</span> 
     </span>
    </p>
   </div>
   <div class='ocr_carea' id='block_1_28' title="bbox 398 2685 1977 2756">
    <p class='ocr_par' dir='ltr' id='par_1_28' title="bbox 398 2685 1977 2756">
     <span class='ocr_line' id='line_1_28' title="bbox 398 2685 1977 2756; baseline 0.001 -18"><span class='ocrx_word' id='word_1_204' title='bbox 398 2686 476 2756; x_wconf 80' lang='grc' dir='ltr'><strong>τῷ</strong></span> <span class='ocrx_word' id='word_1_205' title='bbox 505 2686 656 2754; x_wconf 85' lang='grc' dir='ltr'>ῐππῳ</span> <span class='ocrx_word' id='word_1_206' title='bbox 690 2689 784 2738; x_wconf 78' lang='grc' dir='ltr'><strong>καὶ</strong></span> <span class='ocrx_word' id='word_1_207' title='bbox 819 2685 1192 2756; x_wconf 86' lang='grc' dir='ltr'>κυδρουμένῳ,</span> <span class='ocrx_word' id='word_1_208' title='bbox 1219 2686 1302 2739; x_wconf 79' lang='grc' dir='ltr'>ὅτι</span> <span class='ocrx_word' id='word_1_209' title='bbox 1334 2686 1426 2739; x_wconf 73' lang='grc' dir='ltr'>καὶ</span> <span class='ocrx_word' id='word_1_210' title='bbox 1466 2686 1590 2755; x_wconf 85' lang='grc' dir='ltr'>δίχα</span> <span class='ocrx_word' id='word_1_211' title='bbox 1620 2686 1849 2756; x_wconf 79' lang='grc' dir='ltr'>κέντρου</span> <span class='ocrx_word' id='word_1_212' title='bbox 1881 2689 1977 2740; x_wconf 78' lang='grc' dir='ltr'>καὶ</span> 
     </span>
    </p>
   </div>
   <div class='ocr_carea' id='block_1_29' title="bbox 404 2776 1974 2848">
    <p class='ocr_par' dir='ltr' id='par_1_29' title="bbox 404 2776 1974 2848">
     <span class='ocr_line' id='line_1_29' title="bbox 404 2776 1974 2848; baseline -0.001 -17"><span class='ocrx_word' id='word_1_213' title='bbox 404 2780 627 2848; x_wconf 85' lang='grc' dir='ltr'>μύωπος</span> <span class='ocrx_word' id='word_1_214' title='bbox 680 2778 880 2840; x_wconf 84' lang='grc' dir='ltr'>ἱκανῶς</span> <span class='ocrx_word' id='word_1_215' title='bbox 933 2779 1137 2830; x_wconf 85' lang='grc' dir='ltr'>ἀνυστά</span> <span class='ocrx_word' id='word_1_216' title='bbox 1165 2779 1213 2831; x_wconf 83' lang='grc' dir='ltr'><strong>οἱ</strong></span> <span class='ocrx_word' id='word_1_217' title='bbox 1262 2779 1331 2831; x_wconf 84' lang='grc' dir='ltr'>τὰ</span> <span class='ocrx_word' id='word_1_218' title='bbox 1376 2776 1470 2830; x_wconf 85' lang='grc' dir='ltr'>τοῦ</span> <span class='ocrx_word' id='word_1_219' title='bbox 1504 2777 1706 2848; x_wconf 85' lang='grc' dir='ltr'>δρόμου</span> <span class='ocrx_word' id='word_1_220' title='bbox 1755 2777 1974 2848; x_wconf 78' lang='grc' dir='ltr'>καὶτῆς</span> 
     </span>
    </p>
   </div>
   <div class='ocr_carea' id='block_1_30' title="bbox 400 2867 1976 2939">
    <p class='ocr_par' dir='ltr' id='par_1_30' title="bbox 400 2867 1976 2939">
     <span class='ocr_line' id='line_1_30' title="bbox 400 2867 1976 2939; baseline -0.001 -17"><span class='ocrx_word' id='word_1_221' title='bbox 400 2869 715 2939; x_wconf 84' lang='grc' dir='ltr'>προθέσεως</span> <span class='ocrx_word' id='word_1_222' title='bbox 735 2885 749 2901; x_wconf 84' lang='lat'><strong><em>°</em></strong></span> <span class='ocrx_word' id='word_1_223' title='bbox 794 2870 885 2923; x_wconf 70' lang='grc' dir='ltr'>καὶ</span> <span class='ocrx_word' id='word_1_224' title='bbox 938 2869 1111 2931; x_wconf 83' lang='grc' dir='ltr'>οὔτως</span> <span class='ocrx_word' id='word_1_225' title='bbox 1143 2868 1507 2939; x_wconf 81' lang='grc' dir='ltr'>ἀτημελήτως</span> <span class='ocrx_word' id='word_1_226' title='bbox 1540 2868 1602 2936; x_wconf 69' lang='grc' dir='ltr'><strong>ξοῐ</strong></span> <span class='ocrx_word' id='word_1_227' title='bbox 1639 2867 1798 2930; x_wconf 87' lang='grc' dir='ltr'>πόδες</span> <span class='ocrx_word' id='word_1_228' title='bbox 1820 2867 1976 2938; x_wconf 78' lang='grc' dir='ltr'>ἐχου-</span> 
     </span>
    </p>
   </div>
   <div class='ocr_carea' id='block_1_31' title="bbox 403 2959 1975 3029">
    <p class='ocr_par' dir='ltr' id='par_1_31' title="bbox 403 2959 1975 3029">
     <span class='ocr_line' id='line_1_31' title="bbox 403 2959 1975 3029; baseline -0.001 -15"><span class='ocrx_word' id='word_1_229' title='bbox 403 2979 506 3028; x_wconf 90' lang='grc' dir='ltr'>σιν,</span> <span class='ocrx_word' id='word_1_230' title='bbox 540 2960 680 3015; x_wconf 87' lang='grc' dir='ltr'>ὥστε</span> <span class='ocrx_word' id='word_1_231' title='bbox 710 2962 890 3015; x_wconf 81' lang='grc' dir='ltr'>δοκεῖν</span> <span class='ocrx_word' id='word_1_232' title='bbox 933 2960 1126 3022; x_wconf 75' lang='grc' dir='ltr'>αὐτοὺς</span> <span class='ocrx_word' id='word_1_233' title='bbox 1158 2959 1248 3027; x_wconf 81' lang='grc' dir='ltr'><strong>ὑφ’</strong></span> <span class='ocrx_word' id='word_1_234' title='bbox 1277 2961 1460 3013; x_wconf 84' lang='grc' dir='ltr'>αὐτῶν</span> <span class='ocrx_word' id='word_1_235' title='bbox 1498 2960 1841 3029; x_wconf 85' lang='grc' dir='ltr'>κρατεῖσθαι,</span> <span class='ocrx_word' id='word_1_236' title='bbox 1882 2959 1975 3013; x_wconf 82' lang='grc' dir='ltr'><strong>τοῦ</strong></span> 
     </span>
    </p>
   </div>
   <div class='ocr_carea' id='block_1_32' title="bbox 399 3050 1976 3125">
    <p class='ocr_par' dir='ltr' id='par_1_32' title="bbox 399 3050 1976 3125">
     <span class='ocr_line' id='line_1_32' title="bbox 399 3050 1976 3125; baseline -0.002 -18"><span class='ocrx_word' id='word_1_237' title='bbox 399 3052 697 3125; x_wconf 84' lang='grc' dir='ltr'>καρδιακοῧ</span> <span class='ocrx_word' id='word_1_238' title='bbox 731 3051 1078 3122; x_wconf 81' lang='grc' dir='ltr'>ἐξημμένους</span> <span class='ocrx_word' id='word_1_239' title='bbox 1117 3054 1440 3120; x_wconf 81' lang='grc' dir='ltr'>κινήματος,</span> <span class='ocrx_word' id='word_1_240' title='bbox 1477 3051 1647 3122; x_wconf 80' lang='grc' dir='ltr'>μηδὲν</span> <span class='ocrx_word' id='word_1_241' title='bbox 1676 3050 1976 3121; x_wconf 73' lang='grc' dir='ltr'>συνεχομέο</span> 
     </span>
    </p>
   </div>
   <div class='ocr_carea' id='block_1_33' title="bbox 2079 580 3656 655">
    <p class='ocr_par' dir='ltr' id='par_1_33' title="bbox 2079 580 3656 655">
     <span class='ocr_line' id='line_1_33' title="bbox 2079 580 3656 655; baseline -0.003 -15"><span class='ocrx_word' id='word_1_242' title='bbox 2079 587 2362 651; x_wconf 78' lang='lat' dir='ltr'><strong>exhibeat,</strong></span> <span class='ocrx_word' id='word_1_243' title='bbox 2423 596 2482 653; x_wconf 69' lang='lat' dir='ltr'><strong>at</strong></span> <span class='ocrx_word' id='word_1_244' title='bbox 2528 586 2594 640; x_wconf 83' lang='lat' dir='ltr'><strong>ad</strong></span> <span class='ocrx_word' id='word_1_245' title='bbox 2650 585 2981 655; x_wconf 85' lang='lat' dir='ltr'><strong>Aquilonem</strong></span> <span class='ocrx_word' id='word_1_246' title='bbox 3040 596 3341 650; x_wconf 84' lang='lat' dir='ltr'><strong>parumper</strong></span> <span class='ocrx_word' id='word_1_247' title='bbox 3394 580 3656 647; x_wconf 87' lang='lat' dir='ltr'><strong>declinet.</strong></span> 
     </span>
    </p>
   </div>
   <div class='ocr_carea' id='block_1_34' title="bbox 2079 672 3658 747">
    <p class='ocr_par' dir='ltr' id='par_1_34' title="bbox 2079 672 3658 747">
     <span class='ocr_line' id='line_1_34' title="bbox 2079 672 3658 747; baseline -0.004 -16"><span class='ocrx_word' id='word_1_248' title='bbox 2079 677 2238 732; x_wconf 60' lang='lat' dir='ltr'><strong>Juba:</strong></span> <span class='ocrx_word' id='word_1_249' title='bbox 2281 687 2337 732; x_wconf 91' lang='lat' dir='ltr'><strong>et</strong></span> <span class='ocrx_word' id='word_1_250' title='bbox 2375 678 2556 732; x_wconf 74' lang='lat' dir='ltr'><strong>crines</strong></span> <span class='ocrx_word' id='word_1_251' title='bbox 2607 677 2777 747; x_wconf 91' lang='lat' dir='ltr'><strong>capiti</strong></span> <span class='ocrx_word' id='word_1_252' title='bbox 2829 677 3106 731; x_wconf 78' lang='lat' dir='ltr'><strong>haerentes</strong></span> <span class='ocrx_word' id='word_1_253' title='bbox 3159 672 3537 742; x_wconf 74' lang='lat' dir='ltr'><strong>incompositi,</strong></span> <span class='ocrx_word' id='word_1_254' title='bbox 3590 672 3658 725; x_wconf 90' lang='lat' dir='ltr'><strong>ad</strong></span> 
     </span>
    </p>
   </div>
   <div class='ocr_carea' id='block_1_35' title="bbox 2078 763 3659 832">
    <p class='ocr_par' dir='ltr' id='par_1_35' title="bbox 2078 763 3659 832">
     <span class='ocr_line' id='line_1_35' title="bbox 2078 763 3659 832; baseline -0.004 -12"><span class='ocrx_word' id='word_1_255' title='bbox 2078 777 2303 821; x_wconf 83' lang='lat' dir='ltr'><strong>ventum</strong></span> <span class='ocrx_word' id='word_1_256' title='bbox 2350 766 2543 821; x_wconf 84' lang='lat' dir='ltr'><strong>ludere</strong></span> <span class='ocrx_word' id='word_1_257' title='bbox 2591 765 2870 820; x_wconf 89' lang='lat' dir='ltr'><strong>videntur.</strong></span> <span class='ocrx_word' id='word_1_258' title='bbox 2927 764 3083 832; x_wconf 83' lang='lat' dir='ltr'><strong>Quod</strong></span> <span class='ocrx_word' id='word_1_259' title='bbox 3126 763 3170 818; x_wconf 91' lang='lat' dir='ltr'><strong>si</strong></span> <span class='ocrx_word' id='word_1_260' title='bbox 3205 763 3273 817; x_wconf 88' lang='lat' dir='ltr'><strong>ad</strong></span> <span class='ocrx_word' id='word_1_261' title='bbox 3309 763 3428 817; x_wconf 65' lang='lat' dir='ltr'><strong>haec</strong></span> <span class='ocrx_word' id='word_1_262' title='bbox 3460 763 3659 816; x_wconf 61' lang='lat' dir='ltr'><strong>laevum</strong></span> 
     </span>
    </p>
   </div>
   <div class='ocr_carea' id='block_1_36' title="bbox 2077 858 3661 929">
    <p class='ocr_par' dir='ltr' id='par_1_36' title="bbox 2077 858 3661 929">
     <span class='ocr_line' id='line_1_36' title="bbox 2077 858 3661 929; baseline -0.006 -14"><span class='ocrx_word' id='word_1_263' title='bbox 2077 861 2415 915; x_wconf 88' lang='lat' dir='ltr'><strong>anteriorem</strong></span> <span class='ocrx_word' id='word_1_264' title='bbox 2461 860 2658 929; x_wconf 84' lang='lat' dir='ltr'><strong>pedem</strong></span> <span class='ocrx_word' id='word_1_265' title='bbox 2691 858 3071 928; x_wconf 79' lang='lat' dir='ltr'><strong>conspexeris,</strong></span> <span class='ocrx_word' id='word_1_266' title='bbox 3117 870 3147 910; x_wconf 91' lang='lat' dir='ltr'><strong>a</strong></span> <span class='ocrx_word' id='word_1_267' title='bbox 3188 870 3331 925; x_wconf 88' lang='lat' dir='ltr'><strong>genu</strong></span> <span class='ocrx_word' id='word_1_268' title='bbox 3363 869 3661 908; x_wconf 86' lang='lat' dir='ltr'><strong>recurvum</strong></span> 
     </span>
    </p>
   </div>
   <div class='ocr_carea' id='block_1_37' title="bbox 2076 947 3660 1017">
    <p class='ocr_par' dir='ltr' id='par_1_37' title="bbox 2076 947 3660 1017">
     <span class='ocr_line' id='line_1_37' title="bbox 2076 947 3660 1017; baseline -0.007 -9"><span class='ocrx_word' id='word_1_269' title='bbox 2076 968 2142 1009; x_wconf 90' lang='lat' dir='ltr'><strong>ac</strong></span> <span class='ocrx_word' id='word_1_270' title='bbox 2179 954 2381 1008; x_wconf 89' lang='lat' dir='ltr'><strong>flexum</strong></span> <span class='ocrx_word' id='word_1_271' title='bbox 2425 952 2703 1014; x_wconf 87' lang='lat' dir='ltr'><strong>advertas,</strong></span> <span class='ocrx_word' id='word_1_272' title='bbox 2742 951 2819 1005; x_wconf 86' lang='lat' dir='ltr'><strong>ita</strong></span> <span class='ocrx_word' id='word_1_273' title='bbox 2848 960 2909 1004; x_wconf 92' lang='lat' dir='ltr'><strong>ut</strong></span> <span class='ocrx_word' id='word_1_274' title='bbox 2939 949 3067 1004; x_wconf 91' lang='lat' dir='ltr'><strong>aliis</strong></span> <span class='ocrx_word' id='word_1_275' title='bbox 3113 958 3318 1003; x_wconf 88' lang='lat' dir='ltr'><strong>terram</strong></span> <span class='ocrx_word' id='word_1_276' title='bbox 3352 947 3660 1017; x_wconf 31' lang='lat' dir='ltr'><strong>prementis</strong></span> 
     </span>
    </p>
   </div>
   <div class='ocr_carea' id='block_1_38' title="bbox 2077 1036 3660 1114">
    <p class='ocr_par' dir='ltr' id='par_1_38' title="bbox 2077 1036 3660 1114">
     <span class='ocr_line' id='line_1_38' title="bbox 2077 1036 3660 1114; baseline -0.008 -13"><span class='ocrx_word' id='word_1_277' title='bbox 2077 1045 2185 1101; x_wconf 87' lang='lat' dir='ltr'><strong>bus</strong></span> <span class='ocrx_word' id='word_1_278' title='bbox 2214 1045 2332 1114; x_wconf 88' lang='lat' dir='ltr'><strong>ipse</strong></span> <span class='ocrx_word' id='word_1_279' title='bbox 2359 1044 2514 1098; x_wconf 91' lang='lat' dir='ltr'><strong>solus</strong></span> <span class='ocrx_word' id='word_1_280' title='bbox 2547 1057 2851 1113; x_wconf 89' lang='lat' dir='ltr'><strong>suspensus</strong></span> <span class='ocrx_word' id='word_1_281' title='bbox 2880 1042 2952 1096; x_wconf 86' lang='lat' dir='ltr'><strong>sit</strong></span> <span class='ocrx_word' id='word_1_282' title='bbox 2989 1059 3002 1094; x_wconf 92' lang='lat'><strong>:</strong></span> <span class='ocrx_word' id='word_1_283' title='bbox 3044 1055 3107 1094; x_wconf 89' lang='lat' dir='ltr'><strong>ac</strong></span> <span class='ocrx_word' id='word_1_284' title='bbox 3139 1048 3302 1109; x_wconf 85' lang='lat' dir='ltr'><strong>putes</strong></span> <span class='ocrx_word' id='word_1_285' title='bbox 3334 1039 3501 1093; x_wconf 85' lang='lat' dir='ltr'><strong>etiam</strong></span> <span class='ocrx_word' id='word_1_286' title='bbox 3536 1036 3660 1089; x_wconf 85' lang='lat' dir='ltr'><strong>ina-</strong></span> 
     </span>
    </p>
   </div>
   <div class='ocr_carea' id='block_1_39' title="bbox 2076 1131 3661 1204">
    <p class='ocr_par' dir='ltr' id='par_1_39' title="bbox 2076 1131 3661 1204">
     <span class='ocr_line' id='line_1_39' title="bbox 2076 1131 3661 1204; baseline -0.006 -12"><span class='ocrx_word' id='word_1_287' title='bbox 2076 1137 2286 1192; x_wconf 84' lang='lat' dir='ltr'><strong>nimata</strong></span> <span class='ocrx_word' id='word_1_288' title='bbox 2337 1136 2568 1191; x_wconf 82' lang='lat' dir='ltr'><strong>moveri.</strong></span> <span class='ocrx_word' id='word_1_289' title='bbox 2606 1135 2763 1202; x_wconf 85' lang='lat' dir='ltr'><strong>Quod</strong></span> <span class='ocrx_word' id='word_1_290' title='bbox 2796 1135 2842 1189; x_wconf 89' lang='lat' dir='ltr'><strong>si</strong></span> <span class='ocrx_word' id='word_1_291' title='bbox 2898 1149 3139 1204; x_wconf 83' lang='lat' dir='ltr'><strong>unquam</strong></span> <span class='ocrx_word' id='word_1_292' title='bbox 3196 1133 3408 1188; x_wconf 87' lang='lat' dir='ltr'><strong>frenum</strong></span> <span class='ocrx_word' id='word_1_293' title='bbox 3462 1131 3518 1185; x_wconf 93' lang='lat' dir='ltr'><strong>in</strong></span> <span class='ocrx_word' id='word_1_294' title='bbox 3564 1144 3661 1184; x_wconf 88' lang='lat' dir='ltr'><strong>ore</strong></span> 
     </span>
    </p>
   </div>
   <div class='ocr_carea' id='block_1_40' title="bbox 2077 1223 3659 1298">
    <p class='ocr_par' dir='ltr' id='par_1_40' title="bbox 2077 1223 3659 1298">
     <span class='ocr_line' id='line_1_40' title="bbox 2077 1223 3659 1298; baseline -0.005 -15"><span class='ocrx_word' id='word_1_295' title='bbox 2077 1227 2337 1284; x_wconf 79' lang='lat' dir='ltr'><strong>habuerit</strong></span> <span class='ocrx_word' id='word_1_296' title='bbox 2384 1227 2576 1298; x_wconf 89' lang='lat' dir='ltr'><strong>(quod</strong></span> <span class='ocrx_word' id='word_1_297' title='bbox 2612 1241 2746 1283; x_wconf 85' lang='lat' dir='ltr'><strong>sane</strong></span> <span class='ocrx_word' id='word_1_298' title='bbox 2791 1226 2920 1281; x_wconf 90' lang='lat' dir='ltr'><strong>olim</strong></span> <span class='ocrx_word' id='word_1_299' title='bbox 2946 1225 3208 1280; x_wconf 88' lang='lat' dir='ltr'><strong>habuisse</strong></span> <span class='ocrx_word' id='word_1_300' title='bbox 3242 1224 3460 1294; x_wconf 84' lang='lat' dir='ltr'><strong>putabit</strong></span> <span class='ocrx_word' id='word_1_301' title='bbox 3503 1223 3659 1291; x_wconf 83' lang='lat' dir='ltr'><strong>quis-</strong></span> 
     </span>
    </p>
   </div>
   <div class='ocr_carea' id='block_1_41' title="bbox 2076 1314 3661 1391">
    <p class='ocr_par' dir='ltr' id='par_1_41' title="bbox 2076 1314 3661 1391">
     <span class='ocr_line' id='line_1_41' title="bbox 2076 1314 3661 1391; baseline -0.006 -16"><span class='ocrx_word' id='word_1_302' title='bbox 2076 1321 2204 1391; x_wconf 87' lang='lat' dir='ltr'><strong>quis</strong></span> <span class='ocrx_word' id='word_1_303' title='bbox 2245 1327 2397 1377; x_wconf 89' lang='lat' dir='ltr'><strong>recte</strong></span> <span class='ocrx_word' id='word_1_304' title='bbox 2428 1319 2885 1388; x_wconf 79' lang='lat' dir='ltr'><strong>coniectaverit),</strong></span> <span class='ocrx_word' id='word_1_305' title='bbox 2920 1318 3256 1373; x_wconf 88' lang='lat' dir='ltr'><strong>alterutrum</strong></span> <span class='ocrx_word' id='word_1_306' title='bbox 3295 1330 3428 1370; x_wconf 88' lang='lat' dir='ltr'><strong>sane</strong></span> <span class='ocrx_word' id='word_1_307' title='bbox 3474 1314 3661 1382; x_wconf 82' lang='lat' dir='ltr'><strong>suspi-</strong></span> 
     </span>
    </p>
   </div>
   <div class='ocr_carea' id='block_1_42' title="bbox 2077 1403 3658 1476">
    <p class='ocr_par' dir='ltr' id='par_1_42' title="bbox 2077 1403 3658 1476">
     <span class='ocr_line' id='line_1_42' title="bbox 2077 1403 3658 1476; baseline -0.003 -13"><span class='ocrx_word' id='word_1_308' title='bbox 2077 1409 2220 1464; x_wconf 85' lang='lat' dir='ltr'><strong>ceris</strong></span> <span class='ocrx_word' id='word_1_309' title='bbox 2243 1451 2259 1476; x_wconf 89' lang='lat'><strong>,</strong></span> <span class='ocrx_word' id='word_1_310' title='bbox 2289 1417 2387 1463; x_wconf 89' lang='lat' dir='ltr'><strong>aut</strong></span> <span class='ocrx_word' id='word_1_311' title='bbox 2414 1406 2670 1463; x_wconf 78' lang='lat' dir='ltr'><strong>faucibus</strong></span> <span class='ocrx_word' id='word_1_312' title='bbox 2716 1406 3058 1462; x_wconf 84' lang='lat' dir='ltr'><strong>habenarum</strong></span> <span class='ocrx_word' id='word_1_313' title='bbox 3090 1405 3145 1459; x_wconf 88' lang='lat' dir='ltr'><strong>vi</strong></span> <span class='ocrx_word' id='word_1_314' title='bbox 3179 1403 3500 1461; x_wconf 86' lang='lat' dir='ltr'><strong>constrictis</strong></span> <span class='ocrx_word' id='word_1_315' title='bbox 3534 1419 3658 1458; x_wconf 83' lang='lat' dir='ltr'><strong>sese</strong></span> 
     </span>
    </p>
   </div>
   <div class='ocr_carea' id='block_1_43' title="bbox 2076 1496 3660 1572">
    <p class='ocr_par' dir='ltr' id='par_1_43' title="bbox 2076 1496 3660 1572">
     <span class='ocr_line' id='line_1_43' title="bbox 2076 1496 3660 1572; baseline -0.002 -18"><span class='ocrx_word' id='word_1_316' title='bbox 2076 1512 2284 1568; x_wconf 90' lang='lat' dir='ltr'><strong>equum</strong></span> <span class='ocrx_word' id='word_1_317' title='bbox 2312 1499 2591 1572; x_wconf 77' lang='lat' dir='ltr'><strong>arrigere,</strong></span> <span class='ocrx_word' id='word_1_318' title='bbox 2625 1506 2722 1552; x_wconf 91' lang='lat' dir='ltr'><strong>aut</strong></span> <span class='ocrx_word' id='word_1_319' title='bbox 2747 1498 2944 1553; x_wconf 80' lang='lat' dir='ltr'><strong>laxatis</strong></span> <span class='ocrx_word' id='word_1_320' title='bbox 2983 1496 3217 1553; x_wconf 89' lang='lat' dir='ltr'><strong>habenis</strong></span> <span class='ocrx_word' id='word_1_321' title='bbox 3244 1506 3355 1551; x_wconf 90' lang='lat' dir='ltr'><strong>tam</strong></span> <span class='ocrx_word' id='word_1_322' title='bbox 3385 1497 3660 1551; x_wconf 88' lang='lat' dir='ltr'><strong>concitato</strong></span> 
     </span>
    </p>
   </div>
   <div class='ocr_carea' id='block_1_44' title="bbox 2078 1590 3659 1660">
    <p class='ocr_par' dir='ltr' id='par_1_44' title="bbox 2078 1590 3659 1660">
     <span class='ocr_line' id='line_1_44' title="bbox 2078 1590 3659 1660; baseline -0.003 -13"><span class='ocrx_word' id='word_1_323' title='bbox 2078 1606 2246 1647; x_wconf 86' lang='lat' dir='ltr'><strong>cursu</strong></span> <span class='ocrx_word' id='word_1_324' title='bbox 2284 1590 2441 1655; x_wconf 86' lang='lat' dir='ltr'><strong>ferri,</strong></span> <span class='ocrx_word' id='word_1_325' title='bbox 2473 1601 2531 1646; x_wconf 90' lang='lat' dir='ltr'><strong>ut</strong></span> <span class='ocrx_word' id='word_1_326' title='bbox 2561 1606 2662 1660; x_wconf 89' lang='lat' dir='ltr'><strong>pes</strong></span> <span class='ocrx_word' id='word_1_327' title='bbox 2699 1591 2946 1646; x_wconf 86' lang='lat' dir='ltr'><strong>anterior</strong></span> <span class='ocrx_word' id='word_1_328' title='bbox 2980 1598 3186 1646; x_wconf 88' lang='lat' dir='ltr'><strong>terram</strong></span> <span class='ocrx_word' id='word_1_329' title='bbox 3217 1606 3327 1644; x_wconf 87' lang='lat' dir='ltr'><strong>non</strong></span> <span class='ocrx_word' id='word_1_330' title='bbox 3356 1591 3659 1659; x_wconf 77' lang='lat' dir='ltr'><strong>contingat,</strong></span> 
     </span>
    </p>
   </div>
   <div class='ocr_carea' id='block_1_45' title="bbox 2078 1682 3663 1753">
    <p class='ocr_par' dir='ltr' id='par_1_45' title="bbox 2078 1682 3663 1753">
     <span class='ocr_line' id='line_1_45' title="bbox 2078 1682 3663 1753; baseline -0.003 -15"><span class='ocrx_word' id='word_1_331' title='bbox 2078 1683 2466 1753; x_wconf 87' lang='lat' dir='ltr'><strong>posteriorque</strong></span> <span class='ocrx_word' id='word_1_332' title='bbox 2499 1682 2822 1753; x_wconf 66' lang='lat' dir='ltr'><strong>praeveniat.</strong></span> <span class='ocrx_word' id='word_1_333' title='bbox 2872 1682 2969 1745; x_wconf 34' lang='lat' dir='ltr'><strong>Ita.</strong></span> <span class='ocrx_word' id='word_1_334' title='bbox 3004 1698 3140 1749; x_wconf 82' lang='lat' dir='ltr'><strong>vero</strong></span> <span class='ocrx_word' id='word_1_335' title='bbox 3166 1697 3235 1736; x_wconf 84' lang='lat' dir='ltr'><strong>ex</strong></span> <span class='ocrx_word' id='word_1_336' title='bbox 3278 1682 3476 1752; x_wconf 86' lang='lat' dir='ltr'><strong>spiritu</strong></span> <span class='ocrx_word' id='word_1_337' title='bbox 3522 1696 3663 1751; x_wconf 86' lang='lat' dir='ltr'><strong>quo-</strong></span> 
     </span>
    </p>
   </div>
   <div class='ocr_carea' id='block_1_46' title="bbox 2079 1771 3658 1843">
    <p class='ocr_par' dir='ltr' id='par_1_46' title="bbox 2079 1771 3658 1843">
     <span class='ocr_line' id='line_1_46' title="bbox 2079 1771 3658 1843; baseline -0.004 -14"><span class='ocrx_word' id='word_1_338' title='bbox 2079 1775 2202 1829; x_wconf 89' lang='lat' dir='ltr'><strong>dam</strong></span> <span class='ocrx_word' id='word_1_339' title='bbox 2250 1775 2470 1829; x_wconf 89' lang='lat' dir='ltr'><strong>interno</strong></span> <span class='ocrx_word' id='word_1_340' title='bbox 2512 1785 2569 1829; x_wconf 91' lang='lat' dir='ltr'><strong>et</strong></span> <span class='ocrx_word' id='word_1_341' title='bbox 2602 1773 2842 1828; x_wconf 90' lang='lat' dir='ltr'><strong>naturali</strong></span> <span class='ocrx_word' id='word_1_342' title='bbox 2885 1773 3015 1842; x_wconf 91' lang='lat' dir='ltr'><strong>equi</strong></span> <span class='ocrx_word' id='word_1_343' title='bbox 3065 1782 3292 1843; x_wconf 80' lang='lat' dir='ltr'><strong>pectora</strong></span> <span class='ocrx_word' id='word_1_344' title='bbox 3333 1771 3658 1832; x_wconf 86' lang='lat' dir='ltr'><strong>dilatantur,</strong></span> 
     </span>
    </p>
   </div>
   <div class='ocr_carea' id='block_1_47' title="bbox 2078 1863 3660 1934">
    <p class='ocr_par' dir='ltr' id='par_1_47' title="bbox 2078 1863 3660 1934">
     <span class='ocr_line' id='line_1_47' title="bbox 2078 1863 3660 1934; baseline -0.003 -14"><span class='ocrx_word' id='word_1_345' title='bbox 2078 1874 2139 1920; x_wconf 89' lang='lat' dir='ltr'><strong>ut</strong></span> <span class='ocrx_word' id='word_1_346' title='bbox 2188 1865 2358 1920; x_wconf 89' lang='lat' dir='ltr'><strong>etiam</strong></span> <span class='ocrx_word' id='word_1_347' title='bbox 2412 1867 2694 1920; x_wconf 87' lang='lat' dir='ltr'><strong>musculos</strong></span> <span class='ocrx_word' id='word_1_348' title='bbox 2743 1865 3007 1920; x_wconf 86' lang='lat' dir='ltr'><strong>observes</strong></span> <span class='ocrx_word' id='word_1_349' title='bbox 3050 1880 3065 1930; x_wconf 92' lang='lat'><strong>;</strong></span> <span class='ocrx_word' id='word_1_350' title='bbox 3113 1864 3194 1919; x_wconf 92' lang='lat' dir='ltr'><strong>sic</strong></span> <span class='ocrx_word' id='word_1_351' title='bbox 3246 1863 3421 1920; x_wconf 89' lang='lat' dir='ltr'><strong>cauda</strong></span> <span class='ocrx_word' id='word_1_352' title='bbox 3468 1864 3660 1934; x_wconf 80' lang='lat' dir='ltr'><strong>vigore</strong></span> 
     </span>
    </p>
   </div>
   <div class='ocr_carea' id='block_1_48' title="bbox 2077 1956 3658 2028">
    <p class='ocr_par' dir='ltr' id='par_1_48' title="bbox 2077 1956 3658 2028">
     <span class='ocr_line' id='line_1_48' title="bbox 2077 1956 3658 2028; baseline -0.002 -16"><span class='ocrx_word' id='word_1_353' title='bbox 2077 1960 2238 2028; x_wconf 89' lang='lat' dir='ltr'><strong>plena</strong></span> <span class='ocrx_word' id='word_1_354' title='bbox 2292 1958 2576 2022; x_wconf 90' lang='lat' dir='ltr'><strong>cernitur,</strong></span> <span class='ocrx_word' id='word_1_355' title='bbox 2634 1966 2696 2012; x_wconf 92' lang='lat' dir='ltr'><strong>ut</strong></span> <span class='ocrx_word' id='word_1_356' title='bbox 2747 1974 2858 2011; x_wconf 90' lang='lat' dir='ltr'><strong>non</strong></span> <span class='ocrx_word' id='word_1_357' title='bbox 2914 1957 3155 2013; x_wconf 87' lang='lat' dir='ltr'><strong>demissa</strong></span> <span class='ocrx_word' id='word_1_358' title='bbox 3210 1956 3511 2023; x_wconf 86' lang='lat' dir='ltr'><strong>concidat;</strong></span> <span class='ocrx_word' id='word_1_359' title='bbox 3561 1957 3658 2010; x_wconf 90' lang='lat' dir='ltr'><strong>sed</strong></span> 
     </span>
    </p>
   </div>
   <div class='ocr_carea' id='block_1_49' title="bbox 2076 2046 3662 2119">
    <p class='ocr_par' dir='ltr' id='par_1_49' title="bbox 2076 2046 3662 2119">
     <span class='ocr_line' id='line_1_49' title="bbox 2076 2046 3662 2119; baseline -0.001 -18"><span class='ocrx_word' id='word_1_360' title='bbox 2076 2050 2230 2119; x_wconf 77' lang='lat' dir='ltr'><strong>quasi</strong></span> <span class='ocrx_word' id='word_1_361' title='bbox 2262 2059 2449 2104; x_wconf 88' lang='lat' dir='ltr'><strong>erecta</strong></span> <span class='ocrx_word' id='word_1_362' title='bbox 2482 2049 2748 2118; x_wconf 88' lang='lat' dir='ltr'><strong>primum,</strong></span> <span class='ocrx_word' id='word_1_363' title='bbox 2799 2048 3002 2103; x_wconf 89' lang='lat' dir='ltr'><strong>deinde</strong></span> <span class='ocrx_word' id='word_1_364' title='bbox 3034 2048 3268 2105; x_wconf 87' lang='lat' dir='ltr'><strong>remissa</strong></span> <span class='ocrx_word' id='word_1_365' title='bbox 3299 2047 3367 2102; x_wconf 88' lang='lat' dir='ltr'><strong>ad</strong></span> <span class='ocrx_word' id='word_1_366' title='bbox 3403 2046 3575 2117; x_wconf 90' lang='lat' dir='ltr'><strong>pedes</strong></span> <span class='ocrx_word' id='word_1_367' title='bbox 3604 2057 3662 2100; x_wconf 86' lang='lat' dir='ltr'><strong>et</strong></span> 
     </span>
    </p>
   </div>
   <div class='ocr_carea' id='block_1_50' title="bbox 2077 2138 3661 2198">
    <p class='ocr_par' dir='ltr' id='par_1_50' title="bbox 2077 2138 3661 2198">
     <span class='ocr_line' id='line_1_50' title="bbox 2077 2138 3661 2198; baseline -0.004 0"><span class='ocrx_word' id='word_1_368' title='bbox 2077 2143 2148 2198; x_wconf 89' lang='lat' dir='ltr'><strong>ad</strong></span> <span class='ocrx_word' id='word_1_369' title='bbox 2207 2153 2411 2196; x_wconf 89' lang='lat' dir='ltr'><strong>terram</strong></span> <span class='ocrx_word' id='word_1_370' title='bbox 2469 2141 2677 2196; x_wconf 74' lang='lat' dir='ltr'><strong>efﬂuat.</strong></span> <span class='ocrx_word' id='word_1_371' title='bbox 2737 2141 2795 2196; x_wconf 90' lang='lat' dir='ltr'><strong>ln</strong></span> <span class='ocrx_word' id='word_1_372' title='bbox 2845 2156 3119 2197; x_wconf 88' lang='lat' dir='ltr'><strong>sessorem</strong></span> <span class='ocrx_word' id='word_1_373' title='bbox 3174 2156 3308 2196; x_wconf 88' lang='lat' dir='ltr'><strong>vero</strong></span> <span class='ocrx_word' id='word_1_374' title='bbox 3364 2138 3661 2195; x_wconf 79' lang='lat' dir='ltr'><strong>confestim</strong></span> 
     </span>
    </p>
   </div>
   <div class='ocr_carea' id='block_1_51' title="bbox 2076 2230 3662 2301">
    <p class='ocr_par' dir='ltr' id='par_1_51' title="bbox 2076 2230 3662 2301">
     <span class='ocr_line' id='line_1_51' title="bbox 2076 2230 3662 2301; baseline -0.003 -14"><span class='ocrx_word' id='word_1_375' title='bbox 2076 2233 2272 2287; x_wconf 89' lang='lat' dir='ltr'><strong>oculos</strong></span> <span class='ocrx_word' id='word_1_376' title='bbox 2285 2230 2534 2300; x_wconf 85' lang='lat' dir='ltr'><strong>adiicias,</strong></span> <span class='ocrx_word' id='word_1_377' title='bbox 2553 2231 2799 2287; x_wconf 88' lang='lat' dir='ltr'><strong>cursoris</strong></span> <span class='ocrx_word' id='word_1_378' title='bbox 2821 2232 3027 2301; x_wconf 88' lang='lat' dir='ltr'><strong>equitis</strong></span> <span class='ocrx_word' id='word_1_379' title='bbox 3049 2232 3284 2287; x_wconf 81' lang='lat' dir='ltr'><strong>fortnam</strong></span> <span class='ocrx_word' id='word_1_380' title='bbox 3306 2230 3662 2295; x_wconf 78' lang='lat' dir='ltr'><strong>referentem,</strong></span> 
     </span>
    </p>
   </div>
   <div class='ocr_carea' id='block_1_52' title="bbox 2078 2322 3664 2394">
    <p class='ocr_par' dir='ltr' id='par_1_52' title="bbox 2078 2322 3664 2394">
     <span class='ocr_line' id='line_1_52' title="bbox 2078 2322 3664 2394; baseline -0.002 -16"><span class='ocrx_word' id='word_1_381' title='bbox 2078 2339 2141 2378; x_wconf 89' lang='lat' dir='ltr'><strong>ac</strong></span> <span class='ocrx_word' id='word_1_382' title='bbox 2169 2322 2340 2394; x_wconf 87' lang='lat' dir='ltr'><strong>pedes</strong></span> <span class='ocrx_word' id='word_1_383' title='bbox 2368 2322 2435 2377; x_wconf 90' lang='lat' dir='ltr'><strong>ad</strong></span> <span class='ocrx_word' id='word_1_384' title='bbox 2473 2331 2768 2393; x_wconf 85' lang='lat' dir='ltr'><strong>utrumque</strong></span> <span class='ocrx_word' id='word_1_385' title='bbox 2798 2324 2943 2379; x_wconf 87' lang='lat' dir='ltr'><strong>latus</strong></span> <span class='ocrx_word' id='word_1_386' title='bbox 2972 2325 3403 2380; x_wconf 88' lang='lat' dir='ltr'><strong>distendentem.</strong></span> <span class='ocrx_word' id='word_1_387' title='bbox 3431 2322 3664 2378; x_wconf 88' lang='lat' dir='ltr'><strong>Etiamsi</strong></span> 
     </span>
    </p>
   </div>
   <div class='ocr_carea' id='block_1_53' title="bbox 2077 2416 3664 2489">
    <p class='ocr_par' dir='ltr' id='par_1_53' title="bbox 2077 2416 3664 2489">
     <span class='ocr_line' id='line_1_53' title="bbox 2077 2416 3664 2489; baseline -0.001 -19"><span class='ocrx_word' id='word_1_388' title='bbox 2077 2432 2211 2472; x_wconf 78' lang='lat' dir='ltr'><strong>vero</strong></span> <span class='ocrx_word' id='word_1_389' title='bbox 2250 2416 2561 2471; x_wconf 84' lang='lat' dir='ltr'><strong>calcaribus</strong></span> <span class='ocrx_word' id='word_1_390' title='bbox 2599 2418 2906 2473; x_wconf 89' lang='lat' dir='ltr'><strong>instructus</strong></span> <span class='ocrx_word' id='word_1_391' title='bbox 2933 2422 3043 2485; x_wconf 88' lang='lat' dir='ltr'><strong>sit;</strong></span> <span class='ocrx_word' id='word_1_392' title='bbox 3076 2428 3135 2473; x_wconf 90' lang='lat' dir='ltr'><strong>at</strong></span> <span class='ocrx_word' id='word_1_393' title='bbox 3161 2420 3349 2474; x_wconf 86' lang='lat' dir='ltr'><strong>statim</strong></span> <span class='ocrx_word' id='word_1_394' title='bbox 3397 2416 3664 2489; x_wconf 86' lang='lat' dir='ltr'><strong>coniicias</strong></span> 
     </span>
    </p>
   </div>
   <div class='ocr_carea' id='block_1_54' title="bbox 2077 2507 3664 2579">
    <p class='ocr_par' dir='ltr' id='par_1_54' title="bbox 2077 2507 3664 2579">
     <span class='ocr_line' id='line_1_54' title="bbox 2077 2507 3664 2579; baseline -0.003 -15"><span class='ocrx_word' id='word_1_395' title='bbox 2077 2525 2147 2564; x_wconf 89' lang='lat' dir='ltr'><strong>ex</strong></span> <span class='ocrx_word' id='word_1_396' title='bbox 2182 2509 2308 2578; x_wconf 84' lang='lat' dir='ltr'><strong>equi</strong></span> <span class='ocrx_word' id='word_1_397' title='bbox 2360 2508 2648 2564; x_wconf 87' lang='lat' dir='ltr'><strong>alacritate</strong></span> <span class='ocrx_word' id='word_1_398' title='bbox 2675 2518 2733 2563; x_wconf 92' lang='lat' dir='ltr'><strong>et</strong></span> <span class='ocrx_word' id='word_1_399' title='bbox 2781 2510 3013 2575; x_wconf 89' lang='lat' dir='ltr'><strong>ferocia,</strong></span> <span class='ocrx_word' id='word_1_400' title='bbox 3068 2511 3246 2579; x_wconf 88' lang='lat' dir='ltr'><strong>ipsum</strong></span> <span class='ocrx_word' id='word_1_401' title='bbox 3277 2509 3397 2564; x_wconf 89' lang='lat' dir='ltr'><strong>sine</strong></span> <span class='ocrx_word' id='word_1_402' title='bbox 3439 2507 3664 2562; x_wconf 90' lang='lat' dir='ltr'><strong>stimulo</strong></span> 
     </span>
    </p>
   </div>
   <div class='ocr_carea' id='block_1_55' title="bbox 2076 2601 3663 2672">
    <p class='ocr_par' dir='ltr' id='par_1_55' title="bbox 2076 2601 3663 2672">
     <span class='ocr_line' id='line_1_55' title="bbox 2076 2601 3663 2672; baseline -0.003 -16"><span class='ocrx_word' id='word_1_403' title='bbox 2076 2617 2240 2671; x_wconf 87' lang='lat' dir='ltr'><strong>posse</strong></span> <span class='ocrx_word' id='word_1_404' title='bbox 2288 2602 2637 2672; x_wconf 89' lang='lat' dir='ltr'><strong>propositum</strong></span> <span class='ocrx_word' id='word_1_405' title='bbox 2684 2615 2910 2656; x_wconf 88' lang='lat' dir='ltr'><strong>cursum</strong></span> <span class='ocrx_word' id='word_1_406' title='bbox 2953 2602 3245 2672; x_wconf 88' lang='lat' dir='ltr'><strong>perlicere.</strong></span> <span class='ocrx_word' id='word_1_407' title='bbox 3277 2601 3454 2655; x_wconf 88' lang='lat' dir='ltr'><strong>Pedes</strong></span> <span class='ocrx_word' id='word_1_408' title='bbox 3477 2608 3663 2653; x_wconf 89' lang='lat' dir='ltr'><strong>autem</strong></span> 
     </span>
    </p>
   </div>
   <div class='ocr_carea' id='block_1_56' title="bbox 2079 2691 3662 2763">
    <p class='ocr_par' dir='ltr' id='par_1_56' title="bbox 2079 2691 3662 2763">
     <span class='ocr_line' id='line_1_56' title="bbox 2079 2691 3662 2763; baseline -0.001 -16"><span class='ocrx_word' id='word_1_409' title='bbox 2079 2692 2154 2747; x_wconf 89' lang='lat' dir='ltr'><strong>ita</strong></span> <span class='ocrx_word' id='word_1_410' title='bbox 2205 2692 2548 2763; x_wconf 77' lang='lat' dir='ltr'><strong>negligenter</strong></span> <span class='ocrx_word' id='word_1_411' title='bbox 2594 2692 2885 2762; x_wconf 89' lang='lat' dir='ltr'><strong>compositi</strong></span> <span class='ocrx_word' id='word_1_412' title='bbox 2934 2691 3217 2757; x_wconf 89' lang='lat' dir='ltr'><strong>videntur,</strong></span> <span class='ocrx_word' id='word_1_413' title='bbox 3273 2701 3333 2746; x_wconf 89' lang='lat' dir='ltr'><strong>ut</strong></span> <span class='ocrx_word' id='word_1_414' title='bbox 3383 2699 3568 2745; x_wconf 89' lang='lat' dir='ltr'><strong>tamen</strong></span> <span class='ocrx_word' id='word_1_415' title='bbox 3600 2705 3662 2745; x_wconf 86' lang='lat' dir='ltr'><strong>sc</strong></span> 
     </span>
    </p>
   </div>
   <div class='ocr_carea' id='block_1_57' title="bbox 2079 2779 3667 2851">
    <p class='ocr_par' dir='ltr' id='par_1_57' title="bbox 2079 2779 3667 2851">
     <span class='ocr_line' id='line_1_57' title="bbox 2079 2779 3667 2851; baseline -0.002 -15"><span class='ocrx_word' id='word_1_416' title='bbox 2079 2782 2183 2851; x_wconf 89' lang='lat' dir='ltr'><strong>ipsi</strong></span> <span class='ocrx_word' id='word_1_417' title='bbox 2237 2783 2582 2845; x_wconf 82' lang='lat' dir='ltr'><strong>contineant,</strong></span> <span class='ocrx_word' id='word_1_418' title='bbox 2614 2789 2671 2836; x_wconf 90' lang='lat' dir='ltr'><strong>et</strong></span> <span class='ocrx_word' id='word_1_419' title='bbox 2720 2797 2789 2836; x_wconf 90' lang='lat' dir='ltr'><strong>ex</strong></span> <span class='ocrx_word' id='word_1_420' title='bbox 2822 2782 2940 2851; x_wconf 92' lang='lat' dir='ltr'><strong>ipso</strong></span> <span class='ocrx_word' id='word_1_421' title='bbox 2973 2781 3158 2836; x_wconf 90' lang='lat' dir='ltr'><strong>cordis</strong></span> <span class='ocrx_word' id='word_1_422' title='bbox 3210 2789 3363 2835; x_wconf 86' lang='lat' dir='ltr'><strong>motu</strong></span> <span class='ocrx_word' id='word_1_423' title='bbox 3410 2779 3524 2850; x_wconf 88' lang='lat' dir='ltr'><strong>regi</strong></span> <span class='ocrx_word' id='word_1_424' title='bbox 3560 2795 3667 2847; x_wconf 85' lang='lat' dir='ltr'><strong>pu-</strong></span> 
     </span>
    </p>
   </div>
   <div class='ocr_carea' id='block_1_58' title="bbox 2080 2872 3663 2945">
    <p class='ocr_par' dir='ltr' id='par_1_58' title="bbox 2080 2872 3663 2945">
     <span class='ocr_line' id='line_1_58' title="bbox 2080 2872 3663 2945; baseline -0.003 -16"><span class='ocrx_word' id='word_1_425' title='bbox 2080 2883 2293 2942; x_wconf 88' lang='lat' dir='ltr'><strong>tentur,</strong></span> <span class='ocrx_word' id='word_1_426' title='bbox 2347 2876 2499 2932; x_wconf 90' lang='lat' dir='ltr'><strong>nulla</strong></span> <span class='ocrx_word' id='word_1_427' title='bbox 2554 2875 2823 2931; x_wconf 89' lang='lat' dir='ltr'><strong>seandula</strong></span> <span class='ocrx_word' id='word_1_428' title='bbox 2874 2890 2976 2945; x_wconf 89' lang='lat' dir='ltr'><strong>pro</strong></span> <span class='ocrx_word' id='word_1_429' title='bbox 3026 2889 3179 2929; x_wconf 89' lang='lat' dir='ltr'><strong>more</strong></span> <span class='ocrx_word' id='word_1_430' title='bbox 3230 2873 3464 2929; x_wconf 84' lang='lat' dir='ltr'><strong>suil‘ulti.</strong></span> <span class='ocrx_word' id='word_1_431' title='bbox 3526 2872 3663 2927; x_wconf 77' lang='lat' dir='ltr'><strong>Nam</strong></span> 
     </span>
    </p>
   </div>
   <div class='ocr_carea' id='block_1_59' title="bbox 2078 2964 3668 3037">
    <p class='ocr_par' dir='ltr' id='par_1_59' title="bbox 2078 2964 3668 3037">
     <span class='ocr_line' id='line_1_59' title="bbox 2078 2964 3668 3037; baseline -0.004 -16"><span class='ocrx_word' id='word_1_432' title='bbox 2078 2981 2224 3037; x_wconf 90' lang='lat' dir='ltr'><strong>equo</strong></span> <span class='ocrx_word' id='word_1_433' title='bbox 2263 2966 2467 3021; x_wconf 89' lang='lat' dir='ltr'><strong>insidet</strong></span> <span class='ocrx_word' id='word_1_434' title='bbox 2503 2971 2681 3021; x_wconf 83' lang='lat' dir='ltr'><strong>audax</strong></span> <span class='ocrx_word' id='word_1_435' title='bbox 2710 2965 2950 3036; x_wconf 86' lang='lat' dir='ltr'><strong>juvenis,</strong></span> <span class='ocrx_word' id='word_1_436' title='bbox 2985 2974 3133 3020; x_wconf 88' lang='lat' dir='ltr'><strong>totus</strong></span> <span class='ocrx_word' id='word_1_437' title='bbox 3160 2964 3415 3019; x_wconf 88' lang='lat' dir='ltr'><strong>sublimis</strong></span> <span class='ocrx_word' id='word_1_438' title='bbox 3447 2978 3512 3018; x_wconf 92' lang='lat' dir='ltr'><strong>ac</strong></span> <span class='ocrx_word' id='word_1_439' title='bbox 3537 2977 3668 3032; x_wconf 88' lang='lat' dir='ltr'><strong>pro-</strong></span> 
     </span>
    </p>
   </div>
   <div class='ocr_carea' id='block_1_60' title="bbox 2080 3053 3658 3128">
    <p class='ocr_par' dir='ltr' id='par_1_60' title="bbox 2080 3053 3658 3128">
     <span class='ocr_line' id='line_1_60' title="bbox 2080 3053 3658 3128; baseline -0.004 -15"><span class='ocrx_word' id='word_1_440' title='bbox 2080 3057 2172 3113; x_wconf 88' lang='lat' dir='ltr'><strong>cul</strong></span> <span class='ocrx_word' id='word_1_441' title='bbox 2226 3058 2560 3128; x_wconf 87' lang='lat' dir='ltr'><strong>inspectanti</strong></span> <span class='ocrx_word' id='word_1_442' title='bbox 2601 3056 2806 3111; x_wconf 89' lang='lat' dir='ltr'><strong>similis</strong></span> <span class='ocrx_word' id='word_1_443' title='bbox 2845 3075 2859 3110; x_wconf 85' lang='lat'><strong>:</strong></span> <span class='ocrx_word' id='word_1_444' title='bbox 2895 3055 2982 3109; x_wconf 80' lang='lat' dir='ltr'><strong>vir</strong></span> <span class='ocrx_word' id='word_1_445' title='bbox 3027 3071 3182 3118; x_wconf 87' lang='lat' dir='ltr'><strong>sane,</strong></span> <span class='ocrx_word' id='word_1_446' title='bbox 3226 3055 3321 3108; x_wconf 87' lang='lat' dir='ltr'><strong>sed</strong></span> <span class='ocrx_word' id='word_1_447' title='bbox 3365 3053 3658 3116; x_wconf 88' lang='lat' dir='ltr'><strong>imberbis,</strong></span> 
     </span>
    </p>
   </div>
   <div class='ocr_carea' id='block_1_61' title="bbox 397 3144 1978 3222">
    <p class='ocr_par' dir='ltr' id='par_1_61' title="bbox 397 3144 1977 3215">
     <span class='ocr_line' id='line_1_61' title="bbox 397 3144 1977 3215; baseline -0.002 -15"><span class='ocrx_word' id='word_1_448' title='bbox 397 3165 521 3211; x_wconf 88' lang='grc' dir='ltr'>νους</span> <span class='ocrx_word' id='word_1_449' title='bbox 564 3146 623 3212; x_wconf 81' lang='grc' dir='ltr'>ἐξ</span> <span class='ocrx_word' id='word_1_450' title='bbox 651 3146 964 3215; x_wconf 82' lang='grc' dir='ltr'>ἐφεστρίδος</span> <span class='ocrx_word' id='word_1_451' title='bbox 1013 3146 1154 3197; x_wconf 86' lang='grc' dir='ltr'>κατὰ</span> <span class='ocrx_word' id='word_1_452' title='bbox 1205 3145 1265 3198; x_wconf 84' lang='grc' dir='ltr'>τὸ</span> <span class='ocrx_word' id='word_1_453' title='bbox 1315 3146 1568 3213; x_wconf 82' lang='grc' dir='ltr'>σύνηθες.</span> <span class='ocrx_word' id='word_1_454' title='bbox 1614 3144 1977 3213; x_wconf 85' lang='grc' dir='ltr'>Ἐπικάθηται</span> 
     </span>
    </p>
   </div>
   <div class='ocr_carea' id='block_1_62' title="bbox 2080 3144 3663 3222">
    <p class='ocr_par' dir='ltr' id='par_1_62' title="bbox 2083 3144 3663 3219">
     <span class='ocr_line' id='line_1_62' title="bbox 2083 3144 3663 3219; baseline -0.004 -15"><span class='ocrx_word' id='word_1_455' title='bbox 2083 3150 2245 3219; x_wconf 87' lang='lat' dir='ltr'><strong>cuius</strong></span> <span class='ocrx_word' id='word_1_456' title='bbox 2277 3164 2435 3204; x_wconf 88' lang='lat' dir='ltr'><strong>coma</strong></span> <span class='ocrx_word' id='word_1_457' title='bbox 2487 3164 2518 3203; x_wconf 90' lang='lat' dir='ltr'><strong>a</strong></span> <span class='ocrx_word' id='word_1_458' title='bbox 2564 3147 2751 3202; x_wconf 90' lang='lat' dir='ltr'><strong>fronte</strong></span> <span class='ocrx_word' id='word_1_459' title='bbox 2799 3147 3059 3210; x_wconf 74' lang='lat' dir='ltr'><strong>detonsa,</strong></span> <span class='ocrx_word' id='word_1_460' title='bbox 3106 3161 3249 3217; x_wconf 91' lang='lat' dir='ltr'><strong>pone</strong></span> <span class='ocrx_word' id='word_1_461' title='bbox 3284 3161 3421 3200; x_wconf 86' lang='lat' dir='ltr'><strong>vero</strong></span> <span class='ocrx_word' id='word_1_462' title='bbox 3454 3160 3557 3200; x_wconf 90' lang='lat' dir='ltr'><strong>nec</strong></span> <span class='ocrx_word' id='word_1_463' title='bbox 3594 3144 3663 3198; x_wconf 85' lang='lat' dir='ltr'><strong>ad</strong></span> 
     </span>
    </p>
   </div>
   <div class='ocr_carea' id='block_1_63' title="bbox 396 3235 1979 3309">
    <p class='ocr_par' dir='ltr' id='par_1_63' title="bbox 396 3235 1979 3309">
     <span class='ocr_line' id='line_1_63' title="bbox 396 3235 1979 3309; baseline -0.003 -15"><span class='ocrx_word' id='word_1_464' title='bbox 396 3240 506 3309; x_wconf 78' lang='grc' dir='ltr'>γὰρ</span> <span class='ocrx_word' id='word_1_465' title='bbox 530 3238 606 3309; x_wconf 85' lang='grc' dir='ltr'><strong>τῷ</strong></span> <span class='ocrx_word' id='word_1_466' title='bbox 632 3239 785 3308; x_wconf 78' lang='grc' dir='ltr'>ἵππῳ</span> <span class='ocrx_word' id='word_1_467' title='bbox 809 3236 1048 3308; x_wconf 68' lang='grc' dir='ltr'>θαρρῶν,</span> <span class='ocrx_word' id='word_1_468' title='bbox 1074 3235 1308 3306; x_wconf 74' lang='grc' dir='ltr'>ἱππότης</span> <span class='ocrx_word' id='word_1_469' title='bbox 1333 3236 1601 3299; x_wconf 80' lang='grc' dir='ltr'>νεανικὸς,</span> <span class='ocrx_word' id='word_1_470' title='bbox 1627 3237 1748 3299; x_wconf 84' lang='grc' dir='ltr'>ὅλος</span> <span class='ocrx_word' id='word_1_471' title='bbox 1775 3236 1979 3307; x_wconf 78' lang='grc' dir='ltr'>μετάρο</span> 
     </span>
    </p>
   </div>
   <div class='ocr_carea' id='block_1_64' title="bbox 397 3328 1981 3399">
    <p class='ocr_par' dir='ltr' id='par_1_64' title="bbox 397 3328 1981 3399">
     <span class='ocr_line' id='line_1_64' title="bbox 397 3328 1981 3399; baseline -0.003 -14"><span class='ocrx_word' id='word_1_472' title='bbox 397 3350 533 3397; x_wconf 89' lang='grc' dir='ltr'>σιος,</span> <span class='ocrx_word' id='word_1_473' title='bbox 571 3333 665 3384; x_wconf 83' lang='grc' dir='ltr'>καὶ</span> <span class='ocrx_word' id='word_1_474' title='bbox 698 3331 893 3392; x_wconf 80' lang='grc' dir='ltr'>ἐοικὼς</span> <span class='ocrx_word' id='word_1_475' title='bbox 932 3329 1154 3398; x_wconf 83' lang='grc' dir='ltr'>μακρὰν</span> <span class='ocrx_word' id='word_1_476' title='bbox 1189 3328 1481 3398; x_wconf 85' lang='grc' dir='ltr'>βλέποντι·</span> <span class='ocrx_word' id='word_1_477' title='bbox 1518 3328 1655 3398; x_wconf 81' lang='grc' dir='ltr'>ἀνὴρ</span> <span class='ocrx_word' id='word_1_478' title='bbox 1684 3329 1746 3382; x_wconf 87' lang='grc' dir='ltr'><strong>ού</strong></span> <span class='ocrx_word' id='word_1_479' title='bbox 1778 3329 1981 3399; x_wconf 85' lang='grc' dir='ltr'>τριχώ-</span> 
     </span>
    </p>
   </div>
   <div class='ocr_carea' id='block_1_65' title="bbox 398 3418 1982 3494">
    <p class='ocr_par' dir='ltr' id='par_1_65' title="bbox 398 3418 1982 3494">
     <span class='ocr_line' id='line_1_65' title="bbox 398 3418 1982 3494; baseline -0.004 -16"><span class='ocrx_word' id='word_1_480' title='bbox 398 3441 482 3477; x_wconf 89' lang='grc' dir='ltr'><strong>σει</strong></span> <span class='ocrx_word' id='word_1_481' title='bbox 514 3423 669 3494; x_wconf 78' lang='grc' dir='ltr'>φίλος</span> <span class='ocrx_word' id='word_1_482' title='bbox 697 3421 767 3475; x_wconf 79' lang='grc' dir='ltr'>τὰ</span> <span class='ocrx_word' id='word_1_483' title='bbox 801 3421 937 3491; x_wconf 81' lang='grc' dir='ltr'>πρὸς</span> <span class='ocrx_word' id='word_1_484' title='bbox 965 3420 1178 3490; x_wconf 80' lang='grc' dir='ltr'>ὑπήνην</span> <span class='ocrx_word' id='word_1_485' title='bbox 1197 3435 1212 3450; x_wconf 74' lang='grc' dir='ltr'><strong>ο</strong></span> <span class='ocrx_word' id='word_1_486' title='bbox 1245 3419 1347 3481; x_wconf 84' lang='grc' dir='ltr'><strong>τὰς</strong></span> <span class='ocrx_word' id='word_1_487' title='bbox 1374 3418 1420 3472; x_wconf 91' lang='grc' dir='ltr'>δ’</span> <span class='ocrx_word' id='word_1_488' title='bbox 1445 3419 1554 3473; x_wconf 80' lang='grc' dir='ltr'><strong>ἀπὸ</strong></span> <span class='ocrx_word' id='word_1_489' title='bbox 1584 3420 1831 3488; x_wconf 84' lang='grc' dir='ltr'>κεφαλῆς</span> <span class='ocrx_word' id='word_1_490' title='bbox 1861 3420 1982 3489; x_wconf 81' lang='grc' dir='ltr'>τρί-</span> 
     </span>
    </p>
   </div>
   <div class='ocr_carea' id='block_1_66' title="bbox 395 3510 1978 3588">
    <p class='ocr_par' dir='ltr' id='par_1_66' title="bbox 395 3510 1978 3588">
     <span class='ocr_line' id='line_1_66' title="bbox 395 3510 1978 3588; baseline -0.004 -18"><span class='ocrx_word' id='word_1_491' title='bbox 395 3534 496 3588; x_wconf 85' lang='grc' dir='ltr'><strong>χας</strong></span> <span class='ocrx_word' id='word_1_492' title='bbox 513 3518 532 3538; x_wconf 78' lang='grc'>⁶</span> <span class='ocrx_word' id='word_1_493' title='bbox 554 3513 925 3585; x_wconf 82' lang='grc' dir='ltr'>άπεθριμένος</span> <span class='ocrx_word' id='word_1_494' title='bbox 961 3512 1060 3582; x_wconf 82' lang='grc' dir='ltr'>μὲν</span> <span class='ocrx_word' id='word_1_495' title='bbox 1081 3512 1149 3564; x_wconf 78' lang='grc' dir='ltr'><strong>τὰ</strong></span> <span class='ocrx_word' id='word_1_496' title='bbox 1175 3511 1231 3574; x_wconf 84' lang='grc' dir='ltr'><strong>ἐς</strong></span> <span class='ocrx_word' id='word_1_497' title='bbox 1264 3511 1518 3581; x_wconf 85' lang='grc' dir='ltr'>μέτωπον</span> <span class='ocrx_word' id='word_1_498' title='bbox 1538 3528 1552 3543; x_wconf 72' lang='grc' dir='ltr'><strong>ο</strong></span> <span class='ocrx_word' id='word_1_499' title='bbox 1574 3510 1640 3562; x_wconf 80' lang='grc' dir='ltr'>τὰ</span> <span class='ocrx_word' id='word_1_500' title='bbox 1665 3510 1710 3564; x_wconf 80' lang='grc' dir='ltr'>δ’</span> <span class='ocrx_word' id='word_1_501' title='bbox 1730 3510 1978 3578; x_wconf 76' lang='grc' dir='ltr'>ὄπισθεν,</span> 
     </span>
    </p>
   </div>
   <div class='ocr_carea' id='block_1_67' title="bbox 394 3603 1982 3676">
    <p class='ocr_par' dir='ltr' id='par_1_67' title="bbox 394 3603 1982 3676">
     <span class='ocr_line' id='line_1_67' title="bbox 394 3603 1982 3676; baseline -0.004 -15"><span class='ocrx_word' id='word_1_502' title='bbox 394 3608 515 3662; x_wconf 88' lang='grc' dir='ltr'><strong>ούδέ</strong></span> <span class='ocrx_word' id='word_1_503' title='bbox 564 3606 727 3676; x_wconf 86' lang='grc' dir='ltr'>μέχρι</span> <span class='ocrx_word' id='word_1_504' title='bbox 759 3604 1011 3674; x_wconf 81' lang='grc' dir='ltr'>αὐχένος,</span> <span class='ocrx_word' id='word_1_505' title='bbox 1060 3603 1185 3657; x_wconf 85' lang='grc' dir='ltr'>ὅσον</span> <span class='ocrx_word' id='word_1_506' title='bbox 1223 3604 1318 3656; x_wconf 72' lang='grc' dir='ltr'>καὶ</span> <span class='ocrx_word' id='word_1_507' title='bbox 1353 3603 1516 3657; x_wconf 81' lang='grc' dir='ltr'>αὑτὸν</span> <span class='ocrx_word' id='word_1_508' title='bbox 1544 3604 1776 3672; x_wconf 81' lang='grc' dir='ltr'>ὁρᾶσθαι</span> <span class='ocrx_word' id='word_1_509' title='bbox 1807 3605 1982 3675; x_wconf 80' lang='grc' dir='ltr'>κουρᾷ</span> 
     </span>
    </p>
   </div>
   <div class='ocr_carea' id='block_1_68' title="bbox 394 3692 1980 3771">
    <p class='ocr_par' dir='ltr' id='par_1_68' title="bbox 394 3692 1980 3771">
     <span class='ocr_line' id='line_1_68' title="bbox 394 3692 1980 3771; baseline 0.006 -23"><span class='ocrx_word' id='word_1_510' title='bbox 394 3699 677 3771; x_wconf 79' lang='grc' dir='ltr'>χαίροντα.</span> <span class='ocrx_word' id='word_1_511' title='bbox 711 3692 839 3750; x_wconf 74' lang='grc' dir='ltr'>Οἷον</span> <span class='ocrx_word' id='word_1_512' title='bbox 882 3697 938 3749; x_wconf 86' lang='grc' dir='ltr'><strong>δέ</strong></span> <span class='ocrx_word' id='word_1_513' title='bbox 980 3697 1074 3749; x_wconf 78' lang='grc' dir='ltr'>καὶ</span> <span class='ocrx_word' id='word_1_514' title='bbox 1113 3696 1176 3749; x_wconf 77' lang='grc' dir='ltr'><strong>τὸ</strong></span> <span class='ocrx_word' id='word_1_515' title='bbox 1223 3695 1318 3747; x_wconf 79' lang='grc' dir='ltr'>ἐπὶ</span> <span class='ocrx_word' id='word_1_516' title='bbox 1369 3695 1612 3766; x_wconf 82' lang='grc' dir='ltr'>κεφαλῆς</span> <span class='ocrx_word' id='word_1_517' title='bbox 1643 3696 1863 3766; x_wconf 78' lang='grc' dir='ltr'>κράνος.</span> <span class='ocrx_word' id='word_1_518' title='bbox 1904 3695 1980 3758; x_wconf 79' lang='grc' dir='ltr'><strong>ὼς</strong></span> 
     </span>
    </p>
   </div>
   <div class='ocr_carea' id='block_1_69' title="bbox 396 3786 1978 3863">
    <p class='ocr_par' dir='ltr' id='par_1_69' title="bbox 396 3786 1978 3863">
     <span class='ocr_line' id='line_1_69' title="bbox 396 3786 1978 3863; baseline 0 -19"><span class='ocrx_word' id='word_1_519' title='bbox 396 3793 565 3863; x_wconf 84' lang='grc' dir='ltr'>μηδὲν</span> <span class='ocrx_word' id='word_1_520' title='bbox 617 3787 1039 3854; x_wconf 84' lang='grc' dir='ltr'>ἐπικαλύπτειν,</span> <span class='ocrx_word' id='word_1_521' title='bbox 1091 3788 1187 3842; x_wconf 75' lang='grc' dir='ltr'>καὶ</span> <span class='ocrx_word' id='word_1_522' title='bbox 1238 3786 1338 3858; x_wconf 84' lang='grc' dir='ltr'>τὴν</span> <span class='ocrx_word' id='word_1_523' title='bbox 1391 3787 1666 3859; x_wconf 82' lang='grc' dir='ltr'>φοροῦντα</span> <span class='ocrx_word' id='word_1_524' title='bbox 1731 3790 1978 3859; x_wconf 81' lang='grc' dir='ltr'>κοσμεῖν.</span> 
     </span>
    </p>
   </div>
   <div class='ocr_carea' id='block_1_70' title="bbox 394 3879 1983 3953">
    <p class='ocr_par' dir='ltr' id='par_1_70' title="bbox 394 3879 1983 3953">
     <span class='ocr_line' id='line_1_70' title="bbox 394 3879 1983 3953; baseline -0.002 -16"><span class='ocrx_word' id='word_1_525' title='bbox 394 3884 531 3939; x_wconf 77' lang='grc' dir='ltr'>Οὐδὲ</span> <span class='ocrx_word' id='word_1_526' title='bbox 562 3884 674 3953; x_wconf 82' lang='grc' dir='ltr'>γὰρ</span> <span class='ocrx_word' id='word_1_527' title='bbox 732 3880 878 3935; x_wconf 82' lang='grc' dir='ltr'>κατὰ</span> <span class='ocrx_word' id='word_1_528' title='bbox 932 3881 1139 3944; x_wconf 80' lang='grc' dir='ltr'>πλάτος</span> <span class='ocrx_word' id='word_1_529' title='bbox 1178 3879 1493 3933; x_wconf 79' lang='grc' dir='ltr'>ἐπίκειταιο</span> <span class='ocrx_word' id='word_1_530' title='bbox 1530 3880 1654 3934; x_wconf 83' lang='grc' dir='ltr'>οὐδέ</span> <span class='ocrx_word' id='word_1_531' title='bbox 1714 3896 1779 3949; x_wconf 88' lang='grc' dir='ltr'><strong>γε</strong></span> <span class='ocrx_word' id='word_1_532' title='bbox 1834 3880 1983 3935; x_wconf 83' lang='grc' dir='ltr'>κατὰ</span> 
     </span>
    </p>
   </div>
   <div class='ocr_carea' id='block_1_71' title="bbox 394 3971 1977 4045">
    <p class='ocr_par' dir='ltr' id='par_1_71' title="bbox 394 3971 1977 4045">
     <span class='ocr_line' id='line_1_71' title="bbox 394 3971 1977 4045; baseline -0.002 -15"><span class='ocrx_word' id='word_1_533' title='bbox 394 3976 594 4030; x_wconf 84' lang='grc' dir='ltr'>κύκλον</span> <span class='ocrx_word' id='word_1_534' title='bbox 648 3973 1110 4043; x_wconf 84' lang='grc' dir='ltr'>ἀποτετόρνευται</span> <span class='ocrx_word' id='word_1_535' title='bbox 1135 3990 1151 4004; x_wconf 78' lang='grc' dir='ltr'><strong>ο</strong></span> <span class='ocrx_word' id='word_1_536' title='bbox 1183 3972 1300 4026; x_wconf 84' lang='grc' dir='ltr'>ἀλλ’</span> <span class='ocrx_word' id='word_1_537' title='bbox 1352 3973 1480 4027; x_wconf 82' lang='grc' dir='ltr'>ὅσον</span> <span class='ocrx_word' id='word_1_538' title='bbox 1514 3973 1613 4044; x_wconf 79' lang='grc' dir='ltr'>μὲν</span> <span class='ocrx_word' id='word_1_539' title='bbox 1645 3971 1878 4042; x_wconf 49' lang='grc' dir='ltr'>ςέγγίζει</span> <span class='ocrx_word' id='word_1_540' title='bbox 1910 3977 1977 4045; x_wconf 81' lang='grc' dir='ltr'>τῇ</span> 
     </span>
    </p>
   </div>
   <div class='ocr_carea' id='block_1_72' title="bbox 394 4058 1979 4137">
    <p class='ocr_par' dir='ltr' id='par_1_72' title="bbox 394 4058 1979 4137">
     <span class='ocr_line' id='line_1_72' title="bbox 394 4058 1979 4137; baseline 0 -18"><span class='ocrx_word' id='word_1_541' title='bbox 394 4065 632 4136; x_wconf 79' lang='grc' dir='ltr'>κεφαλῇ,</span> <span class='ocrx_word' id='word_1_542' title='bbox 667 4064 935 4133; x_wconf 85' lang='grc' dir='ltr'>στέφανος</span> <span class='ocrx_word' id='word_1_543' title='bbox 965 4058 1109 4118; x_wconf 85' lang='grc' dir='ltr'>εῐναι</span> <span class='ocrx_word' id='word_1_544' title='bbox 1147 4063 1315 4131; x_wconf 85' lang='grc' dir='ltr'>δοκεῖ,</span> <span class='ocrx_word' id='word_1_545' title='bbox 1351 4065 1661 4135; x_wconf 83' lang='grc' dir='ltr'>κροτάφους</span> <span class='ocrx_word' id='word_1_546' title='bbox 1703 4066 1979 4137; x_wconf 84' lang='grc' dir='ltr'>περιγρά-</span> 
     </span>
    </p>
   </div>
   <div class='ocr_carea' id='block_1_73' title="bbox 284 4154 1978 4229">
    <p class='ocr_par' dir='ltr' id='par_1_73' title="bbox 284 4154 1978 4229">
     <span class='ocr_line' id='line_1_73' title="bbox 284 4154 1978 4229; baseline 0.001 -17"><span class='ocrx_word' id='word_1_547' title='bbox 284 4154 289 4155; x_wconf 23' lang='grc' dir='ltr'>ί</span> <span class='ocrx_word' id='word_1_548' title='bbox 395 4175 511 4229; x_wconf 89' lang='grc' dir='ltr'><strong>φων</strong></span> <span class='ocrx_word' id='word_1_549' title='bbox 545 4158 603 4222; x_wconf 79' lang='grc' dir='ltr'>ἐξ</span> <span class='ocrx_word' id='word_1_550' title='bbox 640 4157 757 4210; x_wconf 90' lang='grc' dir='ltr'>ῖσου</span> <span class='ocrx_word' id='word_1_551' title='bbox 793 4156 889 4209; x_wconf 79' lang='grc' dir='ltr'>καὶ</span> <span class='ocrx_word' id='word_1_552' title='bbox 935 4156 1206 4227; x_wconf 79' lang='grc' dir='ltr'>μέτωπον.</span> <span class='ocrx_word' id='word_1_553' title='bbox 1249 4157 1323 4211; x_wconf 85' lang='grc' dir='ltr'><strong>Τὸ</strong></span> <span class='ocrx_word' id='word_1_554' title='bbox 1352 4156 1398 4210; x_wconf 84' lang='grc' dir='ltr'>δ’</span> <span class='ocrx_word' id='word_1_555' title='bbox 1429 4157 1684 4211; x_wconf 85' lang='grc' dir='ltr'>ἐντεῦθεν</span> <span class='ocrx_word' id='word_1_556' title='bbox 1721 4158 1816 4212; x_wconf 78' lang='grc' dir='ltr'><strong>καὶ</strong></span> <span class='ocrx_word' id='word_1_557' title='bbox 1841 4158 1978 4226; x_wconf 81' lang='grc' dir='ltr'>ἄνω,</span> 
     </span>
    </p>
   </div>
   <div class='ocr_carea' id='block_1_74' title="bbox 394 4247 1977 4320">
    <p class='ocr_par' dir='ltr' id='par_1_74' title="bbox 394 4247 1977 4320">
     <span class='ocr_line' id='line_1_74' title="bbox 394 4247 1977 4320; baseline 0.003 -19"><span class='ocrx_word' id='word_1_558' title='bbox 394 4249 579 4320; x_wconf 61' lang='grc' dir='ltr'><strong>¹ἠρέμα</strong></span> <span class='ocrx_word' id='word_1_559' title='bbox 622 4247 767 4302; x_wconf 86' lang='grc' dir='ltr'>κατὰ</span> <span class='ocrx_word' id='word_1_560' title='bbox 800 4247 976 4318; x_wconf 85' lang='grc' dir='ltr'>μῆκος</span> <span class='ocrx_word' id='word_1_561' title='bbox 1021 4247 1329 4313; x_wconf 81' lang='grc' dir='ltr'>ἐκτέταται,</span> <span class='ocrx_word' id='word_1_562' title='bbox 1353 4251 1451 4304; x_wconf 80' lang='grc' dir='ltr'>καὶ</span> <span class='ocrx_word' id='word_1_563' title='bbox 1492 4251 1551 4314; x_wconf 84' lang='grc' dir='ltr'><strong>ἐς</strong></span> <span class='ocrx_word' id='word_1_564' title='bbox 1585 4251 1721 4305; x_wconf 87' lang='grc' dir='ltr'>πολὺ</span> <span class='ocrx_word' id='word_1_565' title='bbox 1752 4250 1977 4320; x_wconf 84' lang='grc' dir='ltr'>φθάνον,</span> 
     </span>
    </p>
   </div>
   <div class='ocr_carea' id='block_1_75' title="bbox 393 4340 1978 4416">
    <p class='ocr_par' dir='ltr' id='par_1_75' title="bbox 393 4340 1978 4416">
     <span class='ocr_line' id='line_1_75' title="bbox 393 4340 1978 4416; baseline 0.002 -22"><span class='ocrx_word' id='word_1_566' title='bbox 393 4342 571 4411; x_wconf 85' lang='grc' dir='ltr'>πτερὰ</span> <span class='ocrx_word' id='word_1_567' title='bbox 597 4343 662 4410; x_wconf 75' lang='grc' dir='ltr'>τῇ</span> <span class='ocrx_word' id='word_1_568' title='bbox 700 4342 910 4410; x_wconf 78' lang='grc' dir='ltr'>κεφαλῇ</span> <span class='ocrx_word' id='word_1_569' title='bbox 943 4340 1236 4411; x_wconf 80' lang='grc' dir='ltr'>χρυσαυγῆ</span> <span class='ocrx_word' id='word_1_570' title='bbox 1273 4342 1488 4412; x_wconf 83' lang='grc' dir='ltr'>γίνεται</span> <span class='ocrx_word' id='word_1_571' title='bbox 1508 4359 1522 4374; x_wconf 86' lang='grc'><strong>·</strong></span> <span class='ocrx_word' id='word_1_572' title='bbox 1555 4343 1650 4398; x_wconf 80' lang='grc' dir='ltr'>καὶ</span> <span class='ocrx_word' id='word_1_573' title='bbox 1696 4343 1760 4398; x_wconf 78' lang='grc' dir='ltr'>τὸ</span> <span class='ocrx_word' id='word_1_574' title='bbox 1788 4344 1978 4416; x_wconf 87' lang='grc' dir='ltr'>χρῆμα</span> 
     </span>
    </p>
   </div>
   <div class='ocr_carea' id='block_1_76' title="bbox 392 4431 1978 4507">
    <p class='ocr_par' dir='ltr' id='par_1_76' title="bbox 392 4431 1978 4507">
     <span class='ocr_line' id='line_1_76' title="bbox 392 4431 1978 4507; baseline -0.001 -15"><span class='ocrx_word' id='word_1_575' title='bbox 392 4440 489 4493; x_wconf 79' lang='grc' dir='ltr'>καὶ</span> <span class='ocrx_word' id='word_1_576' title='bbox 521 4438 580 4501; x_wconf 85' lang='grc' dir='ltr'><strong>ἐς</strong></span> <span class='ocrx_word' id='word_1_577' title='bbox 605 4437 706 4506; x_wconf 75' lang='grc' dir='ltr'>ἐμὲ</span> <span class='ocrx_word' id='word_1_578' title='bbox 732 4431 800 4507; x_wconf 80' lang='grc' dir='ltr'>ἦν</span> <span class='ocrx_word' id='word_1_579' title='bbox 824 4435 1084 4505; x_wconf 80' lang='grc' dir='ltr'>ἀκέραιον</span> <span class='ocrx_word' id='word_1_580' title='bbox 1106 4448 1122 4464; x_wconf 86' lang='grc'><strong>·</strong></span> <span class='ocrx_word' id='word_1_581' title='bbox 1152 4434 1357 4505; x_wconf 84' lang='grc' dir='ltr'>ἀνέμου</span> <span class='ocrx_word' id='word_1_582' title='bbox 1387 4434 1443 4488; x_wconf 82' lang='grc' dir='ltr'><strong>δέ</strong></span> <span class='ocrx_word' id='word_1_583' title='bbox 1470 4452 1601 4489; x_wconf 87' lang='grc' dir='ltr'>ποτε</span> <span class='ocrx_word' id='word_1_584' title='bbox 1645 4436 1978 4501; x_wconf 85' lang='grc' dir='ltr'>πνεύσαντος</span> 
     </span>
    </p>
   </div>
   <div class='ocr_carea' id='block_1_77' title="bbox 2085 3239 3664 3312">
    <p class='ocr_par' dir='ltr' id='par_1_77' title="bbox 2085 3239 3664 3312">
     <span class='ocr_line' id='line_1_77' title="bbox 2085 3239 3664 3312; baseline -0.005 -13"><span class='ocrx_word' id='word_1_585' title='bbox 2085 3243 2288 3299; x_wconf 92' lang='lat' dir='ltr'><strong>collum</strong></span> <span class='ocrx_word' id='word_1_586' title='bbox 2350 3256 2527 3312; x_wconf 87' lang='lat' dir='ltr'><strong>usque</strong></span> <span class='ocrx_word' id='word_1_587' title='bbox 2576 3240 2927 3306; x_wconf 79' lang='lat' dir='ltr'><strong>demittitur;</strong></span> <span class='ocrx_word' id='word_1_588' title='bbox 2977 3249 3037 3293; x_wconf 93' lang='lat' dir='ltr'><strong>ut</strong></span> <span class='ocrx_word' id='word_1_589' title='bbox 3065 3239 3311 3295; x_wconf 68' lang='lat' dir='ltr'><strong>aestimes</strong></span> <span class='ocrx_word' id='word_1_590' title='bbox 3352 3239 3506 3292; x_wconf 89' lang='lat' dir='ltr'><strong>illum</strong></span> <span class='ocrx_word' id='word_1_591' title='bbox 3539 3248 3664 3292; x_wconf 86' lang='lat' dir='ltr'><strong>ton—</strong></span> 
     </span>
    </p>
   </div>
   <div class='ocr_carea' id='block_1_78' title="bbox 2082 3330 3663 3404">
    <p class='ocr_par' dir='ltr' id='par_1_78' title="bbox 2082 3330 3663 3404">
     <span class='ocr_line' id='line_1_78' title="bbox 2082 3330 3663 3404; baseline -0.005 -14"><span class='ocrx_word' id='word_1_592' title='bbox 2082 3349 2214 3390; x_wconf 87' lang='lat' dir='ltr'><strong>sura</strong></span> <span class='ocrx_word' id='word_1_593' title='bbox 2257 3334 2543 3390; x_wconf 86' lang='lat' dir='ltr'><strong>deleetari.</strong></span> <span class='ocrx_word' id='word_1_594' title='bbox 2575 3333 2901 3404; x_wconf 87' lang='lat' dir='ltr'><strong>Cuiusmodi</strong></span> <span class='ocrx_word' id='word_1_595' title='bbox 2945 3342 3131 3387; x_wconf 89' lang='lat' dir='ltr'><strong>autem</strong></span> <span class='ocrx_word' id='word_1_596' title='bbox 3162 3333 3343 3402; x_wconf 85' lang='lat' dir='ltr'><strong>galea,</strong></span> <span class='ocrx_word' id='word_1_597' title='bbox 3372 3346 3495 3401; x_wconf 70' lang='lat' dir='ltr'><strong>qua:</strong></span> <span class='ocrx_word' id='word_1_598' title='bbox 3524 3330 3663 3383; x_wconf 85' lang='lat' dir='ltr'><strong>nihil</strong></span> 
     </span>
    </p>
   </div>
   <div class='ocr_carea' id='block_1_79' title="bbox 2082 3420 3665 3495">
    <p class='ocr_par' dir='ltr' id='par_1_79' title="bbox 2082 3420 3665 3495">
     <span class='ocr_line' id='line_1_79' title="bbox 2082 3420 3665 3495; baseline -0.004 -17"><span class='ocrx_word' id='word_1_599' title='bbox 2082 3425 2304 3495; x_wconf 85' lang='lat' dir='ltr'><strong>obtegat</strong></span> <span class='ocrx_word' id='word_1_600' title='bbox 2337 3432 2394 3479; x_wconf 89' lang='lat' dir='ltr'><strong>et</strong></span> <span class='ocrx_word' id='word_1_601' title='bbox 2427 3423 2674 3494; x_wconf 89' lang='lat' dir='ltr'><strong>equitem</strong></span> <span class='ocrx_word' id='word_1_602' title='bbox 2702 3421 2978 3478; x_wconf 82' lang='lat' dir='ltr'><strong>exornet?</strong></span> <span class='ocrx_word' id='word_1_603' title='bbox 3023 3437 3204 3491; x_wconf 87' lang='lat' dir='ltr'><strong>neque</strong></span> <span class='ocrx_word' id='word_1_604' title='bbox 3229 3422 3379 3476; x_wconf 88' lang='lat' dir='ltr'><strong>enim</strong></span> <span class='ocrx_word' id='word_1_605' title='bbox 3408 3420 3496 3475; x_wconf 88' lang='lat' dir='ltr'><strong>vel</strong></span> <span class='ocrx_word' id='word_1_606' title='bbox 3522 3420 3665 3474; x_wconf 82' lang='lat' dir='ltr'><strong>lati-</strong></span> 
     </span>
    </p>
   </div>
   <div class='ocr_carea' id='block_1_80' title="bbox 2084 3512 3691 3583">
    <p class='ocr_par' dir='ltr' id='par_1_80' title="bbox 2084 3512 3691 3583">
     <span class='ocr_line' id='line_1_80' title="bbox 2084 3512 3691 3583; baseline -0.001 -12"><span class='ocrx_word' id='word_1_607' title='bbox 2084 3515 2330 3571; x_wconf 88' lang='lat' dir='ltr'><strong>tudinem</strong></span> <span class='ocrx_word' id='word_1_608' title='bbox 2360 3513 2601 3579; x_wconf 90' lang='lat' dir='ltr'><strong>obtinet,</strong></span> <span class='ocrx_word' id='word_1_609' title='bbox 2638 3515 2725 3569; x_wconf 85' lang='lat' dir='ltr'><strong>vel</strong></span> <span class='ocrx_word' id='word_1_610' title='bbox 2769 3521 2935 3583; x_wconf 88' lang='lat' dir='ltr'><strong>caput</strong></span> <span class='ocrx_word' id='word_1_611' title='bbox 2965 3512 3379 3577; x_wconf 87' lang='lat' dir='ltr'><strong>circumcludit,</strong></span> <span class='ocrx_word' id='word_1_612' title='bbox 3412 3512 3508 3567; x_wconf 88' lang='lat' dir='ltr'><strong>sed</strong></span> <span class='ocrx_word' id='word_1_613' title='bbox 3556 3526 3691 3582; x_wconf 27' lang='lat' dir='ltr'><strong>qua.</strong></span> 
     </span>
    </p>
   </div>
   <div class='ocr_carea' id='block_1_81' title="bbox 2081 3606 3665 3678">
    <p class='ocr_par' dir='ltr' id='par_1_81' title="bbox 2081 3606 3665 3678">
     <span class='ocr_line' id='line_1_81' title="bbox 2081 3606 3665 3678; baseline -0.004 -14"><span class='ocrx_word' id='word_1_614' title='bbox 2081 3607 2249 3678; x_wconf 88' lang='lat' dir='ltr'><strong>capiti</strong></span> <span class='ocrx_word' id='word_1_615' title='bbox 2276 3606 2608 3663; x_wconf 83' lang='lat' dir='ltr'><strong>admovetur</strong></span> <span class='ocrx_word' id='word_1_616' title='bbox 2640 3622 2861 3662; x_wconf 76' lang='lat' dir='ltr'><strong>coronae</strong></span> <span class='ocrx_word' id='word_1_617' title='bbox 2900 3606 3101 3662; x_wconf 88' lang='lat' dir='ltr'><strong>similis</strong></span> <span class='ocrx_word' id='word_1_618' title='bbox 3143 3616 3254 3670; x_wconf 89' lang='lat' dir='ltr'><strong>est,</strong></span> <span class='ocrx_word' id='word_1_619' title='bbox 3304 3614 3556 3674; x_wconf 89' lang='lat' dir='ltr'><strong>tempora</strong></span> <span class='ocrx_word' id='word_1_620' title='bbox 3606 3614 3665 3660; x_wconf 89' lang='lat' dir='ltr'><strong>et</strong></span> 
     </span>
    </p>
   </div>
   <div class='ocr_carea' id='block_1_82' title="bbox 2081 3696 3665 3767">
    <p class='ocr_par' dir='ltr' id='par_1_82' title="bbox 2081 3696 3665 3767">
     <span class='ocr_line' id='line_1_82' title="bbox 2081 3696 3665 3767; baseline -0.004 -12"><span class='ocrx_word' id='word_1_621' title='bbox 2081 3699 2318 3755; x_wconf 82' lang='lat' dir='ltr'><strong>frontem</strong></span> <span class='ocrx_word' id='word_1_622' title='bbox 2366 3698 2715 3767; x_wconf 63' lang='lat' dir='ltr'><strong>aequabiliter</strong></span> <span class='ocrx_word' id='word_1_623' title='bbox 2761 3697 3231 3753; x_wconf 86' lang='lat' dir='ltr'><strong>circumscribens</strong></span> <span class='ocrx_word' id='word_1_624' title='bbox 3278 3714 3292 3750; x_wconf 88' lang='lat'><strong>:</strong></span> <span class='ocrx_word' id='word_1_625' title='bbox 3337 3696 3470 3750; x_wconf 87' lang='lat' dir='ltr'><strong>hinc</strong></span> <span class='ocrx_word' id='word_1_626' title='bbox 3528 3710 3665 3750; x_wconf 85' lang='lat' dir='ltr'><strong>vero</strong></span> 
     </span>
    </p>
   </div>
   <div class='ocr_carea' id='block_1_83' title="bbox 2081 3788 3663 3862">
    <p class='ocr_par' dir='ltr' id='par_1_83' title="bbox 2081 3788 3663 3862">
     <span class='ocr_line' id='line_1_83' title="bbox 2081 3788 3663 3862; baseline -0.003 -15"><span class='ocrx_word' id='word_1_627' title='bbox 2081 3806 2319 3862; x_wconf 86' lang='lat' dir='ltr'><strong>superne</strong></span> <span class='ocrx_word' id='word_1_628' title='bbox 2342 3791 2549 3847; x_wconf 88' lang='lat' dir='ltr'><strong>sensim</strong></span> <span class='ocrx_word' id='word_1_629' title='bbox 2582 3789 2929 3861; x_wconf 88' lang='lat' dir='ltr'><strong>longitudine</strong></span> <span class='ocrx_word' id='word_1_630' title='bbox 2959 3789 3299 3852; x_wconf 85' lang='lat' dir='ltr'><strong>extenditur,</strong></span> <span class='ocrx_word' id='word_1_631' title='bbox 3345 3797 3401 3844; x_wconf 91' lang='lat' dir='ltr'><strong>et</strong></span> <span class='ocrx_word' id='word_1_632' title='bbox 3428 3788 3663 3843; x_wconf 89' lang='lat' dir='ltr'><strong>multum</strong></span> 
     </span>
    </p>
   </div>
   <div class='ocr_carea' id='block_1_84' title="bbox 2081 3882 3663 3955">
    <p class='ocr_par' dir='ltr' id='par_1_84' title="bbox 2081 3882 3663 3955">
     <span class='ocr_line' id='line_1_84' title="bbox 2081 3882 3663 3955; baseline -0.001 -16"><span class='ocrx_word' id='word_1_633' title='bbox 2081 3898 2377 3955; x_wconf 74' lang='lat' dir='ltr'><strong>assurgens</strong></span> <span class='ocrx_word' id='word_1_634' title='bbox 2416 3882 2472 3937; x_wconf 89' lang='lat' dir='ltr'><strong>in</strong></span> <span class='ocrx_word' id='word_1_635' title='bbox 2508 3897 2717 3952; x_wconf 89' lang='lat' dir='ltr'><strong>pennas</strong></span> <span class='ocrx_word' id='word_1_636' title='bbox 2750 3882 3046 3937; x_wconf 85' lang='lat' dir='ltr'><strong>deauratas</strong></span> <span class='ocrx_word' id='word_1_637' title='bbox 3073 3898 3103 3936; x_wconf 86' lang='lat' dir='ltr'><strong>a</strong></span> <span class='ocrx_word' id='word_1_638' title='bbox 3135 3882 3379 3937; x_wconf 89' lang='lat' dir='ltr'><strong>culmine</strong></span> <span class='ocrx_word' id='word_1_639' title='bbox 3416 3882 3663 3938; x_wconf 71' lang='lat' dir='ltr'><strong>desinit&#39;:</strong></span> 
     </span>
    </p>
   </div>
   <div class='ocr_carea' id='block_1_85' title="bbox 2082 3976 3663 4049">
    <p class='ocr_par' dir='ltr' id='par_1_85' title="bbox 2082 3976 3663 4049">
     <span class='ocr_line' id='line_1_85' title="bbox 2082 3976 3663 4049; baseline -0.001 -19"><span class='ocrx_word' id='word_1_640' title='bbox 2082 3991 2207 4047; x_wconf 69' lang='lat' dir='ltr'><strong>quae</strong></span> <span class='ocrx_word' id='word_1_641' title='bbox 2229 3976 2296 4031; x_wconf 87' lang='lat' dir='ltr'><strong>ad</strong></span> <span class='ocrx_word' id='word_1_642' title='bbox 2328 3990 2512 4031; x_wconf 89' lang='lat' dir='ltr'><strong>meum</strong></span> <span class='ocrx_word' id='word_1_643' title='bbox 2539 3989 2717 4044; x_wconf 86' lang='lat' dir='ltr'><strong>usque</strong></span> <span class='ocrx_word' id='word_1_644' title='bbox 2746 3984 2964 4043; x_wconf 74' lang='lat' dir='ltr'><strong>tempus</strong></span> <span class='ocrx_word' id='word_1_645' title='bbox 2992 3983 3223 4029; x_wconf 81' lang='lat' dir='ltr'><strong>servatae</strong></span> <span class='ocrx_word' id='word_1_646' title='bbox 3247 3985 3376 4049; x_wconf 87' lang='lat' dir='ltr'><strong>sunt</strong></span> <span class='ocrx_word' id='word_1_647' title='bbox 3423 3993 3439 4029; x_wconf 85' lang='lat'><strong>:</strong></span> <span class='ocrx_word' id='word_1_648' title='bbox 3465 3991 3663 4029; x_wconf 83' lang='lat' dir='ltr'><strong>verum</strong></span> 
     </span>
    </p>
   </div>
   <div class='ocr_carea' id='block_1_86' title="bbox 2082 4065 3664 4136">
    <p class='ocr_par' dir='ltr' id='par_1_86' title="bbox 2082 4065 3664 4136">
     <span class='ocr_line' id='line_1_86' title="bbox 2082 4065 3664 4136; baseline -0.002 -14"><span class='ocrx_word' id='word_1_649' title='bbox 2082 4068 2312 4123; x_wconf 82' lang='lat' dir='ltr'><strong>reflante</strong></span> <span class='ocrx_word' id='word_1_650' title='bbox 2357 4066 2850 4122; x_wconf 86' lang='lat' dir='ltr'><strong>vehementissimo</strong></span> <span class='ocrx_word' id='word_1_651' title='bbox 2895 4076 3062 4120; x_wconf 88' lang='lat' dir='ltr'><strong>vento</strong></span> <span class='ocrx_word' id='word_1_652' title='bbox 3091 4066 3216 4120; x_wconf 72' lang='lat' dir='ltr'><strong>diue</strong></span> <span class='ocrx_word' id='word_1_653' title='bbox 3260 4081 3460 4136; x_wconf 71' lang='lat' dir='ltr'><strong>penna:</strong></span> <span class='ocrx_word' id='word_1_654' title='bbox 3489 4065 3664 4120; x_wconf 82' lang='lat' dir='ltr'><strong>colla-</strong></span> 
     </span>
    </p>
   </div>
   <div class='ocr_carea' id='block_1_87' title="bbox 2078 4146 3664 4230">
    <p class='ocr_par' dir='ltr' id='par_1_87' title="bbox 2078 4146 3664 4230">
     <span class='ocr_line' id='line_1_87' title="bbox 2078 4146 3664 4230; baseline -0.002 -16"><span class='ocrx_word' id='word_1_655' title='bbox 2078 4174 2193 4230; x_wconf 66' lang='lat' dir='ltr'><strong>psa:</strong></span> <span class='ocrx_word' id='word_1_656' title='bbox 2241 4167 2369 4213; x_wconf 89' lang='lat' dir='ltr'><strong>sunt</strong></span> <span class='ocrx_word' id='word_1_657' title='bbox 2407 4146 2422 4212; x_wconf 87' lang='grc' dir='ltr'>Ξ</span> <span class='ocrx_word' id='word_1_658' title='bbox 2464 4173 2587 4228; x_wconf 66' lang='lat' dir='ltr'><strong>qua:</strong></span> <span class='ocrx_word' id='word_1_659' title='bbox 2648 4165 2781 4212; x_wconf 87' lang='lat' dir='ltr'><strong>tunc</strong></span> <span class='ocrx_word' id='word_1_660' title='bbox 2833 4157 2996 4227; x_wconf 86' lang='lat' dir='ltr'><strong>longe</strong></span> <span class='ocrx_word' id='word_1_661' title='bbox 3037 4158 3275 4228; x_wconf 85' lang='lat' dir='ltr'><strong>majores</strong></span> <span class='ocrx_word' id='word_1_662' title='bbox 3324 4157 3455 4212; x_wconf 63' lang='lat' dir='ltr'><strong>visa</strong></span> <span class='ocrx_word' id='word_1_663' title='bbox 3511 4165 3664 4222; x_wconf 87' lang='lat' dir='ltr'><strong>sunt,</strong></span> 
     </span>
    </p>
   </div>
   <div class='ocr_carea' id='block_1_88' title="bbox 2080 4249 3665 4321">
    <p class='ocr_par' dir='ltr' id='par_1_88' title="bbox 2080 4249 3665 4321">
     <span class='ocr_line' id='line_1_88' title="bbox 2080 4249 3665 4321; baseline -0.001 -16"><span class='ocrx_word' id='word_1_664' title='bbox 2080 4266 2245 4321; x_wconf 90' lang='lat' dir='ltr'><strong>quam</strong></span> <span class='ocrx_word' id='word_1_665' title='bbox 2277 4266 2401 4306; x_wconf 91' lang='lat' dir='ltr'><strong>cum</strong></span> <span class='ocrx_word' id='word_1_666' title='bbox 2438 4259 2608 4318; x_wconf 90' lang='lat' dir='ltr'><strong>caput</strong></span> <span class='ocrx_word' id='word_1_667' title='bbox 2650 4260 2990 4305; x_wconf 87' lang='lat' dir='ltr'><strong>exornarcnt</strong></span> <span class='ocrx_word' id='word_1_668' title='bbox 3029 4258 3129 4305; x_wconf 88' lang='lat' dir='ltr'><strong>:et</strong></span> <span class='ocrx_word' id='word_1_669' title='bbox 3159 4249 3428 4317; x_wconf 78' lang='lat' dir='ltr'><strong>hactenus</strong></span> <span class='ocrx_word' id='word_1_670' title='bbox 3452 4249 3509 4303; x_wconf 91' lang='lat' dir='ltr'><strong>in</strong></span> <span class='ocrx_word' id='word_1_671' title='bbox 3541 4250 3665 4304; x_wconf 84' lang='lat' dir='ltr'><strong>the-</strong></span> 
     </span>
    </p>
   </div>
   <div class='ocr_carea' id='block_1_89' title="bbox 2082 4341 3664 4412">
    <p class='ocr_par' dir='ltr' id='par_1_89' title="bbox 2082 4341 3664 4412">
     <span class='ocr_line' id='line_1_89' title="bbox 2082 4341 3664 4412; baseline -0.003 -11"><span class='ocrx_word' id='word_1_672' title='bbox 2082 4360 2249 4401; x_wconf 84' lang='lat' dir='ltr'><strong>sauro</strong></span> <span class='ocrx_word' id='word_1_673' title='bbox 2274 4344 2532 4399; x_wconf 73' lang='lat' dir='ltr'><strong>Ecclesia-</strong></span> <span class='ocrx_word' id='word_1_674' title='bbox 2563 4344 2866 4405; x_wconf 68' lang='lat' dir='ltr'><strong>reconditae</strong></span> <span class='ocrx_word' id='word_1_675' title='bbox 2912 4343 3194 4397; x_wconf 81' lang='lat' dir='ltr'><strong>videntur.</strong></span> <span class='ocrx_word' id='word_1_676' title='bbox 3226 4341 3445 4412; x_wconf 88' lang='lat' dir='ltr'><strong>Corpus</strong></span> <span class='ocrx_word' id='word_1_677' title='bbox 3478 4351 3664 4397; x_wconf 86' lang='lat' dir='ltr'><strong>autem</strong></span> 
     </span>
    </p>
   </div>
   <div class='ocr_carea' id='block_1_90' title="bbox 2085 4432 3666 4504">
    <p class='ocr_par' dir='ltr' id='par_1_90' title="bbox 2085 4432 3666 4504">
     <span class='ocr_line' id='line_1_90' title="bbox 2085 4432 3666 4504; baseline -0.001 -15"><span class='ocrx_word' id='word_1_678' title='bbox 2085 4434 2365 4489; x_wconf 90' lang='lat' dir='ltr'><strong>strictiore</strong></span> <span class='ocrx_word' id='word_1_679' title='bbox 2400 4448 2506 4488; x_wconf 89' lang='lat' dir='ltr'><strong>nec</strong></span> <span class='ocrx_word' id='word_1_680' title='bbox 2530 4432 2813 4504; x_wconf 80' lang='lat' dir='ltr'><strong>superflue</strong></span> <span class='ocrx_word' id='word_1_681' title='bbox 2840 4433 3146 4488; x_wconf 80' lang='lat' dir='ltr'><strong>exundanti</strong></span> <span class='ocrx_word' id='word_1_682' title='bbox 3180 4437 3366 4487; x_wconf 88' lang='lat' dir='ltr'><strong>tunica</strong></span> <span class='ocrx_word' id='word_1_683' title='bbox 3395 4433 3666 4487; x_wconf 88' lang='lat' dir='ltr'><strong>interiore</strong></span> 
     </span>
    </p>
   </div>
   <div class='ocr_carea' id='block_1_91' title="bbox 395 4518 1978 4602">
    <p class='ocr_par' dir='ltr' id='par_1_91' title="bbox 395 4527 1978 4602">
     <span class='ocr_line' id='line_1_91' title="bbox 395 4527 1978 4602; baseline -0.001 -18"><span class='ocrx_word' id='word_1_684' title='bbox 395 4530 664 4594; x_wconf 75' lang='grc' dir='ltr'>ἐξαισίου,</span> <span class='ocrx_word' id='word_1_685' title='bbox 704 4529 1028 4602; x_wconf 78' lang='grc' dir='ltr'>ριπτοῦνται</span> <span class='ocrx_word' id='word_1_686' title='bbox 1066 4527 1162 4582; x_wconf 88' lang='grc' dir='ltr'><strong>δύο</strong></span> <span class='ocrx_word' id='word_1_687' title='bbox 1196 4529 1375 4599; x_wconf 84' lang='grc' dir='ltr'>πτερά</span> <span class='ocrx_word' id='word_1_688' title='bbox 1400 4544 1414 4560; x_wconf 76' lang='grc' dir='ltr'><strong>ο</strong></span> <span class='ocrx_word' id='word_1_689' title='bbox 1444 4529 1537 4582; x_wconf 76' lang='grc' dir='ltr'><strong>καὶ</strong></span> <span class='ocrx_word' id='word_1_690' title='bbox 1588 4529 1713 4583; x_wconf 89' lang='grc' dir='ltr'>τότε</span> <span class='ocrx_word' id='word_1_691' title='bbox 1747 4529 1978 4600; x_wconf 77' lang='grc' dir='ltr'>μέγιστα</span> 
     </span>
    </p>
   </div>
   <div class='ocr_carea' id='block_1_92' title="bbox 2080 4518 3666 4602">
    <p class='ocr_par' dir='ltr' id='par_1_92' title="bbox 2089 4524 3666 4596">
     <span class='ocr_line' id='line_1_92' title="bbox 2089 4524 3666 4596; baseline -0.001 -17"><span class='ocrx_word' id='word_1_692' title='bbox 2089 4527 2347 4592; x_wconf 86' lang='lat' dir='ltr'><strong>vestitur,</strong></span> <span class='ocrx_word' id='word_1_693' title='bbox 2392 4525 2612 4596; x_wconf 84' lang='lat' dir='ltr'><strong>qualem</strong></span> <span class='ocrx_word' id='word_1_694' title='bbox 2669 4534 2888 4595; x_wconf 76' lang='lat' dir='ltr'><strong>gestant</strong></span> <span class='ocrx_word' id='word_1_695' title='bbox 2936 4524 3154 4595; x_wconf 59' lang='lat' dir='ltr'><strong>equites</strong></span> <span class='ocrx_word' id='word_1_696' title='bbox 3200 4525 3512 4579; x_wconf 88' lang='lat' dir='ltr'><strong>cultiores:</strong></span> <span class='ocrx_word' id='word_1_697' title='bbox 3542 4539 3666 4593; x_wconf 76' lang='lat' dir='ltr'><strong>quae</strong></span> 
     </span>
    </p>
   </div>
   <div class='ocr_carea' id='block_1_93' title="bbox 396 4621 1976 4694">
    <p class='ocr_par' dir='ltr' id='par_1_93' title="bbox 396 4621 1976 4694">
     <span class='ocr_line' id='line_1_93' title="bbox 396 4621 1976 4694; baseline 0.001 -19"><span class='ocrx_word' id='word_1_698' title='bbox 396 4621 576 4692; x_wconf 81' lang='grc' dir='ltr'>πολλῷ</span> <span class='ocrx_word' id='word_1_699' title='bbox 616 4624 729 4685; x_wconf 84' lang='grc' dir='ltr'>τοῖς</span> <span class='ocrx_word' id='word_1_700' title='bbox 781 4621 984 4692; x_wconf 82' lang='grc' dir='ltr'>ὁρῶσιν</span> <span class='ocrx_word' id='word_1_701' title='bbox 1043 4622 1318 4691; x_wconf 76' lang='grc' dir='ltr'>ἐφαίνετο,</span> <span class='ocrx_word' id='word_1_702' title='bbox 1358 4623 1391 4692; x_wconf 81' lang='grc' dir='ltr'>ἢ</span> <span class='ocrx_word' id='word_1_703' title='bbox 1453 4622 1687 4676; x_wconf 88' lang='grc' dir='ltr'>καθόσον</span> <span class='ocrx_word' id='word_1_704' title='bbox 1739 4624 1976 4694; x_wconf 81' lang='grc' dir='ltr'>ὁρῶνται</span> 
     </span>
    </p>
   </div>
   <div class='ocr_carea' id='block_1_94' title="bbox 392 4712 1978 4786">
    <p class='ocr_par' dir='ltr' id='par_1_94' title="bbox 392 4712 1978 4786">
     <span class='ocr_line' id='line_1_94' title="bbox 392 4712 1978 4786; baseline 0.001 -21"><span class='ocrx_word' id='word_1_705' title='bbox 392 4713 705 4783; x_wconf 81' lang='grc' dir='ltr'>κοσμοῦντα</span> <span class='ocrx_word' id='word_1_706' title='bbox 731 4713 832 4783; x_wconf 81' lang='grc' dir='ltr'>τὴν</span> <span class='ocrx_word' id='word_1_707' title='bbox 868 4712 1111 4782; x_wconf 83' lang='grc' dir='ltr'>κεφαλήν</span> <span class='ocrx_word' id='word_1_708' title='bbox 1135 4728 1149 4743; x_wconf 80' lang='grc'><strong><em>⁸</em></strong></span> <span class='ocrx_word' id='word_1_709' title='bbox 1176 4712 1213 4767; x_wconf 79' lang='grc' dir='ltr'>ἃ</span> <span class='ocrx_word' id='word_1_710' title='bbox 1240 4713 1305 4780; x_wconf 83' lang='grc' dir='ltr'>δὴ</span> <span class='ocrx_word' id='word_1_711' title='bbox 1327 4714 1421 4766; x_wconf 69' lang='grc' dir='ltr'>καὶ</span> <span class='ocrx_word' id='word_1_712' title='bbox 1453 4715 1509 4775; x_wconf 82' lang='grc' dir='ltr'><strong>ἐς</strong></span> <span class='ocrx_word' id='word_1_713' title='bbox 1531 4713 1692 4783; x_wconf 84' lang='grc' dir='ltr'>δεῦρο</span> <span class='ocrx_word' id='word_1_714' title='bbox 1721 4716 1876 4780; x_wconf 80' lang='grc' dir='ltr'>παρὰ</span> <span class='ocrx_word' id='word_1_715' title='bbox 1902 4715 1978 4786; x_wconf 81' lang='grc' dir='ltr'>τῷ</span> 
     </span>
    </p>
   </div>
   <div class='ocr_carea' id='block_1_95' title="bbox 391 4803 1978 4875">
    <p class='ocr_par' dir='ltr' id='par_1_95' title="bbox 391 4803 1978 4875">
     <span class='ocr_line' id='line_1_95' title="bbox 391 4803 1978 4875; baseline 0.003 -20"><span class='ocrx_word' id='word_1_716' title='bbox 391 4803 492 4872; x_wconf 83' lang='grc' dir='ltr'><strong>τῆς</strong></span> <span class='ocrx_word' id='word_1_717' title='bbox 523 4804 828 4873; x_wconf 75' lang='grc' dir='ltr'>ἐκκλησίας</span> <span class='ocrx_word' id='word_1_718' title='bbox 874 4805 1112 4874; x_wconf 81' lang='grc' dir='ltr'>ταμιείῳ</span> <span class='ocrx_word' id='word_1_719' title='bbox 1141 4803 1706 4875; x_wconf 80' lang='grc' dir='ltr'>ἀποτεθησαύρισται.</span> <span class='ocrx_word' id='word_1_720' title='bbox 1746 4805 1978 4860; x_wconf 87' lang='grc' dir='ltr'>Ἐσταλ-</span> 
     </span>
    </p>
   </div>
   <div class='ocr_carea' id='block_1_96' title="bbox 395 4897 1982 4969">
    <p class='ocr_par' dir='ltr' id='par_1_96' title="bbox 395 4897 1982 4969">
     <span class='ocr_line' id='line_1_96' title="bbox 395 4897 1982 4969; baseline 0.003 -20"><span class='ocrx_word' id='word_1_721' title='bbox 395 4914 487 4949; x_wconf 89' lang='grc' dir='ltr'><strong>ται</strong></span> <span class='ocrx_word' id='word_1_722' title='bbox 529 4898 587 4952; x_wconf 81' lang='grc' dir='ltr'>δὲ</span> <span class='ocrx_word' id='word_1_723' title='bbox 616 4900 710 4952; x_wconf 77' lang='grc' dir='ltr'><strong>καὶ</strong></span> <span class='ocrx_word' id='word_1_724' title='bbox 757 4897 819 4951; x_wconf 79' lang='grc' dir='ltr'>τὸ</span> <span class='ocrx_word' id='word_1_725' title='bbox 853 4898 1035 4968; x_wconf 86' lang='grc' dir='ltr'>σῶμα,</span> <span class='ocrx_word' id='word_1_726' title='bbox 1070 4897 1224 4961; x_wconf 81' lang='grc' dir='ltr'>ἐντὸς</span> <span class='ocrx_word' id='word_1_727' title='bbox 1261 4897 1363 4968; x_wconf 78' lang='grc' dir='ltr'>μὲν</span> <span class='ocrx_word' id='word_1_728' title='bbox 1401 4898 1464 4951; x_wconf 87' lang='grc' dir='ltr'><strong>ού</strong></span> <span class='ocrx_word' id='word_1_729' title='bbox 1494 4901 1725 4969; x_wconf 83' lang='grc' dir='ltr'>περιττῇ</span> <span class='ocrx_word' id='word_1_730' title='bbox 1753 4916 1859 4953; x_wconf 87' lang='grc' dir='ltr'>τινι</span> <span class='ocrx_word' id='word_1_731' title='bbox 1887 4901 1982 4954; x_wconf 79' lang='grc' dir='ltr'>καὶ</span> 
     </span>
    </p>
   </div>
   <div class='ocr_carea' id='block_1_97' title="bbox 398 4989 1981 5062">
    <p class='ocr_par' dir='ltr' id='par_1_97' title="bbox 398 4989 1981 5062">
     <span class='ocr_line' id='line_1_97' title="bbox 398 4989 1981 5062; baseline 0.004 -22"><span class='ocrx_word' id='word_1_732' title='bbox 398 4990 836 5061; x_wconf 81' lang='grc' dir='ltr'>περισσευομένῃ</span> <span class='ocrx_word' id='word_1_733' title='bbox 876 4990 1213 5060; x_wconf 64' lang='grc' dir='ltr'>στολῇ.⁷άλλ’</span> <span class='ocrx_word' id='word_1_734' title='bbox 1240 4989 1362 5044; x_wconf 77' lang='grc' dir='ltr'>οἵαν</span> <span class='ocrx_word' id='word_1_735' title='bbox 1409 4991 1678 5062; x_wconf 83' lang='grc' dir='ltr'>εὐσταλὴς</span> <span class='ocrx_word' id='word_1_736' title='bbox 1716 4990 1783 5045; x_wconf 75' lang='grc' dir='ltr'>ἂν</span> <span class='ocrx_word' id='word_1_737' title='bbox 1816 4991 1981 5046; x_wconf 74' lang='grc' dir='ltr'>ἱππόο</span> 
     </span>
    </p>
   </div>
   <div class='ocr_carea' id='block_1_98' title="bbox 394 5082 1977 5153">
    <p class='ocr_par' dir='ltr' id='par_1_98' title="bbox 394 5082 1977 5153">
     <span class='ocr_line' id='line_1_98' title="bbox 394 5082 1977 5153; baseline 0.002 -21"><span class='ocrx_word' id='word_1_738' title='bbox 394 5098 493 5150; x_wconf 85' lang='grc' dir='ltr'><strong>της</strong></span> <span class='ocrx_word' id='word_1_739' title='bbox 519 5082 874 5153; x_wconf 75' lang='grc' dir='ltr'>ἀμπίσχοιτο,</span> <span class='ocrx_word' id='word_1_740' title='bbox 909 5083 1120 5135; x_wconf 80' lang='grc' dir='ltr'>ἄνωθεν</span> <span class='ocrx_word' id='word_1_741' title='bbox 1148 5082 1269 5152; x_wconf 79' lang='grc' dir='ltr'>μὲν.</span> <span class='ocrx_word' id='word_1_742' title='bbox 1315 5082 1475 5152; x_wconf 89' lang='grc' dir='ltr'>μόλις</span> <span class='ocrx_word' id='word_1_743' title='bbox 1510 5084 1605 5135; x_wconf 74' lang='grc' dir='ltr'>καὶ</span> <span class='ocrx_word' id='word_1_744' title='bbox 1637 5084 1696 5145; x_wconf 83' lang='grc' dir='ltr'><strong>ἐς</strong></span> <span class='ocrx_word' id='word_1_745' title='bbox 1731 5082 1977 5151; x_wconf 81' lang='grc' dir='ltr'>ἀγκῶνα,</span> 
     </span>
    </p>
   </div>
   <div class='ocr_carea' id='block_1_99' title="bbox 393 5173 1980 5246">
    <p class='ocr_par' dir='ltr' id='par_1_99' title="bbox 393 5173 1980 5246">
     <span class='ocr_line' id='line_1_99' title="bbox 393 5173 1980 5246; baseline 0.003 -21"><span class='ocrx_word' id='word_1_746' title='bbox 393 5173 643 5228; x_wconf 83' lang='grc' dir='ltr'>κάτωθεν</span> <span class='ocrx_word' id='word_1_747' title='bbox 690 5175 768 5241; x_wconf 75' lang='grc' dir='ltr'>δὲ,</span> <span class='ocrx_word' id='word_1_748' title='bbox 810 5175 940 5245; x_wconf 78' lang='grc' dir='ltr'>περὶ</span> <span class='ocrx_word' id='word_1_749' title='bbox 972 5175 1181 5242; x_wconf 84' lang='grc' dir='ltr'>γόνατα</span> <span class='ocrx_word' id='word_1_750' title='bbox 1230 5174 1564 5244; x_wconf 85' lang='grc' dir='ltr'>φθάνουσαν.</span> <span class='ocrx_word' id='word_1_751' title='bbox 1615 5174 1883 5246; x_wconf 85' lang='grc' dir='ltr'>Ἀνῆπται</span> <span class='ocrx_word' id='word_1_752' title='bbox 1922 5176 1980 5230; x_wconf 81' lang='grc' dir='ltr'>δὲ</span> 
     </span>
    </p>
   </div>
   <div class='ocr_carea' id='block_1_100' title="bbox 396 5261 1977 5337">
    <p class='ocr_par' dir='ltr' id='par_1_100' title="bbox 396 5261 1977 5337">
     <span class='ocr_line' id='line_1_100' title="bbox 396 5261 1977 5337; baseline 0.002 -21"><span class='ocrx_word' id='word_1_753' title='bbox 396 5261 492 5316; x_wconf 74' lang='grc' dir='ltr'><strong>καὶ</strong></span> <span class='ocrx_word' id='word_1_754' title='bbox 520 5262 764 5334; x_wconf 87' lang='grc' dir='ltr'>μανδύαν</span> <span class='ocrx_word' id='word_1_755' title='bbox 812 5265 988 5328; x_wconf 73' lang='grc' dir='ltr'>ἐκτὸς,</span> <span class='ocrx_word' id='word_1_756' title='bbox 1027 5264 1247 5334; x_wconf 80' lang='grc' dir='ltr'>στολὴν,</span> <span class='ocrx_word' id='word_1_757' title='bbox 1283 5263 1361 5328; x_wconf 83' lang='grc' dir='ltr'>ὥς</span> <span class='ocrx_word' id='word_1_758' title='bbox 1403 5281 1593 5335; x_wconf 84' lang='grc' dir='ltr'>φησιν,</span> <span class='ocrx_word' id='word_1_759' title='bbox 1634 5265 1934 5337; x_wconf 77' lang='grc' dir='ltr'>Ἀχίλλειον</span> <span class='ocrx_word' id='word_1_760' title='bbox 1961 5285 1977 5298; x_wconf 77' lang='grc' dir='ltr'><strong><em>ο</em></strong></span> 
     </span>
    </p>
   </div>
   <div class='ocr_carea' id='block_1_101' title="bbox 393 5349 1980 5426">
    <p class='ocr_par' dir='ltr' id='par_1_101' title="bbox 393 5349 1980 5426">
     <span class='ocr_line' id='line_1_101' title="bbox 393 5349 1980 5426; baseline 0.004 -22"><span class='ocrx_word' id='word_1_761' title='bbox 393 5349 428 5422; x_wconf 73' lang='grc' dir='ltr'><strong>ἡ</strong></span> <span class='ocrx_word' id='word_1_762' title='bbox 457 5352 551 5405; x_wconf 75' lang='grc' dir='ltr'><strong>καί</strong></span> <span class='ocrx_word' id='word_1_763' title='bbox 577 5369 702 5406; x_wconf 88' lang='grc' dir='ltr'>τινα</span> <span class='ocrx_word' id='word_1_764' title='bbox 730 5352 1086 5410; x_wconf 83' lang='grc' dir='ltr'>καλύπτουσα</span> <span class='ocrx_word' id='word_1_765' title='bbox 1114 5355 1224 5409; x_wconf 84' lang='grc' dir='ltr'><strong>τῶν</strong></span> <span class='ocrx_word' id='word_1_766' title='bbox 1247 5355 1456 5426; x_wconf 83' lang='grc' dir='ltr'>μερῶν,</span> <span class='ocrx_word' id='word_1_767' title='bbox 1482 5354 1742 5410; x_wconf 80' lang='grc' dir='ltr'>κάκεῖθεν</span> <span class='ocrx_word' id='word_1_768' title='bbox 1770 5356 1865 5411; x_wconf 81' lang='grc' dir='ltr'>ἐπὶ</span> <span class='ocrx_word' id='word_1_769' title='bbox 1886 5357 1980 5411; x_wconf 77' lang='grc' dir='ltr'>τὸν</span> 
     </span>
    </p>
   </div>
   <div class='ocr_carea' id='block_1_102' title="bbox 391 5438 1979 5519">
    <p class='ocr_par' dir='ltr' id='par_1_102' title="bbox 391 5438 1979 5519">
     <span class='ocr_line' id='line_1_102' title="bbox 391 5438 1979 5519; baseline 0.006 -26"><span class='ocrx_word' id='word_1_770' title='bbox 391 5440 683 5514; x_wconf 71' lang='grc' dir='ltr'>ἀριστερὸν</span> <span class='ocrx_word' id='word_1_771' title='bbox 715 5438 869 5513; x_wconf 78' lang='grc' dir='ltr'>ὦμον</span> <span class='ocrx_word' id='word_1_772' title='bbox 913 5445 1269 5518; x_wconf 82' lang='grc' dir='ltr'>ἐπικειμένη,</span> <span class='ocrx_word' id='word_1_773' title='bbox 1299 5448 1497 5515; x_wconf 85' lang='grc' dir='ltr'>φθάνει</span> <span class='ocrx_word' id='word_1_774' title='bbox 1550 5448 1643 5500; x_wconf 74' lang='grc' dir='ltr'>καὶ</span> <span class='ocrx_word' id='word_1_775' title='bbox 1680 5448 1848 5519; x_wconf 87' lang='grc' dir='ltr'>μέχρι</span> <span class='ocrx_word' id='word_1_776' title='bbox 1879 5449 1979 5518; x_wconf 86' lang='grc' dir='ltr'><strong>τῆς</strong></span> 
     </span>
    </p>
   </div>
   <div class='ocr_carea' id='block_1_103' title="bbox 390 5531 1978 5609">
    <p class='ocr_par' dir='ltr' id='par_1_103' title="bbox 390 5531 1978 5609">
     <span class='ocr_line' id='line_1_103' title="bbox 390 5531 1978 5609; baseline 0.004 -24"><span class='ocrx_word' id='word_1_777' title='bbox 390 5531 487 5586; x_wconf 82' lang='grc' dir='ltr'>τοῦ</span> <span class='ocrx_word' id='word_1_778' title='bbox 536 5535 707 5590; x_wconf 85' lang='grc' dir='ltr'>ῖππου</span> <span class='ocrx_word' id='word_1_779' title='bbox 748 5535 918 5602; x_wconf 76' lang='grc' dir='ltr'>ἰξύος,</span> <span class='ocrx_word' id='word_1_780' title='bbox 961 5536 1095 5589; x_wconf 89' lang='grc' dir='ltr'>πολύ</span> <span class='ocrx_word' id='word_1_781' title='bbox 1126 5553 1186 5590; x_wconf 89' lang='grc' dir='ltr'><strong>τε</strong></span> <span class='ocrx_word' id='word_1_782' title='bbox 1234 5538 1402 5609; x_wconf 85' lang='grc' dir='ltr'>μέρος</span> <span class='ocrx_word' id='word_1_783' title='bbox 1432 5537 1837 5607; x_wconf 78' lang='grc' dir='ltr'>περιλαμϐάνει</span> <span class='ocrx_word' id='word_1_784' title='bbox 1869 5538 1978 5591; x_wconf 80' lang='grc' dir='ltr'>τῶν</span> 
     </span>
    </p>
   </div>
   <div class='ocr_carea' id='block_1_104' title="bbox 390 5624 1980 5701">
    <p class='ocr_par' dir='ltr' id='par_1_104' title="bbox 390 5624 1980 5701">
     <span class='ocr_line' id='line_1_104' title="bbox 390 5624 1980 5701; baseline 0.003 -24"><span class='ocrx_word' id='word_1_785' title='bbox 390 5624 641 5692; x_wconf 72' lang='grc' dir='ltr'>ὄπισθεν,</span> <span class='ocrx_word' id='word_1_786' title='bbox 674 5626 771 5687; x_wconf 79' lang='grc' dir='ltr'>καὶ</span> <span class='ocrx_word' id='word_1_787' title='bbox 794 5627 1025 5697; x_wconf 83' lang='grc' dir='ltr'>περιττὴ</span> <span class='ocrx_word' id='word_1_788' title='bbox 1057 5627 1439 5698; x_wconf 80' lang='grc' dir='ltr'>περικέχυται.</span> <span class='ocrx_word' id='word_1_789' title='bbox 1482 5629 1546 5680; x_wconf 76' lang='grc' dir='ltr'><strong>Αἱ</strong></span> <span class='ocrx_word' id='word_1_790' title='bbox 1580 5627 1765 5696; x_wconf 82' lang='grc' dir='ltr'>μέντοι</span> <span class='ocrx_word' id='word_1_791' title='bbox 1794 5631 1980 5701; x_wconf 84' lang='grc' dir='ltr'>χεῖρες</span> 
     </span>
    </p>
   </div>
   <div class='ocr_carea' id='block_1_105' title="bbox 392 5719 1980 5793">
    <p class='ocr_par' dir='ltr' id='par_1_105' title="bbox 392 5719 1980 5793">
     <span class='ocr_line' id='line_1_105' title="bbox 392 5719 1980 5793; baseline 0.003 -22"><span class='ocrx_word' id='word_1_792' title='bbox 392 5720 471 5792; x_wconf 80' lang='grc' dir='ltr'>τῷ</span> <span class='ocrx_word' id='word_1_793' title='bbox 498 5720 779 5793; x_wconf 81' lang='grc' dir='ltr'>ἀνδριάντι</span> <span class='ocrx_word' id='word_1_794' title='bbox 817 5720 919 5773; x_wconf 75' lang='grc' dir='ltr'>οὐκ</span> <span class='ocrx_word' id='word_1_795' title='bbox 961 5719 1321 5790; x_wconf 77' lang='grc' dir='ltr'>ἀσχολοῦνται</span> <span class='ocrx_word' id='word_1_796' title='bbox 1355 5722 1485 5793; x_wconf 77' lang='grc' dir='ltr'>περὶ</span> <span class='ocrx_word' id='word_1_797' title='bbox 1526 5723 1614 5773; x_wconf 85' lang='grc' dir='ltr'>τὸν</span> <span class='ocrx_word' id='word_1_798' title='bbox 1649 5721 1836 5784; x_wconf 79' lang='grc' dir='ltr'>ἵππον,</span> <span class='ocrx_word' id='word_1_799' title='bbox 1870 5722 1980 5775; x_wconf 79' lang='grc' dir='ltr'>οὐδ’</span> 
     </span>
    </p>
   </div>
   <div class='ocr_carea' id='block_1_106' title="bbox 392 5812 1978 5887">
    <p class='ocr_par' dir='ltr' id='par_1_106' title="bbox 392 5812 1978 5887">
     <span class='ocr_line' id='line_1_106' title="bbox 392 5812 1978 5887; baseline 0 -21"><span class='ocrx_word' id='word_1_800' title='bbox 392 5813 514 5867; x_wconf 75' lang='grc' dir='ltr'>ὅσον</span> <span class='ocrx_word' id='word_1_801' title='bbox 547 5815 640 5866; x_wconf 80' lang='grc' dir='ltr'>καὶ</span> <span class='ocrx_word' id='word_1_802' title='bbox 672 5812 870 5869; x_wconf 87' lang='grc' dir='ltr'>ἰθύνειν</span> <span class='ocrx_word' id='word_1_803' title='bbox 900 5814 1209 5884; x_wconf 76' lang='grc' dir='ltr'>ἱππηλάτου</span> <span class='ocrx_word' id='word_1_804' title='bbox 1240 5816 1442 5883; x_wconf 78' lang='grc' dir='ltr'>τρόπον</span> <span class='ocrx_word' id='word_1_805' title='bbox 1467 5812 1644 5868; x_wconf 85' lang='grc' dir='ltr'>δοκεῖν</span> <span class='ocrx_word' id='word_1_806' title='bbox 1665 5831 1680 5847; x_wconf 79' lang='grc'><strong><em>⁸</em></strong></span> <span class='ocrx_word' id='word_1_807' title='bbox 1715 5815 1849 5870; x_wconf 72' lang='grc' dir='ltr'>ἀλλὰ</span> <span class='ocrx_word' id='word_1_808' title='bbox 1880 5816 1978 5887; x_wconf 79' lang='grc' dir='ltr'>τὴν</span> 
     </span>
    </p>
   </div>
   <div class='ocr_carea' id='block_1_107' title="bbox 2085 4617 3664 4688">
    <p class='ocr_par' dir='ltr' id='par_1_107' title="bbox 2085 4617 3664 4688">
     <span class='ocr_line' id='line_1_107' title="bbox 2085 4617 3664 4688; baseline -0.003 -14"><span class='ocrx_word' id='word_1_809' title='bbox 2085 4633 2327 4687; x_wconf 86' lang='lat' dir='ltr'><strong>superne</strong></span> <span class='ocrx_word' id='word_1_810' title='bbox 2354 4617 2445 4672; x_wconf 84' lang='lat' dir='ltr'><strong>vix</strong></span> <span class='ocrx_word' id='word_1_811' title='bbox 2470 4618 2719 4672; x_wconf 87' lang='lat' dir='ltr'><strong>cubitum</strong></span> <span class='ocrx_word' id='word_1_812' title='bbox 2756 4617 2998 4688; x_wconf 81' lang='lat' dir='ltr'><strong>attingit,</strong></span> <span class='ocrx_word' id='word_1_813' title='bbox 3038 4617 3178 4671; x_wconf 86' lang='lat' dir='ltr'><strong>infra</strong></span> <span class='ocrx_word' id='word_1_814' title='bbox 3217 4630 3350 4672; x_wconf 88' lang='lat' dir='ltr'><strong>vero</strong></span> <span class='ocrx_word' id='word_1_815' title='bbox 3377 4618 3445 4671; x_wconf 87' lang='lat' dir='ltr'><strong>ad</strong></span> <span class='ocrx_word' id='word_1_816' title='bbox 3485 4633 3664 4686; x_wconf 87' lang='lat' dir='ltr'><strong>genua</strong></span> 
     </span>
    </p>
   </div>
   <div class='ocr_carea' id='block_1_108' title="bbox 2082 4708 3664 4779">
    <p class='ocr_par' dir='ltr' id='par_1_108' title="bbox 2082 4708 3664 4779">
     <span class='ocr_line' id='line_1_108' title="bbox 2082 4708 3664 4779; baseline -0.004 -14"><span class='ocrx_word' id='word_1_817' title='bbox 2082 4709 2427 4765; x_wconf 85' lang='lat' dir='ltr'><strong>extenditur.</strong></span> <span class='ocrx_word' id='word_1_818' title='bbox 2483 4709 2742 4765; x_wconf 89' lang='lat' dir='ltr'><strong>Exterius</strong></span> <span class='ocrx_word' id='word_1_819' title='bbox 2799 4717 2982 4763; x_wconf 88' lang='lat' dir='ltr'><strong>autem</strong></span> <span class='ocrx_word' id='word_1_820' title='bbox 3036 4708 3262 4778; x_wconf 83' lang='lat' dir='ltr'><strong>pallium</strong></span> <span class='ocrx_word' id='word_1_821' title='bbox 3320 4708 3664 4779; x_wconf 84' lang='lat' dir='ltr'><strong>adiungitur,</strong></span> 
     </span>
    </p>
   </div>
   <div class='ocr_carea' id='block_1_109' title="bbox 2083 4800 3666 4874">
    <p class='ocr_par' dir='ltr' id='par_1_109' title="bbox 2083 4800 3666 4874">
     <span class='ocr_line' id='line_1_109' title="bbox 2083 4800 3666 4874; baseline -0.002 -17"><span class='ocrx_word' id='word_1_822' title='bbox 2083 4803 2232 4874; x_wconf 89' lang='lat' dir='ltr'><strong>quod</strong></span> <span class='ocrx_word' id='word_1_823' title='bbox 2280 4802 2588 4858; x_wconf 83' lang='lat' dir='ltr'><strong>Achilleam</strong></span> <span class='ocrx_word' id='word_1_824' title='bbox 2637 4802 2834 4857; x_wconf 88' lang='lat' dir='ltr'><strong>stolam</strong></span> <span class='ocrx_word' id='word_1_825' title='bbox 2888 4809 3233 4872; x_wconf 87' lang='lat' dir='ltr'><strong>nuncupant.</strong></span> <span class='ocrx_word' id='word_1_826' title='bbox 3269 4800 3347 4855; x_wconf 87' lang='lat' dir='ltr'><strong>Ea</strong></span> <span class='ocrx_word' id='word_1_827' title='bbox 3396 4815 3525 4854; x_wconf 92' lang='lat' dir='ltr'><strong>vero</strong></span> <span class='ocrx_word' id='word_1_828' title='bbox 3560 4800 3666 4855; x_wconf 86' lang='lat' dir='ltr'><strong>ali-</strong></span> 
     </span>
    </p>
   </div>
   <div class='ocr_carea' id='block_1_110' title="bbox 2085 4892 3667 4968">
    <p class='ocr_par' dir='ltr' id='par_1_110' title="bbox 2085 4892 3667 4968">
     <span class='ocr_line' id='line_1_110' title="bbox 2085 4892 3667 4968; baseline -0.002 -17"><span class='ocrx_word' id='word_1_829' title='bbox 2085 4911 2224 4966; x_wconf 88' lang='lat' dir='ltr'><strong>quas</strong></span> <span class='ocrx_word' id='word_1_830' title='bbox 2260 4896 2513 4965; x_wconf 87' lang='lat' dir='ltr'><strong>corporis</strong></span> <span class='ocrx_word' id='word_1_831' title='bbox 2543 4905 2728 4968; x_wconf 87' lang='lat' dir='ltr'><strong>partes</strong></span> <span class='ocrx_word' id='word_1_832' title='bbox 2775 4894 3067 4964; x_wconf 87' lang='lat' dir='ltr'><strong>obtegens,</strong></span> <span class='ocrx_word' id='word_1_833' title='bbox 3116 4901 3282 4963; x_wconf 87' lang='lat' dir='ltr'><strong>atque</strong></span> <span class='ocrx_word' id='word_1_834' title='bbox 3326 4892 3457 4948; x_wconf 88' lang='lat' dir='ltr'><strong>hinc</strong></span> <span class='ocrx_word' id='word_1_835' title='bbox 3488 4893 3543 4947; x_wconf 92' lang='lat' dir='ltr'><strong>iu</strong></span> <span class='ocrx_word' id='word_1_836' title='bbox 3574 4892 3667 4948; x_wconf 73' lang='lat' dir='ltr'><strong>lae-</strong></span> 
     </span>
    </p>
   </div>
   <div class='ocr_carea' id='block_1_111' title="bbox 2085 4986 3662 5058">
    <p class='ocr_par' dir='ltr' id='par_1_111' title="bbox 2085 4986 3662 5058">
     <span class='ocr_line' id='line_1_111' title="bbox 2085 4986 3662 5058; baseline 0 -16"><span class='ocrx_word' id='word_1_837' title='bbox 2085 5004 2218 5043; x_wconf 86' lang='lat' dir='ltr'><strong>vum</strong></span> <span class='ocrx_word' id='word_1_838' title='bbox 2268 4987 2561 5043; x_wconf 90' lang='lat' dir='ltr'><strong>humerum</strong></span> <span class='ocrx_word' id='word_1_839' title='bbox 2613 4988 2867 5051; x_wconf 88' lang='lat' dir='ltr'><strong>collecta,</strong></span> <span class='ocrx_word' id='word_1_840' title='bbox 2917 5002 3094 5058; x_wconf 77' lang='lat' dir='ltr'><strong>iisque</strong></span> <span class='ocrx_word' id='word_1_841' title='bbox 3144 4986 3212 5040; x_wconf 91' lang='lat' dir='ltr'><strong>ad</strong></span> <span class='ocrx_word' id='word_1_842' title='bbox 3261 4987 3481 5042; x_wconf 89' lang='lat' dir='ltr'><strong>lumbos</strong></span> <span class='ocrx_word' id='word_1_843' title='bbox 3530 4988 3662 5054; x_wconf 84' lang='lat' dir='ltr'><strong>equi</strong></span> 
     </span>
    </p>
   </div>
   <div class='ocr_carea' id='block_1_112' title="bbox 2084 5079 3666 5150">
    <p class='ocr_par' dir='ltr' id='par_1_112' title="bbox 2084 5079 3666 5150">
     <span class='ocr_line' id='line_1_112' title="bbox 2084 5079 3666 5150; baseline -0.001 -15"><span class='ocrx_word' id='word_1_844' title='bbox 2084 5081 2370 5150; x_wconf 83' lang='lat' dir='ltr'><strong>pertingit,</strong></span> <span class='ocrx_word' id='word_1_845' title='bbox 2413 5089 2469 5134; x_wconf 90' lang='lat' dir='ltr'><strong>et</strong></span> <span class='ocrx_word' id='word_1_846' title='bbox 2516 5094 2766 5150; x_wconf 82' lang='lat' dir='ltr'><strong>magnam</strong></span> <span class='ocrx_word' id='word_1_847' title='bbox 2821 5079 3190 5148; x_wconf 81' lang='lat' dir='ltr'><strong>posteriorum</strong></span> <span class='ocrx_word' id='word_1_848' title='bbox 3238 5089 3449 5149; x_wconf 86' lang='lat' dir='ltr'><strong>partem</strong></span> <span class='ocrx_word' id='word_1_849' title='bbox 3498 5095 3666 5135; x_wconf 87' lang='lat' dir='ltr'><strong>occu-</strong></span> 
     </span>
    </p>
   </div>
   <div class='ocr_carea' id='block_1_113' title="bbox 2083 5169 3665 5242">
    <p class='ocr_par' dir='ltr' id='par_1_113' title="bbox 2083 5169 3665 5242">
     <span class='ocr_line' id='line_1_113' title="bbox 2083 5169 3665 5242; baseline 0 -17"><span class='ocrx_word' id='word_1_850' title='bbox 2083 5187 2222 5242; x_wconf 86' lang='lat' dir='ltr'><strong>pans</strong></span> <span class='ocrx_word' id='word_1_851' title='bbox 2254 5173 2402 5241; x_wconf 87' lang='lat' dir='ltr'><strong>large</strong></span> <span class='ocrx_word' id='word_1_852' title='bbox 2438 5169 2656 5225; x_wconf 78' lang='lat' dir='ltr'><strong>difﬂuit.</strong></span> <span class='ocrx_word' id='word_1_853' title='bbox 2710 5169 2907 5225; x_wconf 77' lang='lat' dir='ltr'><strong>Manus</strong></span> <span class='ocrx_word' id='word_1_854' title='bbox 2958 5185 3095 5225; x_wconf 86' lang='lat' dir='ltr'><strong>vero</strong></span> <span class='ocrx_word' id='word_1_855' title='bbox 3141 5181 3342 5226; x_wconf 66' lang='lat' dir='ltr'><strong>statuae</strong></span> <span class='ocrx_word' id='word_1_856' title='bbox 3395 5187 3506 5226; x_wconf 87' lang='lat' dir='ltr'><strong>non</strong></span> <span class='ocrx_word' id='word_1_857' title='bbox 3553 5179 3665 5225; x_wconf 89' lang='lat' dir='ltr'><strong>tra-</strong></span> 
     </span>
    </p>
   </div>
   <div class='ocr_carea' id='block_1_114' title="bbox 2085 5261 3664 5333">
    <p class='ocr_par' dir='ltr' id='par_1_114' title="bbox 2085 5261 3664 5333">
     <span class='ocr_line' id='line_1_114' title="bbox 2085 5261 3664 5333; baseline -0.001 -15"><span class='ocrx_word' id='word_1_858' title='bbox 2085 5263 2288 5318; x_wconf 88' lang='lat' dir='ltr'><strong>ctando</strong></span> <span class='ocrx_word' id='word_1_859' title='bbox 2334 5278 2401 5317; x_wconf 86' lang='lat' dir='ltr'><strong>ac</strong></span> <span class='ocrx_word' id='word_1_860' title='bbox 2446 5261 2756 5332; x_wconf 86' lang='lat' dir='ltr'><strong>dirigendo,</strong></span> <span class='ocrx_word' id='word_1_861' title='bbox 2794 5276 3073 5316; x_wconf 81' lang='lat' dir='ltr'><strong>sessoruin</strong></span> <span class='ocrx_word' id='word_1_862' title='bbox 3109 5277 3282 5323; x_wconf 87' lang='lat' dir='ltr'><strong>more,</strong></span> <span class='ocrx_word' id='word_1_863' title='bbox 3318 5278 3464 5333; x_wconf 84' lang='lat' dir='ltr'><strong>equo</strong></span> <span class='ocrx_word' id='word_1_864' title='bbox 3494 5277 3664 5317; x_wconf 85' lang='lat' dir='ltr'><strong>occu-</strong></span> 
     </span>
    </p>
   </div>
   <div class='ocr_carea' id='block_1_115' title="bbox 2083 5353 3661 5426">
    <p class='ocr_par' dir='ltr' id='par_1_115' title="bbox 2083 5353 3661 5426">
     <span class='ocr_line' id='line_1_115' title="bbox 2083 5353 3661 5426; baseline -0.001 -16"><span class='ocrx_word' id='word_1_865' title='bbox 2083 5366 2286 5426; x_wconf 84' lang='lat' dir='ltr'><strong>pantur</strong></span> <span class='ocrx_word' id='word_1_866' title='bbox 2304 5372 2320 5423; x_wconf 88' lang='lat'><strong>;</strong></span> <span class='ocrx_word' id='word_1_867' title='bbox 2338 5354 2434 5410; x_wconf 85' lang='lat' dir='ltr'><strong>sed</strong></span> <span class='ocrx_word' id='word_1_868' title='bbox 2457 5354 2706 5408; x_wconf 86' lang='lat' dir='ltr'><strong>dextram</strong></span> <span class='ocrx_word' id='word_1_869' title='bbox 2755 5353 2983 5424; x_wconf 89' lang='lat' dir='ltr'><strong>quidem</strong></span> <span class='ocrx_word' id='word_1_870' title='bbox 3007 5353 3196 5425; x_wconf 88' lang='lat' dir='ltr'><strong>erigit,</strong></span> <span class='ocrx_word' id='word_1_871' title='bbox 3219 5356 3379 5423; x_wconf 82' lang='lat' dir='ltr'><strong>quasi</strong></span> <span class='ocrx_word' id='word_1_872' title='bbox 3407 5353 3661 5408; x_wconf 75' lang='lat' dir='ltr'><strong>martiali</strong></span> 
     </span>
    </p>
   </div>
   <div class='ocr_carea' id='block_1_116' title="bbox 2081 5445 3664 5519">
    <p class='ocr_par' dir='ltr' id='par_1_116' title="bbox 2081 5445 3664 5519">
     <span class='ocr_line' id='line_1_116' title="bbox 2081 5445 3664 5519; baseline -0.002 -17"><span class='ocrx_word' id='word_1_873' title='bbox 2081 5449 2318 5519; x_wconf 86' lang='lat' dir='ltr'><strong>quodam</strong></span> <span class='ocrx_word' id='word_1_874' title='bbox 2379 5461 2762 5517; x_wconf 85' lang='lat' dir='ltr'><strong>generosoque</strong></span> <span class='ocrx_word' id='word_1_875' title='bbox 2821 5461 2988 5502; x_wconf 85' lang='lat' dir='ltr'><strong>sensu</strong></span> <span class='ocrx_word' id='word_1_876' title='bbox 3049 5454 3107 5501; x_wconf 91' lang='lat' dir='ltr'><strong>et</strong></span> <span class='ocrx_word' id='word_1_877' title='bbox 3162 5447 3348 5501; x_wconf 89' lang='lat' dir='ltr'><strong>animo</strong></span> <span class='ocrx_word' id='word_1_878' title='bbox 3407 5445 3664 5500; x_wconf 86' lang='lat' dir='ltr'><strong>hostibus</strong></span> 
     </span>
    </p>
   </div>
   <div class='ocr_carea' id='block_1_117' title="bbox 2082 5537 3663 5612">
    <p class='ocr_par' dir='ltr' id='par_1_117' title="bbox 2082 5537 3663 5612">
     <span class='ocr_line' id='line_1_117' title="bbox 2082 5537 3663 5612; baseline -0.003 -17"><span class='ocrx_word' id='word_1_879' title='bbox 2082 5540 2319 5612; x_wconf 75' lang='lat' dir='ltr'><strong>gravizer</strong></span> <span class='ocrx_word' id='word_1_880' title='bbox 2370 5539 2788 5595; x_wconf 89' lang='lat' dir='ltr'><strong>interminetur.</strong></span> <span class='ocrx_word' id='word_1_881' title='bbox 2822 5539 3031 5595; x_wconf 78' lang='lat' dir='ltr'><strong>Verum</strong></span> <span class='ocrx_word' id='word_1_882' title='bbox 3079 5553 3190 5592; x_wconf 89' lang='lat' dir='ltr'><strong>non</strong></span> <span class='ocrx_word' id='word_1_883' title='bbox 3217 5552 3285 5591; x_wconf 77' lang='lat' dir='ltr'><strong>ex</strong></span> <span class='ocrx_word' id='word_1_884' title='bbox 3316 5537 3558 5591; x_wconf 83' lang='lat' dir='ltr'><strong>amentia</strong></span> <span class='ocrx_word' id='word_1_885' title='bbox 3602 5545 3663 5592; x_wconf 86' lang='lat' dir='ltr'><strong>ct</strong></span> 
     </span>
    </p>
   </div>
   <div class='ocr_carea' id='block_1_118' title="bbox 2084 5628 3657 5701">
    <p class='ocr_par' dir='ltr' id='par_1_118' title="bbox 2084 5628 3657 5701">
     <span class='ocr_line' id='line_1_118' title="bbox 2084 5628 3657 5701; baseline -0.004 -15"><span class='ocrx_word' id='word_1_886' title='bbox 2084 5633 2276 5687; x_wconf 87' lang='lat' dir='ltr'><strong>insana</strong></span> <span class='ocrx_word' id='word_1_887' title='bbox 2327 5631 2557 5686; x_wconf 87' lang='lat' dir='ltr'><strong>audacia</strong></span> <span class='ocrx_word' id='word_1_888' title='bbox 2602 5631 2864 5701; x_wconf 86' lang='lat' dir='ltr'><strong>quadam,</strong></span> <span class='ocrx_word' id='word_1_889' title='bbox 2904 5639 2964 5684; x_wconf 90' lang='lat' dir='ltr'><strong>ut</strong></span> <span class='ocrx_word' id='word_1_890' title='bbox 3005 5629 3281 5699; x_wconf 87' lang='lat' dir='ltr'><strong>quispiam</strong></span> <span class='ocrx_word' id='word_1_891' title='bbox 3334 5628 3657 5682; x_wconf 87' lang='lat' dir='ltr'><strong>arbitretur.</strong></span> 
     </span>
    </p>
   </div>
   <div class='ocr_carea' id='block_1_119' title="bbox 2083 5720 3661 5793">
    <p class='ocr_par' dir='ltr' id='par_1_119' title="bbox 2083 5720 3661 5793">
     <span class='ocr_line' id='line_1_119' title="bbox 2083 5720 3661 5793; baseline -0.001 -15"><span class='ocrx_word' id='word_1_892' title='bbox 2083 5724 2219 5778; x_wconf 84' lang='lat' dir='ltr'><strong>Nam</strong></span> <span class='ocrx_word' id='word_1_893' title='bbox 2260 5726 2392 5779; x_wconf 77' lang='lat' dir='ltr'><strong>laeva</strong></span> <span class='ocrx_word' id='word_1_894' title='bbox 2440 5737 2638 5778; x_wconf 89' lang='lat' dir='ltr'><strong>manus</strong></span> <span class='ocrx_word' id='word_1_895' title='bbox 2666 5723 2800 5779; x_wconf 90' lang='lat' dir='ltr'><strong>huic</strong></span> <span class='ocrx_word' id='word_1_896' title='bbox 2843 5722 3091 5778; x_wconf 87' lang='lat' dir='ltr'><strong>occurrit</strong></span> <span class='ocrx_word' id='word_1_897' title='bbox 3119 5720 3452 5793; x_wconf 87' lang='lat' dir='ltr'><strong>suspicioni,</strong></span> <span class='ocrx_word' id='word_1_898' title='bbox 3495 5736 3661 5791; x_wconf 73' lang='lat' dir='ltr'><strong>atque</strong></span> 
     </span>
    </p>
   </div>
   <div class='ocr_carea' id='block_1_120' title="bbox 2085 5812 3660 5888">
    <p class='ocr_par' dir='ltr' id='par_1_120' title="bbox 2085 5812 3660 5888">
     <span class='ocr_line' id='line_1_120' title="bbox 2085 5812 3660 5888; baseline -0.002 -17"><span class='ocrx_word' id='word_1_899' title='bbox 2085 5816 2264 5872; x_wconf 74' lang='lat' dir='ltr'><strong>virum</strong></span> <span class='ocrx_word' id='word_1_900' title='bbox 2309 5817 2380 5874; x_wconf 85' lang='lat' dir='ltr'><strong>ab</strong></span> <span class='ocrx_word' id='word_1_901' title='bbox 2422 5831 2485 5873; x_wconf 89' lang='lat' dir='ltr'><strong>ea</strong></span> <span class='ocrx_word' id='word_1_902' title='bbox 2529 5816 2690 5887; x_wconf 80' lang='lat' dir='ltr'><strong>plane</strong></span> <span class='ocrx_word' id='word_1_903' title='bbox 2732 5812 2987 5871; x_wconf 87' lang='lat' dir='ltr'><strong>defendit</strong></span> <span class='ocrx_word' id='word_1_904' title='bbox 3015 5821 3070 5871; x_wconf 88' lang='lat' dir='ltr'><strong>ct</strong></span> <span class='ocrx_word' id='word_1_905' title='bbox 3111 5823 3319 5870; x_wconf 78' lang='lat' dir='ltr'><strong>tuetur.</strong></span> <span class='ocrx_word' id='word_1_906' title='bbox 3371 5813 3660 5888; x_wconf 78' lang='lat' dir='ltr'><strong>Siquidem</strong></span> 
     </span>
    </p>
   </div>
  </div>
