4016 6452
398 365 505 431 925

1261 376 1359 438 DE
1402 376 1927 439 PROCESSIONE
2006 384 2374 445 SPlRlTUS
2415 386 2712 451 SANCTI.

3568 388 3677 456 926

388 490 447 544 δὲ
493 487 693 558 ἔθεμεν
730 487 1024 559 πρότερον.
1066 489 1128 542 Et
1168 487 1261 545 οὖν
1313 507 1399 557 τις
1457 493 1593 563 φαίη
1626 494 1715 548 διὰ
1748 497 1805 549 τί
1838 513 1970 550 καυ-

2097 497 2232 551 ιτίιιε
2288 502 2664 569 supponimus.
2738 500 2797 555 Si
2859 501 2985 571 quis
3074 501 3261 574 itaque
3327 503 3672 576 interroget.

397 580 583 635 στικόν
613 580 731 635 ἑστι
760 582 823 634 τὸ
853 580 965 651 πῦρ
998 584 1348 649 καυστικῶς;
1384 587 1445 639 οὐ
1492 585 1657 640 καλὸν
1682 588 1987 656 ἀπολογεῖν

397 675 563 740 σθαι,
589 673 727 727 διότι
775 673 922 726 καίει
962 674 1022 727 τὸ
1062 674 1243 742 ξύλον.
1296 676 1602 747 Ἐνδέχεται
1633 681 1743 752 γὰρ
1778 682 1874 735 καὶ
1907 681 1983 753 μὴ

394 766 571 818 καίειν
614 765 677 817 τὸ
708 764 865 830 ξύλον
893 767 955 819 τὸ
996 767 1130 837 πῦρ,
1169 768 1294 837 μηδ’
1329 770 1576 840 ἐνεργεῖν
1599 771 1723 843 ἔχον
1750 773 1851 845 τὴν
1883 762 1988 843 (po?

398 856 556 923 σικὴν
583 856 835 927 δύναμιν.
868 859 1074 923 Διττῶς
1110 860 1242 928 γοῦν
1276 861 1590 932 ἁμαρτάνει
1639 866 1668 918 ὁ
1718 865 1981 938 τοιαύτην

396 951 579 1003 αἰτίαν
612 949 806 1015 τιθεὶς,
835 949 915 1020 τῷ
947 968 1007 1005 τε
1049 951 1161 1022 γὰρ
1194 952 1424 1023 ὕστερον
1458 956 1644 1024 λέγειν
1677 958 1850 1011 αῐτιον
1884 958 1980 1012 τοῦ

401 1042 694 1111 προτέρου,
728 1043 822 1096 καὶ
861 1042 942 1113 τῷ
968 1043 1029 1096 τὸ
1055 1045 1411 1116 ἐνδεχόμενον
1444 1047 1518 1116 μὴ
1561 1043 1726 1112 εἶναι,
1756 1047 1848 1102 τοῦ
1879 1066 1985 1117 φυ-

400 1131 570 1194 σικῶς
600 1133 696 1186 καὶ
733 1133 791 1199 ἐξ
846 1134 1098 1204 ἀνάγκης
1134 1134 1313 1195 ὄντος.
1373 1136 1436 1190 Et
1470 1137 1526 1191 δέ
1553 1154 1636 1201 τις
1684 1138 1987 1208 ἐρωτήσειε

397 1224 485 1280 διὰ
507 1223 562 1279 τί
586 1227 732 1280 καίει
764 1227 827 1280 τὸ
855 1226 968 1298 πῦρ
997 1227 1066 1281 τὰ
1100 1228 1269 1295 ξύλας
1300 1228 1522 1298 εὔλογον
1546 1231 1858 1286 ἀποδιδόναι
1887 1232 1987 1302 τὴν

397 1315 599 1378 αἰτίαν,
631 1315 713 1369 ὅτι
749 1318 1046 1371 καυστικὸν
1076 1319 1191 1372 ἐστι
1224 1320 1389 1387 φύσει
1427 1320 1488 1373 τὸ
1516 1320 1653 1391 πῦρ.
1700 1321 1905 1376 Τούτου
1929 1323 1988 1377 δὲ

396 1408 445 1460 εἰ
474 1407 666 1476 ζητοίη
702 1408 867 1463 πάλιν
888 1408 948 1462 τὸ
978 1409 1175 1476 αἴτιον,
1197 1410 1282 1463 ὅτι
1308 1412 1427 1475 πῶς
1455 1412 1754 1467 καυστικδν
1782 1413 1843 1466 τὸ
1872 1413 1987 1486 πῦρ

397 1500 593 1568 φύσει;
628 1501 760 1555 ἄλλο
792 1516 877 1566 τις
908 1504 1177 1574 πρότερον
1206 1505 1505 1571 ὲννοήσειε,
1537 1506 1632 1559 καὶ
1674 1506 1738 1559 ού
1772 1506 1854 1573 τδ,
1905 1509 1988 1562 ὅτι

400 1592 547 1647 καίει
580 1593 651 1648 τὰ
690 1592 847 1659 ξύλα.
890 1594 1065 1650 Τοῦτο
1107 1597 1217 1667 γὰρ
1247 1597 1460 1668 ἐδείχθη
1491 1598 1588 1652 καὶ
1615 1598 1871 1671 ὕστερον,
1893 1602 1991 1654 καὶ

403 1686 757 1757 ἐνδεχόμενον
791 1688 866 1760 μὴ
898 1689 1170 1758 γίνεσθαι.
1218 1690 1345 1755 Πῶς
1373 1687 1468 1745 οὖν
1520 1692 1583 1746 τὸ
1618 1693 1695 1765 μὴ
1739 1695 1989 1763 γίνεσθαι

398 1779 787 1849 ἐνδεχόμενον,
825 1782 918 1835 καὶ
953 1782 1015 1835 τὸ
1052 1781 1278 1855 ὕστερον
1317 1784 1414 1838 τοῦ
1451 1784 1632 1854 φύσει,
1667 1788 1761 1841 καὶ
1798 1789 1992 1858 προτέ-

401 1888 497 1942 ρου
520 1840 709 1927 ,αίτιον
738 1840 808 1929 ἂν
858 1875 970 1945 atq;
1019 1840 1198 1929 Ἀλλὰ,
1221 1877 1388 1947 τυχὸν
1436 1840 1730 1933 αἰτιάσαιτ’
1780 1840 1987 1959 ἂν,
2015 1840 2064 1901 Β

397 1965 735 2038 λεπτομερὲς
768 1967 828 2020 τὸ
862 1971 1128 2038 στοιχεῖον
1166 1973 1263 2024 καὶ
1311 1969 1595 2041 εὐκίνητον
1646 1973 1829 2044 φύσει.
1880 1975 1991 2029 Καὶ

397 2061 481 2113 ὅτι
527 2060 867 2132 διεγερτικὺν
913 2061 1130 2116 ἔνδοθεν
1177 2064 1318 2132 πρὸς
1368 2064 1559 2133 ἔξαψιν
1603 2068 1850 2134 φυσικῶς
1889 2071 1988 2138 τῆς

401 2152 595 2226 ῥώμης
624 2153 893 2226 ὠκύτητι,
938 2155 1035 2208 καὶ
1064 2155 1143 2226 τῷ
1192 2156 1542 2228 λεπτομερεῖ,
1582 2159 1677 2212 καὶ
1710 2160 1988 2231 δραστικῷ

397 2244 498 2314 τῆς
531 2244 776 2312 φύσεως,
829 2246 925 2299 καὶ
961 2245 1171 2300 τοιαῦθ’
1198 2247 1386 2318 ἔτερα.
1426 2248 1586 2302 Οὕτω
1621 2250 1716 2304 καὶ
1761 2251 1858 2304 ἐπὶ
1894 2250 1987 2305 τοῦ

400 2337 767 2407 προκειμένου
823 2336 1144 2409 ζητήματος
1213 2340 1490 2409 ἑννοήσειέ
1553 2359 1639 2406 τις
1705 2344 1989 2414 τολμήσας

399 2429 586 2500 μικρῷ
613 2430 761 2499 λόγῳ
790 2430 860 2483 τὰ
903 2432 1118 2499 μεγάλα
1153 2434 1526 2503 σταθμᾶσθαι.
1562 2436 1627 2489 Ei
1671 2438 1779 2505 γὰρ
1812 2437 1986 2508 ὑπερ-

396 2523 609 2594 χρόνως
645 2523 744 2593 μὲν
774 2523 1000 2592 Πνεῦμα
1030 2524 1162 2577 Υίοῦ
1209 2525 1269 2579 τὸ
1320 2527 1548 2595 Πνεῦμα
1579 2529 1638 2580 τὺ
1684 2528 1865 2597 ἅγιον,
1894 2531 1988 2583 καὶ

396 2616 513 2668 ἐστι
535 2631 617 2678 τε,
654 2616 750 2669 καὶ
776 2615 1032 2683 λέγεται,
1060 2615 1264 2670 δίδοται
1290 2617 1347 2670 δὲ
1371 2618 1647 2688 ἐγχρόνως
1671 2623 1786 2684 τοῖς
1816 2620 1989 2686 ἀξίοις

397 2706 551 2776 παρὰ
572 2705 670 2760 τοῦ
699 2707 835 2760 Υίοῦ
864 2709 958 2760 καὶ
986 2711 1311 2778 χορηγείται
1334 2711 1396 2764 τὸ
1425 2712 1674 2781 Πνεῦμα,
1702 2716 1992 2784 ὁμολογού-

402 2815 564 2868 μενον
600 2799 992 2870 ἀναμφιϐόλως
1049 2801 1238 2867 παντὶ,
1289 2803 1366 2865 ὡς
1411 2803 1473 2856 τὸ
1508 2804 1848 2875 ὑπέρχρονον
1893 2808 1988 2861 τοῦ

400 2893 663 2964 ὲγχρόνου
695 2892 989 2963 πρότερον,
1031 2895 1125 2948 καὶ
1158 2895 1219 2947 τὸ
1259 2894 1423 2965 φύσει
1454 2897 1556 2966 τῆς
1588 2900 1892 2968 ἐνεργείας.
1925 2903 1988 2956 Et

398 2988 530 3054 γοῦν
580 3003 666 3049 τις
715 2986 927 3057 ζητοίη,
975 2986 1061 3041 διὰ
1115 2986 1169 3042 τί
1202 2992 1524 3059 χορηγεῖται
1558 2995 1672 3056 τοῖς
1709 2993 1882 3061 ἀξίοις
1928 2997 1992 3049 τὸ

402 3082 629 3150 Πνεῦμα
665 3082 822 3154 παρὰ
843 3082 939 3135 τοῦ
970 3082 1136 3148 Υίοῦ;
1169 3081 1392 3153 εὔλογος
1419 3086 1451 3156 ἡ
1480 3087 1810 3156 ἀπάντησις,
1842 3089 1988 3142 Διότι

2087 603 2257 660 quare
2291 591 2431 659 ignis
2472 593 2726 649 facultate
2760 595 2860 649 sibi
2895 595 3079 649 innata
3119 596 3350 650 adurat?
3392 612 3500 652 non
3533 613 3681 655 recte

2088 682 2211 751 quis
2256 678 2639 750 responderet,
2686 685 2832 754 quod
2885 686 3086 757 lignum
3132 687 3352 743 adurit:
3383 688 3503 744 ﬁeri
3535 693 3679 746 enim

2091 783 2293 842 potest,
2331 783 2390 827 ut
2424 774 2571 843 ignis
2604 775 2810 843 lignum
2844 792 2950 831 non
2984 780 3197 844 adurat,
3236 795 3336 835 nec
3366 792 3514 853 agat,
3554 783 3680 837 licet

2091 864 2402 921 facultatem
2440 868 2736 922 naturalem
2770 868 2822 923 id
2854 869 3301 941 habeatagendi.
3358 872 3426 927 Et
3453 874 3682 942 duplici-

2092 968 2173 1014 ter
2200 970 2412 1026 peccat,
2437 960 2529 1029 qui
2557 961 2869 1030 prtedictam
2893 977 3117 1017 causam
3146 963 3394 1031 assignat
3423 980 3439 1018 :
3467 974 3522 1018 et
3541 967 3684 1035 quod

2088 1051 2362 1121 posterius
2387 1066 2610 1105 causam
2634 1052 2841 1107 diceret
2864 1055 3185 1117 anterioris,
3209 1065 3285 1119 et,
3313 1056 3457 1126 quod
3483 1071 3591 1111 non
3614 1058 3683 1112 sit

2088 1143 2145 1198 id
2188 1143 2336 1212 quod
2372 1142 2491 1197 ﬁeri
2540 1153 2757 1213 potest,
2779 1145 2925 1201 illius
2960 1147 3104 1215 quod
3143 1149 3465 1202 naturaliter
3493 1157 3548 1202 et
3580 1163 3682 1203 ne-

2089 1235 2331 1290 cessario
2363 1245 2468 1290 est.
2503 1234 2712 1304 Siquis
2766 1237 3263 1307 vero-postularit,
3317 1253 3486 1307 quare
3545 1240 3691 1309 ignis

2091 1326 2289 1382 adurat
2325 1326 2512 1398 ligna?
2561 1329 2845 1397 responsio
2890 1345 2989 1385 nec
3042 1331 3247 1386 absona
3301 1331 3505 1400 fuerit,
3538 1333 3686 1403 quod

2091 1434 2287 1476 natura
2318 1436 2419 1475 sua
2445 1421 2589 1492 ignis
2617 1422 2816 1476 adurit.
2849 1421 3082 1491 Hujusce
3108 1433 3319 1487 autem,
3347 1423 3393 1477 si
3420 1423 3544 1494 quis
3571 1438 3688 1477 rur-

2091 1530 2210 1570 sum
2243 1528 2462 1569 causam
2498 1515 2807 1571 sciscitatus
2834 1514 3021 1580 fuerit,
3052 1518 3330 1584 quomodo
3358 1517 3497 1586 ignis
3529 1527 3693 1571 natu-

2091 1621 2152 1661 ra
2186 1622 2281 1660 sua
2316 1607 2555 1662 adurat?
2580 1607 2725 1661 aliud
2752 1607 3031 1675 quidpiam
3059 1607 3243 1676 potius
3265 1608 3389 1677 quis
3410 1609 3690 1677 excogita-

2094 1699 2257 1765 verit,
2285 1707 2340 1752 et
2364 1713 2472 1754 non
2505 1699 2632 1761 hoc,
2661 1702 2802 1768 quod
2840 1699 2982 1767 ligna
3013 1702 3227 1755 adurat.
3263 1699 3380 1754 Hoc
3415 1701 3588 1767 enim,
3627 1711 3689 1756 ut

2093 1788 2453 1853 ostendimus,
2479 1790 2752 1858 posterius
2771 1800 2853 1843 est
2876 1798 2930 1844 et
2951 1799 3131 1857 pateat
3160 1789 3299 1856 ﬁeri,
3321 1801 3378 1843 ut
3406 1805 3511 1845 non
3537 1798 3684 1861 agat.

2094 1880 2347 1950 Quanam
2399 1883 2588 1950 itaque
2633 1883 2869 1946 ratione,
2902 1882 3045 1950 quod
3084 1881 3198 1937 ﬁeri
3232 1891 3435 1953 potest,
3484 1892 3543 1938 ut
3575 1899 3689 1939 non

2096 1973 2213 2036 liat,
2255 1981 2311 2028 et
2332 1972 2475 2041 quod
2503 1971 2775 2042 posterius
2796 1981 2882 2027 est
2906 1972 3073 2039 illius,
3098 1975 3243 2043 quod
3270 1984 3460 2028 natura
3485 1990 3580 2031 sua
3603 1985 3689 2031 est

2093 2075 2149 2120 et
2180 2067 2329 2135 prius
2360 2081 2524 2120 causa
2549 2064 2755 2119 fuerit?
2803 2063 2866 2118 Et
2894 2063 3036 2119 forte
3066 2065 3230 2119 etiam
3264 2065 3390 2120 illud
3423 2065 3686 2135 adducet,

2095 2161 2238 2229 quod
2270 2159 2604 2212 elementum
2632 2159 2864 2227 partium
2899 2157 3168 2213 tenuitate
3196 2157 3418 2227 polleat,
3449 2168 3505 2214 et
3536 2158 3687 2216 facili

2093 2260 2241 2306 mutu
2267 2260 2457 2305 natura
2485 2266 2583 2306 sua
2610 2250 2851 2315 cientur;
2880 2259 2935 2305 et
2961 2250 3107 2319 quod
3130 2250 3348 2305 interne
3368 2252 3690 2309 naturaliter

2093 2344 2307 2399 roboris
2334 2343 2642 2408 velocitate,
2674 2350 2730 2396 et
2753 2340 3147 2411 particularum
3184 2344 3472 2408 tenuitate,
3506 2352 3563 2400 et
3591 2359 3691 2399 na-

2094 2442 2233 2488 tura:
2260 2431 2602 2496 eliicacitate,
2621 2432 2686 2485 ad
2708 2431 3110 2486 incendendum
3144 2447 3233 2488 res
3262 2432 3520 2500 concitet,
3538 2440 3592 2488 et
3608 2434 3688 2488 si-

2092 2524 2265 2580 milia.
2299 2523 2425 2579 Pari
2456 2525 2667 2578 ratione
2695 2535 2750 2577 et
2779 2524 2833 2577 in
2869 2524 3146 2594 proposita
3178 2526 3484 2595 quastione
3525 2540 3692 2595 argu-

2094 2617 2430 2672 mentabitur
2451 2617 2745 2685 quispiam,
2767 2616 2975 2670 audens
2999 2615 3200 2684 pusillo
3223 2617 3472 2671 discursu
3503 2617 3691 2685 ingen-

2095 2711 2170 2763 tia
2210 2708 2415 2764 metiri.
2452 2705 2725 2776 Namque,
2757 2706 2802 2761 si
2838 2714 2967 2761 ante
3008 2718 3257 2776 tempora
3291 2708 3532 2776 Spiritus
3566 2706 3688 2763 Filii

2095 2802 2328 2873 Spiritus
2351 2808 2575 2855 sanctus
2602 2808 2656 2852 et
2680 2806 2763 2853 est
2785 2809 2840 2854 et
2863 2798 3088 2863 dicitur,
3108 2800 3274 2853 datur
3302 2814 3435 2853 vero
3465 2800 3519 2856 in
3551 2808 3690 2856 tem-

2092 2913 2224 2968 pore
2258 2895 2437 2966 dignis
2460 2911 2489 2948 a
2514 2893 2673 2960 Filio,
2705 2903 2762 2947 et
2783 2892 3167 2963 suppeditatur
3187 2891 3448 2961 Spiritus,
3470 2893 3523 2947 in
3552 2907 3689 2947 con~

2097 2994 2247 3049 fesso
2298 3005 2419 3046 esse
2452 2989 2638 3051 debet,
2679 2987 2799 3042 sine
2833 2986 2942 3040 ullo
2981 2986 3150 3041 dubio
3180 2987 3323 3056 apud
3357 3002 3574 3049 omnes,
3612 2988 3689 3051 id,

2094 3084 2234 3155 quod
2266 3093 2394 3137 ante
2424 3090 2672 3150 tempora
2701 3087 2804 3146 est,
2834 3094 2921 3145 eo,
2956 3079 3103 3148 quod
3136 3079 3190 3133 in
3219 3087 3463 3147 tempore
3493 3088 3599 3143 est,
3630 3085 3693 3133 et

400 3175 515 3231 ἐστι
547 3192 627 3242 τε,
663 3177 762 3229 καὶ
814 3175 1037 3242 λέγεται
1088 3178 1314 3248 Πνεῦμα
1351 3179 1501 3234 Υἱοῦ.
1550 3180 1757 3234 Ἐκεῖνο
1796 3185 1905 3252 γὰρ
1933 3183 1995 3236 τὸ

2098 3177 2239 3246 quod
2264 3184 2461 3229 natura
2490 3183 2595 3237 est,
2625 3170 2777 3239 prius
2799 3186 2922 3225 esse
2952 3170 3071 3240 ipsa
3093 3169 3331 3225 actione.
3360 3169 3417 3223 Si
3445 3169 3567 3237 quis
3587 3167 3693 3223 ita-

399 3270 594 3337 αίτιον,
618 3269 778 3323 τοῦτο
811 3270 868 3323 δὲ
911 3271 971 3323 τὸ
997 3273 1264 3326 αἰτιατόν.
1294 3273 1356 3325 Et
1381 3271 1440 3325 δὲ
1473 3272 1638 3326 πάλιν
1661 3274 1869 3345 ζητοίη,
1902 3275 1991 3329 διὰ

399 3364 453 3419 τί
477 3366 594 3418 ἐστι
622 3363 715 3415 καὶ
746 3363 970 3431 λέγεται
1003 3362 1229 3433 Πνεῦμα
1260 3362 1396 3417 Υἰοῦ
1429 3365 1458 3417 ὁ
1486 3353 1869 3436 Παράκλητος,
1892 3368 1992 3423 οὐκ

401 3455 521 3509 ἔστι
542 3454 728 3523 λέγειν
759 3455 891 3518 τινὶ,
918 3456 1000 3508 ὅτι
1028 3454 1163 3508 διότι
1200 3458 1314 3518 τοῖς
1342 3455 1514 3521 ἀξίοις
1550 3460 1704 3529 παρὰ
1735 3462 1829 3513 τοῦ
1859 3461 1991 3516 Υίοῦ

401 3549 463 3602 τὸ
487 3548 715 3616 Πνεῦμα
751 3550 1096 3619 χορηγεῖται.
1129 3546 1302 3601 Τοῦτο
1333 3549 1442 3620 γὰρ
1478 3548 1724 3618 ὕστερον,
1760 3555 1858 3606 καὶ
1901 3553 1993 3622 ἐγ-

399 3657 614 3714 χρονον,
653 3643 750 3695 καὶ
796 3641 885 3694 διὰ
923 3639 1085 3694 τοῦτο
1128 3641 1393 3695 αἰτιατόν.
1450 3642 1695 3713 Ἀμαθὴς
1736 3644 1920 3698 τοίνυν
1957 3647 1991 3716 ή

399 3735 719 3804 ἀπόκρισις,
743 3732 805 3785 τὸ
831 3732 876 3784 δ’
902 3733 1167 3804 ἐρώτημα
1205 3730 1454 3798 εὔλογον.
1484 3734 1596 3788 Καὶ
1623 3737 1685 3788 οὐ
1730 3737 1861 3808 περὶ
1893 3737 1992 3792 τοῦ

401 3828 488 3880 ὅτι
519 3825 584 3879 τὸ
615 3822 845 3895 Πνεῦμα
875 3825 979 3895 μέν
1006 3824 1126 3877 ἐστι
1164 3823 1260 3877 τοῦ
1318 3823 1455 3879 Υίοῦ
1498 3826 1877 3896 ὑπερχρόνως,
1910 3827 1994 3881 δί-

399 3915 550 3968 δοται
581 3913 638 3966 δὲ
670 3913 971 3983 ἐγχρόνως,
1004 3905 1528 3984 ἀμφισϐητήσομεν,
1566 3916 1706 3969 ἀλλὰ
1735 3917 1869 3988 περὶ
1897 3917 1995 3971 τοῦ

400 4006 484 4061 ὅτι
514 4005 573 4060 τὺ
606 4004 835 4076 ὓστερον
876 4004 972 4058 τοῦ
1006 4005 1300 4076 προτέρου,
1345 4006 1444 4059 καὶ
1489 4006 1551 4060 τὺ
1599 4007 1859 4079 ἐγχρονον
1899 4007 1994 4063 τοῦ

403 4100 744 4170 ὑπερχρόνου
795 4097 1127 4169 αἰτιώμεθα.
1175 4100 1355 4170 Ὅπερ
1409 4098 1696 4156 ἀδύνατον.
1726 4103 1894 4155 Ὥστε
1946 4106 1996 4157 εἰ

405 4194 480 4263 μή
512 4193 664 4246 ἐστιν
690 4192 868 4246 αἴτιον
895 4191 956 4244 τὸ
981 4192 1341 4263 χορηγεῖσθαι
1365 4195 1428 4245 τὸ
1456 4194 1684 4264 Πνεῦμα
1714 4196 1866 4267 παρὰ
1895 4195 1993 4250 τοῦ

402 4285 535 4339 Υίοῦ
587 4288 703 4348 τοῖς
754 4284 949 4349 ἀξίοις.
995 4285 1103 4339 Τοῦ
1138 4280 1280 4340 εἶναι
1318 4288 1413 4342 καὶ
1459 4286 1717 4356 λέγεσθαι
1767 4289 1996 4358 Πνεῦμα

403 4378 556 4439 Υίοῦ,
590 4377 841 4448 καθάπερ
874 4376 1067 4446 ἀμέλει
1099 4377 1193 4429 καὶ
1235 4376 1329 4431 τοῦ
1365 4378 1759 4449 πατρὸς.⁷ᾶλ),ο
1799 4398 1852 4434 τι
1898 4382 1998 4452 ζη-

403 4472 601 4541 τητέον
636 4469 828 4523 τούτου
858 4470 918 4522 τὸ
945 4470 1119 4523 αῖτιον
1148 4472 1262 4533 τοῖς
1305 4471 1501 4539 ἀξίοις,
1539 4473 1709 4539 ὅντως
1750 4474 1851 4544 τῆς
1879 4492 1994 4527 τοι-

2095 3286 2201 3340 que
2234 3266 2614 3335 interrogabit,
2648 3273 2877 3335 propter
2909 3264 3038 3333 quid
3071 3261 3252 3333 dignis
3288 3260 3526 3331 Spiritus
3559 3276 3695 3331 sup-

2097 3362 2370 3431 peditetur
2400 3375 2430 3413 a
2462 3358 2642 3413 Filio?
2679 3374 2782 3411 non
2818 3358 2937 3410 sine
2975 3357 3186 3411 ratione
3220 3354 3643 3425 respondebitur
3676 3370 3691 3407 :

2100 3452 2241 3520 Quia
2270 3459 2374 3515 est,
2405 3459 2460 3504 et
2490 3449 2690 3505 dicitur
2723 3447 2959 3516 Spiritus
2988 3444 3150 3511 Filii;
3181 3444 3315 3498 illud
3352 3444 3497 3498 enim
3529 3457 3694 3498 causa

2036 3571 2058 3581 -
2096 3555 2201 3612 est,
2232 3544 2337 3599 hoc
2367 3542 2617 3599 eﬂ'ectus.
2649 3541 2806 3609 Quod
2830 3542 2874 3594 si
2896 3542 3095 3595 iterum
3118 3546 3328 3608 qureret
3353 3556 3367 3593 :
3390 3538 3571 3604 Quare
3589 3536 3695 3592 Pa-

2098 3636 2338 3692 racletus
2366 3636 2569 3690 dicitur
2590 3644 2645 3689 et
2667 3645 2753 3688 est
2785 3632 3021 3700 Spiritus
3046 3630 3205 3685 Filii?
3233 3632 3441 3685 absone
3466 3644 3693 3698 respon-

2098 3729 2270 3794 debit,
2304 3726 2348 3781 si
2373 3726 2497 3796 quis
2519 3725 2758 3781 dixerit:
2793 3724 2946 3791 Quod
3019 3721 3198 3790 dignis
3230 3736 3259 3774 a
3289 3721 3430 3776 Filio
3457 3721 3696 3790 Spiritus

2098 3819 2481 3890 suppeditatur
2511 3833 2527 3871 :
2562 3817 2671 3871 hoc
2694 3817 2842 3870 enim
2875 3814 3148 3883 posterius
3177 3822 3283 3883 est,
3308 3813 3538 3882 tempori
3565 3812 3697 3868 sub-

2096 3909 2306 3979 jaceus,
2334 3909 2569 3977 ideoque
2594 3904 2842 3961 rﬂ'ectus.
2887 3904 3099 3959 lnsulsa
3126 3904 3312 3973 itaque
3333 3902 3438 3959 erit
3463 3918 3697 3970 respou-

2099 4003 2202 4071 sio,
2240 4002 2371 4057 licet
2399 4000 2758 4068 interrogatio
2784 4013 2908 4052 cum
2939 3998 3152 4052 ratione
3182 3995 3327 4050 facta
3369 3996 3462 4051 sit.
3500 3993 3568 4049 Et
3596 4010 3694 4051 nos

2101 4109 2210 4149 non
2246 4092 2638 4157 dubitabimus,
2673 4089 2939 4160 Spiritum
2971 4103 3095 4143 esse
3122 4086 3244 4142 Filii
3266 4098 3395 4141 ante
3422 4095 3690 4156 tempore,

2100 4183 2553 4255 suppeditarique
2583 4182 2650 4236 ab
2683 4181 2875 4236 eodem
2909 4181 2962 4235 in
2996 4190 3262 4248 tempore,
3296 4179 3388 4234 sed
3422 4178 3565 4246 quod
3596 4195 3693 4232 an-

2100 4280 2318 4337 terioris
2367 4277 2666 4347 posterius,
2719 4283 2776 4329 et
2826 4272 2971 4343 quod
3000 4272 3053 4326 in
3080 4282 3345 4340 tempore,
3377 4269 3521 4325 illius
3545 4270 3691 4338 quod

2101 4381 2230 4426 ante
2257 4380 2503 4440 tempora
2533 4375 2640 4431 est,
2697 4380 2923 4421 causam
2961 4364 3262 4423 faciamus;
3296 4364 3438 4433 quod
3470 4364 3695 4419 omnino

2107 4464 2226 4519 ﬁeri
2273 4463 2487 4533 nequit.
2530 4459 2711 4528 Quare
2740 4459 2787 4513 si
2820 4457 3201 4527 suppeditandi
3237 4453 3477 4524 Spiritus
3499 4469 3530 4507 a
3557 4452 3697 4508 Filio

404 4564 578 4635 αύτης
634 4561 939 4633 ζητήσεως.
964 4563 1027 4617 Ei
1056 4562 1115 4616 δὲ
1156 4562 1238 4615 δεῖ
1287 4580 1339 4616 τι
1380 4563 1611 4635 τολμᾷν,
1648 4565 1730 4619 ὅτι
1761 4566 1850 4620 διὰ
1895 4564 1989 4621 τοῦ

2097 4557 2298 4626 dignis,
2337 4570 2444 4609 non
2485 4564 2788 4620 estcausa,
2813 4550 2955 4622 quod
2985 4550 3081 4610 sit,
3106 4558 3159 4603 et
3194 4549 3413 4606 dicatur
3459 4544 3698 4615 Spiritus

405 4655 539 4710 Υίοῦ
564 4657 629 4709 ὲκ
660 4656 754 4707 τοῦ
783 4653 998 4723 Harpe;
1026 4655 1331 4726 προοδικῶς
1362 4657 1481 4708 ἐστι
1512 4656 1573 4708 τὺ
1606 4656 1833 4726 Πνεῦμα
1861 4698 1876 4723 ,
1907 4660 2002 4713 καὶ

406 4747 496 4802 διὰ
546 4747 648 4817 τὴν
697 4746 938 4817 φυσικὴν
984 4746 1268 4815 μεσιτείαν
1299 4745 1393 4800 τοῦ
1439 4748 1592 4810 Υίοῦ,
1634 4749 1701 4801 δι’
1732 4743 1801 4820 ἧς
1839 4749 1902 4802 τό
1943 4768 2003 4803 τε

411 4839 700 4909 μονογενὲς
733 4835 1068 4905 φυλάττεται
1107 4836 1158 4889 οἱ
1183 4877 1198 4903 ,
1226 4837 1317 4889 καὶ
1348 4835 1409 4889 τὸ
1442 4838 1671 4908 Πνεῦμα
1698 4839 1794 4892 τοῦ
1838 4838 1897 4902 ἐξ
1922 4841 2005 4892 ai-

407 4931 525 4985 τίου
555 4930 649 4985 τοῦ
683 4930 899 4999 Πατρδς
922 4922 1064 4983 εἶναι
1094 4931 1194 4982 οὐκ
1217 4930 1567 5000 ἀπείργεται.
1604 4931 1670 4985 Ἦ
1697 4932 1807 5003 γὰρ
1834 4933 1922 4985 διὰ
1943 4934 2004 5009 τδ

409 5020 471 5090 ἐξ
503 5016 563 5078 οὗ
595 5023 772 5076 αἰτίου
803 5023 922 5075 ἐστὶ
943 5062 959 5088 ,
985 5023 1084 5076 καὶ
1115 5023 1176 5076 ού
1204 5023 1330 5077 καθ’
1371 5024 1542 5092 αὐτὴν
1574 5026 1813 5078 ἵσταται.
1856 5024 1922 5079 Ἦ
1948 5027 2005 5078 δὲ

412 5118 483 5183 ἐξ
507 5119 669 5187 ἱκανή
704 5119 821 5169 ἐστι
859 5117 995 5187 πρὸς
1024 5116 1086 5168 τὸ
1117 5115 1241 5169 ὅθεν
1273 5117 1368 5170 καὶ
1415 5117 1576 5187 μόνον
1619 5117 1839 5190 δηλοῦν,
1869 5121 2006 5190 πρὸς

409 5209 467 5264 δὲ
495 5209 592 5281 τὴν
624 5209 884 5280 δευτέραν
906 5210 1237 5279 ἀπάντησιν,
1266 5209 1386 5280 τὴν,
1424 5210 1506 5263 ὅτι
1531 5210 1606 5272 ὡς
1627 5209 1919 5279 ὁμοούσιον
1943 5211 2004 5263 rb

412 5303 642 5372 Πνεῦμα
686 5300 763 5372 τῷ
804 5301 916 5369 Υἱῴ
948 5300 1172 5368 λέγεται
1219 5301 1443 5370 Πνεῦμα
1486 5300 1581 5353 τοῦ
1626 5300 1781 5355 Υίοῦ.
1821 5300 2008 5365 Οὕτως

347 5390 350 5393 ⁷
414 5392 547 5463 ἡμῖν
574 5394 796 5462 ῥητέον.
828 5391 890 5444 Ei
920 5390 1210 5461 ὁμοούσιον
1244 5390 1306 5444 τὸ
1342 5390 1456 5460 φῶς
1478 5394 1545 5462 τῇ
1570 5392 1771 5446 ἀκτῖνι.
1806 5393 2008 5462 Ἀμφω

414 5485 524 5556 γὰρ
556 5485 675 5554 ἅμα
708 5487 773 5538 ἐκ
800 5484 896 5537 τοῦ
942 5485 1121 5554 ἡλίου,
1172 5485 1263 5537 καὶ
1305 5485 1421 5554 φῶς
1458 5484 1557 5553 μὲν
1605 5485 1822 5548 ἀκτῖνος
1856 5485 2011 5553 λέγε-

415 5594 528 5644 ται,
553 5577 810 5648 καθάπερ
842 5577 1037 5647 ἀμέλει
1073 5577 1167 5631 καὶ
1211 5575 1384 5648 ἡλίουε
1445 5576 1622 5638 Ἅκτὶς
1651 5575 1709 5629 δὲ
1741 5575 1919 5643 φωτὸς
1947 5576 2007 5629 ού

416 5656 656 5737 λέγεται,
725 5669 775 5721 εί
841 5668 918 5739 μὴ
971 5669 1409 5737 διεσταλμένως,
1449 5668 1627 5736 φωτὸς
1674 5666 2005 5737 παρεκτική.

419 5763 693 5834 Ζητητέον
738 5762 838 5832 τὴν
889 5761 1076 5816 αἰτίαν
1120 5760 1217 5814 τοῦ
1271 5760 1448 5823 οὕτως
1492 5762 1638 5830 ἔχειν
1685 5759 1882 5827 ταῦτα,
1913 5760 2010 5812 καὶ

421 5853 699 5924 λέγεσθαι.
733 5853 1006 5927 Ζητητέον
1037 5853 1214 5910 τοίνυν
1259 5853 1353 5907 ἐπὶ
1384 5853 1492 5908 τῶν
1519 5854 1778 5907 τοιούτων
1805 5851 1864 5906 τὸ
1893 5852 2010 5906 ἐπι-

2106 4652 2252 4715 Filii,
2291 4650 2745 4720 quemadmodum
2774 4649 3044 4702 duntaxat
3062 4655 3116 4699 et
3137 4644 3350 4710 Patris,
3384 4644 3485 4699 alia
3515 4640 3702 4710 hujus-

2108 4758 2169 4797 ce
2198 4757 2366 4797 causa
2396 4741 2485 4806 iis,
2513 4740 2609 4809 qui
2637 4753 2765 4793 vere
2794 4737 2946 4808 digni
2973 4746 3101 4791 sunt
3127 4737 3231 4790 hac
3257 4735 3583 4804 quaestione,
3616 4733 3698 4786 in-

2107 4835 2372 4904 quirenda
2406 4844 2510 4888 est.
2540 4831 2609 4885 Et
2633 4831 2681 4888 si
2712 4831 2920 4899 aliquid
2954 4829 3262 4883 audendum
3295 4837 3400 4889 est,
3424 4825 3570 4894 quod
3604 4839 3700 4892 per

2110 4925 2306 4980 Filium
2342 4941 2409 4979 ex
2450 4924 2615 4978 Patre
2671 4920 3056 4992 progrediatur
3104 4918 3362 4987 Spiritus,
3397 4927 3453 4971 et
3482 4923 3699 4984 propter

2109 5018 2410 5072 naturalem
2446 5016 2570 5071 Filii
2604 5015 2993 5076 interventum,
3023 5026 3117 5081 per
3147 5026 3310 5081 quem
3338 5010 3414 5064 illi
3445 5008 3699 5076 unigeni-

2108 5118 2220 5163 tum
2246 5116 2621 5172 conservatur,
2686 5104 2926 5175 Spiritus
2960 5103 3125 5158 Patre
3159 5118 3301 5169 csse,
3375 5110 3633 5168 tanquam
3667 5115 3697 5152 a

2109 5218 2273 5255 causa
2295 5217 2402 5254 non
2434 5199 2751 5269 impeditur.
2780 5198 2906 5261 Per,
2934 5197 3080 5251 enim
3103 5211 3165 5250 ex
3194 5194 3377 5266 aliqua
3398 5207 3563 5249 causa
3593 5201 3699 5255 est,

2111 5308 2212 5349 nec
2245 5308 2344 5363 per
2374 5308 2434 5348 se
2465 5291 2738 5346 subsistit.
2777 5289 3295 5356 Vernmtameu,ex,
3326 5289 3460 5345 satis
3493 5303 3552 5342 se
3587 5289 3700 5356 ipsa

2111 5387 2401 5455 solumque
2434 5385 2799 5451 demonstrat,
2846 5385 2996 5439 unde
3027 5383 3233 5452 aliquid
3261 5385 3354 5437 sit.
3395 5384 3473 5435 Ad
3508 5396 3703 5437 secun-

2113 5479 2238 5533 dam
2272 5485 2454 5532 autem
2483 5477 2919 5546 responsionem,
2949 5491 3069 5546 qua:
3097 5484 3236 5540 erat,
3267 5473 3551 5545 Spiritum,
3584 5484 3706 5529 tau-

2111 5585 2276 5640 quam
2312 5568 2559 5639 ejusdem
2597 5579 2807 5624 natnrte
2853 5585 2974 5626 cum
3006 5568 3168 5633 Filio,
3202 5567 3310 5621 dici
3356 5564 3479 5620 Filii
3530 5563 3707 5631 Spiri-

2114 5672 2250 5726 tum,
2279 5663 2352 5715 ita
2403 5665 2805 5718 occurrendum
2859 5673 2965 5720 est.
3003 5662 3059 5716 Si
3087 5661 3331 5731 ejusdem
3365 5670 3576 5713 natura:
3619 5668 3706 5712 cst

2112 5760 2296 5814 lmnen
2325 5774 2448 5813 cum
2478 5759 2653 5826 radio,
2674 5772 2976 5830 utrumque
2994 5757 3142 5814 enim
3178 5754 3341 5814 simul
3365 5770 3432 5809 ex
3454 5754 3572 5808 sole
3593 5762 3700 5816 est,

2115 5863 2169 5909 et
2196 5852 2382 5908 lumen
2417 5853 2635 5925 quidem
2666 5852 2807 5910 radii
2837 5852 3055 5920 dicitur,
3100 5846 3561 5923 quemadmodum
3592 5842 3707 5901 sci-
