4016 6400
342 352 348 354 “
390 347 496 415 927

1140 348 1459 409 GEORGII
1501 344 1985 408 PACHYMEILE
2024 349 2122 407 DE
2149 347 2466 409 SPlRlTU
2509 350 2828 410 SANCTO.
3576 358 3685 423 92.3

391 469 520 523 licet
548 474 605 523 et
634 466 764 523 solis
783 507 797 533 ,
830 464 1018 522 radius
1044 480 1178 522 vero
1227 466 1449 522 luminis
1477 482 1582 520 non
1612 466 1816 520 dicitur
1865 467 1967 520 nisi

2075 466 2235 519 πλέον
2273 467 2368 519 καὶ
2393 466 2710 521 ὲπέλαττον.
2744 466 2984 538 Πότερον
3016 467 3284 521 ἔπιπλέον
3330 468 3402 522 τὸ
3437 470 3564 523 τόδε
3590 472 3683 524 τοῦ

392 574 514 613 cum
565 559 935 625 distinctione,
987 557 1207 613 luminis
1260 559 1648 627 suppeditans:
1681 557 1969 626 quaerenda

396 665 562 704 causa
593 659 699 713 est,
726 659 945 719 propter
972 665 1133 719 quam
1167 651 1242 704 ita
1272 664 1331 704 se
1360 650 1596 704 habeant
1621 658 1676 702 et
1702 650 1970 704 dicantur.

397 741 577 807 Quare
605 741 657 795 iu
689 741 773 795 his
803 755 1112 810 quaeramus
1143 740 1315 809 magis
1337 750 1390 794 et
1414 742 1620 806 minus;
1649 750 1827 793 utruut
1858 755 1972 793 ma-

397 833 477 901 gis
501 843 680 901 pateat
708 834 833 897 hoc,
858 832 1081 902 hujusce
1105 832 1567 888 consubstantiale
1591 847 1731 896 esse,
1757 847 1822 884 an
1844 847 1973 884 con-

396 922 786 986 substantiale,
822 921 1048 990 hujusce
1078 935 1200 976 esse
1226 920 1474 989 alicujus.
1512 919 1750 986 Quilibet
1780 920 1971 976 latebi-

398 1023 508 1077 tur,
534 1028 622 1079 eo,
650 1012 794 1081 quod
832 1012 1056 1082 hujusce
1079 1023 1163 1068 est
1185 1014 1545 1069 universalius
1573 1014 1853 1081 praedicari
1885 1030 1971 1078 eo,

397 1106 539 1169 quod
564 1115 670 1169 est,
706 1106 1169 1161 consubstantiale
1208 1121 1354 1162 esse.
1391 1105 1592 1161 Domus
1624 1107 1822 1160 etenim
1859 1107 1973 1161 hare

401 1196 643 1253 Socratis
669 1206 720 1252 et
746 1199 905 1253 sedes
929 1197 1204 1267 Platonis;
1231 1199 1325 1254 sed
1355 1214 1460 1254 non
1491 1199 1973 1255 consubstantialis

397 1300 502 1355 est,
525 1304 700 1360 neque
718 1289 932 1356 domus,
951 1305 1126 1360 neque
1137 1290 1292 1345 sedes
1306 1289 1648 1360 philosophis
1670 1289 1795 1344 illis.
1817 1288 1969 1356 Quod

397 1383 442 1436 si
480 1385 532 1435 in
559 1381 1116 1437 consubstantialibus
1146 1382 1310 1435 etiam
1342 1380 1474 1436 solis
1505 1395 1835 1450 qneramus,
1866 1382 1969 1436 mi-

397 1473 542 1529 nime
565 1475 922 1540 inveniemus,
953 1474 1006 1528 in
1029 1472 1590 1528 consubstantialibus
1610 1474 1865 1529 omnibus
1885 1489 1975 1528 se-

397 1566 516 1635 qui,
549 1566 652 1619 hoc
680 1564 907 1632 hujusce
936 1579 1081 1620 esse.
1118 1564 1223 1619 Sed
1248 1574 1301 1618 et
1331 1565 1388 1619 in
1420 1563 1509 1620 his
1532 1566 1694 1620 etiam
1726 1563 1973 1634 plurimis

398 1655 577 1711 modis
609 1655 841 1710 deiicere
875 1656 1225 1725 comperitur.
1258 1654 1750 1713 Consubstantialis
1775 1658 1971 1728 quippe

398 1747 591 1801 Petrus
617 1755 703 1799 est
730 1744 918 1807 Paulo,
949 1755 1006 1801 et
1035 1744 1233 1800 Paulus
1264 1745 1466 1801 Petro:
1494 1746 1588 1802 sed
1626 1762 1802 1815 neque
1824 1747 1969 1803 Pau-

396 1837 481 1891 lus
506 1836 649 1891 Petri
678 1851 855 1906 neque
882 1834 1079 1891 Petrus
1102 1836 1276 1890 Pauli.
1305 1837 1428 1891 Ideo
1463 1836 1631 1891 multo
1665 1839 1845 1891 minus
1871 1852 1968 1905 pa-

400 1930 532 1983 tehit
566 1929 642 1996 id,
673 1929 815 1999 quod
847 1940 932 1984 est
965 1929 1433 1985 eonsubstantiale
1466 1944 1609 1995 esse,
1644 1945 1808 2000 quam
1844 1930 1969 1994 hoc,

397 2021 628 2087 alicujus
657 2035 779 2075 esse
806 2032 862 2074 et
891 2021 1020 2077 dici.
1053 2021 1207 2074 Tunc
1228 2020 1376 2074 enim
1398 2021 1626 2074 omnino
1656 2022 1836 2075 minus
1863 2021 1968 2074 dif-

395 2111 715 2167 funderetur
746 2110 1229 2173 consubstantiale.
1263 2125 1424 2179 quam
1446 2110 1571 2175 hoc,
1604 2109 1833 2179 alicujus
1851 2125 1972 2164 csso

397 2212 451 2256 et
488 2202 618 2267 dici,
655 2202 702 2255 si
738 2201 838 2255 hoc
866 2200 1082 2270 quidem
1123 2200 1200 2254 illl
1228 2215 1298 2256 ex
1329 2200 1496 2255 altera
1531 2209 1682 2270 parte
1717 2216 1820 2255 non
1878 2217 1969 2255 reo

394 2291 707 2361 sponderet,
731 2298 787 2345 et
801 2290 1262 2346 consubstantiale
1280 2292 1648 2359 responderet.
1674 2291 1807 2346 Cum
1841 2309 1969 2348 vero

398 2383 580 2436 minus
607 2382 700 2449 sit,
725 2392 774 2436 et
808 2397 913 2436 uon
934 2397 1113 2447 cunne,
1140 2384 1281 2451 quod
1307 2393 1393 2437 est
1420 2382 1579 2438 alicui
1607 2385 1969 2439 consubstan-

399 2468 548 2532 tiaie,
607 2469 839 2538 hujusce
888 2472 1105 2536 dicitur,
1156 2472 1404 2541 atnpliori
1441 2488 1692 2528 mensura
1728 2474 1968 2528 consub-

395 2560 637 2615 stantiali
667 2562 829 2615 inerit
867 2562 1045 2617 minus
1074 2579 1197 2618 esse
1238 2579 1398 2632 quam
1434 2564 1531 2628 illi,
1563 2565 1706 2634 quod
1742 2566 1969 2637 hujusce

394 2662 501 2707 est.
545 2652 661 2708 Hoc
686 2669 969 2719 concesso,
1007 2655 1388 2724 inquirendum
1428 2667 1533 2721 est,
1564 2668 1743 2712 utrum
1796 2661 1970 2729 magis

394 2758 455 2799 se
486 2745 766 2810 extendat;
800 2761 961 2801 causa
991 2761 1059 2800 an
1087 2747 1354 2803 elIectusi
1376 2747 1446 2802 Et
1468 2748 1713 2814 omnino,
1754 2751 1969 2804 nemine

393 2840 825 2898 contradicente.
857 2841 1182 2896 extendetur
1203 2856 1387 2896 causa.
1425 2842 1625 2907 Quare,
1657 2844 1700 2896 si
1724 2844 1845 2912 quis
1870 2859 1967 2911 po-

393 2929 614 2982 stularit
643 2944 811 2995 quare
839 2929 1018 2982 lumen
1053 2930 1192 2984 radii
1223 2930 1461 2983 dicitur?
1485 2931 1647 2985 stulte
1680 2934 1971 3001 responde-

392 3029 478 3075 ret
505 3019 551 3074 si
586 3019 813 3083 diceret,
836 3018 976 3086 Quia
1011 3019 1475 3077 c0usubstantiale
1505 3033 1608 3077 est.
1644 3022 1750 3077 Sed
1775 3026 1819 3078 si
1844 3026 1967 3092 quis

390 3108 702 3179 postularit:
736 3108 1020 3173 Quomodo
1045 3110 1162 3165 hiec
1186 3111 1668 3167 consubstantialia
1692 3112 1846 3168 sunt?
1874 3131 1969 3186 po-
1991 3149 2036 3212 Ο

394 3204 520 3257 terit
550 3205 901 3272 respondere,
927 3207 1068 3275 quod
1099 3206 1200 3261 hoc
1229 3207 1454 3275 hujusce
1482 3208 1715 3276 dicitur;
1754 3211 1879 3265 licet
1907 3211 1960 3264 in

389 3295 661 3366 plerisque
695 3297 1249 3354 consubstantialibus
1283 3313 1444 3353 causa
1484 3298 1577 3354 illa
1609 3314 1717 3354 non
1751 3301 1840 3354 sit.
1872 3300 1963 3357 Sic

389 3399 445 3441 et
472 3388 524 3442 in
561 3390 833 3459 praposita
860 3390 1160 3460 quaestione
1188 3391 1456 3460 quispiam
1492 3391 1710 3447 audebit
1740 3392 1960 3452 eﬂ’erre.

392 3479 449 3530 Si
477 3478 649 3549 magis
671 3479 779 3533 iate
801 3489 968 3548 patet,
998 3493 1122 3533 esse
1143 3489 1197 3534 et
1221 3479 1328 3533 dici
1351 3479 1614 3548 Spiritum
1641 3478 1785 3537 Filii.
1813 3490 1870 3535 ut
1897 3496 1962 3535 ex

384 3571 495 3639 jam
521 3572 681 3626 dictis
707 3574 776 3626 de
812 3572 1263 3627 consubstantiali
1298 3571 1453 3627 l'ateri
1472 3574 1736 3643 cegimur.
1758 3573 1813 3626 Si
1842 3575 1967 3643 quis

391 3663 705 3732 postularit,
732 3662 914 3729 Quare
936 3664 1417 3719 cousubstantialis
1440 3662 1674 3731 Spiritus
1698 3664 1834 3718 Filio
1850 3665 1968 3718 est?

388 3755 677 3811 commode
706 3756 1145 3824 respondebitur,
1176 3757 1320 3826 quod
1352 3756 1588 3825 Spiritus
1613 3757 1812 3812 dicitur
1842 3756 1967 3813 Filii

391 3849 633 3919 Spiritus
665 3857 907 3903 sanctus.
940 3846 1125 3917 Neque
1163 3849 1307 3902 enim
1352 3849 1616 3903 ascititius
1649 3859 1735 3905 est
1765 3849 1861 3915 illi,
1910 3861 1971 3905 ut

390 3943 551 3997 nobis
581 3952 708 3997 sunt
737 3956 824 4003 ea.
851 3957 971 4009 qua:
996 3942 1356 4010 possidemus,
1376 3941 1469 3996 sed
1496 3950 1696 3997 aeterne
1722 3957 1787 3997 ac
1813 3951 1970 3997 uatu-

389 4037 581 4092 raliter
600 4051 945 4106 promauans.
971 4032 1463 4100 Quemadmodum,
1482 4036 1525 4090 si
1543 4036 1665 4106 quis
1680 4047 1967 4106 quaereret,

389 4127 570 4195 Quare
606 4127 1091 4182 consubstantialis
1139 4137 1224 4183 est
1261 4126 1430 4182 Filius
1484 4127 1667 4183 Patri?
1710 4129 1965 4198 dicimus,

388 4221 533 4290 quod
565 4219 744 4275 Patris
791 4218 961 4274 Filius
990 4221 1062 4276 sit
1083 4217 1332 4288 Filius,et
1356 4230 1441 4275 est
1471 4231 1730 4288 praeterea
1775 4237 1970 4277 secun-

385 4313 514 4368 dmn
543 4313 902 4367 substantiam
920 4312 1150 4375 aPatre,
1176 4314 1270 4367 sed
1297 4327 1403 4367 non
1431 4314 1510 4368 uti
1539 4313 1657 4368 alia:
1673 4323 1965 4369 creaturas.

384 4405 457 4459 At
487 4419 617 4457 vero
664 4402 1015 4472 respondere,
1063 4405 1189 4458 dum
1231 4407 1522 4473 quaeritur,
1554 4404 1735 4471 Quare
1765 4405 1966 4462 dicitur

1998 1799 2046 1858 B

2073 558 2129 611 δέ
2159 574 2304 621 τινος
2331 553 2472 612 εῖναι
2494 558 2588 611 τοῦ
2614 559 2925 626 ὁμοοοσίου,
2957 560 2989 629 ἢ
3021 560 3082 612 τὸ
3104 560 3411 629 ὀμοούσιον
3434 563 3538 615 τοῦ
3563 564 3682 618 τόδε

2071 649 2166 704 τοῦ
2191 651 2248 703 δέ
2270 666 2414 712 τινος
2442 646 2604 704 εἶναι.
2634 651 2740 702 Καὶ
2764 653 2874 712 πᾶς
2898 669 2980 713 τις
3007 653 3416 722 ὁμολογήσειεν
3450 654 3522 708 ἂν
3558 656 3682 710 τόδε

2072 737 2170 790 τοῦ
2210 737 2265 790 δέ
2308 755 2454 801 τινος
2502 732 2666 799 εἶναι,
2711 736 2973 791 ὲπιπλέον
3009 737 3102 791 τοῦ
3148 739 3463 807 ὀμοούσιον
3517 737 3681 796 εἶναι.

2074 825 2234 891 Οἶκος
2264 827 2373 897 γὰρ
2406 823 2560 890 οὗτος
2594 829 2940 898 Σωκράτους.
2977 834 3073 881 καὶ
3121 830 3323 898 Θρόνος
3358 832 3686 899 Πλάτωνος,

2074 919 2191 973 ἀλλ’
2223 923 2322 989 οὐχ
2350 920 2638 988 ὁμοοὸσιος
2674 923 2702 973 ὁ
2746 916 2916 984 οἶκος,
2968 922 3001 990 ἢ
3062 919 3255 990 Θρόνος
3310 925 3434 987 τοῖς
3472 924 3689 992 φιλοσό-

2076 1028 2196 1078 φοις
2225 1012 2480 1072 ἐκείνοις.
2517 1012 2578 1064 Ei
2608 1012 2666 1063 δὲ
2703 1013 2795 1064 ἐπὶ
2846 1012 3148 1080 ὁμοουσίων
3199 1012 3308 1065 καὶ
3361 1015 3551 1081 μόνων
3588 1014 3686 1084 ζησ

2073 1103 2319 1166 τοῦντες,
2354 1103 2452 1173 οὐχ
2505 1105 2835 1172 εὑρίσκομεν
2891 1106 2982 1157 ἐπὶ
3019 1106 3152 1158 πᾶσι
3191 1107 3315 1165 τοῖς
3365 1105 3686 1173 ὀμοουσίοις

2073 1195 2346 1264 ἑπόμενον
2380 1195 2442 1249 τὸ
2476 1196 2594 1249 τάδε
2655 1195 2812 1249 τοῦδέ
2844 1212 2984 1257 τινος
3030 1195 3195 1249 εἶναι.
3235 1196 3397 1249 Ἀλλ’
3442 1198 3685 1250 ἐλλείπει

2074 1288 2169 1342 καὶ
2193 1288 2290 1342 ἐπὶ
2311 1288 2525 1351 τούτοις
2554 1289 2624 1340 τά
2655 1288 2908 1341 πλεῖστα.
2954 1288 3283 1356 ὀμοούσιος
3317 1287 3435 1357 γὰρ
3475 1289 3682 1356 Πέτρος

2073 1380 2294 1452 Παύλῳ,
2346 1382 2440 1435 καὶ
2490 1381 2703 1445 Παῦλος
2736 1381 2953 1449 Πέτρῳ.
3022 1379 3326 1433 ’Δλλόῦτε
3385 1382 3417 1432 6
3470 1379 3681 1441 Παῦλος

2075 1475 2305 1544 Πέτρου,
2341 1472 2455 1526 οὔτ’
2499 1474 2528 1525 ὁ
2576 1474 2787 1543 Πέτρος
2831 1472 2926 1526 τοῦ
2970 1472 3216 1526 Παύλου.
3271 1472 3479 1542 Πολλῷ
3518 1473 3680 1525 πλέον

2073 1564 2160 1617 ἐπ’
2189 1565 2412 1619 ἔλαττον
2446 1565 2514 1620 ἂν
2540 1558 2713 1636 ἐίητδ
2745 1565 3036 1636 ὀμοούσιον
3069 1567 3207 1637 πρὸς
3241 1567 3311 1620 τὸ
3342 1568 3475 1621 τόδε
3526 1566 3681 1620 τοῦδέ

2070 1673 2217 1720 τινος
2243 1657 2336 1710 καὶ
2370 1651 2511 1711 εῖναι
2547 1658 2640 1710 καὶ
2665 1657 2949 1725 λέγεσθαι.
2991 1658 3128 1711 Τότε
3160 1658 3278 1729 γὰρ
3320 1658 3419 1712 ἐπ’
3454 1657 3679 1711 ἔλαττον

2072 1747 2267 1812 ἁπλῶς
2289 1748 2349 1801 τὸ
2372 1746 2656 1818 ὁμοούσιον
2684 1748 2780 1803 τοῦ
2811 1748 2931 1803 τόδε
2960 1749 3054 1804 τοῦ
3086 1750 3147 1803 δέ
3191 1767 3375 1814 τινος,
3408 1750 3509 1803 τοῦ
3541 1746 3679 1802 sint

2074 1842 2169 1895 xui
2202 1840 2493 1909 λέγεσθαι,
2551 1840 2711 1910 εῐπερ
2765 1840 2924 1894 τοῦτο
2980 1841 3079 1910 μὲν
3124 1842 3335 1912 ἐκείνῳ
3369 1842 3476 1895 οὐκ
3528 1840 3679 1895 ἀντέ-

2075 1949 2300 2000 στρεφε,
2326 1931 2389 1985 τδ
2419 1931 2476 1985 δὲ
2505 1930 2795 2001 ὁμοούσιον
2819 1935 2995 2004 τούτῳ
3014 1933 3420 2004 ἀντέστρεφεν.
3439 1933 3597 1987 Ἐπεὶ
3622 1933 3677 1985 δὲ

2072 2025 2331 2090 ἐλλείπει,
2360 2024 2453 2077 καὶ
2480 2025 2541 2077 οὐ
2574 2025 2683 2078 πᾶν
2722 2025 2782 2077 τὸ
2813 2025 3110 2094 ὁμοούσιονι
3154 2028 3294 2088 τινὶ,
3349 2027 3475 2079 τόδε
3523 2026 3670 2079 τοῦδε

2071 2116 2311 2183 λέγεται,
2367 2116 2549 2185 πολλῷ
2596 2134 2705 2169 τινι
2738 2115 2800 2168 τὸ
2848 2118 2939 2169 ἐπ’
2990 2116 3217 2171 ἔλαττον
3244 2118 3340 2189 ’τῷ
3395 2118 3676 2187 ὀμοουσίῳ

2072 2209 2211 2279 πρὸς
2241 2209 2300 2261 τὸ
2331 2208 2450 2262 τόδε
2480 2208 2636 2263 τοῦδε
2667 2204 2810 2262 εἶναι
2841 2211 3126 2278 πρόσεστι.
3152 2209 3376 2263 Τούτου
3400 2209 3460 2263 δὲ
3482 2208 3673 2280 ὁμολο-

2071 2299 2337 2368 γηθέντος
2374 2299 2642 2370 ζητητέον
2677 2299 2967 2370 πρότερον,
2999 2299 3269 2352 ὲπιπλέον
3312 2301 3378 2354 τὸ
3413 2299 3609 2363 αἴτιον,
3638 2299 3670 2369 ἢ

2067 2392 2129 2445 τὸ
2165 2392 2431 2458 αίτιατὺν,
2480 2392 2575 2445 καὶ
2606 2393 2826 2455 πάντως
2857 2391 3254 2462 ἀναμφιλόγως
3284 2392 3350 2446 τδ
3380 2393 3576 2446 αἴτιον.
3611 2390 3671 2443 Εί

2068 2483 2200 2552 γοῦν
2228 2483 2421 2554 ζητοίη
2446 2501 2553 2549 τις,
2579 2484 2668 2537 διὰ
2705 2483 2760 2536 τί
2815 2484 2929 2551 φῶς
2970 2484 3192 2547 ἀκτῖνος
3244 2484 3495 2551 λέγεται,
3527 2485 3669 2553 ἀμαι-

2072 2575 2163 2638 θὲς
2193 2577 2253 2628 τὸ
2295 2576 2625 2638 ἀποδιδόναι.
2660 2577 2744 2630 ὅτι
2774 2574 3083 2644 ὁμοούσιον.
3131 2576 3198 2630 Ei.
3227 2577 3291 2630 δὲ
3331 2578 3526 2645 ζητοίη
3566 2593 3667 2638 τις,

2069 2667 2190 2730 πῶς
2216 2666 2479 2735 ὀμοούσια
2509 2666 2717 2732 ταῦτα;
2752 2665 2940 2737 χώραν
2967 2666 3083 2736 ἔχει
3127 2666 3538 2735 ἀπολογεῖσθαί
3564 2683 3666 2727 τις,

2068 2759 2152 2812 ὅτι
2177 2760 2294 2813 τόδε
2325 2760 2476 2812 τοῦδε
2506 2758 2728 2827 λέγεται
2749 2797 2763 2823 ,
2795 2762 2843 2812 εἰ
2878 2762 2974 2812 καὶ
3018 2759 3092 2829 μὴ
3124 2760 3222 2814 ἐπὶ
3253 2761 3475 2814 πολλῶν
3512 2758 3665 2814 τοῦτό

2068 2849 2187 2900 ἐστι
2218 2847 2329 2900 τῶν
2366 2849 2675 2917 ὀμοουσίων
2719 2847 2783 2900 τὸ
2811 2850 3006 2902 αἴτιον.
3060 2848 3224 2904 Οῦτω
3275 2852 3374 2903 καὶ
3432 2850 3528 2904 ἐπὶ
3572 2845 3661 2901 τοῦ

2069 2939 2435 3009 προκειμένου
2468 2940 2784 3008 ζητήματος
2840 2938 3167 3011 τολμήσειεν
3222 2942 3292 2996 ἄν
3320 2960 3407 3007 τις
3459 2942 3656 3007 λέγειν.

2070 3028 2132 3083 Ei
2165 3032 2272 3099 γὰρ
2308 3030 2567 3083 ὲπιπλέον
2594 3031 2654 3083 τὸ
2681 3027 2845 3096 εἶναι,
2875 3035 2974 3085 καὶ
3004 3031 3286 3100 ,λέγεσθαι
3334 3036 3403 3088 τὸ
3445 3032 3663 3101 Πνεῦμα

2069 3122 2164 3175 τοῦ
2214 3121 2369 3189 Υίοῦ,
2423 3124 2568 3176 κατὰ
2615 3122 2716 3191 τὴν
2769 3124 3067 3191 ὁμολογίαν
3112 3127 3217 3194 τῆς
3268 3125 3528 3190 διδάξεως
3569 3121 3658 3175 τοῦ

2067 3213 2377 3284 ὁμοονσίου.
2409 3214 2471 3267 Εἰ
2495 3214 2685 3285 ζητοίη
2710 3233 2816 3281 τις,
2837 3216 2927 3269 διά
2960 3218 3013 3269 τί
3034 3217 3331 3288 ὁμοούσιον
3356 3219 3416 3271 τὸ
3448 3216 3660 3285 Πνεῦμα
3732 3224 3735 3227 ’

2067 3305 2146 3376 τῷ
2178 3305 2330 3375 Υἱῷ;
2377 3307 2709 3377 ἀποκριτέον
2739 3307 3003 3376 εὐλόγως,
3047 3310 3130 3363 ὅτι
3174 3309 3413 3379 Πνεῦμα
3446 3309 3660 3375 λέγεται

2067 3396 2163 3451 τοῦ
2202 3397 2333 3450 Υίοῦ
2360 3397 2424 3450 τδ
2457 3398 2687 3468 Πνεῦμα
2710 3398 2771 3451 τὸ
2803 3398 2980 3466 ἀγιον.
3018 3399 3156 3455 Οὐδὲ
3186 3402 3303 3471 γὰρ
3329 3400 3406 3465 ὡς
3434 3398 3656 3466 ἐπίκτη-

2067 3506 2159 3543 τον
2192 3490 2335 3543 κατά
2366 3490 2435 3543 τὰ
2465 3491 2702 3560 κτητικὰ
2736 3492 2834 3545 καὶ
2879 3493 3154 3564 ἡμέτερα,
3197 3494 3321 3547 ἀλλ’
3351 3491 3539 3553 ἀϊδίως
3567 3487 3655 3541 καὶ

2070 3582 2337 3652 φυσικῶς.
2395 3583 2608 3655 ’Ὥσπερ
2652 3584 2759 3654 ἄρα
2792 3585 2888 3637 καὶ
2941 3586 2989 3636 εἰ
3043 3584 3239 3656 ζητοίη
3290 3603 3398 3649 τις,
3461 3581 3548 3635 διὰ
3601 3576 3653 3629 τί

2067 3674 2359 3742 ὁμοούσιος
2417 3675 2543 3738 Υἱὸς
2598 3674 2676 3745 τῷ
2726 3677 2944 3744 Πιτρίς
3002 3676 3266 3747 λέγομεν,
3316 3678 3400 3731 ὅτι
3450 3671 3652 3741 Harpe;

2070 3763 2198 3826 Υίὸς
2224 3765 2252 3816 ὁ
2295 3762 2440 3829 Υἱὸς,
2470 3763 2633 3819 ἔτιδὲ
2678 3766 2774 3818 καὶ
2816 3768 2881 3819 ὲκ
2910 3764 3005 3819 τοῦ
3040 3768 3261 3836 Πατρὸς
3293 3767 3416 3820 κατ’
3447 3761 3648 3822 οὐσίαν,

2070 3853 2187 3908 ἀλλ’
2221 3855 2320 3925 οὐχ
2362 3855 2438 3918 ὡς
2487 3854 2558 3908 τὰ
2602 3856 2900 3926 κτίσματα.
2952 3857 3026 3910 Τὸ
3067 3857 3114 3910 δ’
3140 3856 3537 3926 ἀπολογεῖσθαι
3568 3853 3653 3920 ζη-

2068 3944 2306 3997 τούντων
2354 3944 2541 4009 τινῶν,
2576 3944 2664 3999 διὰ
2716 3946 2767 3998 τί
2826 3946 3048 4014 λέγεται
3082 3947 3312 4018 Πνεῦμα
3364 3945 3457 4001 τοῦ
3491 3943 3646 4001 Tim);

2070 4036 2153 4091 ὅτι
2181 4038 2330 4109 αὐτῷ
2352 4039 2662 4108 ὀμοούσιον,
2697 4040 2918 4110 ἀμαθὴς
2947 4041 3041 4094 καὶ
3071 4042 3133 4094 οὐ
3167 4044 3313 4095 κατὰ
3340 4042 3467 4100 τοὺς
3487 4038 3651 4091 διαλε-

2072 4132 2289 4193 κτικοὺς
2312 4131 2512 4201 νόμους
2544 4133 2576 4200 ἡ
2613 4130 2928 4202 ἀπόκρισις.
2972 4132 3176 4186 Κεῖται
3221 4134 3333 4203 γὰρ
3367 4128 3453 4184 ἐπ’
3501 4127 3645 4180 ἐλατ-

2070 4238 2163 4275 τον
2194 4223 2254 4275 τὸ
2285 4221 2572 4292 ὁμοούσιον
2595 4219 2692 4275 τοῦ
2723 4224 2842 4275 τάδε
2869 4221 3023 4275 τοῦδέ
3050 4239 3199 4286 τινος
3224 4220 3389 4277 εἶναι.
3434 4218 3554 4281 Πῶς
3595 4217 3647 4269 δὲ

2068 4311 2165 4365 τοῦ
2213 4312 2470 4364 ἰπιπλέον
2528 4311 2891 4380 αἰτιασόμεθα
2921 4311 2983 4363 τὸ
3033 4311 3122 4363 ἐπ’
3164 4312 3420 4376 ἔλαττον;
3455 4308 3513 4361 τὸ
3546 4306 3646 4375 γὰρ

2073 4403 2248 4455 αῖτιον
2291 4402 2323 4471 ἢ
2359 4401 2642 4467 ὲπιπλέον,
2691 4401 2724 4472 ἢ
2783 4402 3005 4471 ἐπίσης,
3053 4403 3104 4455 εί
3149 4402 3517 4472 ἀντιστρέφει,
3564 4394 3644 4448 ἐπ’

388 4495 629 4566 Spiritus
648 4494 808 4549 Filii?
840 4496 982 4564 quod
1011 4495 1086 4549 illi
1117 4495 1593 4553 consubstantialis
1608 4506 1726 4565 est;
1760 4499 1964 4554 insulsa

2071 4494 2294 4547 ἔλαττον
2321 4494 2378 4546 δὲ
2403 4494 2684 4547 οὐδέποτε.
2717 4494 2881 4547 Ὥστε
2912 4494 3106 4547 τούτου
3141 4494 3521 4565 ἀναιρεθέντος
3553 4488 3643 4554 ζη-

388 4603 474 4646 est
500 4589 803 4658 responsio,
821 4597 871 4642 et
895 4596 1047 4642 extra
1069 4589 1378 4649 dialecticas
1406 4589 1572 4659 leges.
1621 4590 1797 4645 Minus
1818 4592 1964 4646 enim

386 4691 534 4752 patet
561 4680 1047 4745 consubstantiale,
1075 4695 1142 4733 eo
1169 4685 1309 4751 quod
1338 4692 1441 4743 est,
1473 4681 1698 4752 hujusce
1725 4698 1869 4738 esse.
1901 4684 1967 4737 Et

388 4769 683 4841 quomodo,
715 4772 857 4840 quod
890 4771 1071 4825 minus
1103 4786 1163 4825 se
1193 4774 1459 4837 extendit,
1490 4773 1637 4828 illius
1680 4777 1822 4844 quod
1856 4791 1969 4828 ma-

388 4866 494 4932 gis,
528 4878 750 4918 causam
776 4879 899 4917 esse
926 4861 1251 4919 fatebimur?
1277 4863 1451 4920 Causa
1485 4868 1684 4921 etenim
1709 4868 1774 4923 de
1804 4866 1970 4938 pluri-

388 4958 489 5010 bus
512 4956 592 5008 vel
622 4955 865 5022 paribus,
890 4958 934 5011 si
954 4965 1143 5011 contra
1163 4967 1425 5023 vertatur,
1452 4974 1727 5027 nunquam
1750 4975 1881 5014 vero
1905 4962 1970 5015 de

388 5047 758 5116 paucioribus.
805 5047 1145 5117 Quapropter
1176 5051 1276 5103 hoc
1316 5048 1553 5115 sublato,
1587 5063 1751 5104 causa
1784 5049 1970 5119 inqui-

391 5138 560 5193 renda
589 5147 694 5201 est,
738 5141 1008 5208 quomodo
1056 5140 1293 5209 Spiritus
1337 5140 1458 5195 Filii
1503 5141 1703 5195 dicitur
1732 5141 1969 5209 Spiritus

392 5227 652 5281 sanctus?
685 5228 836 5292 Quod
869 5231 912 5283 si
946 5230 999 5283 in
1032 5232 1132 5284 hoc
1171 5246 1389 5300 quoque
1428 5231 1628 5301 aliquid
1658 5232 1965 5287 audendum

387 5321 645 5389 est,quod
683 5337 748 5374 ex
779 5325 940 5376 Patre
975 5336 1071 5387 per
1094 5323 1288 5379 Filium
1316 5322 1548 5390 Spiritus
1575 5325 1679 5387 sit;
1713 5325 1972 5395 quemad-

388 5415 608 5469 modum
632 5415 794 5468 etiam
825 5416 891 5471 de
917 5417 1032 5471 sole
1053 5417 1421 5476 euuntiantes.
1445 5432 1540 5486 per
1561 5419 1769 5472 radium
1796 5433 1865 5471 cx
1889 5432 1977 5473 so-

386 5506 439 5560 le
460 5506 665 5572 lumen,
698 5517 753 5560 et
785 5509 1149 5563 interventum
1182 5509 1321 5563 radii
1350 5503 1745 5577 signiﬁcamus,
1771 5522 1824 5565 et
1844 5525 1978 5566 eau-

390 5609 508 5648 sam
544 5597 764 5652 luminis
793 5598 962 5651 solem
995 5602 1067 5652 ob
1095 5600 1286 5654 oculos
1319 5598 1680 5666 exhibemus;
1716 5602 1794 5656 sic
1823 5608 1882 5656 et
1909 5600 1987 5654 de-

392 5683 495 5736 hoc
523 5694 831 5740 asserentes
854 5700 949 5755 per
965 5686 1160 5743 Filium
1194 5688 1482 5759 Spiritum,
1514 5690 1859 5759 quaerendam
1890 5704 1979 5745 re-

2066 4583 2261 4655 τητέον
2295 4584 2355 4637 τὸ
2404 4585 2602 4648 αῖτιον,
2663 4584 2783 4648 πῶς
2844 4583 3071 4654 Πνεῦμα
3135 4585 3267 4639 Υίοῦ
3323 4584 3538 4651 λέγεται
3588 4576 3645 4629 τὸ

2069 4674 2296 4743 Πνεῦμα
2318 4675 2378 4727 τὸ
2405 4674 2582 4742 ἅγιον.
2615 4676 2679 4728 Εί
2705 4675 2761 4728 δὲ
2792 4676 2874 4728 δεῖ
2896 4693 2949 4729 τι
2979 4677 3187 4747 τολμᾷν
3222 4669 3640 4737 κὰνταῦθα,διότι

2070 4767 2135 4818 ὲκ
2167 4766 2260 4820 τοῦ
2294 4766 2510 4836 Πατρὸς
2555 4765 2645 4818 διὰ
2669 4766 2766 4819 τοῦ
2813 4766 2943 4819 Υίοῦ
2977 4769 3092 4820 ἐστι
3147 4767 3210 4820 τὸ
3258 4765 3495 4833 Πνεῦμα.
3548 4758 3639 4812 Καὶ

2072 4864 2259 4932 ὥσπερ
2301 4867 2395 4917 ὲπὶ
2423 4862 2520 4917 τοῦ
2552 4862 2707 4930 ἡλίου
2763 4862 3014 4931 λέγοντες
3062 4862 3152 4915 διὰ
3194 4863 3296 4933 τῆς
3329 4860 3539 4913 ἀκτῖνος
3580 4854 3638 4901 ἐκ

2069 4953 2166 5006 τοῦ
2192 4953 2346 5024 ἡλίου
2382 4952 2444 5006 τὸ
2480 4952 2597 5020 φῶς
2623 4992 2638 5018 ,
2685 4954 2780 5004 καὶ
2827 4953 2927 5021 τὴν
2981 4952 3262 5023 μεσιτείαν
3304 4950 3401 5019 τῆς
3437 4944 3637 5001 ἀκτῖνος

2071 5044 2365 5114 δηλοῦμεν.
2398 5043 2495 5097 καὶ
2522 5042 2616 5096 τὸν
2645 5041 2820 5096 αἴτιον
2851 5041 2946 5095 τοῦ
2981 5043 3160 5111 φωτὸς
3190 5036 3531 5112 παριστῶμεν
3552 5031 3635 5083 τὸν

2072 5139 2245 5209 ἥλιον·
2298 5136 2443 5189 οὕτω
2491 5136 2587 5189 καὶ
2640 5137 2735 5188 ἐπὶ
2777 5134 2967 5190 τούτου
3017 5135 3266 5203 λέγοντες
3314 5130 3381 5185 δι’
3422 5124 3543 5180 Υίοῦ
3578 5120 3632 5171 τὸ

2076 5229 2324 5298 Πνεῦμα,
2364 5228 2550 5297 ζητεῖν
2601 5227 2837 5297 ἀφίεμεν
2867 5228 2965 5296 τὴν
2994 5227 3117 5280 ὅθεν
3161 5226 3360 5285 αἰτίαν,
3479 5217 3534 5269 τὸ
3574 5212 3630 5262 ἐκ

2073 5321 2318 5391 ἁρχικῶς
2349 5318 2833 5389 ἀποκεκλήρωται.
2870 5320 2944 5371 Οὐ
2982 5319 3089 5387 μὴν
3121 5319 3182 5371 δὲ
3211 5319 3297 5371 ὅτε
3340 5314 3429 5364 καὶ
3460 5308 3520 5359 ἐκ
3546 5318 3627 5354 του

2074 5412 2203 5465 Υἰοῦ
2256 5414 2401 5465 εἴποι
2454 5428 2539 5475 τις
2591 5411 2678 5476 ἀν,
2712 5412 2872 5465 τοῦτο
2907 5413 3154 5483 συμϐαίη
3184 5412 3266 5466 ἄν.
3307 5405 3503 5470 Ἰστησι
3530 5395 3627 5462 γὰρ

2070 5502 2132 5555 τὸ
2155 5503 2224 5557 ἐκ
2252 5503 2351 5574 τὴν
2376 5503 2638 5567 διάνοιαν,
2667 5503 2766 5556 καὶ
2800 5505 2904 5556 οὐκ
2944 5505 3161 5574 ἀνάγκη
3193 5500 3270 5572 τῷ
3306 5493 3540 5559 ἀκούοντι
3568 5485 3626 5536 ἐκ

2070 5595 2164 5648 τοῦ
2198 5594 2356 5662 λόγου
2385 5594 2580 5647 τούτου
2611 5599 2920 5665 προχωρεῖν
2951 5598 3305 5670 πορρωτέρω,
3336 5588 3424 5643 καὶ
3455 5580 3622 5650 ζητεῖν

2072 5688 2134 5742 τὸ
2163 5687 2393 5758 ἀρχικὸν
2429 5686 2625 5739 αἴτιον.

391 5777 689 5844 linquimus
727 5795 972 5843 causam,
1007 5797 1072 5837 ex
1112 5800 1217 5854 qua
1253 5786 1295 5840 is
1326 5785 1417 5850 sit,
1465 5785 1572 5847 cui,
1610 5800 1673 5839 ex
1710 5796 1965 5856 tanquam

2076 5800 2168 5842 usa
2195 5782 2503 5853 principali,
2540 5780 2880 5836 attribuitur.
2908 5782 3059 5849 Quod
3089 5799 3195 5839 non
3252 5785 3396 5845 atque
3450 5770 3621 5821 succe-
