4016 6410
350 345 462 409 933
800 390 813 404 .
1802 340 2133 400 NOTlTlA.
3521 350 3632 414 934

256 478 274 493 ο
358 476 475 532 pag.
506 457 764 528 737seqq.
797 456 902 513 Sed
943 458 1010 513 ab
1044 457 1231 513 eodem
1265 455 1481 511 Labbeo
1519 454 1591 525 (Ιί)
1617 462 1671 509 et
1711 452 1917 522 Theop.
1950 453 2255 524 Raynaudo
2287 456 2347 525 (l)
2390 466 2558 526 atque
2594 457 2887 513 Vincentio
2938 457 3216 514 Richardo
3249 459 3346 533 (tu)
3375 464 3634 517 observa-

359 564 470 609 tum
504 552 628 620 fuit,
664 552 807 606 illam
846 567 952 605 non
971 566 1092 604 esse
1123 548 1564 612 Metochitas,sed
1587 547 1782 602 librum
1817 547 2036 600 tertium
2061 549 2349 603 Annalium
2379 548 2658 606 Michaelis
2682 551 2887 623 Glycae,
2923 568 2952 605 a
2976 568 3101 619 pag.
3137 553 3245 609 201
3287 557 3419 609 edit.
3447 555 3633 626 Regia:

358 661 532 717 usque
563 645 631 700 ad
682 644 812 706 215,
868 644 956 698 ubi
996 643 1198 699 Galerii
1231 641 1546 697 Maximiani
1578 640 1761 695 infelix
1795 638 1974 695 obitus
2002 641 2333 696 describitur
2355 643 2591 714 (Fam).
2621 642 2764 698 Idem
2797 646 3097 700 arbitratur
3125 644 3340 703 Fabric.
3364 666 3527 717 supra
3573 651 3629 705 in

363 740 469 793 vol.
489 738 605 806 γη,
626 755 679 806 ρ.
699 736 827 803 420,
858 747 994 792 secl.
1032 737 1122 802 $8,
1144 737 1244 791 sub
1265 737 1356 789 lin.
1381 750 1434 805 ρ.
1461 733 1591 800 468,
1623 741 1756 788 sect.
1776 734 1870 797 41,
1891 733 1946 785 in

2039 736 2160 789 iuzis
2193 736 2244 789 in
2275 738 2380 789 vol.
2406 736 2548 800 XIII,
2584 754 2640 806 p.
2671 738 2884 808 629st].
2918 741 2982 793 de
3012 740 3373 808 scriptoribus
3412 742 3505 798 Gr.
3528 743 3625 798 aJ.

360 832 597 887 Meursio
635 831 818 897 editis,
861 847 915 885 η.
955 831 1043 897 14,
1070 832 1136 885 de
1163 828 1382 883 Meursii
1414 828 1547 882 edit.
1579 825 1791 881 Theod.
1827 826 2155 892 Melochitae,
2186 829 2361 898 Lugd.
2405 829 2466 887 B.
2504 831 2662 886 1618.
2685 832 2740 897 4,
2774 833 2915 886 unde
2943 835 3197 888 reducam
3250 835 3304 888 h.
3341 835 3376 889 Ι.
3411 851 3474 890 ea
3509 853 3629 906 qua:

360 924 577 980 Fabric.
602 924 904 979 adnotavit.
944 942 966 975 ε
995 922 1051 976 In
1076 923 1326 985 Athenis,
1366 921 1563 990 pergit,
1595 921 1838 983 Batavis,
1868 936 1985 987 qua:
2017 920 2159 975 1625
2189 923 2435 976 viderunt
2460 924 2660 987 lucem,
2722 940 2774 993 p.
2804 924 2928 992 197,
2965 924 3237 982 Meursius
3269 927 3416 982 inter
3437 940 3624 997 parata

361 1034 389 1069 a
429 1032 489 1073 se
515 1017 583 1072 ad
618 1017 938 1080 editionem,
972 1026 1239 1072 memorat
1261 1013 1535 1070 Theodori
1564 1013 1871 1067 Metoehitm
1904 1012 2273 1068 Historiarum
2301 1016 2470 1071 libros
2498 1027 2761 1084 quatuor,
2798 1033 2922 1071 cum
2959 1020 3211 1073 versione
3239 1030 3293 1073 et
3352 1023 3519 1087 notis,
3573 1034 3629 1077 et

336 1110 546 1166 'Grtece
582 1125 708 1165 cum
749 1108 1309 1162 animadversionibus
1330 1107 1445 1161 suis
1476 1106 1722 1160 Athenaei
1755 1105 2089 1169 Mechanica,
2135 1108 2446 1175 Apollodori
2492 1108 2881 1173 Poliorcetica,
2940 1109 3069 1164 Julii
3125 1111 3368 1165 Alricani
3408 1112 3626 1180 Cestos,

359 1204 633 1259 Meletium
677 1202 752 1256 De
780 1211 975 1255 natura
1005 1188 1272 1265 hominis;
1309 1199 1817 1267 Harpocrationem,
1852 1211 1900 1253 et
1935 1199 2123 1254 Graece
2153 1200 2388 1271 denique
2422 1217 2485 1256 ac
2514 1202 2705 1257 Latine
2731 1202 3087 1256 Menandrum
3119 1206 3392 1259 rhetorem
3426 1205 3504 1261 De
3550 1208 3631 1260 di-

360 1298 555 1352 visione
582 1293 864 1349 causarum
897 1296 954 1349 in
980 1310 1165 1364 genere
1216 1292 1651 1347 demonstrativo.
1684 1291 1825 1346 Nihil
1853 1294 2044 1347 borum
2080 1293 2149 1347 ab
2180 1294 2275 1347 illo
2312 1304 2555 1362 tempore
2585 1304 2799 1349 constat
2828 1296 3032 1350 editum
3067 1312 3191 1352 esse
3234 1313 3263 1349 a
3332 1297 3569 1353 Meursio
3598 1316 3614 1357 :

332 1400 497 1460 quos
520 1400 700 1445 autem
730 1398 888 1442 vocat
916 1387 1277 1442 Historiarum
1303 1385 1576 1441 Theodori
1613 1385 1745 1441 Met.
1780 1387 1970 1450 libros,
2008 1387 2107 1441 hos
2134 1385 2321 1441 Graece
2354 1386 2560 1457 pridem
2591 1387 2861 1444 habemus
2885 1389 3131 1458 vulgatos
3161 1391 3353 1459 postid
3412 1400 3627 1459 tempus

361 1490 462 1540 sub
485 1478 705 1541 nomine
730 1484 1012 1540 Michaelis
1041 1484 1223 1554 Glycae
1251 1483 1566 1545 Annalium,
1598 1482 1666 1537 de
1694 1484 1893 1552 quibus
1928 1483 2038 1537 dixi
2083 1482 2189 1537 vol.
2226 1483 2314 1546 VI,
2365 1499 2419 1552 p.
2449 1482 2572 1538 156.
2616 1482 2750 1555 [vol.
2781 1483 2892 1548 γη,
2925 1498 2975 1553 p.
3005 1485 3111 1539 468
3160 1502 3275 1553 seq.
3309 1502 3434 1541 nov.
3459 1487 3623 1562 edit.]

360 1583 476 1639 Non
511 1600 636 1639 vero
667 1583 916 1653 Glycam,
943 1583 1036 1637 sed
1066 1579 1413 1637 Theodorum
1440 1595 1563 1634 esse
1600 1580 1813 1634 illorum
1840 1588 2142 1645 auctorem,
2170 1579 2442 1636 Meursius
2473 1578 2753 1648 persuasit’
2789 1581 2896 1636 sibi
2946 1595 3015 1635 ex
3058 1597 3161 1636 ms.
3202 1581 3414 1646 codice,
3479 1585 3627 1638 unde

354 1684 518 1735 etiam
550 1679 814 1746 Henricus
843 1678 1117 1743 Ernstius,
1141 1678 1237 1733 lib.
1268 1693 1308 1732 tt
1339 1675 1798 1743 Observationum,
1823 1692 1941 1746 cap.
1967 1676 2058 1740 56,
2079 1694 2200 1747 pag.
2239 1677 2363 1741 161,
2394 1696 2415 1730 ι
2450 1677 2739 1731 Annalium
2768 1687 2961 1732 auctor
2987 1678 3132 1747 quod
3167 1693 3275 1733 non
3303 1682 3375 1733 sit
3398 1679 3628 1736 Michael

356 1774 574 1847 Glycas,
610 1784 971 1848 cognomento
1005 1775 1245 1843 Siculus,
1284 1775 1379 1830 sed
1410 1773 1734 1830 Theodorus
1756 1773 2071 1837 Metochita,
2099 1774 2170 1827 cl.
2197 1772 2471 1829 Meursius
2512 1772 2804 1829 manifesto
2839 1774 3218 1843 deprehendit,
3249 1775 3344 1843 qui
3385 1776 3626 1831 Annales

356 1873 503 1942 ipsos
536 1885 605 1927 ex
636 1887 736 1927 ms.
760 1871 1033 1927 auctiores
1061 1869 1160 1926 Gr.
1183 1880 1239 1925 et
1261 1869 1384 1926 Lat.
1412 1871 1465 1925 in
1499 1871 1677 1925 lucem
1702 1870 1936 1931 emittet.
1977 1889 1997 1923 ι
2039 1871 2146 1925 Pro
2165 1870 2354 1926 eadem
2376 1870 2652 1925 sententia
2675 1871 2872 1925 militat
2895 1870 3211 1939 Cbristoph.
3240 1871 3388 1926 Frid.
3420 1870 3627 1928 Beden-

330 1958 333 1963 ⁴
359 1970 603 2039 but-gius,
635 1978 776 2024 rect.
807 1966 1083 2037 Gymnasii
1113 1967 1510 2033 Berolinensis,
1543 1968 1597 2023 in
1631 1967 1769 2023 diss.
1801 1967 1879 2022 De
1905 1967 2167 2023 Theodori
2208 1966 2508 2021 Metochita:
2537 1968 2770 2036 scriptas,
2823 1968 3041 2031 νοθείας
3086 1971 3239 2039 uulgo
3261 1969 3613 2038 insimulatis,

359 2069 562 2120 inserta
589 2064 951 2121 Miscellaneis
978 2063 1274 2134 Lipsiens.,
1295 2071 1432 2120 tom.
1464 2064 1528 2129 il,
1555 2080 1609 2134 p.
1627 2065 1700 2119 25
1736 2079 1854 2135 seq.
1885 2064 2030 2119 Idem
2065 2071 2319 2131 testatur,
2342 2079 2505 2119 manu
2533 2075 2827 2118 exaratum
2858 2079 2919 2119 se
2962 2065 3174 2120 habere
3200 2065 3472 2121 Theodori
3496 2069 3626 2123 Me-

332 2184 335 2185 '
358 2162 579 2217 tochitat
615 2161 886 2233 Χρονικὸν
905 2162 1015 2216 ἀπὸ
1044 2161 1282 2225 κτίσεως
1309 2161 1521 2230 κόσμοῡ
1540 2160 1741 2228 διεξιὸν
1763 2161 1894 2232 περί
1917 2185 1918 2193 ι

2042 2160 2108 2213 τοῦ
2139 2159 2370 2230 οὐρανοῦ
2398 2160 2616 2230 καὶτῆς
2637 2161 2766 2230 γῆς,
2792 2177 2849 2215 κ.
2884 2179 2935 2215 τ.
2967 2161 3018 2216 λ.
3054 2161 3203 2216 illum
3224 2163 3395 2232 ipsum
3421 2164 3628 2218 scilicet

359 2259 624 2325 codicem,
650 2274 717 2314 ex
750 2273 861 2329 quo
886 2256 1156 2313 Meursius
1180 2258 1465 2312 historiam
1500 2258 1651 2312 illam
1679 2257 1877 2326 publici
1910 2256 2054 2326 juris
2079 2256 2263 2310 facere
2291 2258 2483 2319 voluit,
2515 2266 2569 2310 et
2593 2271 2752 2323 quem
2801 2255 3002 2310 laudati
3061 2255 3426 2323 Bodenburgii
3474 2266 3626 2312 ante-

359 2356 560 2412 cessori
583 2357 804 2411 donavit
824 2356 1042 2410 Samuel
1083 2353 1465 2410 Puiendorﬂus
1489 2394 1502 2419 ,
1540 2354 1627 2408 cui
1658 2355 1886 2407 aliorum
1914 2352 2788 2420 posthumorum'Menrsianorum
2813 2353 3104 2407 editionem
3125 2353 3404 2408 debemus.
3435 2371 3456 2405 ι
3483 2352 3621 2406 Hac-

361 2461 516 2506 tenus
537 2448 841 2506 Fabricius.
876 2450 1022 2505 ldem
1053 2449 1380 2521 Bodenburg
1419 2444 1946 2505 contra'Meursium
1982 2463 2079 2518 pro
2128 2448 2337 2503 Theod.
2371 2448 2494 2503 Met.
2520 2450 2571 2503 id
2605 2458 2760 2518 urget
2798 2459 3212 2516 argumentum,
3252 2464 3459 2503 morem
3512 2463 3625 2503 tum

359 2545 472 2602 fere
499 2545 691 2615 fuisse,
722 2555 781 2601 ut
812 2547 935 2601 novi
972 2547 1270 2615 scriptores
1298 2547 1366 2602 ab
1398 2546 1522 2601 aliis
1549 2546 1666 2616 jam
1701 2546 1923 2612 tradita,
1959 2546 2201 2615 ipsorum
2251 2560 2468 2615 quoque
2517 2545 2695 2600 verbis
2763 2545 3068 2599 insererent
3111 2546 3352 2614 scriptis.
3399 2546 3470 2601 At
3512 2555 3625 2600 tum

358 2644 574 2711 quidem
599 2642 807 2699 Theod.
838 2643 964 2697 Met.
986 2658 1014 2697 a
1045 2643 1275 2699 crimine
1299 2644 1463 2714 plagii
1494 2643 1700 2697 absolvi
1729 2643 1867 2697 haud
1898 2643 2118 2713 poterit.
2149 2640 2310 2697 Joan.
2342 2651 2524 2695 autem
2554 2641 2838 2696 Fabric.iu
2867 2640 3231 2697 Histor.Bibl.
3258 2658 3389 2709 suae,
3420 2643 3456 2698 l.
3487 2659 3536 2698 c.
3570 2660 3624 2713 p.

356 2740 484 2806 26%,
507 2741 769 2813 legendos
807 2740 1153 2795 commendat
1178 2739 1448 2795 Placcium
1484 2739 1561 2793 De
1601 2741 1864 2809 pseudon,
1895 2755 1951 2810 q.
1978 2738 2104 2804 318,
2137 2736 2281 2801 445;
2313 2737 2613 2803 Olearium,
2669 2738 2816 2793 Bibl.
2854 2737 3087 2805 Eccles.,
3147 2746 3288 2808 part.
3321 2755 3382 2804 ll,
3416 2753 3470 2808 p.
3498 2738 3639 2804 195,

358 2847 414 2893 et
446 2828 707 2892 Crenium‘
737 2837 791 2891 in
829 2837 964 2892 diss.
986 2835 1041 2902 2,
1082 2837 1148 2889 de
1178 2836 1340 2907 furib.
1366 2836 1578 2902 librar.,
1609 2851 1663 2905 p.
1690 2834 1782 2889 26.
1817 2835 2022 2905 (ωλι.)

435 2931 767 3011 [Specimina
796 2948 1014 2999 aperum
1048 2931 1310 2999 Theodori
1342 2928 1821 3000 Metocbitae,’quaa
1853 2932 2016 2987 inscri

2042 2939 2266 2986 )untur:
2316 2929 2842 3002 ’Υπομνηματισμοὶ
2890 2931 2983 2985 καὶ
3034 2932 3628 3003 Σημειώσεις.γνωμι-

361 3029 479 3096 καὶ,
503 3029 707 3085 ecodd.
740 3045 875 3085 mss.
924 3022 1149 3083 Lutetia:
1190 3027 1525 3082 Parisiorum
1554 3026 1605 3082 in
1632 3027 1765 3083 bibl.
1795 3027 1943 3096 regia
1966 3035 2022 3082 et
2064 3028 2287 3083 Coislin.
2323 3028 2384 3082 S.
2420 3027 2778 3083 Germanensi
2825 3029 3121 3083 asservatis
3152 3043 3283 3082 cum
3313 3029 3632 3097 praefatione

361 3130 414 3176 et
441 3122 581 3176 notis
602 3122 835 3192 primum
857 3123 1072 3191 vulgata
1109 3119 1333 3175 abJano
1358 3104 1546 3178 Bloch.
1581 3119 1809 3176 [lamiae
1843 3120 2002 3186 1790,
2032 3121 2086 3177 8.
2112 3121 2331 3193 (HsaL).
2368 3122 2424 3176 in
2479 3120 2633 3190 praef.
2667 3120 2923 3176 Bloebius
2961 3124 3028 3175 de
3082 3122 3401 3177 cadentibus
3431 3122 3630 3177 litteris

357 3213 583 3280 Graecis,
614 3223 725 3268 tum
746 3214 811 3267 de
833 3212 1122 3268 Theodoro
1154 3213 1280 3268 Met.
1309 3214 1556 3283 exponit,
1583 3212 1811 3285 ejusque
1837 3215 2054 3284 scriptis
2077 3216 2245 3269 editis
2269 3224 2322 3269 et
2352 3215 2590 3279 ineditis,
2635 3214 2951 3284 singulatim
2981 3229 3068 3278 eo,
3120 3213 3279 3283 cujus
3330 3216 3627 3282 sperimina

359 3307 548 3373 edidit,
582 3310 854 3376 quodque,
887 3308 943 3360 in
967 3307 1070 3362 120
1096 3307 1284 3361 titulos
1307 3306 1664 3375 descriptum,
1721 3321 1829 3362 non
1862 3321 1984 3362 esse
2017 3309 2291 3362 diversum
2330 3322 2358 3360 a
2400 3306 2766 3361 Miscellaneis
2824 3288 3099 3361 Theodori
3158 3306 3320 3361 dictis
3372 3310 3632 3376 Operibus

358 3409 548 3455 contra
573 3398 882 3454 Fabricium
906 3400 1169 3454 ostendit.
1201 3398 1462 3453 Exhibuit
1490 3409 1670 3453 autem
1704 3398 1823 3468 ejus
1857 3399 2127 3469 opusculi,
2157 3399 2314 3469 cujus
2349 3399 2530 3469 plures
2553 3399 2713 3454 codd.
2738 3409 3008 3465 recenset,
3042 3399 3180 3454 duos
3201 3399 3484 3456 Parisinos
3512 3402 3631 3470 ipse

361 3494 616 3561 inspexit,
645 3501 701 3547 et
729 3492 969 3561 capitum
1000 3492 1249 3547 omnium.
1275 3501 1594 3562 argumenta
1623 3500 1678 3545 et
1698 3492 1816 3547 loca
1845 3493 2072 3558 selecta,
2097 3501 2155 3547 ut
2189 3493 2257 3547 de
2282 3490 2512 3562 Synesio
2541 3489 2747 3561 Cyren.
2772 3489 2830 3545 ln
2866 3492 3035 3554 calce,
3073 3507 3126 3559 p.
3148 3491 3245 3545 161
3296 3507 3411 3561 seq.
3448 3508 3478 3548 e
3505 3496 3628 3548 cod.

360 3584 730 3642 Escorialensi
756 3601 785 3639 a
822 3572 1251 3640 Moldenhauero
1286 3570 1684 3653 suppeditatum
1721 3586 2042 3654 particulam
2077 3601 2127 3641 c.
2179 3585 2244 3639 16
2307 3586 2474 3655 (unde
2513 3583 2626 3654 jam
2652 3597 2774 3653 pag.
2808 3582 2871 3637 61
2932 3598 2962 3639 e
2990 3583 3152 3638 codd.
3174 3583 3347 3639 Paris.
3378 3587 3628 3656 quaedam

360 3677 601 3752 dederat)
641 3681 710 3736 de
736 3677 967 3734 Philone
992 3677 1180 3734 Judaeo
1203 3678 1473 3734 exhibuit.
1506 3676 1751 3750 (8503).]

1442 3824 1677 3911 Scripta
1700 3838 1966 3895 Theodori
1987 3841 2295 3899 Metocltitaz
2325 3844 2548 3896 inedita.

438 3985 483 4041 I.
517 3981 656 4055 Περὶ
679 3980 1019 4051 νεωτερικῆς
1049 3979 1383 4052 κακοηθείας
1410 3979 1486 4034 De
1517 3979 1661 4033 mala
1701 3981 2024 4034 recentiorum

2043 3997 2052 4032 ι
2085 3981 2488 4033 consuetudine.
2520 3979 2597 4034 De
2627 3980 2726 4035 hoc
2757 3978 2895 4034 libro
2927 3978 3239 4034 adscribam
3261 3955 3629 4037 testimonium

361 4079 524 4147 graeci
545 4076 781 4131 hominis
797 4073 1349 4139 doc’tissimi,Nicolai
1376 4073 1641 4128 Comneni
1694 4073 2025 4142 Papadopoli
2067 4071 2815 4144 Prtenotionuta.mystagog.,
2836 4087 2890 4140 p.
2926 4072 2961 4127 9
2991 4069 3180 4127 :Inter
3193 4071 3422 4140 plurima
3441 4089 3634 4127 manu.

363 4181 541 4224 menta
598 4180 710 4224 tum
759 4169 1038 4239 sapientia:
1069 4178 1179 4220 tum
1202 4167 1538 4230 eruditionis,
1568 4168 1717 4237 queis
1762 4166 1843 4220 uir
1871 4165 1955 4219 hic
1981 4165 2140 4233 plane
2167 4166 2354 4219 doctus
2375 4162 2638 4219 Graeiam
2668 4175 2907 4219 nostram
2929 4163 3051 4233 jam
3087 4179 3217 4232 pene
3242 4168 3315 4216 ad
3342 4174 3635 4219 extremam
3692 4216 3707 4226 ,

362 4264 725 4336 paupertatem
759 4264 1102 4316 scientiarum
1136 4262 1403 4314 redactam
1430 4263 1582 4312 auxit
1609 4271 1765 4326 atque
1790 4260 2001 4322 ditauit,
2028 4259 2299 4328 potissime
2326 4258 2632 4327 laudandus
2654 4268 2728 4312 est
2765 4273 2957 4310 aureus
2993 4256 3198 4310 libellus
3231 4258 3638 4328 περὶξνεωτερι-

362 4358 467 4429 κῆς
499 4356 852 4426 καίοηθείας,
874 4370 1031 4424 quem
1069 4363 1251 4407 nostra
1279 4362 1431 4406 (etate
1454 4351 1680 4406 latinum
1704 4352 1826 4422 fecit
1855 4351 2142 4406 Arcu'tlius.
2182 4351 2267 4405 Ibi
2291 4351 2431 4406 enim
2449 4354 2524 4404 ita
2545 4351 2609 4405 de
2630 4346 2800 4405 sacris
2831 4350 3093 4404 institutis
3121 4351 3466 4405 recentiorum
3493 4367 3637 4406 more

363 4448 631 4520 cerruptis
656 4448 1041 4520 facundissime
1088 4447 1353 4516 queritur,
1399 4457 1451 4498 ut
1491 4455 1726 4500 trecenta
1762 4442 1983 4499 uulnera
2024 4444 2103 4514 (η)
2136 4443 2387 4499 Ecclesia?
2423 4461 2457 4497 η
2491 4443 2893 4511 corruptoribus
2924 4442 3080 4495 illata
3115 4443 3453 4498 demonstret.
3493 4441 3638 4497 Loca

359 4544 565 4616 passim
595 4558 662 4598 ex
700 4544 802 4596 hoc
823 4541 960 4594 libro
989 4542 1127 4595 idem
1158 4539 1466 4593 C'omnenus
1494 4552 1724 4607 utraque
1758 4540 1939 4603 lingua
1971 4539 2171 4601 adfert,
2203 4550 2262 4590 ut
2288 4553 2410 4607 pag.
2438 4537 2714 4600 165,195.
2742 4535 2873 4592 925.
2905 4535 3033 4596 520,
3084 4534 3209 4595 405-.
3240 4534 3346 4588 414
3373 4546 3428 4588 et
3489 4535 3639 4616 alibi,

361 4641 459 4695 sed
489 4638 757 4706 integrum
798 4633 1090 4689 vel‘GraeCe
1120 4632 1388 4702 prodiisse
1410 4631 1493 4685 vel
1522 4632 1828 4685 versionem
1864 4628 2013 4685 Petri
2035 4631 2255 4684 Arcudii
2291 4631 2494 4687 vidisse
2528 4631 2727 4693 lucem,
2750 4630 2885 4685 mihi
2915 4629 3189 4683 hactenus
3216 4629 3637 4696 incompertum.

441 4718 507 4785 ll.
534 4727 786 4784 Historia
811 4744 979 4782 sacra:
1013 4720 1173 4780 libros
1203 4727 1358 4789 duos,
1380 4737 1440 4780 et
1472 4724 2094 4795 Constantinopolitanae
2127 4741 2299 4778 unum
2324 4724 2517 4779 habuit
2546 4723 2789 4779 Joannes
2811 4723 3089 4778 Meursius
3117 4731 3173 4775 et
3233 4720 3432 4790 publici
3497 4720 3643 4788 juris

362 4825 640 4880 facturum
661 4836 721 4878 se
762 4820 1019 4891 promisit
1045 4824 1098 4872 in
1134 4818 1299 4872 Praef.“
1323 4820 1389 4872 ad
1415 4834 1569 4873 suum
1607 4818 1982 4873 Metochitam.
2020 4817 2289 4871 Videntur
2309 4828 2488 4871 autem
2516 4817 2568 4871 hi
2594 4826 2705 4872 tres
2742 4815 2913 4871 fuisse
2937 4832 3003 4871 ex
3028 4816 3136 4869 illis
3153 4814 3331 4883 λόγοις
3365 4812 3638 4867 Theodori

360 4916 671 4989 Metochlue
697 4914 873 4968 decem
908 4923 954 4966 et
981 4914 1192 4965 octode
1212 4911 1379 4966 variis
1400 4912 1670 4976 materiis,
1704 4912 1798 4966 sed
1834 4911 2109 4981 praecipue
2136 4912 2201 4963 ad
2228 4909 2524 4965 Hister-iam
2552 4911 2619 4963 de
2643 4910 2770 4964 vilis
2796 4908 3131 4963 Sanctorum
3153 4917 3209 4962 et
3236 4909 3301 4960 ad
3335 4904 3639 4960 lliStOriam

312 4992 317 4997 1
362 5009 578 5078 imperii
601 5008 707 5064 GP.
746 5016 801 5062 et
835 5005 1006 5077 ipsius
1030 5006 1180 5057 urbis
1211 5000 1377 5059 CPol.
1405 5005 1830 5074 pertinentibus,
1863 5002 1955 5072 qui
1989 5014 2279 5081 servantur
2304 5004 2357 5057 in
2391 5003 2523 5058 bibl.
2550 5002 3133 5071 Caesarea,.ipsoillius
3162 5016 3298 5064 aevo,
3330 5007 3642 5054 nttestatur

362 5103 712 5167 Lambecius,
744 5116 918 5169 vtt,p.
954 5098 1060 5153 154
1083 5097 1158 5168 (ο)
1187 5098 1563 5167 pereleganter
1596 5098 1823 5151 exarata
1863 5098 1916 5150 in
1948 5099 2290 5160 membrana,
2322 5105 2378 5151 et
2396 5113 2460 5150 ex
2490 5097 2687 5165 quibus
2710 5095 2828 5158 loca
2865 5094 3367 5148 adfert-Reinnldus
3401 5092 3642 5145 Delon-ius

364 5195 427 5252 S.
454 5196 493 5251 l.
519 5197 571 5251 in
596 5192 845 5250 notis‘ad
874 5192 1135 5247 martvria
1168 5190 1380 5245 Cosmae
1396 5201 1451 5246 et
1481 5188 1778 5256 Damiaui.,
1810 5205 1935 5260 pag.
1966 5205 2124 5255 xvm,
2174 5204 2239 5245 ex
2272 5188 2521 5243 oratione
2547 5188 2613 5242 de
2637 5188 2888 5242 laudibus
2918 5185 3118 5240 Nicaea!
3138 5186 3306 5251 urbis,
3362 5196 3415 5241 et
3471 5186 3638 5239 altera

441 5386 1947 5466 (k)LabbeusadGlyczeAnnales,Paris.,1660,lo|.,p.
2066 5389 2231 5443 missa
2249 5385 2416 5466 Δ[ιλξεῖρε
2437 5384 2815 5466 epistolisﬁn‘
2846 5385 3071 5440 Deliciis
3120 5385 3472 5465 eruditorum,
3519 5382 3639 5466 Flo.

336 5454 508 5523 56‘s:
948 5454 963 5459 '
1724 5454 1729 5456 '
1892 5454 1909 5460 ·

2062 5469 2201 5513 rent.
2244 5455 2595 5525 1756.p.12,
2636 5458 2687 5508 in
2716 5456 2905 5509 emit-In
2940 5467 3191 5511 voratur
3230 5455 3508 5521 opinione.
3568 5454 3636 5507 At

442 5536 504 5602 (Ι)
533 5534 881 5602 Raynaudus,
918 5530 992 5586 De
1025 5530 1175 5584 bonis
1239 5538 1290 5584 et
1342 5527 1500 5583 malis
1537 5526 1708 5594 libris,
1744 5529 1947 5599 Lugd.,
2060 5544 2164 5602 non
2187 5529 2318 5602 vidit
2343 5526 2701 5602 Bedenburgii
2737 5526 3229 5602 defensionem,__in
3255 5542 3356 5602 qua
3407 5538 3467 5576 ea
3490 5537 3638 5602 “quae

318 5591 878 5673 ‘46‘53.t.'p.456.'
992 5672 1035 5673 η
1130 5671 1137 5673 λ
1339 5668 1368 5673 _
1695 5591 1738 5673 ᾖ
1823 5591 1857 5673 ζ

2061 5596 2301 5673 Lamias,
2344 5597 2501 5673 alios
2579 5591 2822 5673 secutus,
2881 5612 3071 5673 contra
3122 5591 3418 5651 Meursium
3470 5593 3635 5657 dixit,

441 5680 537 5742 (τη)
571 5666 872 5727 Richardus
900 5674 963 5725 ad
990 5671 1300 5742 Matthaeum
1328 5668 1776 5742 C_at_ttacuzen.in
1808 5668 1953 5742 Gan-
2057 5669 2168 5742 jam
2205 5669 2292 5742 diu
2338 5668 2508 5721 diluta
2527 5677 2670 5722 sunt.
2704 5666 2929 5742 (11Αειι.)

367 5738 541 5801 ticum
569 5745 923 5802 canticorum.
956 5742 1117 5796 Rorn.
1170 5740 1329 5805 1624,
1355 5740 1447 5811 [0].
1486 5754 1614 5811 pag,
1667 5740 1789 5795 150.
1841 5739 1952 5811 μυ.
2136 5740 2215 5806 (n)
2255 5738 2593 5811 Postremum
2612 5741 2801 5811 estde
2832 5738 3176 5811 garrulitate.

366 5832 588 5886 quome
628 5814 845 5867 Lamius
868 5815 919 5866 in
962 5815 1181 5868 dissert.
1237 5813 1303 5865 de
1363 5808 1528 5865 Mich.
1563 5807 1763 5880 'Glyca,
1818 5807 1954 5881 πίνω·
2139 5814 2212 5877 (ο)
2242 5810 2367 5863 Sive
2388 5824 2442 5879 p.
2469 5807 3075 5878 550.Κυ11ειι·.“(ΙΙΑιιι..)
