4016 6406
380 293 488 356 93³1

1827 305 2140 369 NOTITIA

3516 328 3624 392 £538

377 407 483 476 πρδ
507 407 687 462 αὐτῶν
719 409 1038 479 ἐχρήσαντο,
1073 414 1129 465 ἐν
1154 405 1198 480 ᾧ
1239 416 1333 467 καὶ
1368 417 1496 485 περὶ
1530 415 1820 482 Πλάτωνος
1847 437 1915 474 κα

2076 426 2360 480 toritatcm
2398 426 2644 494 priorum
2681 429 3042 498 neglexerint,
3080 433 3167 486 ubi
3205 443 3259 486 et
3295 435 3360 489 tle
3399 437 3623 493 Platone

387 499 821 568 Ἀριστοτέλους.

448 589 534 644 ια’.
572 592 708 660 Περὶ
756 592 1184 663 ’Δριστοτελους,
1227 599 1325 652 καὶ
1370 599 1470 667 τῆς
1517 599 1596 662 είς
1627 599 1687 654 τὸ
1718 603 1945 669 φυσικὸν

375 684 467 733 καὶ
504 681 722 748 λογικὸν
753 685 1171 755 εὐδοκιμήσεως
1197 689 1290 742 τοῦ
1321 692 1535 760 ἀνδρός.

445 769 532 838 ιβ’.
565 774 686 824 Ἔτι
740 777 868 844 περὶ
919 777 1013 828 τοῦ
1057 779 1469 846 Ἀριστοτέλους
1523 783 1619 835 καὶ
1670 783 1801 852 περὶ
1848 785 1943 836 τοῦ

372 864 606 928 φυσικοῦ
643 867 765 920 κατ’
792 868 954 920 αὑτὸν
987 870 1078 923 καὶ
1107 871 1351 927 λογικοῦ.
1386 873 1522 944 [Τίῐ.
1553 874 1612 928 11
1645 885 1701 930 et
1729 876 1796 930 12
1849 891 1938 946 ap.

371 951 451 1006 Bl.
483 970 590 1008 non
627 955 929 1032 leguntur.]

441 1051 533 1109 ιγ’.
582 1048 714 1118 Περὶ
745 1051 1028 1116 Πλάτωνος
1053 1053 1148 1107 καὶ
1177 1055 1272 1108 τοῦ
1300 1055 1686 1124 μαθηματικοῦ
1717 1061 1817 1130 τῆς
1848 1081 1938 1118 σο·

368 1135 518 1202 φίας,
549 1138 644 1189 καὶ
676 1141 913 1208 μάλιστα
940 1146 1070 1215 περὶ
1095 1145 1189 1198 τοῦ
1217 1147 1548 1215 ἁρμονικοῦ.

441 1226 520 1281 ιδ’.
561 1229 686 1282 Ὅτι
719 1233 818 1284 οὐκ
865 1231 924 1298 ἐξ
975 1237 1151 1306 ἀρχῆς
1202 1237 1412 1291 τέλειον
1463 1240 1703 1311 κατέστη
1741 1243 1801 1296 τὸ
1831 1245 1938 1315 ’τῆς

367 1317 762 1390 μαθηματικῆς
794 1325 1133 1396 ἐπιστήμης.

437 1409 518 1466 ιε’.
556 1414 690 1482 Περὶ
726 1417 1012 1487 Ἰωσήπου.

437 1501 536 1566 ις’.
574 1505 706 1573 Περὶ
733 1509 991 1573 Φίλωνος.

435 1590 523 1656 ιζ’.
559 1595 684 1648 Ὀτι
715 1597 942 1662 πάντες,
974 1601 1090 1654 ὅσοι
1127 1602 1186 1656 ἐν
1215 1603 1478 1674 Αἰγύπτῳ
1507 1604 1930 1675 ὲπαιδεύθησαν,

359 1685 700 1756 τραχύτερον
728 1690 806 1760 τῷ
857 1693 1036 1759 λέγειν
1079 1694 1342 1763 χρῶνται.
1390 1694 1610 1765 [Omisit
1647 1697 1791 1751 hunc
1840 1697 1925 1752 tit.

367 1778 477 1850 BL]

361 1878 368 1884 ’
435 1870 527 1938 ιη’.
573 1873 708 1942 Περὶ
741 1873 1021 1926 Συνεσὶου.

431 1963 517 2018 ιθ⁰.
559 1966 694 2035 Περὶ
723 1965 947 2026 Δίωνος.

426 2063 494 2108 κ’.
538 2057 674 2124 Περὶ
703 2056 1078 2125 Ξενοφῶντος.

426 2143 533 2198 καί.
571 2146 704 2215 Περὶ
748 2146 857 2198 τῶν
905 2147 1352 2216 Ἀριστοτελικῶν
1389 2149 1610 2219 βιϐλίων
1647 2153 1757 2204 τῶν
1788 2169 1929 2220 μετα

354 2236 424 2289 τὰ
449 2238 676 2304 φυσικὰ,
714 2240 806 2290 καὶ
837 2236 979 2309 [haec
1008 2238 1191 2306 priora
1219 2241 1384 2295 verba
1419 2242 1494 2296 Bl.
1531 2241 1755 2314 desunt]
1800 2245 1930 2314 περὶ

353 2328 448 2381 τοῦ
481 2328 689 2398 βιϐλίου
745 2327 1111 2399 Ἑρμογένους
1139 2331 1235 2385 τοῦ
1260 2333 1392 2402 περὶ
1429 2331 1655 2402 μεθόδου
1683 2333 1928 2405 δεινότη-

349 2437 464 2483 τος.

423 2513 524 2583 κβ’.
561 2514 697 2584 Περὶ
721 2513 818 2567 τοῦ
851 2517 909 2570 ἐν
937 2517 1006 2587 τῇ
1055 2515 1412 2586 μαθηματικῇ
1447 2517 1730 2590 ἐπιστήμῃ
1757 2521 1921 2574 ἀστα-

352 2606 594 2660 σιάστου.

424 2704 530 2764 κγ’.
571 2699 706 2768 Περὶ
733 2698 827 2752 τοῦ
860 2701 919 2752 ὲν
949 2702 1016 2770 τῇ
1046 2703 1252 2770 φυσικῇ
1286 2701 1490 2774 θεωρίᾳ
1521 2702 1802 2759 ἀϐεϐαίου.

416 2790 517 2842 κδ’.
578 2791 702 2842 ’Ότι
750 2788 838 2844 διά
885 2791 978 2843 τὸν
1020 2793 1160 2862 πρὸς
1195 2794 1494 2864 ῥητορικὴν
1543 2795 1783 2866 πόλεμον
1833 2798 1922 2851 ἀεὶ

347 2881 616 2950 διαλόγοις
650 2883 677 2933 ὀ
713 2882 940 2935 Πλάτων
971 2883 1193 2953 χρῆται.

419 2970 518 3024 κε’.
542 2972 666 3025 Ὅτι
689 2971 776 3025 διά
803 2972 905 3039 τὴν
931 2973 1067 3042 πρὸς
1091 2975 1354 3032 Πλάτωνα
1385 2980 1568 3048 μάχην
1594 2982 1919 3047 σπουδάζειν

346 3062 578 3132 ἠξίωσεν
609 3061 925 3134 [σπουδάζει
952 3062 1062 3136 ΒΙ.]
1106 3066 1490 3138 Ἀριστοτέλης
1522 3073 1652 3138 περὶ
1690 3072 1791 3141 τὴν
1821 3074 1915 3143 ῥη-

344 3158 593 3224 τορικήν.

415 3245 530 3312 κς’.
563 3250 688 3302 Ὀτι
716 3251 792 3320 τῷ
817 3249 973 3321 ἁπλῷ
1007 3249 1103 3304 καὶ
1126 3250 1228 3318 ἀτη
1239 3251 1455 3322 μελήτῳ
1486 3255 1586 3323 τῆς
1620 3255 1805 3323 φωνῆς
1833 3275 1919 3327 φι..

339 3340 565 3409 λοσοφία
591 3343 808 3404 οἰκείως
839 3343 978 3413 ἔχει.
1014 3341 1204 3414 [Deest
1226 3341 1328 3414 ΒΙ.]

411 3432 516 3497 κζ’.
552 3433 754 3502 θρῆνοι
779 3437 872 3488 ἐπὶ
909 3435 988 3506 τῷ
1017 3435 1126 3487 τῶν
1159 3434 1466 3505 ἀνθρώπων
1495 3436 1617 3508 βίῳ.

409 3531 518 3594 κη’.
550 3526 684 3596 Περὶ
729 3526 825 3580 τοῦ
874 3525 1041 3597 ῥητοῦ
1089 3526 1186 3579 τοῦ
1235 3527 1525 3594 λέγοντος·
1577 3532 1698 3585 Οὐκ
1743 3532 1918 3587 ἐστιν

337 3618 538 3684 εὑρεῖν
558 3618 706 3682 ,βίον
729 3618 971 3672 ἄλυπον
996 3619 1065 3672 ἐν
1095 3617 1328 3684 οὐδενὶ,
1362 3621 1459 3672 καὶ
1487 3622 1616 3692 περὶ
1634 3623 1741 3678 τῶν
1771 3627 1915 3680 κατὰ

337 3710 454 3780 βίον
489 3708 832 3775 μεταϐολῶν,
863 3709 955 3762 καὶ
990 3709 1126 3777 περὶ
1161 3707 1270 3762 τῶν
1307 3708 1434 3762 κατ’
1461 3709 1622 3762 αὑτὸν
1653 3712 1746 3765 τὸν
1778 3730 1910 3781 συγ-

331 3803 639 3873 γράφοντα.
663 3802 972 3875 [Postrema
1007 3803 1176 3858 verba
1209 3802 1326 3857 sola
1360 3803 1531 3859 habet
1563 3803 1674 3875 Bl.|

405 3917 507 3970 κθν.
540 3918 674 3986 Περὶ
703 3916 798 3969 τοῦ
833 3915 1240 3985 εὖμεταόλήτου
1273 3915 1494 3970 πάντων
1528 3917 1638 3970 τῶν
1663 3921 1784 3972 κατ’
1817 3922 1912 3974 άν-

333 4005 610 4075 θρώπους.
655 4003 904 4076 [Πάντων
939 4005 1094 4060 deest
1121 4002 1229 4076 ΒΙ.]

403 4117 468 4173 λ’.
497 4120 633 4188 Περὶ
679 4118 779 4189 τῆς
811 4119 936 4173 κατ’
979 4117 1306 4189 ἀνθρώπους
1340 4120 1583 4190 ἀμαθίας
1627 4121 1737 4176 τῶν
1788 4121 1910 4192 βελ-

328 4210 552 4265 τίστων.

401 4326 503 4381 λα’.
530 4327 656 4381 Ὀτι
685 4327 785 4380 οὐκ
809 4325 928 4379 ἔστι
950 4327 1064 4387 τοῖς
1087 4325 1148 4376 ὲν
1169 4325 1248 4395 τῷ
1281 4325 1499 4396 σώματι
1528 4326 1712 4380 τελεία
1743 4329 1910 4384 κατά-

2046 527 2211 583 atque
2237 517 2551 574 Aristotele.

2118 608 2207 662 11.
2249 610 2322 664 De
2350 611 2662 676 Aristotele,
2693 620 2750 667 et
2780 612 2941 666 laude
2968 613 3070 667 viri
3101 618 3156 667 in
3190 619 3421 672 naturali
3459 629 3622 689 atque

2046 699 2296 754 rationali
2327 701 2614 772 disciplina

2116 791 2202 846 l2.
2240 791 2437 847 Adhuc
2468 794 2535 848 de
2564 793 2859 850 Aristotele
2893 798 3121 867 ejusque
3175 800 3396 870 physica
3447 819 3510 857 ac
3545 806 3626 858 lo-

2041 897 2180 950 gica.

2111 1068 2202 1121 15.
2243 1069 2318 1124 De
2340 1070 2567 1126 Platone
2589 1080 2647 1128 et
2669 1073 3057 1130 mathematica
3082 1075 3442 1147 philosophiae
3466 1091 3622 1150 parte

2038 1169 2094 1212 et
2122 1159 2355 1214 maxime
2385 1161 2454 1216 de
2486 1162 2828 1220 harmonica.

2109 1251 2196 1303 M.
2239 1251 2396 1317 Quod
2431 1269 2540 1309 non
2573 1254 2645 1310 ab
2675 1255 2836 1312 initio
2871 1257 3054 1313 statim
3089 1261 3331 1331 perlecta
3364 1263 3467 1319 l‘nit
3501 1280 3617 1317 ma—

2039 1341 2332 1398 thematica
2363 1345 2595 1402 scientia

2107 1433 2194 1487 15.
2236 1433 2311 1488 De
2343 1435 2605 1506 Josepho.

2109 1523 2198 1577 16.
2239 1524 2315 1580 De
2348 1527 2600 1584 Philone.

2108 1615 2194 1669 17.
2235 1616 2391 1681 Quod
2429 1633 2619 1677 omnes
2649 1627 2743 1694 qui
2792 1627 2846 1683 in
2880 1629 3116 1702 Egypto
3153 1632 3388 1689 instituti
3425 1635 3604 1700 fuere,

2033 1707 2313 1774 asperiore
2344 1709 2561 1766 dicendi
2594 1731 2794 1784 genere
2831 1723 2911 1775 usi
2945 1732 3093 1777 sunt.

2103 1893 2190 1948 18.
2235 1894 2311 1949 De
2339 1894 2587 1966 Synesio.

2103 1985 2192 2042 19.
2233 1986 2309 2040 De
2339 1987 2532 2043 Dione.

2097 2075 2187 2131 20.
2230 2076 2304 2132 De
2335 2079 2719 2151 Xenophonte.

2097 2167 2189 2222 2i.
2229 2169 2305 2224 De
2328 2170 2488 2227 libris
2510 2177 3010 2249 metaphysicorum
3033 2182 3367 2252 Aristotelis,
3390 2198 3447 2243 et
3471 2189 3606 2245 Her-

2029 2257 2276 2329 mogenis
2300 2261 2446 2317 libro
2475 2265 2544 2320 de
2570 2267 2624 2321 vi
2651 2268 2869 2327 dicendi
2898 2276 3283 2343 comparanda.

2095 2533 2184 2587 22.
2226 2534 2303 2590 De
2337 2545 2490 2591 certo
2522 2546 2579 2591 et
2613 2538 2796 2593 stabili
2833 2538 2888 2594 in
2925 2540 3156 2596 scientia
3191 2543 3602 2602 mathematica.

2095 2717 2184 2770 25.
2225 2717 2302 2771 De
2329 2717 2542 2772 incerto
2573 2720 2629 2772 in
2665 2719 2888 2790 physica
2921 2722 3319 2789 speculatione.

2091 2807 2184 2860 24.
2225 2808 2379 2873 Quod
2425 2809 2579 2864 Plato
2623 2810 2855 2881 dialogis
2895 2827 3114 2882 semper
3160 2814 3332 2869 utitur
3377 2828 3603 2888 propter

2023 2896 2224 2952 bellum
2260 2900 2402 2969 quod
2438 2902 2726 2957 rhetoricae
2754 2903 2975 2959 indixit.

2093 2990 2182 3044 25.
2223 2990 2379 3057 Quod
2405 2994 2729 3050 Aristoteles
2753 2996 3028 3064 singulare
3054 2997 3300 3053 studium
3329 2999 3602 3069 impendit

2022 3079 2334 3147 rhetoricze,
2365 3091 2426 3136 ut
2456 3085 2667 3140 Platoni
2697 3087 3107 3144 adversaretur.

2087 3261 2176 3315 26.
2219 3262 2374 3329 Quod
2403 3266 2764 3338 philosophi»
2796 3287 3109 3347 congruens
3135 3279 3222 3334 vel
3253 3284 3488 3341 maxime
3515 3297 3598 3344 est

2021 3353 2191 3408 dictio
2221 3358 2447 3423 simplex
2477 3368 2532 3414 et
2561 3361 2861 3422 incuriosa.

2085 3444 2176 3497 27.
2219 3447 2635 3516 Deplorationes
2665 3453 2790 3510 vita
2819 3457 3090 3514 humanae.

2085 3534 2176 3590 28.
2220 3538 2295 3593 De
2338 3540 2487 3596 dicto
2527 3543 2673 3613 quod
2716 3546 2794 3602 ait
2835 3565 2849 3602 :
2915 3549 3084 3604 Vitam
3121 3551 3290 3610 luctus
3332 3567 3594 3626 expertem

2017 3642 2274 3698 nusquam
2302 3636 2559 3701 reperias.
2581 3636 2651 3690 Et
2678 3637 2748 3692 de
2773 3639 2899 3695 vitae
2923 3642 3344 3714 mutationibus,
3403 3659 3457 3703 et
3486 3651 3594 3705 illis

2015 3733 2137 3787 quae
2167 3722 2422 3792 scriptori
2461 3725 2563 3795 ipsi
2597 3729 2940 3786 acciderunt.

2085 3919 2174 3974 29.
2213 3919 2367 3986 Quod
2412 3925 2596 3980 omnia
2640 3926 2877 3983 humana
2922 3928 3084 3988 facile
3128 3935 3444 3994 alterationi
3488 3941 3591 3996 oh-

2013 4011 2176 4066 noxia
2213 4013 2343 4067 sint.

2082 4126 2172 4181 50.
2212 4127 2289 4182 De
2314 4128 2654 4198 ignoratione
2680 4149 2864 4190 rerum
2892 4136 3246 4208 optimarum,
3272 4157 3394 4211 quae
3418 4152 3502 4199 est
3529 4146 3588 4201 in

2013 4215 2352 4274 hominibus.

2081 4330 2170 4385 51.
2209 4330 2362 4397 Quod
2400 4334 2619 4402 animae,
2651 4335 2782 4391 dum
2817 4337 2873 4392 in
2909 4340 3238 4409 corporibus
3269 4355 3582 4410 versantur,

326 4417 492 4488 ληψις
535 4421 666 4490 περὶ
712 4419 823 4472 τῶν
868 4417 1037 4472 ὅντων
1062 4434 1079 4450 ο
1108 4417 1205 4470 καὶ
1247 4417 1555 4515 ὑπόδειγμα
1591 4421 1732 4515 προς
1749 4421 1910 4476 τοῦτο

2076 4438 2123 4476 »ιι
2153 4423 2396 4493 perfecte
2428 4437 2658 4497 possunt
2689 4444 2778 4484 res
2806 4431 3117 4501 percipere,
3145 4433 3311 4504 idque
3338 4437 3585 4494 declara-

325 4509 437 4562 ἀπὸ
475 4509 584 4561 τῶν
623 4511 689 4578 τῇ
729 4507 867 4578 μέθῃ
924 4507 999 4576 μὴ
1053 4505 1276 4568 τελείως
1322 4506 1901 4564 καταϐαπτισθέντων.

329 4602 465 4676 [Καὶ
492 4601 748 4656 tim-ttat.
786 4601 992 4657 desunt
1025 4596 1133 4669 ΒΙ.]

399 4717 500 4788 λβν.
535 4718 658 4771 ’Ότι
692 4716 792 4786 ἡδὺ
827 4713 948 4768 κατ’
999 4711 1326 4776 ἀνθρώπους
1376 4705 1421 4780 ᾧ
1444 4729 1528 4777 τις
1580 4713 1648 4769 ἂν
1691 4716 1904 4788 χρόνιος

325 4809 694 4879 συνεθισθείη.

396 4925 500 4994 λγθ.
533 4925 654 4977 Ὀτι
690 4921 877 4974 πολλοὶ
902 4920 1009 4974 τῶν
1037 4921 1344 4993 ἀνθρώπων
1374 4923 1556 4994 ἀηδῶς
1589 4923 1795 4977 σύνεισι
1821 4926 1902 4996 τῷ

321 5017 446 5074 κατ’
473 5017 594 5079 ἔθος
626 5014 837 5086 μακρὸν
873 5012 1076 5084 ὁτῳοῦν
1107 5013 1226 5083 βίῳ.

393 5131 487 5187 λδ’.
519 5133 644 5185 Ὅτι
675 5133 814 5196 τινὲς
856 5131 964 5186 τῶν
991 5130 1210 5200 φαύλων
1253 5132 1349 5183 καὶ
1380 5132 1624 5201 ἀνοήτων
1648 5131 1768 5184 οὐδὲ
1797 5125 1896 5204 ἦτ-

317 5244 414 5280 τον
459 5227 494 5295 ἢ
540 5226 684 5279 κατά
733 5224 860 5287 τοὺς
912 5223 1382 5292 πεπαιδευμένους
1435 5224 1632 5294 ἥδιστα
1683 5222 1894 5292 βιοῦσι,

321 5316 539 5387 μεγάλα
573 5316 702 5388 περὶ
730 5314 939 5369 ἑαυτῶν
969 5314 1226 5386 οἰόμενοι.

388 5427 489 5484 λε’.
518 5428 644 5483 ὀτι
689 5425 878 5481 πολλοὶ
912 5425 1007 5495 διᾲ
1052 5425 1349 5496 φιλαυτίαν
1398 5425 1493 5480 ἐπὶ
1550 5428 1768 5497 μικροῖς
1812 5421 1893 5492 οἷς

314 5523 558 5592 ἔχουσιν,
589 5519 970 5589 ἀπειροκάλως
997 5519 1424 5572 ἐπιδείκνυνται.

390 5637 500 5698 λς’.
533 5637 654 5687 Ὀτι
692 5637 786 5687 καὶ
837 5635 893 5688 ὲν
934 5635 1151 5704 μικροῖς
1181 5649 1327 5695 τινες
1359 5632 1582 5700 ἀγαθοῖς
1613 5631 1890 5703 εὐγνώμο·

312 5727 407 5782 νέξ
431 5729 556 5795 alat,
591 5728 686 5780 καὶ
716 5727 847 5795 περὶ
874 5725 1137 5794 βασιλέως
1172 5723 1431 5780 ἐνταῦθα.

598 5821 868 5883 ΡΑτιιοι..
917 5820 1032 5884 Gn.
1077 5817 1336 5884 CXLIV.

2011 4524 2126 4569 tum
2157 4530 2187 4570 a
2215 4516 2575 4574 similitudine
2600 4519 2882 4576 hominum
2908 4522 3172 4580 ebrietate
3197 4541 3306 4580 non
3338 4527 3583 4585 funditus

2007 4608 2410 4664 demersorum.

2074 4722 2163 4777 32.
2204 4722 2362 4790 Quod
2407 4740 2574 4781 suave
2623 4727 2695 4781 sit
2737 4727 3078 4795 hominibus,
3125 4731 3439 4804 cuicunque
3481 4737 3580 4796 ali-

2003 4813 2128 4882 quis
2158 4830 2257 4884 per
2282 4817 2502 4886 aliquod
2537 4826 2752 4887 tempus
2782 4820 3110 4875 assueverit.

2069 4928 2158 4982 55.
2198 4928 2354 4995 Quod
2394 4931 2594 4986 multos
2633 4931 2886 4988 homines
2927 4933 3148 4990 aedium
3189 4937 3316 4993 vita:
3358 4943 3576 5010 generis

2001 5019 2377 5088 cujuscunque
2403 5029 2522 5090 post
2555 5020 2777 5086 longum
2810 5035 2968 5075 usum
2999 5025 3167 5093 capit.

2067 5129 2155 5183 54.
2196 5129 2351 5196 Quod
2396 5131 2645 5185 nonnulli
2681 5132 2994 5201 ineptorum
3028 5143 3085 5190 et
3116 5138 3413 5196 stultorum
3461 5159 3570 5199 non

1996 5220 2197 5283 minus,
2229 5237 2392 5290 quam
2426 5223 2699 5292 sapientes
2725 5224 2914 5280 vivunt
2947 5229 3210 5297 suaviter,
3240 5249 3432 5306 magna
3463 5237 3571 5294 sibi

1995 5311 2063 5365 de
2094 5327 2152 5365 se
2180 5311 2313 5382 ipsis
2341 5313 2724 5381 itnaginantes.

2065 5425 2153 5479 55.
2195 5424 2348 5494 Quod
2377 5427 2533 5482 multi
2559 5445 2626 5484 ex
2651 5430 2788 5487 falso
2813 5435 2897 5491 sui
2923 5453 3111 5496 amore
3135 5439 3192 5493 in
3217 5440 3423 5510 parvis,
3447 5455 3568 5511 quae

1993 5517 2217 5582 habent,
2251 5518 2434 5588 inepte
2463 5535 2522 5576 se
2549 5521 2778 5592 iactant.

2061 5628 2153 5684 56.
2194 5629 2350 5696 Quod
2383 5632 2437 5686 in
2472 5636 2654 5703 parvis
2688 5636 2853 5692 etiam
2884 5637 3045 5696 bonis
3072 5642 3295 5712 quidam
3327 5652 3476 5699 recte
3505 5657 3566 5698 se

1990 5731 2207 5792 gerunt,
2236 5723 2388 5778 etde
2414 5728 2668 5794 praesenti
2697 5729 3049 5798 imperatore.

3093 5824 3168 5886 30
