4016 6400
344 249 446 316 941

1788 240 2099 309 ΝυΤΙἸἸΑ
2112 295 2126 310 .

3499 251 3607 316 9l'2

413 368 517 421 \m'.
552 364 792 436 Πότερον
825 365 1052 435 ἄμεινον
1087 363 1365 435 ἀνθρώπῳ
1396 363 1458 417 τὸ
1504 362 1761 431 γενέσθαι
1793 359 1827 431 ἢ
1858 362 1917 413 τὸ

2095 361 2183 415 58.
2227 361 2492 417 Mcliusne
2519 363 2591 418 sit
2622 363 2832 418 homini
2862 378 3003 430 esse,
3032 380 3197 434 quam
3229 381 3337 419 non
3365 366 3528 421 esse?
3553 378 3611 421 et

344 458 420 530 μὴ
449 456 733 526 γενέσθαι,
765 459 859 513 καὶ
888 458 973 512 ὅτι
999 459 1226 530 ἄμεινον
1249 457 1312 513 τὸ
1352 455 1633 525 γενέσθαι.

410 551 510 606 νϐ’.
545 551 670 605 Ὅτι
720 551 859 606 πολὺ
915 553 1050 625 παρ’
1101 551 1417 624 ἀνθρώποις
1450 548 1513 601 τὸ
1564 546 1922 619 περιαυτολο-

336 648 479 714 γεῖν.

413 736 474 802 ξ’.
510 737 636 791 Ὅτι
665 738 894 810 ἄπορον,
928 739 979 793 εἰ
1000 737 1140 801 ,ἐστι
1187 756 1273 803 τις
1319 735 1631 808 ἀνθρώποις
1663 730 1922 795 καθάπαξ

341 831 550 901 γαλήνη
586 831 730 885 κατὰ
760 832 890 894 τοὺς
921 832 1240 902 λογισμούς.

338 958 357 965 -
408 923 512 989 ξω.
544 927 668 977 Ὅτι
713 925 814 979 οὐκ
862 924 972 992 ἔξω
1020 925 1183 993 λόγου
1236 923 1555 976 παντάπασι
1615 919 1820 981 δόξειεν
1854 918 1921 972 ἂν

296 1009 304 1027 ¹
336 1011 480 1070 εἶναι
517 1016 586 1069 τὰ
618 1014 727 1068 τῶν
771 1015 1110 1086 Ἐφεκτικῶν
1160 1015 1597 1080 ἐναντιουμένων
1633 1012 1767 1080 πρὸς
1818 1012 1922 1064 πᾶ-

299 1092 308 1179 }
340 1125 443 1161 σαν
466 1107 798 1178 κατάληψιν,
827 1110 923 1161 καὶ
950 1110 1035 1163 ὅτι
1078 1107 1177 1161 καὶ
1226 1105 1456 1161 Πλάτων
1483 1104 1577 1158 καὶ
1620 1102 1919 1181 Σωκράτης

284 1182 305 1273 ί
337 1201 512 1273 ἀρχὰς
534 1202 615 1263 είς
643 1200 788 1255 τοῦτ⁹
812 1201 1043 1256 ἔδωκαν.

291 1272 304 1330 ἶ
382 1272 508 1363 ξβκ
541 1294 680 1364 Περὶ
716 1293 829 1347 τῶν
878 1294 1274 1363 ἐμπιπτόντων
1304 1293 1615 1365 πράγμασι,
1649 1291 1761 1345 τῶν
1818 1289 1919 1358 μὲν

337 1386 425 1440 διὸ.
458 1386 843 1457 φιλόπραγμον
889 1382 1024 1456 ἦθος
1057 1384 1284 1454 φαῦλον.
1323 1385 1434 1438 τῶν
1459 1384 1516 1439 δὲ
1556 1384 1645 1437 διὰ
1675 1382 1919 1454 ἀμαθίαν

337 1482 435 1535 καὶ
464 1480 806 1552 ἀπρονόητον
835 1478 937 1549 τὴν
969 1476 1164 1551 τύχην.

407 1653 507 1722 ξγ’.
539 1654 675 1723 Περὶ
713 1655 822 1708 τῶν
851 1655 1107 1723 ἐλπίδων,
1139 1656 1236 1710 καὶ
1282 1655 1366 1709 ὅτι
1411 1653 1617 1720 τρόπον
1656 1652 1760 1723 μέν
1794 1667 1918 1704 τινα

2025 454 2172 523 quod
2204 462 2426 523 praestet
2447 470 2592 510 esse.

2096 546 2186 602 59.
2228 546 2384 613 Quod
2417 546 2676 619 frequens
2704 549 2775 604 sit
2802 550 2951 620 apud
2981 550 3251 615 homines,
3282 561 3340 604 ut
3368 551 3609 606 iihenter

2023 638 2092 693 de
2117 655 2175 694 se
2204 651 2262 693 et
2288 640 2454 697 rebus
2481 640 2597 695 suis
2625 641 2943 713 loquantur.

2060 731 2186 792 .60.
2232 732 2467 787 Dubium
2511 750 2654 800 esse,
2697 751 3053 806 an.unquam
3098 737 3371 791 serenitas
3402 740 3606 793 mentis

2023 822 2184 891 plena
2217 823 2533 880 hominibus
2563 827 2829 898 obtingat.

2095 916 2182 967 6|.
2223 915 2379 980 Quod
2432 932 2541 971 non
2585 932 2985 990 usquequaque
3025 920 3280 978 videatur
3318 936 3348 975 a
3396 921 3609 975 ratione

2022 1005 2262 1059 alienum
2288 1006 2659 1066 admittendas
2679 1010 3059 1081 Scepticorum
3084 1013 3449 1085 objectiones,
3474 1030 3613 1085 quas

2022 1095 2173 1149 omni
2214 1100 2553 1167 perceptioni
2590 1112 2911 1172 opponunt,
2944 1113 3002 1158 et
3037 1105 3184 1175 quod
3220 1105 3374 1160 Plato
3408 1121 3473 1160 ac
3508 1107 3611 1161 So-

2024 1199 2202 1242 crates
2232 1190 2500 1261 principia
2528 1192 2597 1247 ad
2633 1193 2740 1249 hoc
2767 1197 3286 1266 suppeditaverunt.

2096 1279 2189 1334 6‘2.
2234 1281 2311 1336 De
2340 1280 2409 1335 iis
2434 1284 2534 1353 qui
2561 1286 2800 1357 negotiis
2827 1303 2887 1343 se
2933 1288 3208 1359 objiciunt
3234 1290 3350 1346 sive
3378 1299 3608 1360 propter

2020 1371 2284 1429 vitiosum
2309 1391 2518 1431 morem
2545 1377 2830 1433 hominum
2856 1380 3054 1436 alienis
3078 1395 3137 1436 se
3162 1381 3611 1449 admiscentium,

2020 1464 2138 1520 sive
2185 1466 2258 1521 ob
2309 1467 2530 1523 illorum
2578 1470 2895 1537 inscitiam,
2939 1472 3058 1528 sive
3102 1474 3443 1544 inopinatam
3495 1475 3611 1531 fur-

2025 1564 2235 1613 tunam.

2099 1656 2190 1713 63.
2228 1655 2305 1710 De
2338 1672 2436 1726 spe
2457 1695 2472 1718 .
2504 1668 2562 1713 et
2591 1659 2739 1727 quod
2770 1661 2884 1732 jam
2919 1661 2993 1717 sit
3027 1678 3114 1719 res
3147 1662 3469 1719 hominibus
3505 1665 3615 1720 uti-

334 1744 776 1816 βιωφελέστατον
824 1744 1138 1814 ἀνθρώποις
1181 1744 1244 1799 τὸ
1299 1745 1424 1799 κατ’
1476 1742 1650 1808 αὐτὰς
1701 1741 1918 1813 χρῆμα,

2065 1751 2231 1805 ssima
2286 1750 2391 1805 'am
2424 1749 2627 1806 iterum
2660 1755 2825 1807 noxia
2856 1763 2911 1808 et
2942 1754 3267 1825 rejicienda.

334 1840 537 1904 τρόπον
581 1838 640 1891 δέ
665 1836 768 1891 τιν’
796 1833 956 1902 αὖθις
989 1836 1251 1903 καθάπαξ
1299 1836 1598 1908 νεμεσητὸν
1647 1838 1743 1889 καὶ
1789 1850 1922 1888 κατ-

332 1930 705 2002 εγνωσμένον.

406 2024 501 2090 ξδ’.
534 2026 659 2078 Ὀτι
704 2024 923 2093 ἣδιστον
968 2023 1286 2095 ἀνθρώποις
1327 2022 1386 2077 ἐν
1416 2024 1532 2084 τοῖς
1569 2022 1795 2084 οἰκείοις
1827 2020 1922 2073 καὶ

337 2115 559 2187 συνήθει
587 2116 843 2187 διατριϐῇ
877 2115 1057 2171 ὁτιοῦν
1084 2115 1353 2186 πράττειν
1393 2112 1455 2168 εὖ
1489 2115 1585 2167 καὶ
1626 2111 1918 2182 τιμᾶσθαι.

407 2297 502 2363 ξε’.
535 2296 660 2350 Ὅτι
691 2293 956 2361 πολλάκις
979 2294 1114 2349 ἔνιοι
1149 2295 1529 2364 συμπίπτουσι
1563 2295 1675 2357 τοῖς
1708 2292 1921 2346 ἑαυτῶν

333 2388 574 2460 δόγμασι
610 2388 707 2442 κοιλ⁵
748 2388 992 2459 κρίσεσι,
1021 2388 1117 2442 καὶ
1162 2386 1419 2441 δλλυνται
1462 2385 1621 2457 δίκης
1654 2385 1918 2455 σφέτερα.

405 2579 517 2645 ξςθ.
551 2577 677 2632 Ὅτι
711 2576 859 2640 τινές
892 2576 1002 2629 είσι
1029 2573 1218 2643 ταχεῖς
1247 2570 1528 2625 πιστεύειν
1569 2572 1637 2642 τῇ
1675 2568 1916 2641 Προνοίᾳ

335 2670 424 2724 διὰ
466 2672 537 2725 τὰ
579 2668 889 2738 φαινόμενα
927 2665 1073 2721 κατὰ
1121 2665 1279 2732 λόγον
1322 2664 1574 2734 ἀπαντᾷν
1621 2664 1736 2725 τοῖς
1780 2677 1921 2732 χρη-

337 2764 481 2823 στοῖς
510 2778 573 2815 τε
622 2763 721 2815 καὶ
746 2762 1008 2831 πονηροῖς
1035 2761 1103 2813 ὲκ
1146 2757 1240 2812 τοῦ
1269 2757 1592 2828 προχείρου,
1634 2756 1728 2808 καὶ
1764 2751 1923 2817 αὖθις

336 2856 593 2909 ἀπιστεῖν
618 2856 686 2921 τῇ
719 2852 956 2923 Προνοία
985 2852 1074 2905 διὰ
1096 2849 1358 2905 τάναντία
1396 2847 1631 2912 τούτοις.

409 2943 505 3012 εξ.
538 2945 663 2999 Ὅτι
716 2943 1040 3013 Θαυμασίως
1071 2941 1335 3005 πολλάκις
1383 2940 1544 2993 είωοε
1590 2943 1711 3002 ταῖς
1762 2938 1922 3008 μεγίο

339 3055 495 3100 σταις
546 3036 780 3107 πράξεσι
831 3036 924 3088 καλ⁸
976 3034 1262 3105 εὐτυχίαις
1313 3034 1549 3102 τάχιστα
1599 3030 1921 3084 ἀκολουθεῖν

2098 2014 2191 2068 64.
2233 2012 2391 2081 Quod
2418 2016 2888 2085 jucundissimum
2922 2018 2995 2073 sit
3031 2018 3240 2074 homini
3277 2020 3330 2073 in
3366 2020 3482 2075 suis
3516 2036 3615 2076 ne-

2023 2105 2189 2175 gotiis
2224 2115 2281 2161 et
2311 2115 2578 2163 consueto
2612 2109 2735 2163 vitae
2770 2125 2993 2181 genere,
3024 2112 3407 2183 qualecunque
3443 2113 3613 2169 etiam

2024 2197 2160 2252 illud
2192 2198 2286 2261 sit,
2320 2201 2460 2256 bene
2490 2209 2547 2255 et
2575 2217 2699 2256 cum
2732 2202 2943 2258 honore
2972 2219 3088 2258 rem
3119 2219 3334 2276 gerere.

2096 2289 2188 2345 65.
2228 2290 2621 2360 Saepenumero
2652 2294 2871 2364 aliquos
2901 2295 3187 2351 adversari
3219 2296 3336 2352 suis
3367 2298 3613 2367 ipsorum

2024 2382 2384 2452 opinionibus
2427 2400 2491 2439 ac
2529 2385 2776 2456 iudiciis.
2815 2398 2872 2443 et
2914 2390 3137 2459 propria
3172 2389 3298 2462 jura
3344 2391 3615 2447 interver-

2028 2480 2163 2527 tere.

2100 2565 2188 2621 66.
2231 2564 2388 2633 Quod
2444 2567 2618 2638 aliqui
2680 2568 2839 2625 facile
2891 2569 3123 2626 credant
3167 2568 3616 2641 Providentiam,

2024 2673 2151 2713 cum
2181 2658 2373 2714 vident
2405 2660 2462 2713 in
2496 2660 2752 2730 praesenti
2787 2663 2945 2717 bonis
2978 2670 3033 2718 et
3065 2664 3224 2719 malis
3256 2665 3330 2719 ita
3367 2665 3523 2733 fleri,
3559 2678 3619 2721 ut

2025 2760 2314 2807 merentur
2345 2769 2359 2805 :
2390 2752 2482 2807 alii
2518 2753 2758 2809 vicissim
2790 2770 2900 2810 non
2934 2756 3166 2812 credant
3194 2754 3265 2812 ob
3300 2757 3452 2813 hisce
3484 2773 3619 2813 cono

2026 2845 2217 2899 traria.
3256 2904 3262 2909 .

2095 2936 2184 2992 67.
2227 2936 2383 3004 Quod
2414 2940 2617 3010 saepius
2646 2942 2828 2996 solent
2862 2951 2985 3013 post
3016 2940 3286 2998 maximas
3316 2959 3408 2998 res
3435 2954 3618 3013 gestas

2025 3036 2081 3083 et
2114 3029 2389 3085 fortunam
2430 3033 2863 3101 pulcherrimam
2901 3025 3039 3090 mira
3075 3037 3385 3091 mutatione
3421 3037 3622 3092 celeri-

334 3130 783 3201 δυσπραγήματα
836 3125 1054 3198 χαλεπὰ
1111 3126 1208 3180 καὶ
1270 3125 1440 3195 μηδὲν
1495 3117 1660 3195 ἧττον
1713 3124 1916 3176 ἀνυπο-

2064 3135 2108 3174 zr
2132 3122 2289 3193 sequi
2318 3122 2626 3179 infortunia
2650 3126 2974 3187 gravissima
2996 3136 3055 3183 et
3080 3142 3189 3183 non
3219 3129 3405 3186 minus
3434 3129 3618 3200 inspe-

333 3225 523 3280 γόητα.

394 3241 659 3388 ἸἐξιίῖὊίεει
703 3313 805 3368 οὐκ
838 3312 990 3366 ἔστιν
1034 3312 1173 3376 ὅλως
1215 3311 1275 3365 ἐν
1329 3308 1642 3380 ἀνθρώποις
1673 3308 1919 3379 ὁμοφρο-

332 3424 491 3463 cum.

405 3426 503 3564 £2".
536 3497 665 3551 Ὅτι
696 3495 834 3551 πολὺ
875 3492 1094 3549 νοσοῦσι
1117 3492 1241 3554 ταῖς
1273 3489 1676 3562 προσπαθείαις
1703 3488 1917 3559 ἄνθρω-

331 3608 449 3657 ποι,
480 3592 578 3645 καὶ
610 3589 714 3644 οὐκ
743 3587 920 3659 ὀρθῶς
951 3586 1176 3657 ὁρῶσιν.

404 3690 468 3738 ο’.
503 3685 627 3737 Ὅτι
678 3684 929 3753 χρήσιμα
984 3679 1056 3732 τὰ
1112 3682 1177 3731 ἐκ
1219 3677 1316 3730 τοῦ
1378 3675 1771 3748 μαθηματικοῦ
1823 3677 1919 3730 καὶ

330 3775 713 3848 γεωμετρικοῦ
746 3777 847 3845 τῆς
895 3771 1217 3840 φιλοσοφίας
1247 3771 1425 3834 εἴδους
1454 3770 1543 3823 διὰ
1576 3770 1647 3823 τά
1694 3787 1754 3823 τε
1781 3769 1918 3823 ᾶ)λα

332 3870 564 3925 πλεῖστα
591 3868 670 3938 τῷ
699 3866 800 3937 βίῳ
820 3872 912 3919 καὶ
938 3864 1029 3917 διὰ
1058 3864 1126 3917 τὰ
1158 3863 1266 3917 τῶν
1299 3864 1623 3934 μηχανικῶν
1648 3862 1809 3934 ἔργα.

403 4051 507 4110 οα’.
540 4054 614 4106 [lc
624 4052 679 4123 ρὶ
708 4051 1082 4119 Πλουτάρχου.

404 4145 507 4216 οβ’.
542 4144 758 4217 Θεωρία
787 4145 867 4205 εἰς
895 4144 954 4194 τὸ
980 4141 1134 4206 ἔπος,
1171 4141 1256 4205 τὸ,
1305 4140 1465 4195 Adae
1491 4138 1753 4204 βιώσας.

404 4331 507 4395 ογ’.
541 4325 605 4380 El
641 4324 1010 4393 προσίσταται
1040 4320 1119 4391 τῷ
1144 4319 1547 4391 Χριστιανικῶς
1579 4320 1680 4391 ζῇν
1724 4319 1786 4372 τὸ
1822 4336 1921 4387 με·

2023 3220 2161 3267 rata.

2092 3304 2181 3358 68.
2224 3305 2381 3373 Quod
2413 3309 2644 3364 omnino
2676 3326 2787 3365 non
2819 3322 2905 3366 est
2936 3304 3082 3366 inter
3112 3311 3367 3368 homines
3401 3314 3616 3369 animo-

2023 3414 2146 3451 rum
2177 3409 2235 3453 et
2263 3400 2592 3469 opinionum
2622 3403 2940 3458 concordia.

2096 3488 2186 3546 69.
2225 3490 2383 3559 Quod
2413 3494 2713 3563 plurimum
2741 3494 2997 3551 laborant
3024 3495 3276 3553 homines
3300 3497 3616 3565 affectibus,

2024 3599 2125 3639 nec
2150 3586 2284 3640 satis
2316 3596 2464 3643 recte
2489 3587 2700 3643 vident.

2094 3675 2182 3730 70.
2223 3676 2380 3743 Quod
2429 3694 2496 3734 ex
2546 3682 2929 3739 mathematica
2978 3693 3031 3739 et
3078 3686 3413 3755 geometrica
3463 3696 3618 3757 parte

2023 3768 2390 3841 philosophiae
2424 3773 2694 3830 utilitates
2723 3776 2974 3845 plurima:
3008 3778 3326 3833 redundent
3360 3779 3413 3833 in
3447 3782 3616 3833 vitam

2023 3862 2321 3918 humanam
2346 3906 2361 3930 ,
2395 3874 2511 3920 tum
2543 3866 2686 3930 aliae,
2715 3877 2833 3923 tum
2864 3884 2987 3941 quae
3016 3870 3074 3924 in
3106 3873 3372 3940 operibus
3401 3873 3622 3927 mecha-

2022 3957 2164 4013 nicis
2190 3959 2635 4028 conspiciuntur.

2096 4050 2184 4105 7i.
2226 4051 2302 4106 De
2336 4052 2653 4109 Plutarcho.

2095 4146 2184 4198 72.
2228 4143 2536 4214 Disputatio
2577 4145 2647 4202 de
2688 4144 2840 4204 dicto
2882 4165 2899 4203 :
2944 4149 3048 4216 Qui
3092 4150 3219 4207 bene
3264 4151 3444 4218 latuit,
3490 4153 3620 4207 bene

2022 4238 2171 4295 vixit.

2096 4331 2185 4386 75.
2223 4331 2369 4386 Num
2407 4332 2741 4390 Christianas
2777 4336 2903 4391 vita:
2941 4347 3209 4409 repugnet
3246 4340 3433 4396 vivere
3473 4341 3619 4396 inter

330 4421 406 4473 τὰ
429 4418 640 4472 πολλῶν
670 4416 770 4487 ζῇν
808 4417 901 4471 καὶ
934 4418 992 4467 ὲν
1044 4414 1263 4487 πολλοῖς
1300 4415 1592 4485 πράγμασι
1646 4413 1767 4483 ζῇν.
1794 4411 1919 4484 [75-

2068 4424 2232 4480 tultos
2262 4434 2322 4480 et
2350 4427 2538 4483 multis
2570 4428 2913 4500 implicatum
2943 4446 3065 4487 esse
3094 4434 3351 4503 negotiis.

333 4515 399 4569 81
442 4512 629 4567 omisit
671 4509 780 4582 BL]

404 4605 496 4659 οόν.
532 4605 655 4658 Ὅτι
676 4603 738 4655 τὸ
768 4604 844 4672 μὴ
877 4601 1015 4669 μετά
1036 4600 1249 4653 πολλῶν
1277 4598 1426 4669 βιοῦν
1456 4598 1801 4668 πραγμάτων
1829 4598 1920 4649 εύ-

332 4699 523 4753 κολίαν
554 4698 713 4767 φέρει
742 4698 821 4759 εἰς
848 4697 950 4762 τὴν
980 4694 1217 4764 τήρησιν
1247 4691 1355 4746 τῶν
1386 4692 1486 4761 τῆς
1518 4693 1918 4760 Χρίστιανικῆς

330 4793 619 4855 εὐσεϐείας
652 4791 921 4861 νομίμων.

406 4885 498 4941 os’.
528 4886 653 4939 Ὅτι
698 4886 794 4938 καὶ
846 4886 958 4947 τοῖς
1016 4882 1682 4953 ὲγκοινοπολιτευομένοις
1738 4881 1919 4945 ἔξεστι

334 4980 522 5042 καλῶς
556 4978 709 5050 βιοῦν
731 4982 799 5047 τῇ
825 4979 991 5049 ἀρετῇ
1021 4979 1116 5031 καὶ
1144 4978 1258 5040 τοῖς
1282 4975 1384 5045 τῆς
1420 4976 1733 5037 θεοσεόείας
1764 4973 1920 5042 νομί-

383 5087 486 5133 οις.

383 5088 433 5123 οι
470 5109 486 5124 .

336 5088 513 5226 μοξί.
554 5162 617 5214 Ei
666 5161 945 5230 γαμητέον
992 5160 1161 5219 ἐστὶν.
1202 5159 1236 5230 ἦ
1287 5159 1384 5229 μὴ,
1433 5159 1545 5220 τοῖς
1598 5156 1920 5226 ἐπιμέλειαν

333 5251 523 5322 ἔχουσι
551 5254 645 5305 καὶ
673 5252 936 5323 φροντίδα
960 5251 1060 5319 τῆς
1086 5247 1208 5303 κατ’
1245 5251 1447 5318 ἀρετὴν
1480 5247 1647 5317 ζωῆς.

404 5432 503 5498 οξ.
537 5434 662 5487 Ὅτι
697 5433 862 5487 παντὶ
887 5435 1076 5504 τρόπῳ
1109 5431 1190 5502 τῷ
1219 5429 1485 5500 πολιτικῷ
1530 5429 1918 5499 ἀντιποιητέον

326 5522 433 5591 τῆς
466 5524 714 5594 εἰρήνης.

404 5630 506 5683 οη.
537 5614 661 5667 ’Ότι
700 5616 795 5667 καὶ
841 5615 981 5686 πρὸς
1011 5614 1074 5667 τὸ
1123 5614 1384 5685 πολεμεῖν
1429 5615 1917 5684 παρασκευαστέον

329 5705 410 5776 τῷ
440 5706 724 5777 πολιτικῷ.

2097 4604 2187 4658 74.
2230 4603 2390 4671 Quod
2421 4619 2532 4658 non
2566 4605 2755 4660 multis
2784 4603 3108 4676 impeditum
3138 4606 3325 4664 vivere
3357 4611 3619 4680 negotiis,

2025 4697 2331 4752 faciliorem
2368 4699 2563 4755 reddat
2590 4698 2922 4756 Christiana:
2954 4702 3177 4770 pietatis
3210 4716 3620 4774 praeceptorum

2024 4791 2494 4846 observationem.

2100 4886 2190 4940 73.
2229 4886 2384 4953 Quod
2426 4884 2597 4940 etiam
2639 4882 3036 4955 rempublicam
3072 4890 3395 4956 gerentibus
3430 4904 3487 4944 et
3525 4907 3622 4945 ne-

2023 4978 2169 5046 gotia
2202 4979 2327 5032 vitae
2360 4980 2687 5033 curantibus
2721 4978 2995 5049 integrum
3030 4993 3152 5046 est,
3187 4982 3413 5051 probam
3448 4984 3620 5039 vitam

2024 5068 2230 5125 ducere
2258 5071 2631 5139 virtutemque
2663 5085 2726 5123 ac
2757 5071 2975 5139 pietatis
3004 5072 3189 5127 colere
3222 5088 3513 5145 praecepta.

2097 5162 2184 5217 76.
2226 5161 2384 5215 Num
2452 5163 2770 5232 coniugium
2814 5162 3117 5217 ineundum
3158 5164 3251 5230 sit,
3296 5181 3511 5233 necne,
3550 5170 3620 5225 iis

2024 5255 2226 5327 quibus
2260 5269 2408 5308 cura:
2443 5253 2710 5323 cordique
2747 5265 2834 5309 est
2869 5256 3177 5310 secundum
3215 5257 3438 5313 virtutis
3477 5276 3622 5330 pra:-

2023 5350 2293 5418 scriplum
2326 5348 2535 5402 vivere.

2095 5441 2188 5495 77.
2226 5440 2382 5507 Quod
2415 5440 2565 5495 omni
2601 5439 2768 5495 modo
2801 5456 2907 5511 pax
2940 5442 3199 5497 sectanda
3228 5443 3302 5498 sit
3330 5444 3449 5498 viro
3478 5461 3622 5499 rem-

2026 5534 2302 5602 publicam
2334 5533 2568 5602 gerenti.

2101 5622 2187 5673 78.
2230 5620 2387 5686 Quod
2426 5622 2570 5676 idem
2607 5625 2774 5679 etiam
2811 5626 2877 5681 ad
2914 5625 3120 5681 bellum
3158 5628 3462 5684 instructus
3495 5644 3621 5684 csse

2025 5710 2243 5765 debeat.
