4016 6406
489 263 594 326 943

1645 261 2065 324 TIIEODORU

2175 260 2194 317 ‘l
2211 261 2418 321 ETOC]
2429 264 2448 321 Ι
2465 263 2601 325 ΙΤΛ.
3631 262 3717 331 944

561 381 647 437 79.
693 380 924 448 Propter
955 375 1192 431 sinistrae
1226 387 1388 429 casus
1423 371 1686 438 fortunae,
1721 378 1778 427 et
1809 372 1938 442 quia
1975 386 2070 424 sa:-

2247 370 2344 426 09'.
2379 373 2502 426 Ὅτι
2534 370 2721 443 μὴδιὰ
2769 371 2864 434 τὰς
2900 371 3128 443 ἀτυχίας
3161 374 3254 426 καὶ
3288 373 3349 425 τὸ
3407 375 3579 440 κακῶς
3606 366 3726 432 uel?

487 473 613 542 pius
650 469 947 524 infeliciter
982 482 1071 521 res
1107 472 1258 535 gesta
1294 473 1408 528 est,
1450 480 1477 517 a
1519 479 1577 518 re
1610 463 1850 534 gerenda
1887 462 2072 517 deter-

487 567 597 621 reri
630 579 728 618 nos
759 578 866 617 non
896 569 1175 630 oportere.

557 660 647 714 80.
689 658 846 722 Quod
876 655 1124 726 plerique
1153 652 1608 724 philosophorum
1638 660 1694 706 et
1719 659 1936 705 tantum
1963 663 2072 702 non

486 767 682 806 omnes
714 751 767 803 in
801 748 1090 819 praeceptis
1123 747 1283 799 modo
1315 743 1597 798 tradendis
1626 743 1902 796 haeserunt
1926 778 1941 805 ,
1971 753 2075 794 nec

413 845 420 860 ¹
486 847 571 901 sui
607 858 763 898 usum
799 841 1083 911 praebuere
1113 839 1166 892 in
1199 837 1438 907 gerenda
1471 835 1776 904 republica.

555 937 645 990 81.
688 933 845 1001 Quod
889 945 1084 986 omnes
1121 929 1294 983 ferme
1330 929 1648 983 Graecorum
1689 921 1999 995 philosophi
2041 937 2072 976 a

485 1029 725 1102 gerenda
779 1026 1063 1096 republica
1109 1032 1166 1079 et
1213 1022 1468 1077 civilibus
1516 1019 1750 1090 negotiis
1794 1017 2074 1072 abstinue-

487 1134 632 1179 runt.

556 1219 644 1272 82.
690 1213 930 1283 Principi
966 1210 1202 1267 maxime
1231 1224 1351 1264 esse
1380 1207 1718 1269 curandum,
1750 1212 1810 1258 ιιι
1836 1201 1912 1258 illi
1943 1215 2076 1271 sup-

485 1318 677 1381 petant
707 1317 963 1377 sumptus
989 1304 1057 1359 ad
1088 1303 1381 1373 imperium
1412 1299 1716 1372 gerendum
1747 1294 2084 1351 necessarii.’

554 1402 641 1456 8'5.
691 1400 811 1454 Non
859 1408 1041 1452 tamen
1090 1396 1184 1449 ttni
1230 1394 1361 1448 huic
1402 1406 1549 1447 curae
1592 1389 1724 1443 dare
1767 1402 1827 1442 se
1867 1387 2073 1441 debere

485 1496 814 1564 principem,
844 1501 902 1546 ut
932 1489 1195 1561 pecunias
1222 1492 1499 1555 eorroget,
1527 1497 1707 1552 neque
1732 1479 1881 1534 omni
1910 1480 2072 1533 modo

485 1591 538 1644 in
574 1591 676 1643 hoc
705 1588 882 1642 solum
915 1580 1366 1638 elaborandum.-

552 1684 640 1736 84.
683 1679 837 1746 Quod
867 1677 990 1732 viro
1023 1671 1420 1743 rempublicam
1450 1667 1663 1741 gerenti
1696 1680 1827 1721 cura
1861 1662 2070 1732 impen-

480 1775 660 1830 denda
686 1773 758 1826 sit
783 1767 1167 1839 comparandis
1192 1766 1328 1820 citra
1356 1760 1845 1833 reprehensionem
1873 1755 2070 1825 Opibus

480 1880 643 1937 atque
672 1863 901 1920 divitiis.

550 1961 641 2014 85.
685 1958 976 2027 Indignum
1019 1967 1145 2009 esse
1181 1967 1210 2005 a
1249 1949 1370 2004 viro
1407 1944 1802 2015 rempublicam
1844 1949 2070 2011 gerente

479 2056 723 2111 animum
777 2050 846 2104 ad
900 2050 1005 2104 hoc
1059 2043 1321 2116 applicari
1381 2039 1602 2110 penitus
1639 2045 1704 2090 et
1765 2034 1956 2098 unice,
2014 2039 2070 2084 ut

478 2149 736 2201 ditescat.

551 2239 638 2294 86.
682 2234 836 2302 Quod
883 2246 1078 2286 onmes
1119 2223 1516 2299 prepemodnm
1560 2220 1813 2276 homines
1850 2215 2072 2270 divitia-

479 2348 599 2386 rum
629 2343 817 2383 atnorc
845 2326 1120 2380 ducantur

552 2426 640 2476 87.
681 2417 1086 2479 Consideratio,
1117 2414 1185 2467 ab
1212 2409 1463 2480 exemplo
1496 2408 1750 2478 repetita.
1781 2409 1848 2462 de
1877 2408 2072 2461 incon-

479 2517 680 2571 stantia
714 2527 898 2566 rcrum
929 2510 1316 2563 humanarum.

549 2611 641 2666 88.
685 2603 1068 2662 Consideratio
1109 2601 1177 2654 ab
1220 2598 1498 2668 exemplo,
1537 2597 1605 2651 de
1650 2611 1751 2650 usu
1782 2592 2073 2648 "facultatis

480 2701 844 2759 rationabilis.

550 2798 639 2854 89.
681 2790 1065 2851 Consideratio
1115 2787 1184 2843 ab
1238 2785 1530 2854 exemplo,
1582 2781 1652 2837 de
1705 2779 1963 2836 sensibus
2015 2791 2070 2834 et

481 2892 682 2945 mentis
713 2891 766 2942 in
800 2888 920 2940 illos
951 2883 1218 2938 dominio.

551 2983 639 3036 90.
681 2976 1065 3035 Consideratio
1100 2974 1168 3028 ab
1204 2971 1487 3042 exemplo,
1522 2969 1588 3024 de
1617 2966 1728 3023 vita
1763 2965 2068 3021 secundum

475 3085 745 3131 mentem.

551 3169 641 3222 9|.
684 3160 1072 3219 Consideralio
1114 3159 1181 3211 ab
1218 3155 1505 3226 exemplo,
1545 3152 1615 3208 de
1653 3151 1932 3207 contraria
1975 3165 2069 3219 ge-

476 3261 612 3315 nita:
645 3270 852 3313 naturae
885 3255 937 3308 in
973 3253 1205 3306 materia
1238 3248 1584 3319 operatione.

551 3353 639 3406 9'2.
684 3353 932 3420 Augusto
971 3345 1172 3401 Cwsari
1217 3353 1272 3398 ct
1315 3355 1512 3411 magno
1551 3337 1915 3394 Constantino
1956 3351 2070 3390 mo-

477 3445 760 3501 narcltiam
796 3452 851 3496 c-t
888 3439 1179 3510 imperium
1221 3435 1483 3491 traditum
1517 3448 1639 3487 esse
1672 3430 1962 3494 divinitus,
2011 3436 2072 3482 ut

477 3537 683 3594 Christi
717 3535 854 3589 ﬁdes
884 3533 1003 3588 sine
1032 3529 1341 3585 ell'ensione
1373 3534 1557 3596 posset
1586 3522 1903 3594 prepagari.
1933 3520 2070 3574 (Ion-

479 3632 557 3700 {cr
589 3630 752 3699 infra,
783 3641 904 3696 cap.
937 3623 1061 3678 109.

551 3721 640 3775 9'5.
683 3714 1002 3778 Adnotatio,
1039 3721 1098 3766 ut
1127 3709 1408 3764 memoria:
1436 3716 1492 3761 et
1523 3706 1706 3759 animo
1739 3720 1796 3759 se
1829 3703 2071 3758 olIerunt

479 3827 570 3866 res
597 3809 916 3865 Graecorum
944 3816 1138 3858 onmes
1166 3798 1416 3854 maximae
1440 3804 1496 3851 et
1521 3794 1754 3850 minoris
1783 3793 2067 3848 momenti.

548 3993 637 4046 94.
679 3987 835 4055 Quod
868 3985 1003 4040 utile
1033 3984 1104 4039 sit
1133 3982 1276 4039 bene
1307 3977 1600 4043 institutis,
1630 3976 1978 4047 negotiorum
2009 3990 2068 4030 se

478 4086 718 4141 molibus
762 4080 1072 4136 subducere
1116 4091 1181 4131 ac
1221 4072 1575 4138 subtrahere,
1614 4067 1871 4132 exemplo
1911 4082 2070 4122 mon—

477 4189 735 4234 stratum.

549 4273 638 4326 95.
679 4265 1065 4325 Consideratio
1093 4261 1164 4317 ab
1188 4259 1462 4330 exemplis
1495 4255 1750 4328 repetita,
1783 4253 1852 4309 de
1883 4259 2066 4307 mente

477 4374 532 4418 et
564 4376 824 4417 sensuum
857 4372 958 4414 lJSlI
970 4397 984 4411 .

547 4456 640 4510 96.
683 4456 757 4508 De
788 4447 1155 4508 democratia.

548 4549 638 4601 97.
679 4547 754 4600 De
782 4541 1156 4598 aristocratia.

549 4639 639 4693 98.
682 4639 758 4692 De
788 4651 976 4706 regno.

552 4734 638 4789 99.
681 4732 757 4785 De
788 4727 1076 4798 republica
1106 4722 1547 4780 Atheniensium.

549 4827 672 4882 100.
715 4826 791 4880 De
820 4819 1364 4878 Lacet‘laentoniorum
1399 4812 1707 4885 republica.

551 4943 673 4997 101.
718 4939 873 5007 Quod
900 4953 1010 4992 non
1038 4934 1202 4989 modo
1229 4932 1370 5004 apud
1396 4930 1637 4988 Graacos.
1662 4925 1757 4982 sed
1783 4934 1839 4981 et
1864 4925 2067 4981 multas

475 5038 616 5090 alias
647 5042 839 5104 gentes
867 5031 1075 5084 fuerint
1104 5025 1247 5096 aequi
1274 5025 1415 5097 juris
1447 5020 1796 5090 respublicze.

556 5144 675 5199 109..
718 5141 875 5208 Quod
917 5140 985 5194 ab
1024 5140 1181 5193 initio
1223 5152 1397 5208 usque
1435 5149 1628 5190 omnes
1663 5131 1837 5187 ferme
1871 5139 2064 5200 gentes

477 5241 532 5291 in
562 5237 688 5290 Asia
715 5249 827 5287 non
860 5231 1153 5286 habuerint
1183 5228 1544 5299 respublicas,
1573 5223 1669 5280 sed
1699 5223 1940 5279 dominis
1970 5238 2064 5290 pa-

475 5327 710 5381 ruerint.

548 5441 674 5494 105.
716 5437 872 5504 Quod
914 5436 1048 5491 urbs
1081 5435 1273 5492 Grmca
1307 5435 1522 5504 Cyrena
1556 5432 1614 5486 in
1650 5429 1818 5502 Libya
1855 5430 1925 5484 ab
1962 5428 2063 5483 ini-

479 5537 554 5590 tio
587 5539 791 5605 (regem
822 5531 1126 5597 habuerit).

549 5645 674 5700 104.
719 5645 793 5698 De
825 5641 1158 5711 Carthagine
1189 5649 1246 5695 et
1284 5639 1564 5708 republica
1593 5638 2055 5710 Carthaginiensi.

2177 466 2339 530 λάκις
2370 467 2634 540 πράττειν
2662 468 3042 537 ἀποτρεπτέον
3069 469 3160 523 τοῦ
3189 470 3472 540 πράττειν.

2246 657 2322 704 π’.
2367 651 2491 704 Ὀτι
2515 652 2626 704 τῶν
2669 651 2981 722 φιλοσόφων
3010 656 3058 708 οἱ
3085 655 3302 718 πλείους
3341 655 3372 726 ἢ
3398 658 3588 720 πάντες
3612 676 3716 728 σχε-

2174 743 2266 797 δὸν
2296 748 2426 815 περὶ
2479 744 2542 798 τὸ
2574 745 2757 815 λέγειν
2800 746 3084 818 διέτριψαν
3127 749 3312 817 μόνον,
3367 751 3440 819 μὴ
3481 751 3717 822 χρήσιμοι

2177 837 2464 908 γενόμενοι
2498 841 2620 900 ταῖς
2653 840 2780 908 περὶ
2817 841 2876 894 τὸ
2909 842 3190 896 πολιτικὴν
3243 843 3517 910 θεωρίαις.

2251 937 2365 984 πα¹.
2406 931 2529 984 Ὅτι
2563 932 2768 995 πάντες
2812 933 2999 1002 σχεδὸν
3048 935 3156 987 τῶν
3186 935 3245 986 ἐν
3279 935 3500 1004 Ἕλλησι
3529 936 3720 1004 φιλοσο-

2178 1021 2470 1090 φησάντων
2507 1023 2602 1077 τοῦ
2641 1025 3025 1079 πολιτεύεσθαι
3064 1028 3257 1081 καὶτὰ
3298 1028 3450 1081 κοινὰ
3488 1031 3722 1097 πράττειν

2175 1117 2282 1170 ἀπέ
2292 1134 2389 1187 στη
2399 1134 2521 1172 σαν.

2247 1208 2357 1281 πβ’.
2402 1211 2524 1265 Ὀτι
2567 1211 2930 1283 ἐπιμελητέον
2964 1210 3182 1293 βασιλεῖ
3236 1213 3472 1280 μάλιστα
3517 1214 3633 1282 περὶ
3673 1215 3720 1268 τὺ

2175 1300 2294 1374 [τοῦ
2321 1302 2432 1374 BL]
2468 1303 2790 1376 πορίζεσθαι
2821 1307 3246 1376 χρηματισμοὺς
3287 1309 3353 1375 τῇ
3380 1307 3539 1376 ἀρχῇ.

2245 1401 2357 1460 πγ’.
2388 1394 2510 1448 Ὀτι
2557 1395 2634 1465 μὴ
2671 1395 2930 1461 καθάπαξ
2981 1398 3174 1451 ἑαυτὸν
3215 1399 3399 1452 δοτέον
3422 1403 3487 1469 τῇ
3519 1397 3634 1467 περὶ
3672 1399 3721 1450 τὸ

2175 1487 2615 1555 χρηματίζεσθαι
2673 1490 2970 1561 ἐπιμελείᾳ
3019 1493 3110 1544 τὸν
3155 1493 3386 1561 βασιλέα.
3437 1494 3530 1546 καὶ
3571 1494 3720 1547 πάντα

2174 1584 2376 1652 τρόπον
2412 1581 2778 1635 σπουδαστέον
2807 1585 2889 1646 είς
2915 1585 3094 1642 τοῦτο.

2247 1673 2351 1737 πδ’,
2385 1675 2508 1728 ’Ὀτι
2540 1676 2903 1747 ἐπιμελητέον
2929 1678 3286 1748 ἀνεμεσήτως
3321 1679 3624 1748 περιουσίας
3645 1679 3720 1731 καὶ

2175 1763 2406 1818 πλούτου
2438 1766 2516 1834 τῷ
2545 1766 2826 1836 πολιτικῷ.
2860 1766 2948 1839 [Et
2980 1769 3093 1822 lucc
3125 1768 3251 1822 inde
3282 1785 3310 1822 a
3354 1770 3517 1824 83-92
3563 1769 3722 1822 omisit

2172 1857 2278 1921 BL,
2305 1869 2416 1911 tum
2443 1874 2565 1927 sqq.
2594 1873 2765 1930 usque
2793 1860 2859 1914 ad
2887 1861 2956 1914 95
2987 1861 3315 1933 contraxit.]

2244 1957 2348 2004 πε’.
2381 1952 2503 2005 ’Ότι
2533 1952 2593 2004 οὐ
2614 1952 2872 2017 καθάπαξ
2897 1953 3064 2009 παντὶ
3084 1954 3276 2024 τρόπῳ
3301 1955 3580 2026 προσέχειν
3595 1953 3720 2016 ἄξιον

2171 2045 2264 2097 τὸν
2298 2044 2423 2097 νοῦν
2461 2044 2539 2115 τῷ
2579 2045 2852 2102 πλουτεῖν.

2246 2226 2365 2284 πς¹.
2405 2221 2530 2274 ’Ότι
2562 2221 2761 2283 πάντες
2807 2220 3087 2291 ἄνθρωποι
3135 2219 3325 2290 σχεδὸν
3371 2218 3719 2288 φιλοπλ.ουτ.ας

2171 2311 2456 2381 ἥττηνται.

2243 2407 2355 2467 πζ’.
2388 2405 2604 2475 Θεωρία
2639 2405 2700 2470 ἐξ
2744 2405 3149 2477 ὑποδείγματος
3185 2406 3319 2478 περὶ
3365 2405 3462 2474 τῆς
3511 2403 3640 2457 κατὰ
3663 2402 3719 2455 τὰ

2172 2493 2492 2564 ἀνθρώπινα
2525 2496 2814 2558 ἀστασίας.

2244 2587 2360 2659 σπη’.
2394 2588 2614 2657 Θεωρία
2643 2588 2702 2654 ἐξ
2733 2589 3136 2659 ὑποδείγματος
3180 2591 3314 2660 περὶ
3351 2593 3449 2662 τῆς
3485 2589 3572 2644 τοῦ
3601 2590 3721 2657 λογι-

2173 2681 2272 2735 κοῦ
2307 2701 2338 2751 χ
2349 2683 2410 2751 ρή
2421 2699 2581 2745 σεως.

2245 2770 2358 2826 πθ’.
2391 2774 2608 2844 Θεωρία
2638 2773 2700 2839 ἐξ
2725 2773 3126 2844 ὑποδείγματως
3151 2775 3283 2847 περὶ
3315 2777 3424 2830 τῶν
3451 2775 3721 2847 αἰσθήσεων

2173 2866 2268 2917 καὶ
2296 2868 2394 2935 τῆς
2422 2867 2747 2937 κυριότητος
2776 2867 2870 2921 τοῦ
2903 2872 3042 2930 νοός.

2176 3047 2206 3111 ζ
2245 2953 2316 3059 ἰαί.
2345 2957 2560 3028 Θεωρία
2609 2958 2668 3022 ἐξ
2703 2958 3125 3029 ὑποδειγμάτων
3160 2966 3295 3032 περὶ
3328 2962 3424 3032 τῆς
3467 2959 3595 3013 κατᾶ
3618 2957 3719 3009 νοῦν

2211 3066 2344 3111 ωης.

2211 3066 2291 3117 ωη
2303 3067 2344 3109 ς.

2176 3177 2180 3182 ς
2247 3143 2353 3211 ιμ’.
2387 3145 2604 3214 Θεωρία
2652 3144 2714 3208 ἐξ
2742 3145 3144 3216 ὑποδείγματως
3175 3148 3308 3217 περὶ
3341 3147 3443 3214 τῆς
3485 3145 3613 3200 κατὰ
3639 3145 3718 3210 τὴν

2177 3233 2312 3306 ὓλην
2346 3240 2412 3307 τῇ
2446 3239 2649 3309 γενητῇ
2689 3238 2852 3306 φύσει
2884 3241 3370 3310 ὲναντιπραγείας.

2246 3325 2353 3396 ιβ’.
2393 3329 2517 3382 Ὀτι
2545 3328 2706 3382 διὰτὸ
2726 3329 3081 3401 ἀπρόσκοπον
3095 3332 3197 3402 τῆς
3221 3331 3459 3403 Χριστοῦ
3493 3332 3716 3389 πίστεως,

2175 3420 2376 3487 ἔοικεν,
2405 3420 2735 3493 ᾠκονομήθη
2775 3422 2837 3474 τὸ
2861 3422 2961 3493 τῆς
2994 3424 3301 3495 μοναρχίας
3324 3426 3520 3493 κράτος
3543 3422 3719 3487 Αὐγού-

2175 3531 2287 3584 στῳ
2313 3529 2372 3566 τε
2401 3512 2478 3583 τῷ
2509 3513 2750 3586 Καίσαρι
2772 3514 2867 3567 καὶ
2898 3513 2977 3584 τῷ
3011 3515 3240 3585 μεγάλῳ
3268 3515 3660 3584 Κωνσταντίνῳ.

2244 3703 2354 3767 ιιγ’.
2407 3697 2782 3767 Ἐπισημασία
2810 3698 2960 3761 ὅπως
2989 3699 3122 3768 ἡμῖν
3166 3699 3230 3751 ἐν
3259 3699 3449 3769 μνήμῃ
3478 3697 3563 3750 καὶ
3602 3694 3720 3761 λόγῳ

2173 3792 2240 3846 τὰ
2282 3791 2412 3862 περὶ
2445 3790 2557 3844 τῶν
2613 3789 2886 3861 Ἐλλήνων
2920 3791 3101 3848 πάντα
3137 3797 3238 3846 καὶ
3265 3792 3496 3862 μέγιστα
3525 3791 3609 3844 καὶ
3637 3789 3718 3840 ὅσα

2174 3883 2404 3954 βραχέος
2434 3881 2562 3946 ἀξια
2589 3881 2752 3950 λόγου

2241 3975 2342 4043 ιιιδό
2383 3975 2503 4028 Ὅτι
2536 3975 2811 4046 χρήσιμον
2839 3975 2954 4038 τοῖς
2983 3973 3444 4042 πεπαιδευμένοις
3471 3975 3501 4044 ή
3530 3966 3716 4038 ἀποχώ-

2174 4085 2334 4139 ρησις
2363 4068 2464 4122 καὶ
2513 4065 2837 4137 ἀποστροφὴ
2880 4065 2990 4118 τῶν
3020 4069 3387 4137 πραγμάτων,
3437 4065 3496 4131 ἐξ
3539 4058 3716 4116 ὑποδεί-

2171 4176 2404 4232 γματος.

2243 4254 2346 4317 ιιέ.
2370 4247 2586 4322 Θεωρία
2624 4247 2684 4314 ἐξ
2725 4247 3144 4317 ὑποδειγμάτων
3185 4250 3318 4320 περὶ
3369 4247 3462 4302 τοῦ
3492 4245 3598 4308 νοὸς
3639 4237 3717 4294 καὶ

2171 4342 2272 4412 τῆς
2310 4341 2420 4395 τῶν
2446 4340 2754 4411 αἰσθήσεων
2781 4342 3056 4411 χρήσεως.
3565 4366 3570 4371 ·

2089 4433 2144 4492 Ι)
2240 4441 2356 4503 ιιςλ.
2397 4435 2534 4505 Περὶ
2575 4433 2974 4503 δημοκρατίας.

2241 4527 2347 4595 ut".
2384 4527 2521 4591 Περὶ
2551 4527 2782 4597 ἀρίστοκ
2792 4525 3006 4597 ρατίας.

2239 4628 2349 4694 ιπηθ.
2391 4623 2526 4693 Περὶ
2562 4622 2861 4693 βασιλείας.
2895 4620 3127 4692 [98-102
3159 4636 3273 4675 om.
3311 4618 3408 4693 BL]

2237 4717 2344 4785 μοι.
2381 4718 2515 4786 Περὶ
2553 4717 2654 4786 τῆς
2680 4715 2986 4786 Ἀθηναίων
3017 4715 3325 4779 πολιτείας.

2239 4783 2306 4879 ῥ’.
2352 4783 2488 4879 Περὶ
2520 4783 2621 4877 τῆς
2651 4783 3102 4877 Λακεδαιμονίων
3137 4783 3432 4868 πολιτείας.

2238 4929 2343 4992 pa’.
2374 4924 2563 4986 Ὅπως
2587 4923 2650 4976 οῦ
2677 4921 2841 4992 μόνον
2868 4921 3149 4990 Ἕλληνες,
3178 4922 3317 4977 ἀλλὰ
3334 4920 3428 4974 καὶ
3449 4914 3607 4971 πολλὰ
3624 4907 3710 4963 τῶν

2166 5013 2343 5067 ἄλλων
2377 5013 2547 5067 ἐθνῶν
2580 5013 3039 5077 κοινοπολιτείαις
3074 5015 3397 5084 ἐχρήσαντο.

2240 5127 2342 5199 ρβ’.
2385 5129 2508 5181 ’Ότι
2535 5128 2595 5182 τὸ
2624 5127 2684 5192 ἐξ
2712 5128 2888 5199 ἀρχῆς
2920 5128 3139 5182 ἅπαντα
3172 5128 3358 5196 σχεδὸν
3383 5127 3449 5179 τὰ
3479 5119 3606 5177 κατὰ
3631 5113 3709 5182 τὴν

2180 5222 2365 5274 Ἀσίαν
2391 5219 2518 5291 ἔθνη
2563 5221 2626 5273 οὐ
2658 5219 3132 5288 κοινοπολιτείαις,
3172 5220 3288 5274 ἀλλ’
3322 5218 3424 5272 ὑπὸ
3466 5203 3709 5268 δεσποτῶν

2167 5312 2380 5382 ἡγοντο.

2243 5431 2345 5496 ργθ.
2381 5426 2506 5479 ’Ότι
2535 5425 2597 5479 τδ
2625 5424 2685 5490 ἐξ
2713 5424 2891 5500 ἀρχῆς
2922 5426 3150 5496 Κυρήνη
3187 5423 3429 5492 Ἑλληνὶς
3458 5420 3513 5471 ἐν
3538 5407 3706 5480 Λιὸύῃ.

2237 5633 2333 5702 Ρδ⁹ι
2369 5635 2506 5705 Περὶ
2549 5634 2900 5707 Καρχηδόνος
2931 5634 3028 5690 καὶ
3078 5635 3175 5703 τῆς
3221 5632 3340 5686 κατ’
3369 5626 3528 5696 αὐτὴν
3580 5615 3711 5673 nuit"

2162 5724 2331 5788 τείας.
