4016 6382
267 1100 306 1174 τί

328 423 432 488 945
1777 428 1939 488 NOTJ

2071 434 2117 492 l.
3311 437 3322 446 ’
3494 443 3606 506 946

403 534 500 608 με’.
535 537 670 608 Περὶ
700 537 1050 610 Καρχηδόνος
1090 537 1194 605 ἔτι,
1245 539 1337 592 καὶ
1381 538 1532 602 ὅπως
1573 538 1659 592 διὰ
1693 540 1758 592 ca
1813 533 1910 610 μὲ-

2093 543 2214 599 105.
2255 546 2331 601 De
2367 545 2694 620 Carthagine
2731 551 2956 618 iterum,
2992 554 3272 622 quomodo
3308 572 3403 624 per
3439 566 3613 610 maxi-

331 649 495 699 γιστα
547 633 899 702 εὐπραγῆσαι
931 633 1189 699 καθάπαξ
1231 631 1485 687 ἐντεῦθεν
1517 635 1549 704 ἡ
1582 633 1734 696 πῦλις
1776 633 1917 706 αὐτη

2071 650 2148 690 ias
2181 652 2268 692 res
2305 640 2574 696 secundas
2611 643 2746 698 urbs
2787 645 2873 698 illa
2909 644 3074 700 simul
3109 650 3388 717 semelque
3423 649 3610 718 periit.

332 724 522 778 ὤλετο.
557 724 822 796 [105-109
852 725 1096 780 breviter
1123 735 1374 780 recenset
1396 725 1504 798 BL]

409 821 521 886 pg".
557 818 694 888 Περὶ
735 818 834 886 τῆς
872 816 1110 888 Ῥώμης,
1152 819 1247 870 καὶ
1277 818 1422 880 ὅπως
1469 821 1532 871 ὲκ
1580 820 1792 890 μικρῶν
1823 821 1922 889 ἀρ-

2101 819 2222 874 106.
2264 820 2339 876 De
2374 821 2568 887 Roma,
2605 835 2660 876 et
2696 833 2756 878 ut
2791 839 2854 878 ex
2895 826 3076 894 parvis
3112 824 3285 881 initiis
3321 825 3374 878 in
3413 833 3617 880 tantam

333 911 446 980 χῶν
492 911 717 964 τοσοῦτο
753 911 954 982 κράτος
1000 911 1096 963 καὶ
1128 910 1359 981 μέγεθος
1399 911 1576 982 ἀρχῆς
1606 912 1726 966 κατ’
1753 913 1923 984 αὐτὴν

2071 912 2335 967 otentiam
2365 921 2422 968 et
2452 913 2672 984 imperii
2703 913 3140 985 magnitudinem
3173 916 3436 970 evaserit.

338 1000 594 1070 συνέστη.

413 1095 514 1163 ρξ’.
547 1097 684 1166 Περὶ
725 1096 922 1169 Νούμα
959 1098 1283 1169 Πομπηλίου
1339 1098 1600 1170 δευτέρου
1657 1098 1924 1170 βασιλέως

339 1188 437 1258 τῆς
481 1188 725 1259 Ῥώμης,
762 1190 860 1244 καὶ
887 1190 1037 1253 ὅπως
1069 1190 1372 1261 τηνικαῦτα
1403 1194 1549 1247 κατά
1596 1192 1792 1262 καιρὸν
1824 1191 1923 1262 βα-

343 1280 584 1334 σιλεύειν
611 1282 810 1353 ᾑρέθη.

2101 1093 2225 1148 107.
2265 1095 2344 1149 De
2369 1094 2546 1150 Numa
2573 1095 2865 1166 Pompilio,
2894 1094 3139 1151 secundo
3169 1109 3298 1164 rege
3329 1094 3538 1159 Romae,
3564 1104 3620 1148 et

2031 1187 2177 1257 quod
2207 1201 2276 1241 ex
2304 1187 2571 1257 temporis
2600 1188 2748 1242 illius
2779 1202 2879 1242 usu
2908 1187 3122 1242 electus
3151 1194 3281 1240 tunc
3309 1201 3403 1239 rex
3431 1185 3617 1240 fuerit.

413 1372 518 1444 ρη⁰.
553 1375 744 1440 Ὅπως
789 1375 1049 1445 Ῥωμαῖοι
1079 1378 1144 1431 ὲκ
1187 1378 1404 1451 μικρῶν
1432 1379 1530 1450 τὴν
1558 1379 1739 1452 ἀρχὴν
1781 1396 1929 1452 πρα-

2103 1367 2228 1424 108.
2270 1366 2562 1435 Quomodo
2600 1366 2838 1423 Romani
2879 1382 2947 1422 ex
2990 1366 3175 1437 parvis
3220 1365 3381 1421 initio
3425 1365 3618 1432 rebus,

341 1469 572 1538 γμάτων
626 1469 766 1540 μετὰ
810 1471 880 1525 τά
935 1471 1071 1542 πρὸς
1116 1471 1334 1542 Πύρρον
1387 1473 1484 1525 καὶ
1520 1471 1928 1542 Καρχηδονίους

2071 1461 2234 1516 einde
2260 1469 2386 1530 post
2415 1460 2558 1516 bella
2589 1475 2715 1516 cum
2747 1460 2959 1532 Pyrrho
2988 1469 3045 1514 et
3074 1458 3624 1528 Carthaginiensibus

342 1563 474 1632 ἑξῆς
505 1563 719 1634 πάλμια
769 1566 851 1628 είς
883 1565 1028 1634 μέγα
1057 1564 1334 1636 προῆλθον
1382 1563 1560 1635 ἀρχῆς
1593 1565 1795 1635 κράτος
1829 1564 1927 1619 καὶ

2071 1561 2182 1608 esta
2209 1554 2506 1608 maximum
2532 1553 2815 1609 consecuti
2839 1555 2948 1608 sint
2973 1551 3266 1621 imperium
3297 1553 3624 1620 potentiam-

343 1657 598 1728 φρόνημα
628 1656 820 1729 σχεδὸν
848 1656 1214 1728 παγκόσμιον.

2073 1659 2140 1699 ue
2167 1643 2481 1710 maximam,
2509 1653 2572 1698 ut
2602 1645 2772 1698 totius
2796 1644 2910 1698 fere
2938 1643 3090 1698 orbis
3119 1653 3388 1697 terrarum
3421 1642 3626 1711 princi-

2033 1748 2224 1810 patum
2251 1739 2362 1810 jam
2393 1736 2752 1807 conciperent
2781 1736 2989 1791 animo.

417 1841 516 1911 90'.
547 1841 672 1895 Ὀτι
706 1843 740 1912 ή
783 1841 1071 1913 Ῥωμαῖκὴ
1118 1841 1350 1915 μεγίστη
1384 1842 1656 1915 μοναρχία
1704 1841 1800 1897 ἐπὶ
1829 1844 1930 1915 τῆς

2107 1830 2231 1888 109.
2270 1829 2426 1897 Quod
2468 1829 2706 1884 maxima
2746 1829 2989 1883 Romana
3033 1828 3352 1882 monarchia
3392 1827 3444 1882 in
3489 1827 3623 1882 orbe

345 1907 672 2006 οἰκουμένης
710 1907 1028 1989 έοικεν-ὐπδ
1055 1907 1155 2004 ’τῆ-ς
1196 1907 1350 1999 θείας
1379 1907 1639 2006 προνοίας
1670 1907 1927 2004 γενέσθαι

2073 1923 2255 1980 idetur
2287 1923 2586 1979 constituta
2627 1922 2828 1978 divinae
2865 1922 3229 1991 providentia:
3263 1921 3522 1986 consilio,
3564 1931 3624 1974 ut

347 2029 424 2090 είς
476 2027 772 2099 εὐδρομίαν
819 2027 912 2082 τοῦ
971 2027 1348 2099 σωτηριὼδους
1394 2027 1785 2098 Χριστιανικοΰ
1841 2029 1932 2083 δό-

2071 2015 2279 2070 alutare
2321 2014 2703 2069 Christianum
2745 2011 2942 2083 dogma
2981 2020 3132 2068 tanto
3173 2011 3452 2067 faciliores
3497 2028 3626 2082 pru-

349 2135 584 2187 γματος.

2072 2123 2259 2163 ressus
2287 2107 2536 2163 haberet.

423 2210 515 2278 ρι’.
554 2212 694 2281 Περὶ
730 2212 976 2268 Σκυθῶν.

2109 2199 2234 2256 110.
2273 2201 2352 2255 De
2382 2199 2624 2272 Scythis.

421 2311 548 2372 pta'.
584 2306 706 2359 Ὅτι
737 2308 1010 2377 χρήσιμον
1041 2307 1155 2369 τοῖς
1197 2307 1326 2376 περὶ
1363 2306 1556 2376 λόγους
1598 2306 1937 2372 σπουδάζου-

352 2415 438 2451 σιν
471 2399 504 2466 ή
531 2397 661 2468 περὶ
692 2399 750 2451 τὸ
787 2398 1060 2469 ἱστορικὸν
1093 2399 1401 2468 ἐπιμέλεια.

423 2490 549 2560 ριβ’.
581 2490 718 2560 Περὶ
757 2489 852 2544 τοῦ
885 2489 1171 2562 ἀνιδρύτου
1203 2494 1298 2544 καὶ
1341 2492 1417 2562 μὴ
1441 2491 1700 2562 διαρκοῦς
1734 2494 1816 2558 είς
1843 2495 1937 2547 τέ-

351 2582 443 2646 ).ος
471 2582 583 2636 τῶν
607 2582 969 2654 ἀνθρωπίνων
995 2583 1365 2654 πραγμάτων,
1403 2585 1464 2648 ἐξ
1493 2585 1933 2656 ὑποδειγμάτων.

427 2767 552 2831 ριγ⁸.
587 2760 726 2832 Περὶ
769 2759 1061 2830 Ἑλλήνων,
1092 2761 1188 2815 καὶ
1226 2761 1308 2814 ὅτι
1351 2761 1452 2816 οὐκ
1484 2762 1637 2831 ὄγκῳ
1681 2760 1940 2832 πράξεων

356 2853 391 2924 ἢ
423 2854 591 2924 τύχης
632 2855 954 2923 περιφανεῖς
977 2849 1120 2924 ἦσαν
1157 2853 1218 2906 τὸ
1245 2853 1306 2918 ἐξ
1337 2855 1534 2924 ἀρχῆς,
1575 2852 1692 2908 ἀλλ’
1723 2854 1941 2910 ἀστειό-

359 2964 482 3016 τητι
509 2947 722 3016 φύσεως
751 2948 846 3000 καὶ
890 2945 1054 3015 ἤθους
1082 2946 1179 2998 καὶ
1202 2944 1430 3016 γνώμης
1469 2946 1740 3018 εὐγενείᾳ.

435 3123 552 3193 ριδ’.
581 3124 773 3186 Ὅπως
821 3123 966 3178 κατά
1005 3121 1199 3194 καιρὸν
1239 3122 1684 3194 Ἐπαμεινώνδας
1715 3123 1810 3178 καὶ
1837 3123 1945 3178 Πε-

357 3213 602 3279 λοπίδας,
647 3215 858 3285 ἀρίστω
905 3215 1066 3287 ἄνδρε
1090 3216 1185 3270 καὶ
1217 3214 1532 3287 στρατηγὼ,
1564 3217 1708 3270 κατὰ
1743 3216 1941 3270 ταυτὸν

357 3309 614 3376 γεγόνασι
643 3311 711 3379 τῇ
753 3308 998 3379 πατρίδι.

431 3408 548 3470 ριε’.
583 3401 849 3471 Ἔλεγχος
880 3402 961 3465 είς
990 3400 1051 3455 τὸ
1075 3402 1362 3473 ἀνίδρυτον
1390 3403 1502 3471 ςκαὶ
1529 3405 1940 3476 εὐμετάϐλητον

353 3497 464 3546 τῶν
510 3495 892 3566 ἀνθρωπίνων,
933 3495 1029 3549 καὶ
1073 3495 1177 3559 ὅτι,
1237 3498 1286 3550 εί
1319 3496 1383 3566 δή
1434 3513 1489 3550 τι
1524 3497 1675 3564 ἄλλο,
1725 3499 1823 3552 καὶ¹
1871 3499 1940 3554 τά

357 3587 499 3639 κατά
548 3587 640 3640 τὸν
697 3587 1045 3641 Ἀλκιϐιάδου
1108 3587 1288 3658 βιοτὸν
1345 3587 1506 3643 τοῦτο
1561 3589 1938 3660 παρίστησιν,

355 3677 617 3740 ὡσαύτως
649 3677 746 3730 καὶ
773 3679 840 3731 τὰ
874 3678 1016 3730 κατά
1045 3677 1136 3730 τὸν
1169 3678 1543 3750 Πολιορκητὴν
1575 3680 1940 3750 ἐπικληθέντα

354 3772 690 3841 Δημήτριον,
725 3772 806 3824 ἔτι
833 3771 889 3824 δὲ
914 3770 1011 3824 καὶ
1039 3771 1129 3823 τὸν
1165 3770 1408 3838 Εὐμενῆ.

431 3869 562 3932 ρις’.
590 3864 686 3927 El;
712 3863 774 3916 τὸ
810 3864 1044 3918 ἄστατον
1075 3863 1174 3933 τῆς
1195 3863 1388 3934 τύχης,
1423 3862 1482 3930 ἐξ
1515 3863 1939 3934 ὑποδείγματος.

428 3954 550 4025 ριζ⁹.
583 3955 800 4026 Θεωρία
857 3955 917 4022 ἑξ
969 3955 1414 4025 ὑποδειγμάτων,
1462 3957 1612 4020 ὅπως
1658 3958 1802 4020 τινὲς
1830 3957 1942 4011 άπὸ

358 4047 612 4116 μεγάλων
651 4047 906 4118 πράξεων
954 4047 1050 4100 καὶ
1091 4047 1336 4119 μεγάλης
1361 4047 1534 4118 τύχης
1581 4047 1942 4104 ἀλλάττουσιν

354 4144 435 4207 εἰς
459 4143 732 4214 ἀπραξίαν
763 4143 798 4214 ἢ
833 4143 894 4198 τὸ
927 4143 1192 4215 πράττειν
1217 4144 1514 4208 ταπεινῶς.

428 4331 554 4395 ριη⁹.
591 4325 716 4379 Ὅτι
748 4324 858 4377 τῶν
905 4323 1182 4394 ἐπιμελῶς
1215 4323 1528 4385 κτηθέντων
1555 4326 1805 4382 ἀποϐολῆ
1838 4327 1942 4382 οὐκ

356 4417 740 4488 ἀταλαίπωρος
770 4414 878 4469 οὐδ’
906 4417 1424 4488 ὲρραστωνευμένη.

2109 2292 2234 2347 111.
2277 2291 2433 2357 Quod
2459 2291 2793 2362 eloquentia:
2818 2290 3086 2347 studiosis
3112 2291 3249 2347 utile
3274 2291 3345 2349 sit
3371 2291 3632 2348 historia-

2037 2399 2160 2439 rum
2193 2383 2466 2438 studium.

2110 2476 2235 2532 112.
2278 2476 2354 2531 De
2402 2477 2570 2532 rebus
2619 2476 2876 2532 humanis
2927 2476 3251 2546 neutiquam
3307 2474 3483 2530 firmis
3533 2491 3631 2530 nc-

2040 2583 2150 2640 que
2196 2571 2253 2624 in
2295 2577 2625 2640 perpetuum
2667 2566 3071 2632 constantibus,
3113 2568 3512 2622 documentum
3561 2567 3632 2620 ab

2039 2665 2314 2734 exemplo.

2114 2758 2238 2813 “3.
2279 2756 2356 2812 De
2384 2755 2626 2819 Graecis,
2656 2763 2713 2810 et
2741 2753 2888 2824 quod
2922 2754 3083 2808 initio
3113 2769 3224 2808 non
3255 2752 3634 2822 magnitudine

2042 2865 2232 2906 rerum
2268 2857 2547 2920 gestarum
2582 2857 2678 2902 aut
2714 2847 2949 2901 fortunae
2983 2846 3230 2901 celebres
3263 2846 3644 2912 exstiterunt,,

2044 2943 2142 2998 sed
2180 2940 2454 3013 elegantia
2491 2939 2697 3010 ingenii
2735 2953 3066 3009 morumque
3095 2947 3152 2993 et
3187 2938 3501 2993 animorum
3540 2955 3634 2992 no-

2045 3034 2283 3090 bilitate.

2120 3127 2245 3182 114.
2284 3126 2441 3195 Quod
2469 3136 2783 3198 opportune
2805 3125 3000 3181 eodem
3029 3132 3276 3195 tempore
3302 3123 3494 3193 patria:
3521 3137 3636 3176 sure

2046 3221 2225 3277 exorti
2257 3220 2465 3276 fuerint
2498 3221 2668 3275 duces
2699 3219 2916 3289 virique
2949 3219 3058 3274 duo
3092 3216 3379 3273 fortissimi
3414 3215 3637 3282 Epami-

2044 3309 2258 3365 nondas
2283 3318 2340 3363 et
2368 3308 2679 3378 Pelopidas.

2112 3401 2242 3456 115.
2281 3400 2684 3456 Documentum
2723 3401 3107 3455 inconstantiae
3139 3409 3195 3456 et
3228 3402 3658 3458 vicissitudinis-

2039 3512 2230 3552 rerum
2272 3495 2666 3559 humanarum,
2701 3493 2746 3548 si
2787 3494 2936 3564 quod
2978 3495 3152 3559 aliud,
3187 3497 3531 3566 suppeditari
3579 3499 3652 3551 in.

2038 3586 2150 3642 vita
2191 3585 2512 3650 Alcibiadis,
2553 3585 2811 3640 similiter
2851 3585 2905 3638 in
2949 3585 3061 3641 vita
3103 3587 3390 3654 Demetrii,
3430 3605 3662 3660 cognitu-

2041 3687 2228 3734 mento
2256 3678 2580 3734 Poliorcetae
2606 3685 2662 3733 et
2689 3677 2973 3733 Eumenis.

2114 3857 2239 3913 116.
2281 3856 2340 3910 1η
2372 3855 2608 3912 fortunae
2638 3855 3084 3918 instabilitatem,
3114 3857 3184 3912 ab
3213 3857 3488 3927 exempto.

2114 3949 2238 4004 117.
2277 3948 2659 4004 Consideratio
2681 3949 2752 4004 ab
2775 3949 3043 4018 exemplis
3071 3951 3326 4019 repetita,
3355 3949 3654 4020 quomodo

2042 4041 2214 4112 aliqui
2239 4056 2270 4096 a
2297 4041 2510 4112 magnis
2538 4041 2705 4096 rebus
2731 4042 2901 4109 gestis
2927 4056 3234 4109 magnaque
3265 4041 3484 4096 fortuna
3516 4058 3648 4110 peu-

2042 4145 2323 4192 venerunt
2355 4136 2424 4192 ad
2459 4137 2630 4192 vitam
2668 4135 2830 4207 plane
2862 4137 3114 4192 desidem
3151 4137 3235 4191 vel
3275 4137 3505 4190 humilia
3542 4155 3640 4192 ne-

2044 4229 2215 4300 gotia.

2117 4321 2239 4378 118.
2281 4320 2439 4387 Quod
2475 4305 2936 4390 bonoruin,lqu:e
2968 4335 3092 4376 cum
3127 4337 3271 4376 cura
3294 4321 3641 4390 comparavi-

2045 4427 2206 4476 mus,
2241 4413 2454 4483 jactura
2493 4427 2598 4468 nec
2635 4414 2836 4468 misera
2876 4427 2980 4467 nec
3016 4413 3247 4480 ignavia:
3284 4429 3504 4494 semper
3539 4415 3641 4466 tri-

2047 4504 2268 4560 buenda
2299 4504 2390 4559 sit.

433 4593 556 4661 ptO'.
595 4593 718 4646 ’Ότι
769 4592 870 4646 οὐκ
907 4578 1140 4646 ἔστιν’ὲν
1185 4591 1499 4663 ἀνθρώποις
1531 4593 1590 4659 ἐξ
1641 4595 1821 4666 ἀρχῆς
1861 4598 1939 4662 είς

2120 4599 2244 4654 119.
2285 4597 2443 4666 Quod
2484 4613 2594 4654 non
2631 4599 2906 4672 contingit
2949 4600 3264 4656 hominibus
3303 4599 3370 4652 ab
3409 4597 3642 4652 exordio

355 4687 510 4749 τέλος
537 4685 630 4739 τοῦ
687 4685 802 4756 βίου
846 4685 1087 4755 ἄκρατος
1132 4685 1362 4756 ἀνιαροῦ
1410 4702 1558 4749 τινος
1601 4687 1944 4759 εὐδαιμονία,

357 4782 456 4831 καὶ
497 4779 578 4832 ὅτι
616 4779 696 4831 δεῖ
741 4779 839 4840 τὰς
865 4778 974 4831 τῶν
1027 4777 1284 4848 μεγάλων
1328 4779 1594 4851 εὐτυχιῶν
1638 4781 1946 4838 ὑποϐλέπε-

359 4875 483 4924 alia:
518 4871 840 4941 μεταϐολάς.

433 4962 536 5035 ρκ’.
569 4965 758 5027 Ὅπως
807 4963 992 5016 πολλοὶ
1048 4963 1157 5015 τῶν
1209 4962 1520 5034 ἀνθρώπων
1565 4966 1943 5038 ἀνεπιστήμο-

357 5056 449 5116 νές
484 5055 551 5124 (δ)
588 5056 728 5107 είσιν
763 5055 839 5119 ὡς
883 5055 1100 5127 ἀληθῶς
1129 5055 1232 5126 τῆς
1277 5055 1372 5110 τοῦ
1423 5056 1544 5127 βίου
1577 5058 1852 5131 χρήσεως,
1884 5059 1946 5126 ἐξ

360 5148 394 5201 ὑ
404 5148 522 5200 ποδε
531 5169 544 5200 ι
553 5165 585 5217 γ
591 5151 800 5218 μάτων.

2043 4690 2114 4745 ad
2148 4690 2310 4746 finem
2344 4706 2519 4762 usque
2544 4694 2674 4747 vitm
2705 4693 2919 4748 sincera
2951 4693 3070 4746 sine
3101 4693 3250 4745 omni
3283 4693 3435 4746 luctu
3468 4691 3642 4744 fclici-

2044 4794 2149 4846 tas,
2181 4793 2237 4840 et
2266 4785 2412 4855 quod
2447 4801 2768 4857 magnarum
2803 4801 2987 4841 rerum
3017 4786 3384 4840 secundarum
3419 4783 3638 4839 vicissi-

2051 4876 2274 4932 tudines
2303 4893 2367 4932 ac
2394 4877 2734 4932 mutationes
2759 4887 2980 4947 oportet
3008 4876 3302 4947 suspicari.

2125 4969 2246 5024 120.
2288 4968 2445 5035 Quod
2479 4971 2637 5024 multi
2672 4970 2958 5025 hominum
2989 4971 3106 5025 veri
3138 4971 3264 5026 vitae
3297 4985 3430 5024 usus
3462 4969 3638 5041 ignari

2050 5071 2108 5115 et
2142 5061 2384 5131 imperiti
2423 5061 2558 5127 sint,
2596 5063 2976 5132 exemplorum
3016 5063 3367 5118 documentis
3407 5061 3640 5118 demon-

2052 5163 2308 5210 stratum.
2347 5152 2609 5225 [Mt-120
2641 5154 2751 5209 titt.
2782 5154 2970 5210 omisit
3001 5154 3108 5228 BL]

434 5340 522 5394 ιν.
555 5338 829 5395 Michaelis
865 5337 1156 5411 Palwologi
1181 5338 1501 5406 epitaphium
1537 5347 1594 5394 et
1627 5337 1812 5395 Irenu
1843 5341 2118 5412 Augustin,
2155 5357 2258 5397 ms.
2292 5341 2344 5395 in
2372 5339 2518 5396 bibl.
2556 5338 2688 5411 Reg.
2724 5340 2847 5396 cod.
2877 5340 3016 5397 800.
3046 5338 3113 5395 ν.
3145 5339 3333 5416 Cangii
3370 5339 3635 5396 Familia;

356 5440 614 5508 Byzant.,
651 5455 705 5509 p.
745 5439 874 5494 236.
906 5438 1118 5507 (FABR.)
1154 5467 1220 5477 —-
1247 5435 1400 5492 Orat.
1440 5437 1495 5491 in
1519 5436 1781 5492 Basiliam
1814 5436 1910 5506 M.,
1933 5439 2165 5510 Gregor.
2207 5437 2464 5507 Theolog.
2497 5447 2552 5492 et
2586 5435 2682 5492 ιο.
2725 5437 3102 5508 (ἶιιι-γεοειοηι.
3161 5435 3200 5491 ν
3223 5476 3236 5491 .
3299 5453 3488 5507 supra,
3521 5437 3626 5494 vol.

358 5535 455 5600 IX,
517 5551 570 5607 p.
622 5536 748 5591 459.
787 5534 1004 5606 (Ιιιιιιι.)

434 5635 493 5688 γ.
545 5634 972 5688 Astrouomicam
1036 5631 1296 5688 Theodori
1343 5631 1474 5688 Met.
1528 5634 1789 5702 epitomen
1836 5633 1973 5690 citat
2017 5631 2298 5698 Usserius,
2355 5643 2486 5688 tom.
2537 5631 2576 5688 Il
2637 5633 2831 5686 Annal.
2894 5631 2960 5684 ad
3013 5646 3065 5684 a.
3117 5629 3280 5692 5979,
3341 5644 3462 5699 pag.
3504 5626 3626 5683 502.

359 5731 625 5788 Eumdem
669 5733 721 5786 in
773 5745 822 5787 c.
872 5731 941 5786 65
975 5731 1359 5802 philosophice
1392 5731 1526 5788 citat
1554 5731 1890 5801 Comnenus,
1925 5747 1975 5804 p.
2032 5731 2162 5800 255,
2201 5730 2465 5788 Prwnott.
2533 5740 2832 5802 mystagog.
2863 5757 2923 5770 -—-
2958 5726 3345 5782 Astrouomicm
3386 5724 3634 5780 introdu-

437 5906 508 5975 (s)
543 5907 614 5960 lta
667 5905 771 5976 leg.
804 5921 902 5976 pro
935 5906 1382 5980 ἐνεπιστήμονες.
