4016 6398
348 459 451 525 957
1817 470 1934 531 ΝΟἸ

2016 471 2149 531 ΙΊᾹ.
3494 464 3602 525 958

348 590 403 630 v.
431 571 593 646 uot.].
636 573 849 630 Titulus
886 584 971 632 est
1016 593 1031 630 :
1078 578 1373 649 Σύνταγμα
1422 577 1562 630 κατά
1595 578 1861 646 στοιχεῖον
1896 594 1934 629 τι

2047 576 2611 651 ἐμπεριειλημμένων
2648 574 2878 630 ἁπασῶν
2920 574 3233 629 ὑποθέσεων
3277 577 3390 638 τοῖς
3437 578 3601 643 ἱεροῖς

349 667 445 720 καὶ
504 665 672 730 θείοις
734 669 952 732 κανόσι,
1016 670 1254 741 πονηθέν
1306 685 1367 723 τε
1416 668 1534 738 ἅμα
1582 671 1677 722 καὶ
1734 669 1997 722 συντεθὲν
2051 668 2128 739 τῷ
2183 671 2242 721 ἐν
2301 668 2680 739 ίερομονάχοις
2731 667 3003 737 ἐλαχίστῳ
3043 665 3311 736 Ματθαίῳ
3362 667 3440 738 τῷ
3470 668 3607 720 Βλα-

348 758 522 828 στάρῃ
546 774 561 789 ·
594 758 889 828 Syntagma
920 760 1328 831 alphhbeticum,
1361 778 1463 830 quo
1496 760 1593 815 sub
1633 759 1826 826 titulis,
1856 760 2160 814 litterarum
2183 761 2366 814 ordine
2408 760 2648 830 digestis,
2684 776 2767 813 res
2799 775 3002 825 omnes,
3042 774 3160 829 qute
3189 760 3244 812 in
3270 759 3439 812 sacris
3475 758 3598 811 divi-

357 850 544 919 nisque
574 851 1429 923 cauonibus|compreltenduntur.
1453 853 1668 907 collatis
1695 853 1858 907 etiam
1891 852 2090 921 legibus
2121 852 2379 917 civilibus,
2400 851 2481 921 (ut
2500 850 2673 906 Alexii
2692 851 2975 915 Comneni,
2994 867 3047 919 p.
3080 850 3184 905 1ἓὸ
3209 850 3274 920 (’)
3295 866 3310 913 ;
3335 849 3608 904 Constan-

349 940 448 993 tini
489 940 998 1013 Porphyrogenetae,
1025 960 1077 1013 p.
1110 945 1239 1010 952,
1267 945 1411 1012 258;
1448 943 1690 1009 Novella,
1732 959 1786 1013 p.
1816 943 1926 1010 98;
1963 954 2019 999 et
2043 954 2191 999 tomo
2223 943 2459 1007 unionis,
2500 959 2554 1011 p.
2587 941 2693 1009 64;
2728 941 2925 997 Leonis
2963 943 3114 1013 Sap.,
3161 958 3215 1012 p.
3264 943 3356 1005 54,
3395 941 3484 1005 52,
3515 940 3609 1005 61,

347 1029 439 1095 62,
470 1030 559 1096 61,
592 1031 681 1099 66,
714 1033 803 1099 75,
830 1034 967 1102 l04;
1001 1035 1257 1104 Heraclii,
1282 1036 1461 1107 p.98;
1494 1036 1757 1094 Manuelis
1784 1035 1933 1091 Comi

2017 1036 2069 1100 ii,
2095 1036 2246 1105 p.49,
2276 1036 2373 1091 101
2400 1053 2415 1102 ;
2448 1036 2770 1099 Andronici,
2798 1050 2849 1105 p.
2884 1035 3033 1103 258;
3069 1035 3265 1101 Alexii,
3290 1049 3345 1103 ῃ.
3376 1033 3463 1098 76,
3494 1032 3603 1098 98;

349 1122 539 1177 lsaacii
573 1124 787 1194 Angeli,
818 1142 873 1196 p.
907 1126 969 1181 81
995 1145 1011 1194 ;
1050 1139 1104 1182 et
1130 1126 1424 1185 Justiniani
1464 1127 1715 1198 passim),
1743 1128 2002 1190 exposite:
2041 1136 2189 1192 sunt,
2216 1142 2272 1197 p.
2310 1127 2497 1182 1-272.
2530 1128 2592 1182 In
2621 1124 2946 1182 Praelatione
2971 1127 3220 1197 pluribus
3242 1127 3461 1182 disserit
3490 1126 3609 1179 Bla-

349 1225 529 1290 8lares
556 1215 623 1271 de
657 1218 877 1287 scriptis
906 1218 1040 1290 ipsis
1066 1229 1120 1276 et
1151 1221 1526 1288 scriptoribus,
1558 1235 1623 1275 ex
1655 1220 1851 1290 quibus
1878 1217 2175 1289 Syntagma
2200 1233 2359 1274 suum
2385 1221 2733 1275 concinnavit
2759 1237 2771 1273 :
2797 1220 2864 1273 de
2888 1220 3188 1273 canonibus
3216 1220 3607 1288 apostolorum,

354 1306 422 1359 de
455 1306 663 1377 synodo
693 1306 1129 1380 Carthaginiensi
1159 1314 1260 1367 sub
1290 1312 1349 1368 S.
1384 1314 1676 1384 Cypriano,
1700 1312 1768 1367 de
1801 1311 2059 1383 Dionysio
2079 1313 2239 1367 Alex.
2272 1310 2426 1380 cujus
2457 1312 2742 1383 epistolam
2782 1312 2849 1366 ad
2886 1309 3155 1366 Novatum
3183 1312 3369 1381 presb.
3407 1310 3609 1366 Roma-

358 1412 488 1451 num
548 1397 744 1465 all‘ert;
806 1401 875 1456 de
950 1406 1158 1474 synodo
1196 1406 1560 1472 Antiochena,
1614 1405 1682 1459 de
1744 1404 1891 1459 Petri
1930 1403 2089 1458 Alex.
2129 1404 2467 1471 canonibus;
2540 1405 2610 1458 de
2681 1405 2904 1474 synodis
2948 1403 3261 1474 Ancyram,
3328 1403 3613 1459 Neoc'nsa-

350 1490 542 1555 riensi,
569 1491 809 1560 Nicena,
832 1497 1174 1553 Antiochena
1215 1502 1487 1567 secunda,
1514 1500 1848 1566 Sardicensi,
1885 1499 2218 1566 Laodicena;
2251 1500 2321 1555 de
2356 1502 2656 1556 canonibus
2695 1501 2793 1556 SS.
2837 1502 3148 1565 Athanasii,
3186 1503 3370 1556 Basilii
3407 1502 3608 1571 Magni,

350 1580 597 1653 Gregorii
627 1584 891 1657 Nysseni;
929 1590 995 1645 de
1027 1592 1231 1662 synodo
1263 1591 1566 1663 Gangrensi
1605 1602 1657 1648 et
1684 1592 1791 1648 (ΞΡ.
1818 1593 1936 1648 sive
1974 1594 2207 1647 secunda
2243 1594 2615 1660 tecumenica;
2662 1597 2727 1649 de
2772 1595 3075 1648 canonibus
3119 1594 3217 1649 SS.
3253 1593 3520 1649 Timothei
3556 1609 3611 1648 (ιι

350 1676 539 1744 t‘yrilli
560 1678 1094 1753 Alexandrinorum;
1126 1684 1194 1740 de
1222 1686 1432 1756 synodo
1460 1685 1727 1756 Ephesius
1759 1687 1878 1741 sive
1906 1686 2246 1751 tecuinenicu
2274 1686 2452 1752 tertia,
2481 1702 2693 1741 necnon
2725 1686 3187 1757 Carthaginiensi,
3224 1697 3280 1742 et
3306 1686 3609 1742 Chalcedo-

352 1769 508 1823 nensi
539 1770 653 1825 sive
690 1774 1027 1829 meumenica
1056 1787 1293 1845 quarta;
1342 1780 1408 1831 de
1447 1778 1506 1835 S.
1545 1776 1825 1834 Gennadio
1858 1778 1989 1842 (19.,
2025 1778 2093 1832 de
2129 1778 2340 1847 synodo
2378 1780 2716 1835 (’ecumenica
2752 1781 2963 1848 quinta,
3011 1789 3296 1849 sextaque,
3345 1795 3444 1835 nec
3497 1793 3607 1833 non

352 1860 660 1927 quinisexta
694 1862 749 1918 in
786 1864 1009 1933 Trullo;
1041 1869 1106 1923 de
1135 1869 1338 1934 synodo
1370 1870 1599 1939 septima
1636 1870 2112 1925 mcutnenicssive
2140 1869 2356 1924 Nicana
2381 1872 2620 1926 secunda
2646 1889 2660 1937 ;
2692 1872 2761 1926 de
2792 1872 2850 1925 S.
2881 1872 3107 1925 Tarasio
3141 1871 3274 1934 Cl’.,
3305 1871 3373 1926 de
3401 1871 3608 1941 synodo

354 1953 771 2021 primosecunda
806 1954 948 2023 CP.;
991 1959 1059 2013 de
1115 1960 1325 2032 synodo
1359 1962 1460 2016 sub
1489 1961 1717 2028 Photio;
1747 1973 1803 2017 ct
1836 1964 1902 2016 de
1924 1961 2178 2017 civilibus
2219 1961 2429 2030 legibus
2461 1977 2756 2031 eorumque
2784 1964 2992 2032 origine
3022 1973 3076 2017 et
3102 1964 3510 2018 constitutione.
3554 1962 3610 2015 In

354 2056 517 2110 opere
552 2044 668 2114 ipso
709 2046 853 2101 inter
890 2050 994 2103 alia
1025 2051 1093 2105 de
1121 2053 1392 2108 haereticis
1429 2069 1480 2123 p.
1524 2054 1675 2120 7-17,
1711 2055 2018 2109 disseritur.
2051 2052 2321 2109 Prteterea
2358 2053 2594 2109 citantur
2625 2059 2948 2123 quandoque
2981 2058 3150 2111 etiam
3198 2056 3497 2122 scriptores
3523 2055 3612 2109 alii
3704 2040 3709 2044 ’

358 2146 555 2203 preter
581 2137 695 2201 jam
725 2142 1058 2208 nominatos,
1094 2152 1151 2198 ut
1180 2143 1472 2210 Homerus,
1509 2162 1563 2215 p.
1591 2147 1697 2213 l7;
1727 2145 1999 2217 Joseplius
2021 2154 2073 2200 ct
2101 2144 2277 2209 Philo,
2313 2162 2367 2215 ιι.
2400 2145 2497 2201 201
2531 2164 2547 2213 ;
2580 2145 2811 2202 Isidorus
2839 2148 3043 2207 Pelus..
3069 2163 3121 2216 p.
3154 2148 3261 2201 9.53
3289 2165 3305 2213 ;
3356 2146 3609 2211 Pliotius,

360 2228 674 2295 patriarcha
698 2240 754 2286 et
784 2231 1104 2291 Theodorus
1126 2236 1365 2303 Studita,
1391 2254 1443 2308 p.
1474 2240 1611 2304 109;
1638 2239 1946 2294 Theodorus

2025 2240 2136 2303 iro,
2166 2239 2233 2294 de
2256 2239 2518 2294 miraculo
2539 2239 2836 2300 κολλύεων,
2870 2256 2922 2309 ι).
2948 2239 3085 2304 240;
3119 2238 3379 2304 Zonaras,
3407 2255 3458 2308 p.
3489 2240 3611 2304 tu,

352 2320 495 2386 254;
524 2321 835 2392 Balsamon,
867 2342 923 2398 p.
956 2328 1049 2397 56,
1083 2330 1171 2391 76.
1214 2331 1309 2399 77;
1348 2331 1552 2386 Eccles.
1598 2331 1769 2397 Hist.,
1805 2348 1855 2401 p.
1893 2332 2040 2399 138;
2076 2332 2522 2400 Chrysostomus,
2564 2348 2619 2401 p.
2649 2332 2789 2396 252;
2843 2331 2880 2383 ll
2927 2333 2992 2385 ad
3036 2332 3379 2386 Theodorum
3425 2331 3611 2400 epist.,

354 2429 411 2483 p.
443 2414 578 2481 195;
612 2416 667 2471 in
693 2416 1028 2487 Matthteum,
1062 2437 1115 2493 p.
1153 2423 1278 2487 15%,
1303 2424 1448 2490 2l8;
1488 2425 1705 2479 homilia
1737 2426 1829 2485 21,
1866 2426 1937 2477 ηε

2029 2425 2387 2493 ἀνδριάντων,
2416 2434 2471 2480 et
2501 2425 2534 2480 6
2568 2424 2773 2480 Contra
2801 2424 3040 2488 Judteos,
3073 2440 3127 2491 p.
3160 2424 3298 2487 175;
3333 2423 3375 2477 ll
3406 2423 3473 2477 de
3525 2438 3615 2477 sa-

352 2506 598 2564 cerdotio
632 2524 686 2581 p.
720 2511 843 2577 179,
875 2512 928 2568 in
958 2515 1090 2569 Acta
1121 2531 1174 2585 p.
1204 2516 1294 2583 95,
1325 2520 1378 2570 in
1409 2517 1582 2586 Epist.
1620 2518 1687 2572 ad
1723 2517 1971 2572 Thessal.
2009 2533 2061 2586 p.
2110 2518 2232 2585 111,
2278 2515 2577 2589 Gregorius
2621 2517 2781 2584 Naz.,
2831 2531 2883 2586 p.
2924 2518 3016 2583 63,
3061 2517 3146 2583 7|,
3191 2515 3330 2581 l06;
3378 2515 3614 2587 Cyrillus

357 2596 513 2653 Alex.
550 2600 604 2655 in
658 2602 877 2671 Isaiam,
920 2620 974 2674 p.
1010 2606 1151 2673 HQ;
1185 2608 1546 2676 Paphnutius,
1601 2611 1654 2663 in
1695 2609 1929 2665 concilio

2162 2626 2214 2678 p.
2256 2609 2358 2676 60;
2412 2619 2583 2679 poetae
2634 2611 2837 2663 dictum
2888 2608 3106 2677 γυναιξὶ
3156 2608 3360 2677 κόσμον
3407 2608 3440 2678 ἡ
3485 2606 3614 2676 σιγὴ
3716 2648 3722 2655 .

357 2689 541 2762 φέρει,
577 2706 632 2762 p.
664 2694 762 2761 85;
786 2695 1071 2755 Chumnus
1104 2700 1629 2767 Thessalonicensis,
1654 2718 1707 2771 p.
1740 2703 1832 2765 48,
1869 2700 2075 2768 51;.10.
2110 2701 2417 2765 Nesteutes,
2446 2716 2502 2772 p.
2534 2701 2626 2766 35,
2661 2701 2795 2766 l6i;
2827 2701 3154 2771 patriarchae
3186 2700 3294 2755 CP.
3327 2699 3527 2763 Lucas,
3559 2713 3610 2767 τι.

361 2782 453 2850 46,
501 2783 592 2852 99,
625 2786 751 2854 166,
780 2789 917 2855 178;
949 2790 1230 2858 Nicolaus,
1278 2809 1332 2863 p.
1375 2795 1467 2860 l9,
1492 2793 1633 2862 269;
1666 2795 1947 2849 Cbliarent

2066 2810 2118 2863 p.
2163 2793 2298 2860 172;
2332 2793 2442 2849 Leo
2471 2793 2660 2864 Stypa,
2712 2810 2763 2862 ι).
2809 2792 2915 2858 50,
2957 2793 3058 2858 51;
3108 2791 3350 2855 Alexius,
3381 2805 3436 2858 p.
3463 2789 3609 2853 232;

359 2878 710 2950 Athanasius,
732 2898 787 2953 p.
816 2885 960 2952 258;
995 2886 1247 2954 Michael,
1276 2905 1327 2959 p.
1357 2889 1486 2957 264,
1511 2890 1653 2957 269;
1679 2889 2016 2957 Themistus,
2039 2905 2094 2960 p.
2125 2890 2212 2946 Β.
2232 2890 2349 2945 Non
2380 2889 2497 2944 sine
2528 2890 2687 2943 laude
2716 2889 2903 2954 etiam,
2930 2903 2981 2958 p.
3007 2888 3098 2953 57,
3125 2885 3367 2941 meminit
3392 2886 3617 2955 Symeo-

361 2971 449 3027 nis
477 2972 859 3044 Metaphrastae
891 2979 976 3034 his
1021 2982 1201 3037 verbis
1232 2999 1248 3038 :
1281 2983 1454 3037 Πόσον
1484 2983 1668 3037 τοίνυν
1697 2983 1848 3051 ἄξιον
1877 2983 1945 3036 ἂν

2027 2983 2070 3054 Γη
2102 2982 2461 3053 μακαρισμοῦ
2497 2984 2525 3034 ό
2551 2982 2856 3051 Θαυμάσιος
2897 2978 3126 3050 Συμεὼν
3172 2981 3199 3032 ό
3236 2977 3297 3030 sb
3331 2976 3613 3030 καλεῖσθαι

357 3066 764 3143 Μεταφραστὴς
800 3074 1168 3146 διαφερόντως
1214 3078 1327 3132 τῶν
1365 3079 1543 3134 ἄλλων
1584 3079 2058 3150 ἀπενεγκάμενος,
2090 3079 2120 3131 ό
2155 3082 2218 3151 τῇ
2263 3078 2484 3149 δπινοίᾳ
2520 3077 2618 3131 τοῦ
2657 3078 2816 3146 ἁγίου
2851 3077 3177 3145 Πνεῦματος
3207 3074 3278 3127 τὰ
3306 3072 3417 3126 τῶν
3445 3072 3617 3139 ἁγίων

362 3161 664 3234 μαρτύρων
691 3165 834 3237 ὑπὲρ
855 3167 1117 3241 ἀληθείας
1144 3171 1449 3243 σκάμματα
1480 3172 1699 3237 πολλοῖς
1721 3172 1907 3244 ἱδρῶσι
1935 3173 2030 3226 καὶ
2059 3172 2246 3233 πόνοις
2270 3170 2751 3242 συγγραψάμενος,
2778 3171 2872 3223 καὶ
2894 3169 3123 3240 δυνάμει
3150 3167 3310 3231 λόγου
3334 3165 3431 3219 καὶ
3453 3164 3617 3233 σοφίᾳ

358 3253 633 3321 καλλύνας
658 3259 741 3322 είς
769 3258 942 3331 ὕμνον
969 3261 1063 3314 τοῦ
1094 3263 1302 3337 Κυρίου
1326 3264 1487 3335 ἡμῶν
1527 3264 1706 3336 Ἰησοῦ
1735 3263 1998 3336 Χριστοῦ,
2029 3265 2123 3319 καὶ
2148 3263 2308 3331 δόξαν
2339 3263 2753 3328 διαιωνίξουσαν
2784 3262 2891 3316 τῶν
2916 3262 3057 3332 ὑπὲρ
3082 3259 3252 3313 αὐτοῦ
3288 3255 3616 3328 ἡγωνισμέ-

362 3362 469 3402 ιων
504 3349 677 3417 ἁγίων
709 3355 1021 3424 μαρτύρων,
1045 3354 1139 3409 καὶ
1171 3357 1282 3409 πᾶν
1309 3355 1568 3421 δυσσεϐὲς
1617 3357 1944 3429 ἀπορράψας
1992 3358 2190 3428 στόμα,
2225 3356 2319 3409 καὶ
2360 3355 2484 3427 μηδ’
2514 3354 2798 3426 ἡντιναοῦν
2837 3354 3112 3424 πρόφασιν
3147 3348 3476 3422 ἀμφιϐολίας
3504 3348 3618 3408 τοῖς

359 3438 612 3495 εὐσεϐέσι
637 3444 951 3497 καταλιπών
976 3460 992 3477 ·
1026 3447 1256 3512 Quanta:
1285 3448 1449 3517 igitur
1476 3448 1744 3504 beatitatis
1771 3450 2153 3520 prtedlcatione
2184 3449 2373 3520 dignus
2405 3458 2481 3503 est
2516 3446 2868 3501 admirandus
2898 3446 2988 3500 ille
3023 3443 3271 3515 Symeon,
3305 3442 3399 3511 qui
3440 3437 3617 3492 Heta-

364 3531 602 3598 pbrastes
632 3535 742 3589 dici
776 3538 980 3607 egregie
1021 3554 1132 3607 pra:
1165 3540 1287 3594 aliis
1313 3542 1527 3607 meruit,
1562 3543 1655 3613 qui
1684 3545 1855 3597 sancti
1888 3541 2122 3613 Spiritus
2165 3543 2535 3612 inspiratione,
2566 3552 2869 3597 sanctorum
2920 3550 3218 3609 martyrum
3264 3551 3358 3605 pro
3399 3534 3618 3588 veritate

361 3625 653 3679 certamina
681 3644 787 3681 non
818 3629 933 3683 sine
958 3629 1140 3685 multis
1163 3632 1445 3688 sudoribus
1476 3644 1525 3689 et
1546 3634 1819 3689 laboribus
1848 3636 2180 3707 conscripsit,
2218 3645 2267 3691 et
2303 3652 2541 3702 nervose,
2570 3637 2892 3706 eloquenter,
2922 3633 3287 3704 sapienterque
3318 3625 3616 3688 exornavit,

364 3717 435 3769 ad
474 3717 685 3775 laudem
735 3721 947 3777 Domini
989 3725 1158 3779 nostri
1203 3725 1333 3781 Jesu
1375 3726 1597 3795 Christi,
1629 3738 1678 3783 et
1707 3739 2011 3785 sanctorum
2039 3742 2356 3801 martyrum,
2387 3731 2475 3800 qui
2500 3747 2596 3800 pro
2626 3746 2686 3784 eo
2713 3728 3002 3783 certamina
3042 3725 3306 3784 obierunt,
3340 3735 3619 3790 perennem

361 3809 589 3877 gloriam
619 3826 638 3866 :
667 3815 858 3883 quique
883 3832 1033 3871 omne
1061 3833 1118 3873 os
1143 3817 1365 3887 impium
1389 3822 1677 3890 obturavit,
1704 3832 1754 3876 et
1781 3821 1882 3890 piis
1909 3820 2112 3876 nullum
2135 3823 2347 3878 omnino
2365 3820 2641 3877 dubitandi
2671 3829 2984 3889 prtetextum
3009 3815 3243 3886 reliquit.
3270 3815 3507 3869 Secutus
3536 3820 3621 3866 est

363 3902 638 3959 Blastares
667 3906 1073 3978 Balsamonem,
1105 3911 1260 3980 cujus
1287 3912 1401 3969 haec
1427 3923 1554 3970 sunt
1578 3916 1643 3969 ad
1676 3930 1797 3970 can.
1837 3913 1907 3970 65
1937 3913 1949 3967 '.

2034 3914 2211 3970 illam:
2248 3916 2426 3986 Χάρις
2459 3913 2537 3984 τῷ
2566 3912 2846 3984 μακαρίτῃ
2880 3909 3254 3979 Μεταφραστῇ
3273 3905 3352 3977 τῷ
3379 3905 3447 3959 τὰ
3481 3920 3620 3974 μαρ-

359 3994 563 4062 τυρικὰ
589 3995 731 4068 ὑπὲρ
760 3999 862 4069 τῆς
892 4001 1154 4071 ἀληθείας
1181 4005 1490 4078 σκάμματα
1517 4007 1733 4071 πολλοῖς
1768 4006 1953 4069 πόνοις
1986 4006 2083 4059 καὶ
2117 4006 2306 4077 ἱδρῶσι
2338 4005 2813 4061 κατακαλλύναντι
2844 4004 2925 4062 είς
2955 4002 3125 4073 ὕμνον
3160 3999 3296 4055 Θεοῦ
3335 3999 3431 4052 καὶ
3460 3997 3620 4061 δόξαν

364 4085 733 4150 αίωνίζουσαν
762 4092 872 4147 τῶν
903 4094 1099 4163 ἁγίων.
1125 4094 1389 4156 Addenda
1410 4101 1525 4156 haec
1547 4100 1673 4156 aliis
1688 4100 1919 4155 aliorum

364 4186 421 4233 ct
450 4178 556 4236 vol.
592 4180 664 4236 X.
691 4199 743 4236 n.
782 4186 887 4236 180
921 4204 1038 4236 sm-

2044 4099 2412 4169 Metaphraste
2435 4099 2786 4163 testimoniis,
2812 4113 2933 4166 qua:
2955 4096 3112 4151 attuli
3143 4094 3252 4151 vol.
3277 4089 3414 4158 Vill,
3439 4107 3491 4163 p.
3517 4090 3616 4156 29;

363 4186 421 4233 ct
450 4186 556 4236 vol.
593 4186 664 4249 X,
691 4199 743 4254 p.
782 4186 887 4242 l80
921 4204 1038 4260 seq.

425 4383 491 4449 Γ)
516 4389 724 4450 t’aglnas
756 4386 984 4453 intelligo
1014 4389 1249 4441 editionis
1272 4390 1536 4455 Beveregii
1562 4332 1683 4455 qlias
1716 4391 1935 4442 numeris
1964 4389 2308 4455 grandioribus
2333 4389 2379 4440 in
2408 4396 2549 4440 textu
2574 4390 2747 4441 Latino
2770 4388 3126 4452 expressimus.
