4016 6448
369 269 471 332 91

1781 285 2205 352 ΡῐῖίΕΕΑΤΙΟ.

3524 298 3632 363 9θὲ

366 386 436 437 τΞι
471 385 776 453 φθάσαντα.
812 388 972 444 Ἀλλά
1003 391 1168 455 λύκος
1199 390 1380 463 ὤφθη,
1407 393 1467 446 τὸ
1504 394 1599 448 τοῦ
1634 397 1819 464 λόγου,
1855 401 1917 468 μά

2017 423 2029 464 ι
2061 403 2430 471 dogmatibus,
2480 407 2764 462 veritatem
2801 422 2988 462 rursus
3022 423 3282 478 superare
3307 411 3634 477 enitrbatnt‘,

362 495 467 547 την
499 481 680 547 χανών
703 499 716 511 ⁸
762 483 972 538 σύνοδοι
1003 487 1110 555 γὰρ
1139 486 1210 550 ὡς
1253 487 1485 556 τάχιστα
1525 490 1800 559 θεοφόρων
1839 493 1950 544 Πα-

363 571 564 639 τέρων,
598 575 989 642 οίκουμενικαί
1040 596 1100 630 τε
1138 580 1256 647 ἃμα
1306 580 1401 632 καὶ
1445 583 1688 644 τοπικαὶ,
1733 587 1948 652 καιροῖς

364 662 521 724 ἰδίοις
559 665 898 733 ἠθροίζοντο,
923 670 1018 721 καὶ
1056 669 1154 739 τῆς
1183 671 1377 723 τούτου
1409 670 1612 741 λύσσης
1640 674 1738 743 τὴν
1765 673 1947 745 λώϐην

358 754 737 809 ἁπεωθοῦντο.
766 758 832 810 At
868 759 969 827 μὲν
999 762 1110 830 γὰρ
1146 761 1355 830 ταύτην
1385 764 1650 832 εἰλήφασι
1675 763 1774 835 τὴν
1795 769 1945 820 ἐπω-

357 845 580 910 νυμίαν,
632 847 710 916 τῷ
759 847 1007 903 κελεύσει
1057 850 1168 904 τῶν
1218 851 1342 905 κατ’
1388 854 1566 906 ἐκεῖνο
1609 854 1703 907 τοῦ
1743 854 1940 924 καιροῦ

359 936 650 1002 βασιλέων,
681 940 1013 1012 οἰκειότερον
1036 943 1081 994 δ’
1122 945 1319 1010 εἰπεῖν,
1359 946 1453 999 τοῦ
1487 947 1648 1013 ἁγίου
1683 947 1942 1017 Πνεύμα-

356 1043 474 1091 τος,
508 1029 1008 1100 συνδεδραμηκέναι
1042 1035 1120 1096 είς
1148 1052 1271 1087 τινα
1299 1038 1456 1090 πόλιν
1478 1039 1606 1101 τοὺς
1632 1039 1735 1091 ἀνά
1758 1042 1942 1092 πᾶσαν

355 1118 460 1188 τὴν
486 1120 595 1172 ὑπὸ
639 1121 938 1192 Ῥωμαίοις
985 1126 1160 1196 ἀρχὴν
1211 1130 1451 1199 ποίμνης
1484 1131 1897 1199 προεστηκότας
1921 1146 1936 1160 ⁸

354 1207 439 1272 οἷς
471 1211 529 1263 δέ
561 1228 626 1279 γε
667 1213 742 1284 μὴ
774 1217 952 1287 παρὸν
994 1219 1095 1288 τὴν
1145 1221 1418 1290 ἐκδημίαν
1463 1222 1778 1275 στείλασθαι
1807 1223 1938 1276 ταύ-

354 1319 478 1370 την,
512 1302 835 1367 ἀποστόλοις
867 1309 1256 1376 χρησαμένους
1301 1309 1547 1376 οἰκείοις,
1583 1313 1668 1380 ἐφ’
1696 1304 1740 1379 ᾧ
1770 1313 1939 1382 δημο-

298 1454 322 1499 Ᾰ
351 1396 503 1448 τελεῖ
537 1399 602 1465 τῇ
649 1399 958 1469 χειροτονίᾳ
1003 1400 1125 1470 ἦτοι
1169 1401 1430 1473 ψήφισμα
1466 1405 1597 1474 περὶ
1643 1406 1744 1476 τῆς
1778 1406 1936 1459 εὐσε-

306 1488 321 1575 :i
353 1488 488 1551 ϐοῦς
519 1491 755 1554 πίστεως
787 1494 1053 1561 τροπαίου
1083 1498 1331 1564 κρεῖττον
1363 1496 1693 1567 ἐξενεγκεῖν,
1727 1499 1785 1569 ἢ,
1818 1518 1935 1553 κοι-

351 1584 451 1652 νῆς
487 1585 950 1656 προσδοκωμένης
978 1588 1109 1657 περὶ
1132 1589 1234 1657 τὴν
1259 1589 1546 1644 εὐσέϐειαν
1573 1593 1802 1662 ζημίας,
1822 1595 1934 1656 τοῖς

354 1677 543 1740 ὅπλοις
571 1678 954 1747 φραξαμένους
983 1681 1081 1749 τῆς
1103 1681 1387 1750 ἀληθείας,
1409 1681 1510 1753 τὴν
1532 1684 1736 1755 ταύτης
1753 1683 1932 1754 λύμην

2053 495 2232 560 priora
2257 511 2285 548 a
2312 512 2369 550 se
2392 507 2542 566 gesta
2565 501 2959 567 posterioribus
2981 501 3253 555 occultare
3277 507 3632 562 contendens.

2053 583 2159 638 Sed
2192 587 2347 657 lupus
2382 593 2525 643 visus
2565 599 2668 654 est,
2715 601 2775 644 ut
2801 593 3158 661 proverbium
3188 594 3288 657 ait,
3318 594 3521 650 frustra
3552 596 3636 650 in-

2050 677 2554 736 ltians.Divinorum
2578 684 2722 737 enim
2743 685 2962 736 Patrum
2980 685 3168 755 synodi
3185 686 3516 739 universales
3538 703 3632 754 pa-

2051 768 2185 821 riter
2209 786 2269 823 ac
2299 770 2496 826 locales
2520 773 2756 842 propriis
2774 776 2887 828 suis
2917 776 3252 843 temporibus
3273 792 3433 842 quam
3463 779 3634 830 celer-

2049 860 2185 914 rime
2218 867 2713 933 congregabantur,
2753 875 2807 919 et
2839 867 2905 918 ab
2936 868 3098 921 istius
3143 869 3294 922 rabie
3332 870 3630 937 perniciem

2046 950 2436 1007 amandabant.
2459 952 2662 1008 Harum
2685 957 2830 1011 enim
2847 959 2952 1012 illae
2970 974 3168 1014 nomen
3187 959 3330 1014 istud
3347 971 3630 1028 propterea

2045 1045 2252 1097 sortitae
2273 1057 2422 1108 sunt,
2455 1049 2600 1115 quod
2639 1064 2823 1103 eorum
2857 1051 2951 1118 qui
3001 1062 3130 1105 tunc
3159 1053 3422 1121 temporis
3449 1067 3629 1106 rerum

2005 1192 2010 1196 ,
2044 1136 2390 1204 potiebantur
2420 1139 2813 1209 imperatorum
2861 1143 2941 1212 (ut
2974 1145 3145 1212 magis
3186 1154 3368 1197 autem
3412 1144 3629 1212 pr0prie

2041 1227 2233 1296 loquar
2272 1230 2512 1297 Spiritus
2543 1234 2740 1294 sancti)
2772 1232 2924 1301 jussu
2952 1249 3142 1289 omnes
3167 1250 3266 1305 per
3307 1237 3624 1292 universum

2041 1317 2413 1374 Romanorum
2447 1321 2735 1391 imperium
2757 1327 2937 1395 gregis
2961 1325 3255 1381 Christiani
3285 1329 3545 1396 praesules
3567 1329 3625 1382 in

2038 1413 2312 1468 civitatem
2345 1415 2582 1484 aliquam
2631 1420 3046 1483 conveniebant,
3082 1420 3157 1472 illi
3234 1436 3366 1475 vero
3427 1422 3628 1489 quibus

2040 1514 2244 1560 tantam
2272 1507 2324 1560 in
2355 1523 2413 1562 se
2445 1508 2723 1579 suscipere
2753 1512 3245 1580 peregrinationem
3283 1514 3424 1567 haud
3452 1514 3627 1582 licuit,

2036 1599 2240 1654 nuntiis
2294 1603 2408 1655 suis
2462 1603 2542 1657 usi
2577 1643 2592 1668 ,
2632 1612 2691 1657 ut
2741 1605 2954 1673 publico
3005 1605 3261 1676 suffragio
3299 1608 3380 1661 vel
3417 1610 3483 1662 de
3523 1607 3627 1663 ﬁde

2037 1690 2286 1761 religiosa
2333 1693 2614 1749 decretum
2663 1706 2866 1765 tropazo
2895 1702 3244 1767 praestantius
3273 1700 3620 1768 lemitterent,

351 1771 705 1826 ἀπώσασθαι.
758 1773 827 1826 Al
867 1774 925 1826 δέ
967 1775 1193 1828 τοπικαὶ
1243 1775 1800 1846 προσηγορεύθησαν,
1838 1776 1917 1830 ἅτε

2041 1783 2121 1834 vel
2154 1786 2434 1840 communi
2464 1798 2779 1856 exspectata
2842 1791 3058 1856 pietatis
3101 1791 3338 1860 jactura,
3375 1795 3624 1846 veritatis

353 1867 484 1935 μιᾶς
515 1867 789 1937 ἐπαρχίας
813 1869 1130 1922 ἐπισκόπων
1170 1868 1312 1936 πρὸς
1345 1869 1438 1922 τὸν
1480 1869 1660 1922 αὐτῶν
1700 1869 1932 1938 ἔξαρχον

349 1958 815 2028 συνεληλυθότων,
853 1960 912 2012 οὐ
941 1959 1050 2012 τῶν
1077 1961 1224 2012 κατὰ
1256 1960 1437 2012 πᾶσαν
1465 1959 1566 2029 τὴν
1599 1960 1931 2030 οἰκουμένην

350 2051 829 2122 μετακληθέντων,
863 2051 984 2104 οὐδέ
1021 2052 1129 2121 μὴν
1161 2052 1292 2123 περὶ
1317 2049 1503 2104 κοινοῦ
1529 2051 1802 2120 δόγματος
1829 2053 1930 2121 τῆς

345 2141 632 2211 ζητήσεως
686 2140 880 2213 οὔσης,
907 2141 1030 2195 ἀλλ’
1079 2142 1112 2211 ἢ
1168 2141 1306 2212 πρὸς
1347 2141 1642 2212 βεϐαίωσιν
1672 2144 1783 2197 τῶν
1811 2145 1929 2216 ὀρι-

347 2235 586 2288 σθέντων
612 2237 737 2298 ταῖς
762 2234 1169 2305 προλαϐοῦσαις
1207 2234 1472 2300 συνόδοις,
1496 2236 1529 2304 ἢ
1554 2236 1691 2306 πρὸς
1724 2236 1928 2290 καθαί-

347 2344 501 2397 ρεσιν
543 2327 653 2380 τῶν
686 2328 783 2382 ἀπ’
827 2327 1079 2390 ἐναντίας
1103 2327 1292 2390 αὐτοῖς
1331 2326 1730 2398 τολμησάντων
1765 2328 1925 2394 ἰέναι,

343 2419 376 2490 ἢ
409 2419 540 2490 περὶ
568 2419 810 2472 κανόνων
840 2419 936 2473 καὶ
963 2416 1300 2489 ζητημάτων
1327 2420 1408 2481 είς
1429 2418 1528 2489 τὴν
1556 2420 1744 2488 κοινὴν
1769 2420 1928 2472 εὐτα-

343 2511 465 2576 ξίαν
498 2509 907 2564 συντελούντων
927 2511 1027 2580 τῆς
1062 2509 1416 2581 Ἐκκλησίας.
1435 2502 1598 2563 Οὗτοι
1613 2509 1679 2578 δὴ
1695 2511 1921 2576 πάντες,

339 2605 437 2674 οὐχ
480 2605 632 2666 ὅπως
677 2605 747 2658 τά
794 2603 1235 2674 ἐπισπειρόμενα
1294 2603 1430 2656 νόθα
1480 2603 1588 2656 τῶν
1633 2603 1921 2674 δογμάτων

343 2697 523 2767 ῥίζαις
554 2699 748 2757 αὐταῖς
781 2695 1022 2762 ἠξίωσαν
1057 2695 1287 2761 ἐξελεῖν,
1331 2695 1569 2766 σπουδὴν
1597 2697 1776 2748 πᾶσαν
1807 2697 1924 2748 είσ-

338 2789 719 2858 ενεγκάμενοι,
745 2788 882 2842 ἀλλά
915 2805 978 2857 γε
1011 2790 1107 2842 καὶ
1132 2789 1372 2858 θεσμοὺς
1407 2787 1668 2854 συντάξαι
1717 2788 1919 2858 βιωφε-

338 2881 472 2947 λεῖς,
496 2861 594 2951 τὴν
633 2883 786 2951 ἱερὰν
815 2880 975 2950 ἡμῶν
1006 2880 1291 2933 πολιτείαν
1325 2880 1790 2948 ἐπανορθοῦντας,
1824 2880 1920 2948 καὶ

341 2975 476 3044 πρὸς
523 2974 814 3043 ἀκρίὸειαν
850 2973 1143 3042 δογμάτων
1174 2974 1292 3042 ἅμα
1336 2973 1432 3025 καὶ
1479 2973 1595 3043 βίου
1631 2971 1917 3041 θεοφιλοῦς

339 3068 487 3136 ἡμᾶς
511 3066 964 3130 ἐκπαιδεύοντας,
981 3065 1180 3134 διπλῆν
1201 3065 1316 3118 ἀνθ’
1341 3065 1519 3133 ἁπλῆς
1542 3065 1620 3135 τῷ
1641 3068 1913 3138 τυράννῳ,

334 3161 410 3214 ὡς
434 3161 534 3231 τῆς
567 3163 716 3231 ἱερᾶς
745 3160 838 3214 τοῦ
875 3159 1115 3230 Χριστοῦ
1151 3161 1392 3229 ποίμνης
1430 3161 1712 3230 πρόδολοι,
1745 3164 1917 3215 ἐντεί-
1943 3141 1985 3197 C

335 3269 519 3316 νοντες
540 3253 639 3321 τὴν
666 3252 883 3331 πληγῄν
903 3267 917 3283 ⁸
943 3251 1116 3313 οὔτως
1141 3252 1285 3319 ἔγνω
1317 3253 1438 3305 καθ’
1464 3253 1661 3306 ἐαυτοῦ
1691 3256 1916 3330 σοφισάτ

335 3361 520 3414 μενος,
551 3346 667 3409 καὶ,
705 3344 780 3407 ὼς
810 3344 880 3396 τά
909 3344 1196 3413 πανοῦργα
1231 3344 1345 3396 τῶν
1369 3345 1595 3415 θηρίων,
1635 3351 1758 3410 ταῖς
1781 3348 1914 3402 ἐαυ-

330 3435 424 3488 τοῦ
456 3437 675 3504 τέχναις
707 3435 868 3497 άλούς
891 3451 904 3464 ·
935 3434 1289 3506 βεϐαιότερον
1327 3441 1436 3506 γὰρ
1467 3439 1643 3512 ταύτῃ
1667 3441 1728 3492 τὸ
1768 3441 1911 3494 θεῖον

333 3525 492 3578 ἐλαθε
540 3526 803 3595 κήρυγμα
836 3526 1124 3591 καθιστάς,
1176 3528 1504 3598 ὀχυρώμασι
1553 3530 1768 3584 πλείοσι
1807 3533 1908 3601 τῆς

347 3617 673 3688 Ἐκκλησίας
737 3617 940 3690 ἑαυτὴν
998 3619 1504 3691 ἀσφαλισαμένης,
1561 3623 1656 3676 καὶ
1695 3623 1906 3695 νηπίων

330 3711 641 3778 τοξεύματα
702 3711 771 3763 τὰ
837 3711 1030 3775 τούτου
1103 3713 1479 3782 μηχανήματα
1539 3713 1902 3786 ἐλεγχούσηςο

326 3801 552 3854 τοσοῦτο
582 3802 691 3872 γάρ
719 3803 964 3872 ἀπέσχον
996 3802 1092 3856 τοῦ
1121 3804 1471 3874 καταπτῆξαι
1501 3806 1600 3877 τὴν
1628 3809 1764 3880 πρὸς
1783 3809 1908 3862 τοῦ-

325 3910 420 3948 τον
452 3896 696 3963 ἀγωνίαν
746 3897 842 3949 καὶ
869 3895 1153 3967 διαμάχην
1196 3898 1248 3950 οί
1290 3898 1390 3968 τῆς
1422 3900 1574 3971 ίερᾶς
1603 3901 1903 3972 ἁγελάρχαι

324 3987 586 4059 ποίμνης,
615 3987 758 4042 ὥστε
789 3989 886 4043 καὶ
919 3989 1018 4060 τῆς
1047 3989 1203 4058 σφῶν
1244 3991 1469 4063 ἀνδρίας
1513 3993 1608 4046 καὶ
1645 3995 1746 4063 τῆς
1773 3996 1902 4065 ἀρε-

319 4079 426 4150 τῆς
457 4080 742 4146 ἐπίδειξιν,
787 4082 884 4134 καὶ
924 4081 1183 4151 ἀφορμὴν
1230 4080 1525 4153 βραϐείων,
1581 4086 1652 4140 τὰ
1687 4087 1901 4142 ἐκείνου

320 4171 603 4241 ἡγήσαντο
634 4174 1077 4244 σκαιωρήματαο
1108 4174 1251 4228 οὕτω
1283 4178 1351 4245 τῇ
1383 4177 1665 4250 προθυμίᾳ
1692 4179 1820 4241 τοὺς
1843 4181 1900 4230 ἐν

319 4265 434 4325 τοῖς
494 4264 851 4333 στεφανίταις
909 4263 1166 4328 διαύλους
1237 4267 1602 4339 ἀπέκρυψαν,
1656 4269 1902 4341 τοσούτῳ

322 4356 788 4429 θαυμασιωτέραν
833 4357 934 4428 τὴν
978 4359 1246 4430 εὐψυχίαν
1297 4361 1738 4432 ἐπιδειξάμενοι,
1789 4365 1900 4434 ὅσῳ

321 4446 416 4500 καὶ
450 4454 578 4518 περὶ
610 4446 916 4501 καλλιόνων
965 4448 1146 4504 ἄθλων
1189 4445 1259 4522 ἦν
1302 4451 1488 4515 αὐτοῖς
1539 4454 1568 4506 ὁ
1616 4453 1800 4522 ἀγών·
1834 4455 1896 4509 οὐ
1928 4481 1975 4540 D

319 4539 429 4610 γὰρ
463 4539 571 4593 ἔδει
595 4541 690 4595 καὶ
725 4542 800 4612 μὴ
831 4542 1107 4612 ἀναιμωτὶ⁵
1136 4544 1239 4614 τῆς
1269 4544 1531 4616 ἀληθείας
1563 4548 1892 4619 ὑπερμαχῆδ

320 4649 436 4698 σαι,
461 4636 542 4696 είς
570 4632 720 4686 τοῦθ’
758 4629 895 4705 ἧκον
923 4635 1233 4705 προθυμίας
1261 4637 1356 4690 καὶ
1380 4638 1784 4709 γενναιότητος,
1820 4640 1895 4706 ὡς

320 4725 520 4794 μικροῦ
554 4725 650 4778 καὶ
685 4727 753 4795 τῇ
787 4725 940 4794 σφῶν
986 4727 1400 4797 ἐπιμέμφεσθαι
1447 4729 1632 4797 φύσει,
1671 4733 1746 4801 μὴ
1789 4748 1895 4783 πες

317 4821 524 4888 φυκνῑᾳ
581 4818 811 4886 μυρίους
857 4817 996 4888 ὐπέρ
1029 4818 1131 4888 τῆς
1163 4819 1423 4890 ἀληθείας
1459 4821 1720 4886 θανάτους
1763 4825 1893 4876 ὑπε-

315 4911 549 4976 νεγκεῖν,
577 4909 715 4962 ἀλλά
743 4911 912 4982 μέχρι
942 4909 1036 4964 τοῦ
1085 4911 1205 4974 ἐνὸς
1237 4912 1442 4980 στῆσαι
1489 4915 1552 4966 τὸ
1579 4916 1679 4983 τῆς
1714 4933 1894 4986 παρα-

317 5002 517 5068 σκευῆς
546 5000 756 5071 ταύτης
809 5002 1134 5072 φιλότιμον·
1185 5002 1412 5056 τοσοῦτο
1457 5006 1560 5076 τῆς
1609 5006 1891 5079 ἐξαπάτης

315 5092 363 5144 oi
388 5091 486 5160 τῆς
507 5091 794 5155 εὐσεϐείας
819 5093 1205 5162 περιεγένοντο
1231 5094 1508 5162 πρόϐολοι,
1548 5097 1715 5166 μηδὲν
1745 5099 1889 5167 ἴχνος

315 5183 515 5247 δειλίας
540 5183 573 5253 ἢ
594 5183 852 5254 δείματος
882 5187 1002 5247 ταῖς
1030 5183 1222 5254 ὕψεσιν
1245 5187 1647 5257 ὑποφήναντες.
1669 5189 1888 5245 Τούτων

313 5277 494 5331 τοίνυν
552 5280 664 5332 τῶν
715 5278 1008 5348 ἀριστέων,
1057 5278 1168 5332 τῶν
1218 5281 1373 5350 κοινῇ
1427 5281 1885 5352 συνεληλυθότων,

311 5369 436 5432 τοὺς
465 5370 643 5439 ἱεροὺς
673 5370 770 5422 καὶ
799 5369 978 5432 θείους
1016 5370 1275 5436 κανόνας,
1310 5370 1386 5434 ὡς
1421 5371 1630 5426 ἄνωθεν
1661 5391 1887 5428 κατενε-

311 5461 535 5533 χθέντας
569 5461 750 5523 θείους
778 5464 1088 5533 χρησμοὺς,
1127 5465 1161 5534 ὴ
1203 5463 1504 5536 Ἐκκλησία
1529 5466 1610 5529 είς
1643 5466 1760 5520 τόδε
1791 5467 1883 5521 τοῦ

309 5555 500 5625 χρόνου
530 5555 679 5607 σέϐει
704 5571 762 5606 τε
800 5555 892 5606 καὶ
923 5556 1078 5625 τιμᾷ,
1102 5555 1212 5608 τῶν
1240 5555 1400 5610 θείων
1424 5556 1762 5626 εὐαγγελίων
1781 5559 1882 5613 οὐκ

309 5647 552 5712 ἔλαττον,
599 5646 722 5699 ἐπεὶ
772 5647 1004 5698 κάκεῖνα
1038 5648 1214 5717 πηγαὶ
1254 5647 1462 5701 τούτων
1505 5648 1750 5718 ἀτεχνῶς
1784 5650 1880 5701 καὶ

312 5739 456 5810 ῥίζαι
501 5737 865 5806 καθέστηκεν.
899 5737 973 5789 Οὐ
1008 5737 1116 5808 μὴν
1145 5737 1282 5791 ἀλλὰ
1311 5737 1407 5792 καὶ
1439 5739 1539 5792 ὅσα
1570 5738 1681 5792 τῶν
1719 5740 1881 5810 ἱερῶν

2037 1877 2232 1930 muniti
2261 1879 2430 1933 armis
2481 1881 2704 1934 exitium
2761 1882 2879 1949 ejus
2929 1885 3272 1952 repellerent.
3307 1886 3400 1938 Hae
3441 1895 3621 1938 autem

2035 1965 2237 2022 locales
2266 1981 2588 2041 nuncupatas
2618 1983 2766 2038 sunt,
2797 1989 2921 2027 cum
2953 1977 3110 2029 unius
3159 1977 3448 2043 provincia:
3480 1977 3628 2045 epi-

2033 2059 2183 2127 scopi
2240 2061 2305 2114 ad
2351 2077 2509 2115 suum
2576 2064 2815 2131 ipsorunt
2872 2065 3183 2132 praefectum
3243 2068 3621 2134 convenirent,

2030 2161 2221 2201 omnes
2263 2159 2440 2203 autem
2492 2165 2588 2219 per
2623 2152 2937 2206 universum
2985 2153 3169 2206 orbem
3209 2169 3314 2206 non
3348 2168 3621 2207 convoca-

2029 2243 2240 2299 rentnr,
2277 2252 2374 2292 nec
2404 2239 2472 2292 de
2524 2241 2797 2294 communi
2831 2243 3084 2312 dogmate
3113 2243 3336 2310 quaestio
3368 2243 3620 2295 institue-

2031 2337 2200 2394 retur;
2249 2329 2345 2383 sed
2397 2332 2482 2384 vel
2529 2334 2594 2385 ad
2654 2347 2844 2386 eorum
2897 2348 3018 2402 quae
3071 2332 3123 2385 in
3178 2335 3614 2396 praecedentibus

2027 2418 2250 2488 synodis
2277 2420 2497 2477 decreta
2523 2421 2741 2477 fuerant
2772 2424 3265 2486 confirmationem,
3295 2425 3377 2478 vel
3400 2441 3611 2490 eorum,

2026 2512 2120 2579 qui
2152 2514 2413 2568 contrarii
2459 2514 2653 2568 ilsdem
2712 2514 2793 2568 ire
2826 2516 2942 2569 ausi
2988 2526 3137 2579 sunt,
3197 2517 3615 2584 depositionem,

2026 2603 2107 2658 vel
2138 2603 2206 2659 de
2242 2606 2541 2660 canonlbus
2566 2615 2620 2660 et
2654 2607 3045 2674 quaestionibus
3096 2623 3217 2678 quae
3264 2613 3330 2661 ad
3372 2625 3618 2663 eorumn-

2025 2711 2146 2748 nem
2199 2695 2455 2752 Ecclesia:
2507 2698 2753 2753 ordinem
2808 2699 3123 2753 conducunt
3165 2701 3616 2756 determinandis.

2022 2785 2086 2840 Hi
2121 2798 2300 2842 autem
2330 2803 2518 2844 omnes
2549 2805 2653 2844 non
2682 2796 2888 2843 tantum
2918 2793 3105 2858 spuria
3136 2791 3386 2860 dogmata
3439 2794 3614 2847 denuo

2020 2880 2371 2935 disseminata
2406 2881 2540 2948 ipsis
2571 2881 2845 2936 radicibus
2875 2881 3108 2935 evellere
3139 2897 3408 2936 summam
3456 2886 3612 2936 adhi-

2020 2973 2150 3028 bere
2214 2973 2546 3042 diligentiam
2607 2973 2812 3042 dignati
2863 2982 3010 3038 sunt,
3058 2973 3150 3026 sed
3198 2982 3253 3025 et
3287 2975 3612 3051 sanctiones

2020 3065 2141 3118 vitae
2164 3065 2322 3120 utiles
2360 3065 2717 3128 constituere,
2764 3080 2884 3134 quae
2931 3075 3174 3119 sanctam
3201 3075 3442 3121 nostram
3480 3083 3613 3120 cort-

2019 3157 2383 3211 versationem
2425 3155 2689 3226 dirigant,
2747 3165 2802 3210 et
2835 3155 2901 3208 ad
2959 3166 3268 3209 accuratam
3296 3159 3604 3225 dogmatunt

2017 3251 2222 3319 pariter
2253 3265 2316 3304 ac
2351 3249 2480 3304 vita:
2528 3248 2796 3317 religiosae
2847 3249 3110 3302 rationem
3146 3265 3246 3303 nos
3282 3251 3607 3304 instituant:

2017 3343 2286 3411 duplicem
2317 3356 2418 3412 pro
2475 3341 2733 3410 simplici,
2766 3351 3020 3409 tanquam
3053 3341 3194 3394 sacri
3235 3343 3414 3410 gregis
3443 3343 3608 3396 Chri-

2010 3435 2176 3488 stiani
2209 3441 2662 3503 propugnatores,
2683 3433 2847 3487 ictum
2889 3443 3118 3503 tyranno
3151 3433 3478 3503 indigentes.
3514 3435 3605 3488 Sic

2011 3523 2162 3578 novit
2219 3538 2278 3580 se
2320 3534 2512 3579 contra
2568 3539 2688 3580 sese
2738 3526 3036 3594 sophistam
3068 3525 3292 3604 _egisse,
3363 3538 3439 3588 et,
3491 3544 3598 3582 non

2009 3630 2169 3671 secus
2218 3631 2282 3672 ac
2322 3617 2453 3672 ferae
2484 3627 2694 3682 astulas,
2731 3621 2847 3673 suis
2879 3617 3048 3688 ipsius
3090 3621 3298 3674 artibus
3335 3620 3598 3690 illaquea-

2011 3717 2121 3762 tum
2148 3721 2290 3764 esse.
2325 3707 2440 3764 Hoc
2483 3709 2630 3764 enim
2663 3709 2825 3764 modo
2865 3711 3102 3765 divinam
3158 3713 3596 3780 praedicationem

2007 3802 2326 3872 imprudens
2380 3803 2675 3859 ﬁrmiorem
2730 3804 2988 3867 reddidit,
3058 3804 3296 3859 Ecclesia
3355 3807 3599 3874 pluribus

2007 3913 2128 3954 sese
2205 3899 2564 3954 munimentis
2647 3896 2998 3960 defendente,
3056 3905 3113 3950 et
3155 3897 3310 3950 istius
3368 3899 3594 3951 artilicia

2005 3989 2356 4059 puerulorum
2431 4002 2555 4044 esse
2629 3987 2806 4058 jacula
2868 3989 3292 4041 demonstrante.
3358 3987 3591 4045 “lautum

2003 4082 2148 4136 enim
2201 4081 2397 4147 abluit,
2451 4093 2512 4135 ut
2544 4080 2686 4135 sacri
2753 4080 2934 4149 gregis
2985 4079 3227 4150 praefecti
3280 4081 3588 4137 conﬂictum

2001 4187 2348 4245 pugnamque
2386 4188 2508 4227 cum
2544 4187 2610 4226 eo
2646 4171 2787 4226 inire
2818 4183 3263 4241 expavescerent,
3305 4182 3359 4228 ιιι
3389 4174 3592 4242 impro-

2005 4267 2100 4320 bos
2151 4265 2306 4320 istius
2369 4274 2607 4319 conatus
2675 4263 3012 4318 fortitudinis
3076 4278 3188 4318 suae
3234 4278 3297 4318 ac
3374 4264 3590 4320 virtutis

2002 4356 2459 4422 demonstrandae,
2486 4371 2550 4410 ac
2590 4355 2933 4425 praamiorum
2985 4356 3308 4425 assequendi
3341 4357 3589 4410 occasio-

2004 4463 2126 4503 nem
2171 4456 2507 4517 reputarent.
2540 4445 2631 4500 Sic
2684 4447 2849 4502 etiam
2883 4447 3001 4516 ipos
3028 4447 3082 4500 in
3119 4448 3259 4502 ludis
3287 4452 3587 4506 coronarils

2001 4555 2190 4594 cursus
2230 4539 2540 4609 reciprocos
2587 4539 3012 4608 promptitudine
3055 4549 3401 4608 superarunt,
3434 4553 3584 4596 tanto

1999 4630 2461 4686 admirabiliorem
2477 4632 2819 4684 ostendentes
2843 4630 3360 4699 magnanimitatem,
3382 4644 3585 4702 quanto

1998 4738 2097 4794 pro
2145 4723 2462 4779 melioribus
2516 4723 2755 4793 praemiis
2809 4721 2978 4777 abiis
3013 4733 3278 4777 certatum
3337 4735 3440 4780 est.
3480 4726 3581 4780 Uni

1997 4817 2141 4870 enim
2195 4827 2369 4871 marte
2423 4816 2707 4871 incruento
2757 4815 3038 4870 veritatem
3077 4831 3418 4888 prepugnare
3470 4835 3578 4872 non

1995 4918 2312 4978 potuerunt,
2379 4923 2443 4962 eo
2503 4906 2946 4978 promptitudinis
3009 4915 3063 4960 et
3117 4911 3580 4978 magnanimitatis

1994 5009 2394 5070 pervenerunt,
2453 5007 2514 5052 ut
2570 4998 2637 5053 de
2696 5013 2791 5052 sua
2859 5001 3250 5066 propemodum
3330 5000 3572 5070 ipsorum

1993 5102 2184 5147 natura
2215 5103 2701 5163 conquererentur,
2741 5093 2883 5159 quod
2915 5091 3060 5145 mille
3103 5102 3307 5149 mortes
3335 5111 3431 5164 pro
3485 5114 3576 5152 ve-

1992 5185 2152 5239 ritate
2206 5185 2358 5238 obire
2421 5199 2532 5238 non
2585 5192 2951 5252 comparetur,
3009 5183 3105 5237 sed
3167 5195 3288 5252 post
3344 5197 3569 5242 mortem

1991 5277 2159 5334 semel
2216 5285 2548 5345 susceptam,
2607 5274 2793 5345 gloria:
2843 5291 2910 5330 ex
2971 5285 3117 5330 tanta
3179 5280 3572 5346 praeparatione

1990 5369 2336 5439 acquirendae
2369 5368 2606 5424 studium
2666 5369 3071 5438 reprimeretur.
3129 5367 3303 5424 Tanto
3354 5373 3572 5438 pietatis

1991 5471 2420 5534 propugnatores
2453 5477 2694 5518 errorem
2749 5472 3101 5532 superarunt,
3138 5463 3342 5516 nullum
3397 5475 3573 5519 metus

1987 5567 2079 5611 aut
2140 5556 2349 5610 timoris
2395 5556 2680 5625 vestigium
2741 5555 2821 5610 vel
2861 5556 3035 5611 oculis
3097 5555 3570 5612 subostendentes.

1987 5647 2303 5720 Huiusmodi
2337 5648 2504 5718 igitur
2531 5649 2850 5719 optimatum
2883 5663 2987 5701 una
3008 5656 3456 5716 congregatortnn
3485 5664 3567 5702 sa-

1987 5755 2112 5796 cros
2167 5739 2490 5810 divinosque
2548 5753 2786 5794 canones
2844 5750 3098 5808 tanquam
3139 5738 3318 5792 divina
3351 5741 3568 5793 oracula
