4016 6414
431 271 541 334 965

1844 266 2269 326 i’lMiFA'l‘m.

3601 255 3706 318 966

429 381 688 444 eiuscui,
742 398 798 433 τε
856 380 949 433 καὶ
1006 377 1139 448 πρὶς
1188 376 1550 445 ἀτελεύτητον
1589 375 1831 445 ἀγούσης
1867 376 2007 438 ζωὴν

2125 386 2378 445 tanquam
2454 389 2550 442 per
2615 387 2864 443 aggerem
2927 370 3247 436 occludunt,
3305 369 3496 437 majori
3540 387 3705 441 quam

429 473 708 545 ἡγεμόνας
735 472 830 525 καὶ
859 468 1136 538 ἀγωγούς.
1173 466 1315 535 Ἐγὼ
1344 466 1473 536 γοῦν
1505 467 1629 530 τοὺς
1654 468 1745 519 ἐπὶ
1775 468 2011 535 βεϐαιῶ-

431 586 515 620 σει
565 563 659 618 τοῦ
711 562 983 633 σωτηρίου
1040 561 1346 630 δόγματος,
1408 559 1502 615 καὶ
1549 561 1760 628 χρηστῇ
1800 559 2013 611 πάντων

429 665 527 717 ἀνθ
540 664 758 733 ρώπων,
793 661 869 723 ῶς
899 659 1142 730 εἴρηται,
1168 655 1490 726 διδασκαλίᾳ
1525 656 1852 725 θεοπρεπεῖο·
1875 655 2015 724 σύμ-

430 776 642 821 παντας
681 757 913 818 κανόνας
964 753 1263 825 ἀθροίσας,
1300 753 1400 806 καὶ
1447 752 1656 806 τούτων
1712 750 1806 805 τὸν
1860 752 2009 814 νοῦν,

430 852 546 920 ἅμα
577 852 632 903 δὲ
665 848 901 903 καὶτῶν
949 847 1151 909 αὐτοὺς
1198 844 1438 916 φιλοθέῳ
1489 843 1690 917 γνώμῃ
1738 845 2013 913 ἑρμηνευ-

431 944 664 1005 σὰηιτων,
695 944 770 1004 ὡς
795 936 910 994 οἷόν
937 959 1019 1005 τε,
1047 937 1438 1009 περιφράσεως
1466 938 1525 990 ἐν
1548 936 1681 990 εῖδει
1704 934 2008 1006 ἐπιτεμὼν,

433 1036 599 1106 μηίἐν
631 1034 818 1102 μέντοι
871 1030 1337 1099 παραλελοιπέναι
1381 1030 1479 1099 τῆς
1514 1028 1699 1082 αὐτῶν
1743 1028 2008 1091 διανοίας,

427 1127 489 1178 τό
510 1144 572 1192 γε
606 1126 686 1188 είς
733 1126 882 1193 ἡμᾶς
921 1118 1082 1194 ἧκον,
1121 1122 1440 1192 φροντίσας,
1493 1121 1552 1174 ού
1590 1120 1699 1191 μὴν
1746 1120 1885 1174 ἀλλὰ
1919 1124 2011 1174 καὶ

427 1221 526 1273 ὃσα
552 1221 666 1282 τοῖς
699 1217 908 1271 τούτων
935 1216 1234 1285 ἐξηγηταῖς
1268 1214 1383 1267 ἐσθ’
1411 1215 1521 1285 ὅπη
1566 1216 1843 1285 παρεῖται,
1878 1215 2011 1283 ἡμῖν

426 1313 482 1363 δὲ
521 1311 613 1361 ἐπὶ
643 1309 769 1361 νοῦν
798 1307 1000 1375 συνέϐη
1036 1308 1251 1372 πεσεῖν,
1284 1306 1565 1373 ἀναγκαῖα
1598 1301 1756 1375 οἶμαι
1790 1307 1887 1360 καὶ
1918 1324 2011 1375 φι-

424 1404 627 1458 λοθέων
670 1403 873 1471 ψυχαῖς
925 1399 1309 1471 περιμάχητα,
1349 1401 1463 1462 τοῖς
1508 1398 1901 1468 ἐντυγχάνουσι
1936 1397 2010 1468 μὴ

427 1497 821 1564 φθονήσαντες,
857 1494 1152 1564 πρόχειρον
1174 1492 1318 1546 κατὰ
1347 1492 1449 1563 τὴν
1474 1490 1755 1561 ἡμετέραν
1776 1489 2010 1560 δύναμιν

424 1590 816 1657 πεποιήκαμεν
848 1586 1159 1655 σύνταγμα.
1181 1584 1408 1638 Πάντων
1435 1584 1491 1637 δέ
1522 1583 1629 1636 τῶν
1660 1584 2011 1653 συνειλεγμέ-

425 1699 533 1734 νων
561 1684 808 1734 κανόνων
840 1678 937 1748 τὴν
971 1678 1225 1746 δύναμιν,
1274 1680 1355 1741 εἰς
1397 1677 1614 1739 τίτλους
1647 1678 1822 1730 εἴκοσι
1874 1677 2009 1745 πρὸς

2118 471 2410 533 imperator
2448 466 2671 531 quilibet
2707 464 3034 518 auctoritate
3113 472 3407 516 tractantes
3432 503 3445 525 ,
3506 477 3709 515 :rtcrna

2118 557 2434 612 haereditate
2483 556 2871 610 exterminant.
2910 554 3224 623 Antiquitas
3261 555 3405 607 enim
3437 569 3498 606 ex
3534 554 3710 606 altera

2113 651 2333 721 quidem
2414 659 2567 718 parte
2620 646 2903 702 nonnihilo
2956 660 3143 700 eorum
3197 660 3315 712 quae
3386 644 3517 697 foris
3568 646 3710 697 dicta

2113 752 2261 807 sunt.
2290 740 2386 797 sed
2419 740 2622 794 divinis
2659 738 2921 798 maxime,
2950 744 3008 791 ut
3034 736 3165 791 mihi
3201 735 3436 801 videtur,
3469 739 3714 789 sanctio—

2114 839 2278 891 nibus
2309 849 2370 890 se
2399 832 2742 902 applicuerit.
2781 829 2948 884 Nobis
2975 829 3122 882 enim
3165 843 3483 897 persuasum
3508 836 3589 879 est
3619 843 3712 878 cas

2111 931 2390 985 inventum
2444 938 2565 978 esse
2596 937 2661 976 ac
2694 920 2897 975 donum
2953 919 3073 984 Dei,
3122 933 3515 990 generosorum
3572 918 3712 968 diti.

2115 1034 2415 1085 nurumque
2445 1015 2724 1070 hominum
2782 1014 3082 1072 decretum,
3113 1025 3406 1065 commune
3453 1011 3712 1065 Ecclesia:

2116 1114 2447 1170 institutum,
2512 1118 2857 1177 peccatorum
2922 1117 3027 1159 tam
3072 1104 3505 1160 voluntariorum
3549 1121 3617 1169 qu
3661 1122 3710 1158 ut

2114 1204 2613 1260 inrotuntariornm
2666 1200 3067 1255 eorreCtionem
3098 1237 3112 1257 .
3169 1207 3225 1252 et
3274 1198 3713 1251 conversationis

2114 1298 2382 1366 religiosm
2411 1312 2475 1351 ac
2505 1296 2571 1348 ad
2629 1292 3016 1363 sempiternam
3072 1290 3324 1346 ducentis
3349 1289 3515 1344 vitam
3546 1289 3714 1343 duces

2112 1401 2161 1445 et
2191 1399 2451 1445 rectores.
2494 1387 2832 1455 Quapropter
2883 1399 2984 1455 ego
3041 1399 3162 1435 cum
3197 1382 3263 1436 ad
3295 1382 3551 1436 salutaris
3579 1396 3714 1434 sen-

2115 1485 2296 1537 tentite
2337 1482 2835 1540 conﬁrmationem.
2871 1489 2927 1532 et
2979 1477 3165 1531 utilem
3198 1476 3443 1529 omnimn
3474 1475 3566 1539 (ut
3593 1474 3713 1526 (lic-

2116 1586 2229 1632 tntn
2287 1576 2401 1646 est)
2438 1575 2714 1629 hominum
2751 1568 3169 1627 instructionem
3242 1566 3454 1621 divinos
3520 1579 3713 1619 omnes

2115 1668 2452 1739 Collegissem
2484 1680 2748 1727 canones.
2810 1664 3161 1732 ipsorumque
3193 1658 3399 1728 pariter
3430 1673 3491 1712 ac
3519 1673 3709 1712 eorum

423 1774 538 1836 τοῖς
562 1773 854 1840 τέσσαρσι,
885 1740 1025 1823 κατὰ
1049 1740 1139 1822 τὸν
1165 1769 1401 1838 ἀριθμὸν
1430 1769 1539 1822 τῶν
1560 1768 1689 1840 παρ’
1710 1769 1842 1837 ἡμῖν
1870 1740 2007 1821 στοι-

2118 1760 2213 1828 qui
2248 1761 2393 1828 ipsos
2437 1757 2620 1812 animo
2679 1754 2938 1824 religioso
2973 1750 3315 1821 interpretati
3374 1758 3522 1813 sunt,
3561 1763 3713 1801 men-

425 1872 613 1935 χεῐων,
643 1862 858 1927 διελὼν,
894 1863 988 1915 καὶ
1019 1860 1230 1914 τούτων
1275 1862 1497 1931 ἑκάστῳ
1529 1862 1629 1931 τὴν
1679 1861 2011 1931 προϊσχομέ-

424 1974 521 2026 νην
551 1956 833 2015 ὑπόθεσιν,
868 1955 931 2005 τὸ
963 1953 1184 2023 πρῶτον
1214 1954 1313 2024 τῆς
1350 1954 1487 2018 ίδίας
1508 1953 1710 2018 λέξεως
1740 1955 2009 2022 συγγενὲς

423 2048 571 2119 αὐτῷ
603 2049 840 2117 γράμμα
889 2045 1068 2108 καλῶς
1100 2047 1446 2117 ἐφαρμόσας,
1485 2046 1587 2111 τάς
1626 2063 1688 2099 τε
1726 2061 2009 2116 προσηγο-

429 2143 550 2212 ρίας
589 2141 697 2194 τόηιν
747 2141 945 2204 αὐτοὺς
995 2140 1307 2210 εὑρομένων
1359 2139 1634 2210 δηλώσας,
1670 2140 1764 2193 καὶ
1796 2139 1864 2191 τὰ
1901 2139 2010 2190 τίῖν

420 2236 616 2287 τίτλων
644 2232 802 2296 αὖθις
834 2232 1108 2299 κεφάλαια
1148 2232 1237 2286 διὰ
1266 2232 1375 2285 τῶν
1404 2230 1791 2304 ἀριθμητικῶν
1826 2233 2010 2302 ἐμφή-

421 2345 516 2388 νας
550 2324 852 2393 στοιχείων,
887 2324 1105 2395 ῥᾳδίαν,
1128 2323 1203 2387 ὡς
1228 2319 1404 2393 οἶμαι,
1439 2325 1534 2377 καὶ
1560 2325 2009 2394 ἐπιτετμημένην

422 2420 562 2489 πρὸς
604 2418 705 2487 τὴν
754 2417 939 2469 αὐτῶν
976 2417 1182 2485 γνῶσιν
1220 2417 1493 2488 φέρουσαν
1542 2418 1740 2488 ἔτεμον
1778 2415 2003 2487 τρίϐον·

421 2512 520 2582 τὴν
551 2511 830 2580 πρόφασιν
862 2509 1118 2561 ἐντεῦθεν
1147 2508 1476 2579 περιαιρῶν,
1507 2507 1619 2563 τῶν
1649 2511 2008 2580 ἐντυγχάνειν

423 2605 606 2666 αὐτοῖς
634 2604 1050 2663 ἀποκαλούντων,
1084 2602 1144 2654 τὸ
1187 2602 1494 2671 προσκορές
1534 2603 1635 2672 τῆς
1673 2602 1880 2655 τούτων
1914 2621 2009 2655 πο·
2054 2628 2065 2649 ι

419 2695 678 2756 λυεπείας
716 2692 1177 2762 προϐαλλομένων
1205 2696 1303 2763 την
1334 2694 1518 2747 αὐτῶν
1559 2695 1802 2748 διάνοιαν
1835 2710 2007 2747 κατα-

418 2786 820 2856 ϐαπτιζούσης,
859 2785 996 2855 πρὸς
1022 2785 1103 2849 δὲ,
1144 2785 1332 2837 καὶτὸ
1369 2785 1445 2856 μὴ
1485 2787 1542 2837 ἐν
1570 2786 1652 2839 ἐνὶ
1689 2786 1845 2856 μέρει
1872 2787 2004 2839 ἐκά-

422 2895 553 2948 στης
577 2879 686 2928 τῶν
715 2876 1028 2929 ὑποθέσεων
1065 2876 1194 2939 τοὺς
1242 2876 1479 2940 κανόνας
1514 2876 1848 2947 ἀφωρίσθαι.
1882 2878 2006 2929 Τῶν

419 2971 709 3041 χρησίμων
737 2968 782 3019 δ’
817 2970 928 3037 ἄρα
963 2969 1253 3037 νενόμικα,
1280 2969 1378 3023 καὶ
1396 2969 1497 3037 τῆς
1532 2968 1821 3041 πολιτικῆς
1850 2980 2010 3040 νομοέ

420 3064 607 3126 υεσίας
632 3061 842 3132 βραχέα
875 3078 932 3113 τε
968 3059 1062 3112 καὶ
1093 3060 1539 3132 συντετμημένα,
1583 3064 1696 3125 τοῖς
1718 3062 2007 3130 συγγενέσι

2117 3046 2330 3098 illorum
2366 3043 2457 3108 qui
2528 3056 2623 3093 eos
2652 3040 2975 3093 invenerunt
3023 3036 3399 3098 indicaverim,

412 3156 526 3208 τῶν
584 3153 827 3207 κανόνων
881 3151 1202 3221 κεφαλαίοις
1255 3153 1626 3221 συναρμόσαι,
1681 3157 1795 3217 τοῖς
1838 3155 2005 3225 ἱεροῖς

415 3249 611 3302 κανόσι
647 3246 1045 3316 συμμαχοῦντα
1085 3246 1182 3298 καὶ
1234 3245 1749 3315 συμφθεγγόμενα,
1793 3250 1887 3300 καὶ
1942 3252 2007 3301 ἐκ

416 3340 737 3411 περιουσίας
765 3338 825 3390 τὸ
865 3338 1105 3407 ἀσφαλὲς
1137 3338 1320 3399 αὐτοῖς
1356 3337 1877 3409 ἐπιμαρτυροῦντα.

2117 1864 2224 1908 tum
2261 1853 2437 1921 quoad
2498 1851 2612 1904 ﬁeri
2672 1849 2849 1919 potuit
2896 1846 3285 1917 periphraseos
3315 1842 3382 1897 ad
3421 1842 3596 1895 instar
3654 1840 3707 1893 in

2122 1943 2505 2013 compendium
2532 1940 2889 2010 redegissem,
2927 1938 3066 1993 nihil
3101 1951 3288 1990 eorum
3321 1933 3710 2001 intelligentiae.

2112 2048 2376 2104 quantum
2409 2037 2462 2088 in
2499 2050 2582 2089 me
2617 2033 2738 2098 fuit,
2765 2033 2957 2087 deesse
2990 2030 3288 2084 arbitratus
3321 2043 3338 2081 :
3372 2026 3502 2095 quin
3543 2025 3708 2078 etiam

2114 2144 2449 2198 quaecunque
2480 2126 2549 2180 ab
2581 2140 2769 2180 eorum
2823 2123 3213 2193 interpretibus
3254 2119 3452 2173 alicubi
3484 2126 3713 2185 praeter-

2116 2225 2277 2274 missa
2312 2229 2462 2284 sunt,
2495 2219 2653 2272 nobis
2678 2226 2859 2270 autem
2894 2215 2948 2269 in
2974 2222 3215 2269 mentem
3251 2211 3434 2265 venire
3464 2209 3712 2276 remigii,

2117 2309 2421 2366 net-essuria
2459 2307 2718 2361 nimirum
2768 2306 2985 2376 piisque
3019 2302 3182 2357 nimis
3208 2315 3416 2356 summa
3440 2301 3714 2354 contenti-

2114 2419 2217 2456 one
2251 2401 2507 2470 ιοχιιοιὶιιι,
2542 2397 2939 2467 postulantibus
2971 2410 3079 2449 non
3131 2393 3439 2448 invidentes
3491 2406 3714 2460 promp-

2120 2507 2228 2547 tum
2279 2509 2377 2562 pro
2414 2492 2619 2544 viribus
2643 2489 2846 2544 nostris
2881 2494 3162 2559 syntagma
3202 2484 3555 2555 perfecimus.
3584 2482 3715 2537 Om-

2117 2589 2265 2642 nium
2298 2597 2477 2638 autem
2512 2584 2863 2637 mllertorum
2910 2595 3181 2636 canonum
3235 2578 3534 2647 potentiam
3586 2592 3710 2629 eum

2116 2683 2168 2734 in
2202 2680 2387 2748 viginti
2412 2687 2647 2747 quatuor
2680 2672 3033 2743 titulosjuxta
3060 2672 3363 2726 litterarum
3398 2679 3714 2722 noSIrarum

2070 2758 2073 2761 ’
2114 2786 2398 2824 numerum
2436 2766 2828 2829 distuibnerim,
2871 2773 2923 2817 et
2952 2762 3177 2817 cuilibet
3212 2775 3398 2814 eorum
3426 2756 3712 2811 materiam

2113 2862 2413 2930 subjectum
2448 2858 2601 2927 juxta
2628 2857 2857 2928 primam
2893 2854 3127 2924 propria:
3151 2852 3440 2908 sententia-
3470 2850 3710 2903 litteram
3766 2846 3767 2849 “

2113 2953 2161 3007 ei
2221 2966 2538 3018 congruam,
2595 2958 2742 3002 recte
2795 2944 3347 3007 accommodaverim,
3407 2952 3459 2996 et
3494 2940 3713 2994 nomina

3438 3046 3489 3087 et
3526 3034 3715 3089 titulo-

2116 3152 2236 3188 rtnn
2269 3137 2427 3190 t-tiatn
2475 3130 2653 3200 capita
2700 3145 2796 3199 per
2825 3128 3169 3183 arithmetica
3223 3127 3556 3180 ostenderim
3598 3128 3711 3178 ele-

2116 3238 2320 3291 menta,
2384 3223 2622 3288 facilem,
2687 3223 2737 3275 ni
2795 3220 2975 3286 fallor,
3028 3231 3083 3275 et
3142 3218 3589 3287 eompendiosam
3642 3217 3711 3270 ad

2115 3317 2363 3387 ipsorum
2389 3315 2749 3385 cognitionem
2776 3313 3063 3366 ducentem
3095 3312 3235 3364 viam
3260 3311 3406 3364 seeui
3434 3327 3446 3361 :
3483 3318 3716 3378 pra-tex-

414 3447 531 3490 tutu
584 3431 781 3487 exinde
836 3446 1021 3485 eorum
1082 3430 1449 3498 pra-scindens
1499 3446 1634 3499 quos
1682 3447 1901 3501 operam
1964 3432 2031 3487 iis
2092 3431 2447 3502 aSsequendis
2492 3445 2694 3483 navare
2728 3427 2893 3497 piget,
2932 3427 3266 3479 tastidiosum
3324 3442 3510 3479 eorum
3569 3428 3713 3479 mulo

418 3526 700 3595 t'luquiuttt
773 3534 1006 3577 mentem
1077 3523 1317 3591 ipsorqu
1372 3522 1611 3577 obruens
1666 3524 2006 3593 objicientes,
2069 3534 2125 3579 et
2188 3536 2448 3593 prmterea
2499 3523 2764 3591 cuiuSque
2831 3521 3072 3573 materiae
3125 3532 3369 3572 canones
3398 3521 3585 3573 eodem
3654 3520 3708 3573 in

421 3620 537 3671 luco
577 3632 681 3670 non
711 3614 988 3670 collocari.
1046 3613 1246 3668 Adhaac
1302 3614 1486 3669 brevia
1519 3623 1573 3670 et
1594 3617 1811 3671 concisa
1852 3617 1987 3687 legis
2014 3620 2179 3673 etiam
2219 3617 2395 3673 civdis
2451 3614 2683 3685 capitula
2734 3614 2904 3668 saetis
2959 3614 3256 3667 eanunihus
3300 3612 3712 3666 commilitantia

410 3716 469 3763 et
498 3722 759 3772 consona,
793 3716 848 3771 et
870 3721 942 3761 ex
975 3706 1302 3762 abundantia
1354 3707 1418 3761 iis
1451 3710 2052 3781 attestautiapongruis
2081 3727 2355 3766 canonum
2392 3708 2659 3777 capitibus
2687 3707 2994 3777 appendere
3057 3721 3235 3775 operm
3269 3707 3502 3773 pretium
3554 3706 3707 3760 duxi.

487 3801 735 3863 Κανόνας
786 3800 845 3853 δέ
884 3801 937 3853 oi
976 3799 1220 3870 Πατέρες
1251 3802 1320 3854 τὰ
1362 3800 1514 3869 σφῶν
1562 3802 1744 3856 αὐτῶν
1797 3805 2007 3858 ἐπωνό-

417 3910 601 3963 μασαν
629 3892 1005 3962 διατάγματα,
1036 3891 1322 3961 τροπικῶς
1356 3896 1421 3964 τῇ
1459 3890 1605 3959 λέξει
1636 3896 2004 3966 χρησάμενοι,

419 3984 530 4040 ἀπὸ
562 3985 883 4055 μεταφορᾶς
916 3983 1012 4036 τοῦ
1039 3981 1205 4054 ὀρθοῦ
1241 3983 1423 4049 ξύλου,
1459 3978 1502 4053 ᾧ
1546 3986 1787 4057 χρῆσθαι
1815 3987 2005 4041 είώθε-

422 4094 525 4131 σαν
552 4078 602 4130 οἱ
636 4076 740 4140 τὰς
771 4074 1083 4146 βαναύσους
1120 4075 1231 4128 τῶν
1256 4076 1462 4146 τεχνῶν
1501 4080 1780 4146 μετιόντες
1806 4080 1886 4137 εἰς
1916 4077 2008 4145 ξύ-

419 4163 550 4230 λων,
584 4163 618 4234 ἢ
649 4162 895 4233 λίθων,ἥ
934 4162 1235 4217 ὁποιωνοῦν
1281 4164 1485 4233 ἐτέρων
1532 4166 1841 4237 εὐθύτητα·
1882 4170 2013 4222 ἀπο-

418 4255 703 4326 ξυομένοις
735 4256 848 4327 γὰρ
891 4256 1140 4321 ἐκείνοις
1172 4257 1616 4329 παρατιθέμενον
1645 4259 1796 4329 ὀρθοῖ
1833 4258 2009 4314 ταῦτα

415 4349 512 4402 καὶ
538 4348 715 4413 ἐξισοῖ
744 4349 883 4420 πρὸς
923 4350 1024 4418 τὴν
1056 4349 1307 4419 ἀλλήλων
1340 4350 1551 4421 ἀκριϐῆ
1596 4350 1896 4423 σύμπηξιν.
1941 4353 2009 4408 Ἠ

2186 3804 2359 3860 Porro
2388 3805 2576 3858 Patres
2610 3817 2706 3855 sua
2740 3801 2983 3870 ipsorum
3015 3800 3234 3853 decreta
3277 3800 3703 3853 denominaruut

2112 3911 2375 3959 canones,
2402 3894 2671 3950 voeabulo
2706 3891 2812 3947 isto
2835 3892 3043 3961 tropice
3072 3891 3178 3955 usi,
3205 3906 3302 3959 per
3331 3893 3706 3961 metaphoram

2113 4006 2142 4044 a
2196 3997 2345 4044 recto
2396 3987 2542 4056 ligno
2582 3993 2885 4052 sumptam,
2924 3998 3055 4052 quo,
3098 3983 3189 4051 qui
3228 3984 3437 4036 artibus
3481 3984 3706 4037 mecha-

2113 4081 2251 4136 nicis
2301 4086 2668 4148 occupantur,
2707 4078 2781 4131 uti
2836 4076 3013 4129 solent
3043 4074 3109 4128 ad
3150 4074 3276 4143 ligni
3311 4085 3400 4127 aut
3434 4074 3701 4143 lapidum,

2116 4185 2211 4229 aut
2248 4172 2480 4227 aliarum
2514 4183 2972 4240 quarumcunque
3016 4182 3196 4219 rerum
3245 4166 3629 4221 rectitudinem
3685 4188 3701 4225 :

2114 4266 2218 4321 hoc
2246 4264 2390 4318 enim
2425 4263 2489 4318 iis
2535 4260 2789 4331 expolitis
2824 4259 3154 4330 appositum,
3198 4271 3262 4311 ea
3304 4258 3506 4326 dirigit,
3543 4271 3597 4311 et
3634 4260 3702 4315 ad

2111 4358 2425 4409 accuratam
2455 4351 2598 4404 inter
2648 4363 2769 4403 sese
2792 4349 3226 4417 coinpaelionem
3274 4361 3547 4415 exaequat.
3576 4347 3702 4402 llzec

415 4438 471 4490 δὲ
508 4438 602 4492 τοῦ
634 4437 860 4500 κανόνος
904 4434 1051 4506 αὕτη
1091 4436 1443 4508 προσηγορία
1489 4438 1586 4490 καὶ
1626 4436 1844 4500 πολλοῖς
1890 4440 2007 4491 ἐτέ-

2112 4455 2290 4498 autem
2320 4442 2544 4498 canonis
2571 4439 2863 4510 appellatio
2888 4453 2916 4492 a
2945 4438 3133 4492 multis
3158 4440 3323 4493 etiam
3350 4439 3473 4493 aliis
3501 4440 3703 4493 libera-

421 4546 535 4598 ροις
565 4529 943 4599 παρείληπται
978 4527 1219 4596 λογικῶν
1250 4527 1462 4599 τεχνῶν
1495 4530 1829 4599 ἐπιστήμοσι
1850 4545 1864 4559 ⁸
1904 4531 2004 4584 καὶ

417 4622 466 4673 οἱ
496 4623 596 4689 τὴν
642 4618 1049 4690 γραμματικὴν
1098 4619 1207 4689 γὰρ
1243 4620 1667 4691 τεχνησάμενοι,
1723 4621 1819 4673 καὶ
1851 4622 2004 4689 ιριλό⁴

421 4728 600 4778 σοφοι,
640 4717 735 4765 καὶ
772 4711 975 4780 ἰατροὶ,
1026 4711 1121 4763 καὶ
1154 4712 1203 4763 ci
1251 4710 1352 4775 τὰς
1386 4712 1654 4783 ἁρμονίας
1686 4712 1796 4764 τῶν
1823 4712 2003 4781 μελῶν

418 4803 785 4867 συντιθέντες,
827 4803 889 4855 οὑ
928 4801 1038 4874 μὴν
1087 4801 1228 4856 ἀλλὰ
1276 4804 1373 4855 καὶ
1420 4804 1470 4857 οἳ
1521 4804 1653 4868 τοὺς
1686 4803 2002 4869 πολιτικοὺς

419 4892 786 4961 συντετάχασι
816 4891 1038 4961 νόμους,
1077 4891 1153 4954 ὡς
1189 4891 1291 4945 οὐκ
1320 4892 1653 4963 ἀσύμφωνον
1683 4894 1746 4947 τὸ
1774 4893 1870 4947 τοῦ
1904 4910 2006 4947 κα·

415 4983 569 5045 νὸνος
611 4983 782 5052 ὄνομα
813 4985 925 5045 τοῖς
959 4982 1173 5036 ἐαυτῶν
1205 4984 1589 5053 συντάγμασιν
1620 4987 2000 5056 ἐπεφήμισαν.

416 5075 538 5128 Εὲσὶ
573 5076 628 5127 δέ
657 5077 748 5127 καὶ
776 5070 858 5138 οἷς
887 5075 1049 5145 ὄρους
1082 5076 1249 5145 ἤρεσε
1276 5076 1346 5127 τὰ
1369 5075 1597 5128 τοιαῦτα
1632 5077 1999 5147 ἐπονομάσαι,

415 5169 491 5229 ὡς
520 5166 944 5237 ἁποδιαιροῦντα
977 5167 1088 5220 τῶν
1123 5167 1299 5220 ἄλλων
1328 5170 1423 5220 καὶ
1457 5168 1873 5232 ἀποδιῐστάντα,
1907 5171 2003 5223 καὶ

421 5259 823 5321 απευθύνοντα,
879 5257 975 5311 τοῦ
1024 5258 1099 5327 μὴ
1153 5258 1586 5328 παρέγγραπτόν
1628 5277 1680 5311 τι
1718 5264 1813 5313 καὶ
1847 5262 2001 5315 νόθον

418 5353 531 5413 eti;
560 5351 902 5421 ὁριζομένοις
932 5351 1310 5420 εἰσφέρεσθαι,
1342 5351 1416 5413 ὡς
1459 5352 1554 5404 καὶ
1587 5351 1664 5418 τῷ
1703 5353 2001 5423 Ἱπποκρά-

414 5460 498 5494 τει
535 5443 713 5504 καλῶς
747 5443 928 5507 ἔδοξεν
972 5444 1144 5513 ἔχειν,
1193 5442 1337 5496 οὕτω
1369 5443 1437 5497 τὰ
1485 5445 1837 5516 κεφαλαιώδη
1890 5447 1999 5501 τῶν

417 5535 766 5603 πονηθέντων
794 5536 944 5603 αὐτῷ
980 5536 1322 5604 ἐπονομάσαι
1356 5538 1792 5607 συγγράμματα.
1837 5541 2000 5594 Ἀλλὰ

415 5631 530 5687 τοῖς
561 5628 661 5697 μὲν
689 5645 799 5680 των
828 5627 1004 5681 ἄλλων
1034 5630 1492 5700 συγγράμμασιν,
1518 5631 1567 5682 εί
1598 5630 1805 5700 κυρίως
1834 5635 1865 5702 ἡ
1901 5649 1930 5684 τ
1950 5633 1996 5685 ,ὗ

416 5740 451 5775 κ
494 5722 643 5783 νόνος
702 5720 1056 5790 ἐπεφημίσθη
1120 5722 1445 5792 ἐπωνυμία,
1497 5723 1709 5793 ἑτέροις
1763 5724 1996 5778 δεδόσθω

2111 4537 2240 4590 lium
2290 4537 2490 4589 artium
2551 4533 2743 4603 peritis
2798 4542 3118 4602 usurpatur.
3182 4531 3400 4587 Etenim
3455 4534 3547 4602 qui
3595 4534 3697 4588 arti

2107 4630 2477 4700 grammaticae
2507 4643 2730 4699 Operam
2760 4625 2916 4693 dant,
2948 4638 3003 4681 et
3028 4624 3362 4695 philosophi.
3395 4638 3448 4681 et
3476 4628 3695 4689 medici,

2107 4734 2161 4777 et
2178 4724 2268 4792 qui
2289 4722 2527 4776 musicas
2551 4720 2867 4775 hartnonias
2890 4728 3342 4787 composuerunt,
3375 4718 3504 4786 quin
3528 4718 3694 4771 etiam

2106 4818 2198 4887 qui
2225 4816 2414 4871 civiles
2438 4814 2772 4870 ordinarunt
2802 4812 2970 4882 leges,
2997 4811 3222 4865 canonis
3253 4825 3473 4869 nomen.
3503 4822 3558 4862 ut
3588 4827 3695 4864 non

2106 4912 2490 4979 incongruum,
2524 4907 2641 4961 suis
2681 4905 2847 4960 etiam
2886 4904 3144 4973 operibus
3190 4902 3523 4972 imposuere.
3576 4901 3692 4957 Non

2105 5004 2302 5056 desunt
2323 5012 2504 5055 autem
2542 4999 2742 5067 quibus
2764 4998 3078 5067 hujusmodi
3116 5012 3202 5053 res
3228 5000 3495 5053 terminos
3528 4999 3694 5051 etiam

2105 5106 2420 5161 nuncupare
2451 5091 2645 5160 placet,
2673 5100 2731 5144 ut
2751 5104 2873 5159 quae
2896 5089 2963 5143 ab
2983 5089 3103 5144 aliis
3123 5089 3399 5153 dividunt,
3424 5101 3476 5144 et
3500 5091 3695 5145 distin-

2104 5190 2294 5248 guunt,
2313 5188 2367 5233 et
2391 5180 2710 5249 disponunt,
2735 5193 2801 5233 ne
2818 5178 2945 5253 quid
2961 5178 3369 5248 supposititium
3389 5190 3444 5234 et
3464 5183 3690 5233 nuthum

2104 5273 2267 5325 rebus
2308 5271 2690 5326 determinatis
2745 5271 3125 5326 introducatur
3163 5289 3177 5326 :
3223 5273 3688 5343 quemadmodum

2102 5375 2158 5417 et
2217 5362 2535 5433 Hippocrati
2596 5365 2735 5420 bene
2767 5365 2942 5420 visum
2969 5375 3078 5429 est,
3122 5367 3423 5422 summaria
3465 5383 3691 5420 suorum

2102 5454 2264 5508 etiam
2315 5469 2541 5520 operum
2575 5455 2976 5510 commentaria
3024 5456 3098 5511 ita
3153 5456 3459 5512 nominare.
3492 5456 3688 5512 Utrum

2106 5561 2236 5600 vero
2263 5541 2503 5600 aliorum
2564 5549 2787 5616 scriptis
2841 5547 3085 5604 Canonis
3133 5550 3426 5619 appellatio
3472 5551 3693 5619 proprie

2104 5641 2399 5702 tribuatur,
2452 5640 2575 5695 aliis
2630 5641 3094 5698 considerandum
3146 5642 3505 5710 relinquatur.
3543 5641 3693 5693 Heli-

2107 5733 2255 5801 giosa
2283 5741 2461 5787 autem
2512 5732 2735 5790 Patrum
2774 5737 2994 5791 decreta
3031 5750 3249 5791 summo
3283 5750 3392 5811 pra:
3433 5737 3687 5793 Omnibus
