4016 6402
491 267 596 329 961

1685 270 1736 329 Μ
1749 269 1948 329 ATTH
1960 267 2050 327 ,ΕΙ
2086 267 2504 331 BLASTAlllS
3601 292 3694 357 968

488 385 614 438 aliis
642 381 762 449 jure
789 399 980 439 nomen
1009 384 1114 439 hoc
1146 387 1336 441 sortita
1364 397 1490 442 sunt
1521 405 1534 440 :
1558 389 1755 457 quippe
1776 404 1894 456 qua:
1922 389 2061 450 illos,

2170 391 2394 442 σκοπεῖν
2415 407 2428 421 ⁸
2452 392 2519 444 τὰ
2547 393 2602 447 δέ
2638 411 2699 463 γε
2723 395 2832 451 τῶν
2866 398 3128 470 Πατέρων
3151 403 3348 473 εὐσεϐῆ
3371 405 3696 477 διατάγματα,

494 477 584 542 qui
620 477 685 529 iis
716 491 916 529 morem
944 488 1160 546 gerunt,
1201 479 1266 532 ad
1295 489 1497 533 rectam
1531 481 1689 535 (idem
1718 480 1978 548 dirigunt,
2012 488 2066 533 et

492 570 560 619 ad
591 567 754 619 vitam
786 567 893 620 Deo
927 576 1204 637 acceptam
1247 580 1397 624 recte
1431 569 1731 626 deducunt.
1764 569 2068 638 Peroppor-

495 671 685 712 tnnum
721 668 902 713 autem
938 660 1046 713 erit
1092 661 1301 725 ordine,
1346 672 1609 731 quantum
1661 663 1716 717 in
1765 661 1923 716 nobis
1961 667 2064 724 est,

494 751 775 819 sigillatim
831 765 1279 816 commemorare,
1307 752 1545 822 quando,
1602 763 1713 807 eta
1761 752 1980 821 quibus,
2014 760 2069 804 et

494 843 768 914 quomodo
817 843 1012 913 singuli
1047 858 1290 899 canones
1323 845 1375 899 in
1429 845 1602 899 lucem
1633 844 1982 914 prodierunt,
2013 851 2068 895 et

497 935 717 988 lucerna
764 933 991 1003 pedibus
1037 934 1262 1000 nostris,
1314 943 1368 990 et
1401 935 1492 988 lux
1541 934 1775 1000 semitis,
1813 933 1960 1002 qttod
1995 933 2063 986 ad

496 1030 663 1081 vitam
682 1027 1019 1096 dirigendam
1039 1025 1256 1092 attinet,
1274 1037 1589 1083 evaserunt.
1609 1025 1682 1081 Ut
1697 1034 1877 1080 autem
1893 1024 2069 1080 oratio

497 1119 688 1174 ordine
736 1119 1013 1186 procedat,
1045 1121 1112 1175 de
1161 1119 1394 1190 singulis
1439 1118 1685 1190 synodis,
1735 1128 1789 1172 et
1815 1116 2070 1172 Patribus

498 1211 593 1278 qui
644 1210 898 1278 privatim
951 1210 1313 1280 scripserunt,
1344 1210 1662 1266 meminisse
1692 1210 1870 1276 decet,
1913 1209 2068 1280 juxta

503 1302 762 1371 temporis
792 1303 1007 1370 quidem
1043 1301 1490 1371 consequentiam
1530 1310 1586 1356 et
1616 1316 1778 1371 quem
1827 1301 1972 1354 istud
2001 1299 2068 1356 iis

495 1396 743 1449 ordinem
811 1395 1089 1464 imposuit.
1146 1394 1284 1460 Quin
1337 1402 1392 1448 et
1446 1394 1803 1463 imperatores
1838 1407 2066 1464 quorum

499 1487 832 1556 temporibus
890 1487 1200 1542 divinorum
1252 1487 1443 1541 horum
1502 1486 1606 1542 sub
1658 1487 1774 1543 Deo
1819 1497 2070 1542 auctores

495 1593 765 1631 canonum
797 1578 1116 1633 claruerunt
1139 1579 1602 1635 comrnemorandi
1629 1589 1776 1634 sunt.
1807 1579 1898 1635 Sic
1923 1580 2067 1635 enim

496 1667 674 1721 oratio
707 1669 994 1737 perspicua
1025 1669 1150 1723 erit.

639 1781 680 1836 Ι.
725 1780 798 1834 De
837 1791 1142 1836 sanctorum
1193 1784 1554 1852 apostolorum
1607 1786 1922 1840 canonibtts.

574 1895 898 1950 Sanctorum
930 1896 1299 1964 apostolorum
1335 1899 1556 1954 nomine
1591 1898 1887 1968 nuncupati
1913 1907 2066 1953 octo-

501 1990 650 2057 ginta
682 1989 923 2057 quinque
951 2002 1193 2044 canones
1231 1989 1394 2059 primi
1428 1989 1869 2046 commodissime
1899 1990 2067 2044 collo-

497 2090 710 2146 cantur,
735 2089 922 2149 utpote
940 2081 1054 2149 qui,
1080 2090 1140 2134 ut
1169 2080 1323 2134 aiunt
1348 2081 1617 2145 nonnulli,
1645 2095 1676 2135 a
1703 2095 1898 2150 magno
1923 2080 2066 2134 inter

497 2181 767 2242 martyres
783 2171 1063 2227 Clemente
1080 2171 1381 2240 conscripti
1400 2181 1548 2227 sunt.
1568 2170 1668 2226 Hic
1686 2183 1864 2227 autem
1883 2173 2063 2242 magni

497 2263 645 2317 Petri
691 2263 871 2316 socius
919 2262 1043 2328 fuit,
1076 2262 1373 2330 quinetiam
1404 2272 1460 2316 et
1494 2262 1601 2319 divi
1633 2262 1810 2327 Pauli,
1844 2275 1901 2318 ut
1935 2263 2052 2331 ipse

495 2357 756 2410 nimirum
785 2355 853 2409 de
877 2369 941 2410 eo
961 2356 1124 2409 tradit
1147 2373 1160 2408 :
1184 2355 1275 2424 qui
1305 2355 1496 2410 tertius
1526 2365 1646 2425 post
1671 2367 2059 2426 praeceptorem

494 2447 716 2502 Petrum
749 2447 936 2501 Romae
966 2447 1256 2517 episcopus
1294 2447 1607 2501 nominatus
1632 2457 1740 2512 est,
1775 2447 1912 2503 Lino
1941 2462 2065 2504 suc-

494 2542 696 2596 Cedens
725 2558 738 2594 :
769 2549 825 2595 et
851 2540 1095 2609 martyrii
1120 2554 1323 2595 corona
1351 2543 1452 2596 sub
1481 2541 1812 2610 imperatore
1827 2540 2063 2611 Trajano

495 2633 778 2685 redimitus
839 2641 940 2686 est.
998 2632 1330 2686 Clementem
1384 2643 1566 2686 autem
1618 2647 1713 2686 eos
1776 2632 2062 2702 scripsisse

496 2721 740 2775 uommlli
771 2722 1139 2790 conjecturam
1163 2721 1408 2778 fecerunt
1434 2737 1500 2777 ex
1529 2737 1594 2777 eo
1621 2723 1766 2792 quod
1791 2725 1848 2777 in
1876 2721 2062 2777 ultimo

494 2829 705 2869 canone
745 2814 1015 2884 propriam
1058 2830 1212 2870 suam
1269 2815 1474 2870 inducit
1530 2829 1866 2884 personam;
1915 2816 2060 2885 quod

495 2905 658 2958 etiam
701 2905 883 2957 divum
927 2905 1130 2958 Lucam
1183 2904 1238 2959 in
1277 2904 1428 2960 Actis
1467 2904 1833 2974 apostolorum
1865 2904 2062 2961 fecisse

494 3002 729 3048 constat.
758 2992 1038 3064 Nusquam
1066 2993 1210 3048 enim
1237 3009 1426 3050 omnes
1450 3009 1633 3049 sacros
1655 2995 1926 3065 apostolos
1952 3011 2058 3050 una

495 3085 816 3140 convenisse
865 3095 920 3140 et
969 3101 1065 3140 eos
1107 3087 1381 3140 communi
1414 3102 1684 3142 consensu
1715 3088 2062 3145 constituisse

495 3179 714 3246 scriptis
751 3179 1006 3232 traditur.
1042 3178 1108 3232 Et
1141 3179 1434 3234 verisimile
1457 3188 1545 3235 est
1569 3195 1812 3236 summos
1842 3190 2062 3251 aposto-

491 3269 668 3324 lorum
700 3271 748 3324 ei
781 3270 870 3338 qui
903 3270 1104 3323 tamdiu
1135 3271 1422 3339 praesentia
1455 3271 1697 3342 ipsorum
1729 3273 1924 3328 fruitus
1957 3284 2061 3338 est,

493 3359 614 3413 illos
668 3361 928 3427 dictasse,
988 3369 1044 3414 et
1095 3359 1327 3428 iussisse
1373 3371 1435 3415 ut
1484 3363 1704 3433 scriptis
1751 3365 2056 3420 mandaret.

491 3451 634 3506 lluic
680 3461 861 3505 autem
907 3461 960 3506 et
1008 3453 1261 3522 Epistola:
1310 3454 1375 3508 ad
1408 3453 1663 3510 Hebrzeos
1711 3455 1764 3510 in
1819 3456 2059 3527 linguam

491 3544 736 3600 Graecam
771 3545 1280 3614 interpretationem
1305 3547 1586 3602 ascribunt
1613 3564 1628 3602 :
1663 3547 1892 3602 multum
1915 3549 2060 3603 enim

491 3647 577 3692 est
606 3636 904 3701 afﬁnitatis,
940 3645 994 3691 et
1025 3637 1187 3692 ambo
1216 3640 1464 3694 eamdem
1496 3639 1730 3708 speciem
1787 3647 1843 3694 et
1892 3641 2063 3710 ipsius

489 3729 747 3799 loquendi
776 3729 1023 3784 formulae
1067 3731 1440 3786 characterem
1477 3730 1677 3788 ferunt.
1709 3729 1830 3787 Non
1880 3743 2060 3788 autem

493 3838 579 3876 me
608 3823 738 3877 latet
768 3823 1030 3891 quosdam
1058 3838 1088 3876 e
1113 3824 1392 3878 veteribus
1423 3823 1590 3881 hosce
1619 3841 1858 3884 canones
1883 3829 2060 3884 dubiae

491 3913 618 3968 fidei
648 3914 1010 3978 existimasse,
1041 3915 1213 3969 donec
1245 3926 1433 3970 sancta
1455 3925 1510 3971 et
1535 3919 1880 3974 mcumenica
1905 3930 2060 3975 sexta

490 4006 749 4076 synodus,
813 4007 1055 4060 omnium
1112 4021 1394 4062 sacrorum
1453 4023 1718 4064 canonum
1771 4026 2059 4067 numerum

490 4099 882 4165 determiuans,
930 4114 1064 4167 quos
1097 4110 1203 4154 tam
1244 4104 1596 4157 mcutnenicae
1646 4118 1807 4173 quam
1858 4104 2062 4161 locales

491 4187 705 4256 synodi,
737 4203 978 4256 quosque
1013 4190 1180 4242 etiam
1229 4191 1474 4244 nonnulli
1521 4192 1721 4259 pietate
1772 4201 1828 4246 et
1857 4194 2060 4250 virtute

491 4278 674 4333 eximii
710 4276 902 4333 Patres
952 4279 1200 4348 privatim
1246 4292 1691 4350 composuerant,
1737 4283 1926 4336 horum
1975 4284 2060 4339 in-

2170 479 2372 575 παντὸς
2401 482 2606 550 μᾶλλον
2629 487 2859 551 εἰκότως
2886 492 3096 562 ταύτην
3132 495 3258 567 ἔσχε
3281 499 3379 568 τὴν
3405 502 3694 575 πρόσρησιν,

2168 567 2255 664 οἷα
2293 571 2420 635 τοὺς
2454 576 2816 646 πειθομένους
2848 583 3030 646 αὐτοῖς
3059 587 3196 655 πρὸς
3236 567 3519 664 τὴνόρθὴν
3541 567 3696 651 uelites;

2169 660 2403 716 θύνοντα
2452 664 2659 731 πίστιν,
2713 672 2807 722 καὶ
2857 674 2995 741 πρὸς
3041 675 3268 749 θεοφιλῆ
3320 660 3434 749 βίον
3478 660 3698 753 ἀπλανῶς

2169 753 2529 823 ἐφελκόμενα.
2600 758 3055 833 Ἐπικαιρότατον
3098 767 3144 820 δ’
3196 770 3263 823 ἂν
3318 775 3400 840 εἴη
3458 779 3546 830 καὶ
3582 784 3698 835 κατὰ

2173 845 2336 916 μέρος
2373 845 2524 916 ἑξῆς,
2557 851 2633 916 ὡς
2659 855 2790 920 γοῦν
2812 858 2946 926 ἡμῖν
2974 859 3215 929 ἐφικτὸν,
3250 865 3545 935 ἱστορῆσαι,
3568 873 3695 937 πότε,

2171 939 2282 991 κάκ
2311 939 2492 1006 τίνων,
2523 945 2617 996 καὶ
2651 945 2798 1010 ὅπως
2830 951 2913 1013 είς
2941 953 3057 1020 φῶς
3090 953 3320 1020 ἕκαστος
3351 959 3456 1012 τῶν
3488 964 3698 1018 κανόνων

2169 1031 2463 1101 προῆλθον,
2493 1037 2588 1088 καὶ
2620 1037 2812 1107 λύχνος
2839 1044 2952 1104 τοῖς
2981 1045 3144 1114 ἡμῶν
3176 1049 3320 1112 ποσὶ,
3350 1052 3438 1103 καὶ
3475 1054 3581 1120 φῶς
3602 1059 3699 1115 ταῖς

2169 1123 2311 1177 κατά
2337 1125 2431 1178 τὸν
2472 1127 2588 1195 βίον
2620 1131 2971 1198 ἐγεγόνεισαν
2999 1137 3230 1208 τρίϐοις.
3265 1143 3379 1194 Ἵνα
3406 1143 3459 1195 δὲ
3489 1145 3575 1197 καὶ
3601 1147 3700 1198 καθ’

2170 1214 2364 1306 είρμδν
2389 1219 2419 1270 ὀ
2449 1217 2610 1286 λόγος
2633 1223 2840 1290 προΐοι,
2875 1225 3114 1298 ἑκάστης
3137 1231 3354 1286 συνόδου
3385 1235 3475 1288 καὶ
3501 1235 3596 1288 τῶν
3617 1238 3701 1306 ἰδίᾳ

2168 1304 2500 1373 γραψάντων
2536 1311 2796 1381 Πατέρων
2837 1321 3270 1388 μνημονευτέον,
3325 1327 3464 1378 κατὰ
3504 1325 3592 1396 τὴν
3623 1304 3700 1379 τού

2168 1398 2364 1468 χρόνου
2401 1400 2586 1467 μέντοι
2621 1403 2966 1474 ἀκολουθίαν,
2999 1411 3094 1462 καὶ
3123 1410 3189 1481 ἢν
3219 1406 3374 1477 οὗτος
3428 1417 3570 1481 τάξιν
3599 1417 3700 1470 τού-

2169 1505 2283 1551 τοις
2309 1489 2599 1560 ἐπέθηκεν.
2639 1495 3041 1568 Ἐπιμνηστέον
3085 1502 3142 1555 δέ
3176 1505 3274 1557 καὶ
3305 1506 3412 1560 τῶν
3446 1508 3700 1576 βασιλέων,

2170 1581 2293 1632 καθ’
2329 1581 2424 1646 οὒς
2455 1584 2506 1636 oi
2537 1584 2821 1658 ὑποφῆται
2869 1592 2980 1645 τῶν
3031 1593 3195 1648 θείων
3223 1599 3450 1651 τουτωνὶ
3495 1602 3702 1655 κανόνων

2095 1716 2146 1776 Β
2173 1672 2487 1746 ἐξέλαμψαν
2507 1693 2520 1708 ·
2553 1678 2697 1734 οὕτω
2735 1681 2846 1752 γὰρ
2870 1684 2936 1738 ἂν
2965 1686 2992 1739 ό
3019 1685 3178 1755 λόγος
3208 1691 3528 1756 εὐσύνοπτος
3549 1695 3643 1762 είη.

2204 1787 2284 1842 A'.
2320 1789 2461 1858 Περὶ
2492 1790 2612 1846 τῶν
2649 1796 2931 1850 κανόνων
2962 1798 3081 1852 τῶν
3112 1801 3300 1870 ἁγίων
3331 1803 3675 1862 ἀποστόλων.

2242 1901 2457 1970 Πρῶτοι
2497 1904 2681 1959 τοίνυν
2709 1909 2758 1960 oi
2789 1909 2879 1962 ἐπ’
2908 1909 3134 1981 ὀνόματι
3165 1913 3278 1968 τῶν
3315 1913 3482 1983 ἁγίων
3505 1918 3705 1971 ἀποστό-

2167 1989 2276 2042 λων
2307 1992 2468 2046 πέντε
2496 1994 2634 2064 πρὸς
2678 2000 2792 2062 τοῖς
2822 1999 3160 2072 ὀγδοήκοντα
3202 2008 3427 2071 κανόνες
3457 2010 3512 2061 ἐν
3539 2012 3598 2080 τῇ
3623 2010 3702 2062 τοῦ

2168 2082 2337 2136 καλοῦ
2362 2084 2556 2156 πρώτῃ
2589 2089 2756 2159 μοίρᾳ
2786 2090 3116 2157 ἐκδὲδονται,
3146 2101 3470 2168 συγγραφέα
3495 2101 3703 2170 σχόντες,

2167 2171 2244 2235 ὥς
2296 2175 2430 2242 φασί
2476 2194 2644 2243 τινες,
2693 2179 2785 2232 τὸν
2837 2183 3012 2250 μέγαν
3056 2185 3114 2237 ἐν
3151 2187 3390 2258 μάρτυσι
3426 2189 3700 2260 Κλήμεντα.

2167 2264 2379 2336 Πέτρου
2427 2267 2484 2320 δέ
2532 2263 2601 2335 ἦν
2655 2271 2766 2340 ἄρα
2803 2266 2962 2336 οὗτος
3009 2275 3281 2348 ὁμιλητὴς
3323 2280 3414 2333 τοῦ
3465 2282 3701 2352 μεγάλου·

2166 2355 2302 2410 ἀλλὰ
2331 2358 2396 2428 δὴ
2421 2361 2516 2412 καὶ
2548 2359 2767 2415 Παύλου
2792 2364 2889 2418 τοῦ
2921 2365 3088 2434 Θείου,
3119 2369 3197 2432 ὡς
3229 2372 3387 2436 αὐτὸς
3412 2373 3571 2439 δήπου
3595 2378 3701 2445 περὶ

2167 2447 2362 2501 ἑαυτοῦ
2415 2451 2658 2522 ίστορείο
2703 2452 2763 2517 ὃς
2819 2455 3004 2527 τρίτος
3071 2462 3217 2528 μετά
3269 2463 3362 2516 τὸν
3416 2465 3701 2518 διδάσκαλον

2166 2537 2378 2608 Πέτρον
2413 2540 2514 2611 τῆς
2558 2542 2782 2616 Ῥώμης
2823 2546 3124 2614 ἐπίσκοπος
3183 2555 3582 2624 κεχρημάτικε,
3625 2557 3699 2609 τὸν

2165 2632 2325 2685 Λῖνον
2358 2631 2764 2704 διαδεξάμενος,
2791 2638 2884 2691 καὶ
2925 2641 3017 2694 τὸν
3058 2651 3401 2713 μαρτυρικὺν
3439 2649 3698 2718 ἀνεδήσατο

2167 2724 2454 2792 στέφανον,
2479 2726 2574 2802 ἐπὶ
2597 2727 2870 2797 Τραϊανοῦ
2897 2731 3183 2800 βασιλέως.
3214 2737 3328 2809 Κλή
3339 2757 3499 2809 μεντα
3521 2741 3570 2794 δέ
3592 2741 3693 2793 τού·

2165 2829 2293 2876 τους
2316 2815 2523 2886 γράψαι
2565 2819 2714 2881 τινὲς
2752 2821 3138 2892 ἐστοχάσαντο,
3191 2829 3258 2882 ἐκ
3302 2833 3393 2884 τοῦ
3439 2834 3496 2885 τὸ
3527 2834 3696 2885 οἰκεῖον

2165 2907 2408 2974 εἰσάγειν
2437 2909 2734 2978 πρόσωπον
2763 2911 2840 2982 τῷ
2882 2914 3188 2989 τελευταίῳ
3232 2923 3435 2985 κανόνι,
3474 2923 3540 2985 ὥς
3565 2940 3620 2990 γε
3645 2921 3695 2990 δὴ

2167 2999 2264 3051 καὶ
2295 3000 2322 3052 ό
2355 3000 2496 3066 θεῖος
2526 3003 2744 3067 Λουκᾶς
2773 3005 2832 3058 ἐν
2869 3009 2992 3071 ταῖς
3031 3010 3277 3080 Πράξεσι
3325 3016 3490 3067 ποιῶν
3515 3015 3695 3067 δείκνυ-

2165 3103 2291 3140 ταιο
2345 3089 2467 3142 οὐδὲ
2516 3090 2626 3162 γὰρ
2689 3095 2976 3168 ίστόρηταί
3023 3117 3127 3153 που
3170 3103 3382 3168 πάντας
3434 3107 3510 3168 εἰς
3557 3102 3693 3157 ταυτὸ

2167 3179 2445 3234 συνελθεῖν
2471 3184 2600 3246 τοὺς
2652 3185 2832 3258 ἱεροὺς
2867 3190 3226 3261 ἀποστόλους,
3279 3197 3375 3249 καὶ
3415 3197 3558 3267 κοινῇ
3588 3193 3694 3248 τούς

2164 3286 2287 3334 τους
2319 3274 2707 3344 συντεταχέναι
2735 3293 2750 3308 ·
2781 3282 2876 3333 καὶ
2924 3283 3073 3346 είκός
3119 3301 3185 3352 γε
3229 3287 3357 3351 τοὺς
3387 3288 3580 3358 ἄκρους
3605 3286 3694 3338 τῶν

2164 3363 2502 3432 ἀποστόλων,
2536 3367 2616 3438 τῷ
2654 3368 2822 3423 πολὺν
2874 3371 2977 3443 ήδη
3029 3375 3230 3444 χρόνον
3281 3377 3381 3448 τῆς
3437 3376 3695 3436 συνουσίας

2165 3453 2348 3508 αὐτῶν
2407 3455 2842 3527 ἀπολελαυκότι,
2898 3465 3126 3529 τούτους
3175 3469 3566 3540 ύπαγορεῦσαι,
3617 3468 3696 3518 καὶ

2163 3548 2348 3616 γραφῇ
2414 3546 2600 3602 δοῦναι
2672 3551 2954 3609 κελεῦσαι.
3018 3553 3211 3628 Τούτῳ
3263 3559 3366 3612 ικαὶ
3426 3561 3520 3628 τῆς
3582 3557 3694 3626 πρὸς

2175 3635 2464 3707 Ἐϐραίους
2496 3640 2786 3713 ἐπιπολῆς
2813 3643 2914 3715 τὴν
2963 3646 3099 3715 πρὸς
3145 3647 3246 3719 τὴν
3279 3649 3498 3704 Ἐλλάδα
3540 3647 3694 3716 φωνὴν

2161 3727 2462 3798 ἑρμηνείαν
2509 3731 2866 3787 ἀνατιθέασιο
2925 3736 3062 3790 πολὺ
3091 3738 3204 3810 γὰρ
3235 3741 3296 3793 τὸ
3345 3739 3588 3810 συγγενὲς
3614 3737 3694 3790 καὶ

2162 3816 2330 3887 ἄμφω
2367 3819 2594 3890 φέρουσι
2620 3822 2794 3878 ταῦτα
2829 3825 2928 3896 τῆς
2953 3826 3098 3890 ἰδέας
3130 3831 3232 3882 καὶ
3269 3830 3360 3884 τοῦ
3387 3828 3694 3899 χαρακτῆρος

2160 3906 2272 3960 τῶν
2299 3907 2475 3978 λόγων
2500 3912 2735 3966 ἐκείνου.
2765 3913 2880 3968 Ούκ
2907 3915 3090 3984 ἀγνοῶ
3113 3918 3191 3983 δέ,
3222 3919 3298 3982 ὥς
3327 3937 3465 3982 τινες
3491 3919 3589 3972 τῶν
3609 3920 3694 3984 ἁρ-

2160 3999 2352 4069 χαίων,
2381 4001 2712 4071 ἀμφιϐόλους
2744 4003 2832 4057 διὰ
2865 4005 3037 4059 ταῦτα
3066 4007 3194 4071 τοὺς
3226 4012 3452 4071 κανόνας
3482 4007 3686 4064 τούτους

2160 4093 2459 4163 ἡγήσαντο,
2482 4092 2586 4157 ἐως
2610 4095 2642 4165 ἡ
2673 4095 2804 4165 ἁγία
2831 4097 2925 4150 καὶ
2943 4098 3300 4171 οἰκουμενικὴ
3329 4101 3458 4169 ἕκτη
3487 4095 3691 4156 σύνοδος,

2159 4185 2259 4256 τὴν
2303 4183 2689 4254 ἀπαρίθμησιν
2745 4187 3044 4258 ποιουμένη
3103 4188 3216 4243 τῶν
3269 4190 3427 4260 ίερῶν
3470 4187 3694 4242 ἁπάντων

2162 4277 2426 4344 κανόνων,
2474 4277 2569 4341 οὒς
2599 4277 2661 4331 αἵ
2703 4294 2763 4331 τε
2799 4281 3187 4351 οἰκουμενικαὶ
3228 4285 3321 4336 καὶ
3351 4281 3562 4335 τοπικαὶ
3591 4291 3696 4329 συν-

491 4369 682 4439 primis
737 4370 1066 4424 mentionem
1130 4368 1282 4426 facit.
1336 4371 1478 4426 Dicit
1523 4373 1667 4425 enim
1719 4373 1819 4426 :A
1856 4374 2056 4430 sanctis

2164 4370 2426 4435 ετάξαντο
2452 4370 2682 4436 σύνοδοι,
2721 4373 2816 4425 καὶ
2848 4371 2942 4435 οὓς
2973 4369 3130 4437 αὖθις
3171 4375 3282 4446 ἰδίᾳ
3306 4375 3411 4428 τῶν
3445 4373 3527 4427 ἐπ’
3563 4371 3693 4423 εὐσε-

493 4459 742 4514 l’ntribns
771 4460 860 4528 qui
889 4474 986 4512 nos
1021 4470 1414 4528 praecesserunt
1453 4471 1738 4532 susceptos
1781 4473 1836 4518 et
1859 4463 2061 4518 contir-

492 4561 666 4604 tnatos
688 4561 738 4604 et
772 4552 928 4604 nobis
965 4553 1128 4604 etiam
1159 4553 1259 4606 sub
1290 4563 1605 4607 sanctorum
1625 4554 2056 4624 etgloriosorunt

489 4645 856 4710 apostolorum
923 4644 1138 4698 nomine
1197 4645 1427 4698 traditos
1485 4646 1760 4713 oclOginta
1818 4647 2058 4716 quinque

487 4751 724 4788 eanonus
756 4737 1106 4790 autoritatem
1168 4736 1404 4789 retinere
1434 4750 1532 4790 nos
1587 4738 1750 4789 etiam
1779 4738 2054 4808 iubemus,

487 4827 728 4892 exceptis
753 4823 1048 4880 Clementis
1073 4823 1330 4894 Epistolis
1351 4823 1941 4892 ctConstitutionibus;
1973 4827 2055 4881 ha:

488 4917 630 4967 enim
658 4918 841 4971 multis
860 4916 1177 4969 adulterinis
1197 4924 1252 4969 et
1274 4915 1594 4984 perniciosis
1610 4927 1880 4987 corrupta:
1900 4929 2048 4974 sunt.

488 4999 828 5073 “mediaque
871 5009 993 5061 talis
1021 5018 1290 5062 tantorum
1323 5017 1377 5061 et
1404 5015 1570 5061 tanta:
1599 5009 1939 5064 auctoritatis
1969 5012 2048 5064 vi-

489 5113 669 5151 rorum
696 5098 961 5151 sententia
985 5112 1200 5153 omnem
1230 5097 1392 5152 animi
1421 5097 1487 5151 de
1510 5099 1812 5154 canouibus
1835 5111 2050 5168 apostoc

489 5188 605 5241 licis
636 5189 1024 5244 dubitationem
1082 5204 1293 5246 summa
1348 5199 1615 5257 potestate
1654 5191 1888 5245 fidelium
1925 5208 2048 5247 cor-

489 5281 645 5333 dibus
675 5283 891 5338 evulsit.

2161 4462 2280 4533 ϐείᾳ
2307 4463 2699 4530 διενεγκόντων
2719 4466 2816 4517 καὶ
2845 4465 3016 4536 ἀρετῇ
3052 4467 3198 4520 Πατέ
3208 4485 3317 4537 ρων
3346 4469 3494 4529 ἔνιοι,
3517 4460 3695 4532 προῦρ-

2161 4570 2259 4621 γου
2302 4554 2509 4606 τούτων
2555 4555 3048 4625 ἀπεμνημόνευσε.
3095 4559 3236 4626 Φησὶ
3279 4560 3418 4628 γάρ’
3454 4558 3580 4616 Τοὺς
3606 4550 3694 4602 ὑπὸ

2159 4646 2268 4697 τῶν
2297 4645 2404 4715 πρὸ
2433 4645 2589 4714 ἡμῶν
2638 4646 2810 4714 ἀγίων
2856 4647 3118 4716 Πατέρων
3149 4651 3243 4702 καὶ
3272 4650 3566 4720 δεχθέντας,
3610 4637 3693 4692 καὶ

2159 4736 2533 4806 κυρωθέντας,
2566 4737 2702 4790 ἀλλὰ
2733 4738 2844 4807 μὴν
2888 4739 2983 4790 καὶ
3011 4740 3414 4808 παραδοθέντας
3453 4739 3576 4807 ἡμῖν
3617 4728 3691 4782 ἐπ’

2161 4829 2386 4898 ὀνόματι
2410 4828 2520 4882 τῶν
2561 4829 2733 4897 ἁγίων
2778 4831 2873 4883 καὶ¹
2919 4830 3146 4896 ἐνδόξων
3177 4831 3486 4886 ἀποστόλων
3526 4821 3693 4894 ὁγδοή-

2163 4939 2326 4974 κοντα
2356 4922 2517 4974 πέντε
2545 4922 2801 4984 κανόνας,
2835 4922 2895 4973 τδ
2925 4923 3096 4994 κῦρος
3124 4923 3270 4994 ἔχειν
3318 4923 3409 4976 καὶ
3437 4920 3586 4992 ἡμεῖς
3612 4929 3690 4966 κε-

2159 5014 2414 5081 λεύομεν,
2446 5011 2587 5082 πλὴν
2615 5013 2724 5065 τῶν
2750 5013 2845 5065 τοῦ
2874 5014 3191 5085 Κλήμεντος
3215 5016 3504 5069 ἐπιστολῶν
3533 5025 3585 5064 τε
3609 5007 3688 5062 καὶ

2159 5108 2486 5172 διατάξεων·
2529 5097 2688 5159 αὗται
2709 5109 2819 5177 γὰρ
2853 5107 2994 5176 πρὸς
3031 5109 3141 5162 τῶν
3175 5108 3446 5162 δυσσεσῶν
3481 5102 3604 5158 πολὺ
3639 5098 3688 5150 τὸ

2160 5200 2312 5254 νόθον
2355 5200 2448 5250 καὶ
2475 5196 2742 5265 σφαλερὸν
2769 5199 3129 5262 εἰσεδέξαντο.
3178 5201 3244 5254 Ἦ
3273 5199 3490 5265 τοιαύτη
3532 5193 3688 5246 τοίνυν

2161 5294 2300 5361 αὕτη
2339 5289 2492 5358 φωνὴ
2540 5289 2648 5340 τῶν
2690 5287 2960 5342 τοσούτων
3003 5295 3098 5345 καὶ
3145 5292 3475 5362 τηλικούτων
3508 5281 3689 5351 ἀνδρῶν

489 5381 666 5430 πάντα
717 5376 975 5444 λογισμὸν
1030 5379 1158 5446 περὶ
1216 5376 1324 5430 τῶν
1377 5377 1753 5432 ἀποστολικῶν
1801 5385 2042 5441 κανόνων
2083 5389 2387 5462 ἀμφίϐολον
2410 5387 2474 5438 ἐκ
2503 5384 2600 5454 τῆς
2631 5383 2739 5438 τῶν
2776 5385 2985 5439 πιστῶν
3024 5388 3250 5460 καρδίας
3319 5385 3455 5457 μετά
3518 5371 3685 5434 πολ)εοῦ

487 5469 580 5522 τοῦ
615 5469 769 5538 κρείτ
788 5486 924 5530 ,ονος
957 5487 1019 5520 πε
1030 5471 1248 5538 ριείλεν.

843 5583 902 5634 ΙΙ.
931 5583 1000 5634 De
1025 5586 1240 5652 synodo
1272 5584 1695 5656 Carthaginensi.

559 5697 806 5750 Omnium
833 5697 1040 5763 quidem
1073 5697 1452 5752 ιιιιὶγοτεηί-Ξιιιιι
1483 5702 1682 5768 pariter
1704 5719 1764 5758 ac
1798 5704 2046 5761 localiutn

2349 5587 2422 5643 B'.
2461 5591 2597 5658 Περὶ
2626 5588 2733 5657 τῆς
2761 5591 2830 5644 ἐν
2857 5593 3194 5662 Καρχηδόνι
3226 5589 3503 5646 συνόδου.

2231 5706 2352 5757 Τῶν
2384 5721 2445 5771 γε
2486 5704 2592 5773 μὴν
2636 5707 3033 5776 οἰκουμενικῶν
3069 5725 3128 5760 τε
3169 5707 3262 5759 καὶ
3291 5698 3518 5757 τοπικῶν
3555 5696 3681 5750 ἀπα·
