4016 6402
608 321 712 389 971
1801 310 2175 378 ΜᾹΤΤΗΙΕῘ

2238 316 2379 376 BLA
2389 307 2665 378 STARIS
3711 327 3790 390 972

541 429 553 510 ς
609 436 826 504 riensis,
850 433 1230 490 Athenodorus
1254 431 1370 510 ejus
1395 429 1586 496 frater,
1622 428 1969 486 Firmilianus
2000 419 2168 484 Caesa-

2287 429 2516 500 σαρείας
2550 429 2662 483 τῶν
2711 427 3126 496 Καππαδοκῶν,
3179 429 3274 484 καὶ
3305 429 3523 492 Ἕλενος
3571 433 3655 501 τῆς
3688 437 3794 510 Ταρ-

544 497 556 558 ί
609 545 716 586 rete
742 497 1150 600 Cappadocum,
1179 533 1232 580 et
1266 497 1522 580 Illelenus
1552 517 1856 579 Tarsensis.
1915 521 1983 576 Et
2005 525 2178 593 primo

552 633 558 641 '
605 619 826 688 quidem
862 615 1338 685 adhortationibus
1362 623 1416 668 et
1440 612 1684 668 consiliis
1711 612 1933 667 Paulum
1963 628 1990 666 a
2014 628 2177 682 prava

554 723 558 728 '
605 711 864 779 opinione
909 709 1166 763 reducere
1213 706 1382 761 moliti
1418 713 1563 769 sum,
1624 705 2180 760 demonstrationibus

605 817 635 857 e
663 802 832 856 sacris
865 798 1162 868 Scripturis
1194 796 1378 867 petitis
1412 803 1645 850 utentes.
1668 794 1809 848 Cum
1840 809 1962 848 eum
1999 803 2178 848 autem

610 893 895 948 incurabili
927 891 1265 945 laborantem
1297 887 1486 943 morbo
1517 887 1786 950 viderent,
1825 886 1953 939 hinc
1981 884 2180 938 unani-

607 964 761 1038 mam
779 983 1017 1037 ferentes
1044 979 1396 1042 sententiam,
1433 978 1596 1032 istttm
1652 972 1959 1029 sacerdotio
1987 975 2174 1044 priva-

605 1080 757 1141 bant,
783 1068 1106 1129 et‘Ecclesia
1136 1071 1548 1125 abscindehant.
1577 1067 1717 1121 'Cum
1751 1067 1852 1122 istc
1895 1077 2072 1121 autem
2119 1081 2177 1121 se

602 1177 920 1239 opponeret,
956 1174 1009 1218 et
1065 1163 1319 1219 Ecclesiae
1381 1162 1756 1246 prazfecturam
1790 1169 1974 1214 contra
2031 1161 2177 1228 leges

601 1263 894 1325 detineret,
916 1267 1102 1312 sancta
1139 1254 1379 1326 synodus
1407 1253 1759 1306 Aurelianum
1793 1254 2173 1322 imperatorem

603 1350 980 1412 conveniebat,
1011 1360 1132 1401 eum
1190 1347 1255 1398 de
1285 1340 1436 1396 Pauli
1494 1341 1834 1397 contumacia
1885 1342 2172 1396 certiorem

603 1445 826 1497 faciens.
889 1440 980 1495 Ille
1039 1447 1216 1492 autem
1281 1435 1498 1491 etiamsi
1554 1433 1794 1497 Graecus,
1845 1449 2030 1488 eorum
2084 1434 2173 1502 qui

600 1535 842 1605 ejusdem
876 1539 1032 1586 erant
1061 1529 1184 1584 ﬁdei
1243 1527 1526 1584 sententia:
1565 1526 1939 1589 reluctantem,
1991 1527 2168 1581 socie-

600 1635 710 1678 tate
739 1624 949 1678 itlorum
981 1619 1248 1681 abscindi,
1279 1627 1331 1672 et
1360 1618 1438 1672 sic
1462 1615 1704 1672 Ecclesia
1733 1617 1926 1685 e‘xpelli
1962 1618 2164 1670 statuit.

595 1713 758 1770 Istius
789 1723 970 1768 autem
1002 1725 1223 1766 causam
1277 1710 1343 1764 ad
1399 1708 1657 1763 Romanas
1708 1711 1870 1762 etiam
1909 1709 2172 1764 Ecclesia:

595 1808 906 1876 episc0pum
943 1803 1170 1874 ejusque
1221 1802 1495 1856 antistites
1541 1800 1746 1864 retulit,
1801 1813 1858 1854 ut
1911 1817 2034 1856 cum
2095 1803 2168 1854 illi
2205 1779 2246 1836 Β
2277 1800 2504 1867 σκόπῳ,

595 1898 1005 1954 examinassent
1055 1905 1237 1949 utrum
1263 1893 1407 1961 juste
1459 1892 1743 1962 depositus
1805 1891 2019 1959 fuisset,
2072 1893 2172 1947 Ec-

593 1988 758 2042 clesia
805 1986 1118 2054 ejiceretur.
1160 1984 1283 2037 llaec
1343 1991 1523 2037 autem
1583 1982 1850 2037 Eusebius
1907 1982 2170 2053 Pamphili

596 2081 817 2148 scriptis
847 2076 1143 2132 mandavit.
1165 2075 1423 2130 Canones
1449 2086 1628 2130 autem
1664 2075 1824 2144 hujus
1849 2077 2038 2146 synodi
2067 2093 2170 2130 non

597 2171 969 2235 inveniuntur,
991 2181 1353 2239 praeterquam
1389 2165 1562 2222 sancti
1607 2166 1854 2236 Gregorli
1905 2178 1959 2222 ct
2004 2167 2171 2224 solius

595 2264 984 2334 'l‘baumaturgi
1016 2263 1276 2332 Epistula,
1314 2277 1434 2333 quae
1461 2263 1744 2317 duodecim
1772 2278 2008 2318 canones
2035 2277 2170 2319 con-

595 2355 768 2418 tinet;
802 2352 1105 2421 quietiam,
1137 2351 1212 2407 uti
1234 2351 1438 2406 dictum
1473 2361 1579 2416 est,
1610 2353 1733 2406 huic
1759 2355 1964 2422 synodo
1997 2354 2168 2409 inter-

596 2445 719 2500 fuit.
754 2447 828 2500 De
858 2445 948 2498 illo
999 2457 1186 2503 autem
1248 2459 1475 2514 magnus
1535 2441 1832 2517 Gregorius
1884 2442 2166 2518 Nysscnus

598 2537 923 2606 pecuiiarem
960 2544 1249 2592 tractatum
1275 2538 1596 2608 composuit.

809 2717 884 2772 De
939 2719 1109 2774 sancti
1159 2721 1411 2790 martyris
1448 2721 1592 2775 Petri
1636 2720 1950 2776 canonibus.

667 2884 798 2938 Post
834 2883 1051 2938 beatum
1087 2883 1424 2952 Dionysium,
1460 2890 1516 2934 ut
1544 2883 1701 2936 modo
1734 2882 1868 2948 dixi,
1891 2884 2163 2938 decimum

596 2985 848 3043 quartum
886 2973 1225 3032 Alexandria:
1253 2973 1587 3026 nominatum
1620 2975 1956 3043 episcopum,
1989 2975 2166 3029 Theo-

535 3077 545 3091 ‘
595 3079 695 3119 nas
732 3062 1113 3132 praefecturam
1147 3063 1303 3118 istam
1335 3067 1595 3132 suscepit,
1634 3066 1721 3119 cui
1758 3069 2022 3122 successit
2046 3067 2163 3121 Ma-

2291 521 2453 578 σέων.
2484 522 2592 576 Καὶ
2624 521 2842 594 πρῶτον
2877 521 2978 592 μὲν
3023 523 3347 594 είσηγήσεσι
3376 525 3467 575 καὶ
3503 525 3796 594 συμϐουλίαις

2287 613 2667 685 ἐπειράθησαν
2695 615 2798 683 τῆς
2847 613 3172 681 κακοδοξίας
3208 615 3523 684 μεταθεῖναι
3569 619 3647 670 τὸν
3683 621 3794 673 Παύ-

2283 704 2395 766 λον,
2424 708 2543 769 ταῖς
2577 706 2686 758 ἀπὸ
2715 704 2822 758 τῶν
2864 705 3097 775 Γραφῶν
3141 706 3451 770 ἀποδείξεσι
3502 711 3791 780 κεχρημένοι.

2287 795 2422 849 Ὀτε
2450 797 2508 850 δὲ
2532 793 2673 850 εἶδον
2689 797 2886 851 ἀνίατα
2921 798 3202 865 νοσοῦντα,
3230 799 3354 852 τότε
3377 799 3650 868 σύμφωνον
3665 803 3796 871 ψῆφον

2286 885 2694 952 ἐξενεγκόντες,
2718 887 2817 957 τῆς
2847 888 3152 958 ἱερωσύνης
3177 887 3368 941 τοῦτον
3391 890 3709 958 ἐγύμνωσαν,
3733 894 3796 943 καί

2281 977 2381 1046 τῆς
2426 977 2762 1047 Ἐκκλησίας
2815 979 3113 1049 ἐξέτεμονο
3145 981 3539 1044 ἀντιτείνοντος
3585 983 3636 1034 δὲ
3677 984 3796 1035 αὐτοῦ

2282 1071 2378 1122 καὶ
2435 1070 2535 1136 τὴν
2587 1070 2687 1139 τῆς
2751 1071 3080 1141 Ἐκκλησίας
3135 1073 3472 1142 παρανόμως
3533 1072 3798 1142 κατέχοντος

2221 1175 2228 1183 ·
2274 1162 2575 1230 ἠγεμονίαν
2601 1159 2942 1232 Αύρηλιανοῦ
2983 1163 3079 1217 τοῦ
3119 1163 3413 1234 βασιλέως,
3472 1167 3503 1234 ἡ
3537 1165 3655 1232 ἁγία
3685 1165 3798 1217 σύνοο

2277 1250 2364 1312 δος
2393 1252 2614 1322 ἐδεήθη,
2658 1255 2722 1305 τὰ
2757 1255 2888 1323 περὶ
2931 1254 3030 1322 τῆς
3075 1254 3295 1308 Παύλου
3327 1255 3654 1325 θρασύτητος
3679 1257 3798 1309 αὑτὸν

2275 1341 2710 1406 ἀναδιδάξαντες.
2752 1344 2809 1396 '0
2837 1345 2914 1408 δὲ,
2948 1345 3154 1417 καίπερ
3182 1345 3384 1415 Ἕλλην
3411 1345 3674 1415 ὑπάρχων,
3699 1346 3798 1398 ἀπε-

2278 1437 2488 1506 φήνατο
2547 1437 2668 1506 μὲν,
2719 1438 2813 1490 τὸν
2855 1438 3214 1508 ἀντιλέγοντα
3265 1441 3334 1511 τῇ
3390 1439 3501 1492 τῶν
3547 1437 3798 1509 ὁμοπίστων

2276 1523 2480 1594 ψήφῳ,
2537 1525 2639 1594 τῆς
2694 1527 2921 1581 ἐκείνων
2958 1529 3352 1599 ἀποτμηθῆναι
3400 1531 3707 1598 συμμορίας,
3733 1531 3798 1580 καὶ

2273 1613 2424 1670 οὕτω
2461 1617 2564 1685 τῆς
2592 1617 2920 1688 Ἐκκλησίας
2967 1620 3330 1689 ἐξελαθῆναι·
3373 1621 3442 1672 τά
3473 1619 3588 1672 κατ’
3610 1620 3745 1672 αὐτὸν
3767 1619 3796 1669 δ’

2277 1706 2428 1775 ὅμως
2474 1708 2703 1761 ἀνέθετο
2753 1709 2825 1778 τῷ
2884 1710 2980 1780 τῆς
3019 1711 3316 1782 Ῥωμαίων
3365 1712 3671 1782 Ἐκκλησίας
3710 1713 3797 1763 ἑπι-

2567 1801 2661 1852 καὶ
2700 1805 2812 1862 τοῖς
2855 1805 2987 1872 περὶ
3023 1805 3190 1857 αὑτὸν
3231 1803 3616 1875 ἀρχιερεῦσιν,
3660 1804 3721 1866 ὡς
3749 1803 3797 1855 ἂν

2273 1890 2738 1960 ἐπισκεψαμένων
2776 1895 2824 1945 εἰ
2878 1894 3104 1959 δικαίως
3160 1897 3468 1969 καθῄρητο,
3509 1897 3599 1968 τῆς
3619 1894 3785 1962 Ἐκκλη-

2277 1981 2400 2044 σίας
2458 1984 2780 2054 ἐκδιωχθείη
2807 2000 2822 2015 ⁸
2873 1989 2966 2039 καὶ
3000 1989 3174 2041 ταῦτα
3224 1989 3280 2043 δὲ
3313 1991 3340 2042 ό
3370 1989 3639 2059 Παμφίλου
3669 1985 3796 2039 Εὐσέ-

2276 2071 2395 2135 ϐιος
2433 2074 2663 2143 ίστορεῦ
2697 2076 2920 2139 κανόνες
2951 2079 3006 2130 δὲ
3031 2079 3130 2147 τῆς
3169 2079 3391 2133 συνόδου
3411 2079 3606 2147 ταύτης
3627 2077 3710 2146 οὐχ
3729 2075 3793 2128 εὖ·

2277 2178 2491 2234 ρηνται,
2528 2166 2610 2218 ὅτι
2658 2167 2731 2236 μὴ
2777 2166 2870 2220 τοῦ
2903 2169 3063 2236 ἁγίου
3096 2171 3406 2242 Γρηγορίου
3442 2171 3532 2225 καὶ
3559 2171 3699 2240 μόνον
3725 2167 3793 2220 τοῦ

2270 2254 2708 2327 Θαυματουργοῦ
2733 2259 3014 2330 ἐπιστολὴ,
3045 2261 3282 2326 κανόνας
3305 2263 3497 2334 ἔχουσα
3539 2261 3732 2326 δώδεκα,
3749 2257 3791 2321 ὃς

2272 2344 2368 2398 καὶ
2403 2346 2501 2414 τῆς
2533 2348 2757 2400 συνόδου
2805 2349 3036 2420 ταύτης,
3076 2351 3152 2415 ὡς
3199 2352 3441 2425 εἴρηται,
3506 2353 3654 2423 μέρος
3697 2348 3792 2416 ἐγέ-

2270 2451 2421 2488 νετο·
2463 2439 2532 2490 τά
2581 2438 2637 2491 δὲ
2677 2441 2797 2492 κατ’
2829 2440 3014 2505 αὐτὸν,
3061 2443 3197 2496 ίδίαν
3248 2445 3278 2497 6
3331 2446 3504 2515 μέγας
3545 2443 3788 2514 Γρηγόριος

2273 2526 2498 2599 Νύσσης
2530 2531 2826 2600 ἐποιήσατο
2855 2537 3274 2604 πραγματείαν.

2451 2711 2596 2780 Περὶ
2618 2711 2724 2766 τοῦ
2757 2714 2932 2784 ἁγίου
2965 2716 3392 2788 ίερομὰρτυρος
3426 2717 3634 2785 Πέτρου

2344 2867 2498 2921 Μετὰ
2521 2868 2614 2922 τὸν
2640 2870 2912 2942 μακάριον
2939 2872 3247 2938 Διονύσιον,
3271 2875 3347 2934 ὡς
3369 2873 3466 2944 ἤδη
3495 2889 3578 2942 μοι
3597 2869 3782 2944 εἴρηται.

2271 2964 2878 3032 τεσσαρεσκαιδέκατον
2921 2965 3341 3037 Ἀλεξανδρείας
3388 2969 3662 3020 ἐπίσκοπον
3683 2978 3782 3031 χρη·

2272 3053 2604 3122 ματίσαντα,
2637 3055 2990 3128 Θεωνᾶςντὴν
3016 3059 3355 3128 προστασίαν
3378 3057 3570 3129 ταύτην
3596 3053 3778 3118 ἐδέξατο.

596 3155 800 3217 ximus,
826 3163 880 3208 et
907 3153 1034 3208 huic
1069 3169 1296 3224 magnus
1348 3155 1487 3208 inter
1511 3170 1701 3210 sacros
1743 3168 2011 3226 martyres
2065 3159 2166 3213 Pe-

2275 3144 2395 3212 μεθ’
2420 3144 2479 3196 ὃν
2512 3145 2769 3216 Μάξιμος
2792 3165 2806 3179 ⁸
2844 3145 2961 3201 εἶτα
2987 3151 3017 3201 ό
3045 3152 3222 3219 μέγας
3258 3152 3578 3222 ἱερομὰρτυς
3604 3147 3775 3214 Πέτρος-

594 3257 737 3302 trus.
773 3247 944 3316 llujus
970 3248 1022 3302 in
1048 3261 1298 3302 sermone
1329 3249 1393 3302 de
1417 3250 1732 3317 poenitentia
1755 3251 2161 3320 quattuordecim

596 3340 848 3394 feruntur
879 3354 1137 3404 canones,
1185 3340 1250 3393 de
1281 3340 1345 3394 iis
1369 3341 1458 3410 qui
1492 3343 1931 3409 persecutionum
1961 3351 2168 3411 tempo-

595 3432 750 3486 ribus
785 3431 917 3500 lapsi
951 3441 1098 3494 sunt,
1125 3440 1179 3484 et
1225 3443 1408 3500 postea
1464 3434 1780 3501 poenitentia
1809 3433 1980 3497 ducti,
2032 3449 2166 3504 quo-

597 3525 762 3579 modo
783 3539 882 3579 eos
912 3523 1198 3579 admittere
1247 3535 1482 3593 oportet,
1517 3527 1646 3593 quin
1677 3529 1841 3580 etiam
1873 3537 1928 3581 et
1961 3545 2024 3582 ex
2059 3529 2166 3583 alio

594 3615 665 3670 de
695 3625 883 3669 sancto
928 3613 1192 3668 Paschate
1239 3628 1490 3668 sermone
1544 3629 1680 3682 quos
1718 3617 1944 3686 reliquis
2003 3619 2164 3672 etiam

596 3705 895 3759 rationibus
924 3703 1160 3758 Ecclesia
1198 3707 1640 3758 c0unumeravit:
1682 3707 1768 3760 hic
1811 3711 1910 3764 sub
1956 3709 2167 3766 Diocle-

596 3799 749 3850 tiano
825 3797 1070 3865 martyrii
1137 3797 1370 3851 stadium
1439 3799 1857 3867 magnanimiter
1919 3803 2161 3868 perfecit.

597 3888 960 3944 Diocletianus
992 3898 1171 3942 autem
1203 3889 1429 3956 quintus
1469 3899 1586 3942 erat
1636 3901 1758 3957 post
1810 3892 2161 3948 Aurelianum

595 3981 898 4050 imperator
926 3979 1235 4048 quindecim
1267 3996 1329 4035 ex
1363 3995 1428 4035 eo
1460 3982 1616 4036 annis
1646 3983 1870 4053 elapsis.

724 4197 813 4253 IV.
845 4200 917 4255 De
949 4206 1148 4271 synodo
1181 4203 1234 4255 in
1263 4203 1470 4273 Ancyra
1503 4205 1734 4259 Galatia:
1767 4206 2051 4263 celebrata.

670 4313 745 4368 De
771 4315 958 4369 eodem
1000 4325 1337 4385 argumento,
1381 4319 1676 4388 eodemque
1724 4332 1964 4391 tempore
2003 4339 2162 4395 syno-

593 4408 691 4461 dus
723 4407 883 4461 etiam
939 4405 991 4459 in
1022 4409 1236 4475 Ancyra
1283 4407 1509 4463 Galatia:
1559 4415 1842 4483 metropoli
1892 4416 1976 4482 pie
2030 4432 2164 4472 con-

2271 3236 2475 3290 Τούτου
2517 3241 2574 3292 ὲν
2604 3240 2682 3309 τῷ
2713 3245 2840 3311 περὶ
2880 3244 3175 3312 μετανοίας
3225 3247 3371 3314 λόγῳ
3401 3244 3608 3303 κανόνες
3633 3239 3776 3308 φέρον·

2269 3323 2356 3380 ται
2389 3329 2814 3402 δεκατέσσαρες,
2865 3337 2993 3405 περὶ
3040 3337 3150 3390 τῶν
3208 3340 3268 3392 ἐν
3317 3340 3430 3402 τοῖς
3479 3337 3666 3405 καιροῖς
3697 3330 3775 3382 τῶν

2268 3420 2530 3492 διωγμῶν
2583 3430 3134 3495 παραπεπτωκὸτων,
3192 3429 3313 3482 εἶτα
3371 3425 3771 3498 μετανοησάντων.

2268 3513 2418 3578 ὅπως
2449 3516 2532 3569 δεῖ
2557 3517 2782 3580 τούτους
2826 3521 3232 3591 προσδέχεσθαι
3255 3541 3269 3556 ο
3302 3523 3384 3576 ἔτι
3417 3521 3473 3574 δὲ
3503 3521 3587 3574 καὶ
3613 3516 3660 3582 ἐξ
3693 3511 3776 3565 ἐτέ⁴

2272 3619 2368 3672 ρου
2406 3604 2567 3671 λόγου
2601 3608 2730 3677 περὶ
2759 3609 2853 3660 τοῦ
2891 3610 3052 3676 ἀγίου
3088 3610 3302 3683 Πάσχα,
3328 3610 3420 3675 οὓς
3448 3609 3537 3663 καὶ
3575 3608 3668 3666 τοὶς
3695 3601 3773 3652 λοι·

2269 3697 2394 3757 ποῖς
2439 3697 2772 3768 ἐναρίθμους
2821 3702 3042 3754 κανόσιν
3091 3704 3125 3773 ἡ
3170 3704 3466 3775 Ἐκκλησία
3496 3697 3771 3763 πεποίηκεν·

2266 3782 2420 3850 οὗτος
2456 3789 2550 3840 ἐπὶ
2577 3791 2970 3861 Διοκλητιανοῦ
3007 3794 3067 3847 τὸ
3106 3795 3208 3865 τῆς
3251 3794 3548 3866 μαρτυρίας
3572 3787 3771 3857 εὐψύχωῖ

2265 3878 2486 3948 διήνυσε
2540 3882 2780 3936 στάδιον.
2829 3885 3099 3956 Πέμπτος
3152 3888 3210 3940 δὲ
3269 3881 3630 3956 Διοκλητιανὸς
3669 3874 3770 3944 μετά

2265 3970 2607 4040 Αὐρηλιανὸν
2639 3967 2827 4043 ἦρξεν,
2871 3976 3010 4028 ἐτῶν
3039 3977 3494 4048 παρεληλυθότων
3523 3973 3577 4037 ἐξ
3607 3966 3767 4022 ἐκείνου

2266 4063 2684 4118 πεντεκαίδεκα.

2494 4194 2565 4250 Δ’.
2601 4198 2737 4266 Περὶ
2773 4201 2882 4268 τῆς
2923 4202 2992 4255 ἐν
3017 4203 3276 4276 Ἀγκύρῃ
3313 4203 3582 4261 συνόδου.

2335 4303 2462 4360 Ἐπὶ
2487 4309 2663 4382 ταύτῃ
2689 4314 2756 4381 τῇ
2790 4313 3065 4382 ὑποθέσει,
3101 4319 3196 4370 καὶ
3232 4320 3352 4374 κατ’
3379 4320 3543 4371 έκεῖνο
3564 4309 3646 4368 τε)ὗ
3669 4304 3768 4377 κρέ’

2268 4413 2361 4450 νου
2393 4400 2489 4452 καὶ
2521 4401 2554 4469 ἡ
2597 4402 2655 4452 ὲν
2687 4403 2927 4474 Ἀγκύρᾳ
2963 4409 3028 4477 τῇ
3066 4411 3397 4480 μητροπόλει
3423 4410 3515 4477 τῆς
3552 4400 3766 4458 Γαλατίας

591 4504 806 4567 gregata
862 4505 965 4558 est,
995 4494 1045 4548 in
1087 4511 1189 4564 qua
1237 4500 1540 4554 accuratius
1594 4503 1968 4572 disquirehant
2024 4523 2160 4576 quo-

2272 4485 2483 4552 σύνοδος
2524 4491 2765 4556 εὐσεϐῶς
2812 4497 3192 4566 συνελήλυθεν,
3245 4500 3615 4572 ἀκριὸἐστερον
3644 4486 3767 4552 ἐκζη-

595 4587 753 4641 modo
809 4601 902 4640 eos
962 4589 1054 4656 qui
1111 4597 1232 4656 post
1298 4591 1706 4658 abnegatiouem
1781 4599 2158 4667 pmnitentiam

593 4686 777 4747 agunt,
806 4676 1191 4731 administrare
1221 4690 1448 4748 oportet.
1497 4681 1664 4738 Sacro
1696 4687 1818 4741 huic
1875 4702 2159 4748 conventu]

592 4767 956 4838 praesidebant
1003 4769 1230 4825 Vitelius
1295 4772 1598 4829 Antiochiae
1655 4777 1826 4848 Syriae
1872 4782 2105 4838 civitatis
2142 4827 2157 4850 ,

593 4858 908 4929 Agricolaus
941 4859 1197 4914 Caesareae
1249 4861 1619 4931 Cappadociae,
1671 4877 1725 4922 et
1757 4879 1962 4941 martyr
2015 4873 2164 4930 Basi-

591 4946 696 5001 lius
729 4948 1014 5017 episcopus
1048 4949 1302 5005 Ainasizn.
1371 4951 1472 5014 Qui
1504 4955 1665 5008 etiam
1701 4958 1888 5026 viginti
1921 4963 2163 5032 quinque

589 5052 825 5093 canones
851 5039 918 5093 de
946 5040 1135 5094 eodem
1187 5053 1240 5095 et
1279 5043 1399 5097 aliis
1461 5045 1622 5099 etiam
1660 5053 1993 5118 argumentis
2040 5069 2163 5108 con-

591 5132 948 5199 scripserunt.
977 5131 1074 5187 llic
1097 5145 1275 5188 autem
1299 5136 1523 5193 Basilius
1549 5140 1648 5193 sub
1673 5139 1881 5198 Licinio
1914 5149 2160 5216 martyrii

593 5236 848 5275 coronam
879 5224 1109 5290 accepit.

844 5441 908 5495 V.
943 5440 1017 5494 De
1070 5443 1275 5511 synodo
1316 5443 1676 5502 Neocmarea:
1712 5448 1915 5505 habita.

666 5546 794 5602 Post
848 5548 990 5602 hanc
1043 5552 1280 5619 synodus
1325 5551 1709 5622 Neocaesareaz,
1765 5574 1885 5628 quae
1919 5569 2002 5614 est
2036 5561 2166 5616 urbs

592 5635 773 5702 Ponti,
808 5651 1134 5710 congregata
1159 5638 1258 5695 est.
1303 5643 1537 5698 Sanctus
1598 5657 1776 5701 autem
1816 5661 2024 5720 martyr
2061 5652 2166 5705 Ba-

594 5725 1087 5800 silius,epis%opus
1143 5733 1412 5797 'Amasiaa,
1462 5736 1525 5788 iis
1587 5739 1747 5792 etiam
1810 5742 2070 5798 interfuit.
2110 5745 2164 5798 In

2264 4579 2552 4650 τήσαντες,
2585 4583 2735 4648 ὅπως
2763 4585 2870 4656 ἄρα
2903 4591 3179 4660 προσῆκεν
3211 4592 3507 4662 οἰκονομεῖν
3528 4588 3639 4647 τοὺς
3661 4576 3764 4651 μετά

2263 4671 2367 4742 τὴν
2397 4673 2626 4746 ἄρνησιν
2656 4680 3156 4751 μεταμελομένους.
3185 4685 3439 4756 Ἐξῆρχον
3468 4682 3520 4736 δὲ
3541 4677 3624 4731 τοῦ
3651 4667 3764 4740 ίεροῧ

2263 4764 2420 4817 τοῦδε
2470 4768 2728 4836 συλλόγου
2762 4775 3042 4838 Ούῖτέλιος
3083 4776 3412 4850 Ἀντιοχείας
3456 4777 3548 4844 τῆς
3588 4765 3763 4834 Συρίας·

2265 4857 2627 4928 Ἀγρικόλαος
2663 4863 3005 4934 Καισαρείας
3051 4869 3462 4930 Καππαδοκίας,
3491 4862 3625 4916 καὶὸ
3655 4855 3763 4925 pd?-

2265 4965 2359 5012 τυς
2382 4950 2667 5015 Βασιλεὺς,
2700 4957 2996 5020 ἐπίσκοπος
3026 4958 3321 5029 Ἀμασείας
3340 4978 3354 4992 ο
3387 4958 3432 5011 ιῖ
3469 4957 3551 5008 καὶ
3579 4946 3760 5004 κανόνας

2267 5045 2395 5112 περί
2426 5060 2484 5095 τε
2511 5045 2734 5116 ταύτης,
2769 5049 2863 5102 καὶ
2892 5051 2956 5122 δὴ
2989 5054 3082 5105 καὶ
3109 5057 3238 5124 περὶ
3259 5055 3456 5120 ἑτέρων
3487 5044 3759 5100 ὑποθέσεων.

2267 5133 2434 5214 πέντε
2462 5134 2593 5203 πρὸς
2622 5139 2730 5200 τοῖς
2755 5140 2930 5192 εἴκοσι
2963 5148 3388 5214 συνεγράψαντο·
3419 5144 3445 5194 ὁ
3469 5139 3519 5191 δὲ
3549 5127 3757 5186 Βασιλεὺς

2265 5213 2420 5284 οὗτος
2467 5226 2560 5276 ἐπὶ
2610 5227 2854 5281 Λικινίου
2911 5231 3003 5284 τὸν
3054 5234 3152 5304 τῆς
3209 5233 3500 5306 μαρτυρίας
3549 5225 3760 5286 στέφανον

2264 5315 2425 5384 ἄνεδή
2435 5332 2584 5370 σατο.

2410 5450 2484 5504 Ε’.
2518 5453 2660 5520 Περὶ
2693 5454 2804 5522 τῆς
2842 5457 2911 5509 ἐν
2938 5459 3364 5528 Νεοκαισαρεία
3393 5451 3651 5512 συνόδου.

2340 5565 2496 5618 Μετά
2523 5568 2755 5636 ταύτην,
2787 5573 2820 5639 ἡ
2855 5573 2912 5622 ὲν
2943 5573 3344 5645 Νεοκαισαρείτιῑ
3371 5573 3430 5641 τῇ
3455 5565 3578 5620 κατὰ
3606 5555 3760 5653 my?”

2269 5657 2506 5728 συνέστη
2541 5660 2782 5725 σύνοδος.
2815 5665 2991 5734 Συνῆν
3022 5665 3077 5719 δὲ
3106 5667 3200 5720 καὶ
3225 5666 3423 5723 τούτοις
3451 5661 3476 5712 ὁ
3505 5656 3635 5720 ἅγιος

2270 5764 2366 5811 ’ως
2403 5749 2666 5816 Βασιλεὺς
2705 5757 3004 5819 ἐπίσκοπος
3036 5755 3330 5828 ’Ᾱμασείας
3352 5773 3366 5786 ·
3394 5752 3440 5806 οἳ
3465 5748 3546 5802 καὶ
3578 5745 3750 5794 κανόνας
