4016 6396
377 297 448 374 i3
1159 249 1162 254 ³
1775 281 2190 365 ΡιιΕΒΑΤιό.

3466 308 3571 372 974

316 412 679 472 συντάττουσι.
711 412 984 485 τέσσαρας
1035 414 1174 485 πρὸς
1203 416 1314 476 τοῖς
1349 414 1504 479 δέκα,
1542 413 1619 474 εἰς
1661 411 1758 481 τὴν
1794 414 1894 482 τῆς

2000 427 2104 481 qua
2140 411 2325 466 Patres
2358 412 2764 480 quatuordecim
2814 414 2880 468 ad
2921 423 3122 471 rc‘ctam
3160 419 3410 477 Ecclesiae
3439 441 3572 479 con-

327 509 662 579 Ἐκκλησίας
690 507 945 574 εὐταξίαν
977 507 1373 568 συντείνοντας.

317 635 412 710 δι”.
446 639 584 708 Περὶ
621 634 732 707 τῆς
761 639 830 692 ἐν
858 637 1070 703 Νικαῐᾳ
1094 636 1327 760 ἓτὲώτης
1353 636 1448 690 καὶ
1474 636 1899 706 οἰκουμενικῆς

969 723 1091 760 συγ
1168 725 1260 760 ου.

969 723 1260 761 συγσοου.

394 803 618 864 Λοιπὸν,
643 804 674 870 ἡ
703 800 893 871 πρώτη
914 800 1006 850 καὶ
1037 799 1390 868 οίκουμενικὴ
1409 799 1540 866 ἀγία
1564 799 1777 861 σύνοδος
1791 799 1898 851 τῶν

316 895 651 964 τριακοσίων
675 893 807 946 δέκα
849 891 941 944 καὶ
965 889 1108 944 ὀκτὼ
1139 889 1417 960 θεοφόρων
1449 891 1709 959 Πατέρων
1741 891 1798 942 ὲν
1829 893 1896 961 τῇ

320 987 464 1039 κατά
489 978 744 1038 Βιθυνίαν
765 981 1137 1052 συνεκροτήθη
1172 981 1219 1032 Ν
1227 982 1401 1052 ικαίᾳ,
1434 982 1543 1034 ἔτει
1569 982 1777 1048 δεκάτῳ
1799 985 1896 1052 τῆς

319 1078 602 1149 βασιλείας
632 1075 726 1128 τοῦ
764 1074 1000 1143 μεγάλου
1036 1074 1470 1136 Κωνσταντίνου,
1502 1074 1639 1142 μετὰ
1671 1074 1897 1142 χρόνους

316 1171 417 1238 τῆς
453 1170 548 1221 τοῦ
609 1167 813 1238 Κυρίου
871 1166 1338 1235 ένανθρωπὴσεως
1391 1165 1473 1228 είς
1525 1165 1789 1235 οὐρανούς
1839 1175 1898 1218 τε

315 1261 642 1330 ἀναλήψεως
677 1261 790 1322 τοῖς
837 1257 1003 1320 θείοις
1037 1257 1298 1326 ἄντικρυς
1335 1256 1658 1326 ἰσαρίθμους
1686 1258 1901 1326 Πατρά-

321 1368 432 1416 σιν,
466 1350 846 1404 ὀκτωκαίδεκα
879 1349 1080 1418 δηλαδὴ
1108 1339 1244 1419 πρὸς
1275 1351 1388 1410 τοῖς
1432 1349 1792 1420 τριακοσίοις,
1823 1343 1899 1403 ὧν

319 1443 552 1514 ἐξῆρχον
582 1442 922 1510 Σίλὸεστρος’
952 1443 1050 1495 καὶ
1081 1442 1324 1505 Ἰούλιος,
1358 1441 1457 1510 τῆς
1493 1442 1729 1503 παλαιᾶς
1768 1441 1900 1495 Ῥώ-

320 1553 432 1606 μης
462 1536 782 1605 περιφανεῖς
817 1535 1096 1606 πρόεδροι,
1127 1534 1307 1586 αὐτῶν
1336 1534 1436 1602 μὲν
1477 1534 1762 1604 οὐδέτερος
1791 1553 1898 1589 πα-

321 1627 662 1696 ραγεγονὼς,
705 1627 916 1681 Βίτωνα
952 1627 1008 1679 δὲ
1037 1626 1128 1678 καὶ
1171 1626 1450 1679 Βικέντιον
1494 1626 1755 1696 ἑκάτερος
1779 1628 1895 1681 ἀνθ’

318 1719 541 1782 ἑαυτοῦ,
581 1717 724 1771 κατά
757 1721 850 1770 τὸν
883 1719 983 1786 τῆς
1011 1720 1220 1777 οἰκείας
1270 1717 1546 1786 ἱερατείας
1581 1718 1797 1786 χρόνον,
1827 1721 1893 1787 τῇ
1931 1756 1972 1813 Β

315 1814 474 1882 κοινῇ
499 1812 817 1881 πέμψαντες
844 1809 1256 1879 παρεσομένους
1283 1809 1485 1878 συνόδῳ
1510 1826 1524 1840 ·
1549 1809 1897 1880 Ἀλέξανδρός
1933 1809 1939 1867 ξ

314 1912 376 1958 τε
415 1903 1064 1967 Κωνσταντινουπόλεως,
1110 1904 1204 1955 καὶ
1241 1901 1595 1972 Ἀλέξανδρος
1639 1902 1896 1968 Ἀλεξαν-

315 1997 524 2068 δρείας,
583 1997 992 2065 συναγωνιστὴν
1040 1996 1135 2048 καὶ
1182 1995 1274 2048 τὸν
1322 1996 1497 2064 μέγαν
1556 1995 1898 2066 ἐπαγόμενος

329 2091 670 2165 Ἀθανάσιον,
703 2089 760 2152 ὃς
789 2088 1094 2156 τηνικαῦτα
1127 2089 1220 2141 τοῦ
1264 2089 1542 2156 τάγματος
1572 2090 1759 2158 ἡγεῖτο
1787 2091 1898 2142 τῶν

317 2181 586 2234 διακόνων
612 2197 626 2213 ·
663 2179 961 2242 Εὑστάθιος
1013 2178 1368 2248 Ἀντιοχείας,
1403 2181 1497 2232 καὶ
1527 2179 1558 2230 ‘6
1596 2179 1897 2249 Ἰεροσολύ.

319 2288 440 2345 μων
471 2275 778 2342 Μακάριος.
831 2269 1101 2341 Συνῆλθον
1137 2271 1192 2324 δὲ
1225 2270 1370 2322 κατᾶ
1405 2269 1618 2339 Ἀρείου
1649 2258 1743 2322 τοῦ
1768 2271 1895 2324 δυσ-

319 2364 534 2426 σεϐοῦς,
571 2362 628 2426 ὃς
657 2363 728 2428 ,ἐξ
759 2359 1166 2430 Ἀλεξανδρείας
1197 2359 1371 2411 ἕλκων
1395 2358 1455 2410 τὸ
1483 2353 1662 2425 γένος.
1695 2360 1896 2421 καὶνείς

319 2456 703 2526 πρεσϐυτέρου
735 2457 832 2524 τῆς
866 2454 983 2505 ἐκεῖ
1019 2450 1352 2519 Ἐκκλησίας
1391 2448 1598 2518 βαθμὸν
1631 2449 1898 2518 ἀναϐεϐη-

319 2549 452 2612 κὼς,
492 2549 584 2600 τὸν
637 2546 766 2599 Υίὺν
797 2545 892 2598 τοῦ
940 2543 1076 2596 Θεοῦ
1135 2542 1230 2596 καὶ
1281 2543 1480 2610 Λόγον,
1536 2539 1579 2593 ὣ
1635 2541 1897 2610 θρασείας

318 2641 568 2712 γλώττης
597 2641 609 2692 l
644 2639 723 2701 εἰς
755 2637 960 2707 κτίσμα
990 2636 1084 2689 καὶ
1119 2635 1327 2702 ποίημα
1360 2630 1895 2697 κατεϐίϐαζεν.Ἀλλ’

317 2735 367 2786 οἱ
400 2734 498 2800 τῆς
529 2732 772 2796 συνόδου,
805 2730 866 2782 τὺ
899 2727 1185 2798 όμοούσιον
1213 2727 1324 2778 τῶν
1353 2726 1522 2796 τριῶν
1548 2727 1644 2796 τῆς
1675 2727 1896 2797 θεαρχι·

321 2828 424 2896 κῆς
455 2825 670 2894 φύσεως
700 2823 1055 2876 ὑποστάσεων
1081 2823 1194 2881 τοῖς
1226 2821 1359 2873 πᾶσι
1388 2818 1741 2888 κηρύξαντες,
1769 2821 1896 2883 τοὺς

324 2919 451 2986 περὶ
489 2917 580 2970 τὸν
615 2915 862 2985 θεομανῆ
899 2915 1137 2983 Ἀρειον,
1185 2912 1262 2981 τῷ
1294 2913 1600 2980 φρονήματι
1636 2911 1784 2979 σφῶν
1821 2909 1894 2980 μὴ

324 3008 750 3078 συμϐαίνοντας,
783 3007 967 3068 αὐτοῖς
999 3005 1180 3056 αὐτῶν
1220 3001 1455 3072 δόγμασι
1485 3003 1562 3071 τῷ
1588 3003 1893 3073 ἀναθέματι

2004 505 2339 559 ειίιιιιίοιιθηι
2370 504 2737 563 conducentes
2768 523 3004 564 canones
3032 527 3476 582 composuerunt.

2003 635 2091 698 Vl.
2135 646 2206 697 De
2232 647 2405 712 prima
2438 641 2486 698 et
2520 647 2837 701 acumenica
2874 649 3076 718 synodo
3122 649 3322 707 Νέαιρα]
3364 655 3567 712 habito.

2072 805 2240 862 Porro
2263 807 2432 878 printa
2463 817 2518 862 et
2584 812 2921 865 tecumenica
2955 814 3144 868 'sant‘ta
3183 813 3418 886 synodus
3466 831 3574 872 tre-

2002 910 2283 955 centorum
2318 909 2371 953 et
2408 900 2774 971 duodeviginti
2805 901 3024 956 Patrum
3059 904 3248 961 Nicmzn
3283 910 3334 962 in
3386 912 3569 982 Bithy-

2005 991 2089 1060 nia
2141 1002 2464 1062 congregata
2527 1001 2630 1058 est,
2697 993 2908 1048 d'ecimo
2947 996 3159 1066 imperii
3227 1003 3569 1057 Constantini

2001 1070 2178 1152 Magni
2212 1097 2376 1144 anno,
2433 1094 2556 1152 post
2607 1097 2779 1138 annos
2836 1100 2864 1137 a
2925 1087 3131 1142 Domini
3190 1091 3572 1149 incarnatimm

2003 1189 2231 1229 numero
2263 1173 2518 1229 Palribus
2543 1175 2766 1231 omnino
2797 1179 3053 1248 mquales,
3097 1181 3341 1239 videlicet
3366 1196 3574 1241 trecen-

2005 1275 2090 1319 IOS
2121 1274 2175 1319 et
2219 1265 2610 1334 duodeviginti,
2661 1268 2856 1336 quibus
2900 1271 3259 1336 DrmSitiebant
3317 1277 3576 1335 Silvestcr

2001 1366 2057 1412 et
2085 1341 2283 1424 Julius,
2310 1357 2646 1410 celeberrimi
2677 1357 2872 1415 'veteris
2916 1359 3100 1418 Reman
3155 1369 3446 1438 praesules;
3487 1389 3577 1427 ρο-

2004 1462 2120 1502 rum
2154 1457 2331 1503 autem
2365 1457 2556 1503 neuter
2587 1452 2795 1518 aderat,
2830 1453 2923 1506 sed
2976 1464 3205 1526 uterque
3258 1460 3499 1517 Bitonem
3526 1480 3570 1514 «τι

2000 1536 2342 1622 :Vincentium
2404 1535 2484 1594 sui
2535 1541 2704 1608 ipsius
2757 1543 3084 1617 loco,jttxta
3147 1554 3431 1608 sacerdotii
3491 1554 3621 1611 sni'

2003 1634 2232 1698 tempus,
2293 1633 2568 1685 communi
2642 1633 2907 1692 aﬂuiurbs
2977 1641 3184 1708 synodo
3253 1645 3572 1710 mittebant;

2002 1721 2305 1776 Alexander
2339 1738 2554 1792 quoque
2617 1723 3142 1798 Constantinopolis.
3180 1744 3228 1787 et
3265 1735 3574 1793 Alexander

2001 1811 2343 1868 Alexandrina
2416 1815 2900 1886 arcltiepiscOpns,
2965 1823 3056 1888 qui
3147 1827 3570 1884 commilitonem

2001 1905 2164 1959 etiam
2216 1911 2471 1974 magnum
2532 1907 2884 1972 Athanasium
2941 1927 3120 1966 secum
3165 1918 3430 1983 adtnxit,
3482 1927 3571 1990 qni

2002 1999 2130 2051 tunc
2167 1998 2426 2065 temporis
2465 1997 2820 2054 diaconorum
2868 2005 3045 2058 ordini
3075 2016 3336 2073 ptz’ee'rat:
3381 2014 3570 2069 Eusta-

2004 2089 2147 2142 thius
2180 2077 2581 2153 Antiochenus,
2638 2101 2691 2144 et
2717 2090 2988 2148 Macarius
3021 2096 3571 2172 llierosolymiIanus.

2000 2176 2325 2247 Congregati
2366 2187 2495 2235 sunt
2533 2192 2714 2236 autem
2772 2186 3036 2252 adversus
3090 2190 3310 2260 impium
3361 2197 3569 2255 Arium.

2001 2271 2090 2339 ιιιιὶ
2133 2285 2300 2340 genus
2323 2272 2387 2326 ab
2425 2273 2750 2329 Alexandria
2779 2277 3006 2341 ducens,
3064 2292 3113 2336 et
3169 2283 3220 2336 in
3273 2293 3571 2360 ρΓι·81ι)ἰι·Γὶ

2003 2362 2257 2416 Ecclesia:
2285 2363 2483 2419 ibidem
2524 2369 2837 2423 constituta:
2881 2376 3103 2440 gradum
3143 2387 3443 2450 promotus,
3481 2382 3566 2438 Fi-

2005 2452 2134 2506 lium
2170 2464 2221 2508 et
2251 2454 2482 2509 Verbum
2514 2457 2608 2512 Dei
2638 2457 2812 2528 (proli
2845 2461 3208 2532 impudentem
3243 2470 3514 2541 linguam!
3559 2485 3571 2538 )

2004 2545 2070 2597 ad
2097 2551 2401 2599 oreaIuram
2434 2553 2488 2600 'et
2524 2549 2652 2616 quid
2682 2547 2883 2605 laetum
2947 2554 3188 2611 deduxit.
3231 2552 3425 2617 Verum
3480 2583 3598 2636 sya

2005 2637 2125 2689 nodi
2159 2637 2366 2703 Patres,
2398 2652 2518 2692 cum
2551 2641 2713 2694 trium
2745 2641 2798 2695 iu
2849 2644 3028 2699 divina
3070 2659 3264 2707 natura
3313 2670 3574 2724 persona-

2000 2747 2118 2786 rum
2170 2735 2788 2791 consubstantialitatem
2858 2742 3106 2798 omnibus
3143 2751 3568 2819 prmdieassent,

2000 2825 2110 2877 Arii
2144 2826 2196 2878 in
2232 2825 2396 2880 Deum
2450 2829 2768 2885 insanientis
2825 2834 3068 2902 gregales
3105 2834 3270 2894 'hisce
3329 2843 3567 2912 ipsorum

2002 2917 2236 2974 decretis
2264 2933 2544 2974 assensum
2578 2936 2733 2975 suum
2797 2939 2901 2978 non
2962 2927 3285 2997 praebentes,
3345 2941 3570 2992 anathe-

2003 3011 2127 3064 mati
2161 3011 2534 3079 subjiciebanl.
2565 3013 2646 3068 Ab
2683 3016 2783 3070 hac
2815 3027 3078 3085 prtetcrea
3123 3029 3330 3093 synodo
3357 3029 3424 3083 ad
3487 3049 3575 3085 ec-

325 3100 802 3170 παραπέμπουσιο
854 3095 1031 3166 ταύτῃ
1060 3093 1243 3146 τοίνυν
1283 3094 1378 3145 καὶ
1423 3093 1550 3162 περὶ⁵
1598 3091 1896 3162 ἐκκλησια-

2001 3101 2363 3159 clesiasticam
2413 3105 2859 3162 constitutionem
2915 3091 3167 3169 canones
3209 3117 3399 3187 viginti
3439 3124 3570 3178 θάίιι

319 3194 512 3261 στικῆς
583 3188 976 3250 καταστάσεως
1031 3185 1256 3247 κανόνες
1322 3183 1752 3255 ὲξεφωνήθηςαν
1819 3181 1896 3235 εί-

320 3301 493 3337 κοσιν.

314 3377 394 3430 ιζ’.
428 3375 568 3443 Περὶ
617 3372 724 3442 τῆς
772 3375 842 3428 ἐν
905 3370 1226 3441 Ἀντιοχείᾳ
1278 3369 1564 3437 δευτέρας
1596 3368 1890 3422 συνόδου.

406 3467 608 3538 Ἑτέρα
663 3467 884 3527 σύνοδος
931 3467 988 3518 ὲν
1031 3462 1334 3532 Ἀντιοχείᾳ
1369 3461 1470 3531 τῆς
1508 3461 1706 3531 Συρίας
1742 3456 1893 3523 αὖθις

324 3559 696 3629 συνεκροτήθη
743 3559 834 3611 ἐπὶ
881 3554 1289 3617 Κωνσταντίου,
1339 3553 1458 3606 υίοῦ
1511 3553 1605 3606 τοῦ
1656 3552 1893 3621 μεγάλου

324 3651 758 3714 κωνσταντίνου,
796 3647 936 3718 μετὰ
966 3645 1131 3700 πέντε
1166 3644 1264 3714 ἐτη
1292 3643 1395 3712 τῆς
1420 3645 1515 3696 τοῦ
1561 3644 1766 3713 πατρὸς
1797 3643 1896 3696 αὐ-

318 3741 413 3795 τοῦ
445 3743 578 3812 πρὸς
617 3741 761 3808 Θεὸν,
800 3740 1153 3809 ἀνακλήσεως
1181 3753 1192 3766 ·
1230 3739 1281 3791 οἳ
1317 3737 1416 3790 καὶ
1463 3736 1692 3798 κανόνας
1732 3735 1893 3787 πέντε

317 3833 461 3900 πρὸς
497 3833 612 3894 τοῖς
635 3831 841 3884 εἴκοσιν
873 3833 952 3893 εἰς
981 3832 1161 3882 κοινὸν
1192 3827 1386 3897 όφελος
1419 3828 1518 3898 τῆς
1563 3825 1895 3897 Ἐκκλησίας

313 3922 706 3976 ὲκδεδώκασιν.

562 4055 645 4116 H'.
675 4055 816 4130 Περὶ
843 4060 954 4130 τῆς
977 4061 1045 4114 ἐν
1077 4059 1340 4129 Σαρδικῇ
1365 4055 1656 4115 συνόδου.

401 4179 562 4231 Ἀλλά
589 4179 683 4230 καὶ
721 4178 750 4246 ἡ
776 4178 833 4230 έν
863 4176 1102 4246 Σαρδικῇ
1136 4175 1353 4237 σύνοδος
1383 4174 1476 4226 ἐπὶ
1498 4174 1594 4242 τῆς
1617 4172 1894 4242 βασιλείας

315 4271 409 4324 τοῦ
441 4270 773 4341 δηλωθέντος
797 4269 1053 4338 ἤθροιστο
1080 4266 1481 4320 Κωνσταντίου.
1506 4266 1566 4318 Ὀ
1597 4267 1705 4334 γὰρ
1739 4264 1894 4335 βασι⁸

316 4363 442 4424 λεὺς
469 4356 626 4424 οὗτος
657 4363 722 4430 τῇ
762 4361 872 4412 τῶν
904 4357 1205 4428 Ἀρειανῶν
1253 4359 1467 4427 αἱρέσει
1499 4356 1890 4427 προσθέμενος,

319 4454 558 4522 σπουδὴν
606 4455 845 4506 ἐποιεῖτο
898 4451 966 4504 τὰ
1007 4451 1064 4502 ὲν
1105 4452 1170 4519 τῇ
1220 4449 1410 4520 πρώτῃ
1459 4438 1892 4516 δογματισθέντα

2000 4451 2170 4520 prima
2227 4455 2444 4510 decreta
2508 4467 2638 4510 sunt
2668 4461 2873 4528 synodo
2924 4475 3262 4520 commutare
3310 4437 3567 4528 stu-duit:
3658 4468 3669 4478 ’

319 4547 524 4615 συνόδῳ
573 4543 946 4614 μεταποιῆσαι
972 4558 986 4571 ο
1019 4542 1157 4609 ὅπερ
1189 4543 1215 4594 ὁ
1268 4540 1493 4608 ἀδελφὸς
1513 4591 1516 4594 ,
1538 4539 1702 4593 αὑτοῦ
1736 4537 1890 4591 Κών-

318 4656 468 4703 στας,
502 4641 601 4707 τῆς
633 4637 1015 4705 πρεσϐυτέρας
1054 4631 1272 4702 Ῥώμης
1321 4631 1562 4707 κρατῷν,
1599 4629 1658 4694 ἐξ
1693 4631 1893 4697 ἀναφο-

319 4731 418 4799 ρᾶς
447 4729 539 4782 τοῦ
571 4731 689 4782 τότε
741 4731 944 4780 πάππα
979 4723 1189 4793 μαθὼν,
1224 4723 1462 4792 πόλεμον
1510 4721 1779 4791 ἠπείλησε
1805 4718 1892 4772 διὰ

317 4805 663 4889 γραμμάτων
709 4819 786 4891 τῷ
821 4818 1058 4886 ἀδελφῷ,
1091 4819 1139 4869 εί
1188 4816 1264 4885 μὴ
1300 4815 1572 4869 παύσαιτο
1613 4814 1893 4883 κυμαίνων

316 4911 415 4981 τὴν
433 4911 789 4981 Ἐκκλησίαν,
817 4911 910 4963 καὶ
934 4911 1030 4979 τὴν
1051 4909 1218 4978 ὀρθὴν
1248 4907 1434 4960 πίστιν
1461 4906 1858 4978 παρασαλεύων
1875 4923 1888 4937 ·

317 5006 344 5056 ὁ
371 5003 427 5056 δὲ
465 5005 528 5056 τὸ
579 5003 808 5075 ἀκριϐὲς
853 5005 951 5072 τῆς
1002 5003 1238 5064 πίστεως
1274 5001 1460 5069 ζητεῖν
1506 4998 1891 5051 ἀντεπέστειλε

317 5094 395 5162 τῷ
430 5094 665 5164 ἀδελφῷ,
696 5095 917 5147 κάκεῖνο
946 5093 1312 5163 βεϐαιωθῆναι
1357 5092 1445 5145 διὰ
1491 5091 1727 5157 σπουδῆς
1757 5106 1902 5157 τυγο,

318 5189 500 5256 χάνειν
569 5187 743 5254 αὐτῷ.
784 5187 971 5250 Ἔδοξε
1041 5186 1222 5239 τοίνυν
1290 5187 1404 5247 τοῖς
1457 5184 1891 5252 αὐτοκράτορσιν

317 5279 666 5349 ἀμφοτέροις,
717 5278 937 5331 σύνοδον
985 5277 1242 5346 γενέσθαι
1283 5279 1609 5348 ἀρχιερέων,
1646 5275 1743 5328 καὶ
1792 5275 1891 5343 τὴν

315 5371 445 5438 παρ’
485 5372 714 5423 ἐκείνων
761 5371 1226 5442 δογματισθείσαν
1269 5371 1451 5423 πίστιν
1497 5369 1720 5434 κρατεῖν
1747 5381 1760 5396 ·
1809 5367 1891 5420 διὸ

317 5464 562 5517 κελεύσει
590 5465 794 5518 τούτων
821 5465 1193 5534 ἡθροίσθησαν
1220 5465 1515 5516 ἐπίσκοποι
1535 5463 1628 5514 τὸν
1655 5461 1889 5531 ἀριθμὸν

314 5551 392 5618 εἷς
433 5557 525 5610 καὶ
555 5557 966 5626 τεσσαράκοντα
992 5557 1126 5624 πρὸς
1157 5558 1268 5617 τοῖς
1302 5554 1639 5624 τριακοσίοις
1671 5555 1729 5604 ὲν
1755 5553 1892 5622 Σαρ-

314 5651 460 5719 δικῇ,
484 5652 550 5718 τῇ
585 5648 861 5717 λεγομένῃ
889 5647 1214 5718 Τριαδίτζῃ,
1237 5647 1287 5699 οἳ
1317 5646 1381 5716 δή
1411 5646 1506 5697 καὶ
1537 5647 1606 5696 τὰ
1636 5646 1748 5705 τοῖς
1778 5645 1890 5695 Πα-

314 5741 473 5812 τρὰσι
507 5741 943 5810 δογματισΟὲντα
999 5744 1055 5794 ἐν
1087 5745 1152 5811 τῇ
1204 5741 1348 5794 κατὰ
1399 5741 1632 5793 Νίκαιαν
1689 5739 1888 5807 συνόδῳ

2002 3191 2238 3247 fuerunt.
2287 3217 2290 3221 λ

2140 3373 2250 3429 VU.
2295 3377 2368 3430 De
2419 3380 2648 3432 secunda
2678 3381 2877 3450 synodo
2910 3383 3200 3442 Antiochia:
3230 3389 3442 3447 habita;

2068 3468 2247 3524 Altera
2284 3471 2523 3540 synodus
2563 3473 2617 3525 in
2665 3475 2978 3537 Antioohia,
3011 3493 3132 3546 quze
3174 3481 3344 3551 Syriae
3381 3488 3572 3540 civitas

1998 3567 2100 3621 est,
2125 3560 2222 3614 sub
2247 3561 2567 3617 Constantio
2613 3563 2954 3621 Constantini
2986 3567 3160 3640 Magni
3213 3573 3321 3628 filio
3353 3592 3566 3633 rursum

1999 3664 2326 3723 congregata
2391 3668 2510 3721 est,
2566 3666 2687 3726 post
2753 3659 2994 3728 quinque
3062 3677 3234 3720 annos
3302 3685 3330 3722 a
3401 3674 3573 3740 patris

2000 3742 2172 3811 ipsius
2225 3745 2290 3798 ad
2362 3745 2530 3799 Deum
2591 3748 2766 3802 reditu
2837 3755 3174 3807 numeratos.
3237 3755 3340 3821 Qui
3407 3763 3568 3814 etiam

1998 3837 2187 3907 viginti
2222 3839 2459 3909 quinque
2491 3841 2556 3895 ad
2596 3857 2939 3896 communem
2999 3843 3252 3904 Ecclesiae
3283 3851 3567 3910 utilitatem

1965 3957 1970 3960 -
1998 3942 2234 3984 canones
2260 3931 2569 3986 ediderunt.

2282 4061 2412 4118 Vill.
2481 4063 2554 4119 De
2585 4068 2783 4139 synodo
2825 4068 3061 4126 δατ-ἀίειν
3089 4074 3288 4132 habita.

2069 4176 2212 4243 Quin
2268 4179 2431 4234 etiam
2473 4183 2712 4250 synodus
2759 4184 3102 4244 Sardiccnsis
3146 4205 3573 4251 commemorato

1963 4269 2314 4330 .Constantio
2371 4272 2672 4342 imperante
2731 4289 3054 4349 congregata
3106 4292 3209 4336 est.
3265 4283 3362 4338 Hic
3423 4289 3568 4342 enim

1998 4361 2296 4432 imperator
2332 4362 2664 4421 Arianorum
2704 4369 2898 4424 haeresi
2932 4372 3241 4441 adhaerens,
3278 4393 3340 4432 ea
3372 4395 3491 4448 quae
3515 4383 3566 4435 in

1996 4541 2142 4612 quod
2176 4558 2302 4597 cum
2348 4543 2516 4599 frater
2568 4547 2738 4615 ipsius
2769 4547 3062 4617 Constans,
3102 4554 3191 4621 qui
3226 4560 3430 4614 veteris
3458 4561 3570 4615 Rn-

1997 4650 2098 4689 tnte
2137 4635 2424 4704 imperium
2482 4640 2679 4702 tenuit,
2725 4655 2790 4696 ex
2843 4642 2986 4698 illius
3029 4646 3119 4714 qni
3166 4660 3296 4703 tunc
3359 4663 3568 4719 tempo-

1995 4725 2071 4780 ris
2102 4741 2237 4796 papa
2271 4737 2388 4782 erat
2421 4729 2685 4786 relatione
2722 4732 3023 4801 didicisset,
3057 4737 3253 4792 bellum
3293 4758 3388 4809 per
3422 4744 3570 4798 litte.

1996 4833 2085 4872 ras
2125 4817 2280 4873 fratri
2328 4821 2788 4885 comminabatur,
2841 4825 2947 4878 nisi
2999 4826 3295 4882 Ecclesiam
3329 4849 3567 4891 commo-

1996 4923 2145 4972 vere,
2195 4921 2252 4964 et
2300 4912 2662 4966 orthodoxam
2707 4913 2865 4968 fidem
2911 4915 3241 4974 labefactare
3273 4924 3566 4981 desineret.

1996 4998 2095 5054 Hic
2149 5010 2330 5055 autem
2391 5017 2449 5057 se
2521 5015 2835 5058 accuratam
2897 5006 3056 5062 ﬁdem
3096 5011 3408 5084 inquirere,
3452 5032 3570 5085 quae

1993 5095 2158 5149 etiam
2208 5104 2266 5147 ut
2325 5095 2678 5151 confirmetur
2726 5095 2994 5152 summam
3043 5102 3304 5159 adhibere
3343 5108 3571 5178 diligen-

1997 5186 2147 5247 tiam,
2206 5185 2356 5238 fratri
2426 5201 2521 5252 per
2582 5188 2796 5241 litteras
2851 5194 3234 5264 respondebat.
3290 5197 3568 5257 Anbobus

1995 5275 2157 5343 igitur
2223 5276 2644 5343 imperatoribus
2709 5280 2974 5347 synodum
3047 5286 3352 5341 antistitum
3421 5296 3567 5346 relc-

1993 5365 2163 5429 brari,
2191 5375 2242 5419 et
2273 5366 2429 5420 fidem
2463 5366 2530 5419 ab
2562 5366 2626 5421 iis
2670 5371 3025 5433 eottstitutam
3084 5376 3335 5434 obtinere
3389 5364 3564 5440 visum

1992 5466 2094 5512 est.
2127 5455 2394 5538 Quocirca
2445 5474 2633 5513 eorum
2687 5459 2841 5530 jussu
2897 5467 3134 5538 episcopi
3191 5471 3286 5526 341
3331 5473 3568 5532 Sardiczn

1992 5565 2113 5620 qua:
2153 5537 2429 5605 Triaditze
2477 5552 2700 5613 dicitur,
2733 5561 3046 5626 congregati
3087 5537 3244 5624 sunt.
3287 5566 3346 5619 lli
3385 5578 3564 5623 autem

1990 5659 2054 5698 ea
2089 5644 2248 5699 etiam
2304 5659 2424 5711 quze
2461 5660 2490 5697 a
2548 5643 2800 5700 Patribus
2854 5647 2904 5700 in
2955 5655 3167 5720 synodo
3212 5656 3428 5714 Nicagna
3477 5663 3570 5715 de.

1993 5744 2148 5818 creta.
2177 5744 2322 5797 sunt,
2361 5732 2512 5788 ﬁrma
2545 5749 2765 5789 manere
2784 5740 3198 5814 praecipiebant,
3234 5758 3287 5805 et
3325 5753 3568 5807 omnium
