4016 6406
551 303 657 369 975
1761 291 2129 354 ΜΔΤΤΗᾸΠ

2173 288 2612 355 BLASTARIS
3517 327 3526 336 ο
3658 299 3743 366 σῗϐ

551 419 789 506 maxime
832 429 1050 473 sacrum
1109 412 1233 470 ﬁdei
1285 411 1602 485 Symbolum
1652 411 1721 467 ab
1761 411 1832 468 iis
1862 411 2132 482 composi-

2162 415 2206 473 Α
2235 412 2471 483 βεδαξως
2504 412 2652 482 ἔχειν
2675 409 2993 472 ἐθέσπισαν,
3027 405 3123 462 καὶ
3153 405 3368 462 πάντων
3389 407 3482 480 οὐχ
3511 409 3743 482 ἧκιστατδ

551 499 666 566 tum
700 527 714 563 :
744 521 840 563 eos
873 514 1054 560 autem
1082 504 1176 575 qui
1211 502 1349 558 illud
1379 508 1718 556 commutare
1749 500 1865 554 ausi
1901 499 2128 564 fuerint,

2238 505 2371 574 παρ’
2405 503 2585 557 αὐτῶν
2614 501 2872 556 συντεθὲν
2911 499 3057 572 ἱερὸν
3097 499 3196 566 τῆς
3233 500 3462 565 πίστεως
3495 502 3742 571 σύμϐολον·

551 598 919 656 anathematis
953 596 1206 654 haeredes
1232 609 1376 650 esse.
1424 591 1564 660 Quin
1595 592 1758 647 etiam
1799 591 1989 663 viginti
2038 605 2131 646 ca-

2238 596 2366 658 τοὺς
2397 596 2455 650 δὲ
2487 596 2649 650 τοῦτο
2683 594 3008 665 τολμῶντας
3049 593 3386 663 μεταποιεῖν»
3431 592 3745 665 κληρονόμους

554 709 723 751 nones
759 693 1112 748 securitatem
1141 689 1346 760 pariter
1393 702 1456 740 ac
1493 686 1781 741 utilitatem
1817 685 1913 740 toti
1947 683 2132 758 Eccle-

2238 683 2378 741 εἶναι
2409 688 2502 740 τοῦ
2532 685 2900 757 άναθέματος·
2930 686 2991 738 ού
3021 685 3128 755 μὴν
3151 684 3285 738 ἀλλὰ
3309 683 3403 738 καὶ
3426 687 3629 749 κανόνας
3657 705 3746 742 συν-

553 789 648 842 sia‘;
681 785 1163 842 subministrantes
1186 779 1611 844 constituebant,

2236 781 2528 838 τάττουσιν
2582 781 2786 845 εἰκοσι,
2819 783 2877 832 τὸ
2927 777 3169 846 ἀσφαλὲς
3219 775 3353 846 ὁμοῦ
3391 777 3480 830 καὶ
3524 777 3745 848 ὠφέλιμον

2238 873 2395 942 κοινῇ
2422 875 2486 938 τῇ
2521 869 2824 941 Ἐκκλησία
2855 867 3204 938 πορίζοντας.

840 959 933 1016 ΙΧ.
977 958 1052 1014 De
1085 957 1282 1030 synodo
1333 955 1612 1010 Laodicea:
1644 953 1847 1009 habita.

2435 962 2512 1017 6'.
2551 965 2688 1032 Περὶ
2723 962 2835 1028 τῆς
2867 962 2937 1015 ὲν
2967 961 3290 1028 Λαοδικείᾳ
3327 960 3597 1016 συνόδου.

627 1060 754 1114 Post
801 1055 1183 1110 Sardicensem
1237 1051 1402 1105 etiam
1459 1049 1512 1100 in
1570 1045 1838 1101 Laodicea
1887 1043 2134 1114 Phrygiae

2311 1057 2467 1112 Μετά
2491 1059 2592 1127 τὴν
2619 1059 2677 1110 ἐν
2711 1057 2949 1126 Σαρδικῇ
2985 1057 3082 1108 καὶ
3112 1055 3169 1107 ἐν
3208 1057 3274 1125 τῇ
3307 1055 3401 1124 τῆς
3430 1055 3645 1125 Φρυγίας
3672 1072 3749 1124 μη.

560 1148 846 1219 metmpoli
883 1147 989 1201 alia
1022 1151 1334 1199 sanctorum
1369 1139 1591 1194 Patrum
1623 1137 1872 1208 synodus
1904 1151 2134 1205 cengre-

2238 1150 2496 1220 τροπόλει
2529 1149 2846 1220 Λαοδικείᾳ,
2879 1149 3046 1218 ἑτέρα
3099 1147 3320 1209 σύνοδος
3363 1149 3579 1215 συνέστη
3619 1147 3752 1213 ἁγίων

557 1256 680 1314 gata
713 1252 820 1306 est,
866 1250 922 1293 ct
960 1248 1208 1292 canones
1247 1231 1318 1287 59
1365 1229 1554 1290 edidit,
1601 1238 1863 1297 quantum
1926 1228 1990 1281 ad
2029 1227 2133 1280 Ec-

2240 1240 2523 1310 Πατέρων,
2574 1240 2670 1293 καὶ
2733 1239 2967 1303 κανόνας
3003 1239 3219 1302 ἐξέθετο
3268 1239 3419 1290 ἐννέα
3466 1239 3554 1291 καὶ
3599 1239 3733 1305 πεντή

557 1335 733 1391 clesite
755 1331 1042 1385 utilitatem
1075 1333 1310 1396 spectat,
1341 1319 1774 1393 prmeedentibus
1802 1317 1970 1372 nihilo
1998 1315 2134 1371 inle-

2239 1348 2430 1393 κοντα,
2465 1332 2565 1385 ὅσα
2599 1347 2664 1400 γε
2691 1332 2773 1394 εις
2800 1330 2902 1401 τὴν
2925 1329 3026 1400 τῆς
3058 1329 3388 1399 Ἐκκλησίας
3421 1329 3664 1395 ὠφέλειαν
3684 1329 3753 1381 οὺ·

499 1491 506 1496 ,
557 1432 752 1486 riorcs.

2240 1423 2329 1476 δὲν
2362 1421 2715 1485 ἐλλείποντας
2745 1421 2856 1474 τῶν
2887 1421 2994 1491 πρὸ
3027 1420 3227 1476 αὐτῶν.

1022 1513 1094 1567 De
1123 1526 1312 1579 magno
1353 1507 1666 1564 Athanasio.
2521 1517 2608 1580 II»:J

2521 1513 2661 1580 Περὶ
2697 1512 2804 1567 τοῦ
2844 1513 3116 1581 μεγάλου
3155 1511 3527 1568 Ἀθανασίου.

627 1613 746 1669 Νοη
797 1622 992 1682 pauca,
1042 1604 1190 1657 auris
1237 1597 1455 1655 honesti
1507 1595 1775 1660 studiosa,
1845 1591 2010 1648 etiam
2064 1603 2132 1644 ex

2313 1604 2507 1673 Εὑρεῖν
2567 1605 2738 1674 ἔχεις,
2790 1605 2824 1674 ὴ
2882 1604 3179 1672 φιλόκαλος
3231 1605 3393 1676 ἀκοὴ,
3437 1606 3524 1658 καὶ
3570 1605 3651 1658 τοῦ
3684 1603 3755 1676 τῆς

556 1703 815 1762 Ecclesiae
850 1699 1188 1758 fulcimento,
1235 1706 1432 1761 magno
1460 1689 1716 1743 nimirum
1764 1684 1929 1738 Patre
1958 1683 2132 1737 Atha-

2241 1697 2575 1768 Ἐκκλησίας
2607 1695 2963 1768 ἐρείσματος,
3002 1696 3100 1750 τοῦ
3135 1698 3373 1767 μεγάλου
3421 1698 3610 1767 [ἰατρὸς
3629 1697 3757 1750 Ἀθα-

556 1797 709 1854 nasio
755 1796 810 1850 in
865 1787 1119 1862 praesenti
1172 1799 1336 1854 opere
1390 1779 1784 1850 comprehensa
1836 1776 2134 1830 invenias:

2173 1768 2211 1826 Β
2240 1767 2452 1853 νασίου,
2485 1767 2654 1860 φημὶ,
2687 1789 2789 1842 οὐκ
2833 1789 2994 1856 όλίγα
3021 1789 3100 1858 τῷ
3137 1789 3373 1860 παρόντι
3415 1789 3759 1858 ἐμπεριειλημ-

555 1891 802 1964 quicum
844 1881 1056 1955 synodo
1100 1878 1354 1940 Nica'na,
1412 1885 1470 1928 ut
1500 1872 1707 1927 dictum
1756 1877 1862 1928 est.
1899 1869 2132 1922 interes-

2240 1882 2378 1951 μένα
2435 1881 2877 1952 συγγράμματιο
2927 1881 2987 1945 ός
3033 1883 3101 1953 τῇ
3137 1884 3282 1935 κατὰ
3325 1881 3551 1935 Νίκαιαν
3603 1879 3761 1948 συνόδῳ

556 1956 662 2046 έθῑ»
696 1994 800 2033 “0"
835 1973 1005 2028 “Who
1038 1979 1161 2037 ροει
1200 1977 1446 2032 ιειιψοτθ
1493 1958 1840 2015 Ᾱιθκθιιάτῖῖε
1876 1956 2133 2011 ίῖποηηω
2237 1974 2456 2045 παρὼν,
2483 1975 2560 2037 ὡς
2606 1974 2930 2044 δεδήλωται,
2961 1975 3082 2045 μετ’
3113 1975 3178 2028 οὒ
3214 1975 3350 2028 πολὺ
3383 1973 3477 2027 τὸν
3515 1974 3604 2036 τῆς
3645 1973 3760 2024 Ἀλε-

555 2073 660 2130 sibi
693 2071 1046 2126 commissum
1085 2058 1292 2122 habuit,
1349 2055 1536 2109 divino
1566 2051 1863 2108 succedens
1895 2049 2136 2104 Alexan-

2238 2067 2522 2137 ξανδρείας
2550 2067 2739 2136 θρόνον
2763 2066 3155 2138 ἐνεχειρίζετο,
3181 2065 3529 2138 Ἀλέξανδρον
3548 2066 3627 2118 τὸν
3647 2065 3763 2118 θεῖον

557 2167 654 2218 tiro
683 2179 698 2217 :
728 2159 995 2230 Ρτωύίειο
1031 2153 1216 2221 itaque
1243 2157 1435 2203 ⁵³¹¹εί⁰
1463 2143 1689 2214 man)“
1723 2143 1884 2197 Ρθιτο
1911 2139 2138 2209 Αίί¹¹ί¹³⁸
2236 2161 2627 2229 διαδεξάμενος
2653 2177 2669 2194 ·
2704 2159 2795 2214 τὸν
2827 2159 2961 2228 γοῦν
2994 2161 3260 2231 ἀνωτέρω
3290 2159 3516 2229 ῥηθέντα
3549 2156 3762 2226 ίερομάρο

556 2253 839 2314 successit,
870 2249 996 2302 huic
1041 2253 1222 2296 autem
1270 2239 1491 2293 divinus
1539 2238 1628 2290 hic
1666 2233 1994 2289 Alexander.
2028 2231 2141 2285 bla-

2237 2271 2378 2324 τυρα
2399 2254 2606 2324 Πέτρον
2632 2253 2857 2323 Ἀχιλᾶς
2882 2251 3164 2318 διεδέξατο
3183 2269 3197 2283 ’
3228 2251 3321 2306 τὸν
3343 2252 3419 2317 δέ,
3443 2254 3470 2305 ό
3491 2252 3619 2314 θεῖος
3643 2248 3761 2302 Ἀλέ-

557 2346 649 2417 gni
711 2351 895 2398 autem
964 2334 1250 2392 Athanasii
1315 2331 1533 2411 tropaeis
1594 2327 1750 2398 plena
1792 2327 2006 2394 quidem
2057 2333 2143 2379 est

2241 2345 2470 2416 ξανδρος
2526 2345 2750 2398 οὑτοσί*
2796 2346 2907 2399 τῶν
2939 2344 2996 2398 δὲ
3049 2344 3144 2398 τοῦ
3207 2344 3443 2415 μεγάλου
3493 2340 3764 2395 ’Δθανασίου

561 2453 727 2501 terra,
767 2445 828 2491 ut
863 2448 984 2487 cum
1013 2428 1234 2486 oraculo
1266 2427 1486 2496 loquar,
1521 2423 1735 2492 plenum
1770 2421 1931 2474 etiam
1965 2433 2137 2472 mare.

2239 2437 2522 2510 τροπαίων
2560 2437 2721 2506 πλείη
2774 2437 2874 2506 μὲν
2906 2437 3062 2505 γαῖα,
3099 2435 3248 2489 κατά
3279 2437 3340 2489 τὸ
3388 2434 3534 2500 έπος,
3567 2429 3761 2499 πλείηδὲ

560 2533 766 2586 Revera
829 2526 976 2580 ettim
1041 2521 1100 2576 in
1156 2519 1352 2574 divinis
1385 2513 1774 2572 certaminibus
1824 2511 1942 2582 plus
1975 2525 2139 2581 quam

2243 2533 2490 2587 θάλασσα
2513 2546 2528 2561 °
2581 2531 2828 2602 ἀτεχνῶς
2864 2531 2972 2600 γὰρ
3017 2529 3161 2598 ὑπὲρ
3194 2529 3481 2598 ἄνθρωπον
3513 2525 3651 2594 ὤφθη
3679 2525 3761 2583 τοῖς

561 2627 722 2680 homo
755 2621 903 2675 visus
942 2625 1046 2672 est.

2242 2625 2388 2678 κατά
2421 2623 2561 2678 Θεὸν
2599 2624 3006 2691 ἀγωνίσμασιν.

1054 2705 1129 2760 De
1165 2709 1371 2774 'magno
1418 2699 1646 2756 Basilio.
2543 2714 2687 2782 Περὶ
2717 2713 2826 2768 τοῦ
2853 2711 3126 2782 μεγάλου
3173 2714 3515 2768 Βασιλείαν.

637 2807 834 2864 Verum
868 2802 1173 2876 Olympicus
1206 2801 1292 2854 hic
1352 2799 1523 2852 victor
1567 2797 1692 2851 vita:
1719 2795 1936 2866 quidem
1966 2793 2146 2849 stadio
2208 2794 2223 2811 ‘

2208 2793 2236 2811 ’
2325 2807 2469 2863 Ἀλλ’
2499 2809 2770 2880 ἀνεχώρει
2825 2807 2924 2876 μὲν
2956 2806 3053 2860 τοῦ
3085 2806 3233 2860 κατά
3260 2809 3353 2860 τδν
3383 2807 3496 2879 βίον
3537 2799 3765 2859 σταδίουό

558 2903 829 2964 discessit,
865 2899 1224 2960 certaminum
1272 2895 1494 2964 prtetnia
1545 2894 1760 2948 abunde
1802 2901 2140 2959 recepturus.

2242 2900 2650 2972 όλυμπιονίκης
2701 2899 2910 2964 οὑτοσὶ,
2937 2899 3007 2952 τὰ
3043 2898 3282 2970 βραδεῖα
3318 2900 3429 2953 τῶν
3467 2898 3630 2954 άθλων
3652 2894 3762 2964 φιλο-

557 2996 637 3051 Νο
679 3005 858 3048 autem
907 2989 1200 3045 veritatem
1255 2998 1609 3057 propugnans
1659 2983 1898 3055 phalanx
1945 2981 2143 3034 antesi-

2241 2997 2420 3069 τίμως
2453 2993 2895 3063 ἀποληψόμενος.
2935 2993 3055 3046 Ἵνα
3079 2991 3138 3046 δὲ
3173 2991 3249 3064 μὴ
3292 2992 3424 3063 κενὴ
3467 2986 3765 3062 προμάχουή

560 3101 741 3157 gnano
768 3085 1192 3141 destitueretur,
1242 3093 1437 3149 magno
1480 3077 1728 3146 protinus
1760 3075 1906 3129 Patri
1941 3072 2145 3128 Basilio

2181 3108 2214 3168 Β
2245 3089 2386 3160 ὑπὲρ
2402 3089 2503 3157 τῆς
2529 3085 2794 3157 ἀληθείας
2817 3086 2901 3156 εεη
2930 3083 3264 3157 παράταξις,
3300 3084 3462 3148 εὐθὺς
3493 3082 3565 3154 τῷ
3593 3078 3767 3148 μεγάλῳ

559 3179 727 3250 praelii
779 3183 972 3230 contra
1028 3171 1149 3227 lidei
1193 3170 1378 3225 hostes
1421 3169 1661 3239 suscepti
1709 3177 1916 3224 tessera
1957 3169 2134 3220 datur.

2244 3181 2422 3251 Πατρὶ
2456 3177 2732 3249 Βασιλείῳ
2769 3178 2830 3230 τὸ
2872 3176 3127 3247 σύνθημα
3160 3178 3368 3232 δίδοται
3395 3177 3494 3246 τῆς
3530 3174 3651 3245 πρὸς
3672 3170 3767 3231 τοὺς

563 3271 627 3326 Ει
666 3270 798 3326 mihi
835 3269 1053 3336 quidem
1089 3265 1303 3320 videtur
1332 3265 1604 3318 neminem
1648 3276 1834 3318 eorum
1864 3261 1954 3330 qui
1983 3257 2138 3313 suavi

2242 3271 2474 3343 ἐχθροὺς
2519 3274 2622 3342 τῆς
2655 3269 2896 3334 πίστεως
2928 3269 3108 3340 πάλης
3133 3285 3151 3302 ο
3191 3270 3285 3324 καὶ
3327 3267 3479 3339 οἶμαι
3515 3267 3697 3339 μηδένα
3719 3277 3765 3328 γε

563 3363 723 3419 melle
761 3361 1070 3416 amucntcm
1128 3357 1269 3412 illius
1325 3355 1564 3426 linguam
1616 3353 1699 3408 vel
1735 3353 1926 3424 primis
1975 3351 2142 3407 labris

2241 3363 2461 3430 ἀγνοεῖν
2489 3361 2601 3415 τῶν
2634 3362 2729 3416 καὶ
2757 3361 2938 3433 βραχὺ
2968 3363 3338 3432 γευσαμένων
3381 3363 3481 3430 τῆς
3503 3361 3626 3432 ἡδίω
3651 3356 3767 3428 μέλι-

559 3456 857 3525 attigerunt
909 3454 1165 3521 ignorare
1221 3465 1388 3520 quam
1447 3448 1662 3502 abunde
1714 3460 1810 3501 eos
1837 3443 2136 3515 superavit.

2243 3441 2336 3517 τος
2369 3453 2605 3526 ῥεούσης
2635 3452 2884 3523 γλώττης
2914 3454 3154 3520 ἐκείνου,
3185 3456 3334 3520 ὅπως
3363 3456 3482 3518 τοὺς
3507 3452 3598 3524 μιν
3622 3452 3676 3502 ἐκ
3701 3463 3769 3498 ιπεε⁸

559 3548 686 3604 Sule
719 3561 846 3600 vero
893 3543 1240 3616 splendidius
1284 3541 1496 3596 liberali
1541 3553 1858 3596 sermonum
1886 3538 2006 3592 luce
2043 3537 2144 3593 Ec-

2246 3545 2494 3617 ριουσίας
2526 3544 2981 3614 κατηγωνίσατο,”
3000 3543 3158 3615 ἡλίου
3197 3544 3256 3599 δὲ
3281 3544 3626 3616 φαιδρότερον
3646 3535 3768 3606 δαψι-

557 3639 776 3696 clesiam
809 3637 1116 3692 illustravit.
1152 3635 1267 3690 Iste
1292 3634 1441 3690 enim
1474 3632 1620 3688 nocti
1649 3632 1822 3697 cedit,
1848 3631 1938 3686 hie
1961 3639 2141 3686 autem

2243 3639 2330 3692 λετ
2359 3637 2436 3708 τῷ
2457 3637 2598 3706 φωτὶ
2623 3637 2735 3692 τῶν
2755 3636 2931 3704 λόγων
2957 3637 3060 3708 τὴν
3080 3637 3417 3709 Ἐκκλησίαν
3455 3634 3770 3705 κατηύγασεν.

561 3731 616 3785 in
653 3729 873 3784 malitia
906 3728 1164 3784 tenebras
1193 3727 1486 3783 victoriam
1519 3726 1835 3793 reportavit.
1871 3723 2012 3791 Quin
2046 3738 2143 3792 po-

2257 3727 2320 3783 Ὅ
2352 3729 2454 3798 μέν
2491 3746 2554 3798 γε
2583 3729 2908 3799 παραχωρεῖ
2935 3731 3004 3799 τῇ
3037 3729 3222 3796 νυκτὶ,
3253 3732 3282 3783 ό
3311 3729 3368 3783 δέ
3385 3727 3484 3782 τοῦ
3517 3728 3604 3796 τῆς
3642 3736 3771 3785 πονη-

561 3819 671 3875 tius
701 3825 912 3888 quanto
942 3824 1139 3870 natura
1168 3813 1457 3870 rationalis
1487 3814 1557 3869 ab
1609 3814 1905 3867 inanimata
1938 3812 2146 3868 discre-

2249 3823 2375 3894 ρίας
2409 3822 2638 3885 σκότους
2669 3821 3028 3891 περιεγένετο
3046 3835 3063 3852 ο
3099 3821 3310 3890 μᾶλλον
3333 3823 3436 3889 μέν
3458 3817 3548 3873 οὖν
3567 3808 3774 3874 ὀπόσονή

562 3919 678 3982 pat,
731 3916 882 3964 tanta
923 3917 1009 3963 est
1057 3907 1345 3977 utriusque
1365 3907 1420 3962 in
1464 3905 1784 3975 operatione
1815 3903 2142 3960 dillerentia.

2247 3915 2443 3984 λογικὴ
2475 3917 2639 3984 φύσις
2671 3915 2951 3984 διενήνοχε
2975 3913 3074 3984 τῆς
3097 3914 3335 3986 ἀψύχου,
3363 3911 3606 3968 τοσοῦτον
3628 3901 3774 3960 ἐκατέο

561 4002 656 4059 llle
689 3999 838 4058 enim
868 3999 1050 4053 radios
1083 4013 1213 4054 suos
1237 3998 1290 4053 in
1322 4007 1525 4054 terram
1558 3997 1840 4053 dimittens
1867 3996 2147 4053 sensitivis

2253 4025 2361 4079 ρων
2380 4008 2442 4061 τὸ
2460 4007 2562 4075 τῆς
2584 4005 2866 4076 ἐνεργείας
2887 4003 3168 4076 διάφορον.
3191 4005 3252 4061 Ὀ
3285 4007 3386 4078 μὲν
3415 4008 3520 4075 γὰρ
3541 4001 3630 4063 τὰς
3651 3993 3771 4049 ἀκτῖ-

559 4101 767 4150 tantum
811 4090 1139 4146 animalibus
1189 4089 1444 4145 ﬁduciam
1479 4102 1604 4144 eum
1653 4087 1840 4144 laetitia
1873 4088 2144 4158 largitur:

2249 4119 2349 4165 νας
2379 4103 2446 4172 τῇ
2477 4102 2547 4170 γῇ
2576 4101 2784 4169 ἀφιεὶς,
2806 4100 2924 4162 τοῖς
2957 4097 3062 4152 ὑπὸ
3093 4100 3196 4171 τὴν
3218 4098 3474 4168 αἴσθησιν
3497 4095 3646 4166 μόνον
3670 4086 3776 4154 παῤ-

560 4183 720 4253 hujus
737 4193 918 4238 autem
935 4194 1251 4237 sermonum
1275 4179 1410 4234 radii
1429 4193 1495 4234 ex
1521 4192 1627 4248 quo
1643 4178 1747 4235 orti
1769 4187 1898 4235 sunt
1921 4181 1987 4234 ad
2004 4178 2146 4234 hunc

2253 4193 2450 4266 ρησίαν
2493 4191 2632 4262 μετὰ
2677 4193 2881 4260 γάνους
2915 4190 3250 4262 χαρίζεται*
3293 4191 3350 4246 al
3391 4191 3446 4242 δὲ
3487 4187 3659 4241 τούτου
3693 4175 3777 4230 τῶν

558 4289 730 4347 usque
754 4275 897 4330 diem
922 4287 1028 4328 non
1056 4280 1265 4326 tantum
1289 4270 1605 4326 rationalem
1633 4272 1684 4324 in
1708 4281 1850 4326 terra
1876 4283 2144 4338 naturam,

2252 4283 2431 4352 λόγων
2463 4283 2686 4344 ἀκτῖνες
2710 4280 2897 4346 ἐξότου
2916 4279 3281 4349 περιγέγονεν
3297 4281 3428 4351 ἄχρι
3453 4279 3543 4332 καὶ
3562 4275 3778 4345 τήμερονν

555 4367 652 4423 sed
685 4369 860 4437 ipsum
891 4364 1202 4420 scindentes
1233 4377 1414 4418 aerem
1445 4372 1503 4418 et
1525 4364 1725 4417 coelum
1761 4373 2141 4432 penetrantes.

2253 4375 2354 4446 οὐχ
2385 4375 2536 4438 ὅπως
2566 4373 2667 4446 τὴν
2706 4373 2768 4427 ἐν
2813 4375 2881 4444 τῇ
2917 4374 2988 4442 γῇ
3015 4371 3248 4444 λογικὴν
3295 4373 3480 4442 φύσιν,
3509 4367 3631 4421 ἀλλὰ
3675 4360 3776 4426 τέμ-

558 4463 705 4530 ipsos
765 4459 929 4515 etiam
981 4455 1300 4526 angelorum
1376 4455 1578 4511 choros
1641 4457 1807 4510 multa
1865 4457 2139 4524 voluptate

2189 4448 2220 4509 ⁵
2245 4481 2439 4521 νουσαι
2473 4465 2569 4519 τὸν
2603 4465 2764 4535 ἀέρα,
2802 4464 2901 4517 καὶ
2937 4465 3034 4517 τὸν
3080 4464 3319 4534 οὐρανὸν
3354 4459 3775 4532 ὑπερκύπτουσαιι

562 4553 872 4623 explerent.
943 4549 1000 4606 Si
1041 4549 1111 4603 ob
1149 4563 1313 4602 unum
1363 4549 1509 4603 enim
1554 4559 1894 4618 peccatorem
1946 4549 2139 4616 resipi-

2246 4557 2452 4628 πολλῆς
2507 4556 2706 4629 ἡδονῆς
2738 4556 2834 4609 καὶ
2879 4556 3010 4620 τοὺς
3061 4555 3173 4608 τῶν
3220 4555 3474 4626 ἀγγέλων
3521 4545 3779 4622 ἐμπιπλᾶσι

563 4656 806 4701 scentem
855 4642 1113 4713 gaudium
1147 4641 1205 4696 lit
1242 4640 1294 4695 in
1339 4640 1517 4706 caelis,
1555 4641 1700 4696 hunc
1739 4651 1921 4696 autem
1949 4652 2004 4695 et
2033 4643 2137 4696 vita

2243 4649 2466 4720 χορούςο
2522 4648 2588 4702 Εἰ
2647 4647 2757 4718 γὰρ
2824 4647 2922 4700 ἐπὶ
2982 4644 3064 4700 ἐνὶ
3095 4646 3417 4718 ἁμαρτωλῷ
3480 4636 3780 4714 μετανοοῦντι

562 4744 855 4802 Iruentem,
885 4742 938 4790 et
958 4733 1204 4788 functum
1233 4731 1660 4786 innumerabiles
1679 4731 1742 4786 ad
1764 4732 2140 4802 paenitentiam

2247 4736 2395 4806 καρὰ
2438 4735 2652 4804 γίνεται
2686 4737 2745 4788 ὲν
2780 4738 2896 4797 τοῖς
2919 4736 3196 4806 οὐρανοῖς,
3229 4735 3395 4798 αὐτὸς
3420 4735 3475 4787 δὲ
3504 4733 3591 4787 καὶ
3618 4721 3779 4797 περιὼν

562 4826 910 4887 sermonibus
949 4825 1005 4881 in
1053 4825 1171 4881 dies
1213 4824 1493 4880 attrahere
1554 4822 1745 4892 liquet,
1793 4838 1916 4878 eum
1976 4824 2142 4878 multo

2247 4829 2333 4882 ἔτι
2361 4829 2440 4900 τῷ
2475 4827 2577 4898 βίῳ
2611 4828 2710 4880 καὶ⁹
2733 4825 2896 4881 ἀπὼν
2926 4829 3038 4890 τοῖς
3069 4829 3250 4897 λόγοις
3275 4826 3511 4901 ἀριθμοῦ
3543 4822 3778 4894 κρείττους

560 4925 735 4990 magis
760 4921 1066 4992 angelicam
1089 4927 1342 4973 naturam
1368 4915 1567 4986 gaudio
1595 4924 1857 4985 perpetuo
1890 4932 1993 4970 non
2035 4917 2132 4970 de-

2238 4922 2518 4992 ὁσημέραι
2547 4920 2686 4990 πρὸς
2726 4921 3027 4990 μετάνοιαν
3053 4920 3232 4974 ἕλκων
3258 4921 3555 4982 δείκνυται,
3589 4909 3712 4984 ἦποῦ
3733 4921 3777 4972 γε

559 5014 794 5068 mulcere
819 5027 980 5068 nemo
1007 5017 1240 5065 asserat.
1271 5006 1442 5079 Hujus
1468 5009 1759 5063 canonicas
1794 5009 1861 5062 ad
1887 5018 2134 5062 sanctum

2240 5013 2352 5068 οὐδ’
2391 5011 2458 5067 ἂν
2497 5006 2578 5074 εἷς
2612 5013 2764 5064 εἴποι
2821 5012 2896 5082 μὴ
2929 5012 3032 5084 τὴν
3061 5011 3174 5064 τῶν
3208 5012 3460 5080 άγγέλων
3503 5009 3652 5078 φύσιν
3683 4997 3779 5055 ἑκά-

562 5105 1005 5174 Amphilochium
1055 5101 1223 5158 lconii
1274 5101 1591 5172 episcOpum
1642 5100 1904 5169 epistolas
1937 5109 2050 5154 tres
2083 5101 2135 5154 in

2247 5123 2404 5160 στοτε
2435 5103 2630 5158 τοῦτον
2676 5105 3026 5174 εὐφραίνειν.
3068 5103 3278 5157 Τούτου
3335 5106 3397 5156 τδ
3448 5102 3615 5172 παρὸν
3661 5093 3779 5163 φέρει

563 5214 800 5255 canones
827 5199 1101 5268 oetOginta
1147 5205 1385 5265 quatuor
1413 5194 1756 5262 distributas,
1789 5203 1843 5249 et
1864 5195 1966 5250 alia
2001 5208 2136 5248 non-

2248 5199 2544 5269 σύνταγμα
2574 5197 2673 5261 τὰς
2708 5198 2848 5266 πρὸς
2879 5197 2975 5249 τὸν
3012 5199 3174 5265 ἅγιον
3195 5197 3566 5268 Ἀμφιλόχιον,
3597 5188 3778 5243 ἐπίσκο-

559 5291 703 5346 nulla
724 5299 918 5358 praeter
952 5303 1046 5342 eas
1069 5290 1132 5342 de
1169 5287 1403 5343 diversis
1437 5289 1776 5358 argumentis
1801 5288 1976 5355 capita
1997 5303 2138 5351 prae-

2249 5308 2354 5346 πον
2370 5289 2629 5355 Ἰκονίου,
2654 5291 2947 5350 κανονικὰς
2968 5289 3266 5352 ἐπιστολὰς
3288 5291 3460 5360 τρεῖς,
3489 5289 3563 5348 εἰς
3594 5279 3779 5335 κανόνας

557 5399 685 5440 sens
701 5391 986 5462 syntagma
1009 5382 1256 5436 exhibet.

2239 5384 2578 5456 διῃρημένη
2608 5382 2884 5452 τέσσαρας
2909 5384 3005 5434 καὶ
3035 5383 3389 5452 ὀγδοήκοντα·
3416 5383 3506 5435 καὶ
3531 5376 3658 5445 ἕτερ’
3676 5370 3779 5425 ἄττα

1419 5493 1424 5496 ’
1809 5525 1833 5549 ,
2247 5475 2386 5548 πρὸς
2407 5475 2613 5542 ταύτας
2675 5475 2953 5544 κεφάλαια
3004 5474 3284 5544 διαφόρων
3333 5473 3630 5527 ὑποθέσεων
3661 5462 3775 5531 πέρι·

912 5562 987 5617 De
1011 5572 1193 5616 sancto
1225 5561 1481 5631 Gregorio
1514 5560 1779 5632 Nysseno.
2395 5571 2498 5636 Πει

2395 5566 2537 5636 Περί
2567 5566 2674 5622 τοῦ
2704 5569 2880 5638 ἁγίου
2908 5567 3244 5637 Γρηγορίου
3281 5566 3390 5622 τοῦ
3417 5565 3670 5629 Νύσσης.

629 5656 762 5712 lluic
818 5655 980 5710 etiam
1033 5653 1202 5708 frater
1257 5654 1428 5722 ipsius
1483 5653 1786 5734 Gregorius
1841 5654 2027 5708 socius
2087 5655 2138 5708 in

2321 5658 2517 5728 Τούτῳ
2551 5659 2645 5710 καὶ
2678 5659 2706 5710 ό
2739 5658 2970 5726 ἀδελφὸς
3001 5657 3308 5729 Γρηγόριος
3360 5658 3637 5728 σύμμαχος
3660 5641 3778 5734 ﬁnd

551 5751 692 5806 bello
724 5749 849 5816 luit,
868 5749 963 5820 qui
1005 5746 1191 5818 Nyssa:
1217 5746 1476 5804 thronum
1505 5731 1808 5814 adornavit,
1839 5746 1923 5802 vel
1949 5748 2137 5818 potius,

2257 5753 2349 5808 τὸν
2383 5753 2482 5822 τῆς
2521 5749 2750 5821 Νύσσης
2785 5751 2980 5820 θρόνον
3017 5751 3490 5822 κατακοσμήσεις,
3533 5743 3709 5818 μᾶλλον
3734 5731 3775 5784 δὲ
