4016 6402
377 336 482 400 985

1806 346 2228 411 PRJEFATIO.

3521 357 3632 424 986

375 444 502 512 τική
529 458 544 472 ·
595 436 736 508 εἶτα,
787 444 1095 517 Νουμηδίαι
1133 450 1250 514 δύο,
1308 449 1516 506 παλαιά
1544 469 1603 505 τε
1660 454 1757 507 καὶ
1802 455 1897 508 νέα
1927 471 1942 486 ο

2054 453 2352 512 Caesariana
2405 472 2434 512 a
2473 459 2760 528 metropoli
2802 473 2904 513 sua
2939 460 3190 516 (hesarea
3245 461 3431 527 dicta;
3492 464 3627 518 Sili-

376 535 589 600 ἔπειτα,
621 535 992 606 Μαυριτανξαι
1045 543 1213 612 τρεῖς,
1244 541 1364 612 ἦτοι
1408 543 1440 612 ή
1489 545 1872 614 Καισαρινσία,
1907 548 1940 615 ὴ

2054 549 2235 616 'ensia,
2267 549 2425 620 cujus
2457 552 2777 621 metropolis
2811 563 2894 608 est
2927 553 3200 618 Sitifaena,
3235 564 3290 609 et
3323 551 3623 623 Tingiaua,

376 625 473 677 καὶ
503 626 854 698 Καισαριανὴ
904 630 1238 702 καλουμένη,
1275 633 1384 687 άπδ
1424 634 1525 704 τῆς
1556 635 1947 706 μητροπόλεως

377 716 547 785 αὐτῆς
577 718 932 786 Καισαρείας,
965 723 1307 791 Σιτιφενσὶα,
1333 719 1400 796 ἧς
1427 726 1457 794 ἡ
1497 725 1834 797 μητρόπολις
1859 728 1950 780 Σι-

377 807 632 876 τίςραινα·
667 809 763 862 καὶ
807 811 1098 884 Τιγγιανὴ,
1128 815 1160 883 ἡ
1209 817 1550 885 μητρόπολιν
1584 817 1783 887 ἔχουσα
1813 819 1946 888 Τίγ-

378 915 505 969 γην.
538 901 764 971 Ἐξῆρχε
819 903 876 955 δὲ
909 901 1033 973 τῆς
1066 905 1286 958 συνόδου
1333 908 1606 978 Αὐρήλιος
1650 910 1952 975 ἐπίσκοπος

379 993 747 1062 Καρχηδόνος,
778 994 839 1048 ὃν
871 997 966 1049 καὶ
996 997 1229 1051 πάππαν
1262 999 1568 1066 ὠνόμαζον,
1610 1004 1704 1055 καὶ
1732 1005 1780 1056 oi
1817 1022 1950 1058 crta—

378 1085 563 1148 λέντες
593 1087 656 1139 ἐκ
694 1086 788 1141 τοῦ
819 1089 1019 1142 πάππα
1059 1089 1281 1160 Ῥώμης
1309 1099 1684 1164 τοποτηρηταὶ
1718 1097 1952 1150 Φαυστί-

379 1193 467 1240 νος
491 1177 814 1240 ἐπίσκοπος,
847 1178 1114 1241 Φίλιππός
1143 1197 1202 1232 τε
1251 1181 1348 1235 καὶ
1384 1181 1611 1247 "Assio;
1642 1187 1951 1254 πρεσϐύτε⁴

382 1284 492 1338 ροι.
537 1269 806 1338 Παρῆσαν
837 1269 896 1322 δὲ
930 1270 1024 1322 καὶ
1070 1270 1248 1340 ἕτεροι
1298 1275 1674 1343 τοποτηρηταὶ
1705 1277 1812 1329 τῶν
1842 1280 1943 1350 ἤδη

378 1357 687 1429 εἰρημένων
713 1360 995 1430 ἐπαρχιῶν
1023 1360 1127 1429 τῆς
1152 1363 1416 1432 Ἀφρικῆς
1439 1364 1564 1427 τοὺς
1594 1365 1792 1432 τόπους
1819 1371 1949 1424 ἁνα-

378 1449 713 1520 πληροῦντες
741 1451 851 1503 τῶν
887 1453 963 1522 μὴ
991 1452 1330 1521 δυνηθέντων
1349 1452 1528 1506 ἐλθεῖν
1555 1457 1634 1518 εἰς
1664 1457 1762 1524 τὴν
1794 1459 1949 1514 σύνοο

2042 657 2163 712 (ιιιαξ
2197 643 2548 712 metropolim
2579 644 2747 700 habet
2796 645 3027 718 Tingen.
3064 645 3409 701 Praesidebat
3442 660 3624 702 autem

2043 733 2256 801 synodo
2287 732 2539 790 Aurelius
2575 735 2868 805 episcOpus
2917 738 3397 806 Carthaginensis,
3460 749 3622 806 quem

2043 824 2208 878 etiam
2244 838 2439 894 papam
2485 829 2863 890 nominabant.
2915 839 2971 883 et
3008 829 3107 883 loci
3144 839 3558 884 conservatores
3595 847 3632 882 a.

2055 931 2191 987 papa
2217 917 2469 976 Romano
2487 923 2660 987 missi,
2685 921 2980 977 Faustinus
3005 923 3317 990 episc0pus,
3347 923 3634 990 Philippus.

2052 1020 2106 1065 et
2138 1011 2353 1066 Asellus
2389 1015 2715 1087 presbyteri.
2775 1016 3017 1069 Aderant
3059 1025 3239 1068 autent
3277 1025 3332 1069 et
3364 1015 3452 1068 alii
3485 1029 3626 1083 prae-

2051 1103 2318 1158 diclarum
2356 1107 2553 1162 Africa
2599 1109 3000 1177 provinciarum
3037 1108 3142 1161 luci
3186 1118 3626 1170 conservatores,

2049 1209 2238 1248 eorum
2277 1197 2369 1264 qui
2419 1197 2485 1252 ad
2538 1201 2801 1269 synodum
2836 1199 3023 1253 venire
3059 1213 3162 1250 non
3217 1204 3471 1267 poterant
3507 1195 3625 1248 Iota

2049 1285 2340 1368 implentes
2396 1307 2411 1344 :
2471 1293 2620 1345 unde
2664 1299 2719 1344 et
2772 1290 2875 1343 loci
2931 1287 3367 1343 conservationis
3431 1301 3623 1340 nomen

2049 1388 2320 1446 sumptum
2381 1389 2488 1443 est,
2542 1395 2573 1435 a
2627 1383 2925 1455 servando,
2956 1382 3057 1434 hoc
3105 1389 3188 1434 est
3221 1377 3477 1442 tenendo,
3511 1377 3626 1431 sive

2055 1468 2328 1534 implendo
2357 1485 2547 1526 eorum
2579 1473 2669 1542 qui
2705 1488 2799 1527 eos
2829 1473 3051 1526 mittunt
3091 1471 3234 1526 loca.

375 1546 465 1641 δρν
488 1562 502 1576 ⁹
532 1545 655 1600 ὅθεν
687 1545 780 1599 καὶ
800 1546 859 1641 τρ
886 1546 987 1617 τῆς
1024 1549 1431 1620 τοποτηρησίας
1461 1549 1631 1621 ὄνομα
1667 1553 1876 1625 ἐλήφθη
1905 1558 2014 1614 ἀπὸ
2051 1563 2147 1618 τοῦ
2178 1568 2391 1636 τηρεῖν,
2418 1567 2446 1621 ὃ
2485 1568 2604 1622 ἐστι
2633 1568 2932 1638 φυλάσσειν
2957 1568 3077 1641 ἦτοι
3115 1565 3466 1638 ἀναπληροῦν
3493 1565 3627 1628 τοὺς

375 1640 578 1705 τόπους
607 1640 717 1692 τῶν
748 1639 1078 1696 στελλόντων
1109 1643 1331 1705 αὐτούς.

373 1756 476 1817 ιΑν.
512 1755 655 1824 Περὶ
687 1755 796 1825 τῆς
844 1756 1019 1826 ἁγίας
1042 1758 1622 1844 ,καίηοίκουμενικῆς
1661 1765 1948 1838 τετάρτης

2127 1769 2270 1827 XIV.
2317 1770 2396 1827 De
2429 1783 2616 1828 sancta
2651 1783 2700 1829 et
2735 1773 3058 1829 acumem'ca
3095 1771 3295 1844 synodo
3334 1780 3548 1841 quarta.

1005 1829 1297 1884 συνόδου.

455 1917 614 1972 Ἀλλά
644 1919 751 1989 γὰρ
801 1919 932 1989 πρὶν
965 1920 1192 1990 χρόνους
1221 1922 1332 1976 ἀπὸ
1377 1923 1472 1994 τῆς
1503 1928 1699 1998 τρίτης
1730 1928 1949 1999 ἐξήκειν

372 2011 693 2083 τριάκοντα,
727 2015 762 2082 ἡ
790 2013 923 2081 ἁγία
946 2013 1040 2067 καὶ
1063 2015 1419 2086 οίκουμενικὴ
1447 2019 1682 2090 τετάρτη
1709 2021 1946 2092 σύνοδος,

373 2105 452 2175 τῷ
492 2107 712 2178 ’πρώτῳΔ
734 2104 846 2158 ἔτει
881 2105 982 2173 τῆς
1014 2105 1296 2177 βασιλείας
1331 2109 1659 2179 Μαρκιανοῦ
1692 2115 1784 2166 τοῦ
1810 2131 1950 2186 χρη-

375 2197 502 2250 στοῦ
527 2198 585 2249 ἐν
612 2201 677 2267 τῇ
701 2197 1035 2267 περιωνύμῳ
1058 2199 1212 2254 πόλει
1239 2202 1340 2269 τῆς
1375 2201 1628 2263 Βιθυνίας
1663 2204 1951 2274 ἠθροίζετο

373 2288 714 2359 Χαλκηδόνι,
758 2292 838 2354 είς
890 2291 1190 2359 τριάκοντα
1247 2292 1434 2346 δὲκαὶ
1487 2293 1804 2358 ἑξακοσίους
1857 2298 1948 2352 τὶν

372 2381 608 2455 ἀριθμὸν
639 2372 941 2446 ἐξετείνετο
966 2400 982 2414 ο
1016 2378 1082 2454 ἦς
1131 2380 1361 2451 λογάδες
1399 2387 1760 2456 ἐγνωρίζοντο
1795 2390 1950 2442 ’Λνα⁴

375 2473 554 2535 τόλιος
603 2474 1264 2538 Κωνσταντινουπόλεως,
1296 2476 1549 2544 Μάξιμος
1589 2479 1947 2550 ’Δντιοχείας,

387 2561 738 2625 Ἰουϐενὰλιος
776 2562 1172 2634 Ἰεροσολύμων
1199 2579 1214 2595 °
1268 2568 1364 2617 καὶ
1387 2566 1477 2636 δὴ,
1517 2568 1859 2636 Πασχασῖνός
1890 2586 1950 2623 τε

374 2653 470 2707 καὶ
517 2652 841 2716 Λουκίνσιος
887 2654 1202 2718 ἐπίσκοποι,
1239 2656 1336 2709 σὺν
1373 2657 1675 2727 Βονιφατίῳ
1706 2660 1950 2729 πρεσϐυ-

374 2741 541 2812 τέρῳ,
576 2742 669 2796 τὸν
701 2741 867 2796 τόπον
925 2744 1217 2814 ἐπέχοντες
1249 2745 1474 2809 Λέοντος
1519 2749 1612 2801 τοῦ
1644 2751 1949 2817 άγιωτάτου

375 2835 576 2888 πάππα
600 2836 702 2906 τῆς
735 2825 1120 2908 πρεσϐυτέρας
1152 2839 1393 2911 Ῥώμης.
1419 2835 1480 2894 οῦ
1508 2843 1651 2912 μέγα
1694 2844 1752 2896 τὸ
1776 2844 1950 2910 κλέος,

379 2928 468 2980 καὶ
503 2926 672 2992 πολὺς
703 2930 730 2982 ὁ
758 2929 898 3000 ὐπέρ
929 2929 1028 2994 τῆς
1057 2931 1340 2996 εὐσεϐείας
1385 2932 1581 3004 ζῆλος’
1609 2934 1668 2998 ὃς
1700 2935 1762 2989 οὐ
1791 2937 1950 3006 μόνον

2121 1930 2278 1986 Prius
2321 1942 2503 1993 autem
2535 1947 2698 2002 quam
2748 1934 2970 2003 triginta
3021 1931 3149 1988 anni
3180 1946 3208 1985 a
3244 1931 3624 1998 tertia-elapsi

2049 2026 2197 2084 sunt,
2229 2030 2417 2075 sancta
2450 2030 2504 2076 et
2539 2021 2879 2075 metimenica
2921 2033 3114 2089 quarta
3150 2021 3408 2090 synodus,
3443 2020 3627 2088 primo

2051 2113 2398 2182 imperatoris
2430 2115 2686 2168 Marciani
2736 2115 2953 2181 benigni
2999 2129 3142 2168 anno
3175 2115 3226 2167 in
3263 2111 3619 2168 celeberrima

2050 2203 2317 2275 Bithynia:
2338 2208 2474 2261 urbe
2503 2206 2844 2262 Chalcedone
2870 2214 3196 2276 congregata
3222 2215 3328 2259 est.
3350 2203 3627 2287 liumerus

2051 2303 2232 2349 autem
2284 2297 2662 2364 episcopormn
2699 2305 2822 2350 erat
2857 2296 3099 2350 sexcenti
3161 2295 3380 2362 triginta
3419 2309 3435 2345 :
3467 2292 3624 2360 cujus

2052 2387 2312 2454 prmsides
2353 2388 2608 2442 declarati
2649 2395 2778 2442 sunt
2808 2387 3091 2442 Anatolius
3125 2383 3629 2452 Conslatttinopuli-.

2053 2488 2232 2542 tanus,
2271 2479 2534 2534 Maximus
2566 2481 2962 2542 Antiocheuns,
3014 2478 3333 2533 Juvenalius
3367 2476 3624 2530 Hieroso-

2052 2571 2370 2643 lymitanus,
2427 2572 2557 2641 quin
2615 2573 2778 2626 etiam
2833 2571 3160 2627 Pascasinus
3212 2579 3266 2622 et
3317 2568 3623 2622 Lucensius

2051 2663 2291 2733 episcopi
2327 2677 2432 2715 una
2468 2678 2588 2718 cum
2624 2661 2906 2717 Bonifaeio
2941 2663 3280 2730 presbytero,
3320 2660 3493 2712 locum
3538 2667 3624 2712 εει

2053 2762 2243 2807 nentes
2303 2753 2499 2808 Leonis
2562 2752 2890 2809 sanctissimi
2944 2752 3145 2806 veteris
3206 2750 3390 2804 Romae
3447 2763 3615 2819 papae,

2051 2845 2206 2914 cujus
2230 2859 2423 2914 magna
2449 2843 2549 2898 fuit
2575 2843 2742 2909 fama,
2760 2852 2815 2899 et
2841 2845 3050 2899 multus
3076 2857 3175 2912 pro
3200 2842 3399 2912 pietate
3428 2840 3575 2895 zelus
3601 2859 3616 2894 :

2052 2937 2142 3008 qui
2177 2951 2283 2990 non
2308 2937 2422 2992 suis
2454 2945 2660 2992 tantum
2695 2937 2924 3000 nuntiis,
2956 2936 3053 2990 sed
3107 2935 3273 2989 etiam
3308 2932 3619 2987 admirabili

380 3019 701 3084 ἀποστόλοις
731 3021 972 3089 οἰκείοις,
999 3022 1136 3076 ἀλλὰ
1158 3023 1255 3077 καὶ
1284 3026 1353 3095 τῇ
1385 3025 1666 3096 θαυμασία
1692 3029 1952 3100 ἐπιστολῇ

2056 3027 2288 3096 epistola
2323 3027 2516 3097 synodi
2568 3027 2784 3082 decreta
2827 3027 3204 3092 confirmavit;
3235 3039 3398 3096 quam
3451 3025 3617 3079 etiam

379 3109 652 3180 ἐπεκύρου
691 3112 758 3162 τά
791 3112 891 3182 τῆς
922 3111 1170 3177 συνόδου,
1205 3113 1270 3186 ἢν
1294 3092 1386 3166 καὶ
1412 3092 1611 3186 στηλην
1640 3092 1948 3185 όρθοδοξίας

2054 3092 2243 3176 Patres
2271 3092 2392 3176 ηιΙοί
2419 3119 2734 3175 orthodoxa:
2765 3119 3073 3174 columnam
3097 3092 3500 3188 nuncuparunt,
3529 3115 3623 3184 qui

376 3201 426 3256 οἱ
454 3202 698 3272 Πατέρες
726 3203 1246 3274 προσηγορεύκασιν
1271 3223 1287 3238 ·
1319 3206 1516 3271 οἵτινες
1549 3207 1641 3262 τὸν
1675 3209 1950 3279 ἀρχιμαν-

376 3295 568 3366 δρίτην
596 3297 1226 3362 Κωνσταντινουπόῖιεως
1252 3299 1492 3370 Εὐτυχῆ,
1526 3302 1621 3354 καὶ
1655 3303 1746 3356 τὸν
1780 3321 1953 3374 προα-

381 3387 616 3459 σπιστὴν
666 3387 832 3440 αὐτοῦ
889 3388 1182 3460 Διόσκορον
1231 3391 1653 3463 Ἀλεξανδρείας,
1701 3398 1790 3460 εἰς.
1820 3398 1952 3467 μίαν

378 3481 542 3546 φύσιν
587 3478 995 3548 ἀνακιρνῶκιτάς
1026 3497 1085 3532 τε
1117 3481 1209 3533 καὶ
1249 3483 1579 3551 συγχέοντας
1608 3486 1699 3537 τὸν
1741 3489 1797 3538 ἐν
1828 3487 1952 3541 δυσὶ

381 3573 574 3639 φύσεσι
613 3571 1021 3642 γνωριζόμενον
1057 3572 1152 3626 ἕνα
1183 3574 1416 3644 Χριστὸν
1439 3576 1532 3629 τὸν
1561 3572 1765 3651 Κύριον
1793 3581 1952 3651 ἡμῶν

381 3665 532 3732 Θεὸν,
562 3665 866 3735 φεύγοντας
893 3663 1055 3733 δῆθεν
1093 3665 1190 3736 τὴν
1214 3665 1309 3720 τοῦ
1338 3648 1634 3738 Νεστορῖου
1662 3648 1949 3742 διαίρεσιν,

378 3757 634 3820 ἀσεϐείας
665 3757 849 3816 ἕνεκα.
881 3756 958 3824 τῷ
1005 3757 1309 3830 ἀναθέματι
1351 3762 1751 3818 κατεδίκασαν·
1789 3766 1951 3819 κανόο

377 3866 478 3912 νας
504 3843 652 3903 οῦτοι
686 3847 987 3920 δωροῦνται
1017 3852 1082 3920 τῇ
1111 3851 1417 3923 Ἐκκλησία
1444 3857 1760 3924 τριάκοντα.
1790 3859 1953 3928 Ζήτει

377 3942 449 3996 τά
481 3940 614 4012 περὶ
642 3941 848 4012 ταύτης
905 3941 1003 3997 καὶ
1034 3945 1091 3997 ἐν
1124 3942 1203 4014 τῷ
1233 3951 1280 3996 α’
1311 3945 1591 4017 κεφαλαίῳ
1625 3948 1720 4002 τοῦ
1745 3949 1785 4003 Ε
1815 3965 1954 4004 στοις

377 4035 552 4107 χείου.

379 4149 519 4220 Περί
541 4148 649 4204 τοῦ
671 4148 1004 4219 άτιωτάτου
1030 4149 1365 4272 Γῆνναδίου
1382 4154 1955 4210 Κωνσταντινουπό-

1119 4236 1251 4272 suo.

1119 4236 1251 4287 εως.

449 4310 543 4381 Τῷ
573 4309 820 4382 δευτέρῳ
850 4309 963 4365 ἔτει
1013 4311 1245 4375 Λέοντος
1276 4311 1372 4365 τοῦ
1410 4313 1674 4383 μεγάλου,
1713 4315 1781 4380 ίός
1815 4320 1954 4388 μετὰ

379 4403 703 4474 Μαρκιανὺν
747 4402 1126 4469 ἐϐασίλευσεν,
1182 4407 1210 4458 ὁ
1260 4406 1407 4468 θεῖος
1437 4407 1724 4471 Γεννάδιπ
1750 4409 1832 4472 είς
1860 4410 1954 4464 τὸν

350 4497 482 4566 ιτῆς
543 4495 1184 4556 Κωνσταντινουπόλεως
1245 4495 1434 4569 θρόνον
1506 4498 1810 4566 ἀνάγεται,
1859 4501 1952 4554 τὸν

394 4591 706 4645 Ἀνατόλιον
735 4589 1147 4658 διαδεξάμενος,
1171 4592 1269 4643 καὶ
1303 4589 1444 4659 μετά
1488 4594 1961 4661 τεσσαρεσκαιδέ-

381 4699 550 4734 κατον
576 4681 695 4744 ἔτος
730 4680 866 4751 πρὸς,
884 4679 1094 4750 Κύριον
1127 4680 1361 4748 ἐκδημεῖ
1381 4697 1396 4710 ο
1425 4681 1688 4749 ἐπιστολὴ
1716 4683 1773 4735 δὲ
1800 4685 1962 4756 φέρε..

379 4793 475 4828 ται
507 4773 702 4828 τούτου
736 4773 876 4842 πρὸς
923 4772 1027 4840 τὴν
1061 4771 1118 4824 ἐν
1181 4769 1370 4842 Ῥώμῃ
1404 4771 1646 4837 σύνοδον,
1670 4771 1957 4840 δεικνῦσα,

382 4867 461 4928 ὡς
489 4865 750 4934 οὐδεμιᾶς
779 4865 1007 4925 ἀτοπίας
1035 4861 1345 4934 ὑπερϐολὴν
1404 4863 1730 4918 καταλείπει
1760 4867 1821 4918 τὸ
1850 4885 1962 4937 χει-

386 4960 624 5029 ροτονεῖν
651 4957 746 5010 ἐπὶ
769 4957 1072 5026 χρήμασιν.

386 5053 489 5105 lE'.
521 5051 663 5118 Περὶ
695 5047 807 5117 τῆς
830 5048 1004 5117 ἁγίας
1027 5047 1124 5101 καὶ
1156 5045 1580 5115 οίκουμενικῆς
1600 5054 1644 5102 ε’
1666 5048 1956 5105 συνόδου.

458 5145 538 5214 Τῇ
569 5143 626 5194 δέ
658 5159 726 5208 γε
761 5140 802 5193 ε’
827 5140 924 5198 καὶ
953 5140 1308 5208 οἱκουμενικῇ
1338 5138 1569 5209 συνόδῳ,
1603 5139 1788 5193 κανὼν
1816 5141 1962 5194 οὐδο-

385 5233 534 5287 τιοῦν
565 5233 858 5303 ἐμέλησεν,
889 5233 975 5284 ὅτι
1006 5230 1082 5301 μὴ
1108 5229 1185 5299 τῷ
1213 5229 1522 5300 ἀναθέματι
1551 5230 1959 5286 καθυποῦαλεῖν

391 5325 516 5387 τοὺς
553 5324 683 5395 περὶ
737 5324 1048 5394 Ὠριγένην,
1083 5321 1354 5392 Διδύμους
1399 5339 1460 5378 τε
1499 5322 1596 5376 καὶ
1630 5322 1960 5392 Εὐαγρίους,

385 5410 514 5480 ’ἰοὺς
544 5418 643 5487 τὴν
683 5415 1008 5488 Ἑλληνικὴν
1048 5415 1379 5486 μυθολογίαν
1410 5417 1476 5484 τῇ
1521 5415 1617 5468 τοῦ
1649 5414 1786 5468 θεοῦ
1831 5415 1960 5469 Ἐκο

388 5510 592 5582 κλησίᾳ
617 5509 1111 5580 φιλονεικὴσαντας
1142 5507 1603 5577 παρεισενεγκεῖν
1623 5521 1636 5535 ·
1669 5506 1960 5577 προϋπαρ-

389 5599 472 5668 ξιν
506 5603 616 5673 γὰρ
670 5601 978 5671 ἐληρῴδουν
1005 5600 1215 5669 ψυχῶν,
1251 5600 1348 5653 καὶ
1400 5597 1573 5651 πολλὰ
1598 5598 1829 5668 σώματα
1858 5597 1960 5670 τὴν

386 5693 557 5764 αὐτὴν
583 5693 766 5761 ψυχὴν
802 5691 1214 5762 μετενδύεσθαι,
1239 5690 1336 5743 καὶ
1357 5690 1513 5752 τέλος
1545 5685 1686 5742 εἶναι
1706 5690 1806 5758 τῆς
1836 5691 1959 5742 ἀτε-

389 5787 653 5854 λευτήτου
685 5787 960 5855 κολάσεως
983 5801 994 5813 ·
1029 5784 1281 5854 ἤθροιστο
1318 5783 1372 5834 δὲ
1400 5782 1475 5835 τῶ
1499 5783 1955 5853 ὀκτωκαιδεκάτῳ

2051 3211 2348 3282 Eutychem
2362 3211 2858 3280 Constantinopolis
2873 3208 3240 3265 archimandri
3249 3218 3379 3272 tam,
3393 3207 3620 3276 ejusque

2053 3302 2393 3359 defensorem
2460 3304 2773 3358 Dioscorum
2831 3302 3194 3361 Alexandriae,
3225 3302 3317 3369 qui
3355 3299 3621 3369 fugientes

2053 3395 2309 3451 nimirum
2370 3397 2606 3453 Nestorii
2639 3397 2984 3461 divisionem,
3015 3411 3178 3448 ttnutn
3211 3393 3488 3448 Christum
3526 3407 3622 3444 no-

2053 3500 2223 3544 strum
2264 3500 2329 3544 et.
2345 3490 2515 3544 Deum
2545 3489 2598 3543 in
2627 3489 2838 3542 duabus
2867 3487 3076 3541 naturis
3105 3485 3530 3544 manifestatum,
3564 3482 3616 3535 in

2045 3579 2266 3632 unicam
2329 3586 2580 3653 naturam
2639 3567 3061 3632 eommiscebant
3095 3584 3149 3630 et
3192 3571 3616 3633 confttndehant,

2053 3671 2122 3725 ob
2151 3671 2479 3738 impietatem
2505 3671 2867 3724 anatltemate‘
2893 3668 3346 3723 condemnabam.
3373 3662 3436 3717 Hi
3455 3665 3617 3717 etiam

2055 3761 2274 3829 triginta
2304 3775 2542 3816 canones
2575 3759 2832 3815 Ecclesia:
2869 3757 3048 3827 largiti
3086 3767 3234 3811 sunt.
3274 3755 3500 3821 Reliqua
3534 3751 3620 3803 hic

2052 3854 2352 3920 spectantia
2385 3867 2568 3924 qurere
2607 3853 2660 3908 in
2688 3852 2865 3922 primo
2896 3849 3072 3918 capite
3103 3849 3298 3902 litterae
3332 3844 3395 3899 E.
3443 3918 3451 3926 .

2127 4156 2204 4213 De
2243 4157 2577 4211 sanctissimo
2607 4151 2902 4241 .Gemtadio
2939 4147 3545 4216 Constantinopolitano.

2127 4312 2378 4368 Secundo
2411 4310 2608 4366 Leonis
2633 4309 2841 4379 magni,
2869 4309 2958 4380 qui
2989 4319 3110 4378 post
3149 4306 3480 4362 Marcianum
3515 4306 3618 4361 im-

2058 4405 2288 4476 peravit,
2320 4420 2487 4470 anno,
2515 4405 2732 4462 divinus
2757 4402 3072 4459 Gennadius
3094 4401 3161 4457 ad
3192 4402 3446 4454 thronum
3475 4398 3619 4455 Con-

2059 4497 2601 4568 stantinopohtannm
2621 4506 2904 4567 promotus
2919 4501 2998 4548 est
3024 4491 3276 4546 Anatolio
3299 4492 3619 4550 succedens.

2062 4599 2115 4644 et
2144 4601 2266 4660 post
2296 4605 2468 4645 annos
2499 4589 2912 4658 quattuordecim
2950 4586 3016 4640 ad
3048 4584 3335 4638 Dominum
3370 4585 3618 4640 recessit.

2061 4680 2230 4750 llujus
2259 4693 2437 4737 autem
2482 4680 2706 4736 effertur
2759 4679 2978 4750 epistola
3012 4677 3076 4730 ad
3121 4678 3386 4744 synodum
3438 4674 3626 4729 [totum

2062 4773 2300 4828 habitam
2325 4774 2656 4842 conscripta,
2685 4787 2806 4842 quae
2837 4769 3092 4829 ostendit,
3120 4767 3262 4836 quod
3293 4765 3434 4820 nulla
3463 4765 3626 4819 datur.

2059 4866 2370 4921 absurditas
2402 4877 2600 4933 quanta
2651 4873 2850 4933 quanta
2881 4863 2974 4926 sit,
3024 4874 3182 4926 quatn
3214 4857 3486 4910 ordinatio
3521 4871 3624 4926 pro

2058 4958 2306 5027 pecuniis
2357 4959 2552 5013 collata
2585 4957 2636 5010 in
2668 4972 2726 5012 se
2761 4970 2864 5010 non
2898 4953 3161 5007 continet.

2165 5050 2393 5107 IUL-De
2423 5061 2605 5106 sancta
2644 5060 2704 5103 εἴ
2727 5047 3043 5104 ωειιηιεηὶειι
3070 5046 3251 5115 quinta
3291 5042 3512 5113 synodo.

2131 5143 2345 5209 Quinta:
2381 5158 2508 5198 vero
2541 5154 2595 5197 et
2629 5139 2980 5198 (BCUIIICIIiCLB
3015 5135 3222 5207 synodo
3253 5149 3424 5190 canon
3478 5135 3624 5190 nullu

2061 5250 2286 5306 prorsus
2317 5237 2477 5292 modo
2511 5250 2654 5292 curae
2685 5234 2803 5296 fuit,
2841 5231 2941 5286 nisi
2975 5243 3032 5283 ut
3061 5227 3418 5298 Origeuistas,
3456 5226 3620 5294 Didy-

2061 5342 2180 5382 mos
2201 5341 2418 5396 quoque
2446 5335 2500 5382 et
2526 5327 2787 5395 Evagrios
2819 5324 2908 5394 qui
2940 5324 3210 5377 ethnicam
3231 5319 3622 5390 mythologiam

2063 5420 2116 5474 in
2147 5417 2238 5474 Dei
2280 5417 2579 5474 Ecclesium
2639 5418 2982 5474 introducere
3035 5413 3456 5475 contendebant,
3491 5427 3622 5466 ana-

2065 5511 2294 5567 themati
2350 5510 2667 5581 subjiceret.
2732 5509 3020 5565 Enimvero
3051 5507 3105 5561 hi
3136 5506 3440 5560 animarum
3477 5520 3620 5573 ιιι-το-

2060 5602 2430 5658 exsistentiam
2467 5602 2620 5659 deliri
2655 5602 3002 5662 asserebant,
3048 5607 3100 5652 et
3131 5599 3376 5653 eamdem
3410 5610 3626 5665 quonam

2064 5693 2300 5746 animam
2336 5692 2502 5747 multa
2528 5708 2756 5762 corpora
2787 5691 3029 5754 induere,
3062 5699 3118 5743 et
3147 5692 3337 5744 salerni
3368 5688 3618 5757 supplicii

2067 5786 2224 5841 liuent
2257 5784 2372 5853 fore
2397 5785 2777 5856 praedicabant.
2811 5782 3138 5851 Cougrcgata
3164 5790 3247 5836 cst
3279 5789 3456 5838 autem
3487 5780 3621 5841 duu-
