  <div class='ocr_page' id='page_1' title='image "/cluster/home/n/w/nwhite01/storage/ocr_20150623/144:no.2/coo.31924054870492/499.png"; bbox 0 0 4016 6412; ppageno 0'>
   <div class='ocr_carea' id='block_1_1' title="bbox 433 370 538 432">
    <p class='ocr_par' dir='ltr' id='par_1_1' title="bbox 433 370 538 432">
     <span class='ocr_line' id='line_1_1' title="bbox 433 370 538 432; baseline -0.019 0"><span class='ocrx_word' id='word_1_1' title='bbox 433 370 538 432; x_wconf 78' lang='lat'><strong>987</strong></span> 
     </span>
    </p>
   </div>
   <div class='ocr_carea' id='block_1_2' title="bbox 1632 357 3650 424">
    <p class='ocr_par' dir='ltr' id='par_1_2' title="bbox 1632 357 3650 424">
     <span class='ocr_line' id='line_1_2' title="bbox 1632 357 3650 424; baseline 0 -2"><span class='ocrx_word' id='word_1_2' title='bbox 1632 358 1998 422; x_wconf 64' lang='lat' dir='ltr'><strong>MA’I‘TH/EI</strong></span> <span class='ocrx_word' id='word_1_3' title='bbox 2045 357 2477 416; x_wconf 80' lang='lat' dir='ltr'><strong>BLASTARIS</strong></span> <span class='ocrx_word' id='word_1_4' title='bbox 3563 360 3650 424; x_wconf 68' lang='lat'><strong>988</strong></span> 
     </span>
    </p>
   </div>
   <div class='ocr_carea' id='block_1_3' title="bbox 436 463 2009 545">
    <p class='ocr_par' dir='ltr' id='par_1_3' title="bbox 436 469 2009 545">
     <span class='ocr_line' id='line_1_3' title="bbox 436 469 2009 545; baseline -0.006 -15"><span class='ocrx_word' id='word_1_5' title='bbox 436 475 771 530; x_wconf 88' lang='lat' dir='ltr'><strong>devicesimo</strong></span> <span class='ocrx_word' id='word_1_6' title='bbox 808 475 1020 545; x_wconf 91' lang='lat' dir='ltr'><strong>imperii</strong></span> <span class='ocrx_word' id='word_1_7' title='bbox 1071 471 1368 528; x_wconf 79' lang='lat' dir='ltr'><strong>Justiniaui</strong></span> <span class='ocrx_word' id='word_1_8' title='bbox 1427 470 1609 542; x_wconf 81' lang='lat' dir='ltr'><strong>magni</strong></span> <span class='ocrx_word' id='word_1_9' title='bbox 1651 486 1813 535; x_wconf 84' lang='lat' dir='ltr'><strong>anno,</strong></span> <span class='ocrx_word' id='word_1_10' title='bbox 1851 469 2009 522; x_wconf 84' lang='lat' dir='ltr'><strong>annis</strong></span> 
     </span>
    </p>
   </div>
   <div class='ocr_carea' id='block_1_4' title="bbox 2112 463 3652 545">
    <p class='ocr_par' dir='ltr' id='par_1_4' title="bbox 2114 463 3652 535">
     <span class='ocr_line' id='line_1_4' title="bbox 2114 463 3652 535; baseline 0.002 -18"><span class='ocrx_word' id='word_1_11' title='bbox 2114 466 2226 518; x_wconf 76' lang='grc' dir='ltr'>ἔτει</span> <span class='ocrx_word' id='word_1_12' title='bbox 2254 467 2351 534; x_wconf 77' lang='grc' dir='ltr'>τῆς</span> <span class='ocrx_word' id='word_1_13' title='bbox 2382 464 2662 534; x_wconf 69' lang='grc' dir='ltr'>βασιλείας</span> <span class='ocrx_word' id='word_1_14' title='bbox 2695 463 3083 517; x_wconf 77' lang='grc' dir='ltr'>Ίουστινιανοῦ</span> <span class='ocrx_word' id='word_1_15' title='bbox 3112 465 3207 518; x_wconf 85' lang='grc' dir='ltr'><strong>τοῦ</strong></span> <span class='ocrx_word' id='word_1_16' title='bbox 3237 464 3488 535; x_wconf 77' lang='grc' dir='ltr'><strong>μεγάλου,</strong></span> <span class='ocrx_word' id='word_1_17' title='bbox 3519 467 3652 520; x_wconf 80' lang='grc' dir='ltr'>ὑστε-</span> 
     </span>
    </p>
   </div>
   <div class='ocr_carea' id='block_1_5' title="bbox 437 561 2007 635">
    <p class='ocr_par' dir='ltr' id='par_1_5' title="bbox 437 561 2007 635">
     <span class='ocr_line' id='line_1_5' title="bbox 437 561 2007 635; baseline -0.006 -13"><span class='ocrx_word' id='word_1_18' title='bbox 437 577 656 622; x_wconf 90' lang='lat' dir='ltr'><strong>centum</strong></span> <span class='ocrx_word' id='word_1_19' title='bbox 682 566 891 621; x_wconf 92' lang='lat' dir='ltr'><strong>duobus</strong></span> <span class='ocrx_word' id='word_1_20' title='bbox 914 575 1107 634; x_wconf 88' lang='lat' dir='ltr'><strong>quarta</strong></span> <span class='ocrx_word' id='word_1_21' title='bbox 1138 566 1312 635; x_wconf 89' lang='lat' dir='ltr'><strong>ipsam</strong></span> <span class='ocrx_word' id='word_1_22' title='bbox 1341 566 1680 633; x_wconf 71' lang='lat' dir='ltr'><strong>prmcedente</strong></span> <span class='ocrx_word' id='word_1_23' title='bbox 1701 561 1971 628; x_wconf 77' lang='lat' dir='ltr'><strong>posterior</strong></span> <span class='ocrx_word' id='word_1_24' title='bbox 1994 577 2007 613; x_wconf 92' lang='lat'><strong>:</strong></span> 
     </span>
    </p>
   </div>
   <div class='ocr_carea' id='block_1_6' title="bbox 435 649 2008 723">
    <p class='ocr_par' dir='ltr' id='par_1_6' title="bbox 435 649 2008 723">
     <span class='ocr_line' id='line_1_6' title="bbox 435 649 2008 723; baseline -0.007 -12"><span class='ocrx_word' id='word_1_25' title='bbox 435 669 492 711; x_wconf 84' lang='lat' dir='ltr'><strong>et</strong></span> <span class='ocrx_word' id='word_1_26' title='bbox 557 657 771 710; x_wconf 83' lang='lat' dir='ltr'><strong>urbium</strong></span> <span class='ocrx_word' id='word_1_27' title='bbox 836 655 1080 723; x_wconf 81' lang='lat' dir='ltr'><strong>reginam</strong></span> <span class='ocrx_word' id='word_1_28' title='bbox 1118 669 1334 708; x_wconf 86' lang='lat' dir='ltr'><strong>sacrum</strong></span> <span class='ocrx_word' id='word_1_29' title='bbox 1389 664 1642 720; x_wconf 81' lang='lat' dir='ltr'><strong>tanquam</strong></span> <span class='ocrx_word' id='word_1_30' title='bbox 1681 651 1866 705; x_wconf 87' lang='lat' dir='ltr'><strong>fanum</strong></span> <span class='ocrx_word' id='word_1_31' title='bbox 1904 649 2008 703; x_wconf 86' lang='lat' dir='ltr'><strong>sibi</strong></span> 
     </span>
    </p>
   </div>
   <div class='ocr_carea' id='block_1_7' title="bbox 437 740 2022 812">
    <p class='ocr_par' dir='ltr' id='par_1_7' title="bbox 437 740 2022 812">
     <span class='ocr_line' id='line_1_7' title="bbox 437 740 2022 812; baseline -0.006 -10"><span class='ocrx_word' id='word_1_32' title='bbox 437 750 832 804; x_wconf 70' lang='lat' dir='ltr'><strong>constituebat.</strong></span> <span class='ocrx_word' id='word_1_33' title='bbox 885 745 1118 800; x_wconf 77' lang='lat' dir='ltr'><strong>Centum</strong></span> <span class='ocrx_word' id='word_1_34' title='bbox 1178 756 1359 798; x_wconf 88' lang='lat' dir='ltr'><strong>autem</strong></span> <span class='ocrx_word' id='word_1_35' title='bbox 1421 743 1707 812; x_wconf 76' lang='lat' dir='ltr'><strong>sexaginta</strong></span> <span class='ocrx_word' id='word_1_36' title='bbox 1773 740 2022 808; x_wconf 80' lang='lat' dir='ltr'><strong>quinun</strong></span> 
     </span>
    </p>
   </div>
   <div class='ocr_carea' id='block_1_8' title="bbox 437 829 2012 902">
    <p class='ocr_par' dir='ltr' id='par_1_8' title="bbox 437 829 2012 902">
     <span class='ocr_line' id='line_1_8' title="bbox 437 829 2012 902; baseline -0.006 -11"><span class='ocrx_word' id='word_1_37' title='bbox 437 839 742 891; x_wconf 88' lang='lat' dir='ltr'><strong>divinorum</strong></span> <span class='ocrx_word' id='word_1_38' title='bbox 776 835 996 888; x_wconf 92' lang='lat' dir='ltr'><strong>Patrum</strong></span> <span class='ocrx_word' id='word_1_39' title='bbox 1030 850 1299 888; x_wconf 76' lang='lat' dir='ltr'><strong>concursu</strong></span> <span class='ocrx_word' id='word_1_40' title='bbox 1332 833 1682 902; x_wconf 85' lang='lat' dir='ltr'><strong>corroborata</strong></span> <span class='ocrx_word' id='word_1_41' title='bbox 1713 831 1813 884; x_wconf 83' lang='lat' dir='ltr'><strong>fuit</strong></span> <span class='ocrx_word' id='word_1_42' title='bbox 1841 847 1854 882; x_wconf 89' lang='lat'><strong>:</strong></span> <span class='ocrx_word' id='word_1_43' title='bbox 1891 829 2012 896; x_wconf 88' lang='lat' dir='ltr'><strong>qui-</strong></span> 
     </span>
    </p>
   </div>
   <div class='ocr_carea' id='block_1_9' title="bbox 439 921 2012 997">
    <p class='ocr_par' dir='ltr' id='par_1_9' title="bbox 439 921 2012 997">
     <span class='ocr_line' id='line_1_9' title="bbox 439 921 2012 997; baseline -0.005 -15"><span class='ocrx_word' id='word_1_44' title='bbox 439 929 540 982; x_wconf 83' lang='lat' dir='ltr'><strong>bus</strong></span> <span class='ocrx_word' id='word_1_45' title='bbox 585 927 929 997; x_wconf 66' lang='lat' dir='ltr'><strong>praesidebat,</strong></span> <span class='ocrx_word' id='word_1_46' title='bbox 975 927 1151 995; x_wconf 89' lang='lat' dir='ltr'><strong>primo</strong></span> <span class='ocrx_word' id='word_1_47' title='bbox 1200 926 1421 990; x_wconf 60' lang='lat' dir='ltr'><strong>Marnas,</strong></span> <span class='ocrx_word' id='word_1_48' title='bbox 1473 925 1668 978; x_wconf 84' lang='lat' dir='ltr'><strong>deinde</strong></span> <span class='ocrx_word' id='word_1_49' title='bbox 1716 921 2012 992; x_wconf 82' lang='lat' dir='ltr'><strong>Eutychius</strong></span> 
     </span>
    </p>
   </div>
   <div class='ocr_carea' id='block_1_10' title="bbox 437 1011 2014 1082">
    <p class='ocr_par' dir='ltr' id='par_1_10' title="bbox 437 1011 2014 1082">
     <span class='ocr_line' id='line_1_10' title="bbox 437 1011 2014 1082; baseline -0.005 -10"><span class='ocrx_word' id='word_1_50' title='bbox 437 1017 636 1072; x_wconf 75' lang='lat' dir='ltr'><strong>Summi</strong></span> <span class='ocrx_word' id='word_1_51' title='bbox 671 1016 972 1070; x_wconf 90' lang='lat' dir='ltr'><strong>sacerdotis</strong></span> <span class='ocrx_word' id='word_1_52' title='bbox 1021 1017 1075 1069; x_wconf 92' lang='lat' dir='ltr'><strong>in</strong></span> <span class='ocrx_word' id='word_1_53' title='bbox 1133 1017 1318 1082; x_wconf 82' lang='lat' dir='ltr'><strong>regina</strong></span> <span class='ocrx_word' id='word_1_54' title='bbox 1378 1015 1594 1068; x_wconf 84' lang='lat' dir='ltr'><strong>urbium</strong></span> <span class='ocrx_word' id='word_1_55' title='bbox 1650 1011 2014 1082; x_wconf 70' lang='lat' dir='ltr'><strong>gubernacula</strong></span> 
     </span>
    </p>
   </div>
   <div class='ocr_carea' id='block_1_11' title="bbox 439 1105 2010 1174">
    <p class='ocr_par' dir='ltr' id='par_1_11' title="bbox 439 1105 2010 1174">
     <span class='ocr_line' id='line_1_11' title="bbox 439 1105 2010 1174; baseline 0 -16"><span class='ocrx_word' id='word_1_56' title='bbox 439 1107 747 1160; x_wconf 86' lang='lat' dir='ltr'><strong>successive</strong></span> <span class='ocrx_word' id='word_1_57' title='bbox 804 1105 1136 1171; x_wconf 77' lang='lat' dir='ltr'><strong>dirigentes;</strong></span> <span class='ocrx_word' id='word_1_58' title='bbox 1193 1106 1544 1174; x_wconf 83' lang='lat' dir='ltr'><strong>Apoliuarius</strong></span> <span class='ocrx_word' id='word_1_59' title='bbox 1573 1105 2010 1169; x_wconf 79' lang='lat' dir='ltr'><strong>Alexandrinus,</strong></span> 
     </span>
    </p>
   </div>
   <div class='ocr_carea' id='block_1_12' title="bbox 441 1195 2014 1266">
    <p class='ocr_par' dir='ltr' id='par_1_12' title="bbox 441 1195 2014 1266">
     <span class='ocr_line' id='line_1_12' title="bbox 441 1195 2014 1266; baseline 0.002 -17"><span class='ocrx_word' id='word_1_60' title='bbox 441 1197 678 1250; x_wconf 89' lang='lat' dir='ltr'><strong>Domnus</strong></span> <span class='ocrx_word' id='word_1_61' title='bbox 709 1197 1081 1252; x_wconf 83' lang='lat' dir='ltr'><strong>Antiocheuus</strong></span> <span class='ocrx_word' id='word_1_62' title='bbox 1115 1217 1130 1263; x_wconf 91' lang='lat'><strong>;</strong></span> <span class='ocrx_word' id='word_1_63' title='bbox 1164 1209 1427 1266; x_wconf 68' lang='lat' dir='ltr'><strong>praeterea</strong></span> <span class='ocrx_word' id='word_1_64' title='bbox 1460 1208 1638 1252; x_wconf 86' lang='lat' dir='ltr'><strong>autem</strong></span> <span class='ocrx_word' id='word_1_65' title='bbox 1671 1207 1722 1250; x_wconf 91' lang='lat' dir='ltr'><strong>et</strong></span> <span class='ocrx_word' id='word_1_66' title='bbox 1756 1195 2014 1266; x_wconf 78' lang='lat' dir='ltr'><strong>Didymus</strong></span> 
     </span>
    </p>
   </div>
   <div class='ocr_carea' id='block_1_13' title="bbox 439 1289 2009 1361">
    <p class='ocr_par' dir='ltr' id='par_1_13' title="bbox 439 1289 2009 1361">
     <span class='ocr_line' id='line_1_13' title="bbox 439 1289 2009 1361; baseline -0.001 -18"><span class='ocrx_word' id='word_1_67' title='bbox 439 1299 494 1343; x_wconf 90' lang='lat' dir='ltr'><strong>et</strong></span> <span class='ocrx_word' id='word_1_68' title='bbox 524 1289 789 1358; x_wconf 82' lang='lat' dir='ltr'><strong>Evagrius</strong></span> <span class='ocrx_word' id='word_1_69' title='bbox 820 1289 1066 1358; x_wconf 81' lang='lat' dir='ltr'><strong>Eutychii</strong></span> <span class='ocrx_word' id='word_1_70' title='bbox 1108 1291 1589 1361; x_wconf 88' lang='lat' dir='ltr'><strong>llierosolymitani</strong></span> <span class='ocrx_word' id='word_1_71' title='bbox 1626 1290 1804 1344; x_wconf 91' lang='lat' dir='ltr'><strong>locum</strong></span> <span class='ocrx_word' id='word_1_72' title='bbox 1836 1290 2009 1344; x_wconf 89' lang='lat' dir='ltr'><strong>adim-</strong></span> 
     </span>
    </p>
   </div>
   <div class='ocr_carea' id='block_1_14' title="bbox 438 1381 2014 1450">
    <p class='ocr_par' dir='ltr' id='par_1_14' title="bbox 438 1381 2014 1450">
     <span class='ocr_line' id='line_1_14' title="bbox 438 1381 2014 1450; baseline 0.002 -18"><span class='ocrx_word' id='word_1_73' title='bbox 438 1381 671 1448; x_wconf 90' lang='lat' dir='ltr'><strong>plentes.</strong></span> <span class='ocrx_word' id='word_1_74' title='bbox 710 1382 935 1450; x_wconf 77' lang='lat' dir='ltr'><strong>Vigilius</strong></span> <span class='ocrx_word' id='word_1_75' title='bbox 985 1391 1164 1436; x_wconf 90' lang='lat' dir='ltr'><strong>autem</strong></span> <span class='ocrx_word' id='word_1_76' title='bbox 1213 1383 1492 1438; x_wconf 79' lang='lat' dir='ltr'><strong>Romanus</strong></span> <span class='ocrx_word' id='word_1_77' title='bbox 1528 1383 1646 1436; x_wconf 91' lang='lat' dir='ltr'><strong>urbi</strong></span> <span class='ocrx_word' id='word_1_78' title='bbox 1683 1383 1850 1437; x_wconf 88' lang='lat' dir='ltr'><strong>etiam</strong></span> <span class='ocrx_word' id='word_1_79' title='bbox 1884 1391 2014 1437; x_wconf 89' lang='lat' dir='ltr'><strong>tunc</strong></span> 
     </span>
    </p>
   </div>
   <div class='ocr_carea' id='block_1_15' title="bbox 441 1473 2013 1544">
    <p class='ocr_par' dir='ltr' id='par_1_15' title="bbox 441 1473 2013 1544">
     <span class='ocr_line' id='line_1_15' title="bbox 441 1473 2013 1544; baseline 0.002 -20"><span class='ocrx_word' id='word_1_80' title='bbox 441 1474 702 1542; x_wconf 90' lang='lat' dir='ltr'><strong>temporis</strong></span> <span class='ocrx_word' id='word_1_81' title='bbox 728 1473 922 1538; x_wconf 82' lang='lat' dir='ltr'><strong>adfuit,</strong></span> <span class='ocrx_word' id='word_1_82' title='bbox 973 1475 1178 1544; x_wconf 88' lang='lat' dir='ltr'><strong>synodo</strong></span> <span class='ocrx_word' id='word_1_83' title='bbox 1202 1489 1328 1529; x_wconf 88' lang='lat' dir='ltr'><strong>vero</strong></span> <span class='ocrx_word' id='word_1_84' title='bbox 1376 1489 1480 1527; x_wconf 90' lang='lat' dir='ltr'><strong>non</strong></span> <span class='ocrx_word' id='word_1_85' title='bbox 1527 1475 1804 1540; x_wconf 74' lang='lat' dir='ltr'><strong>interfuit;</strong></span> <span class='ocrx_word' id='word_1_86' title='bbox 1863 1489 2013 1528; x_wconf 86' lang='lat' dir='ltr'><strong>com-</strong></span> 
     </span>
    </p>
   </div>
   <div class='ocr_carea' id='block_1_16' title="bbox 441 1563 2015 1620">
    <p class='ocr_par' dir='ltr' id='par_1_16' title="bbox 441 1563 2015 1620">
     <span class='ocr_line' id='line_1_16' title="bbox 441 1563 2015 1620; baseline 0.001 -3"><span class='ocrx_word' id='word_1_87' title='bbox 441 1580 658 1617; x_wconf 75' lang='lat' dir='ltr'><strong>munem</strong></span> <span class='ocrx_word' id='word_1_88' title='bbox 696 1565 1053 1618; x_wconf 89' lang='lat' dir='ltr'><strong>nihilominus</strong></span> <span class='ocrx_word' id='word_1_89' title='bbox 1109 1563 1332 1620; x_wconf 84' lang='lat' dir='ltr'><strong>Patrum</strong></span> <span class='ocrx_word' id='word_1_90' title='bbox 1387 1564 1544 1619; x_wconf 84' lang='lat' dir='ltr'><strong>fidem</strong></span> <span class='ocrx_word' id='word_1_91' title='bbox 1599 1565 1781 1620; x_wconf 90' lang='lat' dir='ltr'><strong>libello</strong></span> <span class='ocrx_word' id='word_1_92' title='bbox 1817 1564 2015 1618; x_wconf 82' lang='lat' dir='ltr'><strong>confir-</strong></span> 
     </span>
    </p>
   </div>
   <div class='ocr_carea' id='block_1_17' title="bbox 441 1656 624 1709">
    <p class='ocr_par' dir='ltr' id='par_1_17' title="bbox 441 1656 624 1709">
     <span class='ocr_line' id='line_1_17' title="bbox 441 1656 624 1709; baseline 0.005 -1"><span class='ocrx_word' id='word_1_93' title='bbox 441 1656 624 1709; x_wconf 88' lang='lat' dir='ltr'><strong>mavit.</strong></span> 
     </span>
    </p>
   </div>
   <div class='ocr_carea' id='block_1_18' title="bbox 580 1745 1867 1818">
    <p class='ocr_par' dir='ltr' id='par_1_18' title="bbox 580 1745 1867 1818">
     <span class='ocr_line' id='line_1_18' title="bbox 580 1745 1867 1818; baseline 0.004 -20"><span class='ocrx_word' id='word_1_94' title='bbox 580 1745 717 1801; x_wconf 74' lang='lat' dir='ltr'><strong>XVI.</strong></span> <span class='ocrx_word' id='word_1_95' title='bbox 752 1748 824 1801; x_wconf 85' lang='lat' dir='ltr'><strong>De</strong></span> <span class='ocrx_word' id='word_1_96' title='bbox 847 1759 1032 1803; x_wconf 81' lang='lat' dir='ltr'><strong>sancta</strong></span> <span class='ocrx_word' id='word_1_97' title='bbox 1059 1759 1106 1803; x_wconf 79' lang='lat' dir='ltr'><strong>et</strong></span> <span class='ocrx_word' id='word_1_98' title='bbox 1129 1751 1447 1803; x_wconf 72' lang='lat' dir='ltr'><strong>mcumenica</strong></span> <span class='ocrx_word' id='word_1_99' title='bbox 1472 1759 1618 1803; x_wconf 74' lang='lat' dir='ltr'><strong>sexta</strong></span> <span class='ocrx_word' id='word_1_100' title='bbox 1641 1751 1867 1818; x_wconf 73' lang='lat' dir='ltr'><strong>synodo.</strong></span> 
     </span>
    </p>
   </div>
   <div class='ocr_carea' id='block_1_19' title="bbox 508 1837 2012 1912">
    <p class='ocr_par' dir='ltr' id='par_1_19' title="bbox 508 1837 2012 1912">
     <span class='ocr_line' id='line_1_19' title="bbox 508 1837 2012 1912; baseline 0.001 -22"><span class='ocrx_word' id='word_1_101' title='bbox 508 1837 648 1903; x_wconf 86' lang='lat' dir='ltr'><strong>Quin</strong></span> <span class='ocrx_word' id='word_1_102' title='bbox 680 1839 845 1892; x_wconf 90' lang='lat' dir='ltr'><strong>etiam</strong></span> <span class='ocrx_word' id='word_1_103' title='bbox 873 1855 972 1895; x_wconf 89' lang='lat' dir='ltr'><strong>nec</strong></span> <span class='ocrx_word' id='word_1_104' title='bbox 999 1842 1216 1911; x_wconf 86' lang='lat' dir='ltr'><strong>proprie</strong></span> <span class='ocrx_word' id='word_1_105' title='bbox 1239 1843 1412 1909; x_wconf 65' lang='lat' dir='ltr'><strong>{dictae</strong></span> <span class='ocrx_word' id='word_1_106' title='bbox 1437 1852 1605 1895; x_wconf 75' lang='lat' dir='ltr'><strong>sextze</strong></span> <span class='ocrx_word' id='word_1_107' title='bbox 1635 1843 1866 1912; x_wconf 84' lang='lat' dir='ltr'><strong>synodo.</strong></span> <span class='ocrx_word' id='word_1_108' title='bbox 1892 1841 2012 1895; x_wconf 89' lang='lat' dir='ltr'><strong>ani-</strong></span> 
     </span>
    </p>
   </div>
   <div class='ocr_carea' id='block_1_20' title="bbox 2116 557 3654 628">
    <p class='ocr_par' dir='ltr' id='par_1_20' title="bbox 2116 557 3654 628">
     <span class='ocr_line' id='line_1_20' title="bbox 2116 557 3654 628; baseline 0.004 -22"><span class='ocrx_word' id='word_1_109' title='bbox 2116 557 2341 625; x_wconf 81' lang='grc' dir='ltr'>ρίζουσα</span> <span class='ocrx_word' id='word_1_110' title='bbox 2371 558 2468 621; x_wconf 78' lang='grc' dir='ltr'>τῆς</span> <span class='ocrx_word' id='word_1_111' title='bbox 2500 557 2607 621; x_wconf 72' lang='grc' dir='ltr'>πρὸ</span> <span class='ocrx_word' id='word_1_112' title='bbox 2640 558 2813 626; x_wconf 76' lang='grc' dir='ltr'>αὐτῆς</span> <span class='ocrx_word' id='word_1_113' title='bbox 2863 558 3136 628; x_wconf 76' lang='grc' dir='ltr'><strong>τετάρτης</strong></span> <span class='ocrx_word' id='word_1_114' title='bbox 3176 561 3388 626; x_wconf 79' lang='grc' dir='ltr'>χρόνοις</span> <span class='ocrx_word' id='word_1_115' title='bbox 3417 558 3505 610; x_wconf 86' lang='grc' dir='ltr'><strong>δύο</strong></span> <span class='ocrx_word' id='word_1_116' title='bbox 3540 561 3654 625; x_wconf 79' lang='grc' dir='ltr'>πρὸς</span> 
     </span>
    </p>
   </div>
   <div class='ocr_carea' id='block_1_21' title="bbox 2114 649 3654 720">
    <p class='ocr_par' dir='ltr' id='par_1_21' title="bbox 2114 649 3654 720">
     <span class='ocr_line' id='line_1_21' title="bbox 2114 649 3654 720; baseline 0.002 -21"><span class='ocrx_word' id='word_1_117' title='bbox 2114 651 2229 709; x_wconf 85' lang='grc' dir='ltr'>τοῖς</span> <span class='ocrx_word' id='word_1_118' title='bbox 2265 649 2496 700; x_wconf 58' lang='grc' dir='ltr'>ἑκατόν</span> <span class='ocrx_word' id='word_1_119' title='bbox 2552 649 2648 700; x_wconf 71' lang='grc' dir='ltr'><strong>καὶ¹</strong></span> <span class='ocrx_word' id='word_1_120' title='bbox 2705 652 2933 716; x_wconf 84' lang='grc' dir='ltr'>τέμενος</span> <span class='ocrx_word' id='word_1_121' title='bbox 2985 650 3087 718; x_wconf 84' lang='grc' dir='ltr'>μὲν</span> <span class='ocrx_word' id='word_1_122' title='bbox 3121 649 3311 718; x_wconf 83' lang='grc' dir='ltr'>ὥσπερ</span> <span class='ocrx_word' id='word_1_123' title='bbox 3339 649 3482 718; x_wconf 79' lang='grc' dir='ltr'>ἱερὸν</span> <span class='ocrx_word' id='word_1_124' title='bbox 3515 651 3654 720; x_wconf 84' lang='grc' dir='ltr'>ἐαυτῇ</span> 
     </span>
    </p>
   </div>
   <div class='ocr_carea' id='block_1_22' title="bbox 2113 738 3658 811">
    <p class='ocr_par' dir='ltr' id='par_1_22' title="bbox 2113 738 3658 811">
     <span class='ocr_line' id='line_1_22' title="bbox 2113 738 3658 811; baseline 0.002 -21"><span class='ocrx_word' id='word_1_125' title='bbox 2113 739 2213 806; x_wconf 81' lang='grc' dir='ltr'>τὴν</span> <span class='ocrx_word' id='word_1_126' title='bbox 2245 738 2498 808; x_wconf 77' lang='grc' dir='ltr'><strong>βασιλίδα</strong></span> <span class='ocrx_word' id='word_1_127' title='bbox 2529 740 2638 791; x_wconf 92' lang='grc' dir='ltr'><strong>τῶν</strong></span> <span class='ocrx_word' id='word_1_128' title='bbox 2663 741 2873 792; x_wconf 85' lang='grc' dir='ltr'>πόλεων</span> <span class='ocrx_word' id='word_1_129' title='bbox 2905 741 3110 811; x_wconf 83' lang='grc' dir='ltr'>ἵδρυτο,</span> <span class='ocrx_word' id='word_1_130' title='bbox 3149 741 3310 793; x_wconf 80' lang='grc' dir='ltr'><strong>πέντε</strong></span> <span class='ocrx_word' id='word_1_131' title='bbox 3357 740 3410 793; x_wconf 84' lang='grc' dir='ltr'>δὲ</span> <span class='ocrx_word' id='word_1_132' title='bbox 3443 742 3530 794; x_wconf 79' lang='grc' dir='ltr'>καὶ</span> <span class='ocrx_word' id='word_1_133' title='bbox 3557 742 3658 811; x_wconf 79' lang='grc' dir='ltr'>ἐξή-</span> 
     </span>
    </p>
   </div>
   <div class='ocr_carea' id='block_1_23' title="bbox 2117 832 3656 903">
    <p class='ocr_par' dir='ltr' id='par_1_23' title="bbox 2117 832 3656 903">
     <span class='ocr_line' id='line_1_23' title="bbox 2117 832 3656 903; baseline 0.002 -20"><span class='ocrx_word' id='word_1_134' title='bbox 2117 849 2282 884; x_wconf 80' lang='grc' dir='ltr'>κοντα</span> <span class='ocrx_word' id='word_1_135' title='bbox 2344 833 2438 885; x_wconf 57' lang='grc' dir='ltr'><strong>καὶ⁵</strong></span> <span class='ocrx_word' id='word_1_136' title='bbox 2501 835 2696 887; x_wconf 77' lang='grc' dir='ltr'>ἐκατδν</span> <span class='ocrx_word' id='word_1_137' title='bbox 2759 835 3040 903; x_wconf 78' lang='grc' dir='ltr'>θεοφὸρων</span> <span class='ocrx_word' id='word_1_138' title='bbox 3103 833 3363 902; x_wconf 84' lang='grc' dir='ltr'>Πατέρων</span> <span class='ocrx_word' id='word_1_139' title='bbox 3416 832 3656 901; x_wconf 76' lang='grc' dir='ltr'>συνδρομῇ</span> 
     </span>
    </p>
   </div>
   <div class='ocr_carea' id='block_1_24' title="bbox 2115 919 3659 995">
    <p class='ocr_par' dir='ltr' id='par_1_24' title="bbox 2115 919 3659 995">
     <span class='ocr_line' id='line_1_24' title="bbox 2115 919 3659 995; baseline 0.001 -20"><span class='ocrx_word' id='word_1_140' title='bbox 2115 922 2448 991; x_wconf 77' lang='grc' dir='ltr'><strong>ἐκρατύνετο</strong></span> <span class='ocrx_word' id='word_1_141' title='bbox 2469 941 2484 956; x_wconf 80' lang='grc' dir='ltr'><strong><em>ο</em></strong></span> <span class='ocrx_word' id='word_1_142' title='bbox 2519 919 2594 977; x_wconf 82' lang='grc' dir='ltr'>ὧν</span> <span class='ocrx_word' id='word_1_143' title='bbox 2619 923 2852 995; x_wconf 75' lang='grc' dir='ltr'>ἡγοῦντο</span> <span class='ocrx_word' id='word_1_144' title='bbox 2883 925 2949 978; x_wconf 78' lang='grc' dir='ltr'><strong>τὰ</strong></span> <span class='ocrx_word' id='word_1_145' title='bbox 2981 923 3174 993; x_wconf 88' lang='grc' dir='ltr'>πρῶτα</span> <span class='ocrx_word' id='word_1_146' title='bbox 3211 924 3310 992; x_wconf 85' lang='grc' dir='ltr'>μὲν</span> <span class='ocrx_word' id='word_1_147' title='bbox 3332 924 3534 991; x_wconf 77' lang='grc' dir='ltr'>Μηνᾶς,</span> <span class='ocrx_word' id='word_1_148' title='bbox 3561 919 3659 976; x_wconf 72' lang='grc' dir='ltr'>εἶτα</span> 
     </span>
    </p>
   </div>
   <div class='ocr_carea' id='block_1_25' title="bbox 2117 1014 3659 1086">
    <p class='ocr_par' dir='ltr' id='par_1_25' title="bbox 2117 1014 3659 1086">
     <span class='ocr_line' id='line_1_25' title="bbox 2117 1014 3659 1086; baseline -0.001 -19"><span class='ocrx_word' id='word_1_149' title='bbox 2117 1015 2401 1083; x_wconf 80' lang='grc' dir='ltr'>Εὐτύχιος,</span> <span class='ocrx_word' id='word_1_150' title='bbox 2431 1016 2497 1068; x_wconf 85' lang='grc' dir='ltr'><strong>ἐκ</strong></span> <span class='ocrx_word' id='word_1_151' title='bbox 2519 1017 2771 1085; x_wconf 73' lang='grc' dir='ltr'><strong>διαδοχῆς</strong></span> <span class='ocrx_word' id='word_1_152' title='bbox 2799 1016 2922 1078; x_wconf 81' lang='grc' dir='ltr'>τοὺς</span> <span class='ocrx_word' id='word_1_153' title='bbox 2952 1016 3378 1086; x_wconf 78' lang='grc' dir='ltr'>ἀρχιερατικοὺς</span> <span class='ocrx_word' id='word_1_154' title='bbox 3397 1019 3495 1084; x_wconf 85' lang='grc' dir='ltr'>τῆς</span> <span class='ocrx_word' id='word_1_155' title='bbox 3524 1014 3659 1084; x_wconf 84' lang='grc' dir='ltr'>βασι-</span> 
     </span>
    </p>
   </div>
   <div class='ocr_carea' id='block_1_26' title="bbox 2114 1104 3660 1176">
    <p class='ocr_par' dir='ltr' id='par_1_26' title="bbox 2114 1104 3660 1176">
     <span class='ocr_line' id='line_1_26' title="bbox 2114 1104 3660 1176; baseline 0.001 -20"><span class='ocrx_word' id='word_1_156' title='bbox 2114 1104 2377 1174; x_wconf 77' lang='grc' dir='ltr'>λευούσης</span> <span class='ocrx_word' id='word_1_157' title='bbox 2433 1106 2709 1170; x_wconf 76' lang='grc' dir='ltr'>ίθύνοντες</span> <span class='ocrx_word' id='word_1_158' title='bbox 2759 1107 2977 1172; x_wconf 76' lang='grc' dir='ltr'>οἴακας,</span> <span class='ocrx_word' id='word_1_159' title='bbox 3010 1107 3396 1176; x_wconf 83' lang='grc' dir='ltr'>Ἀπολινάριος</span> <span class='ocrx_word' id='word_1_160' title='bbox 3439 1105 3660 1171; x_wconf 75' lang='grc' dir='ltr'>’Δλεξαν-</span> 
     </span>
    </p>
   </div>
   <div class='ocr_carea' id='block_1_27' title="bbox 2113 1195 3660 1270">
    <p class='ocr_par' dir='ltr' id='par_1_27' title="bbox 2113 1195 3660 1270">
     <span class='ocr_line' id='line_1_27' title="bbox 2113 1195 3660 1270; baseline 0.001 -23"><span class='ocrx_word' id='word_1_161' title='bbox 2113 1195 2320 1264; x_wconf 83' lang='grc' dir='ltr'>δρείας,</span> <span class='ocrx_word' id='word_1_162' title='bbox 2353 1198 2559 1266; x_wconf 84' lang='grc' dir='ltr'>Δὸμνος</span> <span class='ocrx_word' id='word_1_163' title='bbox 2608 1199 2970 1268; x_wconf 84' lang='grc' dir='ltr'>Ἀντιοχείας,</span> <span class='ocrx_word' id='word_1_164' title='bbox 3017 1200 3156 1270; x_wconf 74' lang='grc' dir='ltr'>πρὸς</span> <span class='ocrx_word' id='word_1_165' title='bbox 3203 1200 3262 1252; x_wconf 83' lang='grc' dir='ltr'>δὲ</span> <span class='ocrx_word' id='word_1_166' title='bbox 3314 1198 3405 1251; x_wconf 61' lang='grc' dir='ltr'><strong>καὶ⁸</strong></span> <span class='ocrx_word' id='word_1_167' title='bbox 3438 1197 3660 1266; x_wconf 70' lang='grc' dir='ltr'>Δίδυμος,</span> 
     </span>
    </p>
   </div>
   <div class='ocr_carea' id='block_1_28' title="bbox 2117 1283 3662 1361">
    <p class='ocr_par' dir='ltr' id='par_1_28' title="bbox 2117 1283 3662 1361">
     <span class='ocr_line' id='line_1_28' title="bbox 2117 1283 3662 1361; baseline 0.001 -21"><span class='ocrx_word' id='word_1_168' title='bbox 2117 1289 2210 1340; x_wconf 74' lang='grc' dir='ltr'>καὶ</span> <span class='ocrx_word' id='word_1_169' title='bbox 2265 1289 2560 1360; x_wconf 80' lang='grc' dir='ltr'>Εὐάγριος,</span> <span class='ocrx_word' id='word_1_170' title='bbox 2624 1290 2924 1360; x_wconf 83' lang='grc' dir='ltr'>Εὐστοχίου</span> <span class='ocrx_word' id='word_1_171' title='bbox 2976 1290 3070 1344; x_wconf 85' lang='grc' dir='ltr'><strong>τοῦ</strong></span> <span class='ocrx_word' id='word_1_172' title='bbox 3126 1292 3237 1343; x_wconf 88' lang='grc' dir='ltr'><strong>τῶν</strong></span> <span class='ocrx_word' id='word_1_173' title='bbox 3301 1283 3662 1361; x_wconf 78' lang='grc' dir='ltr'>Ἱεροσολύμων</span> 
     </span>
    </p>
   </div>
   <div class='ocr_carea' id='block_1_29' title="bbox 2113 1383 3663 1458">
    <p class='ocr_par' dir='ltr' id='par_1_29' title="bbox 2113 1383 3663 1458">
     <span class='ocr_line' id='line_1_29' title="bbox 2113 1383 3663 1458; baseline 0.006 -23"><span class='ocrx_word' id='word_1_174' title='bbox 2113 1383 2282 1437; x_wconf 76' lang='grc' dir='ltr'>τόπον</span> <span class='ocrx_word' id='word_1_175' title='bbox 2333 1385 2817 1455; x_wconf 70' lang='grc' dir='ltr'>ἀναπληροῦντες·</span> <span class='ocrx_word' id='word_1_176' title='bbox 2855 1388 2888 1458; x_wconf 12' lang='grc' dir='ltr'>ὁ,</span> <span class='ocrx_word' id='word_1_177' title='bbox 2938 1387 2996 1439; x_wconf 92' lang='grc' dir='ltr'><strong>δέ</strong></span> <span class='ocrx_word' id='word_1_178' title='bbox 3037 1404 3100 1454; x_wconf 88' lang='grc' dir='ltr'><strong>γε</strong></span> <span class='ocrx_word' id='word_1_179' title='bbox 3166 1384 3385 1456; x_wconf 83' lang='grc' dir='ltr'>Ῥώμης</span> <span class='ocrx_word' id='word_1_180' title='bbox 3433 1385 3663 1453; x_wconf 70' lang='grc' dir='ltr'>Βιγίλιος,</span> 
     </span>
    </p>
   </div>
   <div class='ocr_carea' id='block_1_30' title="bbox 2115 1473 3662 1548">
    <p class='ocr_par' dir='ltr' id='par_1_30' title="bbox 2115 1473 3662 1548">
     <span class='ocr_line' id='line_1_30' title="bbox 2115 1473 3662 1548; baseline 0.002 -22"><span class='ocrx_word' id='word_1_181' title='bbox 2115 1473 2308 1543; x_wconf 85' lang='grc' dir='ltr'>παρὼν</span> <span class='ocrx_word' id='word_1_182' title='bbox 2344 1477 2442 1545; x_wconf 73' lang='grc' dir='ltr'>μὲν</span> <span class='ocrx_word' id='word_1_183' title='bbox 2497 1475 2805 1544; x_wconf 75' lang='grc' dir='ltr'>τηνικαῦτα</span> <span class='ocrx_word' id='word_1_184' title='bbox 2850 1481 2915 1548; x_wconf 83' lang='grc' dir='ltr'>τῇ</span> <span class='ocrx_word' id='word_1_185' title='bbox 2965 1479 3144 1540; x_wconf 89' lang='grc' dir='ltr'>πόλει,</span> <span class='ocrx_word' id='word_1_186' title='bbox 3198 1479 3256 1537; x_wconf 73' lang='grc' dir='ltr'>οὐ</span> <span class='ocrx_word' id='word_1_187' title='bbox 3295 1476 3482 1548; x_wconf 80' lang='grc' dir='ltr'>παρὼν</span> <span class='ocrx_word' id='word_1_188' title='bbox 3530 1477 3580 1529; x_wconf 79' lang='grc' dir='ltr'><strong>δέ</strong></span> <span class='ocrx_word' id='word_1_189' title='bbox 3608 1479 3662 1546; x_wconf 65' lang='grc' dir='ltr'><strong>τῇ</strong></span> 
     </span>
    </p>
   </div>
   <div class='ocr_carea' id='block_1_31' title="bbox 2117 1564 3665 1636">
    <p class='ocr_par' dir='ltr' id='par_1_31' title="bbox 2117 1564 3665 1636">
     <span class='ocr_line' id='line_1_31' title="bbox 2117 1564 3665 1636; baseline 0.003 -22"><span class='ocrx_word' id='word_1_190' title='bbox 2117 1564 2340 1633; x_wconf 83' lang='grc' dir='ltr'>συνόδῳ,</span> <span class='ocrx_word' id='word_1_191' title='bbox 2370 1565 2472 1634; x_wconf 80' lang='grc' dir='ltr'>τὴν</span> <span class='ocrx_word' id='word_1_192' title='bbox 2504 1567 2695 1633; x_wconf 84' lang='grc' dir='ltr'>κοινὴν</span> <span class='ocrx_word' id='word_1_193' title='bbox 2723 1566 2830 1620; x_wconf 88' lang='grc' dir='ltr'><strong>τῶν</strong></span> <span class='ocrx_word' id='word_1_194' title='bbox 2865 1566 3128 1636; x_wconf 87' lang='grc' dir='ltr'>Πατέρων</span> <span class='ocrx_word' id='word_1_195' title='bbox 3159 1566 3346 1620; x_wconf 85' lang='grc' dir='ltr'>πίστιν</span> <span class='ocrx_word' id='word_1_196' title='bbox 3376 1566 3470 1635; x_wconf 78' lang='grc' dir='ltr'>οὐχ</span> <span class='ocrx_word' id='word_1_197' title='bbox 3491 1566 3665 1635; x_wconf 73' lang='grc' dir='ltr'>ἥκιστα</span> 
     </span>
    </p>
   </div>
   <div class='ocr_carea' id='block_1_32' title="bbox 2115 1656 2668 1727">
    <p class='ocr_par' dir='ltr' id='par_1_32' title="bbox 2115 1656 2668 1727">
     <span class='ocr_line' id='line_1_32' title="bbox 2115 1656 2668 1727; baseline 0.005 -21"><span class='ocrx_word' id='word_1_198' title='bbox 2115 1656 2388 1724; x_wconf 79' lang='grc' dir='ltr'>ἐπεκύρου</span> <span class='ocrx_word' id='word_1_199' title='bbox 2412 1657 2668 1727; x_wconf 79' lang='grc' dir='ltr'>λιὸἐλλῳ.</span> 
     </span>
    </p>
   </div>
   <div class='ocr_carea' id='block_1_33' title="bbox 2117 1745 3662 1819">
    <p class='ocr_par' dir='ltr' id='par_1_33' title="bbox 2117 1745 3662 1819">
     <span class='ocr_line' id='line_1_33' title="bbox 2117 1745 3662 1819; baseline 0.003 -20"><span class='ocrx_word' id='word_1_200' title='bbox 2117 1745 2231 1813; x_wconf 68' lang='grc' dir='ltr'>ις’.</span> <span class='ocrx_word' id='word_1_201' title='bbox 2253 1749 2386 1814; x_wconf 71' lang='grc' dir='ltr'>Περὶ</span> <span class='ocrx_word' id='word_1_202' title='bbox 2411 1749 2520 1814; x_wconf 84' lang='grc' dir='ltr'>τῆς</span> <span class='ocrx_word' id='word_1_203' title='bbox 2540 1750 2718 1818; x_wconf 78' lang='grc' dir='ltr'>ἁγίας</span> <span class='ocrx_word' id='word_1_204' title='bbox 2747 1749 2845 1802; x_wconf 76' lang='grc' dir='ltr'>καὶ</span> <span class='ocrx_word' id='word_1_205' title='bbox 2867 1749 3306 1819; x_wconf 76' lang='grc' dir='ltr'>οικουμενικῆς</span> <span class='ocrx_word' id='word_1_206' title='bbox 3331 1748 3383 1812; x_wconf 84' lang='grc' dir='ltr'>ς’</span> <span class='ocrx_word' id='word_1_207' title='bbox 3401 1750 3662 1803; x_wconf 69' lang='grc' dir='ltr'>συνόδου.</span> 
     </span>
    </p>
   </div>
   <div class='ocr_carea' id='block_1_34' title="bbox 2183 1839 3668 1913">
    <p class='ocr_par' dir='ltr' id='par_1_34' title="bbox 2183 1839 3668 1913">
     <span class='ocr_line' id='line_1_34' title="bbox 2183 1839 3668 1913; baseline -0.001 -20"><span class='ocrx_word' id='word_1_208' title='bbox 2183 1839 2261 1893; x_wconf 82' lang='grc' dir='ltr'><strong>Οὐ</strong></span> <span class='ocrx_word' id='word_1_209' title='bbox 2305 1841 2412 1910; x_wconf 81' lang='grc' dir='ltr'>μὴν</span> <span class='ocrx_word' id='word_1_210' title='bbox 2444 1840 2567 1892; x_wconf 79' lang='grc' dir='ltr'>οὐδὲ</span> <span class='ocrx_word' id='word_1_211' title='bbox 2589 1844 2652 1912; x_wconf 85' lang='grc' dir='ltr'><strong>τῇ</strong></span> <span class='ocrx_word' id='word_1_212' title='bbox 2685 1842 2888 1911; x_wconf 88' lang='grc' dir='ltr'>κυρίως</span> <span class='ocrx_word' id='word_1_213' title='bbox 2914 1841 3053 1913; x_wconf 70' lang='grc' dir='ltr'>ἕκτῃ</span> <span class='ocrx_word' id='word_1_214' title='bbox 3079 1841 3364 1912; x_wconf 76' lang='grc' dir='ltr'>προύργου</span> <span class='ocrx_word' id='word_1_215' title='bbox 3393 1840 3524 1894; x_wconf 87' lang='grc' dir='ltr'>εἶναι</span> <span class='ocrx_word' id='word_1_216' title='bbox 3544 1841 3668 1893; x_wconf 75' lang='grc' dir='ltr'>νενό-</span> 
     </span>
    </p>
   </div>
   <div class='ocr_carea' id='block_1_35' title="bbox 440 1931 2009 2003">
    <p class='ocr_par' dir='ltr' id='par_1_35' title="bbox 440 1931 2009 2000">
     <span class='ocr_line' id='line_1_35' title="bbox 440 1931 2009 2000; baseline 0.003 -19"><span class='ocrx_word' id='word_1_217' title='bbox 440 1945 586 1982; x_wconf 91' lang='lat' dir='ltr'><strong>mum</strong></span> <span class='ocrx_word' id='word_1_218' title='bbox 637 1931 761 1984; x_wconf 89' lang='lat' dir='ltr'><strong>aliis</strong></span> <span class='ocrx_word' id='word_1_219' title='bbox 814 1932 1121 1997; x_wconf 87' lang='lat' dir='ltr'><strong>adhibenti,</strong></span> <span class='ocrx_word' id='word_1_220' title='bbox 1177 1948 1416 1987; x_wconf 85' lang='lat' dir='ltr'><strong>canones</strong></span> <span class='ocrx_word' id='word_1_221' title='bbox 1459 1933 1808 1987; x_wconf 89' lang='lat' dir='ltr'><strong>conscribere</strong></span> <span class='ocrx_word' id='word_1_222' title='bbox 1833 1946 2009 2000; x_wconf 73' lang='lat' dir='ltr'><strong>operat</strong></span> 
     </span>
    </p>
   </div>
   <div class='ocr_carea' id='block_1_36' title="bbox 2112 1931 3668 2003">
    <p class='ocr_par' dir='ltr' id='par_1_36' title="bbox 2115 1931 3668 2003">
     <span class='ocr_line' id='line_1_36' title="bbox 2115 1931 3668 2003; baseline 0 -21"><span class='ocrx_word' id='word_1_223' title='bbox 2115 1947 2305 1999; x_wconf 86' lang='grc' dir='ltr'>μισται</span> <span class='ocrx_word' id='word_1_224' title='bbox 2361 1931 2596 1994; x_wconf 86' lang='grc' dir='ltr'>κανόνας</span> <span class='ocrx_word' id='word_1_225' title='bbox 2648 1934 3028 2000; x_wconf 76' lang='grc' dir='ltr'>συγγράφειν,</span> <span class='ocrx_word' id='word_1_226' title='bbox 3089 1932 3306 2003; x_wconf 80' lang='grc' dir='ltr'>ἑτέροις</span> <span class='ocrx_word' id='word_1_227' title='bbox 3367 1934 3556 2002; x_wconf 80' lang='grc' dir='ltr'>ἐχούσῃ</span> <span class='ocrx_word' id='word_1_228' title='bbox 3590 1932 3668 1983; x_wconf 75' lang='grc' dir='ltr'>τὸν</span> 
     </span>
    </p>
   </div>
   <div class='ocr_carea' id='block_1_37' title="bbox 439 2021 2009 2094">
    <p class='ocr_par' dir='ltr' id='par_1_37' title="bbox 439 2024 2009 2094">
     <span class='ocr_line' id='line_1_37' title="bbox 439 2024 2009 2094; baseline 0.002 -20"><span class='ocrx_word' id='word_1_229' title='bbox 439 2024 668 2092; x_wconf 83' lang='lat' dir='ltr'><strong>pretium</strong></span> <span class='ocrx_word' id='word_1_230' title='bbox 709 2025 882 2078; x_wconf 87' lang='lat' dir='ltr'><strong>visum</strong></span> <span class='ocrx_word' id='word_1_231' title='bbox 909 2034 1033 2078; x_wconf 88' lang='lat' dir='ltr'><strong>est:</strong></span> <span class='ocrx_word' id='word_1_232' title='bbox 1067 2040 1188 2093; x_wconf 64' lang='lat' dir='ltr'><strong>qua!</strong></span> <span class='ocrx_word' id='word_1_233' title='bbox 1214 2033 1430 2079; x_wconf 77' lang='lat' dir='ltr'><strong>centum</strong></span> <span class='ocrx_word' id='word_1_234' title='bbox 1462 2025 2009 2094; x_wconf 73' lang='lat' dir='ltr'><strong>undequinquaginta</strong></span> 
     </span>
    </p>
   </div>
   <div class='ocr_carea' id='block_1_38' title="bbox 2112 2021 3665 2094">
    <p class='ocr_par' dir='ltr' id='par_1_38' title="bbox 2113 2021 3665 2094">
     <span class='ocr_line' id='line_1_38' title="bbox 2113 2021 3665 2094; baseline -0.002 -18"><span class='ocrx_word' id='word_1_235' title='bbox 2113 2021 2268 2076; x_wconf 77' lang='grc' dir='ltr'>νοῦνο</span> <span class='ocrx_word' id='word_1_236' title='bbox 2307 2021 2430 2091; x_wconf 85' lang='grc' dir='ltr'>ήτις</span> <span class='ocrx_word' id='word_1_237' title='bbox 2481 2022 2698 2090; x_wconf 82' lang='grc' dir='ltr'>χρόνοις</span> <span class='ocrx_word' id='word_1_238' title='bbox 2761 2024 2879 2085; x_wconf 86' lang='grc' dir='ltr'>ἐνὸς</span> <span class='ocrx_word' id='word_1_239' title='bbox 2937 2023 3154 2086; x_wconf 79' lang='grc' dir='ltr'>δέοντος</span> <span class='ocrx_word' id='word_1_240' title='bbox 3208 2025 3549 2094; x_wconf 83' lang='grc' dir='ltr'>πεντήκοντα</span> <span class='ocrx_word' id='word_1_241' title='bbox 3585 2023 3665 2074; x_wconf 79' lang='grc' dir='ltr'>καὶ</span> 
     </span>
    </p>
   </div>
   <div class='ocr_carea' id='block_1_39' title="bbox 438 2103 2009 2192">
    <p class='ocr_par' dir='ltr' id='par_1_39' title="bbox 438 2117 2009 2192">
     <span class='ocr_line' id='line_1_39' title="bbox 438 2117 2009 2192; baseline 0.004 -26"><span class='ocrx_word' id='word_1_242' title='bbox 438 2117 592 2169; x_wconf 87' lang='lat' dir='ltr'><strong>annis</strong></span> <span class='ocrx_word' id='word_1_243' title='bbox 630 2124 751 2183; x_wconf 90' lang='lat' dir='ltr'><strong>post</strong></span> <span class='ocrx_word' id='word_1_244' title='bbox 779 2117 1180 2185; x_wconf 84' lang='lat' dir='ltr'><strong>praecedentem</strong></span> <span class='ocrx_word' id='word_1_245' title='bbox 1209 2117 1486 2171; x_wconf 77' lang='lat' dir='ltr'><strong>convenit.</strong></span> <span class='ocrx_word' id='word_1_246' title='bbox 1525 2117 1588 2170; x_wconf 90' lang='lat' dir='ltr'><strong>Et</strong></span> <span class='ocrx_word' id='word_1_247' title='bbox 1621 2117 1737 2186; x_wconf 84' lang='lat' dir='ltr'><strong>ipsa</strong></span> <span class='ocrx_word' id='word_1_248' title='bbox 1793 2132 2009 2192; x_wconf 85' lang='lat' dir='ltr'><strong>quoque</strong></span> 
     </span>
    </p>
   </div>
   <div class='ocr_carea' id='block_1_40' title="bbox 2112 2103 3668 2192">
    <p class='ocr_par' dir='ltr' id='par_1_40' title="bbox 2112 2103 3668 2185">
     <span class='ocr_line' id='line_1_40' title="bbox 2112 2103 3668 2185; baseline 0.001 -20"><span class='ocrx_word' id='word_1_249' title='bbox 2112 2113 2308 2166; x_wconf 78' lang='grc' dir='ltr'>ἑκατὸν</span> <span class='ocrx_word' id='word_1_250' title='bbox 2346 2114 2581 2166; x_wconf 84' lang='grc' dir='ltr'>κατόπιν</span> <span class='ocrx_word' id='word_1_251' title='bbox 2616 2103 2717 2183; x_wconf 65' lang='grc' dir='ltr'><strong>τῆξ</strong></span> <span class='ocrx_word' id='word_1_252' title='bbox 2749 2114 3150 2183; x_wconf 88' lang='grc' dir='ltr'>προγεγονυίας</span> <span class='ocrx_word' id='word_1_253' title='bbox 3173 2115 3432 2178; x_wconf 79' lang='grc' dir='ltr'>ἐλθοῦσα,</span> <span class='ocrx_word' id='word_1_254' title='bbox 3468 2114 3562 2185; x_wconf 81' lang='grc' dir='ltr'>τὴν</span> <span class='ocrx_word' id='word_1_255' title='bbox 3584 2114 3668 2182; x_wconf 78' lang='grc' dir='ltr'><strong>βα-</strong></span> 
     </span>
    </p>
   </div>
   <div class='ocr_carea' id='block_1_41' title="bbox 439 2204 2009 2278">
    <p class='ocr_par' dir='ltr' id='par_1_41' title="bbox 439 2208 2009 2276">
     <span class='ocr_line' id='line_1_41' title="bbox 439 2208 2009 2276; baseline 0.004 -18"><span class='ocrx_word' id='word_1_256' title='bbox 439 2210 625 2259; x_wconf 77' lang='lat' dir='ltr'><strong>urbem</strong></span> <span class='ocrx_word' id='word_1_257' title='bbox 660 2208 1066 2276; x_wconf 89' lang='lat' dir='ltr'><strong>itnperatricem</strong></span> <span class='ocrx_word' id='word_1_258' title='bbox 1114 2218 1362 2262; x_wconf 88' lang='lat' dir='ltr'><strong>sanctum</strong></span> <span class='ocrx_word' id='word_1_259' title='bbox 1399 2209 1672 2263; x_wconf 88' lang='lat' dir='ltr'><strong>theatrum</strong></span> <span class='ocrx_word' id='word_1_260' title='bbox 1702 2211 2009 2264; x_wconf 83' lang='lat' dir='ltr'><strong>constituit.</strong></span> 
     </span>
    </p>
   </div>
   <div class='ocr_carea' id='block_1_42' title="bbox 2112 2204 3664 2278">
    <p class='ocr_par' dir='ltr' id='par_1_42' title="bbox 2113 2204 3664 2278">
     <span class='ocr_line' id='line_1_42' title="bbox 2113 2204 3664 2278; baseline 0.001 -21"><span class='ocrx_word' id='word_1_261' title='bbox 2113 2205 2291 2258; x_wconf 89' lang='grc' dir='ltr'>σιλίδα</span> <span class='ocrx_word' id='word_1_262' title='bbox 2347 2207 2444 2258; x_wconf 76' lang='grc' dir='ltr'>καὶ</span> <span class='ocrx_word' id='word_1_263' title='bbox 2505 2204 2644 2275; x_wconf 79' lang='grc' dir='ltr'>αὕτη</span> <span class='ocrx_word' id='word_1_264' title='bbox 2708 2206 2867 2258; x_wconf 75' lang='grc' dir='ltr'>πόλιν</span> <span class='ocrx_word' id='word_1_265' title='bbox 2905 2206 3052 2275; x_wconf 76' lang='grc' dir='ltr'>ἱερὸν</span> <span class='ocrx_word' id='word_1_266' title='bbox 3122 2207 3369 2278; x_wconf 80' lang='grc' dir='ltr'>ἐπήξατο</span> <span class='ocrx_word' id='word_1_267' title='bbox 3423 2207 3664 2276; x_wconf 79' lang='grc' dir='ltr'>θέατρον·</span> 
     </span>
    </p>
   </div>
   <div class='ocr_carea' id='block_1_43' title="bbox 441 2296 2009 2369">
    <p class='ocr_par' dir='ltr' id='par_1_43' title="bbox 441 2296 2009 2369">
     <span class='ocr_line' id='line_1_43' title="bbox 441 2296 2009 2369; baseline 0.005 -21"><span class='ocrx_word' id='word_1_268' title='bbox 441 2296 660 2352; x_wconf 83' lang='lat' dir='ltr'><strong>Divinos</strong></span> <span class='ocrx_word' id='word_1_269' title='bbox 693 2306 874 2356; x_wconf 83' lang='lat' dir='ltr'><strong>autem</strong></span> <span class='ocrx_word' id='word_1_270' title='bbox 905 2309 1122 2353; x_wconf 89' lang='lat' dir='ltr'><strong>centum</strong></span> <span class='ocrx_word' id='word_1_271' title='bbox 1154 2310 1496 2369; x_wconf 75' lang='lat' dir='ltr'><strong>septuaginta</strong></span> <span class='ocrx_word' id='word_1_272' title='bbox 1542 2299 1690 2356; x_wconf 90' lang='lat' dir='ltr'><strong>viros</strong></span> <span class='ocrx_word' id='word_1_273' title='bbox 1735 2303 1801 2355; x_wconf 91' lang='lat' dir='ltr'><strong>ad</strong></span> <span class='ocrx_word' id='word_1_274' title='bbox 1835 2311 2009 2356; x_wconf 83' lang='lat' dir='ltr'><strong>certa-</strong></span> 
     </span>
    </p>
   </div>
   <div class='ocr_carea' id='block_1_44' title="bbox 2112 2296 3668 2369">
    <p class='ocr_par' dir='ltr' id='par_1_44' title="bbox 2112 2296 3668 2369">
     <span class='ocr_line' id='line_1_44' title="bbox 2112 2296 3668 2369; baseline -0.002 -20"><span class='ocrx_word' id='word_1_275' title='bbox 2112 2296 2486 2366; x_wconf 80' lang='grc' dir='ltr'>ἐϐδομήκοντα</span> <span class='ocrx_word' id='word_1_276' title='bbox 2516 2297 2573 2350; x_wconf 73' lang='grc' dir='ltr'>δὲ</span> <span class='ocrx_word' id='word_1_277' title='bbox 2615 2300 2708 2351; x_wconf 78' lang='grc' dir='ltr'>καὶ</span> <span class='ocrx_word' id='word_1_278' title='bbox 2744 2297 2944 2350; x_wconf 77' lang='grc' dir='ltr'>ἑκατὸν</span> <span class='ocrx_word' id='word_1_279' title='bbox 2991 2297 3291 2368; x_wconf 83' lang='grc' dir='ltr'>Θεοφόρους</span> <span class='ocrx_word' id='word_1_280' title='bbox 3323 2300 3518 2369; x_wconf 72' lang='grc' dir='ltr'>ἄνδρας</span> <span class='ocrx_word' id='word_1_281' title='bbox 3547 2299 3668 2350; x_wconf 84' lang='grc' dir='ltr'>ἀπο.-</span> 
     </span>
    </p>
   </div>
   <div class='ocr_carea' id='block_1_45' title="bbox 441 2388 2009 2463">
    <p class='ocr_par' dir='ltr' id='par_1_45' title="bbox 441 2389 2006 2462">
     <span class='ocr_line' id='line_1_45' title="bbox 441 2389 2006 2462; baseline 0.008 -25"><span class='ocrx_word' id='word_1_282' title='bbox 441 2404 562 2440; x_wconf 89' lang='lat' dir='ltr'><strong>men</strong></span> <span class='ocrx_word' id='word_1_283' title='bbox 611 2389 891 2444; x_wconf 84' lang='lat' dir='ltr'><strong>accinctos</strong></span> <span class='ocrx_word' id='word_1_284' title='bbox 927 2391 1134 2446; x_wconf 86' lang='lat' dir='ltr'><strong>habens</strong></span> <span class='ocrx_word' id='word_1_285' title='bbox 1190 2391 1466 2446; x_wconf 84' lang='lat' dir='ltr'><strong>victricem</strong></span> <span class='ocrx_word' id='word_1_286' title='bbox 1527 2393 1688 2460; x_wconf 89' lang='lat' dir='ltr'><strong>plane</strong></span> <span class='ocrx_word' id='word_1_287' title='bbox 1749 2395 2006 2462; x_wconf 89' lang='lat' dir='ltr'><strong>pietatem</strong></span> 
     </span>
    </p>
   </div>
   <div class='ocr_carea' id='block_1_46' title="bbox 2112 2388 3667 2463">
    <p class='ocr_par' dir='ltr' id='par_1_46' title="bbox 2112 2388 3667 2463">
     <span class='ocr_line' id='line_1_46' title="bbox 2112 2388 3667 2463; baseline 0.001 -23"><span class='ocrx_word' id='word_1_288' title='bbox 2112 2388 2446 2458; x_wconf 87' lang='grc' dir='ltr'>δυσαμένους</span> <span class='ocrx_word' id='word_1_289' title='bbox 2474 2391 2680 2458; x_wconf 82' lang='grc' dir='ltr'>σχοῦσα</span> <span class='ocrx_word' id='word_1_290' title='bbox 2703 2391 2841 2457; x_wconf 76' lang='grc' dir='ltr'>πρὸς</span> <span class='ocrx_word' id='word_1_291' title='bbox 2862 2391 2954 2443; x_wconf 74' lang='grc' dir='ltr'><strong>τὸν</strong></span> <span class='ocrx_word' id='word_1_292' title='bbox 2975 2392 3187 2457; x_wconf 83' lang='grc' dir='ltr'>ἀγῶνα,</span> <span class='ocrx_word' id='word_1_293' title='bbox 3225 2393 3493 2463; x_wconf 82' lang='grc' dir='ltr'>λαμπρῶς</span> <span class='ocrx_word' id='word_1_294' title='bbox 3520 2389 3667 2443; x_wconf 87' lang='grc' dir='ltr'>νικῶ-</span> 
     </span>
    </p>
   </div>
   <div class='ocr_carea' id='block_1_47' title="bbox 437 2478 2009 2555">
    <p class='ocr_par' dir='ltr' id='par_1_47' title="bbox 437 2478 2009 2555">
     <span class='ocr_line' id='line_1_47' title="bbox 437 2478 2009 2555; baseline 0.008 -25"><span class='ocrx_word' id='word_1_295' title='bbox 437 2478 776 2542; x_wconf 88' lang='lat' dir='ltr'><strong>ostendebat,</strong></span> <span class='ocrx_word' id='word_1_296' title='bbox 809 2481 1018 2534; x_wconf 89' lang='lat' dir='ltr'><strong>decimo</strong></span> <span class='ocrx_word' id='word_1_297' title='bbox 1050 2484 1210 2537; x_wconf 93' lang='lat' dir='ltr'><strong>tertio</strong></span> <span class='ocrx_word' id='word_1_298' title='bbox 1253 2483 1598 2538; x_wconf 86' lang='lat' dir='ltr'><strong>Constantini</strong></span> <span class='ocrx_word' id='word_1_299' title='bbox 1628 2484 1888 2555; x_wconf 79' lang='lat' dir='ltr'><strong>Pogonati</strong></span> <span class='ocrx_word' id='word_1_300' title='bbox 1923 2489 2009 2541; x_wconf 92' lang='lat' dir='ltr'><strong>di-</strong></span> 
     </span>
    </p>
   </div>
   <div class='ocr_carea' id='block_1_48' title="bbox 2112 2478 3668 2555">
    <p class='ocr_par' dir='ltr' id='par_1_48' title="bbox 2112 2481 3668 2553">
     <span class='ocr_line' id='line_1_48' title="bbox 2112 2481 3668 2553; baseline 0.007 -22"><span class='ocrx_word' id='word_1_301' title='bbox 2112 2497 2212 2531; x_wconf 87' lang='grc' dir='ltr'><strong>σαν</strong></span> <span class='ocrx_word' id='word_1_302' title='bbox 2235 2481 2334 2550; x_wconf 80' lang='grc' dir='ltr'><strong>τήν</strong></span> <span class='ocrx_word' id='word_1_303' title='bbox 2361 2481 2642 2534; x_wconf 80' lang='grc' dir='ltr'>εύσέὸειαν</span> <span class='ocrx_word' id='word_1_304' title='bbox 2668 2482 2952 2536; x_wconf 77' lang='grc' dir='ltr'>ἐπεδείκνυ</span> <span class='ocrx_word' id='word_1_305' title='bbox 2983 2483 3094 2536; x_wconf 77' lang='grc' dir='ltr'>ἔτει</span> <span class='ocrx_word' id='word_1_306' title='bbox 3122 2485 3559 2553; x_wconf 81' lang='grc' dir='ltr'>τρισκαιδεκάτῳ</span> <span class='ocrx_word' id='word_1_307' title='bbox 3585 2481 3668 2548; x_wconf 81' lang='grc' dir='ltr'>τῆς</span> 
     </span>
    </p>
   </div>
   <div class='ocr_carea' id='block_1_49' title="bbox 437 2569 2009 2649">
    <p class='ocr_par' dir='ltr' id='par_1_49' title="bbox 437 2569 2009 2649">
     <span class='ocr_line' id='line_1_49' title="bbox 437 2569 2009 2649; baseline 0.011 -31"><span class='ocrx_word' id='word_1_308' title='bbox 437 2569 507 2622; x_wconf 75' lang='lat' dir='ltr'><strong>cli</strong></span> <span class='ocrx_word' id='word_1_309' title='bbox 543 2585 706 2623; x_wconf 88' lang='lat' dir='ltr'><strong>anno.</strong></span> <span class='ocrx_word' id='word_1_310' title='bbox 752 2570 920 2640; x_wconf 86' lang='lat' dir='ltr'><strong>Hujus</strong></span> <span class='ocrx_word' id='word_1_311' title='bbox 957 2573 1211 2640; x_wconf 65' lang='lat' dir='ltr'><strong>praesides</strong></span> <span class='ocrx_word' id='word_1_312' title='bbox 1267 2576 1526 2630; x_wconf 84' lang='lat' dir='ltr'><strong>declarati</strong></span> <span class='ocrx_word' id='word_1_313' title='bbox 1559 2588 1686 2631; x_wconf 89' lang='lat' dir='ltr'><strong>sunt</strong></span> <span class='ocrx_word' id='word_1_314' title='bbox 1742 2578 2009 2649; x_wconf 80' lang='lat' dir='ltr'><strong>Georgius</strong></span> 
     </span>
    </p>
   </div>
   <div class='ocr_carea' id='block_1_50' title="bbox 2112 2569 3664 2649">
    <p class='ocr_par' dir='ltr' id='par_1_50' title="bbox 2112 2572 3664 2644">
     <span class='ocr_line' id='line_1_50' title="bbox 2112 2572 3664 2644; baseline -0.002 -18"><span class='ocrx_word' id='word_1_315' title='bbox 2112 2572 2390 2641; x_wconf 78' lang='grc' dir='ltr'>βασιλείας</span> <span class='ocrx_word' id='word_1_316' title='bbox 2416 2573 2825 2626; x_wconf 79' lang='grc' dir='ltr'>Κωνσταντίνου</span> <span class='ocrx_word' id='word_1_317' title='bbox 2857 2574 2952 2626; x_wconf 81' lang='grc' dir='ltr'><strong>τοῦ</strong></span> <span class='ocrx_word' id='word_1_318' title='bbox 2984 2574 3294 2644; x_wconf 77' lang='grc' dir='ltr'>λεγομένου</span> <span class='ocrx_word' id='word_1_319' title='bbox 3329 2574 3664 2638; x_wconf 82' lang='grc' dir='ltr'>Πωγωνάτου.</span> 
     </span>
    </p>
   </div>
   <div class='ocr_carea' id='block_1_51' title="bbox 437 2659 2009 2741">
    <p class='ocr_par' dir='ltr' id='par_1_51' title="bbox 437 2659 2008 2741">
     <span class='ocr_line' id='line_1_51' title="bbox 437 2659 2008 2741; baseline 0.008 -29"><span class='ocrx_word' id='word_1_320' title='bbox 437 2659 1090 2731; x_wconf 85' lang='lat' dir='ltr'><strong>Constantinopolitauus,</strong></span> <span class='ocrx_word' id='word_1_321' title='bbox 1146 2674 1201 2719; x_wconf 92' lang='lat' dir='ltr'><strong>et</strong></span> <span class='ocrx_word' id='word_1_322' title='bbox 1259 2665 1600 2734; x_wconf 86' lang='lat' dir='ltr'><strong>Theodorus,</strong></span> <span class='ocrx_word' id='word_1_323' title='bbox 1635 2679 1690 2724; x_wconf 92' lang='lat' dir='ltr'><strong>et</strong></span> <span class='ocrx_word' id='word_1_324' title='bbox 1740 2671 2008 2741; x_wconf 79' lang='lat' dir='ltr'><strong>Georgius</strong></span> 
     </span>
    </p>
   </div>
   <div class='ocr_carea' id='block_1_52' title="bbox 2112 2659 3674 2741">
    <p class='ocr_par' dir='ltr' id='par_1_52' title="bbox 2112 2665 3674 2737">
     <span class='ocr_line' id='line_1_52' title="bbox 2112 2665 3674 2737; baseline 0.002 -19"><span class='ocrx_word' id='word_1_325' title='bbox 2112 2665 2330 2734; x_wconf 77' lang='grc' dir='ltr'>Ταύτης</span> <span class='ocrx_word' id='word_1_326' title='bbox 2348 2666 2585 2735; x_wconf 80' lang='grc' dir='ltr'>ἀρχηγοὶ</span> <span class='ocrx_word' id='word_1_327' title='bbox 2619 2666 2980 2735; x_wconf 81' lang='grc' dir='ltr'>ἐγνωρίζοντο</span> <span class='ocrx_word' id='word_1_328' title='bbox 3013 2667 3298 2737; x_wconf 80' lang='grc' dir='ltr'>Γεώργιός</span> <span class='ocrx_word' id='word_1_329' title='bbox 3321 2687 3381 2722; x_wconf 89' lang='grc' dir='ltr'><strong>τε</strong></span> <span class='ocrx_word' id='word_1_330' title='bbox 3407 2671 3674 2722; x_wconf 81' lang='grc' dir='ltr'>Κώνσταν-</span> 
     </span>
    </p>
   </div>
   <div class='ocr_carea' id='block_1_53' title="bbox 439 2752 2008 2822">
    <p class='ocr_par' dir='ltr' id='par_1_53' title="bbox 439 2752 2008 2822">
     <span class='ocr_line' id='line_1_53' title="bbox 439 2752 2008 2822; baseline 0.011 -21"><span class='ocrx_word' id='word_1_331' title='bbox 439 2752 739 2822; x_wconf 86' lang='lat' dir='ltr'><strong>presbyteri</strong></span> <span class='ocrx_word' id='word_1_332' title='bbox 770 2769 874 2808; x_wconf 90' lang='lat' dir='ltr'><strong>una</strong></span> <span class='ocrx_word' id='word_1_333' title='bbox 907 2770 1028 2809; x_wconf 91' lang='lat' dir='ltr'><strong>cum</strong></span> <span class='ocrx_word' id='word_1_334' title='bbox 1061 2755 1273 2813; x_wconf 86' lang='lat' dir='ltr'><strong>Joanne</strong></span> <span class='ocrx_word' id='word_1_335' title='bbox 1312 2758 1546 2815; x_wconf 81' lang='lat' dir='ltr'><strong>Diacono</strong></span> <span class='ocrx_word' id='word_1_336' title='bbox 1580 2760 1752 2816; x_wconf 91' lang='lat' dir='ltr'><strong>locum</strong></span> <span class='ocrx_word' id='word_1_337' title='bbox 1785 2779 2008 2818; x_wconf 84' lang='lat' dir='ltr'><strong>conser-</strong></span> 
     </span>
    </p>
   </div>
   <div class='ocr_carea' id='block_1_54' title="bbox 439 2845 2009 2920">
    <p class='ocr_par' dir='ltr' id='par_1_54' title="bbox 439 2845 2009 2920">
     <span class='ocr_line' id='line_1_54' title="bbox 439 2845 2009 2920; baseline 0.011 -29"><span class='ocrx_word' id='word_1_338' title='bbox 439 2852 625 2897; x_wconf 90' lang='lat' dir='ltr'><strong>vantes</strong></span> <span class='ocrx_word' id='word_1_339' title='bbox 679 2845 979 2914; x_wconf 75' lang='lat' dir='ltr'><strong>Agathonis</strong></span> <span class='ocrx_word' id='word_1_340' title='bbox 1009 2849 1338 2904; x_wconf 86' lang='lat' dir='ltr'><strong>sanctissimi</strong></span> <span class='ocrx_word' id='word_1_341' title='bbox 1378 2866 1528 2920; x_wconf 69' lang='lat' dir='ltr'><strong>papae</strong></span> <span class='ocrx_word' id='word_1_342' title='bbox 1558 2851 1787 2908; x_wconf 83' lang='lat' dir='ltr'><strong>Romani</strong></span> <span class='ocrx_word' id='word_1_343' title='bbox 1816 2871 1832 2920; x_wconf 92' lang='lat'><strong>;</strong></span> <span class='ocrx_word' id='word_1_344' title='bbox 1884 2857 2009 2910; x_wconf 85' lang='lat' dir='ltr'><strong>Ale-</strong></span> 
     </span>
    </p>
   </div>
   <div class='ocr_carea' id='block_1_55' title="bbox 438 2933 2006 3014">
    <p class='ocr_par' dir='ltr' id='par_1_55' title="bbox 438 2933 2006 3014">
     <span class='ocr_line' id='line_1_55' title="bbox 438 2933 2006 3014; baseline 0.011 -30"><span class='ocrx_word' id='word_1_345' title='bbox 438 2933 687 2987; x_wconf 75' lang='lat' dir='ltr'><strong>xandrini</strong></span> <span class='ocrx_word' id='word_1_346' title='bbox 710 2945 911 3002; x_wconf 86' lang='lat' dir='ltr'><strong>autem,</strong></span> <span class='ocrx_word' id='word_1_347' title='bbox 948 2937 1137 2992; x_wconf 84' lang='lat' dir='ltr'><strong>Petrus</strong></span> <span class='ocrx_word' id='word_1_348' title='bbox 1165 2942 1463 2997; x_wconf 75' lang='lat' dir='ltr'><strong>monachus</strong></span> <span class='ocrx_word' id='word_1_349' title='bbox 1488 2959 1502 3008; x_wconf 93' lang='lat'><strong>;</strong></span> <span class='ocrx_word' id='word_1_350' title='bbox 1530 2942 1795 3014; x_wconf 72' lang='lat' dir='ltr'><strong>Georgius</strong></span> <span class='ocrx_word' id='word_1_351' title='bbox 1825 2958 2006 3001; x_wconf 90' lang='lat' dir='ltr'><strong>autem</strong></span> 
     </span>
    </p>
   </div>
   <div class='ocr_carea' id='block_1_56' title="bbox 439 3025 2004 3100">
    <p class='ocr_par' dir='ltr' id='par_1_56' title="bbox 439 3025 2004 3100">
     <span class='ocr_line' id='line_1_56' title="bbox 439 3025 2004 3100; baseline 0.012 -27"><span class='ocrx_word' id='word_1_352' title='bbox 439 3025 734 3077; x_wconf 89' lang='lat' dir='ltr'><strong>monachus</strong></span> <span class='ocrx_word' id='word_1_353' title='bbox 771 3035 824 3078; x_wconf 89' lang='lat' dir='ltr'><strong>et</strong></span> <span class='ocrx_word' id='word_1_354' title='bbox 854 3030 1157 3098; x_wconf 85' lang='lat' dir='ltr'><strong>presbyter,</strong></span> <span class='ocrx_word' id='word_1_355' title='bbox 1194 3029 1694 3100; x_wconf 85' lang='lat' dir='ltr'><strong>Hierosolymitani.</strong></span> <span class='ocrx_word' id='word_1_356' title='bbox 1733 3035 1793 3089; x_wconf 88' lang='lat' dir='ltr'><strong>Hi</strong></span> <span class='ocrx_word' id='word_1_357' title='bbox 1826 3047 2004 3091; x_wconf 88' lang='lat' dir='ltr'><strong>autem</strong></span> 
     </span>
    </p>
   </div>
   <div class='ocr_carea' id='block_1_57' title="bbox 2108 2757 3672 2831">
    <p class='ocr_par' dir='ltr' id='par_1_57' title="bbox 2108 2757 3672 2831">
     <span class='ocr_line' id='line_1_57' title="bbox 2108 2757 3672 2831; baseline 0.001 -22"><span class='ocrx_word' id='word_1_358' title='bbox 2108 2757 2495 2822; x_wconf 77' lang='grc' dir='ltr'>τινουπόλεως,</span> <span class='ocrx_word' id='word_1_359' title='bbox 2537 2758 2632 2810; x_wconf 71' lang='grc' dir='ltr'>καὶ</span> <span class='ocrx_word' id='word_1_360' title='bbox 2661 2758 2936 2828; x_wconf 73' lang='grc' dir='ltr'>Θείῖδωρος</span> <span class='ocrx_word' id='word_1_361' title='bbox 2965 2759 3060 2811; x_wconf 69' lang='grc' dir='ltr'><strong>καὶ</strong></span> <span class='ocrx_word' id='word_1_362' title='bbox 3080 2759 3197 2811; x_wconf 89' lang='grc' dir='ltr'><strong>Γεώ</strong></span> <span class='ocrx_word' id='word_1_363' title='bbox 3217 2777 3369 2829; x_wconf 89' lang='grc' dir='ltr'>ργιος</span> <span class='ocrx_word' id='word_1_364' title='bbox 3396 2759 3672 2831; x_wconf 78' lang='grc' dir='ltr'>πρεσϐύτε-</span> 
     </span>
    </p>
   </div>
   <div class='ocr_carea' id='block_1_58' title="bbox 2113 2849 3666 2922">
    <p class='ocr_par' dir='ltr' id='par_1_58' title="bbox 2113 2849 3666 2922">
     <span class='ocr_line' id='line_1_58' title="bbox 2113 2849 3666 2922; baseline 0.003 -22"><span class='ocrx_word' id='word_1_365' title='bbox 2113 2864 2215 2916; x_wconf 88' lang='grc' dir='ltr'>ροι,</span> <span class='ocrx_word' id='word_1_366' title='bbox 2248 2849 2364 2915; x_wconf 75' lang='grc' dir='ltr'>ἅμα</span> <span class='ocrx_word' id='word_1_367' title='bbox 2403 2849 2625 2918; x_wconf 73' lang='grc' dir='ltr'>Ἰωάννῃ</span> <span class='ocrx_word' id='word_1_368' title='bbox 2649 2849 2888 2921; x_wconf 86' lang='grc' dir='ltr'>διακόνῳ</span> <span class='ocrx_word' id='word_1_369' title='bbox 2911 2852 3003 2904; x_wconf 82' lang='grc' dir='ltr'>τὸν</span> <span class='ocrx_word' id='word_1_370' title='bbox 3041 2851 3219 2903; x_wconf 76' lang='grc' dir='ltr'>τόπον-</span> <span class='ocrx_word' id='word_1_371' title='bbox 3250 2851 3666 2922; x_wconf 81' lang='grc' dir='ltr'>ἀναπληροῦντες</span> 
     </span>
    </p>
   </div>
   <div class='ocr_carea' id='block_1_59' title="bbox 2121 2939 3664 3014">
    <p class='ocr_par' dir='ltr' id='par_1_59' title="bbox 2121 2939 3664 3014">
     <span class='ocr_line' id='line_1_59' title="bbox 2121 2939 3664 3014; baseline 0.001 -21"><span class='ocrx_word' id='word_1_372' title='bbox 2121 2939 2428 3007; x_wconf 79' lang='grc' dir='ltr'>Ἀγάθωνος</span> <span class='ocrx_word' id='word_1_373' title='bbox 2460 2940 2552 2992; x_wconf 85' lang='grc' dir='ltr'><strong>τοῦ</strong></span> <span class='ocrx_word' id='word_1_374' title='bbox 2586 2941 2892 3007; x_wconf 79' lang='grc' dir='ltr'>ἁγιωτάτου</span> <span class='ocrx_word' id='word_1_375' title='bbox 2947 2944 3153 2997; x_wconf 74' lang='grc' dir='ltr'>πάππα</span> <span class='ocrx_word' id='word_1_376' title='bbox 3194 2943 3420 3014; x_wconf 80' lang='grc' dir='ltr'>Ῥώμης</span> <span class='ocrx_word' id='word_1_377' title='bbox 3442 2963 3455 2977; x_wconf 77' lang='grc' dir='ltr'><strong><em>ο</em></strong></span> <span class='ocrx_word' id='word_1_378' title='bbox 3497 2945 3583 2997; x_wconf 85' lang='grc' dir='ltr'><strong>τοῦ</strong></span> <span class='ocrx_word' id='word_1_379' title='bbox 3615 2941 3664 3003; x_wconf 66' lang='grc' dir='ltr'>δὲ</span> 
     </span>
    </p>
   </div>
   <div class='ocr_carea' id='block_1_60' title="bbox 2123 3029 3660 3106">
    <p class='ocr_par' dir='ltr' id='par_1_60' title="bbox 2123 3029 3660 3106">
     <span class='ocr_line' id='line_1_60' title="bbox 2123 3029 3660 3106; baseline 0.002 -23"><span class='ocrx_word' id='word_1_380' title='bbox 2123 3029 2537 3102; x_wconf 81' lang='grc' dir='ltr'>Ἀλεξανδρείας</span> <span class='ocrx_word' id='word_1_381' title='bbox 2559 3033 2765 3102; x_wconf 84' lang='grc' dir='ltr'>Πέτρος</span> <span class='ocrx_word' id='word_1_382' title='bbox 2789 3038 3024 3104; x_wconf 75' lang='grc' dir='ltr'>μοναχδς</span> <span class='ocrx_word' id='word_1_383' title='bbox 3051 3034 3357 3106; x_wconf 76' lang='grc' dir='ltr'>ἐξεπλήρου</span> <span class='ocrx_word' id='word_1_384' title='bbox 3379 3035 3467 3089; x_wconf 86' lang='grc' dir='ltr'><strong>τδν</strong></span> <span class='ocrx_word' id='word_1_385' title='bbox 3496 3036 3660 3089; x_wconf 74' lang='grc' dir='ltr'>τόπον·</span> 
     </span>
    </p>
   </div>
   <div class='ocr_carea' id='block_1_61' title="bbox 434 3113 2009 3198">
    <p class='ocr_par' dir='ltr' id='par_1_61' title="bbox 434 3113 2009 3194">
     <span class='ocr_line' id='line_1_61' title="bbox 434 3113 2009 3194; baseline 0.011 -29"><span class='ocrx_word' id='word_1_386' title='bbox 434 3113 710 3184; x_wconf 72' lang='lat' dir='ltr'><strong>Sergium,</strong></span> <span class='ocrx_word' id='word_1_387' title='bbox 729 3116 1274 3188; x_wconf 85' lang='lat' dir='ltr'><strong>Pyrrhum,Pau|um,</strong></span> <span class='ocrx_word' id='word_1_388' title='bbox 1293 3123 1507 3178; x_wconf 86' lang='lat' dir='ltr'><strong>Petrum</strong></span> <span class='ocrx_word' id='word_1_389' title='bbox 1530 3125 1729 3194; x_wconf 87' lang='lat' dir='ltr'><strong>impios</strong></span> <span class='ocrx_word' id='word_1_390' title='bbox 1741 3126 2009 3182; x_wconf 78' lang='lat' dir='ltr'><strong>ConSIan—</strong></span> 
     </span>
    </p>
   </div>
   <div class='ocr_carea' id='block_1_62' title="bbox 2112 3113 3666 3198">
    <p class='ocr_par' dir='ltr' id='par_1_62' title="bbox 2115 3121 3666 3198">
     <span class='ocr_line' id='line_1_62' title="bbox 2115 3121 3666 3198; baseline 0.007 -25"><span class='ocrx_word' id='word_1_391' title='bbox 2115 3121 2388 3191; x_wconf 88' lang='grc' dir='ltr'>Γεώργιος</span> <span class='ocrx_word' id='word_1_392' title='bbox 2411 3123 2466 3175; x_wconf 89' lang='grc' dir='ltr'><strong>δέ</strong></span> <span class='ocrx_word' id='word_1_393' title='bbox 2503 3126 2736 3194; x_wconf 83' lang='grc' dir='ltr'>μοναχὸς</span> <span class='ocrx_word' id='word_1_394' title='bbox 2761 3129 2855 3181; x_wconf 73' lang='grc' dir='ltr'>καὶ</span> <span class='ocrx_word' id='word_1_395' title='bbox 2888 3127 3294 3198; x_wconf 79' lang='grc' dir='ltr'>πρεσόύτερος,</span> <span class='ocrx_word' id='word_1_396' title='bbox 3331 3129 3421 3182; x_wconf 90' lang='grc' dir='ltr'><strong>τοῦ</strong></span> <span class='ocrx_word' id='word_1_397' title='bbox 3462 3128 3666 3196; x_wconf 74' lang='grc' dir='ltr'>Ἰεροσα-</span> 
     </span>
    </p>
   </div>
   <div class='ocr_carea' id='block_1_63' title="bbox 383 3206 2013 3280">
    <p class='ocr_par' dir='ltr' id='par_1_63' title="bbox 383 3206 2013 3280">
     <span class='ocr_line' id='line_1_63' title="bbox 383 3206 2013 3280; baseline 0.013 -26"><span class='ocrx_word' id='word_1_398' title='bbox 383 3213 388 3222; x_wconf 82' lang='grc'><strong>’</strong></span> <span class='ocrx_word' id='word_1_399' title='bbox 442 3206 698 3272; x_wconf 86' lang='lat' dir='ltr'><strong>tinopolis</strong></span> <span class='ocrx_word' id='word_1_400' title='bbox 720 3213 995 3275; x_wconf 67' lang='lat' dir='ltr'><strong>praesules,</strong></span> <span class='ocrx_word' id='word_1_401' title='bbox 1027 3220 1289 3280; x_wconf 65' lang='lat' dir='ltr'><strong>prmterea</strong></span> <span class='ocrx_word' id='word_1_402' title='bbox 1311 3224 1491 3270; x_wconf 89' lang='lat' dir='ltr'><strong>autem</strong></span> <span class='ocrx_word' id='word_1_403' title='bbox 1517 3225 1570 3269; x_wconf 87' lang='lat' dir='ltr'><strong>et</strong></span> <span class='ocrx_word' id='word_1_404' title='bbox 1593 3219 1888 3272; x_wconf 81' lang='lat' dir='ltr'><strong>Honorium</strong></span> <span class='ocrx_word' id='word_1_405' title='bbox 1907 3220 2013 3275; x_wconf 76' lang='lat' dir='ltr'><strong>lio-</strong></span> 
     </span>
    </p>
   </div>
   <div class='ocr_carea' id='block_1_64' title="bbox 441 3299 2011 3371">
    <p class='ocr_par' dir='ltr' id='par_1_64' title="bbox 441 3299 2011 3371">
     <span class='ocr_line' id='line_1_64' title="bbox 441 3299 2011 3371; baseline 0.014 -25"><span class='ocrx_word' id='word_1_406' title='bbox 441 3309 681 3362; x_wconf 89' lang='lat' dir='ltr'><strong>manutu,</strong></span> <span class='ocrx_word' id='word_1_407' title='bbox 707 3299 903 3368; x_wconf 87' lang='lat' dir='ltr'><strong>Cyrum</strong></span> <span class='ocrx_word' id='word_1_408' title='bbox 927 3301 1377 3371; x_wconf 79' lang='lat' dir='ltr'><strong>Alexandrinum,</strong></span> <span class='ocrx_word' id='word_1_409' title='bbox 1397 3305 1693 3364; x_wconf 73' lang='lat' dir='ltr'><strong>Macariuib</strong></span> <span class='ocrx_word' id='word_1_410' title='bbox 1717 3311 2011 3367; x_wconf 82' lang='lat' dir='ltr'><strong>Antioche-</strong></span> 
     </span>
    </p>
   </div>
   <div class='ocr_carea' id='block_1_65' title="bbox 441 3387 2012 3472">
    <p class='ocr_par' dir='ltr' id='par_1_65' title="bbox 441 3387 2012 3472">
     <span class='ocr_line' id='line_1_65' title="bbox 441 3387 2012 3472; baseline 0.012 -36"><span class='ocrx_word' id='word_1_411' title='bbox 441 3401 589 3452; x_wconf 89' lang='lat' dir='ltr'><strong>num,</strong></span> <span class='ocrx_word' id='word_1_412' title='bbox 625 3387 971 3445; x_wconf 84' lang='lat' dir='ltr'><strong>Theodorum</strong></span> <span class='ocrx_word' id='word_1_413' title='bbox 1009 3393 1364 3462; x_wconf 84' lang='lat' dir='ltr'><strong>Phareusem,</strong></span> <span class='ocrx_word' id='word_1_414' title='bbox 1395 3398 1726 3466; x_wconf 81' lang='lat' dir='ltr'><strong>Stephanum</strong></span> <span class='ocrx_word' id='word_1_415' title='bbox 1768 3411 1823 3455; x_wconf 88' lang='lat' dir='ltr'><strong>et</strong></span> <span class='ocrx_word' id='word_1_416' title='bbox 1853 3402 2012 3472; x_wconf 91' lang='lat' dir='ltr'><strong>Poly-</strong></span> 
     </span>
    </p>
   </div>
   <div class='ocr_carea' id='block_1_66' title="bbox 439 3479 2012 3564">
    <p class='ocr_par' dir='ltr' id='par_1_66' title="bbox 439 3479 2012 3564">
     <span class='ocr_line' id='line_1_66' title="bbox 439 3479 2012 3564; baseline 0.015 -38"><span class='ocrx_word' id='word_1_417' title='bbox 439 3479 724 3533; x_wconf 72' lang='lat' dir='ltr'><strong>rhronium</strong></span> <span class='ocrx_word' id='word_1_418' title='bbox 761 3486 1122 3542; x_wconf 79' lang='lat' dir='ltr'><strong>anathematis</strong></span> <span class='ocrx_word' id='word_1_419' title='bbox 1159 3490 1424 3556; x_wconf 85' lang='lat' dir='ltr'><strong>supplicio</strong></span> <span class='ocrx_word' id='word_1_420' title='bbox 1477 3492 1853 3559; x_wconf 88' lang='lat' dir='ltr'><strong>subjiciebant,</strong></span> <span class='ocrx_word' id='word_1_421' title='bbox 1888 3510 2012 3564; x_wconf 88' lang='lat' dir='ltr'><strong>pro-</strong></span> 
     </span>
    </p>
   </div>
   <div class='ocr_carea' id='block_1_67' title="bbox 441 3573 2011 3652">
    <p class='ocr_par' dir='ltr' id='par_1_67' title="bbox 441 3573 2011 3652">
     <span class='ocr_line' id='line_1_67' title="bbox 441 3573 2011 3652; baseline 0.015 -35"><span class='ocrx_word' id='word_1_422' title='bbox 441 3581 622 3634; x_wconf 80' lang='lat' dir='ltr'><strong>pterea</strong></span> <span class='ocrx_word' id='word_1_423' title='bbox 646 3573 790 3640; x_wconf 89' lang='lat' dir='ltr'><strong>quod</strong></span> <span class='ocrx_word' id='word_1_424' title='bbox 825 3577 1106 3645; x_wconf 78' lang='lat' dir='ltr'><strong>immiuum</strong></span> <span class='ocrx_word' id='word_1_425' title='bbox 1142 3593 1386 3634; x_wconf 84' lang='lat' dir='ltr'><strong>nostrum</strong></span> <span class='ocrx_word' id='word_1_426' title='bbox 1410 3585 1572 3637; x_wconf 91' lang='lat' dir='ltr'><strong>etiam</strong></span> <span class='ocrx_word' id='word_1_427' title='bbox 1606 3597 1728 3652; x_wconf 91' lang='lat' dir='ltr'><strong>post</strong></span> <span class='ocrx_word' id='word_1_428' title='bbox 1759 3587 2011 3640; x_wconf 87' lang='lat' dir='ltr'><strong>incarna-</strong></span> 
     </span>
    </p>
   </div>
   <div class='ocr_carea' id='block_1_68' title="bbox 441 3662 2012 3747">
    <p class='ocr_par' dir='ltr' id='par_1_68' title="bbox 441 3662 2012 3747">
     <span class='ocr_line' id='line_1_68' title="bbox 441 3662 2012 3747; baseline 0.017 -39"><span class='ocrx_word' id='word_1_429' title='bbox 441 3662 638 3716; x_wconf 76' lang='lat' dir='ltr'><strong>liODCIII</strong></span> <span class='ocrx_word' id='word_1_430' title='bbox 669 3681 828 3720; x_wconf 88' lang='lat' dir='ltr'><strong>unam</strong></span> <span class='ocrx_word' id='word_1_431' title='bbox 855 3670 1052 3723; x_wconf 88' lang='lat' dir='ltr'><strong>habere</strong></span> <span class='ocrx_word' id='word_1_432' title='bbox 1083 3674 1413 3728; x_wconf 85' lang='lat' dir='ltr'><strong>voluntatem</strong></span> <span class='ocrx_word' id='word_1_433' title='bbox 1465 3688 1518 3729; x_wconf 89' lang='lat' dir='ltr'><strong>et</strong></span> <span class='ocrx_word' id='word_1_434' title='bbox 1541 3692 1702 3730; x_wconf 91' lang='lat' dir='ltr'><strong>unam</strong></span> <span class='ocrx_word' id='word_1_435' title='bbox 1734 3681 2012 3747; x_wconf 86' lang='lat' dir='ltr'><strong>operatio-</strong></span> 
     </span>
    </p>
   </div>
   <div class='ocr_carea' id='block_1_69' title="bbox 441 3755 2008 3837">
    <p class='ocr_par' dir='ltr' id='par_1_69' title="bbox 441 3755 2008 3837">
     <span class='ocr_line' id='line_1_69' title="bbox 441 3755 2008 3837; baseline 0.016 -34"><span class='ocrx_word' id='word_1_436' title='bbox 441 3769 558 3804; x_wconf 84' lang='lat' dir='ltr'><strong>nem</strong></span> <span class='ocrx_word' id='word_1_437' title='bbox 586 3755 989 3820; x_wconf 63' lang='lat' dir='ltr'><strong>pradicasscnt.</strong></span> <span class='ocrx_word' id='word_1_438' title='bbox 1017 3759 1184 3830; x_wconf 90' lang='lat' dir='ltr'><strong>llujns</strong></span> <span class='ocrx_word' id='word_1_439' title='bbox 1213 3773 1394 3818; x_wconf 79' lang='lat' dir='ltr'><strong>autem</strong></span> <span class='ocrx_word' id='word_1_440' title='bbox 1430 3769 1622 3837; x_wconf 84' lang='lat' dir='ltr'><strong>synodi</strong></span> <span class='ocrx_word' id='word_1_441' title='bbox 1659 3767 1850 3826; x_wconf 85' lang='lat' dir='ltr'><strong>Patres</strong></span> <span class='ocrx_word' id='word_1_442' title='bbox 1874 3772 2008 3828; x_wconf 91' lang='lat' dir='ltr'><strong>duas</strong></span> 
     </span>
    </p>
   </div>
   <div class='ocr_carea' id='block_1_70' title="bbox 441 3845 2009 3918">
    <p class='ocr_par' dir='ltr' id='par_1_70' title="bbox 441 3845 2009 3918">
     <span class='ocr_line' id='line_1_70' title="bbox 441 3845 2009 3918; baseline 0.015 -24"><span class='ocrx_word' id='word_1_443' title='bbox 441 3845 585 3896; x_wconf 84' lang='lat' dir='ltr'><strong>illum</strong></span> <span class='ocrx_word' id='word_1_444' title='bbox 619 3854 741 3911; x_wconf 90' lang='lat' dir='ltr'><strong>post</strong></span> <span class='ocrx_word' id='word_1_445' title='bbox 763 3849 1190 3905; x_wconf 86' lang='lat' dir='ltr'><strong>incarnationem</strong></span> <span class='ocrx_word' id='word_1_446' title='bbox 1224 3857 1498 3912; x_wconf 89' lang='lat' dir='ltr'><strong>naturales</strong></span> <span class='ocrx_word' id='word_1_447' title='bbox 1526 3861 1726 3915; x_wconf 88' lang='lat' dir='ltr'><strong>habere</strong></span> <span class='ocrx_word' id='word_1_448' title='bbox 1756 3863 2009 3918; x_wconf 83' lang='lat' dir='ltr'><strong>volunta-</strong></span> 
     </span>
    </p>
   </div>
   <div class='ocr_carea' id='block_1_71' title="bbox 442 3936 2009 4021">
    <p class='ocr_par' dir='ltr' id='par_1_71' title="bbox 442 3936 2009 4021">
     <span class='ocr_line' id='line_1_71' title="bbox 442 3936 2009 4021; baseline 0.018 -37"><span class='ocrx_word' id='word_1_449' title='bbox 442 3944 543 3996; x_wconf 68' lang='lat' dir='ltr'><strong>tes,</strong></span> <span class='ocrx_word' id='word_1_450' title='bbox 576 3945 629 3987; x_wconf 90' lang='lat' dir='ltr'><strong>et</strong></span> <span class='ocrx_word' id='word_1_451' title='bbox 653 3936 789 3991; x_wconf 80' lang='lat' dir='ltr'><strong>duas</strong></span> <span class='ocrx_word' id='word_1_452' title='bbox 823 3939 1074 3996; x_wconf 88' lang='lat' dir='ltr'><strong>similiter</strong></span> <span class='ocrx_word' id='word_1_453' title='bbox 1103 3949 1448 4012; x_wconf 87' lang='lat' dir='ltr'><strong>operatioues</strong></span> <span class='ocrx_word' id='word_1_454' title='bbox 1485 3956 1929 4021; x_wconf 87' lang='lat' dir='ltr'><strong>pronuntiarunt,</strong></span> <span class='ocrx_word' id='word_1_455' title='bbox 1955 3965 2009 4012; x_wconf 92' lang='lat' dir='ltr'><strong>et</strong></span> 
     </span>
    </p>
   </div>
   <div class='ocr_carea' id='block_1_72' title="bbox 439 4024 2007 4118">
    <p class='ocr_par' dir='ltr' id='par_1_72' title="bbox 439 4024 2007 4118">
     <span class='ocr_line' id='line_1_72' title="bbox 439 4024 2007 4118; baseline 0.017 -41"><span class='ocrx_word' id='word_1_456' title='bbox 439 4024 852 4092; x_wconf 85' lang='lat' dir='ltr'><strong>confirmarunt,</strong></span> <span class='ocrx_word' id='word_1_457' title='bbox 869 4047 974 4086; x_wconf 86' lang='lat' dir='ltr'><strong>non</strong></span> <span class='ocrx_word' id='word_1_458' title='bbox 994 4036 1045 4088; x_wconf 89' lang='lat' dir='ltr'><strong>in</strong></span> <span class='ocrx_word' id='word_1_459' title='bbox 1065 4053 1418 4105; x_wconf 86' lang='lat' dir='ltr'><strong>personarum</strong></span> <span class='ocrx_word' id='word_1_460' title='bbox 1440 4043 1727 4109; x_wconf 78' lang='lat' dir='ltr'><strong>divisione,</strong></span> <span class='ocrx_word' id='word_1_461' title='bbox 1749 4049 1841 4102; x_wconf 91' lang='lat' dir='ltr'><strong>sed</strong></span> <span class='ocrx_word' id='word_1_462' title='bbox 1863 4049 2007 4118; x_wconf 91' lang='lat' dir='ltr'><strong>quod</strong></span> 
     </span>
    </p>
   </div>
   <div class='ocr_carea' id='block_1_73' title="bbox 441 4121 2009 4204">
    <p class='ocr_par' dir='ltr' id='par_1_73' title="bbox 441 4121 2009 4204">
     <span class='ocr_line' id='line_1_73' title="bbox 441 4121 2009 4204; baseline 0.018 -35"><span class='ocrx_word' id='word_1_463' title='bbox 441 4130 632 4172; x_wconf 90' lang='lat' dir='ltr'><strong>neutra</strong></span> <span class='ocrx_word' id='word_1_464' title='bbox 659 4121 884 4176; x_wconf 87' lang='lat' dir='ltr'><strong>duarum</strong></span> <span class='ocrx_word' id='word_1_465' title='bbox 909 4125 960 4204; x_wconf 85' lang='lat' dir='ltr'><strong>iu</strong></span> <span class='ocrx_word' id='word_1_466' title='bbox 992 4127 1208 4184; x_wconf 80' lang='lat' dir='ltr'><strong>Christo</strong></span> <span class='ocrx_word' id='word_1_467' title='bbox 1234 4141 1550 4188; x_wconf 84' lang='lat' dir='ltr'><strong>naturarum</strong></span> <span class='ocrx_word' id='word_1_468' title='bbox 1579 4139 1699 4194; x_wconf 90' lang='lat' dir='ltr'><strong>sine</strong></span> <span class='ocrx_word' id='word_1_469' title='bbox 1733 4141 2009 4198; x_wconf 88' lang='lat' dir='ltr'><strong>voluntate</strong></span> 
     </span>
    </p>
   </div>
   <div class='ocr_carea' id='block_1_74' title="bbox 441 4215 2008 4288">
    <p class='ocr_par' dir='ltr' id='par_1_74' title="bbox 441 4215 2008 4288">
     <span class='ocr_line' id='line_1_74' title="bbox 441 4215 2008 4288; baseline 0.019 -28"><span class='ocrx_word' id='word_1_470' title='bbox 441 4219 579 4276; x_wconf 88' lang='lat' dir='ltr'><strong>erat,</strong></span> <span class='ocrx_word' id='word_1_471' title='bbox 608 4221 698 4266; x_wconf 89' lang='lat' dir='ltr'><strong>aut</strong></span> <span class='ocrx_word' id='word_1_472' title='bbox 726 4215 842 4268; x_wconf 88' lang='lat' dir='ltr'><strong>sine</strong></span> <span class='ocrx_word' id='word_1_473' title='bbox 869 4222 1226 4287; x_wconf 87' lang='lat' dir='ltr'><strong>operatione:</strong></span> <span class='ocrx_word' id='word_1_474' title='bbox 1260 4240 1330 4279; x_wconf 88' lang='lat' dir='ltr'><strong>ne</strong></span> <span class='ocrx_word' id='word_1_475' title='bbox 1365 4228 1593 4284; x_wconf 89' lang='lat' dir='ltr'><strong>sublatis</strong></span> <span class='ocrx_word' id='word_1_476' title='bbox 1631 4231 1749 4286; x_wconf 89' lang='lat' dir='ltr'><strong>istis</strong></span> <span class='ocrx_word' id='word_1_477' title='bbox 1804 4235 2008 4288; x_wconf 56' lang='lat' dir='ltr'><strong>utrius-</strong></span> 
     </span>
    </p>
   </div>
   <div class='ocr_carea' id='block_1_75' title="bbox 441 4312 2005 4388">
    <p class='ocr_par' dir='ltr' id='par_1_75' title="bbox 441 4312 2005 4388">
     <span class='ocr_line' id='line_1_75' title="bbox 441 4312 2005 4388; baseline 0.017 -35"><span class='ocrx_word' id='word_1_478' title='bbox 441 4318 544 4366; x_wconf 90' lang='lat' dir='ltr'><strong>que</strong></span> <span class='ocrx_word' id='word_1_479' title='bbox 607 4314 814 4358; x_wconf 74' lang='lat' dir='ltr'><strong>natura:</strong></span> <span class='ocrx_word' id='word_1_480' title='bbox 865 4312 1306 4380; x_wconf 84' lang='lat' dir='ltr'><strong>proprietatibus,</strong></span> <span class='ocrx_word' id='word_1_481' title='bbox 1370 4321 1690 4388; x_wconf 86' lang='lat' dir='ltr'><strong>operatione</strong></span> <span class='ocrx_word' id='word_1_482' title='bbox 1748 4323 2005 4379; x_wconf 89' lang='lat' dir='ltr'><strong>nimirum</strong></span> 
     </span>
    </p>
   </div>
   <div class='ocr_carea' id='block_1_76' title="bbox 440 4394 2007 4482">
    <p class='ocr_par' dir='ltr' id='par_1_76' title="bbox 440 4394 2007 4482">
     <span class='ocr_line' id='line_1_76' title="bbox 440 4394 2007 4482; baseline 0.018 -39"><span class='ocrx_word' id='word_1_483' title='bbox 440 4400 498 4446; x_wconf 89' lang='lat' dir='ltr'><strong>et</strong></span> <span class='ocrx_word' id='word_1_484' title='bbox 551 4394 852 4462; x_wconf 72' lang='lat' dir='ltr'><strong>voluntate,</strong></span> <span class='ocrx_word' id='word_1_485' title='bbox 884 4399 1014 4466; x_wconf 66' lang='lat' dir='ltr'><strong>ipsa!</strong></span> <span class='ocrx_word' id='word_1_486' title='bbox 1068 4418 1284 4474; x_wconf 92' lang='lat' dir='ltr'><strong>quoque</strong></span> <span class='ocrx_word' id='word_1_487' title='bbox 1340 4420 1571 4477; x_wconf 54' lang='lat' dir='ltr'><strong>natura,</strong></span> <span class='ocrx_word' id='word_1_488' title='bbox 1605 4429 1835 4482; x_wconf 85' lang='lat' dir='ltr'><strong>quarum</strong></span> <span class='ocrx_word' id='word_1_489' title='bbox 1877 4426 2007 4472; x_wconf 90' lang='lat' dir='ltr'><strong>sunt</strong></span> 
     </span>
    </p>
   </div>
   <div class='ocr_carea' id='block_1_77' title="bbox 444 4488 1561 4558">
    <p class='ocr_par' dir='ltr' id='par_1_77' title="bbox 444 4488 1561 4558">
     <span class='ocr_line' id='line_1_77' title="bbox 444 4488 1561 4558; baseline 0.024 -27"><span class='ocrx_word' id='word_1_490' title='bbox 444 4488 818 4553; x_wconf 75' lang='lat' dir='ltr'><strong>proprietates,</strong></span> <span class='ocrx_word' id='word_1_491' title='bbox 855 4504 960 4544; x_wconf 88' lang='lat' dir='ltr'><strong>una</strong></span> <span class='ocrx_word' id='word_1_492' title='bbox 999 4493 1200 4550; x_wconf 86' lang='lat' dir='ltr'><strong>auferri</strong></span> <span class='ocrx_word' id='word_1_493' title='bbox 1235 4499 1561 4558; x_wconf 88' lang='lat' dir='ltr'><strong>viderentur.</strong></span> 
     </span>
    </p>
   </div>
   <div class='ocr_carea' id='block_1_78' title="bbox 443 4791 2004 4877">
    <p class='ocr_par' dir='ltr' id='par_1_78' title="bbox 443 4791 2004 4877">
     <span class='ocr_line' id='line_1_78' title="bbox 443 4791 2004 4877; baseline 0.01 -32"><span class='ocrx_word' id='word_1_494' title='bbox 443 4791 608 4847; x_wconf 69' lang='lat' dir='ltr'><strong>XVII.</strong></span> <span class='ocrx_word' id='word_1_495' title='bbox 667 4792 744 4846; x_wconf 83' lang='lat' dir='ltr'><strong>De</strong></span> <span class='ocrx_word' id='word_1_496' title='bbox 800 4806 985 4850; x_wconf 82' lang='lat' dir='ltr'><strong>sancta</strong></span> <span class='ocrx_word' id='word_1_497' title='bbox 1021 4808 1069 4852; x_wconf 77' lang='lat' dir='ltr'><strong>et</strong></span> <span class='ocrx_word' id='word_1_498' title='bbox 1096 4806 1411 4858; x_wconf 72' lang='lat' dir='ltr'><strong>mcumeuica</strong></span> <span class='ocrx_word' id='word_1_499' title='bbox 1463 4808 1750 4876; x_wconf 70' lang='lat' dir='ltr'><strong>quiuisexla</strong></span> <span class='ocrx_word' id='word_1_500' title='bbox 1782 4811 2004 4877; x_wconf 83' lang='lat' dir='ltr'><strong>synodo.</strong></span> 
     </span>
    </p>
   </div>
   <div class='ocr_carea' id='block_1_79' title="bbox 514 4953 2008 5031">
    <p class='ocr_par' dir='ltr' id='par_1_79' title="bbox 514 4953 2008 5031">
     <span class='ocr_line' id='line_1_79' title="bbox 514 4953 2008 5031; baseline 0.009 -23"><span class='ocrx_word' id='word_1_501' title='bbox 514 4953 779 5008; x_wconf 64' lang='lat' dir='ltr'><strong>Cancrum</strong></span> <span class='ocrx_word' id='word_1_502' title='bbox 812 4965 866 5010; x_wconf 89' lang='lat' dir='ltr'><strong>et</strong></span> <span class='ocrx_word' id='word_1_503' title='bbox 895 4954 1198 5013; x_wconf 86' lang='lat' dir='ltr'><strong>Justiniano</strong></span> <span class='ocrx_word' id='word_1_504' title='bbox 1235 4965 1491 5031; x_wconf 88' lang='lat' dir='ltr'><strong>secundo,</strong></span> <span class='ocrx_word' id='word_1_505' title='bbox 1524 4965 1874 5022; x_wconf 82' lang='lat' dir='ltr'><strong>libiuotmeto</strong></span> <span class='ocrx_word' id='word_1_506' title='bbox 1928 4969 2008 5022; x_wconf 84' lang='lat' dir='ltr'><strong>vi-</strong></span> 
     </span>
    </p>
   </div>
   <div class='ocr_carea' id='block_1_80' title="bbox 444 5047 2009 5130">
    <p class='ocr_par' dir='ltr' id='par_1_80' title="bbox 444 5047 2009 5130">
     <span class='ocr_line' id='line_1_80' title="bbox 444 5047 2009 5130; baseline 0.01 -31"><span class='ocrx_word' id='word_1_507' title='bbox 444 5047 660 5111; x_wconf 73' lang='lat' dir='ltr'><strong>delicet,</strong></span> <span class='ocrx_word' id='word_1_508' title='bbox 693 5049 784 5117; x_wconf 93' lang='lat' dir='ltr'><strong>qui</strong></span> <span class='ocrx_word' id='word_1_509' title='bbox 825 5049 1168 5106; x_wconf 89' lang='lat' dir='ltr'><strong>Constantini</strong></span> <span class='ocrx_word' id='word_1_510' title='bbox 1199 5053 1458 5124; x_wconf 76' lang='lat' dir='ltr'><strong>Pogouati</strong></span> <span class='ocrx_word' id='word_1_511' title='bbox 1491 5069 1608 5112; x_wconf 89' lang='lat' dir='ltr'><strong>erat</strong></span> <span class='ocrx_word' id='word_1_512' title='bbox 1647 5059 1808 5123; x_wconf 89' lang='lat' dir='ltr'><strong>filius,</strong></span> <span class='ocrx_word' id='word_1_513' title='bbox 1840 5060 2009 5130; x_wconf 87' lang='lat' dir='ltr'><strong>impe-</strong></span> 
     </span>
    </p>
   </div>
   <div class='ocr_carea' id='block_1_81' title="bbox 447 5141 2003 5220">
    <p class='ocr_par' dir='ltr' id='par_1_81' title="bbox 447 5141 2003 5220">
     <span class='ocr_line' id='line_1_81' title="bbox 447 5141 2003 5220; baseline 0.008 -28"><span class='ocrx_word' id='word_1_514' title='bbox 447 5149 621 5204; x_wconf 87' lang='lat' dir='ltr'><strong>rante,</strong></span> <span class='ocrx_word' id='word_1_515' title='bbox 655 5141 822 5208; x_wconf 90' lang='lat' dir='ltr'><strong>ipsius</strong></span> <span class='ocrx_word' id='word_1_516' title='bbox 850 5141 998 5209; x_wconf 87' lang='lat' dir='ltr'><strong>jussu</strong></span> <span class='ocrx_word' id='word_1_517' title='bbox 1031 5144 1264 5217; x_wconf 85' lang='lat' dir='ltr'><strong>episcopi</strong></span> <span class='ocrx_word' id='word_1_518' title='bbox 1318 5151 1527 5204; x_wconf 86' lang='lat' dir='ltr'><strong>ducenti</strong></span> <span class='ocrx_word' id='word_1_519' title='bbox 1561 5150 1746 5220; x_wconf 84' lang='lat' dir='ltr'><strong>viginti</strong></span> <span class='ocrx_word' id='word_1_520' title='bbox 1799 5165 2003 5220; x_wconf 87' lang='lat' dir='ltr'><strong>septem</strong></span> 
     </span>
    </p>
   </div>
   <div class='ocr_carea' id='block_1_82' title="bbox 443 5232 2008 5307">
    <p class='ocr_par' dir='ltr' id='par_1_82' title="bbox 443 5232 2008 5307">
     <span class='ocr_line' id='line_1_82' title="bbox 443 5232 2008 5307; baseline 0.014 -30"><span class='ocrx_word' id='word_1_521' title='bbox 443 5232 838 5284; x_wconf 62' lang='lat' dir='ltr'><strong>t-onveniebaut</strong></span> <span class='ocrx_word' id='word_1_522' title='bbox 875 5234 925 5285; x_wconf 91' lang='lat' dir='ltr'><strong>in</strong></span> <span class='ocrx_word' id='word_1_523' title='bbox 961 5234 1075 5289; x_wconf 86' lang='lat' dir='ltr'><strong>loco</strong></span> <span class='ocrx_word' id='word_1_524' title='bbox 1111 5235 1294 5292; x_wconf 88' lang='lat' dir='ltr'><strong>Trullo</strong></span> <span class='ocrx_word' id='word_1_525' title='bbox 1319 5240 1494 5307; x_wconf 90' lang='lat' dir='ltr'><strong>dicto;</strong></span> <span class='ocrx_word' id='word_1_526' title='bbox 1531 5253 1650 5297; x_wconf 89' lang='lat' dir='ltr'><strong>erat</strong></span> <span class='ocrx_word' id='word_1_527' title='bbox 1686 5254 1863 5298; x_wconf 89' lang='lat' dir='ltr'><strong>autem</strong></span> <span class='ocrx_word' id='word_1_528' title='bbox 1893 5245 2008 5299; x_wconf 73' lang='lat' dir='ltr'><strong>haec</strong></span> 
     </span>
    </p>
   </div>
   <div class='ocr_carea' id='block_1_83' title="bbox 444 5322 2009 5404">
    <p class='ocr_par' dir='ltr' id='par_1_83' title="bbox 444 5322 2009 5404">
     <span class='ocr_line' id='line_1_83' title="bbox 444 5322 2009 5404; baseline 0.01 -31"><span class='ocrx_word' id='word_1_529' title='bbox 444 5324 636 5376; x_wconf 86' lang='lat' dir='ltr'><strong>domus</strong></span> <span class='ocrx_word' id='word_1_530' title='bbox 667 5322 1016 5376; x_wconf 78' lang='lat' dir='ltr'><strong>tcleherritua</strong></span> <span class='ocrx_word' id='word_1_531' title='bbox 1052 5328 1101 5379; x_wconf 90' lang='lat' dir='ltr'><strong>in</strong></span> <span class='ocrx_word' id='word_1_532' title='bbox 1139 5328 1520 5399; x_wconf 83' lang='lat' dir='ltr'><strong>imperatorum</strong></span> <span class='ocrx_word' id='word_1_533' title='bbox 1551 5335 2009 5404; x_wconf 83' lang='lat' dir='ltr'><strong>Constantinopo-</strong></span> 
     </span>
    </p>
   </div>
   <div class='ocr_carea' id='block_1_84' title="bbox 445 5415 2006 5497">
    <p class='ocr_par' dir='ltr' id='par_1_84' title="bbox 445 5415 2006 5497">
     <span class='ocr_line' id='line_1_84' title="bbox 445 5415 2006 5497; baseline 0.012 -32"><span class='ocrx_word' id='word_1_534' title='bbox 445 5417 506 5466; x_wconf 84' lang='lat' dir='ltr'><strong>lis</strong></span> <span class='ocrx_word' id='word_1_535' title='bbox 539 5415 746 5483; x_wconf 87' lang='lat' dir='ltr'><strong>palatio</strong></span> <span class='ocrx_word' id='word_1_536' title='bbox 776 5418 904 5470; x_wconf 89' lang='lat' dir='ltr'><strong>sita.</strong></span> <span class='ocrx_word' id='word_1_537' title='bbox 935 5418 1004 5470; x_wconf 86' lang='lat' dir='ltr'><strong>lis</strong></span> <span class='ocrx_word' id='word_1_538' title='bbox 1041 5429 1216 5474; x_wconf 85' lang='lat' dir='ltr'><strong>autem</strong></span> <span class='ocrx_word' id='word_1_539' title='bbox 1279 5427 1458 5478; x_wconf 86' lang='lat' dir='ltr'><strong>omnia</strong></span> <span class='ocrx_word' id='word_1_540' title='bbox 1492 5443 1612 5496; x_wconf 60' lang='lat' dir='ltr'><strong>quae</strong></span> <span class='ocrx_word' id='word_1_541' title='bbox 1645 5428 1699 5481; x_wconf 89' lang='lat' dir='ltr'><strong>in</strong></span> <span class='ocrx_word' id='word_1_542' title='bbox 1734 5430 2006 5497; x_wconf 86' lang='lat' dir='ltr'><strong>prioribus</strong></span> 
     </span>
    </p>
   </div>
   <div class='ocr_carea' id='block_1_85' title="bbox 445 5507 2007 5579">
    <p class='ocr_par' dir='ltr' id='par_1_85' title="bbox 445 5507 2007 5579">
     <span class='ocr_line' id='line_1_85' title="bbox 445 5507 2007 5579; baseline 0.01 -23"><span class='ocrx_word' id='word_1_543' title='bbox 445 5507 668 5575; x_wconf 72' lang='lat' dir='ltr'><strong>synodis</strong></span> <span class='ocrx_word' id='word_1_544' title='bbox 721 5519 838 5560; x_wconf 78' lang='lat' dir='ltr'><strong>acta</strong></span> <span class='ocrx_word' id='word_1_545' title='bbox 900 5509 1109 5563; x_wconf 78' lang='lat' dir='ltr'><strong>fuerant</strong></span> <span class='ocrx_word' id='word_1_546' title='bbox 1165 5515 1504 5579; x_wconf 87' lang='lat' dir='ltr'><strong>confirmare,</strong></span> <span class='ocrx_word' id='word_1_547' title='bbox 1538 5528 1591 5570; x_wconf 90' lang='lat' dir='ltr'><strong>et</strong></span> <span class='ocrx_word' id='word_1_548' title='bbox 1643 5533 1879 5572; x_wconf 84' lang='lat' dir='ltr'><strong>canones</strong></span> <span class='ocrx_word' id='word_1_549' title='bbox 1939 5521 2007 5572; x_wconf 87' lang='lat' dir='ltr'><strong>ad</strong></span> 
     </span>
    </p>
   </div>
   <div class='ocr_carea' id='block_1_86' title="bbox 451 5598 2009 5676">
    <p class='ocr_par' dir='ltr' id='par_1_86' title="bbox 451 5598 2009 5676">
     <span class='ocr_line' id='line_1_86' title="bbox 451 5598 2009 5676; baseline 0.009 -29"><span class='ocrx_word' id='word_1_550' title='bbox 451 5598 706 5650; x_wconf 64' lang='lat' dir='ltr'><strong>Ecclesiae</strong></span> <span class='ocrx_word' id='word_1_551' title='bbox 739 5600 1178 5656; x_wconf 80' lang='lat' dir='ltr'><strong>COuSliluliuttem</strong></span> <span class='ocrx_word' id='word_1_552' title='bbox 1219 5615 1522 5670; x_wconf 90' lang='lat' dir='ltr'><strong>spectantes</strong></span> <span class='ocrx_word' id='word_1_553' title='bbox 1555 5623 1882 5676; x_wconf 89' lang='lat' dir='ltr'><strong>componere</strong></span> <span class='ocrx_word' id='word_1_554' title='bbox 1927 5609 2009 5661; x_wconf 91' lang='lat' dir='ltr'><strong>in-</strong></span> 
     </span>
    </p>
   </div>
   <div class='ocr_carea' id='block_1_87' title="bbox 444 5689 2002 5769">
    <p class='ocr_par' dir='ltr' id='par_1_87' title="bbox 444 5689 2002 5769">
     <span class='ocr_line' id='line_1_87' title="bbox 444 5689 2002 5769; baseline 0.008 -28"><span class='ocrx_word' id='word_1_555' title='bbox 444 5691 656 5744; x_wconf 75' lang='lat' dir='ltr'><strong>cubuit.</strong></span> <span class='ocrx_word' id='word_1_556' title='bbox 693 5689 814 5744; x_wconf 58' lang='lat' dir='ltr'><strong>Haec</strong></span> <span class='ocrx_word' id='word_1_557' title='bbox 846 5702 1023 5745; x_wconf 84' lang='lat' dir='ltr'><strong>autem</strong></span> <span class='ocrx_word' id='word_1_558' title='bbox 1059 5703 1109 5746; x_wconf 90' lang='lat' dir='ltr'><strong>et</strong></span> <span class='ocrx_word' id='word_1_559' title='bbox 1149 5705 1312 5749; x_wconf 80' lang='lat' dir='ltr'><strong>sextae</strong></span> <span class='ocrx_word' id='word_1_560' title='bbox 1357 5699 1606 5768; x_wconf 88' lang='lat' dir='ltr'><strong>adjuncta</strong></span> <span class='ocrx_word' id='word_1_561' title='bbox 1639 5709 1741 5764; x_wconf 88' lang='lat' dir='ltr'><strong>est,</strong></span> <span class='ocrx_word' id='word_1_562' title='bbox 1775 5700 2002 5769; x_wconf 89' lang='lat' dir='ltr'><strong>ejusque</strong></span> 
     </span>
    </p>
   </div>
   <div class='ocr_carea' id='block_1_88' title="bbox 448 5784 2005 5859">
    <p class='ocr_par' dir='ltr' id='par_1_88' title="bbox 448 5784 2005 5859">
     <span class='ocr_line' id='line_1_88' title="bbox 448 5784 2005 5859; baseline 0.009 -25"><span class='ocrx_word' id='word_1_563' title='bbox 448 5797 639 5836; x_wconf 84' lang='lat' dir='ltr'><strong>nomen</strong></span> <span class='ocrx_word' id='word_1_564' title='bbox 672 5784 774 5859; x_wconf 74' lang='lat' dir='ltr'><strong>sibi</strong></span> <span class='ocrx_word' id='word_1_565' title='bbox 809 5784 1118 5848; x_wconf 72' lang='lat' dir='ltr'><strong>impositum</strong></span> <span class='ocrx_word' id='word_1_566' title='bbox 1157 5787 1369 5846; x_wconf 88' lang='lat' dir='ltr'><strong>habuit:</strong></span> <span class='ocrx_word' id='word_1_567' title='bbox 1413 5807 1510 5847; x_wconf 87' lang='lat' dir='ltr'><strong>nec</strong></span> <span class='ocrx_word' id='word_1_568' title='bbox 1540 5793 1682 5846; x_wconf 87' lang='lat' dir='ltr'><strong>enim</strong></span> <span class='ocrx_word' id='word_1_569' title='bbox 1715 5793 1782 5848; x_wconf 86' lang='lat' dir='ltr'><strong>de</strong></span> <span class='ocrx_word' id='word_1_570' title='bbox 1813 5795 1914 5848; x_wconf 75' lang='lat' dir='ltr'><strong>tide</strong></span> <span class='ocrx_word' id='word_1_571' title='bbox 1953 5802 2005 5848; x_wconf 85' lang='lat' dir='ltr'><strong>et</strong></span> 
     </span>
    </p>
   </div>
   <div class='ocr_carea' id='block_1_89' title="bbox 1719 5927 1731 5956">
    <p class='ocr_par' dir='ltr' id='par_1_89' title="bbox 1719 5927 1731 5956">
     <span class='ocr_line' id='line_1_89' title="bbox 1719 5927 1731 5956; baseline 0 0"><span class='ocrx_word' id='word_1_572' title='bbox 1719 5927 1731 5956; x_wconf 85' lang='lat' dir='ltr'><strong><em>I</em></strong></span> 
     </span>
    </p>
   </div>
   <div class='ocr_carea' id='block_1_90' title="bbox 2112 3211 3667 3293">
    <p class='ocr_par' dir='ltr' id='par_1_90' title="bbox 2112 3211 3667 3293">
     <span class='ocr_line' id='line_1_90' title="bbox 2112 3211 3667 3293; baseline 0.003 -27"><span class='ocrx_word' id='word_1_573' title='bbox 2112 3213 2335 3282; x_wconf 82' lang='grc' dir='ltr'>λύμων·</span> <span class='ocrx_word' id='word_1_574' title='bbox 2379 3211 2526 3270; x_wconf 72' lang='grc' dir='ltr'>οὗτοι</span> <span class='ocrx_word' id='word_1_575' title='bbox 2557 3217 2620 3285; x_wconf 79' lang='grc' dir='ltr'>δὴ</span> <span class='ocrx_word' id='word_1_576' title='bbox 2653 3218 2783 3280; x_wconf 81' lang='grc' dir='ltr'>τοὺς</span> <span class='ocrx_word' id='word_1_577' title='bbox 2823 3221 2956 3286; x_wconf 73' lang='grc' dir='ltr'>πεφὶ</span> <span class='ocrx_word' id='word_1_578' title='bbox 2983 3219 3238 3288; x_wconf 84' lang='grc' dir='ltr'>Σέργιον,</span> <span class='ocrx_word' id='word_1_579' title='bbox 3280 3220 3509 3293; x_wconf 78' lang='grc' dir='ltr'>Πύρρον,</span> <span class='ocrx_word' id='word_1_580' title='bbox 3540 3218 3667 3273; x_wconf 82' lang='grc' dir='ltr'>Παῦ-</span> 
     </span>
    </p>
   </div>
   <div class='ocr_carea' id='block_1_91' title="bbox 2114 3308 3667 3378">
    <p class='ocr_par' dir='ltr' id='par_1_91' title="bbox 2114 3308 3667 3378">
     <span class='ocr_line' id='line_1_91' title="bbox 2114 3308 3667 3378; baseline 0.001 -17"><span class='ocrx_word' id='word_1_581' title='bbox 2114 3310 2224 3372; x_wconf 89' lang='grc' dir='ltr'>λον,</span> <span class='ocrx_word' id='word_1_582' title='bbox 2266 3308 2496 3378; x_wconf 86' lang='grc' dir='ltr'>Πέτρον,</span> <span class='ocrx_word' id='word_1_583' title='bbox 2545 3309 2674 3372; x_wconf 83' lang='grc' dir='ltr'>τοὺς</span> <span class='ocrx_word' id='word_1_584' title='bbox 2719 3309 2997 3373; x_wconf 79' lang='grc' dir='ltr'>δυσσεϐῶς</span> <span class='ocrx_word' id='word_1_585' title='bbox 3047 3311 3148 3378; x_wconf 81' lang='grc' dir='ltr'>τῆς</span> <span class='ocrx_word' id='word_1_586' title='bbox 3179 3310 3667 3366; x_wconf 79' lang='grc' dir='ltr'>Κωνσταντινουπό-</span> 
     </span>
    </p>
   </div>
   <div class='ocr_carea' id='block_1_92' title="bbox 2113 3399 3661 3474">
    <p class='ocr_par' dir='ltr' id='par_1_92' title="bbox 2113 3399 3661 3474">
     <span class='ocr_line' id='line_1_92' title="bbox 2113 3399 3661 3474; baseline 0.004 -23"><span class='ocrx_word' id='word_1_587' title='bbox 2113 3400 2251 3462; x_wconf 84' lang='grc' dir='ltr'>λεως</span> <span class='ocrx_word' id='word_1_588' title='bbox 2278 3399 2774 3470; x_wconf 84' lang='grc' dir='ltr'>προεδρεύσαντας,</span> <span class='ocrx_word' id='word_1_589' title='bbox 2818 3399 2899 3453; x_wconf 75' lang='grc' dir='ltr'>ἔτι</span> <span class='ocrx_word' id='word_1_590' title='bbox 2923 3401 2978 3454; x_wconf 75' lang='grc' dir='ltr'>δὲ</span> <span class='ocrx_word' id='word_1_591' title='bbox 3013 3405 3107 3456; x_wconf 72' lang='grc' dir='ltr'>καὶ</span> <span class='ocrx_word' id='word_1_592' title='bbox 3151 3401 3415 3474; x_wconf 86' lang='grc' dir='ltr'>Ὀνώριον</span> <span class='ocrx_word' id='word_1_593' title='bbox 3442 3401 3661 3472; x_wconf 75' lang='grc' dir='ltr'>Ῥώμης.</span> 
     </span>
    </p>
   </div>
   <div class='ocr_carea' id='block_1_93' title="bbox 2113 3493 3666 3568">
    <p class='ocr_par' dir='ltr' id='par_1_93' title="bbox 2113 3493 3666 3568">
     <span class='ocr_line' id='line_1_93' title="bbox 2113 3493 3666 3568; baseline -0.001 -22"><span class='ocrx_word' id='word_1_594' title='bbox 2113 3493 2296 3561; x_wconf 82' lang='grc' dir='ltr'>Κῦρον</span> <span class='ocrx_word' id='word_1_595' title='bbox 2347 3493 2783 3563; x_wconf 81' lang='grc' dir='ltr'>Ἀλεξανδρείας,</span> <span class='ocrx_word' id='word_1_596' title='bbox 2840 3494 3135 3565; x_wconf 77' lang='grc' dir='ltr'>Μακάριον</span> <span class='ocrx_word' id='word_1_597' title='bbox 3159 3497 3513 3568; x_wconf 81' lang='grc' dir='ltr'>Ἀντιοχείας,</span> <span class='ocrx_word' id='word_1_598' title='bbox 3553 3493 3666 3546; x_wconf 87' lang='grc' dir='ltr'><strong>Θεό-</strong></span> 
     </span>
    </p>
   </div>
   <div class='ocr_carea' id='block_1_94' title="bbox 2110 3585 3662 3659">
    <p class='ocr_par' dir='ltr' id='par_1_94' title="bbox 2110 3585 3662 3659">
     <span class='ocr_line' id='line_1_94' title="bbox 2110 3585 3662 3659; baseline -0.001 -21"><span class='ocrx_word' id='word_1_599' title='bbox 2110 3585 2281 3654; x_wconf 88' lang='grc' dir='ltr'>δωρον</span> <span class='ocrx_word' id='word_1_600' title='bbox 2311 3587 2407 3648; x_wconf 66' lang='grc' dir='ltr'><strong>τῆς</strong></span> <span class='ocrx_word' id='word_1_601' title='bbox 2445 3588 2650 3655; x_wconf 70' lang='grc' dir='ltr'>Φαρὰν,</span> <span class='ocrx_word' id='word_1_602' title='bbox 2717 3587 2991 3655; x_wconf 83' lang='grc' dir='ltr'>Στέφανον</span> <span class='ocrx_word' id='word_1_603' title='bbox 3051 3587 3146 3640; x_wconf 75' lang='grc' dir='ltr'>καὶ</span> <span class='ocrx_word' id='word_1_604' title='bbox 3199 3589 3574 3659; x_wconf 78' lang='grc' dir='ltr'>Πολυχρόνιον,</span> <span class='ocrx_word' id='word_1_605' title='bbox 3609 3587 3662 3654; x_wconf 79' lang='grc' dir='ltr'>τῇ</span> 
     </span>
    </p>
   </div>
   <div class='ocr_carea' id='block_1_95' title="bbox 2110 3674 3667 3752">
    <p class='ocr_par' dir='ltr' id='par_1_95' title="bbox 2110 3674 3667 3752">
     <span class='ocr_line' id='line_1_95' title="bbox 2110 3674 3667 3752; baseline -0.001 -22"><span class='ocrx_word' id='word_1_606' title='bbox 2110 3677 2206 3730; x_wconf 83' lang='grc' dir='ltr'><strong>τοῦ</strong></span> <span class='ocrx_word' id='word_1_607' title='bbox 2233 3677 2573 3746; x_wconf 83' lang='grc' dir='ltr'>ἀναθέματος</span> <span class='ocrx_word' id='word_1_608' title='bbox 2599 3677 2988 3731; x_wconf 75' lang='grc' dir='ltr'>καθυπέὸαλον</span> <span class='ocrx_word' id='word_1_609' title='bbox 3030 3677 3158 3752; x_wconf 78' lang='grc' dir='ltr'>δίκῃ</span> <span class='ocrx_word' id='word_1_610' title='bbox 3177 3695 3192 3710; x_wconf 87' lang='lat'><strong><em>°</em></strong></span> <span class='ocrx_word' id='word_1_611' title='bbox 3249 3681 3369 3734; x_wconf 76' lang='grc' dir='ltr'><strong>ἀνθ’</strong></span> <span class='ocrx_word' id='word_1_612' title='bbox 3397 3674 3469 3734; x_wconf 83' lang='grc' dir='ltr'>ὧν</span> <span class='ocrx_word' id='word_1_613' title='bbox 3502 3679 3555 3731; x_wconf 78' lang='grc' dir='ltr'><strong>ἐν</strong></span> <span class='ocrx_word' id='word_1_614' title='bbox 3591 3676 3667 3728; x_wconf 85' lang='grc' dir='ltr'><strong>θέ-</strong></span> 
     </span>
    </p>
   </div>
   <div class='ocr_carea' id='block_1_96' title="bbox 2110 3768 3666 3842">
    <p class='ocr_par' dir='ltr' id='par_1_96' title="bbox 2110 3768 3666 3842">
     <span class='ocr_line' id='line_1_96' title="bbox 2110 3768 3666 3842; baseline -0.001 -22"><span class='ocrx_word' id='word_1_615' title='bbox 2110 3768 2264 3838; x_wconf 87' lang='grc' dir='ltr'>λημα</span> <span class='ocrx_word' id='word_1_616' title='bbox 2301 3770 2396 3821; x_wconf 75' lang='grc' dir='ltr'>καὶ</span> <span class='ocrx_word' id='word_1_617' title='bbox 2432 3770 2566 3839; x_wconf 89' lang='grc' dir='ltr'>μίαν</span> <span class='ocrx_word' id='word_1_618' title='bbox 2627 3769 2914 3838; x_wconf 78' lang='grc' dir='ltr'>ἐνέργειαν</span> <span class='ocrx_word' id='word_1_619' title='bbox 2964 3772 3060 3821; x_wconf 72' lang='grc' dir='ltr'>καὶ</span> <span class='ocrx_word' id='word_1_620' title='bbox 3090 3772 3234 3840; x_wconf 81' lang='grc' dir='ltr'>μετὰ</span> <span class='ocrx_word' id='word_1_621' title='bbox 3267 3771 3366 3842; x_wconf 82' lang='grc' dir='ltr'>τὴν</span> <span class='ocrx_word' id='word_1_622' title='bbox 3410 3770 3666 3839; x_wconf 79' lang='grc' dir='ltr'>σάρκωσιν</span> 
     </span>
    </p>
   </div>
   <div class='ocr_carea' id='block_1_97' title="bbox 2112 3859 3666 3938">
    <p class='ocr_par' dir='ltr' id='par_1_97' title="bbox 2112 3859 3666 3938">
     <span class='ocr_line' id='line_1_97' title="bbox 2112 3859 3666 3938; baseline 0 -26"><span class='ocrx_word' id='word_1_623' title='bbox 2112 3859 2203 3914; x_wconf 80' lang='grc' dir='ltr'>τὸν</span> <span class='ocrx_word' id='word_1_624' title='bbox 2239 3861 2444 3930; x_wconf 80' lang='grc' dir='ltr'>Κύριον</span> <span class='ocrx_word' id='word_1_625' title='bbox 2483 3860 2640 3930; x_wconf 86' lang='grc' dir='ltr'>ήμῶν</span> <span class='ocrx_word' id='word_1_626' title='bbox 2675 3859 3034 3929; x_wconf 81' lang='grc' dir='ltr'>ἐδογμάτιζον</span> <span class='ocrx_word' id='word_1_627' title='bbox 3059 3862 3229 3934; x_wconf 78' lang='grc' dir='ltr'>ἔχειν.</span> <span class='ocrx_word' id='word_1_628' title='bbox 3263 3865 3326 3938; x_wconf 67' lang='lat' dir='ltr'><strong>0i.</strong></span> <span class='ocrx_word' id='word_1_629' title='bbox 3347 3864 3402 3917; x_wconf 81' lang='grc' dir='ltr'><strong>δέ</strong></span> <span class='ocrx_word' id='word_1_630' title='bbox 3422 3863 3518 3932; x_wconf 84' lang='grc' dir='ltr'><strong>τῆς</strong></span> <span class='ocrx_word' id='word_1_631' title='bbox 3555 3875 3666 3914; x_wconf 86' lang='grc' dir='ltr'>συν·</span> 
     </span>
    </p>
   </div>
   <div class='ocr_carea' id='block_1_98' title="bbox 2110 3950 3664 4025">
    <p class='ocr_par' dir='ltr' id='par_1_98' title="bbox 2110 3950 3664 4025">
     <span class='ocr_line' id='line_1_98' title="bbox 2110 3950 3664 4025; baseline -0.002 -21"><span class='ocrx_word' id='word_1_632' title='bbox 2110 3951 2254 4016; x_wconf 81' lang='grc' dir='ltr'>ὁδου,</span> <span class='ocrx_word' id='word_1_633' title='bbox 2308 3950 2402 4004; x_wconf 58' lang='grc' dir='ltr'><strong>δύο</strong></span> <span class='ocrx_word' id='word_1_634' title='bbox 2466 3951 2751 4022; x_wconf 83' lang='grc' dir='ltr'>θελήματα</span> <span class='ocrx_word' id='word_1_635' title='bbox 2802 3953 3036 4019; x_wconf 74' lang='grc' dir='ltr'>φυσικὰ,</span> <span class='ocrx_word' id='word_1_636' title='bbox 3092 3957 3190 4008; x_wconf 80' lang='grc' dir='ltr'>καὶ</span> <span class='ocrx_word' id='word_1_637' title='bbox 3248 3955 3342 4008; x_wconf 90' lang='grc' dir='ltr'><strong>δύο</strong></span> <span class='ocrx_word' id='word_1_638' title='bbox 3405 3951 3664 4025; x_wconf 78' lang='grc' dir='ltr'>ἐνεργείας</span> 
     </span>
    </p>
   </div>
   <div class='ocr_carea' id='block_1_99' title="bbox 2110 4041 3668 4117">
    <p class='ocr_par' dir='ltr' id='par_1_99' title="bbox 2110 4041 3668 4117">
     <span class='ocr_line' id='line_1_99' title="bbox 2110 4041 3668 4117; baseline -0.002 -21"><span class='ocrx_word' id='word_1_639' title='bbox 2110 4043 2315 4112; x_wconf 81' lang='grc' dir='ltr'>ὁμοίως</span> <span class='ocrx_word' id='word_1_640' title='bbox 2345 4042 2489 4114; x_wconf 81' lang='grc' dir='ltr'>ἔχειν</span> <span class='ocrx_word' id='word_1_641' title='bbox 2527 4044 2669 4111; x_wconf 81' lang='grc' dir='ltr'>μετὰ</span> <span class='ocrx_word' id='word_1_642' title='bbox 2693 4043 2793 4115; x_wconf 82' lang='grc' dir='ltr'>τὴν</span> <span class='ocrx_word' id='word_1_643' title='bbox 2831 4044 3112 4113; x_wconf 85' lang='grc' dir='ltr'>σάρκωσιν</span> <span class='ocrx_word' id='word_1_644' title='bbox 3152 4045 3250 4100; x_wconf 80' lang='grc' dir='ltr'>τὸν</span> <span class='ocrx_word' id='word_1_645' title='bbox 3277 4047 3481 4117; x_wconf 81' lang='grc' dir='ltr'>Κύριον</span> <span class='ocrx_word' id='word_1_646' title='bbox 3524 4041 3668 4114; x_wconf 81' lang='grc' dir='ltr'>ήμῶν</span> 
     </span>
    </p>
   </div>
   <div class='ocr_carea' id='block_1_100' title="bbox 2111 4136 3668 4209">
    <p class='ocr_par' dir='ltr' id='par_1_100' title="bbox 2111 4136 3668 4209">
     <span class='ocr_line' id='line_1_100' title="bbox 2111 4136 3668 4209; baseline -0.001 -22"><span class='ocrx_word' id='word_1_647' title='bbox 2111 4136 2462 4206; x_wconf 79' lang='grc' dir='ltr'>ἀπεφήναντο</span> <span class='ocrx_word' id='word_1_648' title='bbox 2498 4136 2594 4188; x_wconf 80' lang='grc' dir='ltr'>καὶ</span> <span class='ocrx_word' id='word_1_649' title='bbox 2623 4137 2934 4205; x_wconf 90' lang='grc' dir='ltr'>ἐκύρωσαν,</span> <span class='ocrx_word' id='word_1_650' title='bbox 2978 4137 3080 4190; x_wconf 85' lang='grc' dir='ltr'>οὐκ</span> <span class='ocrx_word' id='word_1_651' title='bbox 3129 4140 3190 4190; x_wconf 94' lang='grc' dir='ltr'><strong>ἐν</strong></span> <span class='ocrx_word' id='word_1_652' title='bbox 3221 4138 3486 4209; x_wconf 78' lang='grc' dir='ltr'>διαιρέσει</span> <span class='ocrx_word' id='word_1_653' title='bbox 3516 4149 3668 4204; x_wconf 80' lang='grc' dir='ltr'>προσ·</span> 
     </span>
    </p>
   </div>
   <div class='ocr_carea' id='block_1_101' title="bbox 2108 4224 3666 4300">
    <p class='ocr_par' dir='ltr' id='par_1_101' title="bbox 2108 4224 3666 4300">
     <span class='ocr_line' id='line_1_101' title="bbox 2108 4224 3666 4300; baseline 0 -20"><span class='ocrx_word' id='word_1_654' title='bbox 2108 4226 2296 4294; x_wconf 87' lang='grc' dir='ltr'>ώπων,</span> <span class='ocrx_word' id='word_1_655' title='bbox 2332 4227 2446 4280; x_wconf 82' lang='grc' dir='ltr'>ἀλλ’</span> <span class='ocrx_word' id='word_1_656' title='bbox 2473 4229 2555 4281; x_wconf 86' lang='grc' dir='ltr'>ὅτι</span> <span class='ocrx_word' id='word_1_657' title='bbox 2586 4229 2813 4298; x_wconf 80' lang='grc' dir='ltr'>οὐδεμία</span> <span class='ocrx_word' id='word_1_658' title='bbox 2853 4229 3014 4296; x_wconf 81' lang='grc' dir='ltr'>φύσις</span> <span class='ocrx_word' id='word_1_659' title='bbox 3059 4230 3172 4283; x_wconf 86' lang='grc' dir='ltr'><strong>τῶν</strong></span> <span class='ocrx_word' id='word_1_660' title='bbox 3201 4231 3298 4285; x_wconf 91' lang='grc' dir='ltr'><strong>δύο</strong></span> <span class='ocrx_word' id='word_1_661' title='bbox 3322 4233 3414 4286; x_wconf 83' lang='grc' dir='ltr'>ἐπὶ</span> <span class='ocrx_word' id='word_1_662' title='bbox 3446 4224 3666 4300; x_wconf 80' lang='grc' dir='ltr'>Χριστοῦ</span> 
     </span>
    </p>
   </div>
   <div class='ocr_carea' id='block_1_102' title="bbox 2111 4315 3666 4392">
    <p class='ocr_par' dir='ltr' id='par_1_102' title="bbox 2111 4315 3666 4392">
     <span class='ocr_line' id='line_1_102' title="bbox 2111 4315 3666 4392; baseline -0.001 -22"><span class='ocrx_word' id='word_1_663' title='bbox 2111 4318 2329 4388; x_wconf 84' lang='grc' dir='ltr'>φύσεων</span> <span class='ocrx_word' id='word_1_664' title='bbox 2360 4319 2622 4388; x_wconf 85' lang='grc' dir='ltr'>ἀθέλητος</span> <span class='ocrx_word' id='word_1_665' title='bbox 2648 4315 2738 4388; x_wconf 85' lang='grc' dir='ltr'>ἦν,</span> <span class='ocrx_word' id='word_1_666' title='bbox 2793 4317 2827 4389; x_wconf 78' lang='grc' dir='ltr'>ἢ</span> <span class='ocrx_word' id='word_1_667' title='bbox 2870 4319 3240 4391; x_wconf 81' lang='grc' dir='ltr'>ἁνενέργητυς</span> <span class='ocrx_word' id='word_1_668' title='bbox 3269 4341 3284 4357; x_wconf 79' lang='grc' dir='ltr'><strong><em>ο</em></strong></span> <span class='ocrx_word' id='word_1_669' title='bbox 3330 4324 3417 4376; x_wconf 78' lang='grc' dir='ltr'>ἵνα</span> <span class='ocrx_word' id='word_1_670' title='bbox 3454 4322 3527 4392; x_wconf 82' lang='grc' dir='ltr'>μὴ</span> <span class='ocrx_word' id='word_1_671' title='bbox 3569 4319 3666 4370; x_wconf 90' lang='grc' dir='ltr'><strong>τῶν</strong></span> 
     </span>
    </p>
   </div>
   <div class='ocr_carea' id='block_1_103' title="bbox 2115 4410 3663 4486">
    <p class='ocr_par' dir='ltr' id='par_1_103' title="bbox 2115 4410 3663 4486">
     <span class='ocr_line' id='line_1_103' title="bbox 2115 4410 3663 4486; baseline -0.001 -24"><span class='ocrx_word' id='word_1_672' title='bbox 2115 4410 2421 4480; x_wconf 70' lang='grc' dir='ltr'>ἰδιωμάτων</span> <span class='ocrx_word' id='word_1_673' title='bbox 2443 4411 2650 4464; x_wconf 87' lang='grc' dir='ltr'>τούτων</span> <span class='ocrx_word' id='word_1_674' title='bbox 2678 4413 2950 4482; x_wconf 78' lang='grc' dir='ltr'>ἑκατέρας</span> <span class='ocrx_word' id='word_1_675' title='bbox 2998 4413 3218 4482; x_wconf 84' lang='grc' dir='ltr'>φύσεως</span> <span class='ocrx_word' id='word_1_676' title='bbox 3251 4415 3663 4486; x_wconf 79' lang='grc' dir='ltr'>ἀναιρουμένων,</span> 
     </span>
    </p>
   </div>
   <div class='ocr_carea' id='block_1_104' title="bbox 2109 4501 3666 4577">
    <p class='ocr_par' dir='ltr' id='par_1_104' title="bbox 2109 4501 3666 4577">
     <span class='ocr_line' id='line_1_104' title="bbox 2109 4501 3666 4577; baseline 0.001 -22"><span class='ocrx_word' id='word_1_677' title='bbox 2109 4501 2210 4570; x_wconf 82' lang='grc' dir='ltr'>τῆς</span> <span class='ocrx_word' id='word_1_678' title='bbox 2239 4503 2543 4572; x_wconf 79' lang='grc' dir='ltr'>ἐνεργείας,</span> <span class='ocrx_word' id='word_1_679' title='bbox 2576 4503 2738 4571; x_wconf 82' lang='grc' dir='ltr'>λέγω,</span> <span class='ocrx_word' id='word_1_680' title='bbox 2783 4505 2879 4557; x_wconf 78' lang='grc' dir='ltr'><strong>καὶ</strong></span> <span class='ocrx_word' id='word_1_681' title='bbox 2911 4505 3010 4574; x_wconf 85' lang='grc' dir='ltr'><strong>τῆς</strong></span> <span class='ocrx_word' id='word_1_682' title='bbox 3033 4505 3329 4577; x_wconf 80' lang='grc' dir='ltr'>θελήσεως,</span> <span class='ocrx_word' id='word_1_683' title='bbox 3371 4507 3464 4560; x_wconf 76' lang='grc' dir='ltr'>καὶ</span> <span class='ocrx_word' id='word_1_684' title='bbox 3490 4506 3542 4559; x_wconf 87' lang='grc' dir='ltr'>αἱ</span> <span class='ocrx_word' id='word_1_685' title='bbox 3575 4503 3666 4570; x_wconf 80' lang='grc' dir='ltr'><strong>φῦ·</strong></span> 
     </span>
    </p>
   </div>
   <div class='ocr_carea' id='block_1_105' title="bbox 2115 4590 3665 4673">
    <p class='ocr_par' dir='ltr' id='par_1_105' title="bbox 2115 4590 3665 4673">
     <span class='ocr_line' id='line_1_105' title="bbox 2115 4590 3665 4673; baseline 0 -23"><span class='ocrx_word' id='word_1_686' title='bbox 2115 4614 2250 4667; x_wconf 80' lang='grc' dir='ltr'>σεις,</span> <span class='ocrx_word' id='word_1_687' title='bbox 2278 4590 2354 4650; x_wconf 79' lang='grc' dir='ltr'>ὧν</span> <span class='ocrx_word' id='word_1_688' title='bbox 2378 4590 2540 4651; x_wconf 80' lang='grc' dir='ltr'>αὗταί</span> <span class='ocrx_word' id='word_1_689' title='bbox 2564 4600 2704 4652; x_wconf 69' lang='grc' dir='ltr'>εἰσιν</span> <span class='ocrx_word' id='word_1_690' title='bbox 2734 4598 3020 4669; x_wconf 71' lang='grc' dir='ltr'>ἰδιώματα,</span> <span class='ocrx_word' id='word_1_691' title='bbox 3049 4601 3489 4673; x_wconf 76' lang='grc' dir='ltr'>συναναιρεϊσθαι</span> <span class='ocrx_word' id='word_1_692' title='bbox 3512 4594 3665 4650; x_wconf 68' lang='grc' dir='ltr'>δοκῶτ</span> 
     </span>
    </p>
   </div>
   <div class='ocr_carea' id='block_1_106' title="bbox 2113 4709 2218 4746">
    <p class='ocr_par' dir='ltr' id='par_1_106' title="bbox 2113 4709 2218 4746">
     <span class='ocr_line' id='line_1_106' title="bbox 2113 4709 2218 4746; baseline 0.01 -1"><span class='ocrx_word' id='word_1_693' title='bbox 2113 4709 2218 4746; x_wconf 86' lang='grc' dir='ltr'>σιν.</span> 
     </span>
    </p>
   </div>
   <div class='ocr_carea' id='block_1_107' title="bbox 2111 4805 3666 4879">
    <p class='ocr_par' dir='ltr' id='par_1_107' title="bbox 2111 4805 3666 4879">
     <span class='ocr_line' id='line_1_107' title="bbox 2111 4805 3666 4879; baseline -0.003 -19"><span class='ocrx_word' id='word_1_694' title='bbox 2111 4807 2210 4863; x_wconf 87' lang='grc' dir='ltr'><strong>ΙΖ⁹.</strong></span> <span class='ocrx_word' id='word_1_695' title='bbox 2249 4806 2388 4875; x_wconf 79' lang='grc' dir='ltr'>Περὶ</span> <span class='ocrx_word' id='word_1_696' title='bbox 2423 4805 2530 4876; x_wconf 82' lang='grc' dir='ltr'>τῆς</span> <span class='ocrx_word' id='word_1_697' title='bbox 2558 4809 2731 4876; x_wconf 51' lang='grc' dir='ltr'>ἀγυας</span> <span class='ocrx_word' id='word_1_698' title='bbox 2761 4810 2854 4860; x_wconf 77' lang='grc' dir='ltr'>καὶ</span> <span class='ocrx_word' id='word_1_699' title='bbox 2882 4809 3301 4879; x_wconf 74' lang='grc' dir='ltr'>οἱκουμενικῆς</span> <span class='ocrx_word' id='word_1_700' title='bbox 3350 4805 3666 4868; x_wconf 76' lang='grc' dir='ltr'>πενθέκτης</span> 
     </span>
    </p>
   </div>
   <div class='ocr_carea' id='block_1_108' title="bbox 2748 4879 3414 4933">
    <p class='ocr_par' dir='ltr' id='par_1_108' title="bbox 2748 4879 3414 4933">
     <span class='ocr_line' id='line_1_108' title="bbox 2748 4879 3414 4933; baseline 0.005 -3"><span class='ocrx_word' id='word_1_701' title='bbox 2748 4879 3041 4933; x_wconf 79' lang='grc' dir='ltr'>συνόδου.</span> <span class='ocrx_word' id='word_1_702' title='bbox 3411 4889 3414 4892; x_wconf 64' lang='lat'><em>‘</em></span> 
     </span>
    </p>
   </div>
   <div class='ocr_carea' id='block_1_109' title="bbox 2182 4961 3667 5040">
    <p class='ocr_par' dir='ltr' id='par_1_109' title="bbox 2182 4961 3667 5040">
     <span class='ocr_line' id='line_1_109' title="bbox 2182 4961 3667 5040; baseline -0.006 -18"><span class='ocrx_word' id='word_1_703' title='bbox 2182 4969 2402 5040; x_wconf 85' lang='grc' dir='ltr'>Ἀμέλει</span> <span class='ocrx_word' id='word_1_704' title='bbox 2437 4967 2654 5022; x_wconf 73' lang='grc' dir='ltr'>καὶτοῦ</span> <span class='ocrx_word' id='word_1_705' title='bbox 2690 4969 2942 5038; x_wconf 82' lang='grc' dir='ltr'>δευτέρου</span> <span class='ocrx_word' id='word_1_706' title='bbox 2987 4966 3392 5033; x_wconf 87' lang='grc' dir='ltr'>Ίουστινιανοῦ,</span> <span class='ocrx_word' id='word_1_707' title='bbox 3433 4964 3524 5018; x_wconf 85' lang='grc' dir='ltr'><strong>τοῦ</strong></span> <span class='ocrx_word' id='word_1_708' title='bbox 3565 4961 3667 5014; x_wconf 77' lang='grc' dir='ltr'><strong>Ῥιο</strong></span> 
     </span>
    </p>
   </div>
   <div class='ocr_carea' id='block_1_110' title="bbox 2109 5056 3665 5132">
    <p class='ocr_par' dir='ltr' id='par_1_110' title="bbox 2109 5056 3665 5132">
     <span class='ocr_line' id='line_1_110' title="bbox 2109 5056 3665 5132; baseline -0.007 -15"><span class='ocrx_word' id='word_1_709' title='bbox 2109 5062 2380 5132; x_wconf 82' lang='grc' dir='ltr'>νοτμήτου</span> <span class='ocrx_word' id='word_1_710' title='bbox 2418 5061 2642 5129; x_wconf 79' lang='grc' dir='ltr'>δηλαδή,</span> <span class='ocrx_word' id='word_1_711' title='bbox 2698 5061 3112 5130; x_wconf 82' lang='grc' dir='ltr'>βασιλεύοντος,</span> <span class='ocrx_word' id='word_1_712' title='bbox 3155 5062 3212 5124; x_wconf 84' lang='grc' dir='ltr'>ὃς</span> <span class='ocrx_word' id='word_1_713' title='bbox 3266 5057 3334 5128; x_wconf 77' lang='grc' dir='ltr'>ἦν</span> <span class='ocrx_word' id='word_1_714' title='bbox 3363 5060 3472 5121; x_wconf 82' lang='grc' dir='ltr'>υῑδς</span> <span class='ocrx_word' id='word_1_715' title='bbox 3527 5056 3665 5108; x_wconf 85' lang='grc' dir='ltr'>Κων·</span> 
     </span>
    </p>
   </div>
   <div class='ocr_carea' id='block_1_111' title="bbox 2111 5149 3658 5218">
    <p class='ocr_par' dir='ltr' id='par_1_111' title="bbox 2111 5149 3658 5218">
     <span class='ocr_line' id='line_1_111' title="bbox 2111 5149 3658 5218; baseline -0.007 -14"><span class='ocrx_word' id='word_1_716' title='bbox 2111 5151 2393 5204; x_wconf 87' lang='grc' dir='ltr'>σταντίνου</span> <span class='ocrx_word' id='word_1_717' title='bbox 2425 5150 2517 5202; x_wconf 86' lang='grc' dir='ltr'><strong>τοῦ</strong></span> <span class='ocrx_word' id='word_1_718' title='bbox 2551 5150 2916 5217; x_wconf 76' lang='grc' dir='ltr'>Πώγωνα-του,</span> <span class='ocrx_word' id='word_1_719' title='bbox 2961 5153 3025 5218; x_wconf 78' lang='grc' dir='ltr'>τῇ</span> <span class='ocrx_word' id='word_1_720' title='bbox 3065 5152 3256 5204; x_wconf 85' lang='grc' dir='ltr'>τούτου</span> <span class='ocrx_word' id='word_1_721' title='bbox 3291 5149 3528 5202; x_wconf 81' lang='grc' dir='ltr'>κελεύσει</span> <span class='ocrx_word' id='word_1_722' title='bbox 3554 5159 3658 5196; x_wconf 80' lang='grc' dir='ltr'>συν·</span> 
     </span>
    </p>
   </div>
   <div class='ocr_carea' id='block_1_112' title="bbox 2109 5233 3663 5311">
    <p class='ocr_par' dir='ltr' id='par_1_112' title="bbox 2109 5233 3663 5311">
     <span class='ocr_line' id='line_1_112' title="bbox 2109 5233 3663 5311; baseline -0.008 -17"><span class='ocrx_word' id='word_1_723' title='bbox 2109 5240 2270 5311; x_wconf 80' lang='grc' dir='ltr'>ἦλθον</span> <span class='ocrx_word' id='word_1_724' title='bbox 2305 5241 2594 5293; x_wconf 87' lang='grc' dir='ltr'>ἐπίσκοποι</span> <span class='ocrx_word' id='word_1_725' title='bbox 2626 5240 2763 5292; x_wconf 68' lang='grc' dir='ltr'>ἑπτὰ</span> <span class='ocrx_word' id='word_1_726' title='bbox 2798 5242 2893 5292; x_wconf 79' lang='grc' dir='ltr'>καὶ</span> <span class='ocrx_word' id='word_1_727' title='bbox 2954 5240 3129 5292; x_wconf 80' lang='grc' dir='ltr'>εἴκοσι</span> <span class='ocrx_word' id='word_1_728' title='bbox 3183 5240 3277 5293; x_wconf 77' lang='grc' dir='ltr'>καὶ</span> <span class='ocrx_word' id='word_1_729' title='bbox 3302 5237 3577 5295; x_wconf 65' lang='grc' dir='ltr'>διακόσιοι,</span> <span class='ocrx_word' id='word_1_730' title='bbox 3611 5233 3663 5282; x_wconf 86' lang='grc' dir='ltr'>ὲν</span> 
     </span>
    </p>
   </div>
   <div class='ocr_carea' id='block_1_113' title="bbox 2108 5321 3659 5401">
    <p class='ocr_par' dir='ltr' id='par_1_113' title="bbox 2108 5321 3659 5401">
     <span class='ocr_line' id='line_1_113' title="bbox 2108 5321 3659 5401; baseline 0.003 -20"><span class='ocrx_word' id='word_1_731' title='bbox 2108 5332 2186 5401; x_wconf 80' lang='grc' dir='ltr'>τῷ</span> <span class='ocrx_word' id='word_1_732' title='bbox 2211 5332 2490 5400; x_wconf 82' lang='grc' dir='ltr'>λεγομένῳ</span> <span class='ocrx_word' id='word_1_733' title='bbox 2519 5329 2774 5399; x_wconf 83' lang='grc' dir='ltr'>Τρούλλῳ</span> <span class='ocrx_word' id='word_1_734' title='bbox 2795 5346 2808 5360; x_wconf 88' lang='grc'><strong>·</strong></span> <span class='ocrx_word' id='word_1_735' title='bbox 2841 5327 2988 5392; x_wconf 74' lang='grc' dir='ltr'>οἶκος</span> <span class='ocrx_word' id='word_1_736' title='bbox 3018 5331 3075 5382; x_wconf 81' lang='grc' dir='ltr'><strong>δέ</strong></span> <span class='ocrx_word' id='word_1_737' title='bbox 3103 5327 3170 5400; x_wconf 79' lang='grc' dir='ltr'>ἦν</span> <span class='ocrx_word' id='word_1_738' title='bbox 3193 5323 3344 5390; x_wconf 75' lang='grc' dir='ltr'>οὗτος</span> <span class='ocrx_word' id='word_1_739' title='bbox 3376 5321 3659 5394; x_wconf 70' lang='grc' dir='ltr'>περιφανῆῖ</span> 
     </span>
    </p>
   </div>
   <div class='ocr_carea' id='block_1_114' title="bbox 2112 5415 3664 5492">
    <p class='ocr_par' dir='ltr' id='par_1_114' title="bbox 2112 5415 3664 5492">
     <span class='ocr_line' id='line_1_114' title="bbox 2112 5415 3664 5492; baseline -0.007 -16"><span class='ocrx_word' id='word_1_740' title='bbox 2112 5427 2169 5476; x_wconf 84' lang='grc' dir='ltr'><strong>ἐν</strong></span> <span class='ocrx_word' id='word_1_741' title='bbox 2200 5423 2348 5492; x_wconf 78' lang='grc' dir='ltr'><strong>καλῷ</strong></span> <span class='ocrx_word' id='word_1_742' title='bbox 2378 5424 2487 5475; x_wconf 87' lang='grc' dir='ltr'><strong>τῶν</strong></span> <span class='ocrx_word' id='word_1_743' title='bbox 2519 5422 2806 5491; x_wconf 83' lang='grc' dir='ltr'>βασιλείων</span> <span class='ocrx_word' id='word_1_744' title='bbox 2843 5420 3470 5480; x_wconf 76' lang='grc' dir='ltr'>Κωνσταντινουπόλεως</span> <span class='ocrx_word' id='word_1_745' title='bbox 3493 5415 3664 5480; x_wconf 80' lang='grc' dir='ltr'>κείμε-</span> 
     </span>
    </p>
   </div>
   <div class='ocr_carea' id='block_1_115' title="bbox 2108 5506 3660 5585">
    <p class='ocr_par' dir='ltr' id='par_1_115' title="bbox 2108 5506 3660 5585">
     <span class='ocr_line' id='line_1_115' title="bbox 2108 5506 3660 5585; baseline 0.003 -17"><span class='ocrx_word' id='word_1_746' title='bbox 2108 5530 2218 5577; x_wconf 85' lang='grc' dir='ltr'>νος.</span> <span class='ocrx_word' id='word_1_747' title='bbox 2242 5517 2439 5583; x_wconf 82' lang='grc' dir='ltr'>’Έργον</span> <span class='ocrx_word' id='word_1_748' title='bbox 2468 5514 2512 5566; x_wconf 88' lang='grc' dir='ltr'>δ’</span> <span class='ocrx_word' id='word_1_749' title='bbox 2558 5510 2627 5585; x_wconf 81' lang='grc' dir='ltr'>ἦν</span> <span class='ocrx_word' id='word_1_750' title='bbox 2656 5515 2860 5577; x_wconf 80' lang='grc' dir='ltr'>αὐτοῖς,</span> <span class='ocrx_word' id='word_1_751' title='bbox 2894 5515 3072 5568; x_wconf 73' lang='grc' dir='ltr'>πάντα</span> <span class='ocrx_word' id='word_1_752' title='bbox 3106 5533 3163 5567; x_wconf 88' lang='grc' dir='ltr'><strong>τε</strong></span> <span class='ocrx_word' id='word_1_753' title='bbox 3220 5515 3287 5567; x_wconf 83' lang='grc' dir='ltr'>τὰ</span> <span class='ocrx_word' id='word_1_754' title='bbox 3319 5506 3660 5578; x_wconf 75' lang='grc' dir='ltr'>πεπραγμένα</span> 
     </span>
    </p>
   </div>
   <div class='ocr_carea' id='block_1_116' title="bbox 2111 5594 3659 5686">
    <p class='ocr_par' dir='ltr' id='par_1_116' title="bbox 2111 5594 3659 5686">
     <span class='ocr_line' id='line_1_116' title="bbox 2111 5594 3659 5686; baseline -0.008 -28"><span class='ocrx_word' id='word_1_755' title='bbox 2111 5611 2230 5668; x_wconf 83' lang='grc' dir='ltr'>ταῖς</span> <span class='ocrx_word' id='word_1_756' title='bbox 2269 5606 2460 5676; x_wconf 81' lang='grc' dir='ltr'>πρώην</span> <span class='ocrx_word' id='word_1_757' title='bbox 2502 5607 2742 5668; x_wconf 78' lang='grc' dir='ltr'>συνόδοις</span> <span class='ocrx_word' id='word_1_758' title='bbox 2776 5608 3043 5674; x_wconf 79' lang='grc' dir='ltr'>κυρῶσαι,</span> <span class='ocrx_word' id='word_1_759' title='bbox 3098 5609 3194 5660; x_wconf 73' lang='grc' dir='ltr'>καὶ</span> <span class='ocrx_word' id='word_1_760' title='bbox 3227 5605 3450 5663; x_wconf 79' lang='grc' dir='ltr'>κανόνας</span> <span class='ocrx_word' id='word_1_761' title='bbox 3485 5594 3659 5686; x_wconf 71' lang='grc' dir='ltr'>συντ-ἀ·</span> 
     </span>
    </p>
   </div>
   <div class='ocr_carea' id='block_1_117' title="bbox 2112 5693 3650 5767">
    <p class='ocr_par' dir='ltr' id='par_1_117' title="bbox 2112 5693 3650 5767">
     <span class='ocr_line' id='line_1_117' title="bbox 2112 5693 3650 5767; baseline -0.008 -16"><span class='ocrx_word' id='word_1_762' title='bbox 2112 5699 2201 5766; x_wconf 82' lang='grc' dir='ltr'>ξαι</span> <span class='ocrx_word' id='word_1_763' title='bbox 2241 5701 2318 5760; x_wconf 84' lang='grc' dir='ltr'><strong>είς</strong></span> <span class='ocrx_word' id='word_1_764' title='bbox 2350 5698 2448 5767; x_wconf 84' lang='grc' dir='ltr'>τὴν</span> <span class='ocrx_word' id='word_1_765' title='bbox 2473 5700 2572 5767; x_wconf 82' lang='grc' dir='ltr'>τῆς</span> <span class='ocrx_word' id='word_1_766' title='bbox 2606 5698 2937 5764; x_wconf 82' lang='grc' dir='ltr'>Ἐκκλησίας</span> <span class='ocrx_word' id='word_1_767' title='bbox 2967 5699 3286 5767; x_wconf 69' lang='grc' dir='ltr'>ἀφορῶντας</span> <span class='ocrx_word' id='word_1_768' title='bbox 3319 5693 3650 5748; x_wconf 71' lang='grc' dir='ltr'>κατάστασΝ⁹</span> 
     </span>
    </p>
   </div>
   <div class='ocr_carea' id='block_1_118' title="bbox 2117 5788 3650 5858">
    <p class='ocr_par' dir='ltr' id='par_1_118' title="bbox 2117 5788 3650 5858">
     <span class='ocr_line' id='line_1_118' title="bbox 2117 5788 3650 5858; baseline 0.002 -16"><span class='ocrx_word' id='word_1_769' title='bbox 2117 5791 2467 5853; x_wconf 78' lang='grc' dir='ltr'>συνέζευκται</span> <span class='ocrx_word' id='word_1_770' title='bbox 2494 5790 2548 5842; x_wconf 84' lang='grc' dir='ltr'>δὲ</span> <span class='ocrx_word' id='word_1_771' title='bbox 2589 5791 2682 5844; x_wconf 70' lang='grc' dir='ltr'>καὶ</span> <span class='ocrx_word' id='word_1_772' title='bbox 2713 5790 2847 5856; x_wconf 80' lang='grc' dir='ltr'>αὕτη</span> <span class='ocrx_word' id='word_1_773' title='bbox 2880 5794 2944 5855; x_wconf 77' lang='grc' dir='ltr'>τῇ</span> <span class='ocrx_word' id='word_1_774' title='bbox 2979 5791 3132 5858; x_wconf 75' lang='grc' dir='ltr'>ἕκτῃ,</span> <span class='ocrx_word' id='word_1_775' title='bbox 3168 5790 3260 5848; x_wconf 67' lang='grc' dir='ltr'>καὶ</span> <span class='ocrx_word' id='word_1_776' title='bbox 3283 5788 3378 5856; x_wconf 79' lang='grc' dir='ltr'>τὴν</span> <span class='ocrx_word' id='word_1_777' title='bbox 3403 5790 3650 5852; x_wconf 77' lang='grc' dir='ltr'><strong>προσηγο-</strong></span> 
     </span>
    </p>
   </div>
  </div>
