4016 6400
401 381 424 438 ε’
438 380 508 442 89

1778 381 2191 444 PRIEFATIO

3550 390 3659 452 99!)

405 500 528 567 ρίαν
581 495 792 566 ἐκείνης
823 477 1040 564 ἐδέξατο
1067 512 1080 528 ·
1117 495 1302 568 οὐγὰρ
1333 496 1460 567 περὶ
1491 495 1726 556 πίστεως
1757 502 1852 548 καὶ
1875 496 1997 561 δογ-

2118 499 2372 568 lugmatis
2413 501 2642 569 quaestio
2692 501 2745 556 in
2780 502 2881 556 hac
2940 509 3059 556 orta
3113 509 3218 564 est,
3253 510 3310 554 ut
3356 517 3418 556 ea
3479 503 3677 556 exinde

407 589 595 660 μάτων
635 589 770 658 αὐτῇ
805 589 1036 658 ζήτησις
1056 589 1300 657 γέγονεν,
1333 588 1473 642 ὥστε
1508 592 1603 640 καὶ
1628 588 1798 657 αὐτὴν
1824 589 1982 641 tam-

404 697 540 732 τατα
572 679 725 749 παρὰ
779 679 938 732 τοῦτο
995 679 1313 748 λογίζεσθαι
1375 679 1628 732 σύνοδον·
1691 680 1894 749 μᾶλλον
1927 679 1986 730 δὲ

405 773 610 839 κυρίως
637 771 908 840 πενθέκτη
932 769 1128 837 λέγοιτ’
1157 772 1244 835 ἂν,
1275 770 1368 824 ἅτε
1393 769 1456 822 τὸ
1486 771 1775 841 ὑστέρημα
1803 771 1903 840 τῆς
1925 787 1985 822 τε

407 865 664 932 πέμπτης
720 865 817 916 καὶ
855 865 954 932 τῆς
986 862 1155 933 ἕκτης
1207 863 1679 931 ἀναπληρώσασα,
1723 863 1823 932 τὴν
1878 863 1988 914 τῶν

409 956 591 1024 ἱερῶν,
619 955 1057 1023 φημὶ,-κανὸνων
1091 954 1386 1024 συνθήκην.
1411 954 1567 1007 Ἐστι
1601 954 1656 1006 δὲ
1689 955 1784 1007 καὶ
1805 955 1988 1006 οίκόυ-

411 1045 609 1114 μενική
631 1059 646 1075 ⁶
675 1044 948 1114 ἡγεμόνες
974 1046 1083 1114 γὰρ
1117 1046 1175 1097 ὲν
1207 1046 1345 1114 αὐτῇ
1386 1045 1747 1113 ὲγνωρίξοντο
1780 1044 1989 1106 Παῦλος

410 1136 1064 1206 Κωνσταντινουπόλεως,
1094 1137 1296 1206 Πέτρος
1327 1135 1764 1206 Ἀλεξανδρείας,
1808 1135 1988 1204 Γεώρ·

411 1243 528 1294 γιος
549 1227 903 1298 Ἀντιοχείας,
931 1228 1715 1298 ἈνάστάσιοςἸεροσολύμων.
1739 1228 1993 1296 Ἰωάννης

411 1321 537 1382 νέας
582 1321 1199 1384 ἰουστινιανουπόλεως,
1226 1321 1503 1383 Βασίλειος
1531 1322 1629 1390 τῆς
1651 1321 1994 1390 Γορτυναίων

418 1409 804 1482 μητροπόλεως
847 1409 947 1478 τῆς
1008 1411 1239 1480 Κρήτης
1307 1411 1496 1481 νήσου,
1550 1414 1644 1464 καὶ
1701 1410 1793 1464 τὸν
1833 1410 1997 1462 τόπον

415 1499 627 1567 έπέχων
683 1500 862 1569 πάσης
906 1501 1004 1570 τῆς
1060 1503 1284 1554 συνόδου
1329 1502 1426 1572 τῆς
1477 1502 1997 1572 ἀγίαςἙκκλησίας

429 1591 670 1661 Ῥώμης.
707 1592 864 1646 Οῦτω
893 1594 1002 1664 γὰρ
1052 1595 1110 1644 ὲν
1147 1597 1262 1656 τοῖς
1315 1594 1568 1656 παλαιοῖς
1621 1593 1882 1664 εὕρηνται
1918 1593 1998 1663 βι-

419 1682 584 1745 ϐλίοις
617 1683 759 1752 μετὰ
787 1683 888 1753 τὴν
922 1682 1014 1736 τοῦ
1068 1681 1335 1752 βασιλέως
1389 1682 1718 1753 ὑπογραφὴν
1777 1683 1997 1737 ἕκαστοι

416 1773 524 1826 τῶν
547 1775 901 1846 πατριαρχῶν
926 1792 984 1828 τε
1017 1776 1111 1827 καὶ
1146 1775 1563 1846 μητροπολιτῶν
1608 1777 1902 1847 ὑπογραφῇ
1936 1775 1998 1828 τδ

2091 591 2385 660 peculiaris
2403 593 2639 662 synodus
2662 603 3019 649 censeretur:
3053 593 3226 661 magis
3251 603 3434 647 autem
3460 594 3677 663 proprie

2092 679 2403 747 quinisexta
2431 693 2798 752 nnncupetur,
2824 692 3010 752 utpote
3048 699 3167 753 quae
3203 685 3406 752 quinta:
3436 695 3489 736 et
3513 693 3682 738 sexta:

2091 757 2390 837 delectum,
2426 787 2710 828 sacrorum
2767 773 2979 828 scilicet
3007 788 3281 827 canonum
3331 774 3682 842 compositio-

2095 877 2218 916 nem
2253 864 2546 934 supplevit.
2585 863 2680 920 Est
2732 874 2912 919 autem
2948 874 3000 919 et
3031 867 3388 918 mcumeuica.
3421 864 3685 920 Praesides

2093 956 2234 1008 enim
2251 955 2302 1010 in
2320 971 2382 1010 ea
2401 956 2656 1010 declarati
2670 967 2796 1010 sunt
2815 956 3012 1010 Paulus
3025 955 3682 1024 Constantinopolitanus,

2094 1043 2287 1100 Petrus
2321 1047 2740 1109 Alexandrinus.
2795 1046 3064 1118 Georgius
3115 1048 3510 1120 Antiochenus,
3541 1051 3685 1102 Ana-

2098 1137 2299 1191 stasius
2350 1137 2901 1208 llierosolymitanus,
2940 1138 3178 1194 Joannes
3219 1156 3372 1195 novre
3425 1139 3685 1193 Justinia.

2101 1227 2345 1318 nopolis,
2367 1228 2604 1283 Basilius
2635 1229 3077 1299 Gortyntcorum,
3111 1245 3230 1300 qua:
3256 1230 3572 1298 metropolis
3597 1240 3683 1285 est

2101 1320 2277 1374 Cretae
2312 1321 2519 1386 insulae,
2575 1324 2860 1391 quietiam
2921 1324 3192 1378 universae
3253 1323 3444 1392 synodi
3481 1331 3684 1378 sancta!

2102 1411 2360 1468 Ecclesiae
2423 1414 2683 1468 Romanae
2720 1417 2898 1470 locum
2939 1416 3133 1470 tenuit.
3179 1413 3272 1470 Sic
3311 1415 3460 1469 enim
3500 1416 3553 1468 in
3587 1418 3685 1468 aito

2107 1503 2270 1572 tiqnis
2303 1506 2578 1561 invenitur
2610 1508 2762 1563 libris
2797 1517 2918 1576 post
2950 1508 3298 1577 imperatoris
3325 1507 3686 1576 sobscriptio-

2104 1611 2226 1649 nem
2265 1598 2506 1667 singulos
2540 1600 2879 1666 patriarchas
2905 1609 2959 1654 et
2988 1600 3436 1669 tnetropulitanos
3473 1613 3676 1652 nomen

2102 1701 2261 1742 suum
2293 1697 2346 1742 et
2376 1689 2698 1758 dignitatem
2731 1703 2826 1758 per
2854 1691 3311 1760 subscriptionem
3370 1691 3685 1743 adnotasse:
3719 1717 3722 1720 —

2107 1780 2318 1834 etiamsi
2351 1780 2530 1834 Latini
2571 1781 2638 1836 ab
2694 1781 2795 1837 hac
2826 1779 3036 1850 synodo
3091 1780 3365 1834 lethaliter
3414 1778 3687 1834 vulnerati

419 1868 618 1928 οἰκεῖον
651 1839 1098 1937 σημίε-ιίωσάμενοι
1121 1839 1296 1937 ὄνομα
1323 1868 1418 1919 καὶ
1450 1865 1670 1936 ἀξίωμα
1688 1882 1702 1896 ·
1729 1839 1784 1919 ἐἰ
1947 1867 1998 1918 οἱ

2118 1886 2223 1925 eam
2253 1873 2644 1926 mcumenicam
2676 1888 2780 1925 non
2817 1871 2991 1927 fuisse
3019 1872 3284 1942 synodum
3311 1870 3514 1925 obnixe
3547 1884 3687 1923 con-

419 1960 657 2025 Λατῖνοι,
687 1960 918 2028 καιρίως
945 1961 1048 2013 ὑπὸ
1075 1963 1283 2031 ταύτης
1317 1961 1700 2031 πληττόμενοι.
1749 1961 1824 2030 μὴ
1859 1958 2000 2014 εἶναι

419 2050 625 2122 ταύτην
679 2053 1070 2122 οίκουμενικὴν
1103 2052 1488 2115 διατείνονται,
1521 2052 1600 2120 τῷ
1631 2051 1706 2124 μὴ
1763 2068 2002 2122 τοποτηο

423 2143 595 2216 ρητὰς
624 2146 918 2216 ἐσχηκέναι
946 2143 1042 2197 τοῦ
1074 2144 1274 2198 πάππα
1309 2144 1552 2215 Ῥώμης,
1596 2143 1672 2207 ὡς
1711 2144 1878 2214 ἄλλης
1911 2143 2006 2197 οὖν

423 2252 524 2300 σης
552 2236 650 2304 τῆς
683 2236 847 2304 ἕκτης
878 2235 1118 2298 συνόδου,
1231 2236 1487 2298 κάκεῖνος
1524 2235 1814 2306 συνῄνεσεν
1837 2275 1852 2302 ,
1884 2235 2007 2305 ἣτις

424 2327 516 2377 ἐπὶ
569 2325 980 2378 Κωνσταντίνου
1046 2323 1140 2376 τοῦ
1200 2325 1546 2392 Πωγωνάτου
1605 2325 2004 2395 συνήθροιστοο

422 2417 628 2486 ταύτην
663 2417 720 2468 δὲ
775 2417 913 2485 μετὰ
962 2415 1189 2486 χρόνους
1221 2416 1478 2483 γενέσθαι
1518 2417 1770 2485 συχνοὺς,
1816 2415 2006 2469 κελεύ-

427 2509 624 2572 σειτοῦ
664 2508 1015 2578 Ῥινοτμήτου
1048 2506 1454 2562 ’Ῑουστινιανοῦ.
1499 2507 1736 2576 Πρῶτον
1767 2508 1864 2575 μὲν
1898 2509 2008 2577 γὰρ

425 2602 525 2655 οὐκ
546 2602 612 2655 ἂν
655 2602 942 2672 ἠνέσχοντο
980 2602 1029 2653 οἱ
1055 2599 1301 2654 τοσοῦτοι
1351 2600 1497 2668 ἅγιοι
1531 2599 1776 2669 Πατέρες
1809 2601 2009 2668 ἐπιφα-

428 2693 552 2756 νοῦς
588 2692 732 2746 οὕτω
763 2693 992 2763 ψεύδους
1021 2693 1246 2757 ἁλῶναι,
1275 2692 1526 2761 λέγοντες
1569 2694 1627 2755 ἐν
1656 2695 1768 2756 τοῖς
1801 2693 2010 2745 ἑαυτῶν

430 2786 674 2851 κανόσιν,
707 2787 934 2857 Ὥρισεν
970 2789 1002 2857 η
1033 2785 1165 2855 ἁγία
1203 2785 1344 2854 αὕτη
1375 2785 1471 2838 καὶ
1491 2785 1847 2855 οίκουμενικὴ
1884 2784 2010 2839 σύν-

428 2878 546 2942 οδος
567 2895 581 2910 ’
612 2879 785 2942 ἄλλως
819 2896 878 2932 τε
909 2879 1003 2933 καὶ
1048 2877 1144 2941 οὓς
1193 2881 1222 2932 6
1275 2878 1508 2939 πάππας
1543 2872 1658 2948 εἶχε
1710 2877 1974 2946 λεγάτους
1995 2918 2010 2944 ,

431 2966 884 3039 ἀντιπροσώπους
933 2967 1156 3038 δηλαδὴ,
1213 2967 1314 3036 τῆς
1371 2967 1651 3038 ἡμετέρας
1695 2970 1794 3036 μὲν
1849 2967 2010 3030 ὄντας

433 3062 722 3130 ἐπαρχίας,
749 3059 892 3113 ὥστε
925 3061 1020 3113 καὶ
1057 3062 1176 3122 ταῖς
1217 3061 1426 3122 κοιναῖς
1475 3058 1859 3112 συνελεύσεσιν
1896 3058 2013 3110 ἀντ’

2109 1965 2370 2030 tendant;
2407 1980 2472 2019 eo
2501 1965 2644 2032 quod
2681 1979 2831 2032 papze
2882 1963 3113 2016 Romani
3164 1964 3688 2017 loeiconscrvatorcs

2110 2067 2218 2106 non
2256 2053 2464 2118 habuit,
2499 2063 2683 2122 utpote
2710 2055 2852 2122 quod
2883 2052 2988 2106 alia
3031 2053 3103 2108 sit
3135 2063 3288 2108 sexta
3330 2052 3573 2119 synodus
3598 2050 3686 2104 cui

2109 2155 2163 2200 et
2197 2146 2315 2214 ipse
2351 2147 2652 2208 consensit,
2690 2160 2810 2213 utne
2847 2146 2946 2200 sub
2981 2143 3347 2199 Constantino
3405 2142 3689 2212 Pogonato

2111 2249 2438 2308 congregata
2499 2248 2606 2304 est,
2657 2239 2800 2294 hanc
2844 2249 3019 2292 autem
3083 2236 3253 2290 multo
3292 2244 3416 2306 post
3451 2243 3694 2303 tempore

2109 2326 2404 2384 Iustiniani
2438 2329 2736 2384 Rinotmeti
2769 2330 2925 2400 jussu
2961 2328 3288 2383 celebratam
3325 2341 3468 2382 esse.
3505 2326 3689 2380 Primo

2111 2419 2258 2472 enim
2295 2421 2429 2472 tanti
2463 2419 2637 2473 sancti
2673 2421 2860 2473 Patres
2899 2418 3172 2472 manifesti
3232 2417 3366 2472 adeo
3426 2415 3692 2470 mendacii

2111 2525 2230 2564 sese
2255 2510 2502 2565 convinci
2538 2526 2682 2578 aegre
2703 2511 2928 2573 ferrent,
2964 2509 3205 2562 dicentes
3229 2509 3280 2562 in
3311 2508 3424 2562 suis
3452 2508 3691 2576 ipsorum

2120 2601 2445 2666 canonibus,
2476 2600 2680 2654 Sancta
2735 2602 2850 2654 haec
2888 2608 2942 2654 et
2970 2599 3305 2654 (eetnnenica
3336 2599 3575 2668 synodus
3603 2597 3698 2652 de-

2118 2689 2310 2744 crevit.
2347 2690 2413 2743 Et
2440 2700 2698 2758 praeterea
2733 2704 2868 2757 papa
2916 2702 3043 2742 suos
3074 2688 3261 2740 habuit
3292 2687 3517 2756 legatos,
3571 2690 3694 2754 per;

2114 2796 2276 2835 sonas
2297 2780 2549 2833 nimirum
2572 2780 2894 2834 substitutas
2914 2795 2976 2834 ex
3003 2789 3189 2833 nostra
3210 2780 3427 2848 quidem
3451 2779 3691 2847 regione,

2114 2874 2247 2927 adeo
2279 2881 2337 2926 ut
2365 2872 2438 2926 illi
2474 2873 2593 2939 ejus
2629 2874 2682 2926 in
2724 2873 3106 2927 commntiihus
3127 2871 3488 2926 conventibus
3521 2871 3694 2926 vicem

2117 2975 2395 3036 gererent,
2433 2979 2497 3018 eo
2545 2965 2688 3034 quod
2730 2965 2827 3033 ipsi
2891 2972 3106 3033 propter
3141 2964 3240 3016 viae
3298 2962 3695 3032 longitudinem

2117 3058 2334 3115 diliicilc
2363 3060 2435 3112 sit
2469 3058 2802 3112 convenire:
2837 3067 2890 3110 et
2923 3058 2990 3110 ab
3021 3071 3087 3112 eo
3138 3071 3269 3110 vero
3321 3071 3428 3110 non
3483 3055 3702 3110 ordinav

431 3151 644 3215 ἐκείνου
694 3149 918 3214 τούτους
972 3150 1284 3220 ἐπιδημεῖν,
1335 3148 1635 3219 δυσχεροῦς
1662 3148 1831 3217 οὔσης
1863 3147 2012 3218 αὐτῷ

2118 3153 2333 3213 bantur.
2362 3161 2418 3206 ut
2447 3150 2632 3206 Caesar
2652 3150 3042 3206 Constantinus
3066 3151 3276 3206 scribit.
3308 3150 3370 3202 lli
3402 3150 3563 3220 igitur
3585 3163 3701 3201 om-

431 3242 530 3312 τῆς
558 3241 792 3310 ἀφίξεως
825 3242 914 3296 διὰ
944 3243 1004 3296 τὸ
1030 3243 1128 3310 τῆς
1171 3241 1295 3294 ὁδοῦ
1339 3242 1514 3311 μῆκος
1539 3258 1553 3271 ο
1588 3241 1650 3294 οὐ
1675 3243 1782 3310 γὰρ
1812 3242 1876 3309 δὴ
1913 3241 2009 3293 καὶ

433 3332 565 3403 παρ’
593 3333 802 3387 ἐκείνου
826 3332 1283 3403 ὲχειροτονοῦντο,
1309 3333 1385 3394 ὡς
1407 3333 1436 3383 6
1460 3333 1775 3402 Καισαρεὺς
1806 3333 2014 3400 ἱστορεῖ

352 3426 358 3432 ’
436 3426 871 3488 Κωνσταντϊνος.
907 3425 1115 3488 Πάντες
1139 3426 1320 3479 τοίνυν
1347 3419 1493 3478 οῦτοι
1539 3429 1606 3496 τῇ
1649 3426 1782 3494 ἁγίᾳ
1814 3426 2017 3496 συνόδῳ

438 3517 717 3588 παρῆσαν,
750 3517 898 3587 λέγω
935 3519 999 3588 δὴ
1026 3521 1053 3571 6
1081 3517 1512 3588 Θεσσαλονίκης,
1544 3521 1571 3571 6
1596 3517 1946 3584 Δαρδανείας,
1990 3522 2018 3572 ὁ

449 3611 781 3682 Ἡρακλείας
831 3611 1076 3684 Θρᾴκης,
1118 3614 1146 3665 6
1178 3612 1468 3682 Κορίνθου,
1507 3614 1534 3666 6
1572 3613 1891 3680 Ῥαϐέννης,
1924 3614 2018 3666 καὶ

2119 3260 2216 3299 nes
2250 3253 2451 3300 sanctae
2485 3245 2690 3314 synodo
2731 3244 2994 3297 aderant:
3033 3243 3323 3313 episcopus
3355 3252 3482 3312 puta
3524 3239 3698 3294 Thes-

2117 3335 2392 3399 salonicae,
2425 3335 2728 3400 Dardania),
2759 3332 3038 3388 Ileracle:e
3067 3334 3118 3386 in
3144 3331 3400 3396 Thracia,
3427 3329 3696 3394 Corinthi,

2119 3427 2415 3490 Ravennae,
2451 3436 2506 3481 et
2543 3426 2632 3480 hic
2669 3426 2901 3481 Basilius
2927 3413 3216 3496 episconus
3251 3425 3445 3489 Cretae,
3485 3424 3574 3493 qui
3612 3423 3703 3475 Ec-

2120 3519 2303 3573 clesia:
2345 3517 2602 3572 Romanae
2629 3515 2751 3584 jura
2793 3532 2852 3571 se
2883 3516 3138 3587 privatim
3179 3516 3317 3569 lcrre
3352 3515 3699 3583 subscripsit.

2121 3611 2188 3666 Hi
2223 3627 2350 3667 vero
2380 3623 2433 3664 et
2467 3622 2682 3665 centum
2718 3613 2854 3665 duos
2889 3625 3122 3664 canones
3161 3618 3603 3679 composuerunt.

437 3703 464 3752 ὁ
493 3705 716 3773 Κρήτης
745 3694 897 3768 οὗτος
928 3701 1225 3768 Βασίλειος,
1256 3703 1314 3768 ὃς
1344 3703 1451 3773 ίδίξι
1497 3704 1684 3772 φέρειν
1719 3704 1786 3757 τὰ
1819 3704 2009 3760 δίκαια
2046 3704 2148 3776 τῆς
2206 3703 2541 3775 Ἐκκλησίας
2594 3704 2886 3772 Ῥωμαίων
2952 3701 3282 3772 ὑπέγραψε·
3345 3700 3583 3762 κανόνας
3647 3698 3703 3751 δὲ

439 3797 535 3852 καὶ
568 3787 714 3847 οὗτοι
747 3794 1104 3848 συντάττουσι
1131 3794 1224 3846 δύο
1267 3793 1402 3863 πρὸς
1441 3797 1552 3857 τοῖς
1587 3793 1804 3848 ἑκατόν.

476 3909 584 3966 IH'.
616 3909 758 3979 Περὶ
783 3907 894 3977 τῆς
924 3908 1100 3977 ἁγίας
1131 3907 1684 4032 καέἕικουμενικῆς
1719 3908 1979 3978 ἑϐδόμης

1081 3992 1208 4032 συν
1286 3997 1380 4032 ου.

1081 3992 1380 4033 συνοσου.

513 4073 735 4145 Χρονων
789 4072 845 4126 δὲ
893 4071 1360 4142 παρερρυηκότων
1417 4069 1592 4124 είκοσι
1651 4071 1748 4124 καὶ
1797 4071 2020 4136 ἑκατὸν,

442 4167 627 4234 ὀγδόου
662 4165 719 4217 δὲ
748 4162 1047 4232 ἱσταμένου
1071 4161 1167 4214 τοῦ
1198 4162 1612 4214 Κωνσταντίνου
1642 4163 1708 4232 τῇ
1753 4160 2024 4233 βασιλείᾳ,

446 4259 539 4312 καὶ
566 4260 664 4326 τῆς
709 4255 914 4326 μητρὸς
951 4251 1116 4308 αὐτοῦ
1166 4252 1426 4323 Εἰρήνης,
1488 4254 1724 4306 Νίκαιαν
1768 4254 1867 4322 μὲν
1927 4255 2026 4324 τὴν

444 4349 554 4401 τῶν
606 4346 844 4402 Βιθυνῶν
878 4344 1214 4415 μητρόπολιν
1260 4347 1544 4415 κριτήριον
1580 4345 1678 4415 τῆς
1743 4345 2026 4407 εὐσεϐείας

448 4439 540 4510 καὶ
576 4441 610 4510 ἡ
650 4437 854 4507 ἑϐδόμη
886 4435 1100 4499 σύνοδος
1159 4434 1451 4502 δείκνυσιν,
1490 4435 1566 4496 ὥς
1621 4452 1683 4504 γε
1735 4435 1799 4506 δὴ
1853 4437 1949 4490 καὶ⁸
1993 4437 2024 4506 ἡ

2121 3904 2316 3962 XVIII.
2378 3903 2454 3957 De
2482 3910 2669 3956 sancta
2702 3911 2748 3953 οι
2810 3895 3133 3952 ωειιιηεηίεα
3189 3893 3414 3960 septima
3479 3887 3702 3959 synodo.

2202 4063 2410 4132 Elapsis
2440 4070 2656 4116 centum
2693 4057 2880 4127 viginti
2943 4054 3120 4118 annis,
3151 4060 3343 4106 octavo
3372 4059 3550 4101 autem
3602 4045 3704 4097 im-

2129 4156 2264 4227 perii
2289 4151 2630 4210 Constantini
2663 4159 2714 4204 et
2746 4147 2938 4202 matris
2968 4145 3086 4214 ejus
3113 4143 3297 4197 Irenes
3325 4141 3552 4201 ﬂuente,
3585 4150 3708 4202 sep-

2131 4249 2259 4302 tima
2292 4247 2454 4301 etiam
2506 4246 2777 4314 synodus.
2823 4250 2881 4295 ut
2940 4239 3112 4309 prima
3148 4237 3298 4297 olim,
3326 4232 3588 4310 Nicaeam\
3617 4228 3706 4281 Bi-

2132 4339 2446 4410 thyniorum
2519 4334 2863 4403 metropolim
2923 4331 3144 4401 pietatis
3210 4327 3384 4381 forum
3447 4321 3704 4377 ostendit.

2132 4430 2418 4488 Trecentis
2447 4437 2625 4481 autent
2659 4427 2938 4496 sexaginta
2994 4434 3199 4495 septem
3235 4419 3408 4475 sacris
3441 4415 3570 4470 viris
3620 4428 3710 4464 or-

450 4507 642 4605 πρὼτη
671 4531 890 4594 σύνοδος
918 4529 1110 4591 πάλαι,
1137 4526 1235 4591 Εἰς
1272 4529 1412 4581 ἑπτὰ
1435 4527 1488 4581 δὲ
1517 4529 1613 4582 καὶ
1643 4526 1906 4598 ἑξήκοντα
1931 4528 2012 4580 mi

2136 4534 2259 4580 nata
2291 4531 2405 4589 est,
2432 4537 2602 4577 sacrae
2634 4519 2794 4590 hujus
2837 4518 3119 4588 phalangis
3150 4515 3488 4570 constituens
3519 4507 3705 4566 duces,

449 4626 797 4700 τριακοσίους
849 4623 1049 4694 ἄνδρας
1096 4621 1275 4690 ἱεροὺς
1321 4619 1674 4690 ἐπληθύνετο,
1729 4621 2029 4690 ταξιάρχας

449 4723 548 4790 τῆς
573 4719 724 4790 ἱερᾶς
753 4715 956 4783 ταύτης
979 4715 1261 4784 φάλαγγος
1291 4711 1708 4783 προϐαλλομένη
1758 4713 1800 4764 Τ
1803 4714 2030 4784 αράσιον

454 4807 1105 4868 Κωνσταντινουπόλεως,
1152 4806 1241 4856 τὸν
1268 4805 1326 4856 ὲν
1365 4803 1575 4874 ίερεῦσι
1607 4803 1745 4858 Θεοῦ
1775 4805 2031 4875 περιϐόηο

451 4920 565 4967 τον,
607 4900 814 4969 Πέτρον
844 4896 940 4950 τοῦ
975 4896 1084 4954 τῶν
1130 4897 1322 4964 ἱερέων
1353 4896 1634 4964 τάγματος
1667 4895 1904 4966 πρῶτον,
1938 4899 2032 4949 καὶ

451 4993 640 5063 ἕτερον
669 4990 876 5059 Πέτρον
924 4985 1294 5056 πρεσϐύτερον
1328 4985 1423 5038 καὶ
1461 4985 1764 5056 ἡγούμενον
1807 4986 1903 5054 τῆς
1938 4986 2032 5040 τοῦ

453 5085 609 5152 ἁγίου
639 5081 825 5137 Σάϐϐα
859 5079 1048 5150 μονῆς,
1079 5077 1172 5131 τὸν
1200 5077 1364 5134 τόπον
1391 5077 1676 5150 Ἀδριανοῦ
1706 5077 1801 5131 τοῦ
1833 5079 2034 5132 πάππα

466 5175 688 5246 Ῥώμης
742 5171 1228 5244 κληρωσαμένους,
1291 5167 1544 5240 Ἰωάννην
1589 5186 1650 5222 τε
1699 5171 1790 5222 καὶ
1830 5168 2034 5236 Θωμᾶν

455 5265 886 5334 πρεσϐυτέρους,
921 5263 1016 5315 καὶ
1047 5260 1212 5322 καλὸν
1259 5261 1319 5314 ὲν
1364 5261 1634 5330 ἀσκηταῖς
1689 5258 2032 5330 λάμποντας,

454 5360 563 5412 τῶν
590 5359 688 5426 τῆς
723 5355 1015 5426 ’Λνατολῆς
1064 5353 1415 5425 πατριαρχῶν
1460 5351 1553 5404 τὸν
1607 5353 1772 5406 τόπον
1809 5353 2034 5422 ἐπέχον-

455 5470 574 5513 τας,
603 5451 748 5516 λέγω
785 5448 871 5517 δὴ.
910 5447 1289 5518 Ἀπολιναρίου
1331 5443 1768 5514 Ἀλεξανδρείας,
1825 5445 2036 5498 Θεοδω-

460 5546 625 5614 ρήτου
663 5538 1020 5608 Ἀντιοχείας,
1071 5537 1168 5590 καὶ
1217 5535 1377 5590 ’Πλία
1435 5533 1852 5604 Ἰεροσολύμων.
1885 5532 2033 5599 Αὕτη

457 5637 638 5704 τοίνυν
659 5635 692 5703 ἡ
725 5630 856 5698 ἁγία
890 5631 1129 5696 σύνοδος,
1162 5630 1288 5692 τοῦς
1313 5628 1511 5683 εἴδωλα
1527 5625 1624 5690 τὰς
1647 5627 2034 5696 προσκυνητάς

457 5728 550 5782 τοῦ
573 5723 809 5796 Χριστοῦ
845 5725 938 5775 καὶ
956 5723 1063 5775 τῶν
1094 5722 1265 5794 ἁγίων
1291 5720 1458 5775 αὐτοῦ
1489 5720 1726 5782 εἰκόνας,
1749 5718 1793 5772 ὣ
1827 5721 2032 5789 μιαρᾶς

461 5821 727 5897 γλώττης,
767 5816 1194 5881 ἀποκαλοῦντας,
1241 5816 1308 5886 δι’
1340 5809 1413 5867 ὧν
1438 5813 1671 5868 εἰδώλων
1704 5815 1880 5885 πλάνη
1911 5813 2032 5868 διώ-

2134 4617 2419 4674 Tarasium
2472 4612 3137 4681 ConstantinOpolitannm
3195 4607 3369 4677 magni
3424 4605 3565 4657 inter
3613 4597 3707 4652 Dei

2131 4713 2444 4767 sacerdotes
2489 4706 2747 4770 nominis,
2778 4705 2999 4759 Petrum
3052 4704 3105 4756 in
3139 4698 3486 4755 sacerdotum
3519 4693 3710 4747 ordine

2132 4805 2337 4875 primas
2371 4815 2670 4867 tenentem,
2705 4809 2760 4855 et
2813 4798 2979 4854 alium
3031 4794 3251 4848 Petrum
3307 4787 3705 4859 presbyterum,

2133 4909 2190 4955 et
2212 4900 2384 4953 sancti
2420 4899 2575 4952 Saba:
2609 4892 2922 4949 monasterii
2957 4889 3303 4958 prml‘ectum,
3335 4883 3426 4950 qui
3485 4875 3706 4932 Adriani

2137 5003 2289 5058 papa:
2320 4986 2551 5042 Romani
2581 4985 2756 5040 locum
2783 4982 3010 5036 sortitus
3041 4989 3159 5034 est:
3189 4975 3453 5030 Joannem
3485 4981 3537 5026 et
3567 4971 3712 5026 Tho-

2137 5097 2282 5136 mam
2317 5081 2687 5151 presbyteros.
2714 5083 2768 5131 et
2797 5073 3088 5129 admodum
3125 5071 3268 5126 inter
3299 5069 3593 5124 monachos
3619 5080 3712 5119 ce-

2138 5172 2336 5234 lebres,
2370 5169 2607 5224 Orientis
2654 5165 3087 5238 patriarcharum
3121 5163 3300 5216 locum
3335 5168 3598 5219 tenentes,
3629 5157 3714 5209 ni-

2140 5262 2336 5315 mirum
2379 5260 2677 5328 Apolinarii
2737 5256 3117 5322 Alexandrini,
3169 5253 3488 5308 Theodoriti
3523 5251 3716 5303 Antio-

2137 5352 2323 5414 cheni,
2357 5360 2409 5404 et
2442 5349 2570 5403 Elia:
2610 5347 3114 5418 Ilierosolymitani.
3155 5345 3280 5399 llaec
3332 5345 3498 5412 igitur
3529 5352 3710 5395 sancta

2140 5445 2380 5516 synodus
2431 5457 2526 5497 eos
2567 5442 2656 5510 qui
2694 5442 3028 5494 venerandas
3061 5439 3267 5494 Christi
3315 5449 3368 5490 et
3400 5427 3712 5491 sanctorum

2142 5539 2286 5594 illius
2313 5535 2599 5604 imagines,
2631 5549 2728 5603 per
2751 5549 2888 5602 quas
2920 5533 3187 5588 idolorum
3217 5545 3373 5586 error
3402 5528 3711 5596 expellitur,

2140 5631 2210 5685 oh
2265 5629 2472 5696 impura
2545 5626 2787 5696 lingua!-
2820 5625 2962 5678 idula
3019 5633 3234 5684 vocant,
3284 5620 3716 5675 irresolubilibtts

2143 5719 2508 5778 anathematis
2561 5717 2796 5771 vinculis
2837 5717 3113 5770 communi
3153 5714 3413 5785 suffragio
3463 5713 3711 5781 subjerc-

2150 5826 2313 5876 runt:
2347 5823 2400 5868 ct
2435 5813 2572 5868 duos
2611 5819 2664 5864 et
2697 5809 2887 5879 viginti
2924 5824 3159 5866 canones
3203 5809 3257 5864 in
3298 5807 3534 5864 ﬁdelium
3569 5807 3718 5860 utili-
