4016 6400
296 261 316 278 .
363 316 436 382 99
443 317 475 380 3
1777 310 2202 378 PR/EFATIO.
3512 323 3624 390 99‘

361 425 660 489 τάξαντοςο
718 425 818 480 καὶ
869 423 1043 481 ταῦτα
1083 425 1305 498 χάριτος
1355 426 1487 496 ὅσης
1539 429 1630 477 καὶ
1665 425 1937 487 υἱοθεσίας

2046 426 2379 487 habuissent.
2431 427 2709 494 pnt‘ridum
2759 430 2976 498 quidem
3031 432 3332 486 membrum
3380 432 3619 504 Spiritus

362 516 658 584 ἠξιωκότος
687 517 816 580 τοὺς
850 517 1270 584 ἀπαλλάξαντας
1302 517 1441 580 τέως
1490 518 1589 584 τῆς
1638 516 1932 584 ἐπαχθείας

362 609 456 663 τοῦ
490 609 679 677 νόμον.
715 611 951 680 Προσέτι
981 627 1044 680 γε
1075 611 1184 679 μὴν
1221 609 1315 662 καὶ
1359 610 1485 672 τοὺς
1517 610 1934 678 θαυμάσαντας,

361 700 509 760 ὅπως
536 698 728 770 πρώην
763 700 831 753 τὰ
861 700 970 753 τῶν
999 701 1276 770 δαιμόνων
1304 697 1441 770 ἦγον
1467 702 1525 752 ἐν
1563 696 1844 769 θαύματιί
1875 701 1936 752 τὸ

368 793 552 859 μέντοι
609 793 846 862 σεσηπὸς
903 794 1007 864 ’ήδη
1060 795 1168 846 τῶν
1204 793 1419 862 μελῶν,
1458 797 1525 864 τῇ
1563 795 1810 864 μαχαίρᾳ
1837 794 1934 846 τοῦ

366 883 684 950 Πνεύματος
723 883 785 938 εὖ
826 886 975 954 μάλα
1007 887 1099 938 καὶ
1155 885 1340 952 σοφῶς
1370 877 1648 951 άποξέειν,
1675 887 1822 951 ὅπως
1859 886 1935 957 μὴ

363 973 460 1025 καὶ
496 975 608 1036 τοῖς
640 973 871 1041 ἔγγιστα
905 977 972 1046 τῇ
1022 978 1282 1049 κοινωνίᾳ
1341 976 1674 1047 λυμήνηται,
1711 979 1936 1049 ἄριστον

364 1065 634 1129 ἔγνωσαν,
667 1065 761 1118 καὶ
804 1065 1070 1120 κάλλιστα
1117 1066 1262 1137 ἔχειν
1296 1068 1372 1138 τῷ
1401 1068 1567 1140 κοινῷ
1598 1069 1734 1140 πρὸς
1765 1071 1938 1138 ἀσφά-

365 1153 538 1206 λειαν.
579 1155 697 1208 Ἵνα
721 1159 906 1208 τοίνυν
935 1157 986 1210 οί
1011 1159 1131 1227 μετ’
1162 1159 1408 1221 ἐκείνους
1437 1161 1701 1228 ποιμένες
1745 1178 1804 1213 τε
1842 1162 1938 1214 καὶ

367 1243 684 1298 διδάσκαλοι
712 1247 882 1299 τύπον
905 1247 1081 1317 έχοιεν
1111 1249 1265 1303 ὥσπε
1274 1269 1305 1322 ρ
1328 1252 1574 1321 διδαχῆς,
1595 1251 1738 1306 οὓτω
1752 1252 1816 1322 δὴ
1842 1253 1938 1306 καὶ

370 1335 617 1403 ἰατρείας
650 1339 1052 1408 πνευματικῆς,
1075 1345 1262 1411 γραφῇ
1284 1343 1344 1394 τὸ
1361 1342 1698 1412 κατάλληλον
1731 1345 1939 1417 ἑκάστῃ

364 1427 474 1478 τῶν
507 1428 677 1480 νόσων
711 1431 1122 1498 ἐσημειώσαντο
1157 1435 1473 1503 φάρμακον,
1503 1435 1767 1505 πρότερον
1796 1437 1939 1506 μετὰ

363 1517 458 1570 τοῦ
487 1518 644 1587 ἁγίου
678 1521 849 1575 ταῦτα
881 1523 1219 1594 σκεψάμενοι
1255 1529 1594 1594 Πνεύματος.
1633 1526 1727 1580 τοῦ
1757 1529 1938 1594 σοφῶς

364 1610 779 1680 οίκονομοῦντος
827 1617 920 1668 καὶ
957 1617 1332 1682 διευθύνοντος
1376 1619 1446 1671 τὰ
1476 1619 1741 1690 ἡμέτερα.
1775 1619 1937 1673 Ὅθεν

363 1703 412 1753 oi
438 1702 503 1755 τὰ
535 1703 743 1757 τούτων
775 1710 832 1757 ἐν
863 1709 972 1771 τοῖς
1013 1707 1278 1771 τοιούτοις
1311 1711 1441 1778 περὶ
1493 1709 1782 1780 ἐλαχίστου
1825 1711 1937 1765 τῶν

2043 516 2222 587 gladio
2252 531 2474 585 prorsus
2495 528 2546 572 et
2576 520 2755 586 palam
2785 521 3128 586 abscindere,
3155 540 3221 577 ne
3245 527 3418 580 vicina
3444 531 3618 584 socie—

2045 609 2172 663 tatis
2205 612 2526 678 contagione
2555 611 3086 679 contaminarentur,
3112 619 3370 682 Optimum
3405 633 3528 672 esse
3561 630 3617 674 et

2045 701 2110 752 ad
2165 701 2571 756 communitatis
2620 704 2970 758 securitatem
3024 707 3258 761 maxime
3316 713 3616 766 conducere

2039 790 2370 858 indicarunt.
2425 792 2770 863 QuaprOpter
2797 806 2851 848 ut
2886 797 2951 850 iis
2985 799 3342 854 succedentes
3370 815 3618 869 pastores

2043 892 2093 935 et
2133 893 2495 952 praeceptores
2541 894 2650 938 tam
2683 887 2943 942 doctrina:
2989 905 3150 958 quam
3191 893 3490 961 spiritualis
3522 898 3618 949 ba-

2045 975 2235 1029 herent
2266 977 2545 1030 medicinae
2583 975 2836 1042 fortnam,
2865 993 3160 1046 congruum
3205 983 3404 1052 cuique
3428 987 3623 1041 morbo

2045 1070 2500 1123 medicamentum
2549 1071 2769 1140 scriptis
2819 1069 3238 1143 consignarunf,
3291 1091 3415 1130 cum
3467 1079 3615 1145 prius

2045 1161 2111 1214 de
2163 1160 2311 1215 bisee
2347 1163 2512 1215 rebus
2557 1177 2680 1215 cum
2723 1163 2929 1231 Spiritu
2979 1175 3170 1221 saneto
3203 1168 3620 1236 deliberassent,

2044 1252 2132 1321 qui
2164 1267 2251 1306 res
2275 1261 2490 1306 nostras
2522 1255 2796 1323 sapienter
2820 1255 3096 1323 dispensat
3150 1271 3213 1312 ae
3241 1257 3448 1328 dirigit.
3473 1257 3622 1326 Quo-

2045 1342 2186 1395 circa
2219 1343 2308 1411 qui
2345 1343 2541 1396 hornm
2578 1357 2743 1412 opera
2780 1344 2832 1398 in
2867 1345 3175 1416 huiusmodi
3215 1349 3375 1403 rebus
3408 1351 3616 1419 cogita-

2049 1434 2287 1487 tionibus
2325 1434 2437 1488 suis
2472 1433 2696 1489 minime
2728 1445 3304 1503 versantat‘extremas
3343 1441 3433 1508 qui
3467 1440 3619 1497 luant

2045 1540 2235 1597 paruas
2267 1527 2412 1595 digni
2449 1537 2595 1591 sunt,
2632 1541 2910 1597 prapterea
2941 1533 3083 1599 quod
3114 1534 3380 1588 humanas
3414 1534 3618 1604 impro-

2046 1619 2247 1688 basque
2273 1619 2649 1687 cogitationes,
2677 1631 2732 1674 et
2758 1621 3041 1678 instabiles
3065 1625 3440 1681 meditationes
3455 1624 3612 1693 juxta

2043 1708 2344 1772 oraculum,
2372 1712 2516 1766 veris
2546 1711 2824 1780 firmisque
2852 1717 3090 1784 Spiritus
3120 1717 3326 1784 legibus
3355 1715 3618 1784 pertinaci

364 1793 643 1864 σφετέρων
672 1797 952 1867 τιθέμενοι
981 1799 1282 1870 λογισμῶν,
1309 1801 1419 1854 τῶν
1450 1803 1698 1872 ἐσχάτων
1723 1802 1792 1857 ἂν
1823 1801 1932 1857 εἷεν

2046 1805 2226 1861 animo
2253 1808 2629 1876 praetulerunt.
2665 1805 2738 1861 De
2771 1808 2920 1863 hisee
2946 1822 3077 1863 vero
3108 1810 3242 1864 satis
3278 1810 3479 1864 dictum
3510 1819 3614 1863 est.

359 1886 627 1952 τιμᾶσθαι
655 1887 879 1951 δίκαιοι,
915 1890 998 1942 ὅτι
1024 1891 1149 1954 τοὺς
1183 1890 1559 1960 ἀνθρωπίνους¹
1605 1895 1703 1949 καὶ
1729 1895 1938 1958 δειλοὺς

2046 1895 2137 1950 Sic
2165 1906 2343 1950 autem
2373 1899 2487 1962 liat,
2523 1912 2590 1951 ne
2619 1899 2670 1950 in
2701 1900 2945 1966 ejusdem
2980 1901 3254 1965 repetendi
3286 1900 3485 1955 laboris
3511 1900 3620 1954 cri-

360 1975 456 2028 καὶ
487 1977 586 2040 τὰς
623 1979 941 2048 ἐπισφαλεῖς
979 1982 1222 2047 ἐπινοίας
1249 1986 1390 2037 κατὰ
1424 1985 1484 2038 τὸ
1514 1985 1718 2052 λόγιον,
1751 1987 1859 2040 τῶν
1890 1987 1938 2040 τ’

2046 2001 2169 2042 men
2205 1989 2528 2043 incidamus.
2567 1991 2740 2044 Porro
2777 2006 2842 2044 ne
2869 2003 3079 2059 tempus
3106 2006 3320 2061 quoque
3352 1995 3492 2061 quod
3517 1993 3620 2045 boc

359 2066 631 2136 ἀληθινῶν
660 2071 756 2122 xxi
790 2070 1027 2141 βεϐαίων
1076 2075 1170 2128 τοῦ
1223 2076 1549 2146 [Ινεύματος
1590 2078 1770 2146 νόμων
1800 2079 1935 2132 αὐθ-

2046 2094 2181 2148 opus
2211 2079 2262 2134 in
2289 2081 2465 2135 lucem
2499 2082 2734 2137 sdlarem
2764 2085 2988 2153 protulit
3021 2086 3248 2140 lectores
3271 2085 3462 2149 lateat,
3501 2093 3623 2152 post

357 2163 572 2230 εκάστῳ
627 2166 1064 2234 προτετιμήκασι
1104 2167 1321 2238 γνώμῃ.
1367 2168 1536 2222 Ἀλλά
1581 2169 1789 2224 τούτων
1835 2171 1937 2238 μὲν

2046 2171 2398 2238 sextnplieetn
2429 2189 2618 2229 rursus
2646 2178 2946 2230 centuriam
2974 2192 3147 2230 annus
3171 2177 3618 2246 quadragesimus

359 2252 502 2315 ἆλις.
539 2253 639 2322 Ετη
667 2255 723 2306 δὲ
756 2258 895 2326 μήτε
927 2259 1052 2320 τοὺς
1076 2261 1507 2328 ἐντυγχάνοντας
1536 2259 1615 2330 τῷ
1648 2263 1937 2332 συγγράμ-

2047 2265 2244 2318 tertius
2286 2267 2549 2333 temporis
2579 2282 2799 2321 cursum
2857 2280 3051 2325 exacte
3085 2283 3341 2323 emensus
3372 2279 3477 2323 est.

360 2362 491 2412 ματι
524 2349 660 2418 τῷδε
691 2351 835 2413 τινος
855 2351 966 2405 τῶν
998 2355 1306 2422 χρησίμων,
1340 2355 1480 2423 μήτε
1511 2354 1618 2425 μὴν
1649 2356 1792 2426 ἡμᾶς
1818 2357 1924 2408 τῶν
1962 2357 2215 2424 άμοιὸῶν
2273 2358 2367 2411 τοῦ
2430 2359 2594 2412 πόνου
2642 2361 2986 2432 διαμαρτεῖν.
3051 2363 3140 2426 Ὦς
3165 2362 3232 2416 ἂν
3271 2361 3329 2414 δὲ
3397 2360 3536 2431 μηδὲ
3595 2362 3624 2413 6

356 2442 546 2510 χρόνος
577 2442 858 2496 λανθάνων
910 2445 995 2516 εἴη
1044 2453 1169 2511 τοὺς
1223 2451 1682 2521 ἐντυγχάνοντας,
1733 2451 1792 2514 ὃς
1829 2451 1922 2504 ὑπ’
1961 2452 2140 2521 αὐγάς
2167 2454 2322 2525 ἡλίου
2362 2455 2432 2508 τὰ
2499 2457 2601 2525 τῆς
2670 2455 3056 2524 πραγματείας
3121 2454 3435 2524 προήνεγκε
3487 2467 3624 2504 ταυ-

357 2536 507 2599 τησὶ,
541 2538 680 2600 μετὰ
724 2535 821 2605 τὴν
862 2535 1100 2608 ὲξαπλῆν
1131 2539 1240 2591 τῶν
1270 2541 1408 2593 ἐτῶν
1436 2543 1670 2611 χιλιάδα,
1699 2544 1796 2596 καὶ
1829 2543 1928 2613 τὴν
1962 2545 2246 2618 όκταπλῆν
2271 2543 2428 2611 αὖθις
2461 2546 2828 2611 ἐκατοντάδα,
2880 2545 3066 2616 τρίτον
3125 2547 3219 2598 καὶ
3283 2558 3622 2610 τεσσαρακο-

360 2626 486 2678 στὸν
519 2627 641 2690 ἔτος
671 2630 769 2700 τὴν
799 2632 972 2700 φορὰν
1000 2633 1242 2703 ἀτεχνῶς
1282 2635 1507 2706 ἐμέτρει
1535 2635 1630 2689 τοῦ
1665 2635 1886 2707 χρόνου.

363 2741 490 2792 Ἔτι
523 2740 625 2819 καί
661 2743 789 2819 περὶ
827 2741 945 2819 τῶν
966 2744 1298 2819 πολιτικῶν
1329 2747 1554 2816 νόμων,
1585 2749 1730 2802 ὅθεν
1747 2749 1944 2819 ἔσχον

558 2809 676 2877 τὴν
702 2811 924 2880 ἀρχὴν,
956 2813 1056 2866 καί
1092 2813 1252 2881 ὅπως
1281 2809 1705 2885 συνέστησαν.

430 2901 595 2954 Οὐδὲν
623 2902 680 2956 δὲ
711 2899 821 2955 οἷον
853 2907 942 2958 καὶ
976 2909 1102 2974 περὶ
1130 2908 1242 2960 τῶν
1273 2909 1569 2963 πολιτικῶν
1591 2911 1772 2980 νόμων
1805 2911 1942 2982 βρα-

363 2993 466 3061 χέα
501 2993 794 3062 διαλαϐεῖν,
824 2999 918 3049 καὶ
939 2997 1063 3051 ὅθεν
1088 2998 1247 3069 ἔσχον
1272 3002 1368 3054 καὶ
1400 2996 1546 3056 οὗτοι
1582 3003 1680 3073 τὴν
1701 3004 1936 3071 γένεσιν,

2042 2750 2120 2805 De
2156 2748 2390 2818 politici:
2442 2749 2603 2802 etiam
2645 2747 2843 2816 legibus
2881 2750 3020 2801 unde
3061 2758 3238 2800 ortum
3294 2745 3595 2801 habuerunt

2404 2828 2451 2872 et
2483 2825 2741 2889 quomodo
2777 2820 3079 2872 constituta:
3109 2827 3252 2871 sunt.

2108 2910 2251 2967 Nihil
2287 2921 2464 2966 autem
2503 2919 2650 2964 vetat
2679 2925 2788 2980 quo
2822 2911 3004 2964 minus
3037 2917 3092 2963 et
3122 2912 3188 2962 de
3219 2908 3456 2978 politieis
3483 2907 3620 2978 legi-

2039 3004 2139 3060 bus
2169 3002 2409 3058 breviter
2439 3001 2794 3065 disseramus,
2839 3010 2893 3054 et
2921 3001 3069 3054 unde
3101 3000 3230 3070 ipsa:
3284 3014 3500 3069 quoque
3527 3015 3618 3054 or-

363 3085 440 3144 ώς
479 3087 723 3154 ἐφικτὸν,
763 3089 1079 3160 ἱστορῆσαι·
1141 3092 1329 3165 ἐπειδὴ
1382 3096 1478 3146 καὶ
1527 3099 1735 3149 τούτων
1762 3097 1938 3160 ἐνίους

2047 3105 2158 3150 tum
2191 3095 2501 3150 habuerunt
2527 3107 2625 3164 pro
2656 3093 2863 3146 viribus
2890 3092 3299 3157 describamus;
3329 3091 3376 3148 si
3405 3093 3622 3161 quidem

361 3179 475 3240 τοῖς
524 3177 633 3230 τῶν
674 3178 838 3248 ἱερῶν
897 3183 1218 3249 κεφαλαίοις
1252 3185 1516 3247 κανόνων,
1571 3185 1645 3248 ὡς
1691 3187 1756 3240 ἄν
1787 3205 1938 3251 τινας

363 3272 716 3344 ἐπικούρους,
765 3276 876 3328 δεῖν
898 3276 1014 3347 ᾠήο
1028 3297 1053 3344 ξ
1063 3295 1164 3347 μεν
1214 3281 1622 3349 προσαρμόσαι.
1656 3279 1810 3332 Κατὰ
1843 3279 1941 3350 τὴν

363 3363 590 3434 πρώτην
636 3365 998 3434 Ὀλυμπιάδα,
1035 3369 1158 3420 καθ’
1203 3371 1267 3438 ἢν
1299 3370 1490 3436 ὃγδοον
1519 3372 1656 3440 μετὰ
1682 3371 1742 3422 τὸ
1770 3372 1942 3423 ἐπτα-

363 3459 645 3510 κοσιοστὸν
706 3459 800 3510 καὶ
858 3461 1396 3530 τετρακισχιλιοστὸν
1458 3465 1486 3517 6
1530 3465 1737 3532 κόσμος
1777 3463 1966 3535 ἦνυεν⁴Ι

366 3550 501 3612 ἔτος,
549 3551 829 3618 Ῥωμύλος
859 3551 1138 3621 βασιλεύει
1166 3555 1268 3623 τῆς
1309 3554 1524 3627 Ῥώμης
1547 3571 1562 3588 ο
1599 3555 1718 3626 μεθ’
1739 3555 1797 3610 ὃν
1820 3556 1940 3609 ἓτε-

371 3655 452 3708 ροι
479 3640 570 3693 τὸν
591 3642 827 3712 ἀριθμὸν
857 3643 918 3708 ἓξ
949 3645 1210 3714 ἀλλήλους
1245 3642 1384 3716 ἦσαν
1409 3647 1814 3717 διαδεχόμενον
1849 3649 1942 3702 καὶ

365 3733 578 3802 χρόνοις
605 3736 790 3798 αὐτοῖς
820 3738 888 3790 τὰ
946 3738 1050 3806 τῆς
1083 3739 1370 3809 βασιλείας
1420 3742 1645 3812 ἐμέτρει
1684 3741 1942 3811 τέταρτος

364 3828 455 3878 καὶ
489 3832 924 3898 τεσσαρακοστος
959 3833 1095 3908 πρὸς
1126 3836 1238 3896 τοῖς
1266 3833 1587 3898 διακοσίοις.
1625 3831 1760 3887 Ὑπὸ
1786 3833 1941 3896 βασιο

362 3917 510 3982 λείας
535 3921 714 3972 τοίνυν
755 3921 1078 3994 ίϐυνομένης
1123 3926 1222 3994 τῆς
1274 3924 1507 3991 πόλεως,
1541 3925 1709 3995 ρἦες
1737 3926 1805 3978 τὰ
1839 3927 1940 3996 τῆς

365 4010 638 4076 πολιτείας
695 4012 948 4084 διῴκουν,
984 4015 1252 4087 δευτέραν
1309 4018 1451 4086 μετά
1505 4019 1686 4086 γετὸν
1711 4018 1939 4088 βασιλέα

324 4109 460 4194 ,τὴν
492 4108 744 4176 ἐξουσίαν
797 4111 1174 4183 ἀνῃρημένον
1213 4114 1310 4167 καὶ
1356 4113 1418 4166 τδ
1461 4114 1692 4178 ἐκείνοις
1745 4114 1939 4167 δοκοῦν

362 4201 527 4271 νόμου
578 4201 808 4272 δύναμιν
856 4199 970 4273 εἶχε
1022 4207 1088 4274 τῇ
1149 4205 1422 4278 πολιτείᾳ,
1473 4206 1690 4260 οὐδέπω
1743 4208 1937 4278 γὰρ’ἐν

361 4297 657 4366 γράμμασι
690 4298 864 4366 νόμος
889 4293 980 4368 ἦν.
1013 4299 1171 4352 Κατὰ
1193 4299 1369 4368 δὲτὴν
1397 4299 1589 4370 ὀγδόην
1619 4301 1714 4353 καὶ
1745 4301 1936 4371 ἐξηκοο

364 4389 494 4460 στὴν
543 4390 907 4459 Ὀλυμπιάδα,
966 4393 1049 4454 είς
1097 4392 1474 4464 δημοκρατίαν
1502 4393 1601 4464 τῆς
1660 4392 1936 4462 βασι)είας

2048 3197 2106 3243 et
2150 3202 2337 3242 earum
2368 3185 2660 3240 nonnullas
2711 3199 2992 3240 sacrorum
3024 3198 3290 3238 canonum
3330 3185 3624 3252 capitibus,

2051 3290 2306 3348 tanquam
2348 3278 2638 3332 auxiliares
2675 3279 2937 3347 quasdam
2971 3277 3266 3331 adnectere
3313 3277 3485 3331 visum
3515 3287 3622 3355 est.

2051 3371 2243 3426 Priuta'
2281 3370 2501 3426 circiter
2551 3368 2918 3440 Olympiade,
2968 3382 3089 3422 cum
3147 3368 3377 3422 mundus
3429 3379 3626 3436 quater

2050 3461 2393 3517 millesimum
2462 3461 3006 3530 septingentesimum
3078 3468 3327 3514 octavum
3419 3475 3620 3513 annum

2050 3555 2371 3624 peregisset,
2404 3552 2663 3607 liomnlus
2714 3551 2899 3606 Batnae
2931 3552 3252 3619 imperabat,
3285 3558 3406 3620 post
3461 3566 3622 3620 quem

2050 3643 2142 3696 alii
2174 3657 2397 3696 numero
2424 3656 2518 3696 sex
2547 3640 2703 3694 aliter
2735 3641 2894 3694 alteri
2930 3642 3335 3695 succedebant:
3363 3653 3415 3693 et
3445 3656 3625 3694 annus

2049 3734 2406 3802 Miregnnm
2433 3735 2496 3786 iis
2517 3747 2772 3787 emensus
2798 3742 2902 3786 est.
2942 3731 3086 3786 Urbe
3107 3733 3272 3802 igitur
3298 3736 3449 3804 regni
3475 3748 3624 3786 more
3663 3809 3670 3815 '

2049 3829 2376 3898 gnbernata,
2443 3839 2596 3894 reges
2664 3838 2751 3878 res
2813 3824 3063 3892 politicas
3118 3824 3622 3893 administrabant,

2049 3917 2350 3985 proximam
2379 3923 2500 3985 post
2523 3915 2908 3983 imperatorem
2933 3922 3258 3984 potestatem
3281 3925 3621 3977 exercentes.

2047 4019 2102 4064 et
2155 4012 2297 4076 quod
2329 4008 2396 4062 iis
2429 4008 2602 4062 visum
2635 4015 2720 4061 est
2755 4007 2888 4076 legis
2921 4007 2971 4059 in
3017 4006 3295 4074 republica
3329 4008 3472 4061 vires
3525 4010 3623 4062 ob-

2050 4101 2275 4155 tinebat.
2320 4097 2431 4154 Lex
2460 4097 2603 4152 enim
2651 4096 2845 4151 litteris
2876 4099 3112 4151 nondum
3164 4097 3416 4152 mandata
3462 4098 3569 4152 fuit
3597 4138 3614 4152 .

2046 4192 2281 4247 (Iirciler
2310 4205 2482 4246 ut'ttt
2530 4189 2849 4260 Olympiade
2901 4203 3067 4257 regno
3115 4187 3170 4242 in
3220 4189 3616 4244 democraiam

2045 4285 2285 4353 delapso,
2315 4294 2371 4339 et
2402 4282 2616 4352 regibus
2647 4296 2677 4336 e
2712 4281 2892 4336 medio
2919 4280 3166 4345 sublatis,
3219 4289 3273 4336 et
3306 4282 3615 4336 introducta

2044 4377 2328 4433 consulum
2361 4374 2702 4446 pra-fectum,
2752 4375 2980 4444 populus
3028 4373 3306 4429 Romanus
3335 4375 3615 4431 indeﬂnita

366 4483 807 4552 μεταπεσούσης,
842 4483 1072 4537 καὶτῶν
1097 4484 1288 4555 ῥηγῶν
1309 4485 1622 4554 γενομένων
1651 4486 1717 4538 ἐκ
1748 4485 1938 4555 μέσου,

2046 4471 2298 4548 quadam.
2324 4469 2461 4540 lege,
2493 4467 2576 4523 vel
2611 4469 3024 4531 censue-tudine,
3059 4479 3116 4521 ut
3159 4469 3351 4523 melius
3390 4469 3568 4523 dicam
3600 4509 3617 4528 .

358 4575 458 4641 τῆς
481 4575 536 4627 δὲ
556 4574 666 4628 τῶν
695 4575 920 4628 ὑπάτων
962 4576 1312 4647 είσαχθείσης
1363 4577 1688 4647 ἡγεμονίας,
1720 4581 1748 4630 6
1774 4577 1945 4649 δῆμος

375 4665 668 4735 Ῥωμαίων
717 4668 959 4738 ἀορίστῳ
1008 4669 1114 4720 τινὶ
1145 4668 1374 4740 νόμῳ,ἢ
1421 4669 1705 4740 συνηθείᾳ,
1740 4670 1942 4738 μᾶλλον

364 4756 562 4819 εἰπεῖν,
588 4757 858 4827 ἐκέχρητο
877 4773 894 4790 ⁸
928 4757 1064 4811 ἀλλὰ
1096 4759 1226 4828 πρὶν
1245 4757 1422 4810 εἴκοσι
1443 4759 1669 4828 χρόνους
1701 4759 1940 4828 ἐξήκειν,

363 4845 564 4916 ἄνδρας
593 4849 620 4898 6
643 4847 816 4916 δῆμος
834 4849 1188 4919 ἐκλεξάμενοι
1211 4849 1366 4913 δέκα,
1391 4842 1466 4904 ὧν
1488 4846 1660 4921 ἦρχεν
1699 4853 1943 4917 Ἀππιος

364 4940 659 5004 Κλαύδιος,
691 4941 892 5010 νόμους
924 4941 1138 5004 τούτοις
1189 4942 1592 5012 ἐπιτετράφασι
1643 4942 1838 4996 θεῖναι.
1877 4946 1940 4998 Oi

366 5033 420 5086 δὲ
449 5033 856 5102 συναγαγόντες
882 5036 950 5086 τά
979 5034 1259 5106 σποράδην
1300 5037 1556 5105 κείμενα,
1587 5036 1827 5106 ὡσπερεὶ
1859 5037 1944 5089 νό-

369 5142 514 5194 μιμα
535 5125 636 5194 τῆς
679 5126 900 5196 Ῥώμης
930 5126 1054 5194 ἔθη,
1086 5128 1472 5198 ἐρανισάμενοί
1499 5145 1559 5181 τε
1591 5130 1687 5182 καὶ
1710 5127 1940 5199 Ἀθήνη-

365 5217 455 5270 οεν
488 5220 588 5272 οὐκ
613 5219 830 5286 ὀλίγους
860 5219 972 5273 τῶν
1013 5219 1347 5290 Ἑλληνικῶν
1372 5222 1578 5291 νόμων,
1624 5222 1739 5274 ὅσοι
1770 5238 1828 5274 τε
1859 5223 1942 5286 είς

365 5309 580 5361 Σόλωνα
611 5310 712 5380 τὴν
731 5310 1013 5380 ἀναφορὰν
1048 5309 1280 5379 αὐχοῦσι
1316 5312 1414 5364 καὶ
1454 5312 1760 5380 Δράκοντα,
1805 5313 1938 5380 πρὸς

362 5403 419 5455 δὲ
446 5404 538 5455 καὶ
563 5404 720 5465 ὅσους
744 5404 834 5455 τὸν
854 5395 1173 5472 Λυκοῦργον
1201 5403 1358 5472 λόγος
1380 5403 1675 5471 ἐσχηκέναι
1705 5404 1937 5472 πατέρα,

341 5494 460 5561 ,καὶ
487 5494 701 5554 Μίνωα,
736 5494 831 5547 καὶ
871 5495 997 5557 τοὺς
1027 5495 1326 5558 τοιούτους,
1391 5494 1608 5564 βίϐλους
1639 5497 1702 5547 ἐκ
1731 5494 1943 5548 τούτων

358 5584 727 5636 συντάτσουσι
775 5584 1123 5639 δυοκαίδεκα.
1192 5585 1371 5638 Σόλων
1407 5585 1508 5654 μέν
1548 5584 1658 5653 γὰρ
1707 5588 1802 5636 καὶ
1832 5586 1940 5637 Au-

361 5675 598 5746 κοῦργος
621 5678 748 5738 τοὺς
781 5677 1043 5747 ἀρίστους
1071 5679 1186 5740 τοῖς
1232 5677 1461 5744 Ἕλλησι
1491 5677 1943 5745 συγγεγραφέναι

355 5765 609 5834 λέγονται
637 5770 856 5839 νόμους,
925 5770 953 5823 6
1019 5769 1118 5838 μὲν
1181 5769 1465 5841 Ἀθήνησι,
1513 5768 1828 5838 Λυκοῦργος
1881 5768 1940 5820 δὲ

2048 4577 2178 4617 usus
2206 4571 2290 4616 est
2316 4578 2330 4616 :
2361 4561 2510 4632 prius
2545 4570 2727 4634 autern
2759 4575 2921 4629 quam
2966 4559 3152 4627 viginti
3203 4561 3461 4614 transacti
3492 4571 3624 4615 sunt

2047 4656 2199 4719 anni,
2234 4656 2468 4724 populus
2502 4655 2684 4709 decem
2721 4655 2986 4724 eligentes
3019 4655 3186 4718 viros,
3220 4669 3450 4722 quorum
3485 4670 3621 4725 prae-

2047 4750 2238 4816 cipnus
2266 4747 2366 4802 fuit
2395 4745 2601 4816 Appius
2632 4745 2910 4811 Claudius,
2942 4745 3152 4800 divinas
3189 4745 3257 4802 iis
3291 4746 3439 4816 leges
3463 4761 3620 4801 com.

2047 4841 2358 4896 mittebant.
2388 4839 2450 4895 Hi
2478 4850 2654 4894 autem
2681 4839 3121 4904 consuetudines,
3149 4848 3402 4907 tanquam
3433 4839 3622 4892 Romae

2047 4935 2212 5002 leges,
2245 4934 2472 5003 sparsim
2500 4933 2674 5000 jactas
2703 4932 3038 5001 colligentes,
3071 4939 3126 4984 et
3153 4945 3219 4985 ex
3248 4932 3476 4984 Athenis
3508 4946 3619 4985 nou

2044 5042 2244 5095 paucas
2277 5026 2588 5080 Grmcarunt
2639 5025 2839 5092 legum,
2891 5038 3008 5090 qua:
3061 5023 3242 5076 Soloni
3291 5030 3348 5076 et
3383 5022 3617 5078 Draconi

2038 5117 2311 5186 jactanter
2360 5125 2596 5185 accepta:
2665 5115 2992 5176 referuntur,
3055 5124 3111 5168 et
3161 5130 3295 5183 quas
3351 5125 3617 5185 praeterea

2044 5206 2357 5277 Lycurgum
2397 5207 2652 5261 habuisse
2697 5205 2940 5268 Patrem,
2974 5217 3027 5260 et
3064 5206 3334 5259 Minonem
3379 5218 3434 5260 et
3461 5207 3612 5272 ejus.

2044 5300 2214 5361 modi,
2244 5298 2383 5352 fama
2426 5298 2524 5350 fuit
2557 5298 2912 5360 attrahentes,
2947 5297 3227 5351 duodecim
3261 5313 3324 5352 ex
3355 5299 3418 5352 iis
3451 5300 3620 5353 libros
3699 5362 3708 5371 _

2001 5395 2008 5406 ⁴
2043 5391 2458 5459 componebant.
2489 5389 2653 5443 Solon
2684 5391 2854 5453 enim,
2883 5390 3020 5444 ttt'et
3047 5388 3326 5460 Lycurgus
3355 5392 3620 5458 antiquus

2046 5493 2188 5538 erat.
2255 5483 2464 5538 Etenim
2499 5483 2568 5537 65
2613 5483 2833 5552 Trojani
2889 5483 3082 5538 excidii
3130 5497 3275 5535 anno
3333 5483 3418 5536 ltie
3455 5494 3621 5535 notus

2045 5585 2185 5641 erat,
2220 5574 2388 5629 Proca
2421 5573 2604 5646 Sylvio
2638 5574 2847 5630 Latinis
2877 5577 3196 5645 imperante.
3237 5573 3400 5628 Solon
3429 5585 3618 5630 autem

2045 5684 2166 5723 XLVI
2197 5668 2517 5740 Olympiade
2549 5669 2693 5738 leges
2727 5669 3151 5724 Atheniensibus
3207 5669 3438 5732 ferebat,
3477 5669 3610 5722 Dra-

2046 5762 2198 5816 conis
2231 5760 2396 5831 leges,
2428 5761 2671 5831 exceptis
2699 5761 2768 5816 iis
2798 5776 2919 5831 quae
2944 5760 3010 5818 de
3036 5761 3272 5818 ett-dibus
3306 5761 3612 5816 tractabant

3829 5747 3843 5774 ι
