4016 6412
456 325 562 392 995
1324 340 1328 345 ‘
1451 325 1817 390 MATTHEI
1861 314 2042 386 BLAS

2088 309 2278 386 'A’RIS
2326 312 2425 386 ‘Pn
2437 316 2751 388 lEFA'l‘lO.
3585 314 3674 390 sui

353 436 360 445 '
457 438 679 493 tollens.
712 434 884 493 Dictis
911 436 1095 509 itaque
1138 437 1292 495 libris
1326 453 1457 495 usus
1481 432 1827 507 est‘populus
1857 453 1939 491 οε(

2089 469 2098 494 ι
2130 432 2282 506 παρὰ
2307 420 2773 503 λακεδαιμονίοις.
2800 432 2940 486 Ἀλλ’
2966 432 2994 484 ό
3015 431 3115 503 μὲν
3140 421 3454 501 Λυκοῦργος
3477 434 3675 499 παλαιὸς

458 531 585 584 dum
629 529 731 585 sub
761 531 1043 587 consulatu
1095 526 1225 597 fuit,
1251 540 1306 587 et
1336 532 1689 596 democratia,
1744 540 1801 583 ut
1832 531 2034 584 dictum

2136 521 2235 595 ἦν·
2268 526 2345 596 τῷ
2373 526 2482 595 γάρ
2509 523 2790 593 ἑξηκοστῴ
2821 524 2917 576 καὶ
2962 523 3198 593 πέμπτῳ
3257 521 3370 574 ἔτει
3406 523 3499 592 τῆς
3539 523 3677 576 Ἰλίου

459 632 563 677 est.
595 622 834 692 Populus
868 623 1012 678 enim
1047 623 1181 678 duos
1214 637 1244 677 e
1278 621 1569 688 nobilibus,
1602 631 1660 675 nt
1688 620 1866 689 civilia
1898 635 2039 688 quae-

2137 616 2393 680 ἁλώσεως
2427 617 2775 686 ἐγνωρίζετο,
2812 615 3059 669 Λατίνων
3102 614 3478 684 βασιλεύοντος
3517 615 3678 684 "pm

461 729 675 784 cunque
698 730 762 769 ac
791 714 1043 769 militaria
1068 713 1511 768 administrarent
1534 713 1770 782 negotia,
1801 722 2036 780 quotan-

2137 710 2405 763 Σιλουΐου.
2460 708 2637 761 Σόλων
2661 706 2717 760 δὲ
2741 709 2853 769 τοῖς
2889 703 3198 774 ’Ᾱθηνᾰῖοις
3218 705 3416 776 νόμους
3450 705 3602 757 ἐτίθει
3625 709 3678 777 τῇ

462 806 550 860 nis
567 804 796 872 eligens.
821 804 1071 859 consules
1093 799 1184 860 eos
1202 803 1550 858 nominabat.
1578 803 1642 857 Et
1669 803 1780 857 haec
1812 802 2037 871 publicae

2136 800 2271 870 ἕκτῃ
2300 799 2394 852 καὶ
2436 799 2852 867 τεσσαρακοστῇ
2912 791 3262 866 Ὀλυμπιάδι,
3289 796 3415 858 τοὺς
3447 796 3536 848 τού
3565 797 3674 864 Δρά-

462 894 953 949 administrationis
986 893 1157 949 iorma
1188 908 1412 949 cccutv
1466 895 1628 948 annis
1687 892 1923 947 sum-cit.
1970 894 2036 946 At

2138 904 2325 951 κοντος
2355 886 2645 958 περιελὼν,
2681 888 2821 957 πλὴν
2852 888 2962 940 τῶν
2994 887 3255 956 φονικῶν.
3282 887 3411 950 Ταῖς
3438 881 3528 940 οὖν
3552 889 3673 957 εἰρη-

461 984 598 1039 Caio
639 984 983 1039 consulatuum
1016 984 1178 1039 simul
1211 999 1275 1038 ac
1302 985 1691 1039 democratiam
1723 983 1776 1037 in
1811 999 2034 1054 regnum

2141 982 2332 1052 μέναις
2367 979 2573 1050 βίϐλοις
2595 981 2623 1032 ό
2649 980 2823 1050 δῆμος
2855 967 3068 1051 ἐχρῆτο
3087 980 3196 1043 ἓως
3230 980 3517 1042 ὑπατείαις
3541 981 3684 1051 ἤγετο

463 1073 661 1128 iterum
689 1055 1076 1139 commutante,
1103 1083 1156 1127 et
1179 1073 1449 1141 republica
1477 1083 1655 1137 aucta,
1683 1088 1875 1128 causas
1898 1088 2032 1141 quo-

2139 1076 2233 1127 καὶ
2255 1073 2675 1145 δημοκρατίαις,
2718 1074 2794 1137 ὡς
2818 1077 3054 1145 εῑρηται.
3109 1062 3247 1127 Κατ⁵
3274 1073 3512 1127 ἐνιαυτὸν
3539 1072 3635 1143 γὰρ
3662 1076 3683 1125 ὀ

464 1177 572 1233 que
603 1170 659 1217 et
708 1161 952 1231 publicas
985 1163 1232 1217 actiones
1258 1164 1442 1231 augeri
1495 1162 1742 1231 contigit,
1797 1163 1933 1217 adeo
1980 1171 2038 1217 ut

2137 1164 2307 1234 δῆμος
2353 1166 2447 1218 δύο
2475 1163 2583 1216 τῶν
2617 1165 2963 1234 εὐπατριδῶν
3003 1165 3413 1236 προϊσχόμενοι,
3465 1164 3595 1218 ὥστε
3628 1166 3682 1218 τὶ

353 1322 362 1333 1
463 1253 700 1323 plurium
749 1266 1009 1318 generum
1041 1260 1096 1308 (ιι
1145 1253 1541 1310 recentioribus
1597 1254 1806 1323 legibus
1854 1255 1939 1323 rei1

2139 1254 2391 1309 πολιτικὰ
2422 1256 2600 1309 πάντα
2633 1258 2724 1309 καὶ
2744 1257 2812 1310 τὰ
2849 1258 2948 1322 τῆς
2978 1255 3269 1327 στρατείας
3291 1256 3507 1309 διοικεῖν
3535 1256 3684 1325 πράγ·

465 1342 620 1398 blica:
664 1358 802 1413 opus
851 1352 1033 1398 esset.
1079 1343 1422 1415 Quapropter
1469 1344 1888 1414 augustissimus
1949 1345 2038 1400 ille

2142 1362 2309 1417 ματα,
2362 1348 2598 1413 ὑπάτους
2640 1348 2863 1414 τούτους
2906 1344 3231 1417 ὠνόμαζον⁸
3282 1346 3377 1400 καὶ
3427 1345 3484 1398 τὸ
3522 1345 3683 1416 σχῆμά

466 1435 742 1506 Augustus
764 1436 966 1500 ϐεεν,
993 1436 1231 1506 qui'post
1253 1437 1440 1492 Caium
1467 1438 1751 1507 regnabat,
1771 1452 1878 1493 non
1910 1447 2036 1494 tan-

2137 1440 2296 1494 τοῦτο
2329 1442 2429 1512 τῆς
2477 1439 2748 1504 πολιτείας
2802 1440 2898 1492 ἐπὶ
2949 1438 3160 1510 χρόνοις
3216 1426 3421 1508 ἢρκεσε
3452 1438 3684 1507 τέσσαρσι

468 1535 582 1582 tum
628 1527 694 1581 iis
729 1528 820 1596 qui
869 1527 1053 1582 multis
1084 1538 1240 1583 erant
1284 1529 1668 1604 sapientiOres,
1720 1529 1864 1600 leges
1894 1529 2041 1586 ferre

2139 1533 2233 1586 καὶ
2264 1532 2530 1602 ἑξήκοντα
2564 1531 2700 1603 πρὸς
2732 1534 2843 1596 τοῖς
2891 1528 3293 1600 τετρακοσίοις.
3349 1530 3508 1582 Γαΐου
3528 1528 3685 1597 δὲτὴν

467 1623 735 1691 permisit,
767 1623 862 1677 sed
892 1630 948 1678 et
970 1622 1205 1693 populis,
1233 1631 1287 1677 et
1308 1623 1598 1691 militibus,
1623 1633 1681 1679 et
1708 1625 1849 1695 quod
1872 1641 2038 1682 unus-

2140 1624 2403 1677 ὑπατείαν
2437 1640 2497 1677 τε
2554 1625 2649 1677 καὶ
2700 1623 3076 1694 δημοκρατίαν
3130 1623 3213 1684 είς
3251 1620 3522 1691 βασιλείαν
3554 1616 3684 1682 αὖθις

465 1712 695 1783 quisque
712 1712 934 1776 dixerit,
961 1715 1027 1768 ab
1051 1715 1302 1769 omnibus
1323 1714 1737 1783 discutiebatur,
1760 1727 1814 1772 et
1835 1715 1883 1771 si
1904 1718 2038 1772 utile

2141 1713 2492 1785 ἀμείψαντος,
2519 1717 2613 1768 καὶ
2643 1716 2743 1780 τῆς
2771 1715 3047 1777 πολιτείας
3081 1713 3444 1784 ὲπιδιδούσης,
3488 1711 3686 1778 αὐξάνε-

467 1781 642 1860 visum
669 1803 1282 1875 esset,praecedentibus
1315 1807 1526 1878 legibus
1560 1781 1808 1877 protinus
1833 1809 2037 1867 insere-

2101 1784 2112 1831 ι
2142 1781 2266 1862 σθαι
2285 1781 2393 1861 *καὶ
2419 1808 2518 1871 τὰς
2544 1808 2833 1887 ὑποθέσεις
2863 1807 3149 1863 συνέϐαινε
3181 1810 3277 1861 καὶ
3310 1781 3408 1871 τὰς
3446 1805 3687 1869 δίκας,ὡς

468 1892 649 1948 batur.
682 1892 809 1949 Hinc
845 1894 1040 1948 iterum
1075 1894 1349 1950 Adrianus
1382 1896 1474 1965 qui
1506 1896 1679 1952 multo
1708 1908 1828 1968 post
1856 1899 2040 1969 Augu-

2139 1899 2233 1954 καὶ
2270 1899 2658 1970 ποικιλοτέρων
2686 1900 2781 1953 καὶ
2806 1897 3139 1970 καινοτέρων
3165 1899 3376 1953 δεῖσθαι
3413 1897 3582 1967 νόμων
3603 1898 3685 1961 τὴν

468 1991 615 2037 stum
648 1982 932 2052 imperavit
960 1983 1012 2037 in
1041 1999 1206 2037 unum
1238 1984 1522 2055 colligens,
1555 1986 1782 2041 aliorum
1819 1988 2035 2056 quidem

2140 1990 2434 2046 πολιτείαν.
2461 1991 2645 2063 Ταύτῃ
2675 2008 2754 2045 τοι
2777 1993 2871 2044 καὶ
2898 1993 2924 2045 ὁ
2950 1990 3219 2048 σεῦαστδς
3242 1990 3548 2058 Λῦγουστος
3571 1988 3689 2040 ὲκεί-

466 2074 707 2128 omnium
746 2073 1058 2143 prtescripta
1093 2089 1256 2128 unum
1289 2090 1424 2143 opus
1450 2072 1650 2141 eﬂe‘cit,
1686 2078 1736 2131 in
1768 2078 2040 2147 quinqua-

2139 2098 2228 2146 νος
2256 2083 2539 2153 ὀΚαῐσαρ,
2574 2082 2634 2146 ὃς
2668 2083 2805 2153 μετὰ
2842 2080 3002 2135 Γάϊον
3039 2080 3422 2145 ἐϐασίλευσεν,
3448 2080 3540 2149 οὐχ
3562 2078 3687 2139 ὅπως

469 2164 618 2234 ginta
650 2164 818 2221 libros
871 2166 1244 2235 distributum,
1281 2169 1529 2241 Digesta,
1560 2172 1675 2227 sive
1713 2170 2040 2226 Pandectam

2139 2175 2253 2228 ὅσοι
2282 2175 2443 2244 σοφίᾳ
2474 2173 2583 2228 τῶν
2604 2173 2819 2228 πολλῶν
2841 2170 2982 2245 ἦσαν
3015 2173 3334 2243 κρείττους,
3368 2172 3529 2240 ἐφῆκε
3554 2184 3692 2237 νομοί

469 2256 536 2311 ab
565 2269 632 2311 eo
673 2256 1009 2311 nominatum
1032 2296 1049 2321 ,
1082 2268 1142 2313 ut
1176 2274 1295 2328 quae
1318 2275 1387 2315 ex
1417 2263 1599 2317 multis
1623 2262 1855 2318 collecta
1886 2274 2034 2319 sunt.

2141 2266 2336 2331 θετείν,
2359 2267 2498 2320 ἀλλά
2527 2283 2591 2334 γε
2631 2267 2725 2320 καὶ
2774 2266 2888 2329 τοῖς
2910 2265 3003 2319 τοῦ
3044 2265 3223 2335 δήμου
3253 2267 3346 2319 καὶ
3372 2262 3686 2336 στρατηγοῖς,

468 2345 821 2417 Quaecunque
870 2359 1051 2404 autem
1085 2350 1443 2420 imperatores
1483 2354 1736 2422 privatim
1783 2355 2040 2412 decreve-

2141 2362 2234 2411 καὶ
2263 2357 2292 2412 δ
2314 2374 2368 2410 τι
2393 2357 2457 2410 ἂν
2491 2357 2721 2420 ἕκαστος
2750 2357 2916 2420 εἴποι,
2960 2357 3113 2424 παρὰ
3143 2358 3313 2410 πᾶσιν
3341 2351 3686 2423 ἐδοκιμάζετο·

434 2472 441 2479 -
470 2447 594 2491 rant
619 2438 673 2490 in
705 2439 989 2495 duodecim
1021 2439 1170 2496 libris
1209 2443 1449 2512 scripsit,
1493 2460 1648 2517 quos
1670 2444 1885 2500 Codices
1929 2447 2020 2502 8in

2141 2451 2237 2503 καὶ
2274 2450 2323 2502 εί
2370 2447 2479 2501 τῶν
2526 2449 2817 2519 χρησίμων
2866 2448 3033 2513 εδοξε,
3091 2450 3209 2512 τοῖς
3248 2445 3570 2518 προλαϐοῦσι
3596 2444 3687 2496 τῶν

470 2525 879 2583 Constitutiones
905 2529 1215 2599 imperiales
1240 2534 1557 2587 nominavit.
1588 2535 1782 2590 Verum
1813 2552 1880 2591 eo
1909 2552 2043 2607 quo-

2141 2543 2323 2612 νόμων
2345 2540 2507 2604 εὐθὺς
2545 2542 2905 2611 ἀνεγράφετο.
2932 2539 3120 2595 Ταῦτα
3167 2540 3333 2595 πάλιν
3356 2542 3383 2592 ὁ
3412 2538 3537 2592 πολῦ
3572 2535 3688 2606 μετὰ

469 2631 577 2685 que
609 2618 770 2674 modo
798 2618 1014 2695 diﬁicile
1044 2630 1165 2695 erat
1197 2623 1347 2695 leges
1374 2625 1672 2695 intelligere
1706 2626 2040 2683 latitudinem

2141 2633 2234 2686 τὸν
2271 2630 2578 2699 Αὔγουστον
2608 2631 2777 2703 ἄρξας
2810 2633 3129 2705 Ἀδριανὸς,
3151 2632 3411 2701 ἁθροίσας
3435 2632 3511 2692 εἰς
3539 2628 3610 2693 ἓν,
3632 2627 3689 2678 τὰ

473 2707 741 2766 habentes
760 2712 1177 2781 cogitationibus
1204 2729 1310 2769 non
1332 2715 1633 2773 deﬁnitam.
1655 2718 1721 2773 Et
1742 2722 2040 2789 praesertim

2147 2723 2245 2793 μὶν
2272 2723 2384 2777 τῶν
2421 2723 2597 2777 ἄλλων
2626 2725 2867 2788 πάντων,
2919 2723 3057 2778 ίδίαν
3109 2724 3414 2795 ἐποιήσατο
3463 2733 3691 2789 πραγμαδ

471 2814 595 2868 cum
623 2801 975 2871 imperatores
1003 2819 1182 2859 rerum
1209 2820 1304 2874 pro
1330 2815 1572 2877 tempore
1593 2812 1769 2879 potiti,
1803 2827 1921 2881 qua:
1940 2812 2043 2869 sibi

2142 2815 2379 2868 τείαινὲν
2405 2814 2609 2886 βίϐλοις
2654 2815 3038 2886 θεωρουμένην
3073 2815 3436 2886 πεντήκοντα,
3464 2813 3690 2881 Δίγεστα

468 2888 586 2943 visa
622 2899 751 2945 sunt
786 2892 853 2947 de
881 2892 1078 2961 quibus
1107 2894 1190 2949 lex
1222 2903 1380 2950 antea
1412 2912 1517 2952 non
1565 2898 1674 2953 lata
1709 2899 1909 2965 fuerat,
1940 2916 2044 2958 ‘co-

2143 2904 2353 2968 τούτοις
2391 2905 2511 2975 ἦτοι
2538 2904 2895 2973 Πανδέκτην
2932 2904 3104 2973 ὄνομα
3129 2902 3381 2973 θέμενος,
3404 2902 3477 2965 ὡς
3501 2903 3560 2954 ὲκ
3580 2897 3691 2950 πολι

468 2977 682 3037 dicibus
733 2981 1132 3039 inseruissem.
1180 2985 1320 3053 Quin
1347 2987 1508 3042 etiam
1539 2987 1732 3045 Latina
1781 2991 1950 3048 dictio
1990 3002 2045 3049 et

2144 2994 2253 3049 λῶν
2267 2995 2468 3066 δηλαδὴ
2494 2976 2845 3063 συλλεγέντα.
2864 2990 2998 3066 usta
3016 2994 3073 3049 δὲ
3090 2995 3192 3048 δσα
3214 2995 3265 3048 οί
3287 2993 3517 3065 βασιλεῖς
3532 2987 3691 3060 διωρί-

468 3071 689 3140 pbrasis
724 3073 847 3130 illos
881 3075 972 3145 qui
1005 3089 1124 3131 eam
1156 3076 1458 3165 intelligere
1495 3095 1603 3136 non
1640 3091 1887 3149 possunt,
1924 3089 2044 3138 tan-

2106 3098 2332 3164 ἱσαντον
2370 3088 2429 3142 δν
2480 3086 2707 3156 βιϐλίοις
2767 3086 2971 3158 ἔγραψε
3019 3085 3254 3150 δώδεκα,
3308 3085 3450 3154 ἅπερ
3469 3082 3692 3150 ὠνόμασε

470 3178 633 3232 quam
664 3180 822 3221 muro
849 3165 1070 3224 fortiter
1095 3162 1348 3240 exclusit,
1381 3181 1436 3227 et
1466 3174 1699 3229 utilitate
1726 3189 1793 3229 ex
1826 3176 1894 3230 iis
1927 3190 2044 3245 pcr-

2107 3162 2110 3164 ί
2150 3177 2439 3246 Κώδικας,
2466 3179 2584 3249 ἦτοι
2618 3177 2902 3248 βασιλικὰς
2926 3176 3256 3244 Διατάξεις.
3275 3174 3434 3230 Ἀλλὰ
3461 3174 3549 3228 καὶ
3575 3168 3693 3222 οὕτω

471 3257 719 3326 cipienda
768 3258 1022 3328 privavit,
1076 3261 1131 3315 in
1184 3277 1291 3318 una
1345 3273 1505 3335 gente
1552 3279 1673 3320 eam
1720 3265 2045 3331 includens.

2147 3267 2417 3339 δυσχερὴς
2458 3263 2525 3338 ἦν
2559 3270 2592 3339 ὴ
2623 3267 2732 3320 τῶν
2765 3268 2945 3338 νόμων
2975 3266 3307 3337 κατάληψις,
3341 3264 3536 3324 πλάτος
3564 3259 3693 3329 ἐχόν-

469 3345 871 3405 Celeberrimus
915 3360 1097 3407 autem
1126 3353 1272 3409 inter
1302 3355 1662 3426 imperatores
1687 3357 2047 3426 Justinianus,

2148 3374 2259 3411 των
2314 3359 2425 3421 τοῖς
2479 3358 2759 3427 λογισμοῖς
2793 3358 2893 3426 οὐχ
2941 3357 3166 3425 όρίξον⁸
3208 3357 3303 3411 καὶ
3356 3354 3578 3426 μάλιστα
3604 3345 3694 3397 τῶν

471 3456 595 3497 cum
624 3457 655 3498 e
684 3441 815 3513 legis
842 3444 1082 3513 capitum
1115 3447 1486 3512 multitudine,
1519 3463 1582 3503 ea
1614 3449 1728 3504 sola
1763 3465 1882 3520 qua:
1909 3462 2048 3507 tem-

2150 3448 2291 3504 κατὰ
2325 3451 2552 3521 καιροὺς
2578 3449 2845 3521 βασιλέων
2866 3450 2934 3502 τὰ
2951 3448 3216 3502 δοκοῦντα
3241 3449 3393 3518 σφίσι
3410 3439 3690 3515 προστιθέν-

475 3534 595 3604 pori
643 3551 708 3590 ac
733 3538 965 3609 negotiis
992 3541 1277 3599 commoda
1321 3549 1449 3595 sunt
1490 3542 1793 3613 selegisset,
1838 3555 1895 3599 et
1934 3561 2049 3600 ma-

2149 3555 2257 3591 των
2293 3540 2406 3601 τοῖς
2437 3537 2646 3605 κώδιξι,
2678 3539 2807 3607 περὶ
2831 3531 2906 3591 ὧν
2942 3536 3098 3590 οὔπω
3140 3539 3407 3610 πρότερον
3440 3534 3603 3586 ἔκειτο
3627 3526 3693 3579 vos

474 3625 815 3693 gnitudinem
852 3636 1140 3696 praetcrea,
1178 3640 1438 3699 quantum
1471 3631 2050 3702 licuit,contraxisset,

2154 3644 2275 3696 μοςο
2307 3630 2384 3681 Οὐ
2437 3628 2544 3700 μὴν
2594 3629 2730 3685 ἀλλὰ
2794 3630 2891 3684 καὶ
2917 3628 3169 3699 λατινικὴ
3203 3629 3344 3693 λέξις
3389 3628 3479 3679 καὶ
3522 3619 3693 3690 φράσις

452 3724 527 3770 ‘et
551 3731 674 3784 qua:
721 3719 803 3773 bis
832 3719 901 3775 de
941 3721 1134 3777 iisdem
1172 3721 1335 3777 rebus
1369 3722 1542 3789 posita
1590 3723 1827 3790 fuerant,
1863 3726 2038 3780 abstu-

2154 3721 2322 3773 εἰσέτι
2349 3722 2476 3781 τοὺς
2497 3722 2696 3791 νόμους
2736 3721 3058 3794 κρύπτουσα
3088 3724 3220 3785 τους
3256 3719 3491 3776 συνιέναι
3520 3712 3694 3778 ταύτην

470 3805 645 3869 lisset,
673 3809 730 3863 in
759 3809 997 3881 linguam
1029 3815 1192 3869 etiam
1233 3813 1476 3869 Graecam
1509 3821 1620 3869 tam
1653 3817 1866 3871 codices
1891 3834 2051 3887 quam

2169 3817 2232 3887 τ”ὴ
2257 3816 2610 3889 δυναμένωῖ,
2647 3818 2888 3890 ἰσχυρῶς
2913 3817 3251 3888 ἀπετείχιζε,
3280 3817 3371 3870 καὶ
3398 3813 3491 3883 τῆς
3520 3809 3574 3874 ἐξ
3613 3805 3695 3857 αὖ·
3753 3825 3755 3828 ⁴

474 3896 692 3968 Digesta
746 3904 1046 3958 transtulit.
1100 3903 1326 3975 Insuper
1377 3917 1560 3962 autem
1616 3917 1671 3963 et
1699 3923 1821 3963 cum
1873 3911 2050 3979 legum

2154 3909 2261 3961 τῶν
2288 3899 2556 3979 ὠφελείας
2581 3910 2815 3980 ὲστέρει,
2846 3909 2977 3979 περὶ
3019 3910 3078 3962 ἓν
3107 3909 3263 3972 ἔθνος
3283 3907 3483 3975 ταύτην
3508 3900 3691 3955 ἱστᾶσα.

475 3988 937 4047 introductionem
987 4002 1243 4062 tanquam
1294 3995 1467 4064 prima
1504 4000 1747 4066 quedam
1781 4000 2052 4057 elementa

2164 3998 2227 4051 '0
2255 3999 2314 4052 δὲ
2364 3999 2713 4070 περιώνυμος
2749 4001 2807 4051 ὲν
2845 3998 3159 4071 βασιλεῦσιν
3191 3994 3575 4057 Ἰουστινιανὸς,
3617 3985 3694 4039 τοῦ

472 4075 713 4145 fecisset,
744 4081 942 4136 librum
997 4083 1161 4136 istum
1193 4087 1415 4140 vocavit
1442 4084 1739 4149 Instituta;
1780 4090 1833 4144 id
1872 4100 2052 4145 autem

2156 4090 2395 4162 πλήθους
2426 4094 2533 4145 τῶν
2558 4091 2653 4144 τού
2675 4091 2843 4161 νόμου
2864 4090 3174 4159 κεφαλαίων
3220 4091 3288 4144 τὰ
3312 4089 3391 4158 τῷ
3420 4079 3589 4154 καιρῷ
3617 4080 3697 4132 καὶ
3722 4132 3738 4145 ,

475 4171 944 4228 introductionem
972 4175 1265 4245 signiﬁcat.
1313 4176 1450 4233 Cum
1480 4191 1660 4235 autem
1708 4180 2052 4252 Digestorum

2155 4187 2267 4245 τοῖς
2303 4183 2597 4253 πράγμασι
2635 4183 2796 4253 μόνον
2832 4186 3078 4255 χρήσιμα
3127 4181 3501 4251 ἐκλεξάμενος,
3526 4175 3580 4227 0'3
3610 4168 3697 4239 μὴν

475 4266 772 4332 Syntagtna
808 4275 861 4319 et
894 4265 1205 4335 Epitomen,
1236 4270 1316 4323 uti
1349 4270 1552 4324 dictum
1585 4281 1692 4337 est,
1723 4273 2059 4344 composuis-

2158 4274 2294 4328 ἀλλὰ
2325 4273 2423 4329 xal.
2445 4275 2507 4327 τὸ
2540 4275 2852 4341 πλάτος¹ὠς
2876 4271 2989 4329 οἷόν
3015 4293 3076 4329 τε
3113 4275 3382 4345 ἐκτεμὼν,
3428 4271 3518 4324 καὶ
3547 4266 3606 4318 τὰ
3632 4263 3698 4320 δὶς

473 4362 580 4417 set,
630 4356 806 4408 visum
838 4365 922 4411 est
952 4359 1229 4414 nonnullis
1280 4362 1446 4416 multa
1478 4367 1653 4434 magni
1706 4365 1968 4420 momenti
2000 4367 2056 4421 in

2160 4366 2291 4435 περὶ
2315 4365 2498 4419 αὐτῶν
2524 4365 2756 4437 κείμενα
2784 4364 3002 4433 ἐξελὼν,
3029 4365 3109 4418 ἔτι
3138 4367 3234 4419 καὶ
3262 4364 3397 4435 πρὸς
3418 4360 3511 4428 τὴν
3542 4352 3699 4418 Ἐλλη-

472 4447 754 4502 elaborato
783 4451 1110 4518 compendio
1145 4457 1512 4521 praztermitti.
1547 4452 1819 4522 Quocirca
1850 4459 2058 4512 consti-

2113 4447 2134 4499 )
2162 4455 2319 4528 νικὴν
2345 4457 2417 4509 τά
2436 4473 2496 4509 τε
2526 4458 2637 4511 τῶν
2661 4458 2911 4512 κωδίκων
2940 4457 3128 4511 καὶτὰ
3156 4457 3267 4511 τῶν
3285 4455 3534 4524 διγέστων
3564 4457 3699 4517 μετα-

477 4545 592 4590 tuta
623 4552 817 4595 rursus
844 4548 901 4593 et
927 4538 1165 4609 perfecta
1206 4555 1334 4598 sunt
1366 4561 1426 4599 ea
1461 4562 1579 4615 qua:
1603 4549 1857 4603 dicuntur
1883 4548 2055 4603 Para-

2163 4551 2394 4621 ϐέϐληκε
2417 4553 2618 4620 φράσιν
2642 4567 2656 4582 ⁸
2686 4552 2821 4620 πρὸς
2844 4552 2903 4604 δὲ
2929 4553 3023 4604 καί
3045 4552 3226 4620 νόμων
3247 4544 3543 4616 εἰσαγωγὴν
3563 4551 3672 4603 ποιη
3687 4556 3698 4570 ⁸

476 4631 620 4693 tilla,
668 4648 787 4701 qua:
837 4633 890 4688 in
935 4636 1167 4706 singulis
1220 4637 1392 4694 titulis
1440 4655 1618 4695 rerum
1658 4642 1890 4707 utilium,
1935 4656 2055 4711 qua:

2167 4642 2421 4711 σάμενος,
2449 4641 2640 4712 ὥσπερ
2655 4644 2778 4695 τι.νά
2803 4645 2996 4712 πρῦλτα
3018 4632 3636 4714 στοιχεῖα,’1νστιτοῦτα
3649 4624 3698 4714 sit

473 4726 700 4779 omissae
741 4735 891 4792 sunt,
940 4730 1313 4797 supplementa
1341 4733 1644 4787 continent.
1696 4733 1811 4788 Non
1863 4735 2056 4805 paucis

2167 4733 2369 4804 βιϐλίον
2390 4733 2704 4804 ὠνόμασενσ
2736 4735 3050 4803 εἰσαγωγὴν
3222 4731 3377 4786 τοῦτο
3403 4726 3559 4798 δηλοῖ
3596 4713 3697 4772 ἀλλ’

474 4828 656 4872 autem
688 4819 1078 4889 interpretibus
1097 4834 1150 4877 et
1177 4825 1548 4879 subministris
1576 4826 1642 4878 ad
1672 4826 1787 4880 baac
1814 4841 1945 4881 usus
1969 4837 2054 4881 est

2166 4828 2289 4879 ἐπεὶ
2337 4825 2398 4879 τὸ
2450 4826 2736 4896 σύνταγμα
2763 4826 2872 4879 τῶν
2902 4827 3166 4896 διγέστων
3191 4826 3312 4880 κατ’
3339 4818 3608 4888 ἐπιτομὴν,
3638 4811 3700 4869 ὡς

475 4911 794 4980 imperator.
830 4913 1061 4979 Quidam
1093 4925 1278 4970 autem
1308 4914 1618 4985 Stephanus
1648 4916 1865 4985 Digesta
1891 4920 1943 4971 in
1974 4918 2054 4972 la-

2166 4916 2405 4988 είρηται,
2449 4918 2731 4988 συνετέθη,
2757 4918 2905 4982 ἔδοξέ
2953 4935 3065 4971 τισι
3101 4918 3272 4971 πολλὰ
3315 4914 3422 4968 τῶν
3448 4904 3702 4976 καιριωτέ“

477 5004 709 5060 titudine
744 5008 1135 5079 interpretatus
1159 5019 1262 5065 est.
1315 5008 1617 5065 Tltalelams
1664 5010 1870 5064 Censor
1900 5012 2057 5066 codi-

2172 5026 2279 5080 ρων
2308 5012 2370 5062 ἐκ
2392 5009 2490 5077 τῆς
2513 5009 2947 5080 σπουδασθείσης
2968 5010 3261 5080 συντομίας
3287 4995 3697 5077 παραλελεῖφθαι·

475 5115 568 5156 ccs
592 5100 644 5154 in
668 5100 959 5157 latitudine
984 5102 1506 5169 edidit;Tbeodurus
1529 5101 1896 5173 Hermupolita
1925 5119 2058 5158 can-

2167 5101 2258 5152 Διὸ
2291 5100 2451 5153 πάλιν
2470 5100 2677 5171 ὡρίσθη
2711 5105 2805 5154 καὶ
2833 5103 3082 5169 ἐγένοντο
3110 5102 3178 5155 τὰ
3199 5100 3461 5169 λεγόμενα
3490 5086 3699 5151 παράπι-

477 5200 690 5258 tracte,
741 5200 1076 5250 contractius
1124 5206 1302 5253 autem
1348 5205 1404 5251 et
1450 5199 1771 5260 Anatolius,
1824 5196 2059 5252 Isidorus

2167 5195 2302 5257 2.1a,
2338 5190 2460 5243 καθ’
2491 5191 2721 5244 ἕκαστον
2750 5192 2928 5245 τίτλον
2974 5193 3389 5262 ἀναπληρώσεις
3413 5187 3588 5256 ἔχοντα
3614 5174 3700 5227 τῶν

482 5299 612 5339 vero
639 5288 845 5342 arctius
873 5289 1093 5356 quidem
1124 5304 1287 5358 quam
1324 5289 1650 5354 Thalelzeus,
1679 5290 1841 5345 latius
1874 5302 2057 5345 autem

2169 5282 2690 5353 παραλελειμμένων
2763 5285 3089 5356 χρησίμων·
3167 5282 3449 5353 ἐξηγηταῖς
3507 5274 3558 5327 δὲ
3621 5267 3700 5358 καὶ

482 5393 643 5446 quam
678 5379 872 5447 reliqui
906 5381 1034 5433 duo.
1092 5380 1390 5450 Imperator
1420 5394 1600 5438 autem
1651 5394 1894 5437 veterum
1927 5397 2063 5437 non-

2169 5379 2466 5448 ύπουργοῖς
2507 5380 2607 5430 οὐκ
2662 5379 2864 5447 ὀλίγοις
2896 5380 2925 5431 6
2961 5378 3217 5448 βασιλεὶς
3270 5378 3348 5437 είς
3375 5371 3537 5426 ταῦτα
3565 5357 3699 5432 ἐκρή·

484 5467 664 5523 nullas
716 5468 1165 5525 constitutionum
1220 5473 1509 5529 immutare
1559 5475 1765 5540 volens,
1811 5473 2065 5528 Novellas

2172 5487 2323 5526 σατο.
2377 5472 2647 5537 Στέφανος
2682 5474 2791 5542 γάρ
2820 5490 2906 5536 τις
2936 5476 3017 5537 εἰς
3052 5457 3252 5533 πλάτος
3273 5469 3341 5522 τά
3367 5464 3572 5532 διγὲστα
3597 5451 3699 5516 ἑξη-

480 5563 823 5630 septuaginta
856 5575 908 5616 et
937 5574 1154 5618 centum
1193 5567 1621 5624 constitutiones
1661 5569 1903 5622 studiose
1932 5566 2066 5622 eﬂ‘e—

2170 5562 2415 5632 γήσατο·
2475 5562 2741 5627 Κύριλλο;
2788 5563 2908 5616 κατ’
2943 5562 3248 5633 ἐπιτομήν*
3298 5554 3554 5627 Δωρόθεος
3582 5543 3697 5612 μέσῃ

481 5651 578 5714 cit,
628 5659 683 5705 et
731 5654 1008 5723 proprium
1059 5655 1122 5709 iis
1157 5658 1333 5710 locum
1371 5656 1644 5714 attribuit.
1692 5656 2064 5713 Commutavit

2171 5653 2323 5717 τάξει
2362 5654 2672 5723 ἐχρήσατο·
2706 5654 3005 5719 esttam;
3038 5657 3272 5727 Κήνσωρ
3323 5651 3443 5710 τοὺς
3493 5637 3695 5695 κὼδικας

479 5739 625 5794 enim
652 5741 796 5813 leges
824 5747 891 5802 de
912 5747 1294 5815 matrimoniis,
1318 5750 1382 5803 de
1400 5747 1662 5817 Falcidia,
1686 5759 1738 5804 ct
1762 5750 2062 5805 istiusmodi

2176 5749 2251 5809 ei;
2279 5746 2478 5809 πλάτος
2528 5747 2794 5803 ἐκδέδωκε
2818 5764 2834 5781 ⁸
2862 5748 3139 5817 Θεόδωρος
3172 5737 3577 5815 Ἐρμουπολίτης
3596 5739 3696 5780 σνν⁶
