4016 6396
374 313 480 389 99':
1685 310 1927 383 INDEX
1967 315 2326 384 CAPITUM.
3541 333 3646 394 993

373 428 728 501 τετμημένως
751 447 764 461 °
799 431 882 486 ἔτι
919 432 978 486 δὲ
1020 432 1432 502 συντομώτερον
1463 432 1769 498 Ἀνατόλιος
1791 450 1802 463 ·
1841 437 1868 487 ὁ
1891 434 1948 486 δέ

2060 443 2115 485 ιιι
2141 443 2194 488 et
2225 435 2290 487 de
2324 432 2532 498 nothis,
2563 449 2724 502 quam
2754 449 2979 506 magnus
3015 435 3401 493 Constantinus
3437 454 3644 508 prunus

385 524 652 594 Ἰσίδωρος
683 525 1014 596 στενώτερον
1065 526 1163 596 μὲν
1207 525 1300 578 τοῦ
1333 525 1653 588 Θαλελαίου,
1685 526 1958 580 πλατύτε-

2063 527 2303 587 admisit,
2352 526 2544 596 maiori
2594 527 3077 583 commiseratione
3124 531 3175 583 in
3207 530 3342 584 tales
3375 529 3599 585 aﬂ‘ectus
3625 570 3640 586 .

377 634 472 687 ρον
501 617 556 670 δὲ
586 615 694 670 τῶν
723 617 932 670 λοιπῶν
960 617 1075 672 δύο.
1109 617 1370 688 Ἀμεῖψαι
1401 617 1456 671 δέ
1482 616 1715 687 θελήσας
1737 620 1765 670 ὁ
1803 617 1960 686 βασι-

2063 616 2172 670 llas
2202 629 2377 671 autem
2403 619 2658 672 Novellas
2693 618 2873 673 emisit
2904 635 2999 688 per
3027 623 3318 690 quemdam
3354 623 3644 678 Tribunia-

371 711 496 771 λεὺς
521 707 614 761 καί
638 725 792 770 τινας
815 708 925 762 τῶν
948 709 1198 762 παλαιῶν
1227 709 1551 775 διατάξεων,
1577 709 1780 781 νεαρὰς
1811 710 1957 762 ἐϐδο-

2063 725 2212 773 num,
2249 719 2444 762 natura
2495 712 2710 778 quidem
2763 711 2922 766 aliter
2967 711 3242 776 idoneum,
3296 725 3351 768 et
3394 717 3445 768 in
3494 718 3640 770 omni

372 801 616 870 μήκοντα
638 805 733 853 καί
762 800 958 854 ἑκατὸν
988 801 1349 870 ἐφιλοπόνησε
1380 800 1678 867 διατάξεις,
1702 804 1798 855 καὶ
1817 801 1958 854 ἰδίαν

2059 801 2345 871 disciplina
2384 818 2594 857 summe
2627 803 3013 868 exercitatum,
3050 806 3277 860 avaritia
3313 816 3491 862 autem
3528 807 3643 860 dia-

370 893 602 956 ταύταις
628 892 815 963 χώραν
845 895 1145 964 ἀπένειμεν
1168 911 1182 924 ⁸
1215 895 1420 964 ἦμειψε
1458 895 1568 965 γάρ
1606 895 1666 950 τδ
1689 897 1819 966 περὶ
1858 896 1956 964 γάρ

2059 893 2236 948 bolire
2278 904 2628 962 correptum:
2667 905 3002 964 quapmpter
3032 905 3086 950 et
3125 897 3250 949 dum
3300 897 3367 950 iis
3397 901 3641 952 conscri-

373 1003 514 1054 μων,
549 987 610 1037 τδ
643 986 772 1056 περὶ
829 985 1138 1054 φαλκιδίου,
1171 985 1266 1038 καὶ
1312 987 1420 1040 τῶν
1455 987 1737 1050 τοιούτων,
1767 991 1862 1041 καὶ
1890 989 1956 1058 δὴ

2054 984 2248 1046 bendis
2271 985 2634 1050 incumbebat,
2661 987 2811 1040 multi
2835 1001 3026 1040 eorum
3051 988 3140 1056 qui
3166 995 3364 1042 causas
3387 989 3640 1058 judican-

370 1077 464 1130 καὶ
492 1077 554 1128 τὸ
592 1077 723 1146 περὶ
755 1069 948 1141 νόθων,
981 1076 1130 1146 άπερ
1164 1080 1192 1130 ό
1223 1078 1397 1146 μέγας
1430 1077 1643 1156 πρῷτος
1673 1078 1956 1143 διετάξατο

2059 1077 2156 1130 das
2203 1075 2512 1140 habebant,
2563 1090 2688 1130 eum
2743 1079 2970 1146 pecunia
3023 1089 3470 1146 corrumpentcs,
3527 1081 3641 1133 haec

372 1169 804 1233 Κωνσταντῖνος,
844 1168 1300 1241 συμπαθέστερον
1334 1170 1466 1241 περὶ
1522 1159 1648 1234 cui);
1680 1171 1956 1235 τοιούτους

2056 1167 2276 1238 quidem
2308 1171 2549 1236 ipsorum
2577 1169 2861 1223 commodo
2895 1173 3174 1238 adaptare.
3203 1187 3264 1226 ea
3293 1187 3422 1226 vero
3453 1172 3524 1228 ita
3560 1183 3641 1224 tn-

370 1261 658 1325 διατεθείς.
719 1262 940 1326 Ταύτας
991 1253 1059 1316 δέ
1085 1263 1184 1327 τάς
1214 1269 1411 1336 νεαράς
1443 1266 1533 1320 διά
1563 1282 1711 1328 τινος
1739 1264 1956 1330 ἐξέθετο

2058 1260 2349 1314 multuario
2397 1273 2562 1328 opere
2607 1274 2932 1331 congerere,
2978 1271 3038 1316 ut
3082 1263 3312 1318 obscura
3348 1273 3552 1326 essent,
3586 1273 3641 1319 et

371 1351 782 1423 Τριόουνιανοῦ,
817 1352 996 1419 δεξιοῦ
1048 1356 1149 1424 μὲν
1177 1355 1355 1420 ἄλλως
1383 1356 1483 1426 τὴν
1535 1357 1716 1425 φύσιν,
1749 1357 1842 1410 καὶ
1875 1357 1956 1419 είς

2057 1351 2286 1422 duplicis
2310 1352 2616 1419 sententia),
2647 1353 3070 1420 persuadebant.
3109 1353 3340 1409 Ultimus
3364 1370 3494 1410 vero
3523 1371 3640 1410 om-

369 1445 540 1514 ἀκρον
575 1447 756 1498 πᾶσαν
809 1447 1063 1500 παιδείαν
1108 1449 1511 1518 ἐξησκημένου.
1545 1448 1955 1520 φιλοχρηματίᾳ

2057 1445 2204 1498 nium
2234 1443 2471 1513 inclytus
2522 1443 2612 1498 ille
2647 1443 2789 1498 inter
2834 1443 3192 1512 imperatores
3230 1442 3336 1499 Leo
3385 1441 3635 1512 Sapiens,

369 1537 426 1591 δὲ
463 1538 756 1607 δαιμονίως
808 1539 1171 1610 ἁλισκομένου
1206 1581 1220 1595 .
1256 1542 1348 1594 Διὸ
1395 1543 1490 1596 καὶ
1533 1543 1591 1595 ἐν
1644 1541 1720 1611 τῷ
1752 1539 1955 1604 ταύτας

2056 1551 2178 1592 cum
2230 1553 2396 1590 unum
2435 1552 2499 1592 ex
2550 1536 2807 1590 omnibus
2839 1552 2934 1605 per
2979 1535 3270 1604 quemdam
3317 1536 3637 1591 Sabbatium

372 1629 733 1699 συγγράφειν,
786 1631 975 1684 πολλοὶ
1027 1631 1134 1684 τῶν
1178 1633 1412 1702 ἐχόντων
1465 1634 1622 1694 δίκας
1671 1635 1954 1706 χρήμασιν

2054 1631 2406 1700 protospatha
2418 1630 2554 1684 rium
2577 1644 2712 1698 opus
2735 1628 2974 1694 fecisset,
2996 1639 3049 1682 et
3072 1644 3194 1698 quae
3220 1629 3338 1682 loco
3363 1630 3638 1683 distabunt

369 1719 532 1774 αὑτὸν
560 1720 984 1792 ύποφθείροντες
1008 1724 1363 1794 παρέπειθον,
1418 1725 1488 1779 τά
1547 1725 1647 1795 μὲν
1708 1726 1846 1796 πρὸς
1893 1724 1954 1778 τὸ

2054 1720 2110 1774 in
2139 1736 2305 1774 unum
2336 1719 2738 1787 coniunxisset,
2775 1719 2991 1786 Digesta
3027 1729 3081 1773 et
3110 1720 3349 1781 codices,
3375 1730 3430 1774 et
3467 1721 3633 1774 multa

372 1809 648 1879 συμφέρον
674 1782 855 1876 αὐτοῖς
887 1782 1310 1884 μεὸαρμόττειν,
1340 1782 1410 1870 τά
1434 1816 1491 1870 δὲ
1517 1782 1654 1885 πρὸς
1678 1782 1954 1884 ἀσάφειαν

2057 1812 2216 1867 etiam
2252 1827 2316 1866 ex
2353 1811 2640 1876 Institutis,
2671 1819 2725 1865 et
2759 1811 2907 1880 ipsas
2942 1810 3234 1866 Iustiniani
3269 1810 3545 1877 Novellus,
3582 1815 3632 1865 iu

369 1901 463 1953 καὶ
509 1901 782 1970 διχόνοιαν
814 1903 1138 1973 σχεδιάζειν.
1199 1906 1524 1972 Τελευταῖος
1555 1907 1612 1960 δὲ
1661 1909 1900 1974 πάντων,
1926 1909 1955 1960 ὁ

2056 1903 2207 1957 libris
2259 1902 2476 1971 quidem
2526 1901 2834 1970 sexaginta,
2885 1917 2978 1957 sex
3033 1912 3214 1956 autem
3264 1904 3634 1957 voluminibus

368 1993 426 2045 ἐν
455 1993 767 2062 βασιλεῦσιν
795 1996 1040 2066 ἀοίδιμος
1065 1999 1218 2052 Λέων
1248 2000 1275 2051 ό
1305 1999 1496 2069 Σοφδς,
1532 2001 1661 2068 μίαν
1687 2001 1756 2053 τά
1776 2001 1954 2056 πάντα

2055 2001 2178 2062 apte
2221 1994 2568 2060 disponebat,
2609 2006 2768 2046 omne
2816 1993 2958 2060 quod
3003 1994 3338 2047 contrarium
3387 2003 3551 2054 erat,
3581 2001 3633 2046 et

371 2084 740 2154 ποιησάμενος
771 2088 1156 2158 πραγματείαν
1181 2088 1270 2144 διά
1289 2108 1435 2152 τινος
1467 2090 1770 2144 Σαϐϐατίου
1803 2109 1956 2163 πρω-

2055 2085 2254 2140 nullius
2286 2085 2339 2138 iu
2368 2085 2599 2154 negotiis
2629 2100 2784 2149 usus,
2820 2084 3070 2152 rejiciens
3104 2095 3157 2138 et
3189 2085 3518 2151 SUdeCeIIS,
3556 2086 3635 2139 id-

372 2175 766 2245 τοσπαθαρίου,
799 2181 894 2232 καὶ
928 2179 995 2232 τά
1029 2179 1278 2251 διέχοντα
1317 2182 1381 2250 τῇ
1415 2179 1565 2234 θέσει
1599 2181 1842 2250 συνάψας
1871 2184 1953 2246 είς

2053 2176 2202 2230 circo
2251 2176 2391 2244 quod
2459 2175 2625 2227 multa
2674 2185 2922 2230 veterum
2976 2173 3346 2229 institutorum
3401 2175 3634 2242 posteris

368 2267 446 2331 ἓν,
480 2267 548 2320 τά
576 2283 632 2319 τε
657 2267 881 2335 δίγεστα
929 2269 1027 2323 καὶ
1061 2271 1187 2333 τοὺς
1219 2270 1476 2335 κὼδικας,
1511 2272 1606 2324 καὶ
1639 2273 1809 2325 πολλά
1843 2273 1951 2325 τῶν

2053 2267 2359 2337 improbata
2395 2269 2512 2322 fore
2535 2266 2644 2321 veri
2678 2265 2782 2320 nim
2819 2267 2893 2321 sit
2924 2265 3213 2320 dissimile.
3253 2266 3359 2321 Sed
3394 2276 3449 2320 ct
3480 2281 3548 2320 ne
3583 2266 3634 2318 in

371 2357 742 2423 ίνστιτούτων,
767 2360 855 2414 καί
883 2359 1052 2426 αὑτὰς
1072 2362 1168 2423 τὰς
1191 2361 1285 2415 τοῦ
1312 2362 1690 2416 ἰουστινιανοῦ
1709 2363 1948 2434 Νεαράς,

2053 2373 2243 2413 eorum
2277 2374 2396 2428 quae
2428 2359 2630 2414 selecta
2683 2369 2810 2414 sunt
2847 2357 3240 2428 interpretandi
3270 2356 3503 2410 formula
3544 2373 3630 2410 re-

367 2449 426 2500 ἐν
464 2447 692 2518 βιϐλίοις
727 2450 826 2518 μὲν
856 2450 1145 2522 ἐξήκοντα,
1172 2452 1392 2523 τεύχεσι
1421 2454 1479 2506 δὲ
1507 2455 1837 2524 ὡργάνω¹σεν
1864 2453 1946 2519 ἒξ,

2097 2451 2326 2511 undaret
2371 2451 2650 2519 quippiam
2701 2459 2796 2504 aut
2830 2463 3293 2516 supervacaneum
3323 2459 3485 2510 esset,
3542 2461 3674 2508 cu-.

369 2539 477 2592 πᾶν
507 2540 751 2594 ἐναντίον
777 2543 871 2594 καὶ
897 2544 997 2612 τὴν
1020 2544 1220 2613 χρῆσιν
1257 2545 1318 2597 οὐ
1347 2545 1718 2616 παρεχόμενον
1747 2547 1805 2598 ἐν
1834 2550 1950 2610 τοῖς

2054 2557 2168 2595 ram
2201 2544 2502 2611 impendit:
2539 2543 2808 2610 siquidem
2839 2556 2960 2608 qua
3000 2540 3275 2609 sigillatim
3321 2549 3374 2594 et
3401 2540 3631 2606 sparsim

369 2627 692 2697 πράγμασιν
747 2631 1050 2702 ἀποκρίνας
1079 2650 1138 2686 τε
1174 2635 1269 2688 καὶ
1299 2634 1598 2700 ὑπεξελὼν,
1655 2636 1743 2690 διὰ
1761 2637 1844 2701 τὸ,
1873 2637 1948 2703 ὡς

2050 2633 2116 2686 de
2144 2633 2333 2687 eodem
2382 2642 2701 2702 argumento
2747 2632 2885 2685 dicta
2917 2639 3062 2696 sunt,
3114 2631 3168 2684 in
3203 2646 3306 2683 una
3349 2629 3489 2683 tituli
3539 2644 3635 2698 pe-

367 2719 537 2783 εἰκὸς,
565 2719 735 2774 πολλά
763 2721 872 2774 τῶν
901 2723 1144 2793 ἀρχαίων
1177 2727 1642 2795 νομοθετημάτων
1671 2728 1942 2797 παρευδο-

2049 2723 2237 2778 riocha
2266 2724 2582 2778 collocavit.
2617 2722 2682 2777 Et
2717 2722 2808 2777 hic
2837 2731 3017 2777 autem
3051 2732 3265 2776 centum
3295 2722 3486 2791 viginti
3523 2720 3633 2776 No-

368 2809 670 2880 κιμηθῆναι
704 2814 816 2875 τοῖς
845 2813 1072 2885 ὕστερον
1092 2829 1109 2846 ⁸
1172 2816 1312 2871 ἀλλά
1344 2818 1435 2870 καὶ
1465 2818 1574 2870 τῶν
1602 2819 1944 2888 ἐκλεγέντων

2048 2815 2216 2869 vellas
2243 2815 2665 2869 constitutiones
2696 2814 2846 2868 fecit.
2878 2813 3081 2868 Omnes
3113 2823 3292 2867 autem
3327 2814 3488 2866 hodie
3522 2828 3629 2866 non

367 2898 467 2968 τὴν
495 2901 774 2972 συνθήκην
815 2903 916 2973 τῆς
970 2893 1258 2976 φράσεως,
1310 2907 1476 2979 μηδὲν
1505 2910 1762 2979 περιττὸν
1796 2912 1944 2982 ἔχειν

2045 2907 2406 2962 observantur
2434 2943 2449 2958 .
2489 2905 2594 2960 Sed
2635 2905 2750 2977 haec
2804 2904 3022 2974 quidem
3051 2905 3332 2971 hucusque
3359 2942 3373 2956 .
3430 2901 3630 2986 Yet-um

371 2993 464 3044 καὶ
499 2992 771 3064 παρέλκον
803 2995 1150 3068 ἐφρόντισεν·
1200 2998 1392 3052 ἔπειτα
1417 3000 1486 3053 τά
1512 3000 1614 3054 ἀνά
1643 3003 1945 3072 μέροςκαὶ

2047 3006 2101 3052 et
2154 2999 2332 3066 capita
2389 2998 2675 3064 praesentis
2748 2996 3120 3066 Syntagtoatis
3169 2995 3329 3065 juxta
3383 2994 3628 3050 ordinem

365 3081 778 3155 διεσπαρμένως
811 3073 940 3159 περὶ
968 3090 1062 3142 τοῦ
1091 3089 1253 3142 αὐτοῦ
1286 3091 1613 3162 πράγματος
1646 3095 1934 3166 εἰρημένα,

2149 3103 2372 3155 ararum,
2410 3099 2665 3158 tanquam
2702 3088 2755 3142 in
2805 3087 3004 3154 iudice,
3043 3087 3402 3156 subjiciamus
3455 3101 3632 3156 opor-
3731 3091 3735 3095 '

369 3177 450 3238 είς
489 3177 617 3245 μίαν
652 3179 956 3250 κατέστησε
1002 3181 1182 3236 τίτλου
1235 3185 1533 3256 περιοχήν⁹
1587 3189 1858 3260 πεποίηκε
1886 3192 1944 3246 δὲ
2018 3183 2154 3252 ἰθι.

364 3267 460 3360 Wfi-
485 3263 640 3332 οὗτος
658 3270 856 3360 νεαρὰς
887 3271 1161 3336 διατάξεις
1193 3273 1366 3328 εἴκοσι
1395 3277 1534 3346 πρὸς
1561 3282 1680 3342 ταῖς
1712 3281 1930 3334 ἑκατόνθ
1970 3286 2085 3340 ἀλλ’
2114 3287 2175 3340 οὐ
2200 3289 2371 3344 πᾶσαι
2397 3289 2495 3359 τὴν
2515 3291 2755 3360 τήμερον
2817 3291 3211 3347 πολιτεύονται.
3268 3291 3429 3348 Ἀλλά
3455 3293 3630 3349 ταῦτα

369 3358 470 3426 μὲν
511 3359 570 3421 ἐς
613 3358 888 3418 τοσοῦτον.
929 3362 1022 3413 Δεῖ
1045 3361 1100 3412 δέ
1128 3361 1234 3431 ἄρα
1282 3364 1375 3417 καὶ
1393 3366 1462 3419 τά
1494 3368 1771 3438 κεφάλαια
1805 3374 1948 3428 κατά
1987 3380 2252 3449 στοιχεῖον
2310 3379 2405 3432 τοῦ
2453 3358 2751 3452 παρόντος
2809 3383 3192 3454 συντάγματος
3219 3384 3296 3449 ὠς
3350 3386 3409 3439 ἐν
3435 3386 3628 3442 πίνακι

363 3455 546 3524 γραφῇ
574 3453 926 3524 παραδοῦναι.
961 3457 980 3526 (
998 3457 1162 3527 Ζήτει
1192 3460 1324 3529 περὶ
1357 3460 1541 3530 νόμων
1563 3464 1660 3516 καὶ
1691 3465 1751 3517 ἐν
1777 3467 1854 3537 τῷ
1873 3469 1942 3522 ›Ζ’
1972 3486 2098 3538 κεφ.
2124 3469 2218 3525 τοῦ
2239 3473 2288 3526 Ν
2319 3474 2647 3544 στοιχείου).

462 3758 819 3854 ΪΠΝΑΞ
877 3767 1108 3856 ΤΩΝ
1141 3767 1444 3859 ΚΕΦΑ
1458 3772 1830 3866 ΛΑΙΩΝ.

1669 3777 1830 3866 ῙὶΝ.
2390 3788 2712 3868 INDEX
2752 3789 3255 3886 CAPITUM.

613 3906 796 3977 Ἀρχὴ
817 3909 940 3964 σὺν
967 3910 1091 3977 Θεῷ
1131 3911 1239 3966 τοῦ
1283 3917 1330 3967 Α
1360 3921 1688 3984 στοιχείου.

2333 3919 2582 3988 Initium,
2619 3922 2826 3990 favente
2856 3923 2987 3992 Deo,
3025 3925 3216 3980 litterae
3253 3925 3320 3978 Α.

431 4019 566 4090 Περὶ
591 4022 690 4089 τῆς
716 4021 1004 4090 ὀρθοδόξου
1040 4024 1297 4088 πίστεως.

1091 4024 1297 4088 ίστεως.
2111 4030 2187 4085 De
2222 4031 2325 4084 lido
2352 4031 2677 4087 orthodoxa.

429 4116 501 4166 α’.
532 4111 669 4182 Περὶ
696 4112 805 4165 τῶν
835 4113 1231 4184 ἀρνησαμένων
1260 4115 1358 4185 τὴν
1389 4117 1689 4188 ἀμώμητον
1706 4131 1938 4194 ταυτηνὶ

2114 4122 2165 4175 1.
2201 4120 2272 4174 De
2301 4121 2364 4176 iis
2390 4124 2482 4191 qui
2521 4123 2851 4192 iuculpatam
2902 4123 3041 4179 hanc
3084 4126 3519 4183 Christianorum
3557 4131 3620 4184 li-

359 4197 468 4252 τῶν
498 4200 842 4270 Χριστιανῶν
873 4203 1075 4268 πίστιν,
1105 4204 1198 4259 καὶ
1224 4205 1372 4269 ὅπως
1393 4193 1520 4269 τους
1555 4193 1933 4283 μετοιμελομέ·⁵

2040 4213 2160 4267 dem
2192 4223 2474 4284 negarunt,
2504 4227 2556 4270 et
2585 4216 2875 4286 quomodo.
2907 4218 3000 4274 aui
3039 4234 3104 4272 ex
3136 4219 3202 4273 iis
3238 4223 3612 4288 paenitentiam

363 4307 487 4354 νους
534 4291 743 4346 τούτων
769 4295 1093 4362 προσίεσθαι
1122 4296 1223 4350 δεῖ.

2039 4314 2224 4374 agunt,
2256 4308 2576 4363 admittendi
2608 4319 2755 4363 sunt.
3099 4308 3105 4311 ’

430 4380 494 4452 β’,
533 4383 669 4450 Περὶ
694 4385 1009 4455 αἱρετικῶν,
1037 4389 1130 4439 καὶ
1163 4388 1315 4452 ὅπως
1365 4391 1471 4462 χρὴ
1520 4392 1772 4462 δέχεσθαι
1802 4395 1930 4459 τοὺς

2104 4398 2159 4452 2.
2199 4398 2273 4452 De
2296 4400 2585 4466 haereticis,
2611 4408 2662 4455 et
2693 4397 2967 4470 quomOdo
3020 4403 3112 4472 qui
3147 4419 3213 4458 ex
3263 4403 3451 4459 haeresi
3481 4420 3615 4459 con-

357 4474 419 4537 ἐξ
447 4475 499 4526 al
511 4474 714 4545 ρέσεων
743 4477 1192 4547 ἐπιστρέφοντας.

1959 4488 2012 4548 D
2039 4499 2340 4556 vertuntur,
2384 4492 2703 4548 admittcndi
2733 4506 2879 4551 sunt.

429 4571 498 4632 γ’.
533 4566 656 4628 Πῶς
679 4566 760 4620 δεῖ
785 4568 886 4632 τὰς
923 4567 1222 4639 λεγομένας
1269 4572 1491 4640 ἀγάπας
1552 4578 1748 4642 ποιεῖν,
1811 4577 1930 4648 ἤτοι

2109 4582 2164 4640 5.
2193 4582 2475 4647 Quomodo
2504 4599 2725 4654 agapas,
2757 4600 2877 4655 qua:
2912 4599 3198 4652 vocantur,
3237 4604 3333 4643 seu
3365 4592 3612 4645 convivia

369 4672 424 4708 τυ
433 4659 659 4726 μπόσια.

2040 4671 2314 4729 celebrare
2345 4675 2553 4733 deceat.

428 4749 493 4804 δ’.
528 4752 666 4822 Περὶ
684 4755 895 4825 ἀγορᾶς
921 4757 1017 4810 καὶ
1056 4759 1336 4830 πράσεως.
1368 4763 1578 4828 Νόμοι.

1468 4778 1578 4816 μοι.
2110 4764 2165 4817 4.
2205 4765 2276 4819 De
2304 4767 2597 4836 emptione,
2630 4783 2694 4824 ac
2723 4769 3054 4825 venditione.

430 4839 492 4897 ε’.
513 4843 648 4914 Περὶ
679 4839 1154 4919 ἀλογεέσαμένων,
1180 4853 1298 4922 ἦτοι
1330 4853 1678 4926 ζωοφθόρων.

2111 4853 2161 4909 5.
2197 4857 2269 4910 De
2301 4858 2687 4914 irrationaliter
2717 4860 3138 4931 lornicantibus,
3193 4869 3329 4932 sive,
3363 4867 3452 4936 qui
3490 4885 3610 4923 cum

1553 4985 1558 4989 .
2039 4944 2214 5000 brutis
2243 4950 2630 5005 commercium
2662 4953 2884 5009 habent.

338 5067 348 5090 ,4
432 5031 506 5086 ς’.
540 5026 675 5095 Περὶ
702 5028 1091 5098 ἀναγνωστῶν.

1031 5049 1091 5085 ιν,
2112 5036 2165 5092 6.
2203 5039 2276 5094 De
2306 5040 2617 5097 lectoribus.

427 5115 496 5181 ζ’.
527 5120 659 5189 Περὶ
686 5119 1048 5191 άναθέματος.
1149 5183 1154 5190 ,

1149 5183 1154 5190 ν
2113 5130 2162 5185 7.
2199 5132 2271 5185 De
2298 5135 2664 5191 anathemate.

426 5215 498 5277 η’.
530 5211 664 5282 Περὶ
700 5214 1059 5284 ἀντιμινσίου.

2112 5224 2165 5279 8.
2201 5223 2276 5279 De
2305 5211 2652 5291 anti’minsiis,
2673 5243 2766 5283 seu
2802 5232 3257 5297 promensalihus.

427 5302 493 5356 ϐ’.
526 5304 664 5374 Περὶ
689 5305 1000 5376 ἀποδημίας
1028 5307 1346 5361 ἐπισκόπων
1375 5308 1472 5363 καὶ
1519 5311 1818 5382 κληρικῶν.

2111 5316 2163 5369 9.
2201 5318 2275 5369 De
2307 5319 2744 5386 peregrinatione
2783 5323 3156 5393 episcoporum
3190 5335 3240 5381 et
3271 5327 3613 5388 clericatum.

428 5391 482 5446 ι’.
515 5393 652 5464 Περὶ
680 5393 1026 5448 άπολυτικῶν
1059 5400 1431 5467 γραμμάτων.

1322 5415 1431 5453 ξων.
2115 5407 2201 5463 10.
2237 5408 2309 5462 De
2340 5409 2534 5464 litteris
2565 5413 2908 5468 dimissui-iis.

431 5487 521 5536 ta'.
559 5483 698 5552 Περὶ
719 5483 826 5537 τῶν
855 5482 1213 5554 ἁρπαζόντων
1251 5487 1569 5543 ἐπισκόπων
1593 5489 1694 5555 τὰς
1737 5493 1812 5565 μὴ
1841 5497 1934 5548 ἀν-

2114 5497 2200 5551 Η.
2234 5497 2310 5552 De
2341 5500 2606 5568 epist'opis
2635 5501 2723 5572 qui
2761 5501 3024 5558 ecclesias
3054 5503 3121 5557 ad
3152 5517 3212 5558 se
3253 5505 3473 5560 minime
3497 5521 3617 5576 per-

354 5573 598 5641 ηκούσας
620 5576 806 5639 αὐτοῖς
829 5576 1180 5648 Ἐκκλησίας.

965 5577 1180 5648 λησίας.
2043 5592 2277 5648 tinentes
2316 5596 2549 5662 rapiunt.

428 5663 518 5733 ιβ’.
573 5667 708 5738 Περὶ
763 5667 872 5722 τῶν
931 5667 1290 5740 ἁρπαζόντων
1319 5671 1628 5743 λῃστοικῶς
1659 5676 1728 5730 τά
1770 5677 1930 5732 ἀλλό-

1883 5679 1930 5732 S-
2114 5684 2200 5741 12.
2237 5684 2309 5742 De
2337 5685 2402 5740 iis
2430 5687 2520 5757 qui
2548 5689 2687 5744 bona
2721 5687 2892 5746 aliena
2926 5687 3110 5788 fu‘rtim
3142 5691 3469 5761 surripiuut.

362 5771 509 5828 τρια.
