4016 6398
465 324 575 390 999
690 298 692 300 ’
1751 322 1997 386 INDEX

2107 319 2413 382 APITUM.
3577 333 3693 407 ιοθθ

539 436 628 490 13.
655 431 736 489 De
781 433 849 490 iis
905 429 998 505 qni
1055 434 1318 492 mlieres
1369 435 1702 493 matrimonii
1747 451 1911 511 causa
1963 451 2052 490 ra-
2085 443 2124 495 Α

2048 467 2052 476 ,
2085 443 2124 495 Α
2231 441 2320 501 ιγ’.
2353 433 2486 501 Περὶ
2518 432 2626 530 τῶν
2656 425 3014 501 ἁρπαζόντων
3053 432 3144 486 ἰπὶ
3179 433 3343 506 γάμῳ
3373 442 3634 509 γυναῖκας.

468 530 641 599 piunt.
779 539 785 545 '

539 619 628 673 M.
657 620 733 675 De
756 619 1137 690 ptedicatione.

2230 616 2311 670 ιδ’.
2345 612 2480 678 Περὶ
2509 613 2933 685 ἀῤῥενομανίας.

540 711 627 765 15.
664 709 737 765 De
771 711 1202 780 magistratibus,
1235 710 1424 782 quales
1465 725 1560 766 eos
1598 725 1720 766 esse
1773 720 2042 776 oporteat.

2002 720 2042 763 ι.
2226 703 2306 759 ιε’.
2347 706 2478 777 Περὶ
2503 706 2798 776 ἀρχόντων,
2832 707 3054 770 ὁποίους
3071 701 3210 761 εἶναι
3243 708 3326 762 δεῖ
3345 711 3579 778 τούτους.

540 803 627 856 16.
667 803 740 856 De
763 803 1087 858 mulieribus
1119 818 1239 873 quae
1270 812 1396 858 sunt
1417 803 1475 858 -i-n
1501 803 1785 859 abscessu.

1720 819 1785 859 ιιι,
2228 794 2329 859 ις’.
2365 798 2505 866 Περὶ
2528 796 2640 848 τῶν
2670 799 2730 850 ὲν
2757 796 2976 868 ἀφέδρῳ
3005 797 3306 865 γυναικῶν.

542 893 628 946 17.
664 891 738 947 De
771 893 1161 962 impuberibus.

2229 887 2315 951 ιζ’.
2347 887 2480 953 Περὶ
2513 887 2813 957 ἀφηλίκων.

545 983 632 1037 18.
665 983 740 1038 De
769 985 1352 1042 excommunicatione.

1229 1001 1352 1042 one.
2227 982 2297 1046 ιη’
2330 977 2464 1047 Περὶ
2487 975 2815 1047 ἀφορισμοῦ.

961 1116 1190 1172 Initium
1219 1118 1412 1174 littera:
1447 1117 1510 1174 Β.
2535 1113 2547 1140 ³

2535 1111 2714 1182 Ἀρχὴ
2751 1111 2859 1169 τοῦ
2914 1116 2962 1168 Β
3001 1117 3335 1186 στοιχείου.

539 1253 590 1306 1.
619 1244 694 1306 De
720 1267 877 1308 sacro
907 1253 1191 1324 baptismo.
1259 1292 1264 1294 -

2197 1255 2292 1304 α’.
2329 1249 2469 1320 Περὶ
2495 1248 2590 1303 τοῦ
2619 1249 2777 1317 ἀγίου
2815 1249 3213 1322 βαπτίσματος.

537 1344 593 1399 2.
626 1345 702 1398 De
730 1344 1030 1399 infantibus
1059 1345 1128 1401 de
1156 1347 1356 1416 quibus
1381 1343 1681 1411 dubitatur,
1699 1349 1881 1399 utrum
1907 1344 2040 1413 hap-

2223 1337 2291 1410 β’.
2324 1341 2458 1411 Περὶ
2489 1341 2598 1395 τῶν
2645 1341 3143 1413 ἀμφιϐαλλομένων
3172 1343 3386 1416 νηπίων
3416 1345 3463 1401 εί
3506 1334 3700 1402 “satis

469 1437 619 1492 tizati
649 1437 870 1499 fuerint,
899 1449 1091 1489 necne.

795 1445 870 1499 nt,
899 1449 1091 1489 necne.
2153 1433 2381 1503 σθησαν.

535 1528 589 1582 5.
623 1529 698 1584 De
755 1528 1054 1584 infantibus
1102 1528 1475 1596 Agaren‘orum
1528 1526 1837 1598 baptizatis,
1867 1535 1921 1584 et
1974 1527 2044 1584 de

2221 1531 2293 1593 γύ
2329 1527 2467 1598 Περὶ
2490 1526 2598 1580 τῶν
2629 1527 3046 1600 βαπτιζομένων
3087 1531 3300 1600 νηπίων
3350 1529 3458 1585 τῶν
3493 1531 3699 1603 Ἆγαρη·

465 1620 753 1688 baptizatis
778 1619 848 1675 ab
879 1621 943 1676 iis
971 1621 1060 1689 qui
1093 1637 1196 1675 non
1221 1621 1566 1676 ordinantur.

2152 1617 2280 1680 νῶν,
2303 1619 2403 1672 καὶ
2433 1619 2563 1689 περὶ
2594 1621 2705 1674 τῶν
2740 1620 3156 1692 βαπτιζομένων
3190 1622 3342 1694 παρά
3371 1622 3609 1694 ἀνιέρων.

388 1708 406 1748 ι
535 1709 590 1763 4.
633 1710 709 1764 De
738 1711 804 1766 iis
839 1713 928 1781 qui
956 1725 1022 1766 ex
1055 1710 1261 1767 ludatis
1293 1710 1667 1782 baptizantur.

2219 1709 2285 1762 δ’.
2310 1710 2448 1778 Περὶ
2481 1709 2590 1763 τῶν
2617 1710 3038 1782 βαπτιζομένων
3067 1713 3127 1779 ἐξ
3152 1713 3445 1768 Ἰουδαίων.

535 1797 588 1853 5.
619 1799 691 1854 De
719 1813 869 1871 rege.
2071 1791 2115 1847 Β

2071 1791 2115 1847 Β
2215 1806 2278 1855 ε’.
2303 1803 2438 1872 Περὶ
2469 1801 2757 1871 βασιλέως.

536 1889 590 1943 6.
625 1887 854 1954 Quando
878 1903 975 1945 rex
1002 1890 1145 1944 intra
1174 1899 1385 1960 septum
1418 1889 1605 1946 altaris
1632 1889 1836 1946 intrare
1855 1889 2039 1945 deoet.

2215 1893 2292 1960 ς’.
2323 1895 2460 1948 Πότε
2506 1896 2535 1948 ὀ
2595 1895 2851 1966 βασιλεὺς
2896 1897 2978 1963 εῑς
3000 1899 3063 1953 τὸ
3113 1887 3272 1968 ἀγιον
3310 1899 3500 1954 εῖσεισι
3540 1899 3696 1953 θυσια-

2146 1999 2388 2036 στηοιον.

538 2073 593 2127 7.
624 2072 778 2139 Quod
804 2087 909 2127 non
947 2079 1162 2142 oportet
1195 2087 1380 2142 regem
1431 2073 1760 2128 contumelia
1804 2071 2042 2128 aﬂicere.

2146 1999 2207 2035 στ
2290 1999 2388 2036 ιον.

1603 2073 1760 2128 meiia
1804 2071 2042 2128 aﬂicere.
2317 2074 2442 2128 Ὅτι
2473 2074 2698 2144 βασιλέα
2720 2076 2964 2148 ὑϐρίζειν
2993 2079 3054 2131 οὐ
3083 2079 3185 2136 δεῖ.

536 2166 593 2218 8.
627 2164 703 2219 De
725 2165 984 2234 gradibus
1011 2165 1064 2228 in
1093 2164 1476 2220 matrimoniis.

2213 2163 2283 2234 η’.
2317 2167 2452 2234 Περὶ
2481 2166 2590 2218 τῶν
2620 2165 2847 2238 βαθμῶν
2874 2167 2968 2223 τοῦ
2996 2169 3201 2239 γάμου.

538 2259 592 2313 9.
622 2256 698 2311 De
734 2257 798 2310 iis
827 2255 920 2325 qui
950 2256 1336 2311 abominantur
1391 2255 1660 2326 legitimas
1693 2257 1931 2327 nuptias,
1964 2257 2045 2313 vi-

2216 2253 2280 2309 θ’.
2315 2257 2452 2326 Περὶ
2474 2257 2585 2310 τῶν
2635 2256 3076 2330 βδελυττομένων
3133 2263 3266 2328 τοὺς
3314 2263 3561 2333 ἐννόμους
3606 2262 3692 2325 γά·

466 2364 618 2410 num,
653 2363 894 2413 carnem,
930 2356 986 2402 et
1013 2347 1142 2402 alia.

2149 2350 2303 2416 μους,
2330 2346 2424 2398 τὸν
2453 2341 2621 2411 οἶνον,
2649 2349 2718 2399 τά
2741 2349 2900 2419 κρέα,
2929 2353 3024 2406 καὶ
3050 2350 3237 2422 ἔτερα.

539 2441 627 2495 1ο.
671 2437 745 2495 De
771 2439 820 2493 vi
853 2447 906 2493 et
927 2439 1194 2507 potentia.

2223 2442 2274 2489 ι’.
2300 2437 2434 2508 Περὶ
2455 2436 2578 2507 βίας
2608 2437 2703 2492 καὶ
2733 2428 3072 2502 δυναστείαςδ

538 2531 628 2586 11.
662 2532 735 2587 De
759 2531 1009 2600 genuinis
1036 2539 1089 2586 et
1110 2530 1312 2602 spuriis
1339 2545 1508 2588 sacrm
1547 2529 1844 2603 Scriptura
1867 2531 2043 2588 libris.

2218 2524 2310 2581 ια’.
2339 2528 2478 2598 Περὶ
2505 2527 2730 2598 βιϐλίων
2761 2533 2867 2602 τῆν
2894 2529 3045 2596 θείας
3081 2533 3309 2606 Γραφῆς
3352 2533 3576 2606 γνησίων
3615 2531 3692 2585 καὶ

2145 2619 2338 2672 νόθων.

539 2717 627 2772 η.
655 2715 730 2772 De
760 2715 827 2772 iis
851 2715 944 2788 qui
969 2716 1080 2771 vim
1103 2714 1208 2771 sibi
1233 2712 1494 2782 inierunt,
1524 2715 1640 2772 sive
1667 2715 1908 2773 suicidis.

2219 2708 2308 2780 ιβ’.
2339 2709 2478 2780 Περὶ
2512 2709 2801 2777 θιοθανῶν,
2831 2714 2952 2784 ἦτοι
2987 2714 3097 2770 τῶν
3161 2716 3397 2780 ἑαυτοὺς
3440 2710 3690 2784 ἀναιρούνε

2150 2815 2285 2854 ρων.

539 2899 632 2956 15.
659 2898 738 2956 De
765 2913 909 2955 anno
940 2897 1230 2965 bissextili,
1268 2897 1387 2955 sive
1429 2897 1768 2955 intercalari.
2222 2895 2315 2960 ιγ’.
2348 2891 2486 2963 Περὶ
2515 2890 2793 2964 ptest-ron.
2883 2897 2893 2920 ι

978 3034 1207 3092 Initium
1237 3035 1431 3091 littera:
1459 3034 1521 3090 C.
1691 3064 1698 3074 ι
2545 3029 2564 3083 ἠ

2545 3023 2870 3102 Ἀρχὴίτοῦ
2913 3033 2969 3088 ι’
3010 3035 3343 3105 στοιχείου.

541 3176 594 3230 1.
630 3173 704 3229 De
729 3173 988 3245 gradibus
1017 3173 1108 3242 qui
1134 3179 1264 3228 sunt
1288 3173 1341 3227 in
1400 3171 1766 3228 matrimonio.
2072 3133 2116 3198 (ἶ

2072 3133 2116 3198 C
2219 3165 2288 3222 α’.
2323 3158 2459 3240 Περὶ
2479 3169 2589 3224 τῶν
2613 3167 2708 3224 τοῦ
2735 3173 2915 3242 γάμου
2945 3172 3196 3243 βαθμῶν.
3576 3214 3577 3217 η

536 3266 596 3322 Ξ.
625 3265 704 3324 De
737 3264 940 3338 nuptiis
965 3265 1244 3322 concessis
1270 3273 1327 3321 et
1360 3264 1673 3335 prohibitis.

2222 3257 2289 3330 βὀ
2316 3260 2452 3332 Περὶ
2489 3261 2686 3332 γάμων
2724 3263 3217 3334 ὲπιτετραμμένων
3273 3265 3366 3318 καὶ
3403 3256 3676 3327 κεκωλυμέ-

2148 3365 2278 3406 νων.
2308 3351 2518 3406 Νόμοι.

539 3448 596 3503 3.
638 3447 712 3503 De
739 3447 807 3502 iis
831 3446 922 3515 qui
955 3445 1174 3514 nuptias
1202 3444 1474 3513 legitimas
1503 3444 1904 3503 abominantur.

2148 3367 2278 3406 νων.
2308 3367 2518 3422 nouat.

2213 3440 2285 3510 Υ.
2306 3443 2442 3513 Περὶ
2452 3441 2563 3496 τῶν
2583 3443 2706 3507 τοὺς
2737 3442 2999 3510 ἐννόμους
3021 3442 3239 3513 γάμους
3266 3437 3683 3516 βδελυττομένωνε

537 3539 594 3595 4.
629 3539 704 3594 De
732 3538 1184 3594 contrahentibus
1214 3539 1503 3600 secundas,
1534 3537 1744 3602 tertias,
1777 3545 1832 3592 et
1861 3537 2044 3608 plures

2213 3535 2279 3588 δ’.
2311 3535 2446 3606 Περὶ
2483 3535 2756 3605 διγάμων.
2779 3535 3090 3604 τριγάμων,
3125 3537 3224 3591 καὶ
3244 3533 3563 3603 πολυγάμων
3605 3528 3683 3580 ἁν-

478 3631 717 3700 uuptias,
749 3637 858 3683 tam
890 3628 1048 3692 viris,
1073 3643 1233 3697 quam
1269 3621 1610 3683 mulieribus.

1269 3621 1610 3683 mulieribus.
2143 3624 2286 3695 δρῶν
2312 3642 2372 3680 τε
2402 3625 2829 3695 καὶγυναικῶν.

541 3725 595 3778 5.
632 3723 706 3776 Du
737 3721 966 3775 muliere
990 3720 1058 3773 ad
1091 3715 1358 3775 secundas
1417 3719 1636 3788 nuptias
1663 3719 1922 3787 [transire
1953 3735 2046 3775 vo-

2214 3712 2277 3769 s'.
2306 3716 2442 3788 Περὶ⁵
2474 3718 2570 3788 τῆς
2598 3716 3076 3787 δευτερογαμῆσαι
3130 3716 3464 3789 βουλομένης
3519 3721 3679 3778 γυναιε

467 3815 633 3875 lente,
663 3809 822 3880 cujus
868 3810 1096 3866 maritus
1126 3810 1180 3865 in
1207 3809 1644 3880 peregrinatione
1681 3811 1766 3866 vel
1809 3811 2039 3884 expedi-

2143 3805 2260 3871 κὸς,
2293 3806 2350 3859 ὲν
2383 3809 2450 3876 τῇ
2474 3806 2755 3879 ἀποδημίᾳ
2783 3807 2817 3877 ἢ
2846 3807 3107 3882 στρατείᾳ
3156 3809 3257 3864 τοῦ
3305 3807 3491 3878 ἀνδρὸς
3537 3800 3683 3868 αὐτῆς

468 3909 620 3961 tione
650 3903 944 3959 interierit.

2143 3898 2549 3967 ἀφανισθέντος.

537 3996 591 4050 6.
629 3996 780 4062 Quod
814 3993 1100 4065 presbyter
1136 3992 1228 4063 qui
1261 3993 1477 4064 nuptias
1501 3991 1708 4065 digami
1737 3993 2039 4061 benedixit,

2216 3987 2293 4054 ς’.
2336 3990 2457 4043 Ὅτι
2488 3993 2565 4063 τῷ
2588 3993 2910 4065 διγαμοῦντι
2967 3996 3031 4052 οὐ
3078 3997 3163 4052 δεῖ
3201 3989 3569 4052 συνεστιᾶσθαι
3605 3979 3682 4033 τὸν

469 4105 590 4144 cum
618 4104 683 4144 eo
714 4088 996 4146 convivari
1033 4101 1140 4142 non
1177 4087 1401 4143 debeat.
1495 4095 1498 4098 ’

1495 4095 1498 4098 ’
2147 4078 2571 4151 ίερολογήσαντα
2599 4085 2870 4155 πρεσϐύτε
2878 4103 2990 4157 ρον.

540 4183 592 4237 7.
628 4183 780 4248 Quod
804 4180 1100 4236 Christiani
1132 4180 1226 4248 qui
1251 4180 1321 4235 ad
1353 4179 1570 4250 nuptias
1599 4189 1753 4247 eunt,
1786 4195 1892 4238 non
1942 4181 2042 4238 ἀοι

2211 4177 2280 4242 ζ’.
2318 4178 2441 4232 Ὀτι
2466 4179 2593 4244 τοὺς
2620 4181 2702 4243 είς
2732 4181 2911 4250 γάμον
2941 4182 3205 4248 ἀπιόντας
3245 4169 3607 4250 Χριστιανοὺς.
3628 4157 3679 4214 οὗ

468 4275 595 4330 bent
623 4275 847 4330 ludicris
881 4272 1069 4327 intenti
1101 4285 1244 4326 esse.

2141 4272 2219 4325 δεῖ
2249 4269 2520 4339 παιγνίοις
2560 4274 2872 4344 προσέχειν.
3033 4332 3038 4337 ,

541 4366 596 4418 8.
631 4365 704 4419 De
739 4363 1040 4432 virginibus
1075 4371 1273 4431 przeter
1292 4370 1573 4431 parentum
1601 4379 1820 4422 suorum
1853 4369 2042 4426 volun.

2209 4368 2282 4434 η’·
2311 4362 2448 4433 Περὶ
2505 4363 2615 4416 τῶν
2670 4363 3038 4434 γαμουμένων
3088 4364 3377 4431 παρθένων
3433 4344 3678 4429 γυναικῶν

470 4466 634 4509 tatem
665 4455 1014 4508 nubentibus.

2071 4473 2114 4526 ι)
2146 4454 2297 4523 παρὰ
2330 4451 2557 4522 γνώμην
2595 4455 2703 4506 τῶν
2737 4455 2955 4508 οἰκείων
2983 4457 3207 4524 γονέων.

539 4547 594 4601 9.
627 4547 702 4601 De
732 4546 932 4613 nuptiis
965 4544 1186 4598 nefariis
1232 4555 1288 4599 et
1323 4544 1527 4601 illicitis
1560 4557 1932 4616 cognatorum.

1835 4563 1932 4606 tm.
2217 4546 2284 4599 θ’.
2320 4545 2453 4614 Περὶ
2477 4545 2674 4613 γάμων
2709 4546 3044 4614 παρανόμων
3067 4544 3421 4616 συγγενικῶν.

542 4635 628 4689 10.
664 4636 735 4687 De
767 4636 832 4689 iis
863 4634 955 4703 qui
985 4633 1240 4687 mulieres
1269 4634 1321 4687 iu
1353 4637 1764 4690 matrimonium
1797 4639 2038 4707 rapiunt.

2217 4632 2268 4686 ι’,
2304 4635 2438 4703 Περὶ
2463 4633 2571 4685 τῶν
2600 4635 2692 4688 ἐπὶ
2714 4634 2880 4705 γάμῳ
2913 4638 3179 4702 γυναῖκας
3201 4630 3560 4713 ἁρπαζόντωξ·
3579 4699 3665 4713 ὼ,

542 4729 631 4782 ll.
661 4727 732 4781 De
779 4702 1001 4796 hisiqtti
1063 4727 1408 4780 matrimonio
1459 4727 1561 4780 sibi
1626 4702 1883 4796 copulant
1934 4728 2042 4784 Deo

2215 4729 2302 4778 ια’.
2329 4702 2463 4789 Περὶ
2489 4723 2598 4776 τῶν
2623 4723 2718 4775 ἐπὶ
2937 4702 3324 4794 λαμϐανόντξνν
3361 4717 3454 4777 τὰς
3473 4709 3546 4780 τῷ
3573 4702 3673 4768 Θέῷ

468 4830 837 4875 Consecratus.

2141 4815 2266 4883 ὰφιε
2277 4814 2547 4882 ρωμενας.

542 4912 629 4964 12.
655 4913 808 4977 Quod
836 4909 1050 4980 nuptias
1075 4923 1198 4962 cum
1235 4907 1507 4962 haereticis
1554 4909 1878 4967 contrahere
1931 4926 2040 4968 non

2215 4901 2302 4974 ιβ’.
2344 4903 2461 4956 ’Ὁτι
2493 4905 2550 4956 οὐ
2579 4903 2660 4957 δεῖ
2682 4903 2902 4976 γάμους·
2921 4905 3303 4961 συναλλάττειν
3351 4897 3484 4972 μετὰ
3536 4889 3669 4973 αἶρε·

469 5016 734 5073 oporteat.

2139 4996 2326 5048 τικῶν.

544 5098 632 5150 15.
671 5096 878 5161 Quibus
900 5109 964 5148 ex
997 5093 1179 5148 causis
1200 5093 1604 5148 matrimonium
1634 5097 1894 5151 solvatur.

1758 5106 1894 5151 atur.
2214 5095 2304 5154 ιγ’.
2352 5089 2408 5142 '0
2430 5090 2602 5156 γάμος
2631 5090 2695 5142 ἐκ
2723 5089 2892 5143 ποίων
2929 5091 3120 5147 αίτιῶν
3143 5091 3344 5145 λύεται.

542 5189 630 5240 14.
661 5187 731 5240 De
758 5188 1082 5241 diaconissis
1107 5195 1162 5241 et
1188 5188 1386 5242 viduis.

2211 5179 2292 5235 ιδ’.
2324 5182 2456 5251 Περὶ
2483 5181 2759 5249 γυναικῶν
2789 5182 3057 5238 διακόνων
3087 5186 3183 5236 καὶ
3211 5178 3414 5253 χηρῶν.

543 5277 630 5331 15.
665 5277 735 5330 De
767 5276 1082 5329 mulieribus
1134 5276 1516 5346 desponsatis;
1545 5276 1597 5330 in
1627 5291 1733 5346 quo
1774 5277 1938 5332 etiam
1971 5279 2037 5334 de

2213 5276 2294 5324 ιε’.
2358 5241 2505 5340 Περὶ.
2529 5270 2802 5337 γυναικῶν
2869 5241 3386 5343 μεμνηστευίένιον,
3433 5261 3488 5312 ὲν
3521 5246 3560 5320 ᾧ
3589 5241 3667 5298 καὶ

469 5366 809 5438 sponsalibus
846 5374 1132 5418 tractatur.

1033 5375 1132 5417 tur.
2139 5365 2263 5433 περὶ
2304 5364 2619 5433 μνηστείας.

547 5461 636 5513 l6.
673 5461 746 5512 De
779 5456 998 5512 clericis
1048 5471 1244 5511 uxores
1274 5472 1400 5514 suas
1443 5467 1702 5527 praetextu
1762 5459 2036 5528 religionis

2210 5463 2307 5518 ις’.
2357 5457 2498 5526 Περὶ
2542 5456 2649 5509 τῶν
2683 5457 2785 5522 τὰς
2838 5459 2977 5524 [δίας
3026 5462 3289 5530 γυναῖκας
3329 5438 3663 5506 ἐκϐαλλόντων

467 5551 828 5620 ειὶείειιιὶὺιιε.
2137 5551 2408 5618 προφάσει
2435 5549 2723 5612 εὐλαϐείας
2741 5552 2775 5621 ἢ
2807 5553 3159 5624 παραλόγως.

540 5645 626 5696 17.
684 5642 832 5708 Quod
896 5642 1131 5712 episcOpi
1184 5642 1252 5698 ab
1309 5643 1570 5700 uxoribus
1621 5644 1734 5698 suis
1791 5641 2029 5712 separari

2183 5611 2294 5701 ἰξ.
2330 5639 2450 5690 Ὀτι
2481 5639 2592 5693 τῶν
2623 5611 2775 5698 ἰδίων
2797 5611 3075 5711 γυναικιῖίν
3103 5611 3428 5717 impurum
3462 5621 3535 5678 δεῖ
3555 5611 3659 5668 τσὺς

467 5735 685 5788 debent.

2137 5733 2485 5793 ἐπισκόπους.
