4016 6402
626 408 680 462 9.
715 408 787 463 De
815 409 1053 465 vestibus
1083 410 1150 465 ad
1184 422 1436 468 sacratos
1488 415 1909 485 pertinentibus.

629 501 715 553 l0.
752 501 823 556 De
852 504 1189 572 pignoribus.

633 592 717 645 ll.
746 593 817 646 De
846 595 1141 663 privilegiis
1163 606 1217 651 et
1243 599 1672 666 prmeminentirs
1732 618 1868 671 quas
1924 605 2126 662 habent

557 686 801 738 ccclesire
827 697 879 739 et
909 687 1169 757 episc0pi.
1247 732 1253 739 .

632 780 719 832 12.
779 779 853 835 De
912 781 1272 837 ecclesiarum
1321 784 1680 843 aediﬁcatione
1727 798 1781 844 et
1834 804 2129 846 consecra-

560 874 728 927 ﬁone.

633 969 718 1020 l3.
754 967 827 1023 De
874 970 939 1024 iis
971 970 1061 1039 qui
1088 970 1138 1025 in
1166 971 1451 1028 ecclesiam
1483 973 1825 1043 confugiunt.

635 1061 725 1114 Η.
761 1062 914 1127 Quod
978 1080 1082 1117 non
1117 1072 1333 1133 oportet
1368 1066 1420 1118 in
1449 1066 1679 1121 duarqu
1719 1069 1998 1124 civitatum
2028 1084 2134 1123 ec-

556 1154 740 1208 cli-siis
772 1171 935 1209 unum
966 1170 1087 1211 esse
1116 1158 1394 1213 clericum.
1796 1221 1806 1228 _

636 1248 723 1302 l5.
779 1248 931 1314 Quod
973 1251 1113 1303 intra
1146 1251 1404 1305 ecclesias
1431 1265 1537 1304 non
1581 1262 1791 1318 oportet
1826 1267 2045 1321 agupas,
2075 1261 2136 1307 ttt

556 1352 773 1401 vorant,
807 1342 889 1395 vel
922 1342 1169 1395 convivia
1203 1342 1404 1402 facere,
1449 1343 1529 1395 vel
1581 1343 1721 1396 intra
1764 1356 1986 1399 sanctos
2016 1344 2135 1413 ejus

556 1436 790 1487 auihi'us
817 1450 1115 1502 cauponam
1148 1435 1366 1498 habere,
1404 1434 1488 1488 vel
1518 1435 1719 1502 aliquid
1765 1437 1831 1489 ad
1867 1447 2136 1490 mercatu-

560 1542 672 1579 rnm
726 1538 1015 1591 exponere,
1071 1524 1150 1576 vel
1200 1524 1502 1593 jtttnentum
1557 1525 1765 1593 absque
1812 1528 2135 1583 necessitate

556 1619 922 1681 introducere,
956 1617 1036 1671 vel
1065 1616 1298 1685 aliquem
1330 1632 1453 1672 cum
1485 1617 1711 1671 muliere
1741 1633 1986 1673 manere.

626 1710 710 1764 16.
748 1710 897 1776 Quod
928 1710 1173 1764 ecclesia:
1226 1709 1364 1763 bona
1399 1709 1766 1766 inalienabilia
1801 1725 1924 1765 esse
1976 1727 2133 1780 opor-

1860 312 2104 375 INDEX
2144 317 2511 381 CAPITUM.

3652 326 3762 386 ῑθθὶ

2165 430 2211 485 Α
2311 423 2373 478 0'.
2415 425 2549 495 Περὶ
2572 423 2884 494 ἐνδυμάτων
2913 423 3186 494 ἁρμοδίων
3203 423 3312 486 τοῖς
3341 420 3652 493 ἱερωμένοις.

2309 525 2361 571 ι’.
2402 520 2535 587 Περὶ
2568 517 2861 589 ἐνεχύρων.

2310 607 2398 663 ια’.
2431 611 2563 679 Περὶ⁵
2589 603 2664 663 ὧν
2692 610 2905 679 ἔχουσιν
2937 609 2993 661 αἱ
3024 607 3311 679 ἐκκλησίαι
3371 610 3463 663 καὶ
3497 611 3543 663 οἱ
3579 610 3762 666 ἐπίσκο-

2238 716 2330 752 ποι
2364 701 2670 767 πρεσϐείων
2695 703 2789 755 καὶ
2818 701 3150 770 προνομίων.

2313 789 2401 859 ιβ’.
2439 791 2576 863 Περὶ
2615 791 2921 863 ἐκκλησιῶν
2977 792 3268 863 οἰκοδομῆς
3300 795 3393 848 καὶ
3413 792 3762 865 καθιερώσεως.

2312 975 2402 1036 ιγ’.
2436 970 2573 1039 Περὶ
2631 969 2740 1021 τῶν
2773 968 2832 1020 ἐν
2893 968 3159 1042 ἐκκλησίᾳ
3209 973 3550 1041 προσφύγων.

2308 1062 2390 1115 ιδ’.
2426 1060 2547 1112 Ὀτι
2602 1059 2663 1112 οὐ
2732 1058 2813 1111 δεῖ
2855 1060 2914 1112 ἐν
2957 1058 3279 1130 ἐκκλησίαις
3340 1060 3431 1116 δύο
3470 1063 3660 1117 πόλεων
3694 1064 3770 1121 ἕνα

2242 1148 2384 1207 εἶναι
2410 1153 2697 1222 κληρικόν.

2313 1254 2395 1300 ιε’.
2429 1247 2555 1299 Ὀτι
2583 1247 2644 1298 οὑ
2671 1244 2749 1299 δεῖ
2774 1246 2873 1316 τῆς
2904 1245 3204 1317 ἐκκλησίας
3263 1246 3408 1301 ενδον
3439 1247 3531 1311 τὰς
3576 1248 3765 1318 λεγομέ-

2238 1355 2331 1399 νας
2360 1337 2630 1406 ἀγάπαςῆ
2658 1338 2937 1406 συμπόσια
2980 1337 3251 1406 γίνεσθαι,
3302 1338 3334 1408 ἢ
3363 1338 3468 1391 τῶν
3501 1340 3647 1407 ἱερῶν
3662 1341 3767 1394 ταῦ-

2237 1446 2335 1499 της
2364 1429 2511 1482 ἔνδον
2543 1431 2845 1500 περιϐόλων
2871 1431 3146 1502 καπηλεῖα
3173 1427 3337 1495 εῖναι,
3380 1432 3414 1501 ἧ
3457 1449 3507 1484 τι
3550 1434 3658 1486 κατ’
3689 1436 3766 1503 ἐμ-

2220 1523 2435 1592 ·πορίαν
2468 1524 2840 1591 προτίθεσθαι,
2865 1524 2898 1594 ἢ
2928 1525 3126 1593 κτῆνος
3159 1526 3329 1595 χωρὶς
3371 1525 3604 1593 ἀνάγκης
3645 1526 3766 1579 etst-

2240 1631 2378 1681 γειν,
2413 1614 2446 1682 ἡ
2476 1631 2599 1667 τινα
2632 1615 2769 1686 μετά
2802 1615 3061 1684 γυναικὸς
3094 1617 3441 1685 καταμένειν.

2315 1712 2414 1772 ις’.
2445 1708 2565 1760 Ὀτι
2598 1709 2664 1758 τά
2709 1707 2817 1759 τῶν
2853 1707 3157 1775 εκκλησιῶν
3221 1709 3514 1777 πράγματα
3558 1707 3767 1761 ἁνεκποί-

556 1812 651 1866 tet,
687 1812 738 1857 et
783 1803 1054 1871 quomodo
1098 1802 1294 1856 debent
1329 1801 1568 1871 episcopi
1604 1801 1692 1857 illa
1719 1778 2126 1859 administrare.

2244 1815 2349 1867 ητα
2380 1794 2518 1855 εἶναι
2548 1798 2629 1850 δεῖ
2658 1814 2672 1830 ·
2704 1799 2802 1850 καὶ
2832 1798 2976 1861 ὅπως
3003 1798 3085 1851 δεῖ
3108 1799 3235 1860 τοὺς
3276 1799 3593 1861 ἐπισκόπους
3629 1796 3767 1850 ταῦτα

625 1980 713 2034 i7.
744 1978 820 2033 De
848 1980 1139 2045 episcopis.

629 2075 713 2129 l8.
745 2073 898 2138 Quod
938 2074 1232 2140 episcopos
1259 2087 1287 2124 ιι
1330 2070 1566 2141 propriis
1596 2073 1856 2130 uxoribus
1888 2076 2129 2143 separari

552 2167 730 2220 dect-t.

628 2259 715 2313 l9.
752 2257 828 2312 De
878 2257 1151 2327 episcOpis
1199 2258 1290 2327 qui
1353 2257 1614 2312 ecclesias
1673 2272 1769 2327 per
1826 2259 2129 2330 principum

553 2352 847 2422 potentiam
880 2351 1159 2404 corisecnti
1186 2359 1333 2407 sunt.

622 2445 712 2498 9.0.
752 2444 822 2497 De
853 2443 1111 2511 episcopo
1146 2442 1238 2512 qui
1269 2442 1550 2497 ordinatus
1579 2452 1686 2509 est,
1716 2452 1770 2497 et
1802 2458 1906 2498 non
1938 2443 2128 2499 statuit

552 2539 619 2590 ad
688 2532 996 2597 ccclesiaut',
1062 2550 1181 2603 qum
1236 2533 1386 2589 illum
1420 2535 1611 2589 sortita
1665 2545 1767 2601 est,
1823 2536 1997 2601 adire,
2041 2536 2128 2590 vel

550 2628 824 2696 profectus
872 2638 927 2681 et
960 2644 1062 2682 non
1104 2639 1389 2697 susceptus
1446 2638 1547 2693 est,
1574 2628 1664 2683 'vel
1699 2630 1788 2697 qui
1818 2644 1923 2684 non
1953 2637 2128 2699 potest

548 2722 832 2785 accedere,
880 2735 945 2775 eo
987 2724 1127 2783 quod
1167 2720 1234 2774 ab
1284 2721 1521 2775 ethnicis
1543 2722 1780 2777 ecclesia
1830 2723 2124 2779 detinetur.

621 2900 712 2954 Ql.
754 2899 827 2953 De
867 2898 1271 2968 episcopalibus
1316 2916 1437 2970 qum.
1468 2899 1608 2955 'llunt
1680 2902 2026 2971 tnetropoles,
2072 2912 2126 2959 et

547 2997 688 3060 qnml
719 3006 824 3044 non
857 3001 1072 3059 oportet
1099 2992 1149 3044 in
1185 3006 1289 3045 una
1342 2992 1616 3062 provincia
1667 2993 1803 3049 duos
1853 3009 1973 3049 esse
2006 3010 2123 3051 me-

548 3084 926 3152 trnpolitauos.

614 3176 707 3229 99..
741 3176 893 3241 Quod
923 3175 1266 3244 episcopatus
1308 3185 1361 3229 et
1396 3177 1725 3232 monasteria
1758 3193 2040 3242 revocare,
2073 3180 2122 3236 si

544 3269 853 3321 eoitnnnnin
907 3268 1041 3323 facta
1094 3268 1206 3323 sint
1244 3268 1568 3336 diversoria,
1631 3271 1916 3340 episcopos
1960 3288 2124 3342 opor-

548 3370 639 3412 lt‘l.

612 3451 704 3503 9'5.
742 3452 813 3504 De
848 3452 1071 3520 privatis
1104 3454 1339 3521 episcopi
1398 3453 1578 3518 bonis,
1633 3464 1685 3510 et
1716 3456 1988 3525 quomodo
2023 3468 2125 3510 'ec-

545 3544 723 3596 clusis:
752 3543 961 3611 negotia
996 3543 1142 3596 illum
1186 3545 1570 3600 administrare
1599 3557 1836 3617 oportet.

614 3633 704 3686 ‘14.
739 3633 891 3698 Quod
926 3634 1235 3703 episcopum
1290 3636 1551 3691 honorum
1604 3638 1846 3694 ecclesia:
1903 3652 2125 3693 (nconc-

550 3740 695 3778 tnttm
730 3726 927 3778 habere
959 3732 1194 3794 oportet.

616 3816 926 3881 25.-Quod
1004 3818 1390 3872 monasterium
1445 3820 1715 3877 aedificare
1777 3822 1830 3876 in
1879 3821 2123 3877 ecclesiae

544 3924 656 3962 suae
688 3910 947 3963 bonorum
975 3911 1233 3963 dumnum
1283 3910 1594 3981 episcopum
1620 3929 1725 3968 non
1775 3923 2008 3984 oportet.

612 4091 704 4146 26.
735 4092 887 4158 Quod
921 4092 1211 4160 episcopus
1238 4109 1304 4147 ex
1337 4093 1497 4148 bonis
1552 4095 1945 4152 ecclesiasticis
1982 4096 2126 4152 indi-

544 4186 796 4254 gentibus
830 4186 1044 4239 clericis
1071 4179 1418 4256 suppeditare
1454 4188 1632 4242 debet.

613 4361 703 4414 27.
738 4360 919 4425 Quod,
973 4362 1241 4417 moriente
1283 4364 1563 4434 episcopo,
1613 4380 1643 4418 a
1678 4367 1892 4422 clericis
1919 4368 2035 4423 suis
2068 4379 2121 4424 et

2236 1890 2483 1942 διοικεῖν.

2307 1983 2395 2045 ιζ’.
2431 1982 2563 2052 Περὶ
2597 1981 2935 2035 ἐπισκόπων.

2306 2074 2397 2146 ιη’.
2425 2076 2548 2129 Ὅτι
2581 2076 2705 2139 τοὺς,
2725 2075 3057 2138 ἐπισκόπους
3080 2074 3420 2144 χωρίζεσθαι
3444 2074 3519 2127 δεῖ
3541 2071 3767 2126 τῶνίδίων

2233 2167 2534 2235 γυναικῶν.

2307 2256 2391 2312 ιθ’.
2419 2258 2552 2322 Περὶ
2587 2257 2904 2310 ἐπισκόπων
2958 2257 3254 2328 ἐκκλησίας
3306 2256 3663 2328 λαμΰανόντων
3698 2252 3768 2306 διὰ

2235 2351 2571 2419 προστασίας
2604 2349 2908 2419 ἀρχόντων.

2300 2439 2370 2496 κ’.
2392 2442 2526 2511 Περὶ
2546 2443 2846 2494 ἐπισκόπου
2870 2442 3348 2513 χειῳτονηθὲντος
3375 2444 3469 2496 καὶ
3527 2440 3597 2512 μὴ
3634 2455 3769 2493 καταο

2228 2535 2518 2604 δεχομένου
2549 2533 2804 2587 ἀπελθεῖν
2830 2536 2907 2597 είς
2935 2535 3033 2606 τὴν
3083 2534 3362 2605 λαχοῦσαν
3410 2534 3548 2603 αὺτῷ
3607 2530 3766 2597 ἐκκλη-

2230 2628 2373 2690 σίαν,
2404 2626 2437 2696 ἢ
2474 2624 2798 2689 ἀπελθόντος
2822 2625 2918 2680 καὶ
2942 2627 3016 2697 μὴ
3042 2627 3354 2696 δεχθέντος·
3382 2627 3415 2697 ἢ
3459 2625 3529 2697 μὴ
3553 2622 3764 2693 δυνηθέν-

2227 2738 2318 2783 τος
2365 2719 2619 2773 ἀπελθεῖν
2675 2719 2755 2791 τῷ
2804 2719 2909 2771 ὑπὸ
2975 2719 3144 2773 ἐθνῶν
3198 2721 3304 2785 τὰς
3334 2718 3613 2788 ἐκκλησίας
3660 2727 3763 2767 κατ·

2228 2814 2478 2883 ἔχεσθαι.
3624 2806 3627 2809 ’

2299 2905 2407 2961 κα’.
2447 2907 2582 2976 Περὶ
2608 2907 2922 2961 ἐπισκοπῶν
2953 2907 3346 2978 μητροπόλεων
3371 2904 3666 2975 γινομένων,
3689 2897 3763 2951 καὶ

2226 2998 2310 3052 ὅτι
2339 3000 2398 3051 οὐ
2421 2998 2501 3051 δεῖ
2527 3000 2583 3051 ἐν
2609 3000 2708 3069 μιᾷ
2729 2999 2964 3070 ἐπαρχίᾳ
2983 2998 3075 3051 δύο
3108 2993 3256 3052 εἶναι
3287 2995 3677 3069 μητροπολίτας.

2290 3177 2402 3247 κβ’.
2430 3178 2555 3232 ’Ότι
2594 3180 2674 3232 δεῖ
2699 3181 2826 3243 τοὺς
2858 3180 3190 3242 ἐπισκόπους
3237 3180 3335 3243 τὰς
3387 3176 3666 3239 ἐπισκοπάς
3691 3170 3763 3226 καὶ

2224 3269 2293 3322 τὰ
2317 3270 2655 3340 μοναστήρια
2679 3271 3091 3335 ἀνακαλεῖσθαι,
3124 3273 3174 3324 εί
3202 3273 3360 3325 κοινά
3381 3272 3605 3340 γένοιντο
3633 3280 3763 3319 uara-

2223 3359 2425 3429 γώγια.

2298 3452 2404 3521 κγ’.
2437 3454 2573 3523 Περὶ
2606 3453 2715 3508 τῶν
2752 3454 2846 3507 τοῦ
2885 3455 3193 3509 ἐπισκόπου
3227 3457 3412 3510 ίδικῶν
3445 3449 3757 3522 πραγμάτων,

2222 3550 2319 3602 καὶ
2348 3550 2497 3611 ὅπως
2523 3549 2605 3601 δεῖ
2628 3550 2695 3602 τὰ
2720 3549 2819 3617 τῆς
2845 3549 3142 3618 ἐκκλησίας
3173 3551 3395 3604 διοικεῖν
3419 3548 3592 3601 αὐτόν.

2295 3642 2395 3697 κδ’.
2421 3642 2545 3697 Ὅτι
2592 3643 2684 3695 τὸν
2740 3642 3038 3696 ἐπίσκοπον
3063 3644 3159 3696 καὶ
3218 3644 3494 3712 οἰκονόμον
3545 3640 3671 3709 ἔχειν
3695 3631 3758 3686 δεῖ

2221 3730 2332 3785 τῶν
2364 3735 2462 3800 τῆς
2493 3732 2787 3803 ἐκκλησίας
2811 3733 3176 3802 πραγμάτων.

2293 3823 2392 3879 κε’.
2427 3825 2549 3878 Ὅτι
2573 3826 2635 3877 οὗ
2669 3822 2749 3877 δεῖ
2784 3824 2874 3876 τὸν
2923 3825 3223 3879 ἐπίσκοπον
3278 3825 3623 3895 μοναστήριον
3669 3814 3760 3868 κτίσ

2224 3916 2341 3980 ζειν
2394 3916 2487 3969 ἐπὶ
2549 3914 2695 3989 λύμῃ
2751 3916 2861 3969 τῶν
2920 3916 3022 3985 τῆς
3064 3917 3364 3989 ἐκκλησίας
3407 3915 3565 3971 αὐτοῦ
3609 3923 3756 3981 πρατ-

2220 4008 2432 4078 μάτων.

2295 4100 2410 4165 κς’.
2440 4100 2576 4155 ’Ὀτι
2598 4102 2679 4154 δεῖ
2706 4102 2797 4155 τὸν
2839 4101 3138 4155 ἐπίσκοπον
3178 4104 3435 4172 χορηγεῖν
3458 4101 3563 4162 τοῖς
3596 4089 3757 4148 ἐνδεῶς

2220 4191 2407 4262 ἔχουσι
2428 4191 2534 4245 τῶν
2556 4191 2839 4262 κληρικῶν
2874 4195 2939 4246 ἐκ
2977 4193 3086 4246 τῶν
3122 4194 3223 4263 τῆς
3282 4191 3568 4263 ἐκκλησίας
3615 4196 3758 4251 πραγ-

2222 4284 2434 4354 μάτων.

2292 4375 2400 4441 κζ’.
2420 4376 2545 4429 Ὅτι
2569 4375 2664 4430 τοῦ
2689 4375 2995 4429 ἐπισκόπου
3049 4377 3471 4444 τελευτήσαντος
3493 4374 3550 4426 οὐ
3574 4368 3667 4440 χρὴ
3703 4363 3756 4417 τὰ

543 4451 975 4519 metropolitanis
1009 4453 1153 4505 illius
1190 4455 1327 4507 bona
1380 4456 1538 4525 diripi
1567 4472 1675 4511 non
1724 4469 1958 4528 oportet,
2020 4460 2115 4516 sed

2227 4466 2412 4519 τούτου
2446 4467 2751 4537 πράγματα
2801 4467 2904 4520 ὑπὸ
2934 4467 3043 4520 τῶν
3084 4466 3365 4535 κληρικῶν
3411 4464 3568 4520 αὐτοῦ
3604 4461 3634 4529 ἢ
3681 4454 3755 4510 τοῦ

542 4545 590 4595 ei
625 4544 717 4610 qui
747 4555 866 4610 post
892 4544 1226 4600 ordinandus
1260 4556 1364 4610 est.
1405 4550 1691 4603 reservari.

614 4724 707 4777 28.
758 4723 909 4790 Quod
968 4740 1076 4779 non
1111 4736 1327 4796 oportet
1372 4731 1681 4799 episcopum
1716 4733 1780 4785 ad
1814 4736 2118 4805 presbyteri

541 4818 765 4884 gradum
794 4822 1079 4874 deducere.

611 4909 703 4969 29.
735 4908 891 4975 Quod
919 4911 1207 4981 episcopus
1261 4915 1650 4969 monachorum
1679 4932 1828 4971 more
1857 4918 2119 4973 detonsus

540 5002 843 5053 sacerdotio
872 5002 1091 5057 excidit.

611 5090 701 5142 50.
747 5090 902 5156 Quod
938 5107 1041 5147 non
1070 5104 1284 5163 oportet
1339 5095 1392 5150 in
1425 5112 1560 5167 pago
1596 5100 1678 5154 vel
1741 5101 1793 5155 in
1829 5118 1993 5172 parva
2020 5104 2118 5158 ali-

540 5197 642 5250 qua
668 5183 891 5237 civitate
915 5186 1228 5255 episcopum
1260 5192 1541 5245 constitui.

609 5273 642 5325 5
656 5274 672 5325 l
686 5313 699 5327 .
740 5273 814 5326 De
839 5275 1265 5347 chorepiscopis.

606 5366 698 5421 5:2.
742 5366 817 5419 De
856 5367 1124 5434 periurio.

611 5455 701 5510 55.
738 5456 812 5510 De
842 5460 1116 5516 tutoribus
1147 5470 1201 5516 et
1231 5468 1597 5525 curatoribus.

608 5547 698 5603 54.
746 5549 821 5604 De
856 5554 1145 5609 eunuchis.

610 5640 697 5694 55.
738 5640 811 5695 De
843 5658 1062 5712 precum
1093 5648 1307 5705 ordine.

608 5734 696 5790 '56.
731 5735 802 5789 De
830 5738 1131 5794 cxoreistis.

2224 4559 2619 4629 μητροπολίτου
2674 4560 3053 4631 ἁρπάζεσθαι,
3109 4560 3246 4615 ἀλλά
3303 4556 3657 4629 φυλάσσεσθαι
3694 4549 3755 4617 τῷ

2221 4651 2766 4722 χειροτονηθήσεσθαι
2800 4652 3081 4725 μέλλοντικ

2286 4740 2398 4811 κη’.
2457 4743 2581 4797 Ὀτι
2636 4745 2695 4797 οὐ
2725 4744 2807 4798 δεῖ
2835 4746 2927 4797 τὸν
2969 4746 3266 4799 ἐπίσκοπον
3306 4746 3387 4809 είς
3425 4736 3753 4814 πρεσϐυτέρου

2219 4835 2463 4889 κατιέναι
2490 4835 2589 4905 βαθ
2598 4836 2717 4906 μόν.

2290 4924 2396 4982 κθ’.
2434 4926 2615 4983 Ὀτιὸ
2652 4928 2950 4991 ἐπίσκοπος
2972 4929 3118 4983 κατὰ
3177 4929 3445 4999 μοναχοὺς
3491 4916 3752 4988 ἀποκαρεὶς

2217 5018 2319 5088 τῆς
2352 5020 2659 5091 ἱερωσύνης
2691 5022 2975 5079 ἐκπίπτει.

2285 5105 2351 5162 λ’.
2379 5108 2502 5162 Ὀτι
2529 5111 2589 5162 οὐ
2617 5111 2699 5162 δεῖ
2720 5110 2965 5179 γίνεσθαι
2989 5113 3294 5165 ἐπίσκοπον
3322 5113 3381 5165 ἐν
3414 5109 3567 5179 κώμῃ
3611 5104 3641 5171 ἦ
3665 5098 3745 5151 πόο

2216 5199 2299 5251 λει
2332 5202 2525 5270 μικρᾷ.

2285 5289 2388 5347 λα’.
2423 5292 2560 5360 Περὶ
2585 5296 3044 5363 χωρεπισκόπων.

2283 5380 2382 5451 λβ’.
2415 5384 2550 5453 Περὶ
2578 5385 2880 5456 ἐπιορκίας.

2282 5476 2384 5543 λγ’.
2420 5477 2554 5547 Περὶ
2586 5477 2895 5548 ἐπιτρόπων
2914 5486 3007 5535 καὶ
3041 5487 3407 5556 κουρατόρων.

2284 5567 2380 5623 λδ’.
2416 5571 2552 5639 Περὶ
2577 5572 2867 5643 εὐνοὲχων.

2285 5661 2381 5713 λε’.
2407 5663 2541 5731 Περὶ
2576 5667 2749 5737 εὐχῶν
2785 5668 3061 5735 εὐταξίας.

2291 5754 2395 5818 λς’.
2426 5759 2556 5827 Περὶ
2594 5762 2951 5829 ἐφορκιστῶν.
