4016 6422
348 303 485 370 1005

735 421 916 491 ’Δρχὴ
946 421 1054 476 τοῦ
1094 424 1143 475 Ζ
1190 421 1514 490 στοιχείου.

414 511 484 569 α’.
509 513 645 583 Περὶ
672 514 767 568 τοῦ
794 514 1010 579 ζέοντος
1035 512 1229 579 ὕδατος
1251 514 1347 568 τοῦ
1385 517 1497 579 τοῖς
1525 515 1692 579 θείοις
1719 533 1928 586 μυστη-

347 609 482 679 ρίοις
516 606 944 677 ἐμϐαλλομένου.

416 699 483 769 β’.
519 699 654 770 Περὶ⁵
684 700 1005 773 ζωγραφίας
1032 701 1101 756 δι’
1120 701 1313 772 ἡδονῆς
1359 702 1460 764 τὰς
1513 699 1693 772 ψυχὰς
1730 702 1928 773 λυμαι-

344 792 601 862 νυμένης.

415 887 485 951 γ’.
527 883 661 952 Περὶ
693 884 1016 957 ζωοφθόρων
1040 888 1160 957 ἤτοι.
1185 887 1558 958 κτηνοϐατῶν.

744 1023 920 1093 Ἀρχὴ
944 1024 1052 1079 τοῦ
1093 1028 1147 1079 Η
1181 1024 1534 1095 στοιχείονῆ

317 1196 322 1213 ζ
417 1146 487 1195 α’.
514 1141 653 1209 Περὶ
683 1142 1029 1210 ἡγουμένων.

309 1276 313 1283 .
419 1231 485 1301 β’.
515 1232 649 1304 Περὶ
675 1232 774 1303 τῆς
796 1232 1008 1302 ἡλικίας
1038 1233 1146 1287 τῶν
1198 1233 1692 1306 χειροτονουμένων
1740 1230 1932 1303 κληρι-

346 1327 480 1383 κῶν.
934 1382 938 1388 .
1852 1342 1857 1349 ’

420 1424 484 1489 γ’.
529 1419 666 1490 Περι
687 1418 782 1473 τοῦ
809 1421 906 1490 τῆς
932 1421 1147 1492 ἡμέρας
1176 1422 1566 1492 διαστήματος.

762 1556 943 1625 Ἀρχὴ
979 1557 1086 1611 τοῦ
1109 1559 1154 1610 Θ
1199 1557 1524 1626 στοιχείου.

419 1677 492 1725 α’.
528 1671 661 1740 Περὶ
680 1670 925 1739 θεάτρων
960 1671 1054 1724 καὶ
1096 1671 1404 1741 θυμελικῶν
1465 1670 1741 1741 διαφόρων
1801 1688 1932 1725 παι-

347 1765 534 1828 γυίων.

424 1855 485 1930 β.
519 1858 654 1929 Περὶ⁵
687 1856 964 1925 θεολογίας
988 1857 1082 1911 καλ⁸
1102 1857 1386 1928 όρθοδόξου
1424 1861 1683 1921 πίστεως.

424 1955 491 2017 γ’.
521 1949 655 2018 Περὶ
686 1949 795 2002 τῶν
819 1950 990 2018 ἁγίων
1018 1949 1384 2018 Θεοφκνείων.

423 2037 485 2094 δ’.
546 2041 686 2111 Περὶ
735 2040 849 2093 τῶν
912 2040 1275 2111 θυσιαστήρια
1340 2042 1610 2096 ἱστάντων
1659 2040 1936 2112 κληρικῶν

352 2132 505 2200 ’παρὰ
532 2129 759 2201 γνώμην
787 2130 896 2184 τῶν
929 2131 1148 2185 οἰκείων
1181 2133 1523 2187 ἐπισκόπων.

421 2222 487 2276 ε’.
528 2223 656 2276 Ὀτι
686 2224 766 2286 είς
797 2226 857 2275 τὸ
878 2222 1033 2291 ἆγιον
1057 2222 1445 2293 θυσιαστήριον
1476 2226 1793 2297 ἱερωμένοις
1844 2228 1940 2298 μό-

352 2312 464 2381 νοις
502 2316 810 2370 ὲπιὸαίνειν
840 2318 1081 2386 ἀσφαλές
1114 2333 1128 2348 σ
1155 2316 1500 2387 εἰσέρχονται
1542 2320 1600 2372 δὲ
1630 2323 1727 2374 καὶ
1781 2321 1938 2393 βασι-

352 2412 489 2478 λεῖς,
521 2412 610 2466 ὅτε
636 2410 716 2465 ,τὰ
746 2409 898 2480 δῶρα
924 2412 990 2480 τῇ
1028 2410 1148 2478 θεία
1172 2409 1425 2481 τραπέζῃ
1454 2412 1766 2481 προσοίσειν
1813 2412 1941 2482 μέλ-

353 2503 506 2557 λουσι
542 2519 554 2531 ·
583 2502 793 2565 λαῖκοῖς
825 2502 882 2555 δὲ
913 2501 945 2572 ἢ
971 2501 1221 2571 γυναιξὶν
1249 2504 1479 2556 εἰσιέναι
1510 2503 1829 2575 ἀπείρηται.

792 2639 965 2711 Ἀρχὴ
994 2640 1102 2697 τοῦ
1128 2643 1165 2694 Ῑ
1188 2630 1514 2711 στοιχείου.

427 2765 498 2813 α’,
539 2756 677 2824 Περὶ
707 2754 870 2826 ἱερῶν
903 2753 1113 2807 σκευῶν
1144 2753 1240 2809 καὶ
1272 2755 1599 2823 ίεροσυλίας.

430 2851 496 2921 β’.
535 2852 658 2905 Ὅτι
689 2849 748 2902 οὐ
778 2850 860 2901 δεῖ
880 2847 1024 2901 ἔνδον
1050 2847 1160 2900 τῶν
1192 2847 1289 2902 τοῦ
1324 2848 1470 2915 ἱεροῦ
1509 2847 1814 2919 περιϐόλων
1842 2847 1941 2910 τὰς

354 2944 656 3014 λεγομένας
695 2943 915 3010 ἀγάπας
960 2943 1171 3007 ποιεῖν,
1225 2941 1258 3012 ἢ
1309 2940 1582 3008 καπηλεῖα
1610 2938 1771 3005 εἶναι,
1825 2941 1861 3013 ἡ
1889 2958 1943 2994 τι

357 3037 482 3091 κατ’
505 3035 776 3106 ἐμπορίαν
808 3032 1146 3105 προτιθέναι,
1186 3032 1219 3102 ἧ
1254 3033 1447 3101 κτῆνος
1479 3033 1645 3102 χωρὶς
1685 3031 1938 3102 ἀνάγκης

356 3126 618 3194 εἰσάγειν,
655 3125 689 3196 η
718 3140 841 3177 τινα
869 3121 1008 3193 μετὰ
1029 3122 1287 3191 γυναικὸς
1314 3121 1666 3191 καταμένειν.

430 3317 499 3380 γ’.
528 3310 661 3380 Περὶ
688 3309 788 3379 τῆς
820 3308 973 3371 θείας
1017 3307 1356 3378 ἱερουργίας.

431 3401 487 3458 δ’.
525 3402 664 3473 Περὶ
704 3400 997 3466 Ἰουδαίων,
1028 3401 1121 3454 καὶ
1147 3401 1229 3454 ὅτι
1265 3397 1384 3468 μετ’

356 3497 493 3559 ὅλως
522 3496 669 3565 ἔχειν
696 3494 758 3547 οὑ
788 3493 870 3547 δεῖ
891 3493 1019 3556 τοὺς
1050 3491 1301 3555 πιστούς.

1440 3398 1622 3452 αὐτῶν
1659 3397 1949 3451 κοινωνίαν

790 3629 966 3700 Ἀρχὴ
986 3630 1096 3683 τοῦ
1124 3632 1177 3683 Κ
1194 3626 1527 3696 στοιχείου.

430 3756 501 3804 α’.
526 3748 666 3819 Περὶ
690 3745 800 3800 τῶν
826 3741 1268 3814 καθαιρεθέντων
1325 3741 1429 3814 ἤδη
1484 3740 1805 3795 ἐπισκόπων
1852 3740 1951 3792 καὶ

359 3842 663 3912 κληρικῶν,
696 3837 792 3892 καὶ
827 3837 934 3889 ὑπὸ
971 3838 1158 3889 πόσων
1198 3834 1517 3888 ἐπισκόπων
1536 3831 1949 3903 καθαιροῦνται.

433 3936 498 4003 β.
527 3932 662 4002 Περὶ
718 3929 827 3983 τῶν
876 3927 1271 3997 καινιζομένων
1313 3929 1376 3991 ὲκ
1430 3925 1694 3994 βασιλέων
1748 3921 1952 3991 ἔκκλη-

364 4026 496 4080 σιῶν
522 4026 555 4095 ἢ
581 4024 816 4077 πόλεων.

431 4116 503 4183 γ’.
533 4115 670 4187 Περὶ
703 4111 1087 4181 καινπομιῶν.

433 4207 496 4265 δ’.
528 4207 668 4278 Περὶ
695 4206 1012 4268 Καλανδῶν,
1045 4205 1140 4258 καὶ
1178 4202 1574 4273 κληδονισμῶν.

435 4301 500 4357 ε’.
530 4301 666 4371 Περὶ
732 4299 976 4352 κανόνων
1022 4293 1523 4365 ὲκκλησιαστικῶν,
1582 4294 1677 4347 καὶ
1730 4293 1952 4355 πόσους,

364 4394 462 4449 καὶ
490 4393 677 4469 ποίους
706 4392 787 4444 δεῖ
814 4390 1047 4452 κανόνας
1081 4390 1330 4459 κρατεῖν.

443 4483 511 4552 ς’.
549 4485 685 4553 Περὶ
710 4480 1020 4536 κανονικοῦ.

435 4575 505 4640 ζ’.
549 4562 675 4628 Ὀτι
729 4574 811 4637 είς
845 4571 1143 4642 καπηλεῖον
1194 4570 1254 4623 οὑ
1299 4571 1382 4623 δεῖ
1422 4569 1514 4623 τὸν
1548 4570 1811 4639 κληρικὸν
1838 4571 1955 4623 εἰσ-

368 4669 529 4721 ιέναι.

437 4758 508 4829 η’.
543 4758 682 4829 Περὶ
708 4756 1089 4828 καρποφορίας
1115 4755 1215 4824 τῆς
1247 4756 1328 4817 εἰς
1347 4755 1474 4818 τοὺς
1500 4755 1680 4819 θείους
1699 4756 1885 4820 ναούς.

440 4856 506 4907 θ’.
532 4853 671 4924 Περὶ
710 4851 1045 4921 κατηγορίας
1068 4848 1382 4902 ἐπισκόπων
1407 4850 1502 4901 καὶ
1529 4848 1831 4918 κληρικῶν,
1863 4853 1959 4904 καὶ

365 4944 512 5009 τίνες
542 4946 622 5010 είς
657 4943 999 5013 κατηγορίαν
1022 4940 1250 5004 δεκτέοι,
1280 4943 1375 4993 καὶ
1408 4940 1555 5004 τίνες
1587 4941 1826 4998 ἄδεκτοι.

445 5121 498 5177 ι’.
532 5122 669 5193 Περὶ
698 5139 938 5193 κατηχου
948 5122 1150 5190 μένων.
1866 5181 1881 5191 ,

447 5212 538 5270 ια’.
569 5216 733 5279 Τίνας
756 5214 838 5268 δεῖ
876 5215 1236 5285 κληρονομεῖν
1256 5213 1325 5268 τὰ
1359 5214 1465 5268 ἴδια
1496 5214 1590 5270 τοῦ
1633 5219 1956 5272 επισκόπου.

449 5396 537 5467 ιβ’.
566 5396 704 5466 Περὶ
758 5395 1126 5466 κληρονομίας
1145 5396 1237 5449 καὶ⁵
1259 5395 1595 5469 ἀποκλήρων
1635 5396 1837 5469 υἰῶνιῆ
1868 5414 1960 5466 γο-

370 5488 531 5544 νέων.
1558 5536 1573 5549 ,

451 5578 540 5648 ιγ’.
568 5570 694 5633 Ὅτι
723 5578 1060 5650 κληροῦσθαι
1088 5578 1169 5632 δεῖ
1205 5579 1300 5633 καὶ
1327 5580 1454 5643 τοὺς
1516 5580 1592 5652 μὴ
1649 5582 1961 5654 καταγομέ-

373 5687 500 5734 νους
533 5671 599 5724 ἐκ
639 5670 832 5739 γένους
862 5667 1167 5752 ἱερατικοῦ,
1187 5670 1238 5724 εί
1266 5668 1407 5736 ἄξιοι
1431 5666 1564 5726 εἶεν.
1595 5733 1599 5736 ,

1644 310 1887 372 INDEX
1920 266 2289 375 CAPITUM.‘

1957 437 2005 490 Δ

3480 313 3616 378 1006

2550 406 2772 483 Ιηὶὶὶιιηι
2813 428 3002 484 littera.
3032 429 3097 485 Ζ.

2050 558 2056 566 ς
2106 523 2157 575 1.
2216 519 2291 575 De
2322 518 2565 576 fervente
2595 536 2735 591 aqua
2776 520 2953 576 sacris
2982 520 3258 592 mysteriis
3293 502 3611 593 injicienda.

2101 699 2156 754 2.
2190 700 2262 752 De
2317 699 2548 768 picturis
2581 713 2678 768 per
2727 696 3065 768 voluptatem
3109 697 3345 753 animam
3369 714 3619 754 corrum-

2034 792 2307 860 pentibus.

2102 886 2160 939 5.
2198 885 2273 939 De
2325 883 2390 939 iis
2430 884 2522 954 qui
2574 898 2697 939 cum
2749 883 2939 940 bestiis
2977 897 3093 938 rem
3136 882 3465 939 habuerunt.

2537 1020 2762 1076 Initium
2822 1021 3018 1076 littera:
3048 1024 3118 1075 II.

2109 1138 2161 1193 1.
2193 1135 2267 1191 De
2297 1134 2590 1207 praefectis.

2105 1228 2159 1282 2.
2193 1229 2267 1284 De
2296 1244 2482 1285 eorum
2522 1239 2703 1295 :etate,
2743 1230 2835 1299 qui
2881 1229 3067 1285 clerici
3126 1237 3253 1284 sunt
3309 1227 3618 1283 ordinandi.

2108 1412 2160 1467 3.
2197 1413 2271 1468 De
2299 1411 2402 1467 diei
2435 1412 2630 1481 spatio.

2549 1549 2777 1605 Initium
2825 1551 3020 1606 littera
3055 1553 3099 1605 Θ

2113 1670 2163 1723 1.
2206 1668 2279 1724 De
2309 1668 2542 1723 theatris
2575 1677 2630 1723 et
2661 1667 2892 1723 diversis
2917 1670 3150 1727 scenicis
3183 1670 3342 1726 ludis.

2111 1849 2170 1903 2.
2204 1847 2278 1902 De
2309 1848 2580 1918 theologia
2615 1856 2670 1902 et
2701 1847 3007 1902 orthodoxa
3037 1845 3165 1902 ﬁde.

2110 1943 2163 1995 ἵ).
2211 1941 2286 1995 De
2315 1941 2526 1995 sanctis
2545 1938 2935 2010 TlteOpbaniis.

2114 2035 2171 2088 4.
2205 2030 2281 2086 De
2309 2031 2547 2097 clericis,
2594 2032 2687 2102 qni
2738 2044 2933 2101 praeter
2962 2048 3185 2089 suorum
3244 2033 3627 2104 episcoporum

2041 2125 2364 2181 sententiam
2393 2125 2586 2179 altaria
2616 2135 2879 2182 statuunt.

2112 2212 2165 2267 5.
2204 2210 2358 2278 Quod
2385 2216 2451 2269 ad
2480 2229 2699 2271 sacrum
2724 2216 2898 2271 altare
2920 2217 3151 2271 sacratis
3174 2216 3306 2271 solis
3329 2217 3629 2271 ascendere

2042 2306 2377 2377 permittitur
2402 2324 2418 2375 ;
2453 2309 2831 2378 ingrediuntur
2851 2325 2978 2365 vero
3001 2310 3385 2378 imperatores,
3408 2312 3628 2380 quando

2043 2398 2110 2453 ad
2131 2413 2342 2454 sacram
2396 2416 2643 2455 mensam
2676 2403 2815 2457 dona
2866 2403 3102 2458 oblaturi
3135 2415 3300 2468 sunt;
3334 2403 3491 2458 laicis
3531 2417 3630 2457 au—

2045 2501 2177 2559 tem,
2207 2491 2293 2547 vel
2341 2492 2664 2551 mulieribus
2696 2495 2907 2567 ingredi
2939 2495 3280 2566 prohibetur.

2559 2633 2782 2688 Initium
2851 2634 3042 2689 litterae
3078 2633 3110 2686 Ι

2121 2751 2174 2807 1.
2205 2751 2283 2805 De
2321 2751 2493 2806 sacris
2521 2754 2666 2808 vasis
2690 2762 2743 2808 et
2772 2754 3079 2825 sacrilegio.

2118 2841 2173 2897 2.
2209 2843 2363 2910 Quod
2389 2859 2493 2899 non
2514 2854 2730 2914 oportet
2766 2847 2907 2900 intra
2943 2849 3125 2918 templi
3158 2849 3396 2905 ambitus
3429 2862 3633 2920 agapas

2047 2937 2226 2991 dictas
2269 2935 2565 3004 celebrare,
2605 2938 2690 2993 vel
2718 2954 2997 3011 cauponas
3024 2958 3169 3008 esse,
3210 2943 3297 2998 vel
3332 2943 3535 3012 aliquid
3567 2944 3635 2998 ad

2050 3038 2413 3083 mercaturam
2457 3045 2752 3100 exponere,
2793 3032 2875 3086 vel
2922 3032 3229 3102 jumentum
3285 3036 3492 3104 absque
3541 3050 3640 3089 ne-

1975 3136 2016 3195 c
2049 3119 2307 3176 cessitate
2337 3121 2706 3190 introducere,
2742 3125 2830 3179 vel
2869 3125 3107 3196 aliquem
3140 3143 3262 3181 cum
3300 3128 3528 3183 muliere
3553 3143 3637 3182 re-

2053 3228 2297 3267 manere.

2123 3305 2178 3359 5.
2211 3304 2286 3360 De
2314 3320 2475 3359 sacro
2505 3305 2830 3362 ministerio.

2121 3398 2178 3451 4.
2226 3397 2301 3451 De
2328 3396 2555 3463 Iudaeis,
2588 3409 2645 3455 et
2682 3402 2824 3470 quod
2869 3416 2976 3455 non
3030 3412 3248 3472 oportet
3298 3401 3482 3459 ﬁdeles
3515 3418 3638 3459 cum

2050 3489 2122 3545 iis
2151 3489 2375 3544 omnino
2403 3493 2848 3548 communionem
2888 3493 3110 3548 habere.

2556 3626 2787 3682 Initium
2848 3629 3042 3683 litterre
3071 3633 3141 3684 K.

2129 3740 2183 3794 1,
2216 3740 2290 3794 De
2325 3739 2588 3808 depositis
2649 3741 2920 3812 episcopis
2964 3753 3020 3798 et
3050 3742 3288 3813 clericis,
3345 3755 3401 3799 et
3448 3759 3480 3799 a
3511 3755 3646 3814 quot

2054 3830 2330 3900 episcopis
2359 3832 2732 3898 deponuntur.

2123 3921 2177 3975 2.
2222 3920 2296 3977 De
2319 3922 2566 3979 ecclesiis
2592 3924 2674 3980 vel
2707 3923 2934 3981 urbibus
2977 3926 3045 3980 ab
3099 3926 3528 3997 imperatoribus
3576 3930 3645 3985 de

2056 4026 2199 4068 novo
2226 4016 2544 4070 exstructis.

2126 4106 2181 4159 5.
2224 4105 2300 4160 De
2330 4106 2793 4165 innovationibns.

2128 4197 2180 4250 4.
2218 4196 2293 4252 De
2322 4198 2582 4255 Kalendis
2609 4212 2664 4257 et
2693 4203 3139 4262 divinatiouibus.

2128 4289 2181 4343 5.
2216 4289 2294 4345 De
2318 4292 2619 4349 canonibus
2666 4296 3076 4364 ecclesiasticis,
3107 4310 3163 4355 et
3219 4311 3352 4372 quot
3403 4318 3644 4361 canones

2065 4383 2250 4439 valere
2278 4394 2513 4453 oportet.
2700 4396 2703 4401 '

2130 4478 2182 4530 6.
2227 4477 2304 4532 De
2331 4479 2619 4538 canonico.
2670 4472 2680 4482 ’

2131 4570 2188 4623 7.
2240 4568 2396 4635 Quod
2464 4570 2724 4627 clericum
2766 4574 2821 4628 in
2881 4591 3183 4647 cauponam
3256 4579 3466 4649 ingredi
3537 4598 3644 4639 non

2061 4661 2239 4717 decet.

2130 4755 2182 4810 8.
2227 4756 2300 4811 De
2331 4757 2597 4813 fructibus
2629 4758 2682 4812 in
2723 4758 2906 4814 divina
2942 4762 3143 4832 templa
3182 4762 3494 4819 oﬂ‘erendis.

2132 4848 2187 4901 9.
2242 4848 2317 4901 Dc
2362 4850 2740 4918 episcoporum
2780 4862 2835 4905 et
2873 4853 3196 4908 clericorum
3257 4857 3645 4925 accusatione;

2063 4951 2118 4995 et
2150 4941 2371 5009 quinam
2403 4944 2469 4997 ad
2532 4948 2936 5001 accusationem
2997 4948 3320 5005 admittendi
3385 4961 3536 5020 sunt,
3591 4964 3651 5009 et

2062 5033 2288 5101 quinam
2321 5048 2427 5087 non
2462 5035 2807 5090 admittendi.

2138 5126 2227 5179 10.
2261 5126 2333 5180 De
2360 5128 2786 5183 catechumenis.

2136 5215 2225 5270 11.
2274 5215 2503 5281 Quinam
2572 5215 2776 5273 debent
2826 5234 3006 5276 rerum
3069 5226 3308 5296 episc0pi
3398 5230 3648 5290 hacredes

2063 5308 2344 5362 constitui.

2137 5398 2224 5452 i2.
2262 5398 2337 5454 De
2365 5399 2702 5466 haereditate,
2748 5413 2803 5458 et
2839 5404 3220 5467 exbmredibus
3253 5414 3378 5469 ﬁliis
3413 5429 3507 5468 aut
3553 5433 3649 5484 pa-

2065 5493 2333 5545 rentibus.

2137 5583 2226 5637 15.
2262 5584 2416 5648 Quod
2450 5584 2505 5639 in
2566 5586 2770 5643 clerum
2812 5591 3058 5647 ordinari
3113 5604 3328 5664 oportet
3387 5613 3504 5658 eos.
3555 5603 3652 5669 qui

2065 5676 2233 5729 etiam
2266 5678 2332 5731 ad
2363 5692 2534 5747 genus
2566 5679 2909 5747 sacerdotale
2940 5699 3047 5740 non
3083 5686 3421 5755 referuntur,
3463 5690 3509 5744 si
3566 5692 3653 5747 di-

2072 5782 2160 5828 «ιιι
2198 5780 2330 5824 ειιιι.
