4016 6380
324 382 468 447 10Ῑῖ

1617 381 1864 442 INDEX
1903 374 2299 447 lCAPITUM.

3466 368 3611 435 ιοιι

392 498 459 563 ς’.
504 500 629 553 Ὀτι
655 499 845 564 τόκους
864 500 1164 571 λαμϐάνειν
1196 498 1490 568 ἀπείρηται
1542 497 1705 551 παντὶ
1763 496 1898 566 κλη-

2076 496 2126 551 7.
2148 496 2299 561 Quod
2326 492 2678 549 interdictum
2710 492 2778 545 sit
2832 489 3051 546 clericis
3096 506 3295 547 usuras
3330 493 3598 561 κρισίμων,

323 590 486 662 ρικῷ,
510 594 603 646 καὶ
631 593 759 664 περὶ
786 595 986 647 τόκων.
1010 594 1218 657 Νόμοι.

390 682 463 753 η’.
507 686 642 754 Περὶ
666 686 760 738 τοῦ
793 685 1080 755 τρισαγίου
1115 684 1310 752 ὕμνου.

391 775 459 830 θ’.
505 775 630 832 Ὅτι
664 777 761 840 τὰς
814 776 1004 848 τρίχας
1040 778 1141 847 τῆς
1182 774 1424 848 κεφαλῆς
1470 774 1532 829 οὐ
1569 774 1649 828 δεῖ
1697 772 1906 826 καλλωο

323 866 531 931 πίζειν.

396 968 449 1016 ι’.
482 963 620 1033 Περὶ
646 979 710 1015 τυ
721 962 1052 1033 μόωρύχων.

397 1052 485 1108 id.
533 1056 655 1109 Ὀτι
692 1055 916 1109 τύπτειν
948 1056 1229 1127 κληρικοῖς
1261 1057 1360 1112 οὐκ
1393 1058 1631 1126 ἐφεῖται.

719 1257 735 1279 ’
757 1256 923 1324 Λρχὴ
950 1257 1056 1311 τοῦ
1096 1259 1143 1310 Υ
1158 1260 1487 1326 στοιχείου.

393 1379 465 1426 α’.
496 1372 633 1440 Περὶ
662 1369 893 1441 ὕϐρεων.

396 1464 461 1536 β’.
496 1467 632 1536 Περὶ⁵
672 1461 1202 1536 Ὑδροπαραστατῶν
1232 1461 1554 1533 αἱρετικῶν.

392 1563 465 1624 γ’.
493 1558 632 1628 Περὶ
650 1556 952 1622 υἱοθεσίας.

390 1651 453 1705 δ’.
479 1651 616 1720 Περὶ
651 1650 940 1720 ὑπηρετῶν
969 1650 1091 1722 ἦτοι
1119 1648 1510 1715 ὑποδιακόνων,

391 1744 454 1798 ε’.
477 1742 623 1812 Περὶ,
641 1741 928 1796 ὑποδόλου.

740 1875 928 1947 Ἀρχὴ
952 1876 1058 1932 τοῦ
1084 1879 1133 1931 Φ
1153 1876 1481 1946 στοιχείου.

393 1999 466 2046 at".
496 1992 634 2063 Περὶ
657 1955 969 2046 Φαλκιδίου.

393 2084 459 2158 β’.
490 2087 627 2158 Περὶ
659 2085 972 2156 φαρμακῶν
1006 2083 1103 2140 καὶ
1135 2084 1347 2157 μάγων.

387 2185 458 2248 γ’.
491 2177 626 2247 Περὶ
658 2177 864 2247 φθορᾶς
889 2175 1195 2247 παρθένων.

318 2329 326 2337 ,
390 2273 457 2327 δ’.
483 2271 621 2340 Περὶ
642 2269 1029 2341 φιλαργυρίας.

390 2362 454 2420 ε’.
477 2364 613 2435 Περὶ
650 2364 829 2433 φόνων
846 2363 1116 2418 ἑκουσίων
1157 2362 1254 2417 καὶ
1282 2358 1580 2415 ἀκουσίων.

396 2456 472 2523 ς’.
497 2459 568 2510 [ιε
580 2459 632 2528 pl
657 2457 767 2510 τῶν
792 2457 1126 2525 φονευόντων
1148 2455 1399 2516 ἑαυτούς.

392 2551 462 2615 ζ’.
494 2551 631 2623 Περὶ
655 2549 765 2603 τῶν
790 2550 969 2618 φόνων
997 2547 1106 2602 τῶν
1133 2547 1191 2600 ὲν
1212 2546 1498 2617 πολέμοις,
1530 2545 1627 2599 καὶ
1654 2543 1763 2597 τῶν
1809 2559 1906 2612 φο-

320 2642 585 2699 νευόντων
622 2640 846 2714 λῃστάς.

393 2742 468 2807 η’.
502 2736 638 2808 Περὶ
665 2735 772 2789 τῶν
797 2734 1141 2805 φονευουσῶν
1168 2729 1450 2800 γυναικῶν
1471 2727 1561 2781 διὰ
1590 2726 1903 2799 φαρμάκων

325 2828 409 2882 τὰσ
430 2828 667 2899 ἔμϐρυα.

394 2919 463 2977 θ’.
492 2920 615 2974 Ὀτι
635 2922 695 2974 οὐ
728 2920 807 2974 δεῖ
841 2919 1185 2989 φυλακτήρια
1206 2919 1404 2974 ποιεῖν.

402 3014 455 3069 ι’.
475 3017 612 3088 Περὶ
642 3014 751 3068 τῶν
778 3016 837 3068 ἑν
875 3015 1143 3083 φυλακαῖς
1165 3012 1536 3084 κατακρίτων.

729 3153 915 3223 Ἀρχὴ
949 3153 1054 3207 τοῦ
1074 3155 1121 3208 Χ
1150 3154 1485 3221 στοιχείου.

2013 599 2069 644 et
2097 590 2163 643 de
2192 586 2396 643 usuris.

2084 682 2140 736 8.
2168 684 2240 734 De
2272 682 2474 750 hymno
2497 677 2743 748 trisagio.

2083 773 2137 827 9.
2166 770 2324 837 Quod
2351 767 2578 839 capillos
2608 766 2806 836 capitis
2850 765 3143 822 delicatius
3204 779 3411 821 ornare
3455 765 3595 818 haud

2015 863 2202 918 liceat.

2086 953 2175 1009 i0.
2205 952 2281 1008 De
2308 951 2682 1021 sepulcrorum
2716 949 3095 1005 violatoribus.

2087 1045 2176 1097 11.
2206 1043 2359 1109 Quod
2388 1043 2607 1099 clericis
2638 1042 2929 1097 verberare
2957 1038 3268 1109 quempiam
3328 1052 3432 1093 non
3472 1051 3598 1105 per-

2016 1136 2272 1192 mittitur.

2544 1249 2767 1304 Initium
2794 1248 2986 1302 liuere
3017 1246 3083 1300 Υ.

2092 1363 2140 1417 ι.
2184 1364 2259 1417 De
2294 1362 2533 1432 injuriis.

2084 1457 2141 1511 9..
2176 1454 2252 1509 De
2277 1453 2760 1525 Hydmparastatis
2779 1452 3073 1508 haereticis.

2085 1548 2140 1601 5.
2179 1547 2254 1602 De
2283 1546 2612 1616 adoptione.

2085 1639 2142 1694 4.
2164 1639 2240 1695 De
2272 1638 2542 1693 ministris
2564 1639 2680 1693 sive
2709 1639 3119 1709 liypodiaronis.

2085 1734 2140 1788 5.
2176 1732 2250 1788 De
2281 1733 2574 1788 donatione
2603 1744 2729 1788 ante
2759 1733 2993 1802 nuptias.

2542 1868 2763 1924 Initium
2795 1867 2987 1922 littera:
3013 1870 3083 1921 Φ.

2087 1986 2143 2040 i.
2181 1985 2256 2040 De
2291 1985 2408 2055 lege
2431 1982 2697 2039 Falcidia.

2082 2078 2138 2131 2.
2164 2076 2239 2132 De
2268 2076 2615 2132 veneﬁcis'et
2645 2075 2839 2144 magis.

2084 2166 2139 2221 '5.
2169 2168 2246 2221 De
2278 2176 2490 2235 stupro.

2086 2260 2143 2313 4.
2178 2258 2256 2313 lle
2286 2257 2650 2331 φιλαργυρίᾳ.

2085 2354 2119 2406 5
2167 2352 2240 2407 Dc
2266 2352 2561 2406 homicidio
2595 2351 2907 2408 voluntario
2941 2360 2993 2408 et
3025 2351 3412 2407 involuntario.

2085 2443 2140 2497 6.
2169 2442 2245 2498 De
2276 2443 2522 2499 suicidis.

2086 2534 2141 2590 7.
2183 2536 2256 2590 De
2279 2536 2513 2591 caedibus
2537 2536 2768 2602 bellicis,
2803 2546 2857 2591 et
2900 2536 3177 2601 latronum
3222 2533 3595 2591 interfectori-

2016 2628 2140 2684 bus.

2084 2716 2139 2771 8.
2180 2718 2253 2773 De
2282 2719 2599 2775 mulieribus
2632 2734 2753 2790 quae
2809 2719 3220 2775 medicamentis
3261 2717 3405 2772 fetus
3468 2730 3600 2772 suos

2015 2817 2265 2863 enecant.

2085 2900 2139 2955 9.
2176 2898 2330 2966 Quod
2372 2901 2709 2973 pltylacteria
2746 2901 2925 2956 facere
2950 2902 3172 2957 minime
3201 2911 3440 2971 oportet.

2086 2990 2175 3046 10.
2214 2991 2292 3048 De
2317 2992 2594 3049 damnatis
2640 2994 2732 3065 qui
2771 2995 2821 3048 in
2852 3009 3074 3049 carcere
3099 2992 3410 3050 servantur.

2528 3126 2754 3184 Initium
2797 3130 2986 3185 lillera:
3013 3133 3082 3185 X.

392 3276 464 3324 α’.
494 3270 683 3331 Ὅπως
709 3268 816 3321 τῶν
841 3266 1334 3337 χειροτονουμένων
1371 3264 1689 3318 ἐπισκόπων
1720 3263 1775 3316 αἱ
1800 3262 1906 3331 ψῆ-

2082 3243 2405 3309 l.Qnanam
2474 3244 2687 3298 ratione
2731 3244 3158 3298 ordinandorum
3219 3243 3595 3315 episcoporum

326 3380 418 3432 φοι
471 3362 739 3431 γίνονται,
781 3365 876 3414 καὶ
906 3360 1035 3431 περὶ
1071 3361 1170 3429 τῆς
1221 3357 1517 3428 γινομένης
1568 3356 1625 3408 ὲν
1683 3353 1914 3416 ταύταις

326 3456 640 3526 ἀντιλογίας

399 3549 464 3621 β’.
513 3548 633 3601 Ὀτι
687 3545 787 3609 τὰς
845 3543 956 3597 τῶν
984 3554 1476 3614 χειροτονουμενων
1509 3538 1725 3609 ψήφους
1785 3535 1910 3590 οὗτε

328 3643 458 3710 παρ’
487 3641 767 3712 ἀρχόντων
796 3636 1106 3704 οὔτεπαρὰ
1137 3634 1231 3689 τοῦ
1252 3634 1425 3705 δήμου
1481 3632 1727 3702 γίνεσθαι
1781 3630 1913 3699 χρή.

398 3741 470 3804 γ’.
507 3734 642 3803 Περὶ
669 3730 761 3785 τοῦ
789 3731 984 3802 χρόνου
1012 3720 1072 3782 οὗ
1100 3730 1249 3790 ἐντὸς
1279 3726 1360 3780 δεῖ
1392 3724 1517 3789 τοὺς
1567 3724 1914 3786 ἐπισκόπους

330 3818 787 3901 χειροτονεῖσθαι.

400 3922 464 3975 δ’.
506 3908 756 3981 Ὀποίους
786 3911 924 3969 εἶναι
949 3914 1028 3967 δεῖ
1051 3911 1179 3974 τοὺς
1230 3908 1738 3982 χειροτονουμὲνους
1789 3906 1914 3961 ἐπί-

332 4014 591 4085 σκόπους,
618 4009 715 4063 καὶ
748 4009 872 4062 τίνα
903 4006 1009 4076 πρὸ
1036 4004 1252 4056 πάντων
1283 4001 1580 4071 γινώσκειν
1608 3999 1737 4070 χρή.

400 4103 462 4159 ε’.
509 4102 648 4159 Ὑπὸ
675 4101 859 4155 πόσων
878 4096 1193 4153 ἐπισκόπων
1218 4091 1650 4165 χειοοτονοῦνται
1696 4091 1746 4143 οἱ
1796 4090 1918 4143 ἐπί-

330 4215 520 4254 σκοποι
562 4198 655 4247 καὶ
678 4193 728 4246 οἱ
761 4190 937 4245 λοιποὶ⁵
969 4186 1240 4259 κληρικοί.

402 4287 478 4353 ς’.
523 4286 646 4338 Ὅτι
669 4282 761 4335 τὸν
809 4275 1365 4351 χειροτονηθήσεσθαι
1397 4273 1660 4345 μέλλοντα
1693 4274 1918 4327 ἐπίσκο-

331 4397 433 4435 πον
465 4378 546 4432 δεῖ
579 4368 845 4445 πρότερον
873 4371 970 4441 τῆς
1011 4369 1146 4429 ἰδίας
1169 4365 1503 4438 χωρίζεσθαι
1533 4365 1816 4434 γυναικός.

402 4471 468 4537 ζ’.
499 4469 636 4539 Περὶ
659 4467 758 4536 τῆς
779 4463 889 4517 τῶν
915 4459 1406 4532 χειροτονουμένων
1435 4458 1703 4527 ἡλικίαςη

398 4569 472 4632 η’,
501 4561 624 4611 Ὅτι
662 4557 723 4610 οὐ
755 4556 837 4609 δεῖ
862 4552 1188 4623 χειροτονεῖν
1222 4549 1409 4619 ἕτερον
1433 4548 1550 4603 ἀντ’
1598 4549 1765 4601 αὐτοῦ
1825 4547 1915 4600 τὸν

329 4653 673 4708 usitati-cavea
696 4647 1017 4703 ἐπίσκοπον.

406 4745 471 4802 θ’.
502 4743 709 4799 Ὅτιού
739 4742 820 4794 δεῖ
866 4735 1290 4809 χειροτονεῖσθαι
1341 4751 1463 4786 τινα
1508 4733 1829 4794 ἐπίσκοπον,
1882 4729 1916 4799 ἢ

331 4839 725 4911 πρεσϐύτερον,
755 4833 790 4904 ἢ
837 4831 1104 4893 διάκονον,
1154 4830 1219 4880 ἂν
1256 4829 1329 4899 μὴ
1362 4827 1625 4898 πρότερον
1681 4826 1809 4889 τοὺς
1840 4824 1918 4887 ,ἐν

331 4933 410 4999 τῷ
439 4931 574 4999 οῐκῳ
602 4925 767 4982 αὑτοῦ
805 4926 1015 4987 πάντας
1048 4921 1251 4993 ποιήσῃ
1289 4919 1672 4991 Χριστιανούς.

403 5021 459 5080 ι’.
501 5023 623 5076 Ὀτι
657 5020 717 5073 οὐ
746 5015 1278 5088 δεῖχειροτονεῖδθαι
1327 5012 1524 5083 ἁθρόον
1591 5010 1682 5063 τὸν
1728 5009 1918 5063 λαῖκδν

334 5116 652 5178 ἐπίσκοπον,
682 5110 806 5165 οὐδὲ
831 5109 924 5162 τὸν
953 5107 1078 5177 ἄρτι
1102 5103 1440 5175 φωτισθέντα
1470 5103 1589 5177 [καὶ
1643 5102 1733 5156 διὰ
1758 5103 1919 5166 ποίας

331 5207 510 5270 αἰτίας
541 5207 570 5258 ὁ
594 5201 857 5274 κληρικὸς
893 5201 990 5270 τῆς
1016 5195 1318 5267 ἱερωσύνης
1351 5193 1717 5266 ἀφαιρεῖται].

410 5300 501 5355 ια’.
522 5298 659 5351 Πότε
690 5295 1077 5366 χειροτονεῖται
1098 5286 1353 5360 εὖνοῦχος
1390 5289 1689 5352 ἐπίσκοπος
1721 5286 1755 5359 ἢ
1788 5286 1918 5359 κλητ

340 5391 515 5462 ρικδς,
552 5389 585 5460 ἢ
621 5388 793 5447 ἄλλως
816 5384 878 5438 τὸ
905 5384 1065 5453 σῶμα
1093 5380 1493 5451 λελωϐημένος.

408 5481 498 5551 ιβ’.
538 5481 748 5534 Ὄτιοῦ
779 5479 861 5532 δεῖ
883 5476 1310 5549 χειροτονεῖσθαι
1360 5476 1659 5529 ἐπίσκοπον
1721 5476 1778 5529 ἐν
1825 5477 1913 5528 ὲκ-

336 5572 558 5645 κλησίᾳ,
588 5566 658 5643 ἦς
688 5572 717 5623 ὁ
751 5571 1150 5641 προϊστάμενος
1183 5568 1265 5622 ἔτι
1294 5569 1596 5639 περίεστιν.

412 5669 502 5731 ιγ’.
529 5665 652 5719 Ὀτι
682 5664 742 5717 οὐ
767 5663 847 5715 δεῖ
875 5661 1299 5733 χειροτονεῖσθαι
1330 5660 1629 5715 ἐπίσκοπον
1675 5662 1737 5713 ὲν,
1764 5660 1916 5713 πόλει
1949 5720 1952 5724 ,

341 5755 514 5827 μικρᾷ
533 5756 567 5825 ἢ
598 5754 779 5826 κώμῃ·

417 5842 503 5899 ιδ’.
532 5847 666 5916 Περὶ
696 5846 1032 5916 χειροτονίας
1065 5844 1525 5913 χωρεπισκόπων.

2020 3336 2148 3389 ﬁant
2168 3336 2482 3401 electiones,
2517 3346 2573 3389 et
2603 3335 2669 3389 de
2699 3335 2888 3390 litibus
2945 3352 3067 3406 quae
3104 3335 3248 3390 circa
3290 3337 3412 3392 illas
3463 3338 3600 3392 obo-

2018 3429 2256 3483 rinntnr.

2085 3522 2141 3574 2.
2176 3522 2328 3588 Quod
2358 3524 2581 3579 minime
2611 3531 2862 3593 oporteat
2889 3520 3334 3576 ordinandorum.
3383 3522 3613 3579 electio~

2018 3629 2114 3668 nes
2142 3615 2226 3669 vel
2255 3630 2284 3669 a
2317 3601 2666 3686 magistratu,
2699 3616 2780 3670 vel
2807 3630 2837 3668 a
2857 3614 3053 3684 populo
3090 3615 3226 3669 ﬁeri.
3415 3672 3424 3679 ,

2086 3706 2143 3761 3.
2189 3706 2264 3763 De
2302 3717 2565 3779 tempore,
2626 3709 2767 3764 intra
2824 3709 2967 3781 quod
3023 3708 3311 3776 episcopos
3360 3708 3611 3764 ordinari.

2016 3810 2251 3869 oportet.

2088 3892 2143 3947 4.
2172 3891 2374 3958 Quales
2402 3906 2637 3948 esseeos
2664 3893 3002 3963 oportet-qni
3041 3893 3280 3964 e;.~isc0pi
3312 3892 3602 3948 ordinandi
3623 3930 3635 3942 ..

2017 3993 2165 4048 sunt,
2187 3993 2242 4038 et
2264 3998 2511 4052 quaenam
2544 3998 2652 4053 pra:
2673 3986 2890 4039 caneris
2921 3988 3091 4040 scire.

2087 4074 2142 4130 5.
2182 4075 2324 4140 Quot
2349 4075 2590 4143 episcopi
2611 4076 2676 4129 ad
2711 4074 3111 4130 ordinationem
3148 4075 3389 4145 episcOpi
3440 4084 3495 4128 et
3521 4090 3607 4130 re-

2019 4169 2285 4237 liquorum
2357 4169 2684 4224 clericorum
2740 4172 3111 4238 requiruntur.

2088 4262 2142 4316 6.
2178 4260 2334 4328 Quod
2366 4277 2489 4315 eum
2521 4263 2612 4331 qui
2669 4262 2724 4316 in
2750 4264 3064 4333 episcopum
3114 4264 3454 4319 ordinandus
3500 4273 3613 4331 est;

2018 4363 2269 4425 oporteat
2303 4357 2370 4407 ali
2402 4369 2572 4410 uxore
2594 4370 2692 4409 sua
2717 4360 2986 4424 separari.

2091 4446 2142 4500 7.
2188 4446 2261 4500 De
2283 4456 2442 4501 mtate
2473 4446 2959 4505 ordinandornm.-

2091 4538 2144 4592 8.
2178 4536 2331 4603 Quod
2369 4553 2474 4593 non
2496 4549 2744 4608 oporteat
2766 4543 3080 4611 episcopum
3100 4543 3422 4598 morientem
3440 4543 3605 4597 alium
3631 4583 3636 4588 .

2025 4628 2075 4681 in
2111 4627 2288 4681 locmn
2319 4643 2478 4682 suum
2505 4627 2754 4685 suﬁicere
2785 4645 2848 4684 ac
2880 4631 3158 4687 ordinare.

2092 4719 2148 4773 9.
2180 4719 2334 4785 Quod
2362 4721 2675 4789 episcopum
2714 4731 2807 4775 aut
2854 4724 3234 4794 presbyterum
3274 4734 3369 4780 aut
3425 4725 3609 4777 iliaco-

2024 4827 2150 4865 nnm
2180 4813 2424 4866 ordinari
2452 4827 2561 4868 non
2588 4823 2858 4884 oporteat,
2890 4817 3206 4885 priusquam
3262 4833 3452 4872 omnes
3479 4833 3637 4871 suos.

2022 4905 2356 4959 domesticos
2383 4905 2724 4961 Christianos
2750 4907 2961 4963 fecerit.

2094 4995 2184 5050 10.
2215 4995 2371 5061 Quod
2404 5013 2507 5052 non
2527 5007 2776 5066 oporteat
2808 4999 3003 5053 inicum
3042 5000 3227 5053 Statim
3290 5000 3605 5066 episcopum

2021 5087 2221 5152 creari,
2258 5104 2435 5157 neque
2459 5089 2610 5142 illum
2641 5091 2735 5159 qui
2773 5074 3427 5161 nuperrimebaptizatus
3464 5093 3607 5147 init:

2020 5189 2073 5234 et
2104 5180 2303 5249 quibus
2337 5185 2403 5234 «te
2433 5182 2613 5236 causis
2645 5182 2881 5239 clericus
2908 5184 3217 5238 sacerdotio
3250 5185 3493 5240 cxcidit..

2093 5271 2181 5326 ll.
2235 5273 2792 5343 Qttatttlo-ondinetur
2840 5276 3128 5331 eumtclins
3179 5275 3470 5345 episc0pns
3516 5288 3610 5330 aut

2021 5365 2276 5430 clericus,
2319 5377 2410 5418 ant
2433 5366 2591 5420 aliter
2623 5381 2850 5436 corpore
2887 5382 3139 5422 mancus.

2098 5458 2182 5512 12.
2211 5459 2702 5531 Quod-episcopum
2745 5463 2796 5516 in
2825 5464 3081 5526 ecclesia,
3112 5464 3267 5532 cujus
3301 5465 3593 5532 episcOpus

2021 5553 2200 5607 adhuc
2224 5554 2276 5606 in
2312 5554 2449 5608 vivis
2474 5565 2578 5620 est,
2609 5570 2717 5609 non
2742 5556 2987 5610 ordinari
3015 5569 3286 5623 Oporteat.

2094 5647 2181 5701 i3.
2210 5646 2362 5712 Quod
2412 5663 2517 5701 non
2549 5650 3137 5719 oporteatcpiscopum
3166 5650 3219 5703 in
3246 5650 3463 5706 civitate
3486 5665 3609 5719 par.-

2028 5724 2088 5795 va
2118 5751 2212 5794 aut
2250 5742 2370 5795 vico
2392 5741 2654 5797 ordinari.

2108 5834 2191 5889 ll.
2226 5835 2299 5888 De
2328 5833 2671 5890 ordinatione
2700 5831 3236 5893 cliorcpisconorum.
