4016 6384
367 382 501 448 1017

1321 391 1733 452 SYNTAGMA
1776 392 2401 456 ALPIIABETICUM.
2441 418 2512 429 -
2551 340 2643 456 A.’

3474 394 3617 461 1018

359 495 472 551 οἷόν
498 516 559 552 τε
591 497 653 552 τό
674 515 737 566 γε
770 500 851 562 εἰς
891 498 1040 570 ἡμᾶς
1091 494 1463 571 ἣκονταύτας
1508 504 1818 575 ἐπιτεμεῖν,
1866 505 1915 556 ὼ

2051 502 2246 570 fuerit,
2276 510 2585 579 eademque
2610 509 2905 572 praetcrea,
2940 513 3205 573 quantum
3235 505 3290 559 in
3326 509 3482 563 nobis
3512 519 3593 564 est
3615 547 3634 573 ,

362 591 427 644 ἂν
460 591 658 662 ῥαδίως
688 592 938 645 ἐντεῦθεν
976 593 1364 662 οἱανδηποτοῦν
1413 595 1671 648 ὑπόθεσιν
1697 597 1812 658 τοῖς
1837 594 1938 666 ζη-

360 683 545 736 τοῦσιν
571 684 844 753 εὑρίσκειν
889 685 1134 757 ὑπάρξῃ,
1184 686 1297 740 δεῖν
1343 685 1607 757 ᾠήθημεν
1642 688 1735 742 καὶ
1761 687 1936 750 οὕτως

356 775 464 843 ἄρα
520 775 871 845 προθέμενοι.
903 778 1033 839 τοὺς
1069 777 1169 846 τὴν
1220 777 1390 847 ὀρθὴν
1415 778 1599 831 πίστιν
1639 779 1935 850 ὀρθοῦντας

357 866 750 931 θεοπνεύστους
802 868 1036 931 κανόνας
1073 870 1361 938 τεταχέναι
1420 870 1747 940 προτέρους.
1803 873 1932 935 Τοῖς

353 959 462 1024 γὰρ
500 957 594 1011 ἐπὶ
617 956 695 1027 τῷ
730 957 966 1029 θεμελίῳ
991 960 1200 1029 ταύτης
1227 960 1489 1030 ἀσφαλῶς
1523 962 1835 1032 ἱδρυμένοις
1872 966 1931 1016 ὲν

354 1048 506 1117 καλῷ
539 1048 783 1103 κείσεται
812 1050 888 1120 μὴ
916 1051 973 1101 ὲν
1016 1050 1282 1120 παρέργῳ
1332 1052 1523 1104 καὶτὰ
1568 1051 1678 1105 τῶν
1728 1052 1932 1107 λοιπῶν

350 1139 588 1192 ἐκθεῖναι
638 1141 879 1193 κανόνων
897 1153 913 1170 °
951 1142 1001 1194 οί
1026 1141 1085 1195 δὲ
1108 1142 1207 1209 τῆς
1238 1142 1476 1211 ἀληθοῦς
1502 1143 1930 1214 ἠλλοτριωμένοι

355 1231 614 1294 πίστεως,
661 1230 757 1284 καὶ
804 1231 895 1285 τὸν
926 1232 1201 1303 θησαυρὸν
1225 1234 1337 1288 τῶν
1365 1234 1544 1303 ὀρθῶν
1573 1234 1931 1303 σεσυλημένοι

348 1321 659 1389 δογμάτων,
710 1322 867 1375 ποίαν
911 1322 1021 1376 τῶν
1072 1323 1247 1395 ἱερῶν,
1292 1325 1535 1378 κανόνων
1590 1326 1931 1396 ἐπιστροφὴν

349 1416 530 1479 σχοῖεν
552 1413 652 1478 ἄνς
687 1412 987 1484 Ταύτητοι
1043 1416 1139 1468 καὶ
1183 1415 1254 1469 τὰ
1291 1415 1453 1484 φύσει
1505 1416 1779 1487 πρότερα,
1829 1417 1931 1470 οὐκ

346 1505 515 1574 ἐχρῆν
545 1505 652 1557 τῶν
675 1504 893 1576 ἀριθμῷ
942 1507 1037 1559 καὶ
1062 1505 1213 1571 τάξει
1272 1506 1434 1561 τοῦτο
1486 1507 1929 1578 κληρωσαμένων

347 1593 628 1663 στοιχείων
656 1594 883 1666 δεύτερα
938 1596 1132 1651 θεῖναι.
1157 1595 1286 1652 Οἵον
1337 1597 1445 1668 ἄρα
1494 1599 1590 1651 καὶ
1620 1599 1750 1663 ,τοῖς
1779 1598 1927 1664 ζωῆς

348 1685 736 1756 μεταλαχοῦσι,
753 1688 962 1758 τροφὴν
983 1688 1308 1756 προσίεσθαι
1332 1691 1360 1742 ό
1376 1691 1476 1761 τῆς
1497 1689 1715 1758 φύσεως
1742 1689 1927 1742 δίδωσι

2042 593 2096 647 iu
2146 593 2530 662 compendium
2578 592 2859 662 redigere,
2901 608 3011 667 quo
3054 595 3421 666 quodcunque
3464 612 3629 668 argu-

2042 692 2292 739 mentum
2321 684 2694 754 quaarentibus
2725 683 2973 740 invenire
3008 670 3224 742 facilius
3255 688 3348 753 sit,
3377 702 3633 744 necessa-

2036 773 2179 828 rium
2214 772 2491 838 duximus,
2518 781 2578 831 et
2612 772 2691 828 sie
2726 772 2890 843 igitur
2918 774 3062 844 apud
3091 790 3192 830 nos
3220 775 3629 841 constituimus,

2044 863 2311 918 divinitus
2339 863 2637 932 inspiratos
2660 903 2674 926 ,
2704 863 2795 933 qui
2831 873 3036 918 rectam
3072 864 3232 919 ﬁdem
3267 867 3629 927 conﬁrmant.

2039 953 2211 1025 priori
2240 954 2297 1008 in
2326 954 2446 1009 loco
2472 954 2744 1009 collocare
2771 954 3033 1010 canones.
3062 956 3134 1010 iis
3161 961 3308 1013 enim
3336 959 3429 1028 qui
3459 976 3627 1029 super

2033 1044 2179 1102 illius
2210 1043 2567 1100 fundamento
2589 1045 2819 1100 ﬁrmiter
2849 1047 3070 1102 stabiliti
3103 1056 3253 1112 sunt,
3278 1052 3626 1105 commodum

2035 1135 2313 1191 videbilur
2351 1151 2461 1190 non
2508 1152 3014 1206 supervacaneum,
3062 1149 3122 1195 ut.
3165 1140 3362 1209 reliqui
3407 1156 3627 1211 quoque

2040 1243 2276 1283 canones
2330 1237 2694 1298 exponuntur.
2729 1228 2767 1283 li
2801 1246 2930 1284 vero
2961 1231 3052 1300 qui
3084 1246 3114 1285 a
3148 1243 3293 1287 recta
3360 1232 3464 1287 ﬁde
3496 1235 3628 1289 alie-

2031 1322 2146 1376 nati
2184 1330 2335 1385 sunt,
2375 1332 2430 1377 et
2477 1334 2753 1378 rectorum
2798 1323 3112 1394 dogmatum
3195 1326 3456 1382 thesauro
3500 1343 3626 1398 spo-

2032 1414 2172 1479 jiati,
2205 1415 2422 1484 qualem
2467 1430 2750 1470 sacrorum
2793 1431 3065 1471 canonum
3109 1433 3297 1472 curam
3338 1419 3627 1475 habeant?

2032 1505 2296 1573 Quocirca
2334 1513 2394 1562 ut
2429 1521 2551 1577 qua:
2588 1522 2780 1564 natura
2814 1516 2946 1562 sunt
2994 1510 3212 1578 priora.
3247 1506 3370 1577 pest
3403 1527 3467 1566 ea
3499 1528 3621 1582 quae

2029 1609 2260 1659 numero
2291 1611 2355 1651 ac
2377 1596 2570 1652 ordine
2590 1597 2893 1653 litterarum
2914 1598 3060 1654 istud
3079 1600 3274 1656 sortita
3307 1612 3437 1657 sunt
3457 1604 3623 1657 collo-

2029 1693 2247 1751 centur,
2293 1702 2641 1758 nequaquam
2685 1704 2914 1744 necesse
2959 1700 3099 1745 erat.
3144 1689 3616 1757 Quemadmodum

345 1777 548 1845 νόμος·
601 1777 697 1830 καὶ
734 1778 944 1849 ταύτην
994 1780 1167 1849 δήπου
1229 1780 1304 1849 μὴ
1356 1780 1774 1849 προσιεμένους,
1831 1780 1915 1832 ἐπὶ

2028 1771 2287 1828 nimirum
2318 1774 2383 1829 iis
2415 1776 2604 1841 etiam,
2636 1777 2728 1847 qui
2761 1777 2869 1833 vita
2904 1778 3183 1843 fruuntur,
3222 1785 3617 1841 nutrimentum

346 1843 598 1924 πλεῖστον
632 1871 794 1939 ῐσμεν
826 1843 977 1925 ἔστιν
1002 1843 1096 1936 ob;
1124 1843 1241 1927 τῶν
1262 1843 1423 1927 θείων
1458 1843 1672 1935 ἀνδρῶν
1699 1843 1915 1941 διαρκέ-

2029 1862 2341 1920 desiderare
2394 1866 2477 1920 lex
2536 1843 2803 1924 naturalis
2856 1869 3170 1926 indidit:et
3210 1873 3355 1929 istud
3396 1877 3617 1943 quidem

352 1978 586 2027 σανταςο
618 1967 737 2027 τοῖς
779 1965 837 2018 δέ
866 1983 930 2033 γε
960 1967 1023 2019 τὸ
1059 1968 1161 2037 ζῇν
1215 1968 1599 2039 ἀφῃρημένοις
1652 1966 1925 2037 παρέλκον

348 2050 505 2124 οἶμαι
532 2058 625 2112 καὶ
653 2058 909 2124 περιττὸν
950 2060 1021 2113 τά
1053 2076 1117 2127 γε
1152 2061 1289 2131 πρὸς
1317 2060 1506 2130 ὄνησιν
1532 2061 1566 2131 ὴ
1598 2060 1795 2132 τροφὴ,
1826 2060 1926 2127 τῆς

340 2146 639 2217 ὀρεκτικῆς
690 2150 787 2202 καὶ
821 2149 1236 2221 μεταληπτικῆς
1286 2152 1574 2222 οἰχομένης
1620 2151 1923 2221 δυνάμεως

340 2239 519 2303 ἄλλως
563 2256 627 2292 τε
656 2242 752 2294 καὶ
782 2241 964 2295 πίστει
989 2242 1090 2312 μὲν
1118 2243 1389 2304 σωθέντας
1410 2242 1584 2306 ἐνίους
1620 2243 1768 2296 ἔστιν
1790 2244 1923 2297 ὅπου

339 2331 499 2400 λόγος
547 2333 716 2403 αίρεῖ,
753 2334 847 2386 καὶ
877 2338 934 2387 αἱ
970 2335 1085 2388 τῶν
1135 2337 1482 2407 πραγμάτων
1521 2337 1752 2407 ἱστορίαι
1782 2334 1926 2391 διδά-

339 2440 593 2477 σκουσινο
651 2424 831 2494 ἔργων
861 2444 924 2495 γε
974 2427 1102 2498 μὴν,
1133 2427 1373 2489 πίστεως
1422 2429 1499 2501 μὴ
1527 2429 1921 2499 προηγησαμέ-

337 2530 459 2585 νης,
485 2512 742 2588 τοσοῦτον
764 2518 814 2569 οί
853 2518 1134 2586 μετιόντες
1187 2517 1495 2582 ἁπώναντο,
1529 2519 1726 2571 ὁπόσον
1750 2517 1846 2572 καὶ
1872 2517 1923 2569 οἱ

336 2607 437 2671 τὰς
457 2606 613 2678 ὄψεις
640 2610 1046 2679 ὲκκεκομμένοι
1072 2609 1165 2663 τοῦ
1192 2610 1426 2681 ἡλιακοῦ
1464 2611 1618 2664 τοῦδε
1653 2610 1848 2679 φωτός.

409 2871 525 2944 τῆς
572 2873 672 2944 μὲν
721 2874 817 2929 οὖν
855 2875 1019 2943 ἁγίας
1072 2877 1167 2931 καὶ
1224 2879 1615 2947 οίκουμενικῆς
1658 2846 1918 2948 δευτέρας

338 2965 559 3020 συνόδου
595 2967 758 3029 εὐθὺς
779 2969 808 3021 ὁ
840 2969 1058 3040 πρῶτος
1127 2971 1511 3041 κανὼνμόνην
1534 2967 1673 3025 εἶναι
1724 2971 1920 3041 κυρίαν

336 3059 520 3112 πίστιν
574 3060 845 3129 ἐνόμισεν,
877 3063 943 3132 ἢν
965 3061 1027 3133 οἱ¹
1061 3063 1119 3115 ὲν
1161 3061 1366 3132 Νικαίᾳ
1414 3063 1741 3132 τριακιόσιοι
1786 3062 1920 3116 δέκα

2027 1968 2136 2008 non
2169 1946 2543 2037 desiderantes
2578 1960 2872 2013 nonnullos
2908 1961 3161 2017 novimus
3189 1978 3219 2017 e
3250 1963 3448 2021 divinis
3482 1967 3616 2021 viris

2028 2047 2119 2116 qtti
2141 2047 2233 2102 diu
2256 2048 2627 2119 perdurarnnt
2647 2067 2662 2104 :
2684 2051 2791 2104 vita
2807 2066 2937 2105 vero
2957 2052 3158 2108 functis
3178 2056 3535 2124 superﬂuum,
3556 2068 3617 2112 ut

2027 2138 2242 2205 Opinor,
2274 2149 2330 2192 et
2362 2155 2829 2210 supervacaneum
2863 2151 2947 2196 est
2978 2145 3379 2199 nutrimentum
3427 2148 3500 2202 ob
3537 2149 3616 2201 ul-

2027 2231 2283 2284 teriorem
2308 2231 2545 2302 aliquam
2592 2233 2790 2288 exinde
2841 2234 3250 2305 percipiendam
3299 2238 3611 2305 utilitatem,

2020 2323 2320 2404 appetitiva
2351 2334 2405 2379 et
2442 2325 2822 2395 participativa
2858 2328 3436 2395 cessante.facttltate';,
3474 2348 3613 2400 prae-

2022 2402 2181 2483 cipue
2209 2402 2332 2469 cum
2360 2406 2463 2469 ﬁde
2487 2406 2707 2485 quidem
2733 2427 2980 2471 servatos
3005 2418 3297 2474 nonnullos
3320 2435 3441 2474 esse
3469 2418 3612 2477 fama

2025 2504 2224 2560 alicubi
2252 2505 2475 2571 referat,
2501 2514 2556 2560 et
2581 2521 2764 2560 rerum
2791 2507 3034 2563 historia:
3066 2510 3282 2565 tradant
3309 2529 3322 2565 :
3351 2511 3457 2567 ﬁde
3482 2528 3611 2568 vero

2023 2598 2283 2667 operibus
2315 2616 2422 2655 non
2455 2601 2732 2670 pratmissa
2755 2640 2772 2668 ,
2809 2611 3022 2657 tantum
3056 2606 3146 2677 qui
3180 2605 3235 2659 in
3273 2606 3426 2661 hisce
3456 2624 3613 2662 exer-

2014 2699 2239 2774 centur,
2270 2686 2875 2776 percipiuntlfruc‘tum.
2904 2704 3169 2765 quantum
3202 2696 3375 2752 oculis
3404 2699 3547 2768 capti
3579 2715 3609 2753 e

2031 2780 2239 2835 lumine
2276 2782 2391 2856 hoc
2412 2781 2600 2838 solari.

2092 2872 2305 2929 Sancta:
2333 2873 2498 2943 igitur
2523 2884 2579 2930 et
2606 2876 2962 2932 oecumenicae
2989 2879 3246 2935 secunda:
3276 2881 3468 2953 synodi
3495 2885 3609 2952 pri-

2022 2980 2145 3020 mus
2198 2966 2383 3021 statim
2437 2982 2613 3022 canon
2664 2983 2784 3021 eam
2836 2968 3011 3022 solam
3065 2969 3437 3027 authenticam
3489 2990 3611 3029 esse

2021 3056 2183 3111 ﬁdem
2219 3056 2534 3120 constituit,
2569 3072 2730 3125 quam
2767 3060 2999 3113 trecenti
3037 3060 3407 3133 duodeviginti
3440 3064 3609 3119 divini

337 3151 433 3203 καὶ
469 3150 614 3205 ὀκτὼ
655 3149 904 3221 θεοφόροι
947 3150 1182 3219 ῐιατέρες
1234 3152 1712 3220 ὲκπεφωνήκασιν,
1743 3151 1821 3216 ὡς
1851 3151 1912 3216 ἐξ

2022 3151 2221 3215 Patres
2270 3149 2461 3204 Niczeae
2525 3149 2835 3220 congregati
2896 3152 3224 3217 ediderunt,
3279 3163 3465 3220 utpote
3541 3171 3609 3210 ex

336 3244 511 3309 ὑγιῶν
541 3244 944 3314 συνισταμένην
968 3242 1256 3311 δογμάτων
1278 3259 1291 3272 '
1323 3243 1544 3307 ἁπάσας
1573 3243 1762 3313 μέντοι
1812 3245 1916 3309 τὰς

337 3335 578 3406 ἄλλωςῆ
623 3335 703 3395 ὡς
727 3333 871 3405 αὕτη
920 3334 1229 3411 φρονούσας
1269 3334 1514 3404 αἱρέσεις
1542 3335 1708 3399 ἐάσας
1741 3322 1916 3406 ὲρῤῶ-

336 3427 489 3493 σθαι,
513 3426 592 3496 τῷ
617 3426 920 3495 ἀναθέματι
957 3428 1347 3495 παραπέμπει.

416 3520 476 3573 Ὀ
510 3519 567 3573 δέ
617 3536 681 3585 γε
724 3517 766 3574 ε’
792 3520 962 3588 αὐτῆς
995 3519 1088 3572 καὶ
1115 3519 1242 3581 τοὺς
1269 3519 1349 3581 είς
1374 3518 1641 3588 Σαρδικὴν
1686 3520 1914 3590 συνελη-

337 3610 565 3673 λυθότας
612 3610 682 3664 δι’
710 3610 938 3665 ἐπαίνου
992 3610 1225 3673 τίθεται,
1266 3599 1382 3664 ἀνθ’
1419 3603 1495 3664 ὧν
1522 3611 1614 3662 τὸν
1657 3611 1911 3682 περὶτῆς

334 3701 575 3767 πίστεως
600 3703 768 3773 τόμον
798 3704 908 3757 τῶν
945 3703 1004 3756 ὲν
1037 3703 1242 3773 Νικαίᾳ
1274 3701 1802 3773 προσεπεκύρωσαν.

2021 3239 2170 3296 sanis
2213 3238 2563 3309 dogmatibus
2611 3240 2967 3309 compositam
3015 3260 3028 3295 :
3075 3242 3357 3298 universas
3398 3254 3604 3306 autem,

2020 3348 2143 3402 qua:
2178 3331 2312 3385 alias
2350 3339 2513 3400 atque
2550 3331 2669 3400 ipsa
2708 3332 2985 3397 sentiunt,
3023 3332 3262 3388 haereses
3299 3330 3477 3388 valere
3513 3336 3607 3406 ju-

2021 3424 2182 3489 bens,
2212 3424 2544 3478 anathemati
2578 3422 2871 3479 submittit.

2088 3506 2324 3582 Quintus
2370 3525 2553 3569 autem
2603 3515 2851 3584 ejusdem
2902 3515 3095 3584 synodi
3146 3530 3323 3571 canon
3370 3530 3463 3571 eos
3509 3518 3603 3586 qui

2000 3586 2259 3661 -Sardicae
2312 3612 2709 3670 convenerunt,
2764 3603 3019 3659 laudibus
3075 3604 3255 3672 eﬁ'ert,
3309 3616 3605 3675 propterea

2016 3697 2161 3769 quod
2200 3696 2422 3751 Patrum
2460 3695 2809 3750 Niczenorum
2852 3695 2921 3751 de
2957 3695 3061 3750 ﬁde
3096 3695 3383 3751 decretum
3407 3697 3606 3753 conﬁr-

2017 3799 2286 3847 massent.

411 3885 472 3940 'H
503 3887 638 3954 άγία
674 3886 731 3939 δὲ
769 3889 865 3939 καὶ
895 3858 1253 3957 οἰκουμενικὴ
1298 3890 1347 3952 γ’
1388 3883 1606 3948 σύνοδος
1662 3886 1721 3937 ὲν
1766 3884 1911 3954 ἕκτῳ

2042 3884 2284 3940 -Sancta
2336 3894 2517 3940 autem
2566 3895 2620 3940 et
2661 3886 3000 3941 oecumenica
3054 3884 3214 3941 tertia
3262 3885 3502 3957 synodus
3548 3886 3602 3940 in

331 3981 427 4033 καὶ
468 3977 687 4049 ἑϐδόμῳ
734 3975 919 4031 κανόνι
950 3978 1078 4040 τοὺς
1125 3978 1206 4039 είς
1254 3977 1415 4053 τοῦτο
1447 3977 1653 4046 τόλμης
1688 3976 1907 4053 νίόντας,

330 4072 406 4134 ὡς
435 4070 625 4142 ἕτερον
655 4071 805 4141 παρᾶ
837 4070 899 4123 τὸ
931 4070 989 4122 ὲν
1032 4070 1239 4144 Νικαίᾳ
1287 4067 1541 4122 συντεθὲν
1592 4052 1737 4138 ίερδν
1770 4068 1911 4137 σύμ-

332 4165 487 4217 ὅολον
522 4165 885 4232 συγγράφειν,
930 4161 1010 4214 ἐτι
1039 4160 1095 4214 δὲ
1137 4161 1229 4214 καὶ
1273 4159 1399 4223 τοὺς
1433 4161 1500 4212 τὰ
1533 4159 1771 4229 δυσσεϐῆ
1802 4160 1907 4211 Νε-

334 4257 548 4326 στορίου
618 4255 868 4324 δόγματα
935 4246 1364 4324 προσιεμένους,
1424 4251 1733 4315 καὶξοῦτω
1788 4253 1908 4316 τοὺς

342 4345 643 4417 Ἐκκλησία
698 4344 1024 4415 προσιόντας
1067 4345 1447 4415 πειρωμένους
1499 4346 1905 4414 μυπαγωγείν,

222 4448 243 4465 ‘
329 4442 424 4492 τοῦ
452 4440 655 4511 κλήρου
695 4438 795 4508 μὲν
821 4436 1034 4502 ἐξωθεῖ,
1069 4438 1117 4491 εἰ
1147 4437 1401 4509 κληρικοὶ
1432 4433 1564 4503 εἷεν,
1600 4436 1823 4500 λαῖκοὺς
1849 4437 1905 4490 δὲ

332 4534 520 4599 ἐφίησι
550 4531 628 4599 τῷ
654 4530 979 4599 ἀναθέματι.

401 4624 474 4675 ἸΙ
503 4639 567 4691 γε
600 4622 707 4692 μὴν
735 4620 867 4689 ἁγία
900 4622 996 4675 καὶ
1018 4621 1370 4691 οἰκουμενικὴ
1409 4620 1464 4685 ς’
1493 4621 1709 4685 σύνοδος
1745 4623 1803 4674 ἐν
1829 4621 1906 4691 τῷ

328 4714 529 4786 πρώτῳ
557 4714 741 4768 κανόνι
776 4714 877 4784 τὴν
913 4712 1051 4785 πρὸς
1072 4713 1182 4766 τῶν
1210 4713 1368 4786 ἱερῶν
1385 4712 1700 4767 ἀποστόλων
1722 4730 1905 4784 παρα-

325 4805 570 4857 δοθεῖσαν
585 4805 717 4874 ἡμῖν
749 4805 931 4857 πίστιν
964 4806 1254 4875 παρεγγυᾷ
1277 4804 1351 4875 μὴ
1374 4806 1716 4875 καινοτομεῖν
1734 4825 1750 4838 ο
1771 4804 1906 4874 πρδς

327 4896 383 4948 δὲ
420 4896 516 4949 καὶ
544 4897 610 4950 τὰ
668 4897 725 4948 ἓν
760 4898 825 4967 τῇ
862 4895 1053 4965 πρώτῃ
1082 4893 1515 4964 δογματισθέντα
1546 4894 1624 4967 μὴ
1655 4894 1906 4965 παρεξιέ·

327 5007 415 5042 ναι
442 4988 647 5059 συνόδῳ
667 5002 686 5021 ο
717 4987 768 5042 οἳ
793 4988 858 5058 δὴ
891 4988 951 5041 τὸ
975 4988 1263 5058 ἑμοούσιον
1286 4987 1395 5041 τῶν
1420 4987 1587 5059 τριῶν
1611 4987 1710 5056 τῆς
1737 4986 1903 5056 θεαρ-

327 5081 488 5151 χικῆς
542 5080 780 5144 πίστεως
808 5081 1161 5133 ὑποστάσεων
1193 5082 1307 5143 τοῖς
1361 5081 1497 5134 πᾶσι
1538 5078 1899 5149 κηρύξαντες,

327 5173 453 5236 τοὺς
485 5172 616 5242 περὶ
647 5173 737 5225 τὸν
777 5172 1019 5243 θεομανῆ
1042 5171 1262 5240 Ἀρειον
1299 5170 1379 5241 τῷ
1409 5170 1721 5241 φρονήματι
1753 5168 1902 5238 σφῶν

332 5265 409 5333 μὴ
461 5263 860 5333 συμϐαίνοντας
912 5263 1114 5322 τελέως
1165 5261 1674 5332 ἀποκηρύττουσινο
1712 5262 1793 5315 ἐτι
1844 5262 1902 5317 δὲ

328 5355 421 5407 καὶ
451 5355 521 5408 τά
548 5356 605 5407 ἐν
647 5355 712 5425 τῇ
746 5355 976 5425 δευτέρᾳ
1010 5353 1375 5408 θεσπισθέντα
1409 5353 1616 5424 συνόδῳ
1659 5371 1901 5425 προσκυ-

330 5447 500 5517 νητέα
532 5443 672 5500 εἶναι
704 5450 1049 5519 προστάττει.
1075 5444 1227 5517 Αὕτη
1257 5446 1368 5518 γάρ
1395 5446 1486 5500 τὸν
1509 5447 1900 5516 πνευματομά-

323 5559 420 5611 χον
457 5541 774 5611 διωσαμένη
809 5541 1166 5606 Μακεδόνων,
1213 5543 1309 5596 καὶ
1347 5539 1471 5604 τοὺς
1513 5547 1611 5594 σὺν
1644 5540 1794 5611 αὐτῷ
1824 5540 1899 5610 τῷ

324 5628 632 5700 άναθέματι
662 5631 1096 5697 καταδικάσασα,
1121 5634 1181 5685 τὸ
1213 5632 1436 5701 Πνεῦμα
1472 5632 1532 5684 τὸ
1579 5631 1733 5698 ἆγιον
1772 5632 1901 5702 ὀμό-

325 5739 485 5791 τιμον
510 5725 685 5794 Πατρὶ
724 5726 817 5777 καὶ
854 5724 965 5795 Υἱῷ
997 5724 1070 5788 ὼς
1118 5725 1251 5778 Θεὸν
1288 5724 1541 5795 ἀληθινὸν
1589 5726 1902 5795 παραδέδω-

330 5831 450 5866 κεν’
480 5816 618 5869 ἀλλὰ
663 5815 717 5868 δὲ
752 5817 844 5869 καὶ
877 5816 966 5870 τὸν
1006 5817 1165 5872 ἄκου’)
1199 5817 1608 5888 Ἀπολλινάρ;ον
1633 5820 1897 5889 κατακρί-

2014 3985 2169 4031 sexto
2196 3968 2251 4030 et
2280 3976 2515 4045 septimo
2575 3992 2784 4031 canone
2823 3977 2958 4032 istos
2984 3979 3075 4047 qui
3106 3994 3171 4032 eo
3200 3977 3441 4031 audaciae
3482 3993 3607 4047 per-

2013 4070 2272 4134 veniunt,
2307 4076 2367 4123 ut
2398 4069 2543 4123 aliud
2575 4062 2771 4138 praeter
2796 4084 3010 4123 sacrum
3040 4069 3203 4136 illud,
3235 4069 3380 4139 quod
3411 4067 3604 4122 Nicm

2012 4165 2376 4233 compositum
2422 4173 2535 4227 est,
2581 4165 2886 4235 symbolum
2934 4165 3319 4230 conscribere,
3368 4174 3423 4219 et
3466 4164 3603 4220 istos

2011 4265 2298 4325 praeterea,
2343 4254 2436 4324 qui
2481 4253 2648 4323 impia
2692 4254 2929 4308 Nestorii
2975 4255 3227 4325 dogmata
3276 4254 3597 4320 admittunt,

2011 4358 2176 4418 atque
2209 4347 2282 4403 ita
2318 4340 2442 4413 eos,
2479 4349 2571 4418 qui
2605 4348 2673 4402 ad
2708 4346 3009 4403 Ecclesiam
3046 4347 3249 4403 accedu
3276 4357 3341 4411 -t,
3381 4346 3599 4402 initiare

2011 4438 2334 4507 moliuntur,
2378 4439 2526 4494 clero
2573 4438 2795 4509 quidem
2846 4438 3089 4507 expellit,
3137 4439 3184 4493 si
3236 4438 3420 4494 clerici
3467 4438 3596 4506 sint,

1931 4513 1989 4573 Ῐ)
2013 4532 2180 4587 laicos
2206 4542 2387 4587 autem
2417 4531 2746 4588 anathemati
2780 4532 3020 4601 snbjicit.

2085 4622 2285 4678 Sancta
2308 4638 2438 4677 vero
2461 4630 2516 4677 et
2540 4621 2879 4679 oecumenica
2901 4631 3055 4677 sexta
3078 4620 3318 4692 synodus
3340 4621 3394 4675 in
3420 4622 3599 4691 primo

2010 4728 2221 4770 canone
2248 4714 2503 4769 traditam
2533 4715 2694 4770 nobis
2719 4730 2748 4769 a
2778 4714 2981 4768 sanctis
3009 4714 3269 4783 apostolis
3296 4712 3459 4769 ﬁdem
3487 4732 3595 4769 non

2010 4802 2319 4872 immutare,
2347 4816 2403 4861 et
2431 4817 2689 4876 pra'terea
2716 4822 2835 4876 qua:
2862 4806 2916 4860 in
2945 4805 3117 4876 prima
3144 4805 3351 4876 synodo
3377 4806 3597 4861 decreta

2010 4908 2169 4964 sunt,
2212 4913 2321 4953 non
2364 4898 2639 4953 transilire
2679 4899 2856 4967 jubet.
2900 4896 2965 4950 lli
3012 4907 3193 4951 autem
3236 4894 3427 4951 Patres
3470 4912 3595 4952 cum

2011 4988 2176 5043 trium
2204 4988 2406 5043 divinae
2434 4997 2644 5043 natura:
2672 5003 3026 5057 personarum
3058 4986 3598 5041 consubstantialita-

2011 5090 2119 5135 tem
2164 5080 2420 5155 omnibus
2462 5080 2875 5151 praedicasset“.
2925 5077 3122 5148 impios
3188 5078 3420 5131 Arianos
3468 5093 3596 5132 sen-

2008 5172 2193 5229 tentia:
2225 5172 2470 5241 ipsorum
2505 5166 2790 5227 asschsum
2845 5188 2951 5225 non
2988 5172 3326 5240 praebentes,
3364 5185 3595 5240 prorsus

2007 5264 2366 5330 abdicabant;
2396 5266 2831 5334 insuper-autem
2861 5273 2916 5317 et
2945 5249 3067 5333 qua:
3095 5262 3152 5316 in
3185 5262 3427 5317 secunda
3457 5277 3594 5316 eon-

2006 5358 2355 5413 stituta'svnt
2382 5356 2587 5427 synodo
2614 5355 2919 5411 veneranda
2946 5356 2998 5424 2
3025 5371 3145 5410 esse
3175 5351 3587 5425 praecipiebant.

2006 5446 2133 5503 Haec
2172 5447 2319 5502 enim
2366 5448 2604 5518 synodus
2645 5463 2768 5501 cum
2809 5446 3043 5516 Spiritus
3088 5445 3258 5500 sancti
3305 5445 3590 5499 inimicum

2006 5530 2381 5596 Macedonium
2415 5537 2747 5609 expulisset;
2786 5549 2837 5594 et
2880 5538 3056 5594 socios
3090 5537 3208 5606 ejus
3241 5537 3593 5592 anathemate

1959 5622 1968 5628 ’
2004 5626 2436 5694 condemnasset,
2473 5632 2732 5703 Spitilttm
2772 5642 3019 5687 sanctum
3056 5630 3199 5685 Patri
3236 5638 3289 5686 et
3325 5629 3459 5683 Filio
3496 5630 3591 5683 ho-

1962 5716 1967 5721 ’
2004 5743 2136 5783 nore
2176 5728 2463 5797 aequalem,
2509 5736 2696 5796 utpote
2735 5740 2924 5781 verum
2967 5724 3136 5777 Deum
3181 5740 3301 5779 esse
3344 5722 3584 5777 tradidit.

2003 5819 2143 5887 Quin
2185 5820 2349 5875 etiam
2392 5836 2514 5874 cum
2554 5814 2862 5885 dementer.
2891 5816 3281 5886 .tpolfi'narium
3322 5816 3578 5870 condem-
