4016 6398
491 389 634 455 1019

1682 395 1943 456 ΜΑΤἸἮ
1957 395 2067 455 Ᾰίῐ.
2098 395 2384 456 BLASTA
2398 398 2524 459 RIS

3575 400 3595 463 Ῑ
3605 403 3693 462 20

481 513 687 569 nasset,
738 505 1023 560 Dominum
1074 506 1275 563 mentis
1320 520 1625 577 compotem
1673 516 1728 561 ct
1769 510 2062 562 animatam

2175 526 2326 574 νασα,
2371 511 2557 564 ἔννουν
2608 510 2701 564 καὶ
2739 510 2984 581 ἔμψυχον
3035 511 3381 581 ἀνειληφέναι
3432 513 3597 580 σάρκα
3620 517 3698 567 τὸν

482 597 843 663 assumpsisse
873 611 1097 653 carnem
1134 598 1319 654 docuit
1356 615 1370 651 :
1406 607 1462 653 et
1494 610 1756 669 praeterea
1796 616 2057 669 qua-cun—

481 702 586 756 que
615 688 772 741 tertia
804 689 1138 743 decrevisset
1169 690 1440 761 synodus,
1474 690 1802 744 conﬁrmare
1837 692 2057 761 sategit.

483 780 661 835 Unum
698 780 842 833 enim
880 780 967 832 illa
1004 780 1280 835 Christum
1320 781 1412 833 Dei
1432 780 1630 834 Filium
1656 793 1778 851 post
1814 782 2063 835 incarna-

482 871 686 925 tionem
726 871 1079 940 praedicavit;
1117 881 1171 925 et
1211 872 1445 941 puellam
1484 881 1749 942 perpetuo
1780 871 2057 943 Virginem

483 977 599 1030 quae
634 962 753 1015 sine
787 962 1029 1023 semine,
1062 972 1114 1015 et
1149 978 1312 1031 supra
1348 973 1596 1017 naturam
1630 964 1780 1018 illum
1816 964 2061 1033 peperit,

483 1068 608 1107 vere
637 1064 691 1106 et
721 1053 938 1122 proprie
968 1054 1252 1121 Dciparam
1284 1053 1454 1108 fuisse
1485 1055 1804 1118 declaravit,
1840 1065 1896 1109 et
1924 1055 2062 1108 deli-

483 1155 691 1200 rantem
729 1145 1039 1201 Nestorium
1073 1146 1165 1214 qui
1202 1161 1369 1199 unum
1402 1146 1678 1201 Christum
1715 1148 1769 1200 in
1804 1147 1942 1201 duos
1974 1147 2062 1201 di-

483 1240 611 1294 visit
653 1239 792 1294 ﬁlios
831 1240 947 1294 suis
984 1240 1157 1309 ipsius
1196 1240 1487 1311 dogmatis,
1522 1249 1788 1309 perpetuo
1830 1241 2062 1294 anathe-

483 1328 613 1383 mati
635 1329 887 1398 subjecit,
905 1330 1361 1395 quemadmodum
1378 1339 1431 1384 et
1449 1345 1600 1385 sacra
1617 1331 1837 1385 Patrum
1856 1339 2065 1400 quame

487 1422 687 1489 synodi
719 1422 969 1492 dogmata
1002 1432 1115 1477 rata
1147 1422 1262 1479 fore
1292 1425 1596 1479 constituit.
1631 1423 1697 1479 lli
1727 1437 1908 1479 autem
1937 1439 2065 1479 cum

485 1512 709 1582 impiam
743 1513 1002 1584 Eutychis
1032 1524 1087 1569 et
1121 1515 1367 1570 Dioscori
1396 1516 1776 1570 confusionem
1808 1514 2066 1569 Ecclesiae

2162 600 2364 671 Κύριον
2414 604 2815 672 ἐδογμάτισεν⁹
2859 606 2920 656 οὐ
2971 606 3080 674 μὴν
3125 605 3260 659 ἀλλὰ
3300 606 3395 658 καὶ
3444 606 3538 657 ὅσα
3585 612 3694 678 γεή

2158 694 2317 764 τρίτη
2372 694 2595 759 σύνοδος
2650 696 2974 766 ἐψηφίσατο,
3027 697 3316 767 κρατύνειν
3377 699 3701 755 ἐσπούδακεν.

2162 785 2302 840 Ἕνα
2331 787 2441 856 γὰρ
2490 786 2673 854 ἐκείνη
2708 787 2946 857 Χριστὸν
2986 788 3078 840 τὸν
3122 787 3250 840 Υἱὸν
3281 788 3376 839 τοῦ
3421 788 3550 840 Θεοῦ
3586 791 3701 854 μετα

2157 876 2258 946 τὴν
2291 877 2571 947 σάρκωσιν
2606 879 2952 947 ἐδογμάτισε,
2989 870 3089 933 καὶ
3119 880 3219 947 τὴν
3267 879 3432 931 αὐτὸν
3468 879 3697 947 ἀσπὸρως

2162 969 2254 1021 καὶ
2284 968 2425 1039 ὑπὲρ
2466 970 2628 1038 φύσιν
2668 970 2933 1023 τεκοῦσαν
2996 970 3353 1041 ἁειπάρθενον
3394 972 3568 1040 Κόρην
3595 972 3704 1039 ἁλη-

2161 1060 2269 1123 θῶς
2304 1062 2397 1114 καὶ
2445 1062 2650 1131 κυρίως
2705 1064 3025 1133 ἀπεφήνατο
3058 1063 3347 1127 Θεοτόκον,
3379 1065 3470 1114 καὶ
3521 1064 3600 1115 τὸν
3625 1063 3706 1130 λη-

2166 1153 2307 1223 ρώδη
2341 1154 2653 1223 Νεστόριον,
2679 1154 2772 1207 τὸν
2810 1155 2907 1208 ινα
2947 1154 3184 1223 Χριστὸν
3210 1156 3290 1217 είς
3315 1154 3409 1206 δύο
3428 1154 3707 1224 διαιροῦντα

2163 1244 2335 1309 υἱοὺς,
2386 1246 2569 1307 αὐτοῖς
2627 1244 2791 1298 αὑτοῦ
2852 1247 3087 1314 δόγμασι
3141 1246 3219 1314 τῷ
3274 1245 3478 1315 αἰωνίῳ
3514 1246 3706 1315 ἐφίησιν

2164 1333 2465 1402 ἀναθέματι
2489 1350 2506 1367 ο
2536 1334 2612 1397 ὡς
2640 1335 2696 1386 δὲ
2723 1336 2816 1387 καὶ
2839 1334 2947 1387 τῶν
2974 1337 3032 1387 ἐν
3059 1339 3127 1405 τῇ
3157 1336 3196 1388 δ’
3233 1337 3493 1405 Πατέρων
3519 1337 3582 1388 τὰ
3607 1336 3707 1403 ἱερὰ

2164 1423 2413 1492 δόγματα
2445 1425 2692 1494 ἐμπεδοῖ,
2723 1425 2773 1478 οἳ
2805 1427 2903 1495 τὴν
2942 1426 3231 1495 ἐξάγιστον
3268 1426 3527 1495 σύγχυσιν
3558 1425 3707 1478 Εὐτυ-

2164 1514 2292 1584 χοῦς
2323 1531 2381 1567 τε
2417 1517 2510 1567 καὶ
2560 1517 2877 1587 Διοσκόρου,
2913 1517 3022 1570 τῶν
3058 1518 3231 1570 ούδὼν
3278 1519 3379 1586 τῆς
3412 1517 3708 1585 Ἐκκλησίας

484 1604 765 1659 liminibus
805 1606 1165 1675 expulissent,
1206 1622 1376 1661 unum
1419 1606 1701 1661 Christum
1745 1622 1812 1661 ex
1852 1606 2067 1661 duabus

2175 1605 2671 1675 ὶξοστρακίσαντες,
2704 1608 2797 1659 τὸν
2834 1607 2932 1662 ἕνα
2965 1609 3204 1679 Χριστὸν
3239 1611 3303 1661 ἐκ
3344 1609 3492 1661 δυοῖν
3521 1609 3709 1676 φύσεων

483 1697 845 1764 compositum
877 1698 1089 1752 naturis
1118 1698 1283 1751 etiam
1315 1709 1437 1768 post
1468 1698 1728 1752 unionem
1760 1705 2064 1767 spectatum

2175 1694 2514 1760 συντεθέντα,
2545 1697 2638 1748 καὶ
2670 1696 2726 1748 ἐν
2753 1696 2873 1749 δυσὶ
2899 1697 3092 1764 φύσεσι
3121 1700 3217 1751 καὶ
3252 1700 3393 1767 μετὰ
3419 1698 3515 1769 τὴν
3541 1699 3710 1751 ἕνωσιν

484 1803 612 1842 vere
654 1789 897 1844 tradidit.
939 1790 1078 1845 Istos
1121 1791 1269 1844 enim
1313 1807 1380 1845 ex
1423 1790 1691 1845 diametro
1734 1790 2063 1845 contrariam

2175 1783 2560 1855 θεωρούμενον,
2596 1787 2832 1855 ἀτεχνῶς
2863 1789 3207 1858 ἐδογμάτισε.
3236 1790 3473 1853 Τούτους
3506 1791 3605 1859 γὰρ
3631 1788 3711 1858 τὴν

483 1878 819 1936 Nestorianae
864 1881 1202 1950 impietatem
1252 1883 1550 1951 amplexos,
1597 1890 1651 1936 et
1699 1881 1757 1935 in
1803 1882 2069 1951 imagina-

2175 1878 2235 1929 ἐκ
2267 1877 2558 1949 διαμέτρου
2588 1880 2687 1949 τῆς
2730 1878 3026 1952 Νεστορίου
3072 1883 3502 1952 ἀσπασαμένους
3548 1883 3712 1936 δυσσέο

483 1972 634 2027 tione
675 1988 930 2043 magnum
970 1975 1289 2029 oeconomiae
1333 1974 1521 2045 perﬁci
1565 1974 1884 2045 mysterium
1922 1974 2071 2030 arbi-

2175 1966 2345 2034 6ειαν,
2388 1972 2482 2023 καὶ
2507 1970 2729 2040 δοκήσει
2756 1972 2818 2024 τὸ
2853 1973 2997 2042 μέγα
3024 1974 3126 2041 τῆς
3156 1974 3472 2044 οἰκονομίας
3494 1974 3714 2044 τελεσθῆ-

485 2072 679 2128 tratos,
721 2081 845 2119 eum
892 2066 1113 2135 quidem
1158 2066 1338 2135 impiae
1386 2066 1691 2131 divisionis,
1738 2067 1840 2121 hos
1883 2076 2068 2122 autem

2175 2077 2260 2114 ναι
2309 2063 2608 2133 μυστήριον
2647 2064 2948 2133 οἰομένους,
2996 2064 3088 2116 τὸν
3131 2065 3253 2134 μὲν,
3301 2066 3402 2136 τῆς
3451 2065 3714 2127 δυσσεϐοῦς

485 2155 660 2225 magis
692 2156 874 2225 impia:
907 2157 1283 2211 confusionem
1318 2157 1608 2212 inferentis
1641 2158 1861 2213 unionis
1893 2173 2073 2213 asser-

485 2253 663 2307 tores.
697 2246 824 2300 odio
853 2248 1051 2302 merito
1080 2248 1387 2317 prosecuti,
1421 2250 1613 2319 procul
1640 2250 1751 2304 Deo
1778 2250 2069 2319 abjiciunt.

485 2337 691 2392 Adhaac
716 2347 900 2393 autem
928 2349 983 2394 et
1008 2356 1349 2410 quaecunque
1378 2341 1568 2411 quinta
1595 2341 1781 2397 divino
1807 2341 2073 2411 inspirata

488 2430 698 2501 Spiritu
727 2428 964 2502 synodu's
992 2434 1198 2498 docuit,
1230 2435 1485 2505 amplecti
1515 2435 1636 2491 haec
1668 2435 1907 2505 synodus
1937 2450 2075 2505 prte-

488 2524 623 2593 cipit
647 2542 663 2580 :
689 2534 746 2580 et
769 2540 798 2578 a
827 2526 1151 2596 perniciosis
1176 2543 1363 2582 eorum
1392 2528 1487 2597 qui
1515 2538 1641 2583 ante
1669 2543 1789 2583 eam
1816 2527 2076 2583 condem-

488 2617 605 2670 nati
624 2616 860 2685 fuerant,
889 2618 1142 2690 Origenis
1167 2620 1422 2675 nimirum
1451 2628 1507 2674 et
1533 2619 1691 2674 istius
1720 2618 2074 2683 asseclarum,

492 2707 869 2763 deliramentis
908 2710 1173 2779 separari.
1203 2711 1471 2765 Caeterum
1507 2718 1561 2765 et
1595 2696 1873 2765 sacrarum
1909 2724 2078 2778 syno-

491 2799 685 2855 dorum
708 2841 723 2865 ,
751 2816 874 2872 quae
902 2801 1073 2870 ipsam
1104 2809 1531 2871 praecesserant,
1560 2802 1776 2856 decreta
1809 2802 1922 2855 haec
1951 2815 2079 2857 cum

492 2892 867 2948 conﬁrmasset
885 2901 939 2949 et
968 2892 1344 2957 stabilivisset,
1369 2902 1522 2948 sexta
1537 2894 1793 2948 videlicet
1820 2893 1935 2947 hmc
1950 2910 2078 2964 syn-

491 2986 631 3040 odus
660 2985 716 3039 in
748 2986 868 3055 ipso
914 2986 1061 3041 dicto
1100 2987 1279 3057 primo
1311 3002 1545 3051 canone,
1576 2988 1714 3042 duas
1743 2987 2075 3052 voluntates,

493 3087 552 3133 et
578 3079 715 3133 duas
736 3079 1015 3132 naturales
1036 3078 1089 3131 in
1117 3094 1225 3133 uno
1250 3078 1480 3134 Domino
1500 3088 1691 3133 nostro
1727 3080 2078 3149 operationes

2170 2151 2511 2221 διαιρέσεως,
2539 2155 2665 2216 τοὺς
2694 2154 2775 2219 δὲ,
2807 2158 2906 2226 τῆς
2943 2154 3378 2226 δυσσεϐεστέροις
3413 2156 3718 2225 συγχυτικῆς

2171 2240 2440 2309 ἐνώσεως,
2478 2244 2702 2306 ἐνδίκως
2735 2246 3090 2314 μισήσαντες,
3128 2246 3270 2300 Θεοῦ
3301 2248 3490 2319 πόρρω
3520 2246 3715 2316 βάλλου-

2175 2351 2283 2389 σιν,
2325 2337 2486 2390 me
2517 2336 2574 2389 δὲ
2601 2342 2692 2390 καὶ
2718 2338 2820 2391 ὅσα
2844 2340 2877 2408 ἡ
2910 2339 3134 2408 πέμπτη
3177 2339 3311 2410 θείῳ
3348 2339 3716 2409 ἑμπνευσθεῖσα

2176 2426 2460 2497 Πνεύματι
2489 2428 2870 2497 ἐδογμάτισεν,
2891 2432 3226 2501 ἐπισκήπτει
3255 2432 3607 2498 ἀσπάζεσθαι,
3639 2432 3716 2483 καὶ

2172 2518 2281 2575 τῶν
2302 2519 2409 2588 πρὸ
2437 2520 2608 2590 αὐτῆς
2630 2522 3153 2592 καταψηφισθέντων
3177 2524 3606 2588 ἀποδιίστασθαι,
3627 2524 3717 2576 τῶν

2175 2608 2455 2679 ὀλεθρίων,
2491 2627 2564 2678 φη
2575 2612 2656 2679 μὶ,
2702 2612 3022 2683 Ὦριγένους
3046 2613 3143 2667 καὶ
3171 2616 3285 2668 τῶν
3308 2615 3438 2685 περὶ
3470 2613 3618 2668 αὐτὸν
3642 2613 3721 2680 λη·

2178 2702 2464 2771 ρημάτων.
2504 2702 2665 2757 Ἀλλὰ
2694 2706 2790 2758 καὶ
2814 2706 2847 2775 ἡ
2872 2705 2943 2757 τὰ
2958 2706 3067 2758 τῶν
3100 2706 3206 2774 πρὸ
3231 2707 3401 2777 αὐτῆς
3431 2706 3584 2776 ἱερῶν
3613 2721 3719 2756 συνο

2177 2793 2313 2847 όδων
2372 2793 2544 2865 ταύτῃ
2577 2794 2995 2867 βεδαιωσαμένη
3029 2797 3122 2851 xui.
3163 2797 3548 2869 στηρίξασα,ὴ
3586 2784 3725 2864 Exte,

2179 2889 2344 2957 φημὶ.
2382 2886 2598 2949 σύνοδος
2639 2887 2755 2956 ἥδε,
2786 2888 2845 2939 ἐν
2880 2887 3032 2956 αὐτῷ
3067 2886 3144 2957 τῷ
3195 2889 3421 2959 ῥηθέντι
3462 2889 3509 2943 α’
3537 2888 3718 2945 κανόνι.

2177 2978 2271 3031 δύο
2297 2977 2567 3049 θελήσεις,
2590 2978 2665 3042 ὡς
2694 2980 2789 3033 καὶ
2816 2978 2912 3033 δύο
2949 2979 3186 3048 φυσικὰς
3223 2981 3506 3050 ἐνεργείας
3535 2978 3620 3032 ἐπὶ
3640 2974 3719 3029 τοῦ

2180 3069 2298 3131 ἐνὸς
2339 3070 2433 3123 τοῦ
2482 3070 2687 3138 Κυρίου
2736 3070 2898 3141 ἡμῶν
2945 3070 3402 3141 δογματίσαντες,
3449 3072 3569 3133 τοὺς
3613 3067 3724 3135 περὶ

493 3183 618 3225 cum
652 3169 968 3236 statuisset,
1001 3168 1191 3241 Pyrrhi
1224 3180 1280 3226 et
1312 3171 1485 3240 Sergii
1517 3172 1791 3243 gregales.
1824 3188 1991 3227 unam
2021 3172 2074 3227 in

2184 3162 2401 3234 Πύρρον
2432 3163 2526 3216 καὶ
2565 3162 2793 3231 Σέργιον
2847 3164 2981 3233 μίαν
3029 3163 3256 3236 θέλησιν
3290 3166 3382 3217 ἐπὶ
3408 3162 3501 3216 τοῦ
3541 3159 3720 3229 Κυρίου

493 3260 727 3314 Domino
753 3269 956 3316 temere
982 3263 1343 3332 praedicantes
1362 3265 1721 3330 voluntatem,
1746 3263 2078 3319 extermina-

492 3353 592 3407 vit.
618 3353 874 3408 Omnium
918 3363 1097 3409 autem
1127 3356 1329 3425 pietate
1356 3356 1650 3426 insignium
1680 3356 1840 3411 ﬁdem
1870 3358 2077 3411 ﬁrmam

493 3444 552 3499 in
597 3462 757 3501 omne
799 3464 974 3503 aevum
1016 3464 1260 3513 manere,
1308 3449 1394 3518 pie
1438 3449 1831 3518 decreverunt;
1875 3465 2080 3519 eosque

494 3540 589 3610 qui
624 3541 901 3609 quippiam
938 3540 1022 3595 vel
1056 3542 1263 3595 addunt
1295 3541 1375 3595 vel
1410 3541 1708 3596 detrahunt
1739 3560 1769 3596 a
1807 3551 1952 3596 recta
1987 3558 2077 3597 sa-

495 3647 675 3702 naque
720 3633 824 3687 ﬁde
867 3633 1027 3688 nobis
1072 3634 1287 3698 tradita,
1330 3634 1675 3689 anathemate
1717 3634 1912 3706 dignos
1953 3650 2080 3704 pro-

496 3725 846 3779 nuntiarunt.

571 3814 732 3869 llisce
759 3815 1054 3868 concinens
1081 3813 1317 3884 synodus
1344 3812 1671 3885 Carthagine
1696 3817 1990 3881 celebrata,
2020 3818 2076 3873 in

498 3903 678 3974 primo
700 3903 872 3974 ipsius
894 3913 947 3956 et
970 3902 1212 3957 secundo
1233 3919 1463 3968 canone,
1487 3906 1796 3961 divinorum
1822 3908 1877 3962 in
1902 3910 2078 3979 prima

502 3996 707 4066 synodo
736 4004 1183 4067 congregatorum
1216 3995 1438 4051 Patrum
1466 3998 1706 4061 deet-eta,
1735 4009 1789 4054 ct
1818 4003 1885 4057 de
1914 4019 2079 4059 vene-

501 4091 686 4145 randae
725 4099 1038 4159 sancteque
1073 4089 1360 4145 Trinitatis
1398 4094 1984 4159 consubstantialitate,
2023 4107 2078 4153 et

503 4184 571 4238 de
611 4184 715 4238 fide
743 4184 899 4237 nobis
930 4184 986 4237 in
1030 4200 1147 4238 eam
1178 4184 1425 4239 habenda
1453 4200 1667 4240 summo
1696 4190 1948 4259 prosequi
1979 4191 2079 4243 ho-

501 4291 637 4330 nore
677 4276 919 4337 mandat,
959 4291 1190 4345 quorum
1236 4286 1292 4332 et
1332 4292 1545 4332 sacrum
1593 4278 1719 4333 ﬁdei
1763 4278 2076 4349 Symbolum

503 4369 769 4422 verbatim
798 4369 1039 4436 exponit.

574 4460 747 4528 Leges
778 4472 959 4514 autem
982 4462 1169 4516 civiles
1194 4463 1416 4518 totidem
1448 4467 1630 4521 verbis
1661 4467 1740 4522 sic
1774 4467 2073 4523 deﬁniunt:

505 4553 851 4608 Christianus
880 4561 963 4607 est
1014 4555 1105 4623 qui
1144 4558 1321 4611 credit
1368 4576 1531 4615 unam
1566 4575 1688 4613 esse
1725 4561 1984 4616 Deitatem
2020 4562 2077 4616 in

506 4644 697 4713 mquali
732 4643 907 4698 Patris
942 4653 997 4699 et
1032 4645 1152 4699 Filii
1188 4658 1244 4702 et
1278 4647 1514 4718 Spiritus
1546 4650 1720 4704 sancti
1758 4661 2026 4719 potestate
2059 4668 2075 4706 :

504 4736 599 4806 qui
631 4752 760 4792 vero
788 4745 986 4807 praeter
1014 4738 1155 4793 dicta
1188 4740 1377 4799 sentit.
1410 4741 1698 4798 hzereticus
1730 4752 1836 4797 est.

893 5081 945 5153 3
978 5081 1240 5139 INtTIUtt
1282 5083 1601 5140 LITTERIE
1630 5087 1693 5140 A.

506 5235 661 5291 CAP.
696 5234 736 5287 Ι.
775 5234 846 5289 De
870 5238 938 5290 iis
965 5254 1051 5306 qm
1077 5239 1477 5293 immaculatum
1501 5241 1637 5293 hanc
1663 5238 2084 5295 Christianorum

577 5306 733 5374 ﬁdem
757 5316 1051 5379 negarunt;
1074 5317 1120 5359 et
1143 5310 1403 5378 quomodo
1428 5311 1518 5377 qui
1549 5327 1611 5364 ex
1635 5311 1699 5363 iis
1724 5313 2087 5379 paenitentiam

582 5387 769 5444 agunt,
797 5378 1112 5429 admittendi
1144 5389 1286 5431 sunt.

583 5461 1054 5532 Peropportunum
1088 5468 1194 5521 erit
1227 5468 1484 5539 deinceps
1505 5485 1784 5536 enarrare,
1816 5472 2089 5542 quomodo

512 5554 607 5622 qui
671 5557 837 5611 semel
899 5557 1189 5613 illuminati
1255 5559 1463 5615 fuerint
1528 5562 1627 5630 (uti
1688 5563 1889 5619 alicubi
1958 5563 2093 5618 dicit

515 5663 746 5717 magnus
777 5649 1022 5719 Paulus),
1046 5662 1099 5707 et
1130 5655 1468 5723 gustaverint
1513 5657 1713 5711 donum
1756 5657 1995 5722 cmlcste,
2040 5668 2094 5713 et

521 5740 811 5813 participes
858 5745 984 5799 facti
1024 5746 1226 5801 fuerint
1277 5747 1513 5819 Spiritus
1544 5752 1739 5812 sancti,
1788 5762 1842 5805 ct
1886 5752 2091 5806 bonum

523 5832 614 5888 Dci
657 5836 880 5893 verbum
922 5838 1279 5909 gustaverint,
1324 5851 1379 5897 et
1416 5843 1645 5898 virtutes
1675 5842 1837 5898 futuri
1883 5843 2087 5907 smculi,

2183 3252 2490 3321 ἀλογίστως
2542 3254 2888 3324 κηρύξαντας
2922 3254 3307 3324 ἐκκηρύκτους
3333 3257 3538 3310 τιθέασι
3561 3268 3577 3286 ο
3607 3254 3725 3306 πάν-

2181 3363 2291 3399 των
2322 3347 2380 3399 δὲ
2427 3347 2534 3399 τῶν
2591 3347 2678 3400 ἐπ’
2731 3348 3322 3420 εύσεὸείαγνωρίμων
3370 3351 3585 3420 κρατεῖν
3632 3347 3716 3414 τὴν

2182 3438 2365 3490 πίστιν
2423 3437 2647 3508 βεὸαίαν
2680 3438 2843 3511 μέχρι
2899 3440 3213 3504 συντελείας
3273 3442 3467 3504 αἰῶνος
3510 3437 3725 3497 εύσεσὼς

2180 3529 2544 3584 τεθεσπικασι
2567 3544 2582 3560 ·
2613 3530 2707 3584 καὶ
2739 3532 2868 3593 τοὺς
2896 3530 3294 3602 προστιθέντας
3323 3532 3429 3603 τιῆ
3455 3528 3724 3599 ἀφαιροῦν-

2178 3639 2279 3686 τας
2321 3624 2421 3691 τῆς
2468 3624 2603 3692 ἡμῖν
2632 3623 3077 3694 παραδεδομένης
3111 3623 3287 3694 ὀρθῆς
3320 3627 3412 3679 καὶ
3450 3623 3623 3692 ὑγιοῦς
3651 3619 3731 3672 πί-

2182 3734 2352 3781 στεως
2400 3717 2493 3771 τοῦ
2531 3717 2874 3786 ἁναθέματος
2901 3716 3086 3783 ἀξίους
3110 3718 3468 3789 ψηφίζονται.

2253 3812 2477 3877 Τούτοις
2520 3815 2818 3886 συνᾴδουσα
2851 3814 3004 3883 καὶὴ
3048 3815 3107 3866 ἐν
3146 3813 3484 3885 Καροαγένῃ
3533 3806 3722 3868 σύνοδος

2179 3903 2237 3957 ἐν
2260 3921 2318 3957 τε
2344 3904 2422 3975 τῷ
2451 3904 2653 3977 πρώτῳ
2707 3908 2804 3960 καὶ
2830 3905 3069 3975 δευτέρῳ
3099 3904 3304 3975 ταύτης
3332 3905 3512 3958 κανόνι
3540 3902 3603 3952 τὰ
3631 3899 3723 3950 τᾶν

2179 3998 2237 4049 ἐν
2264 3998 2331 4065 τῇ
2368 3995 2558 4067 πρώτῃ
2583 3997 2787 4066 συνόδῳ
2819 3996 2977 4051 θείων
3009 3997 3271 4063 Πατέρων
3299 3993 3720 4065 δογματισθέντα.

2180 4090 2309 4162 περί
2327 4107 2401 4156 ,τε
2434 4089 2529 4143 τοῦ
2575 4090 2862 4161 ὁμοουσίου
2894 4090 2991 4159 τῆς
3031 4092 3416 4160 προσκυνητῆς
3456 4089 3546 4141 καὶ
3582 4083 3722 4151 ἁγίας

2180 4183 2431 4256 Τριάδος.
2473 4184 2696 4252 καὶτῆς
2738 4186 2817 4246 εἰς
2848 4183 3018 4253 αὐτὴν
3065 4182 3226 4253 ἡμῶν
3279 4184 3526 4243 πίστεως,
3555 4179 3722 4243 διαφε-

2182 4274 2389 4346 ρόντως
2415 4275 2747 4342 ἐπισκήπτει
2777 4273 3122 4343 πρεσϐεύειν,
3164 4293 3241 4329 ων
3275 4276 3369 4329 καὶ
3395 4275 3454 4327 τὸ
3481 4272 3614 4343 ἱερὸν
3637 4270 3721 4335 τῆς

2182 4367 2418 4430 πίστεως
2459 4366 2730 4437 σύμϐολον
2769 4367 2903 4438 πρὸς
2931 4366 3076 4432 λέξιν
3105 4364 3407 4425 ἐκτίθεταιέ

2264 4462 2328 4515 Οἱ
2356 4462 2412 4514 δὲ
2453 4459 2721 4513 πολιτικοὶ
2754 4457 2898 4512 οὕτω
2941 4459 3084 4512 κατὰ
3136 4460 3288 4530 ῥῆμα
3321 4456 3624 4521 θεσπίζουσι
3650 4452 3722 4503 νό-

2186 4571 2313 4627 μον
2360 4544 2692 4625 Χριστιανός
2725 4551 2871 4603 ἐστιν
2900 4550 2927 4601 ὁ
2979 4552 3257 4604 πιστεύων
3302 4551 3428 4620 μίαν
3463 4545 3594 4602 εἶναι
3618 4543 3721 4597 θεό-

2180 4664 2320 4718 τητα
2344 4648 2404 4699 ἐν
2454 4643 2545 4715 ἴσῃ
2594 4640 2815 4712 ἐξουσία
2872 4640 2965 4693 τοῦ
3001 4642 3214 4712 Πατρδς
3247 4642 3343 4695 καὶ
3370 4641 3461 4693 τοῦ
3492 4637 3615 4690 Υίοῦ
3642 4632 3723 4686 καὶ

2181 4740 2277 4793 τοῦ
2300 4738 2459 4806 ἁγίου
2488 4737 2629 4790 Πνεύ
2640 4751 2827 4804 ματος.
2872 4732 2937 4788 Ὅ
2956 4733 3013 4786 δὲ
3045 4734 3197 4804 παρὰ
3222 4734 3290 4795 τὰ
3316 4731 3569 4803 εἰρημένα
3597 4722 3725 4788 διξά-

2183 4832 2293 4895 ζων
2318 4827 2596 4900 αἱρετικός
2633 4826 2804 4878 ἐστιν.

2527 5078 2719 5132 ΑΡΧΗ
2759 5078 2896 5132 ΤΟΥ
2937 5082 2979 5131 Δ
3019 5077 3402 5133 ΣΤΟΙΧΕΙΟΥ.

2188 5244 2442 5300 ΚΕΦΔΛ.
2474 5244 2555 5297 A'.
2591 5244 2725 5310 Περὶ
2758 5240 2877 5294 τῶν
2907 5241 3344 5309 ἀρνησαμένων
3374 5237 3485 5303 τὴν
3511 5232 3723 5310 dficit/"1'

2260 5332 2366 5368 τον
2394 5314 2621 5379 ταύτην
2646 5304 2764 5365 {or
2804 5304 3177 5376 Χριστιαννώἱλ
3212 5311 3438 5379 πίστιν,
3467 5306 3556 5379 καί
3585 5304 3723 5379 ἕξοις

2258 5385 2401 5449 τοὺς
2422 5369 2945 5451 μετιιᾷιελομένόυς
2991 5382 3222 5435 τούτων
3251 5369 3597 5447 προσίεσθαι
3626 5369 3722 5421 δεῖ.

2272 5472 2729 5541 Ἐπικαιρότατον
2780 5470 2827 5523 δ’
2864 5470 2930 5523 ἂν
2963 5471 3049 5541 εῐη
3092 5471 3233 5540 μετὰ
3268 5469 3424 5522 τοῦτο
3473 5462 3722 5525 διεξιέναι,

2190 5566 2338 5628 ὅπως
2365 5566 2492 5628 τοῦς
2544 5564 2694 5631 ἆπαξ
2726 5563 3119 5634 φωτισθέντας,
3169 5563 3374 5624 Παῦλος
3424 5562 3487 5613 ἂν
3518 5557 3672 5623 δήπου
3700 5546 3724 5597 ὑ

2196 5658 2366 5728 μέγας
2397 5658 2588 5729 ἔφησε,
2620 5658 2997 5727 γευσαμένους
3029 5675 3088 5711 τε
3124 5661 3219 5728 τῆς
3244 5655 3448 5726 δωρεᾶς
3472 5651 3561 5719 τῆς
3584 5650 3724 5698 ἐπουο

2196 5750 2403 5820 ρανίου,
2436 5751 2531 5803 καὶ
2564 5750 2827 5819 μετόχους
2854 5748 3184 5821 γενηθέντας
3225 5746 3528 5815 Πνεύματος
3561 5736 3719 5802 ἁγίου*

2199 5842 2293 5899 καὶ
2352 5841 2513 5896 καλὸν
2568 5841 2936 5909 γεισαμένους
2995 5840 3128 5896 Θεοῦ
3192 5838 3359 5910 ῥῆμα,
3409 5831 3644 5899 δυνάμεις
3668 5834 3716 5870 τε
