4016 6392
370 412 497 479 1C2]

1327 420 1730 481 SYNTAGMA
1761 422 2392 487 ALPllABETlCUM.
2425 454 2494 465 -
2529 430 2589 492 Α.

3481 430 3621 493 1022

365 530 649 595 μέλλοντος
670 531 888 601 αἰῶνος,
912 534 1004 589 καὶ
1032 538 1450 607 παραπεσόντας
1478 538 1543 603 (ὣ
1566 540 1659 605 τῆς
1680 540 1880 606 ζημίας
1900 538 1938 605 ἶ)

2056 557 2101 595 rt
2154 545 2288 611 lapsi
2326 546 2436 599 sint
2489 545 2579 615 (ob
2640 547 2830 617 ingens
2877 546 3206 610 damnum!)
3252 555 3304 599 ct
3356 544 3515 599 fidem
3574 550 3628 601 in

366 619 461 671 καὶ
521 619 937 689 ἀρνησαμένους
970 626 1071 695 τὴν
1129 627 1210 690 εἰς
1255 627 1345 681 τὸν
1377 628 1583 699 Κύριον
1642 632 1846 691 πίστιν,
1889 634 1939 683 υἱ

365 710 497 763 θεῖοι
532 713 793 782 Πατέρες,
824 716 1156 787 σπλάγχνοις
1178 719 1405 785 ἀφάτων
1432 722 1758 791 οἰκτιρμῶν,
1786 720 1942 786 αὖθις

364 801 615 856 ὠδίνουσι
651 806 891 870 (Παῦλος
929 812 1023 862 καὶ¹
1053 810 1212 863 τοῦτο
1248 813 1649 883 ἀναπληρούτω
1687 818 1799 885 μοι)
1844 816 1941 884 μέν

364 912 485 963 χρις
518 896 583 948 ἂν
619 900 878 968 μορφωθῇ
915 902 1147 968 Χριστος
1178 906 1233 955 έν
1259 904 1442 966 αὐτοῖς
1465 920 1476 935 ’
1514 900 1594 968 οἷς
1632 906 1816 975 μέντοι
1847 925 1945 960 πο·

366 986 463 1049 λὺς
483 988 512 1039 ό
533 990 837 1058 μετάμελος
867 994 964 1056 τῆς
985 994 1163 1062 δεινῆς
1195 995 1453 1059 ἀΰουλίας
1476 997 1674 1068 εἰσῄει.
1712 999 1943 1062 Πλείους

368 1082 477 1152 γάρ
507 1084 557 1134 οί
587 1083 831 1152 Πατέρες
855 1085 956 1137 κάν
988 1086 1194 1148 τούτοις
1233 1089 1664 1160 ἐπιτετηρήκασι
1699 1093 1795 1157 τὰς
1824 1093 1944 1144 δια·

370 1170 566 1241 φορὰς,
605 1171 759 1225 ταῦτ’
790 1174 898 1243 ἄρα
940 1176 1033 1228 καὶ
1062 1176 1354 1248 διαφόρους
1390 1182 1818 1252 προσενηνὸχασι
1845 1186 1945 1248 τὰς

368 1264 433 1316 ὲκ
466 1264 573 1317 τῶν
608 1268 900 1335 ἐπιτιμίων
940 1269 1259 1339 θεραπείας.

451 1358 512 1410 '0
533 1357 713 1410 τοίνυν
736 1359 908 1428 μέγας
930 1360 1031 1425 τῆς
1051 1360 1274 1430 Νύσσης
1297 1363 1621 1434 Γρηγόριος,
1644 1367 1721 1436 τῷ
1741 1368 1836 1436 τῆς
1859 1385 1947 1420 σο-

368 1448 497 1516 φίας
522 1449 767 1518 περιόντι
794 1450 889 1503 καὶ
911 1456 1289 1523 πνευματικῆς
1321 1456 1634 1527 ἐπιστήμης
1687 1460 1943 1526 συμπάν-

369 1557 480 1593 των
515 1542 622 1594 τῶν
658 1543 791 1612 ἡμῖν
818 1545 1286 1614 ἁμαρτανομένων
1312 1547 1413 1613 τήν
1434 1547 1651 1615 γένεσιν
1683 1547 1943 1618 ἀκριϐού-

371 1651 554 1705 μενος,
574 1634 740 1698 εὐθὺς
755 1635 813 1686 ἐν
828 1634 904 1704 τῷ
921 1635 1124 1706 πρώτῳ
1147 1638 1353 1699 κανόνι.
1374 1639 1783 1709 Τρία,ιρησὶ,τὰ
1803 1640 1947 1694 κατὰ

366 1726 548 1795 ψυχὴν
572 1727 730 1795 ἡμῶν
757 1725 1130 1796 θεωρούμενα,
1155 1729 1216 1781 τὸ
1242 1728 1554 1794 λογικὸν,τδ
1571 1731 1824 1799 θυμικὸν,
1851 1733 1947 1785 καὶ

365 1821 428 1871 τδ
452 1818 876 1889 ἐπιθυμητικόν
898 1824 957 1873 ὲν
978 1820 1191 1883 τούτοις
1211 1823 1392 1875 καὶτὰ
1414 1822 1814 1893 κατορθώματα
1834 1825 1945 1874 τῶν

367 1910 572 1979 ἀρετὴν
599 1911 918 1980 μετιόντων,
949 1914 1042 1965 καὶ
1073 1915 1142 1964 τὰ
1192 1911 1467 1982 πτώματα
1494 1914 1602 1967 τῶν
1634 1916 1715 1977 είς
1739 1914 1943 1969 κακίαν

366 2003 776 2074 ἀπορρεόντων.
804 2005 913 2056 Καὶ
948 2004 1041 2058 τοῦ
1073 2004 1173 2067 μὲν
1198 2004 1420 2073 λογικοῦ
1450 2006 1650 2075 ἀρετὴν
1675 2001 1815 2059 εἶναι
1844 2007 1946 2076 τὴν

368 2095 569 2165 εὐσεσῆ
605 2095 735 2166 περὶ⁵
765 2096 826 2149 τὸ
858 2095 1016 2150 Θεῖον
1057 2096 1351 2167 ὑπόληψιν.
1388 2100 1482 2152 κα)⁸
1514 2099 1613 2167 τὴν
1650 2097 1744 2150 τοῦ
1778 2098 1944 2150 καλοῦ

367 2202 429 2241 τε
459 2190 555 2243 καὶ
596 2188 770 2242 κακοῦ
806 2189 1156 2260 διακριτικὴν
1206 2191 1544 2260 ἐπιστήμην,
1583 2193 1681 2245 καὶ
1734 2190 1788 2242 τί
1846 2189 1946 2258 μὲν

368 2281 594 2351 ὀρεκτὸν
623 2281 680 2333 ὲν
706 2283 819 2344 τοῖς
839 2282 986 2348 οὖσι,
1017 2283 1068 2336 τί
1094 2283 1149 2336 δὲ
1179 2283 1470 2353 βδελυκτὺν
1500 2283 1823 2336 ἐπίστασθαι
1854 2287 1948 2338 καὶ

369 2366 715 2444 ἀπόϐλητον
755 2374 960 2427 κακίαν
1023 2374 1082 2426 δὲ
1127 2374 1323 2429 τούτου
1373 2373 1473 2445 τὴν
1516 2377 1581 2428 ὲκ
1626 2375 1945 2429 τούναντίου

371 2469 501 2533 περὶ
529 2467 588 2520 τὸ
609 2467 765 2519 Θετον
793 2466 1054 2520 ἀσέϐειαν
1078 2482 1095 2498 ⁶
1122 2462 1262 2530 οἷον,
1294 2467 1347 2520 εἴ
1372 2485 1457 2531 τις
1483 2468 1583 2537 τὴν
1607 2468 1686 2529 είς
1709 2469 1948 2536 Χριστὺν

367 2558 752 2629 ἀρνησάμενος
784 2559 993 2621 πίστιν,
1029 2558 1167 2628 πρὸς
1199 2558 1560 2630 Ίουδαῖσμδν,
1595 2557 1628 2628 ἦ
1662 2559 1948 2613 εἰδωλολα-

370 2652 582 2721 τρείαν,
629 2651 663 2720 ἢ
710 2650 1098 2720 Μανιχαῖσμὺν
1151 2651 1451 2721 δξετράπη,
1490 2651 1523 2721 ἢ
1574 2652 1711 2718 πρὸς
1744 2653 1947 2721 γόητας

371 2748 473 2801 καὶ
506 2745 716 2815 μάγους
748 2743 928 2796 ἀπιὼν
955 2743 1119 2809 ἑάλω,
1149 2745 1243 2797 καὶ
1273 2744 1400 2806 τοὺς
1426 2743 1513 2797 διὰ
1545 2742 1818 2812 δαιμόνων
1845 2760 1949 2795 κα-

372 2836 579 2911 θάρσιά
606 2855 727 2892 τινα
752 2837 848 2889 καὶ
869 2836 1358 2906 ἀποτροπιασμοὺς
1382 2837 1623 2905 ἐνεργεῖν
1653 2834 1949 2904 ὑπισχνου-

380 2934 570 3002 μένους
594 2949 611 2964 ο
652 2931 750 2986 καὶ
778 2930 966 2995 ἁπλῶς
1001 2932 1198 2994 εἰπεῖν,
1226 2930 1288 2982 τὸ
1323 2932 1453 3000 περὶ⁵
1491 2930 1591 2999 τὴν
1626 2929 1811 2999 κρίσιν
1839 2928 1950 2981 τῶν

375 3025 721 3094 πραγμάτων
771 3021 1065 3090 ἐσφάλθαι,
1101 3021 1177 3084 ὡς
1226 3020 1437 3075 τιθέναι
1469 3021 1530 3073 τὸ
1560 3020 1677 3089 φῶς
1735 3019 1949 3083 σκότος,

374 3120 471 3173 καὶ⁵
504 3117 566 3170 τὸ
632 3116 823 3175 σκότος
865 3114 1005 3183 φῶς,
1054 3112 1198 3166 κατὰ
1235 3113 1334 3184 τὴν
1379 3113 1628 3184 Γραφήν.
1659 3112 1767 3166 Τοῦ
1805 3112 1850 3165 δ’
1881 3108 1949 3165 αὖ

2050 636 2336 692 Dominum
2408 639 2752 709 negaverint},
2821 639 2996 692 sancti
3077 637 3267 691 Patres
3324 637 3631 691 visceribus

2047 727 2335 784 ineﬂabilis
2364 729 2754 785 misericordia:
2782 732 3004 785 ‘iterum
3064 729 3369 797 parturiunt
3409 729 3630 796 (Paulus

2046 818 2246 873 iterum
2293 819 2408 896 inec
2439 820 2575 873 mihi
2628 821 2793 874 verba
2827 819 3108 889 suppleat)
3161 820 3335 872 donec
3374 819 3631 873 Christus

2048 912 2316 966 formetur
2346 911 2402 964 in
2454 912 2588 980 ipsis
2635 926 2773 980 quos
2819 912 3079 965 nimirum
3126 911 3196 965 ob
3247 910 3630 978 gravissimum

2047 1019 2206 1058 suum
2242 1018 2484 1057 errorem
2517 1019 2711 1073 magna
2764 1004 3086 1072 poenitentia
3128 1001 3378 1056 incessit.
3420 1000 3629 1054 Etenim

2047 1095 2238 1149 Patres
2267 1095 2321 1148 in
2352 1094 2418 1150 iis
2466 1095 2730 1163 plurimas
2763 1094 3101 1149 tlitlierentias
3144 1095 3529 1155 observarunt,
3575 1100 3632 1146 et

2052 1197 2332 1256 propterea
2360 1202 2457 1257 per
2486 1203 2675 1256 pumas
2709 1186 2928 1241 diversa
2962 1185 3204 1242 remedia
3240 1192 3628 1256 porrexerunt.

2119 1369 2343 1438 Magnus
2387 1371 2569 1439 itaque
2619 1369 2912 1439 Gregorius
2957 1369 3238 1439 Nyssenus
3284 1368 3340 1421 in
3388 1364 3631 1437 Epistola

2050 1461 2119 1514 ad
2151 1460 2411 1525 Letoium,
2436 1458 2701 1528 sapientia
2733 1467 2787 1512 et
2809 1458 3125 1527 cognitione
3148 1457 3421 1527 spirituali
3450 1455 3633 1510 excel-

2048 1549 2271 1614 lentem,
2317 1549 2565 1604 omnium
2602 1556 2951 1617 peccatorum
2998 1557 3311 1601 nosuorum
3361 1544 3629 1613 originem

2049 1643 2509 1713 investigaturus,
2558 1642 2612 1694 in
2663 1640 2842 1709 primo
2892 1639 3077 1693 statim
3129 1652 3361 1701 canone,
3418 1635 3524 1689 tria
3573 1636 3628 1688 in

2047 1733 2226 1787 anima
2244 1742 2428 1787 nostra
2450 1730 2722 1801 praecipue
2734 1729 3126 1785 consideranda
3148 1727 3279 1782 dicit
3307 1725 3626 1785 :rationem,

2049 1824 2326 1889 allectum,
2363 1832 2420 1878 et
2457 1822 2994 1892 concupiscentiam;
3032 1821 3197 1891 inque
3226 1820 3295 1874 iis
3323 1830 3439 1873 tum
3480 1829 3630 1871 recte

2052 1920 2195 1972 facta
2259 1932 2448 1972 eorum
2529 1917 2623 1986 qui
2690 1915 2946 1971 virtutem
3022 1922 3447 1984 prosequuntur,
3516 1920 3628 1965 tum

2049 2010 2247 2065 delicta
2278 2025 2468 2064 eorum
2515 2009 2605 2079 qui
2644 2009 2710 2087 ad
2763 2007 2955 2062 vitium
3004 2007 3400 2077 prolabuntur,
3442 2003 3630 2057 consi-

2049 2113 2215 2156 s'cre.
2254 2100 2320 2155 Et
2351 2102 2581 2155 rationis
2625 2100 2844 2168 quidem
2890 2100 3148 2153 virtutem
3193 2112 3333 2159 esse,
3382 2096 3528 2165 piam
3564 2094 3632 2148 de

2052 2193 2163 2246 Deo
2185 2190 2522 2261 opinionem,
2549 2191 2692 2247 inter
2725 2192 2930 2245 bonum
2959 2200 3016 2245 et
3039 2191 3242 2244 malum
3285 2187 3632 2244 discernendi

2049 2284 2376 2351 scientiam;
2440 2294 2496 2339 et
2560 2285 2693 2354 quid
2760 2284 2816 2338 in
2884 2287 3049 2338 rebus
3111 2281 3475 2351 expetendum
3538 2279 3631 2342 sit,

2048 2380 2290 2449 quidque
2320 2378 2685 2432 aversandum
2731 2386 2787 2432 et
2835 2374 3220 2447 rejiciendum,
3260 2387 3631 2445 cognoscere:

2048 2474 2167 2541 ejus
2198 2483 2378 2525 autem
2409 2471 2599 2525 vitium
2633 2485 2754 2526 esse
2782 2470 3091 2540 oppositam
3132 2470 3276 2524 circa
3306 2483 3393 2522 res
3421 2466 3635 2521 divinas

2051 2565 2387 2636 impietatem
2414 2581 2431 2630 ;
2456 2563 2689 2632 exempli
2732 2563 2925 2634 gratia,
2966 2563 3012 2617 si
3042 2563 3166 2632 quis
3194 2561 3354 2615 fidem
3388 2560 3443 2613 in
3470 2557 3636 2613 Chri-

2052 2665 2197 2709 stum
2241 2669 2469 2723 negans,
2499 2655 2565 2708 ad
2594 2653 2962 2714 Judaismum,
2991 2652 3079 2706 vel
3119 2650 3510 2714 idololatriam,
3550 2651 3634 2703 vel

2051 2746 2520 2799 Maniclueismum
2572 2760 2872 2800 conversus
2934 2744 3123 2808 fuerit,
3172 2745 3255 2799 vel
3300 2744 3367 2797 ad
3421 2745 3636 2812 praesti-

2053 2839 2292 2908 giatores
2342 2844 2397 2891 et
2444 2850 2651 2907 magos,
2702 2850 2907 2905 eosque
2962 2836 3057 2905 qui
3108 2850 3167 2888 se
3213 2850 3311 2904 per
3359 2835 3635 2887 drmnnas

2052 2930 2267 3002 piacula
2332 2930 2581 2999 quaedam
2646 2938 2703 2983 et
2779 2929 3251 2998 praevaricationes
3311 2938 3636 2996 oneraturos

2055 3022 2407 3090 pollicentur,
2457 3021 2659 3092 abiisse
2707 3022 3086 3087 deprehensus
3136 3022 3239 3086 sit;
3284 3031 3359 3081 et,
3415 3031 3473 3074 ut
3526 3035 3635 3072 uno

2055 3115 2225 3168 verbo
2257 3114 2455 3179 dicam,
2488 3114 2749 3169 fallaciter
2778 3114 2846 3169 de
2872 3116 3036 3169 rebus
3062 3116 3328 3185 judicare,
3356 3124 3407 3168 et
3456 3116 3635 3167 lucem

374 3207 778 3278 ἐπιθυμητικοῦ
804 3206 1007 3275 ἀρετήν
1032 3204 1272 3274 ἀτεχνῶς
1312 3202 1452 3258 εἶναι
1478 3204 1577 3275 τὴν
1615 3206 1710 3272 τῆς
1744 3204 1948 3274 ἀρετῆς

2056 3205 2311 3259 tenebras
2375 3220 2623 3274 ponere,
2686 3212 2741 3257 et
2800 3205 3055 3258 tenebras
3136 3202 3356 3260 lucem.
3420 3200 3500 3255 uti
3562 3199 3639 3253 ait

373 3302 599 3371 ἔφεσινο
646 3301 706 3352 τὸ
759 3301 997 3369 ὲρωτικῇ
1032 3315 1090 3350 τε
1142 3297 1290 3369 πάσῃ
1342 3297 1575 3367 δυνάμει
1620 3300 1717 3352 καὶ
1768 3297 1949 3368 ψυχῆς

371 3395 653 3464 ὁλοσχερεῖ
681 3392 925 3445 διαθέσει
955 3390 1076 3461 Θεῷ
1118 3390 1435 3454 κολλᾶσθαι,
1466 3393 1563 3445 καὶ
1591 3391 1819 3461 μηδενὸς
1848 3391 1948 3461 τὴν

371 3488 450 3549 είς
479 3486 643 3540 αὐτὸν
665 3485 887 3554 ἀγάπην
913 3484 1225 3555 προίεσθαι,
1255 3486 1388 3554 παρ’
1410 3477 1472 3538 οὗ
1502 3485 1808 3554 πηγάζεται
1836 3487 1951 3548 τοῖς

371 3579 681 3651 ἀνθρώποις
708 3578 742 3646 ή
778 3577 947 3647 ἀρετὴ
995 3578 1090 3631 κα)⁹
1119 3578 1228 3629 πᾶν
1256 3576 1485 3645 δώρημα
1512 3576 1740 3638 τέλειον,
1841 3577 1944 3633 πού

372 3687 540 3741 φησιν
581 3670 610 3722 ό
639 3667 782 3730 θεῖος
819 3665 1076 3729 Ἰάκωϐος
1103 3684 1117 3697 ·
1168 3665 1361 3719 τούτου
1414 3666 1472 3720 δέ
1528 3683 1592 3735 γε
1653 3669 1950 3741 σκαιότητα

370 3763 472 3829 τὴν
506 3759 843 3830 φιληδονίαν⁴
874 3760 974 3830 τὴν
1012 3758 1475 3828 φιλοχρηματίαν,
1524 3759 1623 3830 τήν
1655 3762 1756 3829 τῆς
1785 3761 1952 3829 κενῆς

370 3852 532 3924 δόξης
560 3852 765 3920 ἔφεσιν,
794 3852 891 3905 καὶ
920 3850 1015 3903 τοῦ
1049 3848 1535 3920 ἐπικεχρωσμένου
1563 3853 1674 3913 τοῖς
1701 3849 1952 3921 σώμασιν

372 3947 588 4010 ἄνθους,
638 3945 741 4014 ἦγε
769 3943 833 4011 δὴ
875 3944 971 3997 καὶ
1010 3944 1089 4006 είς
1135 3943 1395 4014 πορνείαν
1431 3944 1491 3996 ὲν
1534 3944 1736 4015 καρδία
1790 3944 1955 4014 μελε-

371 4039 628 4105 τωμένην
658 4030 910 4104 τελευτᾷ,
940 4033 974 4103 ἢ
1011 4033 1106 4086 καὶ
1142 4034 1393 4104 μοιχείαν
1420 4048 1435 4063 ⁶
1466 4035 1673 4095 ταύτας
1710 4034 1823 4100 οὖν,
1854 4035 1955 4105 τὴν

377 4128 477 4198 μὲν
537 4124 828 4195 ὲπιόουλὴν
861 4124 1102 4194 ὡρίσατο
1135 4124 1232 4177 καὶ
1264 4126 1479 4178 ἀδικίαν
1503 4125 1598 4178 τοῦ
1632 4127 1910 4197 ἀλλοτρίου
1936 4144 1951 4158 ο

369 4219 468 4289 τὴν
502 4219 558 4272 δέ
587 4235 652 4287 γε
703 4215 965 4287 πορνείαν
1033 4214 1335 4286 ἐπιθυμίας
1383 4218 1551 4287 μόνης
1584 4219 1952 4289 ἐκπλήρωσιν,

371 4312 462 4361 τὶν
494 4308 588 4361 τοῦ
619 4307 790 4369 πέλας
838 4307 1017 4376 γάμον
1053 4307 1126 4376 μή
1154 4306 1544 4377 διορύττουσαν
1572 4325 1587 4340 ·
1619 4312 1718 4380 τῆς
1748 4312 1805 4364 δὲ
1831 4314 1956 4365 ἀτό-

371 4417 477 4453 που
517 4399 767 4470 μοιχείας
811 4401 906 4454 καὶ
946 4398 1046 4470 τὴν
1096 4398 1494 4469 παιδεραστίαν
1524 4403 1822 4472 ἠρτῆσθαι,
1861 4408 1955 4459 καὶ

370 4496 472 4564 τὴν
501 4492 847 4564 ζωοφθορίαν
866 4508 881 4523 ⁸
918 4493 1136 4561 φύσεως
1161 4494 1273 4563 γάρ
1302 4496 1399 4549 καὶ
1426 4496 1606 4550 ταῦτα
1636 4498 1812 4567 κρίνει
1840 4517 1955 4567 μοι·

369 4588 547 4660 χείαν,
582 4587 657 4650 ὡς
689 4587 756 4640 ἂν
797 4587 879 4649 είς
927 4585 1212 4655 ἀλλότριον
1237 4586 1411 4656 δήπου
1460 4588 1742 4654 καὶπαρὰ
1782 4590 1951 4659 φύσιν

372 4680 673 4748 γενομένης
706 4675 810 4745 τῆς
848 4674 1084 4739 ἀδικίας.
1116 4676 1228 4745 τῆς
1270 4692 1337 4743 γε
1372 4674 1480 4747 μὴν
1527 4677 1810 4748 θυμώδους
1839 4681 1960 4737 διὰ-

373 4771 579 4833 θέσεως
635 4768 1042 4838 ἐπαινουμένην
1089 4768 1382 4847 καὶικατὰ
1438 4770 1599 4837 φύσιν
1650 4771 1956 4844 ἐνέργειαν,

370 4861 473 4934 τὴν
504 4861 643 4932 πρὸς
664 4860 726 4914 τὸ
760 4860 933 4915 κακὸν
964 4858 1289 4929 ἀπέχθειαν,
1322 4859 1384 4912 τὸ
1422 4864 1534 4923 τοῖς
1565 4861 1764 4917 πάθεσι
1798 4869 1958 4922 πολεο

379 4957 523 5023 μεῖν,
556 4953 695 5025 πρὸς
727 4953 951 5025 ἀνδρίαν
991 4970 1052 5005 τε
1082 4951 1454 5021 ὲστομῶσθαι,
1485 4955 1581 5010 καὶ
1621 4954 1697 5023 μή
1730 4955 1830 5019 τὰς
1860 4961 1955 5013 τοῦ

377 5048 611 5101 θανάτου
660 5045 893 5109 ἀπειλὰς
939 5046 1169 5099 δεδιέναι
1191 5061 1205 5075 '
1246 5047 1439 5115 πεῖράν
1476 5063 1537 5099 τε
1567 5047 1849 5114 εάλγεινῶν
1879 5054 1954 5123 μὴ

379 5139 793 5206 καταπτήσσειν
840 5138 1115 5207 βασάνων,
1162 5140 1258 5193 καὶ
1286 5138 1426 5208 πρὸς
1457 5137 1555 5207 τὴν
1585 5140 1695 5192 τῶν
1722 5141 1954 5209 ἡδίστων

374 5229 408 5299 ἢ
446 5229 696 5301 συνήθων
725 5229 1001 5295 διάζευξιν
1029 5229 1104 5297 μὴ
1138 5228 1561 5298 μαλακίζεσθαι,
1590 5233 1690 5300 τῆς
1717 5234 1955 5298 πίστεως

372 5323 469 5375 καὶ
511 5320 715 5391 ἀρετῆς
750 5320 1133 5389 ἀντεχόμενον.
1176 5320 1487 5392 Ἐκτροπὴν
1516 5322 1574 5374 δὲ
1622 5322 1827 5392 ταύτης
1861 5328 1953 5379 καὶ

375 5413 689 5482 άπόπτωμα
740 5413 801 5465 τὸ
830 5413 1048 5481 φθονεῖν
1080 5430 1140 5466 τε
1185 5412 1279 5466 καὶ
1314 5419 1701 5484 μνησικακεῖν,
1729 5420 1828 5481 τὰς
1854 5421 1954 5488 έμ-

374 5504 718 5573 φιλονείκους
751 5504 1093 5575 έρεσχελίας,
1125 5506 1181 5559 αἳ
1229 5505 1295 5576 δὴ
1333 5509 1427 5561 καὶ
1455 5507 1537 5569 είς
1579 5506 1793 5576 πληγὰς
1838 5510 1953 5563 ἔσθ’

372 5598 462 5651 ὅτε
489 5596 783 5652 τελευτῶσι
816 5598 911 5650 καὶ
936 5598 1150 5665 φόνους.

446 5879 581 5951 Περὶ
613 5878 709 5952 μὲν
737 5879 826 5933 οὖν
854 5876 964 5934 τῶν
983 5879 1076 5934 δύο
1098 5879 1195 5951 τῆς
1226 5879 1404 5952 ιφυχῆς
1429 5880 1739 5953 δυνάμεων,
1772 5881 1946 5954 θυμοῦ

2052 3298 2354 3367 Scriptura.
2407 3298 2616 3351 Rursus
2662 3295 3123 3372 concupiscentiae
3172 3294 3430 3346 virtutem
3480 3292 3639 3361 plane

2052 3406 2198 3454 esse,
2229 3390 2356 3445 boni
2387 3389 2759 3458 appetionem.
2790 3387 2941 3441 omni
2990 3386 3249 3441 facultate
3294 3385 3535 3443 amandi.
3573 3394 3629 3438 et

2054 3492 2169 3538 tota
2216 3482 2413 3536 animat
2445 3480 2733 3534 aﬂectione
2778 3480 2891 3533 Deo
2940 3480 3243 3543 adhaerere,
3291 3487 3347 3532 et
3392 3494 3635 3532 amorem

2052 3576 2194 3645 ejus.
2251 3592 2281 3629 a
2339 3588 2449 3643 quo
2500 3572 2675 3627 virtus
2728 3582 2784 3626 et
2835 3587 2998 3626 omne
3058 3570 3364 3641 perfectum
3428 3570 3636 3624 donum

2054 3667 2378 3723 hominibus
2433 3664 2712 3719 derivatur
2787 3663 2884 3734 (uti
2952 3662 3154 3717 alicubi
3213 3661 3351 3716 dicit
3411 3671 3638 3716 sanctus

2053 3756 2336 3823 Jacobus),
2372 3770 2470 3825 pro
2509 3756 2659 3808 nulla
2705 3770 2764 3809 re
2794 3770 2891 3823 pro
2917 3754 3177 3809 derelicto
3220 3754 3420 3808 habere
3451 3771 3466 3808 :
3519 3755 3642 3828 ejqu

2055 3861 2241 3907 autem
2297 3849 2719 3903 declinationem
2772 3862 2913 3911 esse,
2970 3846 3275 3910 libidinem,
3327 3846 3637 3912 avar'tiam,

2057 3944 2235 3999 inanis
2288 3941 2496 4011 gloriae,
2557 3949 2612 3994 et
2656 3939 2827 4003 ﬂoris,
2887 3939 2979 4008 qui
3027 3939 3278 4009 corporis
3328 3939 3637 4006 superficiei

2057 4042 2139 4088 est
2168 4033 2360 4095 illitus,
2386 4030 2717 4086 desiderium
2746 4030 2926 4098 :quod
2952 4031 3005 4082 in
3037 4029 3219 4082 anima
3240 4028 3547 4081 exercitum
3584 4026 3637 4078 in

2056 4122 2423 4178 fornicatione
2464 4130 2560 4175 aut
2615 4121 2887 4174 adulterio
2928 4121 3297 4173 terminatur:
3340 4134 3405 4172 ex
3440 4119 3638 4187 quibus

2058 4216 2279 4287 quidem
2334 4215 2660 4269 adulterium
2714 4213 2927 4278 definit,
2999 4210 3228 4265 insidias
3272 4218 3328 4265 et
3380 4209 3637 4277 iniuriam

2060 4310 2221 4363 alteri
2250 4307 2510 4369 allatam;
2555 4304 2976 4361 fornicationem
3026 4319 3176 4366 vero,
3226 4301 3469 4376 libidinis
3494 4302 3638 4356 dun-

2061 4412 2212 4459 taxat
2271 4400 2671 4471 expletionem,
2727 4413 2851 4467 quae
2905 4396 3072 4452 vieini
3129 4395 3450 4465 conjugium
3526 4409 3638 4447 non

2061 4496 2302 4565 attingit.
2357 4492 2501 4559 Quin
2548 4492 2659 4547 imo
2696 4500 2753 4545 et
2800 4490 3145 4560 paedicatum,
3195 4498 3251 4542 et
3299 4502 3423 4543 cum
3464 4486 3640 4540 brutis

2059 4588 2388 4644 animalhus
2468 4584 2894 4645 commercium,
2982 4580 3253 4636 adulterio
3334 4578 3639 4633 irrationali

2064 4683 2295 4754 appendi
2327 4680 2498 4745 dicit;
2531 4695 2593 4734 ea
2622 4680 2794 4740 enim.
2847 4686 3033 4748 utpote
3065 4678 3116 4729 in
3151 4676 3204 4730 id
3228 4674 3371 4744 quod
3401 4673 3638 4728 alienum

2062 4788 2168 4841 est,
2197 4786 2253 4831 et
2277 4782 2475 4846 praeter
2502 4783 2753 4828 naturam
2793 4770 3002 4843 factam
3037 4768 3382 4838 injustitiam,
3432 4775 3642 4819 natura:

2060 4870 2389 4925 adulterium
2412 4866 2713 4922 existimat.
2742 4863 3038 4919 Facultatis
3060 4862 3297 4929 denique
3347 4858 3642 4913 irascib‘tlis

2060 4962 2389 5017 laudabilem
2423 4967 2479 5013 et
2517 4959 2815 5013 secundum
2870 4964 3122 5009 naturam
3173 4953 3444 5007 actionem
3495 4966 3639 5013 esse,

2059 5054 2327 5123 cujusque
2366 5051 2492 5105 mali
2537 5050 2752 5112 odimn,
2786 5046 3294 5117 perturbationibus
3311 5044 3507 5099 anima:
3527 5045 3642 5098 bel.

2059 5147 2172 5201 lum
2195 5145 2464 5208 indicere,
2489 5144 2559 5197 ad
2583 5141 2957 5197 fortitudinem
2979 5140 3346 5203 corroborari,
3374 5147 3430 5193 et
3451 5136 3643 5191 mortis

2058 5237 2237 5292 minas
2263 5251 2375 5290 non
2403 5250 2794 5305 expavescere,
2842 5233 3165 5302 gravissima
3206 5240 3479 5286 tormenta
3520 5230 3640 5283 sine

2059 5340 2207 5383 metu
2271 5326 2532 5396 experiri,
2603 5333 2825 5394 propter
2886 5324 3308 5394 disiunctionem
3380 5338 3411 5376 a
3477 5320 3640 5375 rebus

2052 5418 2311 5488 jucundis
2365 5417 2754 5485 consuetisque
2814 5431 2929 5470 non
2980 5416 3350 5487 languescere,
3406 5413 3533 5467 fidei
3587 5426 3641 5467 et

2058 5510 2244 5564 \it'tuti
2310 5510 2797 5564 adhaeresccntcm.
2828 5506 3005 5578 Hujus
3057 5516 3237 5561 autem
3271 5505 3637 5560 desertionrm

2054 5614 2109 5657 et
2151 5602 2364 5672 lapsum
2394 5613 2537 5662 esse,
2573 5600 2835 5660 invidere,
2886 5601 3126 5653 rixarum
3172 5607 3229 5652 ct
3274 5605 3634 5651 scommatum

2058 5695 2354 5758 recordari,
2418 5709 2537 5762 quae
2602 5694 2654 5746 in
2716 5693 2888 5763 plagis
2938 5692 3233 5762 aliquando
3287 5700 3341 5745 et
3397 5689 3637 5746 caedibus

2059 5790 2439 5844 terminantur.

2129 5887 2199 5938 tle
2233 5882 2449 5939 duabus
2492 5882 2684 5935 animm
2717 5879 3018 5949 aﬂectibus,
3070 5882 3148 5936 ira
3188 5892 3385 5951 nempe
3421 5886 3642 5950 ett-on-
