  <div class='ocr_page' id='page_1' title='image "/cluster/home/n/w/nwhite01/storage/ocr_20150623/144:no.2/coo.31924054870492/518.png"; bbox 0 0 4016 6398; ppageno 0'>
   <div class='ocr_carea' id='block_1_1' title="bbox 295 284 444 348">
    <p class='ocr_par' dir='ltr' id='par_1_1' title="bbox 295 284 444 348">
     <span class='ocr_line' id='line_1_1' title="bbox 295 284 444 348; baseline 0 0"><span class='ocrx_word' id='word_1_1' title='bbox 295 284 444 348; x_wconf 58' lang='lat'><strong>1025</strong></span> 
     </span>
    </p>
   </div>
   <div class='ocr_carea' id='block_1_2' title="bbox 542 394 1603 464">
    <p class='ocr_par' dir='ltr' id='par_1_2' title="bbox 542 394 1603 464">
     <span class='ocr_line' id='line_1_2' title="bbox 542 394 1603 464; baseline -0.007 -11"><span class='ocrx_word' id='word_1_2' title='bbox 542 397 701 464; x_wconf 69' lang='lat' dir='ltr'><strong>118p!</strong></span> <span class='ocrx_word' id='word_1_3' title='bbox 729 394 849 451; x_wconf 85' lang='grc' dir='ltr'><strong>τῶν</strong></span> <span class='ocrx_word' id='word_1_4' title='bbox 877 396 1323 464; x_wconf 77' lang='grc' dir='ltr'><strong>ἀρνησαμένων·</strong></span> <span class='ocrx_word' id='word_1_5' title='bbox 1352 394 1603 447; x_wconf 76' lang='grc' dir='ltr'>λαῑκῶν.</span> 
     </span>
    </p>
   </div>
   <div class='ocr_carea' id='block_1_3' title="bbox 365 484 1874 559">
    <p class='ocr_par' dir='ltr' id='par_1_3' title="bbox 365 484 1874 559">
     <span class='ocr_line' id='line_1_3' title="bbox 365 484 1874 559; baseline -0.007 -14"><span class='ocrx_word' id='word_1_6' title='bbox 365 491 606 554; x_wconf 80' lang='grc' dir='ltr'>Λαῖκούς</span> <span class='ocrx_word' id='word_1_7' title='bbox 637 492 700 559; x_wconf 84' lang='grc' dir='ltr'>γὲ</span> <span class='ocrx_word' id='word_1_8' title='bbox 730 507 837 555; x_wconf 86' lang='grc' dir='ltr'>τοι,</span> <span class='ocrx_word' id='word_1_9' title='bbox 871 491 998 551; x_wconf 83' lang='grc' dir='ltr'>τοὺς</span> <span class='ocrx_word' id='word_1_10' title='bbox 1029 486 1225 556; x_wconf 75' lang='grc' dir='ltr'>ἀπειλῇ</span> <span class='ocrx_word' id='word_1_11' title='bbox 1256 487 1352 540; x_wconf 82' lang='grc' dir='ltr'>καὶ</span> <span class='ocrx_word' id='word_1_12' title='bbox 1401 486 1538 555; x_wconf 78' lang='grc' dir='ltr'>μόνῃ</span> <span class='ocrx_word' id='word_1_13' title='bbox 1572 484 1874 547; x_wconf 80' lang='grc' dir='ltr'>κολάσεως,</span> 
     </span>
    </p>
   </div>
   <div class='ocr_carea' id='block_1_4' title="bbox 289 578 1875 657">
    <p class='ocr_par' dir='ltr' id='par_1_4' title="bbox 289 578 1875 657">
     <span class='ocr_line' id='line_1_4' title="bbox 289 578 1875 657; baseline -0.008 -17"><span class='ocrx_word' id='word_1_14' title='bbox 289 587 324 657; x_wconf 72' lang='grc' dir='ltr'><strong>ἢ</strong></span> <span class='ocrx_word' id='word_1_15' title='bbox 378 585 727 654; x_wconf 73' lang='grc' dir='ltr'>δημεύσεως,</span> <span class='ocrx_word' id='word_1_16' title='bbox 769 583 803 653; x_wconf 73' lang='grc' dir='ltr'>ἢ</span> <span class='ocrx_word' id='word_1_17' title='bbox 839 582 1083 652; x_wconf 70' lang='grc' dir='ltr'>ἔξορίας,</span> <span class='ocrx_word' id='word_1_18' title='bbox 1131 584 1196 650; x_wconf 79' lang='grc' dir='ltr'>τῇ</span> <span class='ocrx_word' id='word_1_19' title='bbox 1237 578 1465 648; x_wconf 72' lang='grc' dir='ltr'>ἀσεϐείᾳ.</span> <span class='ocrx_word' id='word_1_20' title='bbox 1516 578 1875 642; x_wconf 79' lang='grc' dir='ltr'>ύπείξαντας,</span> 
     </span>
    </p>
   </div>
   <div class='ocr_carea' id='block_1_5' title="bbox 289 671 1876 749">
    <p class='ocr_par' dir='ltr' id='par_1_5' title="bbox 289 671 1876 749">
     <span class='ocr_line' id='line_1_5' title="bbox 289 671 1876 749; baseline -0.006 -17"><span class='ocrx_word' id='word_1_21' title='bbox 289 683 319 732; x_wconf 88' lang='grc' dir='ltr'><strong>ὁ</strong></span> <span class='ocrx_word' id='word_1_22' title='bbox 347 676 400 743; x_wconf 80' lang='grc' dir='ltr'>ς’</span> <span class='ocrx_word' id='word_1_23' title='bbox 426 681 526 747; x_wconf 84' lang='grc' dir='ltr'>τῆς</span> <span class='ocrx_word' id='word_1_24' title='bbox 555 681 611 730; x_wconf 72' lang='grc' dir='ltr'>ἐν</span> <span class='ocrx_word' id='word_1_25' title='bbox 636 678 885 749; x_wconf 82' lang='grc' dir='ltr'>Ἀγκὺρᾳ</span> <span class='ocrx_word' id='word_1_26' title='bbox 917 677 1137 731; x_wconf 75' lang='grc' dir='ltr'>συνόδου</span> <span class='ocrx_word' id='word_1_27' title='bbox 1161 672 1341 728; x_wconf 84' lang='grc' dir='ltr'>κανὼν</span> <span class='ocrx_word' id='word_1_28' title='bbox 1369 674 1464 725; x_wconf 74' lang='grc' dir='ltr'><strong>ἐπὶ</strong></span> <span class='ocrx_word' id='word_1_29' title='bbox 1492 672 1744 735; x_wconf 77' lang='grc' dir='ltr'><strong>ἑξαετίαν</strong></span> <span class='ocrx_word' id='word_1_30' title='bbox 1767 671 1876 723; x_wconf 85' lang='grc' dir='ltr'>τῶν</span> 
     </span>
    </p>
   </div>
   <div class='ocr_carea' id='block_1_6' title="bbox 293 771 1112 842">
    <p class='ocr_par' dir='ltr' id='par_1_6' title="bbox 293 771 1112 842">
     <span class='ocr_line' id='line_1_6' title="bbox 293 771 1112 842; baseline -0.005 -16"><span class='ocrx_word' id='word_1_31' title='bbox 293 771 455 842; x_wconf 76' lang='grc' dir='ltr'>ἱερῶν</span> <span class='ocrx_word' id='word_1_32' title='bbox 491 772 810 842; x_wconf 72' lang='grc' dir='ltr'><strong>μυστηρίων</strong></span> <span class='ocrx_word' id='word_1_33' title='bbox 832 771 1112 839; x_wconf 86' lang='grc' dir='ltr'>ἀπείργει.</span> 
     </span>
    </p>
   </div>
   <div class='ocr_carea' id='block_1_7' title="bbox 366 856 1877 935">
    <p class='ocr_par' dir='ltr' id='par_1_7' title="bbox 366 856 1877 935">
     <span class='ocr_line' id='line_1_7' title="bbox 366 856 1877 935; baseline -0.005 -19"><span class='ocrx_word' id='word_1_34' title='bbox 366 865 586 935; x_wconf 78' lang='grc' dir='ltr'>Ταύτης</span> <span class='ocrx_word' id='word_1_35' title='bbox 619 865 718 916; x_wconf 80' lang='grc' dir='ltr'>οὐκ</span> <span class='ocrx_word' id='word_1_36' title='bbox 764 864 964 935; x_wconf 77' lang='grc' dir='ltr'>ἀπᾴδει</span> <span class='ocrx_word' id='word_1_37' title='bbox 1004 865 1104 931; x_wconf 76' lang='grc' dir='ltr'>τῆς</span> <span class='ocrx_word' id='word_1_38' title='bbox 1132 860 1316 930; x_wconf 75' lang='grc' dir='ltr'>ψήφου</span> <span class='ocrx_word' id='word_1_39' title='bbox 1364 860 1460 914; x_wconf 78' lang='grc' dir='ltr'>καὶ</span> <span class='ocrx_word' id='word_1_40' title='bbox 1498 862 1524 913; x_wconf 84' lang='grc' dir='ltr'>ὁ</span> <span class='ocrx_word' id='word_1_41' title='bbox 1551 860 1736 930; x_wconf 81' lang='grc' dir='ltr'><strong>τρίτος</strong></span> <span class='ocrx_word' id='word_1_42' title='bbox 1782 856 1877 909; x_wconf 73' lang='grc' dir='ltr'>τοῦ</span> 
     </span>
    </p>
   </div>
   <div class='ocr_carea' id='block_1_8' title="bbox 294 953 1602 1026">
    <p class='ocr_par' dir='ltr' id='par_1_8' title="bbox 294 953 1602 1026">
     <span class='ocr_line' id='line_1_8' title="bbox 294 953 1602 1026; baseline -0.002 -17"><span class='ocrx_word' id='word_1_43' title='bbox 294 956 456 1023; x_wconf 80' lang='grc' dir='ltr'>ἁγίου</span> <span class='ocrx_word' id='word_1_44' title='bbox 487 955 897 1026; x_wconf 69' lang='grc' dir='ltr'>ἱερομάρτυρος</span> <span class='ocrx_word' id='word_1_45' title='bbox 918 956 1128 1021; x_wconf 82' lang='grc' dir='ltr'><strong>Πέτρου</strong></span> <span class='ocrx_word' id='word_1_46' title='bbox 1170 953 1602 1020; x_wconf 63' lang='grc' dir='ltr'>Ἀλεξανδρείας.</span> 
     </span>
    </p>
   </div>
   <div class='ocr_carea' id='block_1_9' title="bbox 378 1043 1953 1115">
    <p class='ocr_par' dir='ltr' id='par_1_9' title="bbox 378 1043 1953 1115">
     <span class='ocr_line' id='line_1_9' title="bbox 378 1043 1953 1115; baseline -0.004 -15"><span class='ocrx_word' id='word_1_47' title='bbox 378 1049 438 1100; x_wconf 88' lang='lat'><strong>&#39;0</strong></span> <span class='ocrx_word' id='word_1_48' title='bbox 466 1048 525 1100; x_wconf 77' lang='grc' dir='ltr'>δὲ</span> <span class='ocrx_word' id='word_1_49' title='bbox 570 1065 634 1114; x_wconf 89' lang='grc' dir='ltr'><strong>γε</strong></span> <span class='ocrx_word' id='word_1_50' title='bbox 666 1045 713 1100; x_wconf 89' lang='grc' dir='ltr'>α’</span> <span class='ocrx_word' id='word_1_51' title='bbox 744 1047 910 1101; x_wconf 76' lang='grc' dir='ltr'>αὑτοῦ</span> <span class='ocrx_word' id='word_1_52' title='bbox 974 1047 1102 1110; x_wconf 74' lang='grc' dir='ltr'>τοὺς</span> <span class='ocrx_word' id='word_1_53' title='bbox 1148 1047 1290 1115; x_wconf 80' lang='grc' dir='ltr'><strong>μειά</strong></span> <span class='ocrx_word' id='word_1_54' title='bbox 1326 1049 1524 1115; x_wconf 81' lang='grc' dir='ltr'>πεῖραν</span> <span class='ocrx_word' id='word_1_55' title='bbox 1565 1043 1881 1111; x_wconf 78' lang='grc' dir='ltr'><strong>ἀνηκέστων</strong></span> <span class='ocrx_word' id='word_1_56' title='bbox 1944 1079 1953 1089; x_wconf 66' lang='grc' dir='ltr'><strong>ι</strong></span> 
     </span>
    </p>
   </div>
   <div class='ocr_carea' id='block_1_10' title="bbox 292 1139 1707 1210">
    <p class='ocr_par' dir='ltr' id='par_1_10' title="bbox 292 1139 1707 1210">
     <span class='ocr_line' id='line_1_10' title="bbox 292 1139 1707 1210; baseline -0.001 -16"><span class='ocrx_word' id='word_1_57' title='bbox 292 1139 599 1202; x_wconf 79' lang='grc' dir='ltr'><strong>τεθυκότας</strong></span> <span class='ocrx_word' id='word_1_58' title='bbox 635 1139 890 1210; x_wconf 76' lang='grc' dir='ltr'>βασάνων</span> <span class='ocrx_word' id='word_1_59' title='bbox 927 1140 1021 1193; x_wconf 75' lang='grc' dir='ltr'><strong>ἐπὶ</strong></span> <span class='ocrx_word' id='word_1_60' title='bbox 1046 1141 1294 1208; x_wconf 72' lang='grc' dir='ltr'>τριετίαν</span> <span class='ocrx_word' id='word_1_61' title='bbox 1331 1140 1707 1202; x_wconf 75' lang='grc' dir='ltr'><strong>καταδικάζει.</strong></span> 
     </span>
    </p>
   </div>
   <div class='ocr_carea' id='block_1_11' title="bbox 387 1317 1883 1388">
    <p class='ocr_par' dir='ltr' id='par_1_11' title="bbox 387 1317 1883 1388">
     <span class='ocr_line' id='line_1_11' title="bbox 387 1317 1883 1388; baseline 0 -19"><span class='ocrx_word' id='word_1_62' title='bbox 387 1317 445 1368; x_wconf 82' lang='lat'><strong>&#39;0</strong></span> <span class='ocrx_word' id='word_1_63' title='bbox 479 1317 536 1369; x_wconf 79' lang='grc' dir='ltr'>δὲ</span> <span class='ocrx_word' id='word_1_64' title='bbox 565 1319 612 1387; x_wconf 84' lang='grc' dir='ltr'>β’</span> <span class='ocrx_word' id='word_1_65' title='bbox 640 1318 768 1380; x_wconf 80' lang='grc' dir='ltr'>τοὺς</span> <span class='ocrx_word' id='word_1_66' title='bbox 796 1317 939 1387; x_wconf 83' lang='grc' dir='ltr'>μετὰ</span> <span class='ocrx_word' id='word_1_67' title='bbox 964 1317 1063 1387; x_wconf 72' lang='grc' dir='ltr'>τὴν</span> <span class='ocrx_word' id='word_1_68' title='bbox 1090 1319 1147 1370; x_wconf 82' lang='grc' dir='ltr'>ἐν</span> <span class='ocrx_word' id='word_1_69' title='bbox 1180 1318 1396 1387; x_wconf 72' lang='grc' dir='ltr'>φυλακῇ</span> <span class='ocrx_word' id='word_1_70' title='bbox 1433 1318 1569 1388; x_wconf 79' lang='grc' dir='ltr'>μόνη</span> <span class='ocrx_word' id='word_1_71' title='bbox 1602 1318 1883 1370; x_wconf 81' lang='grc' dir='ltr'>ταλαιπω-</span> 
     </span>
    </p>
   </div>
   <div class='ocr_carea' id='block_1_12' title="bbox 301 1410 1137 1481">
    <p class='ocr_par' dir='ltr' id='par_1_12' title="bbox 301 1410 1137 1481">
     <span class='ocr_line' id='line_1_12' title="bbox 301 1410 1137 1481; baseline 0.004 -20"><span class='ocrx_word' id='word_1_72' title='bbox 301 1410 425 1481; x_wconf 91' lang='grc' dir='ltr'>ρίαν</span> <span class='ocrx_word' id='word_1_73' title='bbox 446 1412 543 1462; x_wconf 71' lang='grc' dir='ltr'>καὶ</span> <span class='ocrx_word' id='word_1_74' title='bbox 578 1411 745 1481; x_wconf 81' lang='grc' dir='ltr'>μέχρι</span> <span class='ocrx_word' id='word_1_75' title='bbox 778 1412 1137 1479; x_wconf 62' lang='grc' dir='ltr'>τετραετίας.»-</span> 
     </span>
    </p>
   </div>
   <div class='ocr_carea' id='block_1_13' title="bbox 372 1502 1887 1574">
    <p class='ocr_par' dir='ltr' id='par_1_13' title="bbox 372 1502 1887 1574">
     <span class='ocr_line' id='line_1_13' title="bbox 372 1502 1887 1574; baseline 0.001 -19"><span class='ocrx_word' id='word_1_76' title='bbox 372 1502 531 1555; x_wconf 77' lang='grc' dir='ltr'>Οὖτω</span> <span class='ocrx_word' id='word_1_77' title='bbox 562 1504 656 1554; x_wconf 77' lang='grc' dir='ltr'>καὶ</span> <span class='ocrx_word' id='word_1_78' title='bbox 683 1505 711 1556; x_wconf 87' lang='grc' dir='ltr'>ὀ</span> <span class='ocrx_word' id='word_1_79' title='bbox 737 1504 837 1573; x_wconf 79' lang='grc' dir='ltr'>τῆς</span> <span class='ocrx_word' id='word_1_80' title='bbox 880 1505 938 1556; x_wconf 84' lang='grc' dir='ltr'>ὲν</span> <span class='ocrx_word' id='word_1_81' title='bbox 977 1503 1235 1574; x_wconf 62' lang='grc' dir='ltr'>Ἀγκύρᾳλ</span> <span class='ocrx_word' id='word_1_82' title='bbox 1256 1504 1298 1556; x_wconf 83' lang='grc' dir='ltr'>δ’</span> <span class='ocrx_word' id='word_1_83' title='bbox 1340 1504 1447 1557; x_wconf 81' lang='grc' dir='ltr'><strong>τῶν</strong></span> <span class='ocrx_word' id='word_1_84' title='bbox 1489 1504 1751 1557; x_wconf 74' lang='grc' dir='ltr'><strong>τοιούτων</strong></span> <span class='ocrx_word' id='word_1_85' title='bbox 1790 1523 1887 1557; x_wconf 83' lang='grc' dir='ltr'>κα-</span> 
     </span>
    </p>
   </div>
   <div class='ocr_carea' id='block_1_14' title="bbox 300 1597 1887 1668">
    <p class='ocr_par' dir='ltr' id='par_1_14' title="bbox 300 1597 1887 1668">
     <span class='ocr_line' id='line_1_14' title="bbox 300 1597 1887 1668; baseline -0.001 -17"><span class='ocrx_word' id='word_1_86' title='bbox 300 1598 587 1662; x_wconf 78' lang='grc' dir='ltr'>θάπτεται,</span> <span class='ocrx_word' id='word_1_87' title='bbox 615 1597 753 1667; x_wconf 78' lang='grc' dir='ltr'>πρδς</span> <span class='ocrx_word' id='word_1_88' title='bbox 781 1598 837 1651; x_wconf 89' lang='grc' dir='ltr'>δὲ</span> <span class='ocrx_word' id='word_1_89' title='bbox 865 1599 961 1650; x_wconf 78' lang='grc' dir='ltr'>καὶ</span> <span class='ocrx_word' id='word_1_90' title='bbox 999 1600 1027 1651; x_wconf 86' lang='grc' dir='ltr'><strong>ὁ</strong></span> <span class='ocrx_word' id='word_1_91' title='bbox 1056 1604 1121 1651; x_wconf 62' lang='grc' dir='ltr'><strong>ευ</strong></span> <span class='ocrx_word' id='word_1_92' title='bbox 1146 1599 1286 1668; x_wconf 79' lang='grc' dir='ltr'>πλὴν</span> <span class='ocrx_word' id='word_1_93' title='bbox 1318 1598 1445 1662; x_wconf 71' lang='grc' dir='ltr'>τεὺς</span> <span class='ocrx_word' id='word_1_94' title='bbox 1471 1599 1608 1668; x_wconf 80' lang='grc' dir='ltr'><strong>μετά</strong></span> <span class='ocrx_word' id='word_1_95' title='bbox 1637 1598 1697 1651; x_wconf 79' lang='grc' dir='ltr'><strong>τδ</strong></span> <span class='ocrx_word' id='word_1_96' title='bbox 1726 1599 1887 1650; x_wconf 77' lang='grc' dir='ltr'>θῦσαι</span> 
     </span>
    </p>
   </div>
   <div class='ocr_carea' id='block_1_15' title="bbox 302 1690 1888 1762">
    <p class='ocr_par' dir='ltr' id='par_1_15' title="bbox 302 1690 1888 1762">
     <span class='ocr_line' id='line_1_15' title="bbox 302 1690 1888 1762; baseline -0.001 -18"><span class='ocrx_word' id='word_1_97' title='bbox 302 1694 361 1744; x_wconf 79' lang='grc' dir='ltr'>ὲν</span> <span class='ocrx_word' id='word_1_98' title='bbox 387 1690 585 1761; x_wconf 80' lang='grc' dir='ltr'>’ἐσθῆτι</span> <span class='ocrx_word' id='word_1_99' title='bbox 602 1692 1012 1759; x_wconf 69' lang='grc' dir='ltr'>δειπνήσαντας</span> <span class='ocrx_word' id='word_1_100' title='bbox 1034 1692 1368 1762; x_wconf 74' lang='grc' dir='ltr'>φαιδροτέρα</span> <span class='ocrx_word' id='word_1_101' title='bbox 1398 1692 1603 1761; x_wconf 81' lang='grc' dir='ltr'>μᾶλλον</span> <span class='ocrx_word' id='word_1_102' title='bbox 1626 1692 1888 1760; x_wconf 65' lang='grc' dir='ltr'>ἐπιπλήτ-</span> 
     </span>
    </p>
   </div>
   <div class='ocr_carea' id='block_1_16' title="bbox 1287 280 2572 350">
    <p class='ocr_par' dir='ltr' id='par_1_16' title="bbox 1287 280 2572 350">
     <span class='ocr_line' id='line_1_16' title="bbox 1287 280 2572 350; baseline 0.006 -10"><span class='ocrx_word' id='word_1_103' title='bbox 1287 280 1701 343; x_wconf 74' lang='lat' dir='ltr'><strong>SYNTAGMA</strong></span> <span class='ocrx_word' id='word_1_104' title='bbox 1746 282 2375 350; x_wconf 77' lang='lat' dir='ltr'><strong>ALPHABETICUM.</strong></span> <span class='ocrx_word' id='word_1_105' title='bbox 2414 310 2471 321; x_wconf 85' lang='grc'><strong><em>-</em></strong></span> <span class='ocrx_word' id='word_1_106' title='bbox 2505 285 2572 348; x_wconf 80' lang='grc' dir='ltr'>Α.</span> 
     </span>
    </p>
   </div>
   <div class='ocr_carea' id='block_1_17' title="bbox 3421 291 3561 356">
    <p class='ocr_par' dir='ltr' id='par_1_17' title="bbox 3421 291 3561 356">
     <span class='ocr_line' id='line_1_17' title="bbox 3421 291 3561 356; baseline -0.029 0"><span class='ocrx_word' id='word_1_107' title='bbox 3421 291 3561 356; x_wconf 74' lang='lat'><strong>1026</strong></span> 
     </span>
    </p>
   </div>
   <div class='ocr_carea' id='block_1_18' title="bbox 2190 397 3210 487">
    <p class='ocr_par' dir='ltr' id='par_1_18' title="bbox 2190 397 3210 487">
     <span class='ocr_line' id='line_1_18' title="bbox 2190 397 3210 487; baseline 0.007 -39"><span class='ocrx_word' id='word_1_108' title='bbox 2190 470 2207 487; x_wconf 29' lang='grc' dir='ltr'><strong>κ</strong></span> <span class='ocrx_word' id='word_1_109' title='bbox 2326 397 2400 450; x_wconf 81' lang='lat' dir='ltr'><strong>De</strong></span> <span class='ocrx_word' id='word_1_110' title='bbox 2428 398 2580 452; x_wconf 68' lang='lat' dir='ltr'><strong>laici:</strong></span> <span class='ocrx_word' id='word_1_111' title='bbox 2617 400 2706 469; x_wconf 82' lang='lat' dir='ltr'><strong>qui</strong></span> <span class='ocrx_word' id='word_1_112' title='bbox 2738 399 2892 467; x_wconf 80' lang='lat' dir='ltr'><strong>fidem</strong></span> <span class='ocrx_word' id='word_1_113' title='bbox 2918 401 3210 472; x_wconf 70' lang='lat' dir='ltr'><strong>negarunt.</strong></span> 
     </span>
    </p>
   </div>
   <div class='ocr_carea' id='block_1_19' title="bbox 2056 487 3560 562">
    <p class='ocr_par' dir='ltr' id='par_1_19' title="bbox 2056 487 3560 562">
     <span class='ocr_line' id='line_1_19' title="bbox 2056 487 3560 562; baseline 0.004 -23"><span class='ocrx_word' id='word_1_114' title='bbox 2056 487 2249 540; x_wconf 80' lang='lat' dir='ltr'><strong>[.aicos</strong></span> <span class='ocrx_word' id='word_1_115' title='bbox 2278 488 2370 557; x_wconf 85' lang='lat' dir='ltr'><strong>qui</strong></span> <span class='ocrx_word' id='word_1_116' title='bbox 2404 498 2551 543; x_wconf 88' lang='lat' dir='ltr'><strong>metu</strong></span> <span class='ocrx_word' id='word_1_117' title='bbox 2587 492 2703 544; x_wconf 90' lang='lat' dir='ltr'><strong>solo</strong></span> <span class='ocrx_word' id='word_1_118' title='bbox 2732 492 3009 560; x_wconf 81' lang='lat' dir='ltr'><strong>supplicii,</strong></span> <span class='ocrx_word' id='word_1_119' title='bbox 3042 493 3560 562; x_wconf 70' lang='lat' dir='ltr'><strong>verpublicationis,</strong></span> 
     </span>
    </p>
   </div>
   <div class='ocr_carea' id='block_1_20' title="bbox 1983 580 3564 657">
    <p class='ocr_par' dir='ltr' id='par_1_20' title="bbox 1983 580 3564 657">
     <span class='ocr_line' id='line_1_20' title="bbox 1983 580 3564 657; baseline 0.006 -28"><span class='ocrx_word' id='word_1_120' title='bbox 1983 580 2066 631; x_wconf 83' lang='lat' dir='ltr'><strong>vel</strong></span> <span class='ocrx_word' id='word_1_121' title='bbox 2103 580 2300 646; x_wconf 83' lang='lat' dir='ltr'><strong>exsilii,</strong></span> <span class='ocrx_word' id='word_1_122' title='bbox 2337 580 2602 647; x_wconf 84' lang='lat' dir='ltr'><strong>impietati</strong></span> <span class='ocrx_word' id='word_1_123' title='bbox 2650 588 2963 647; x_wconf 76' lang='lat' dir='ltr'><strong>cesserunt,</strong></span> <span class='ocrx_word' id='word_1_124' title='bbox 2998 601 3048 637; x_wconf 81' lang='grc' dir='ltr'><strong>νι</strong></span> <span class='ocrx_word' id='word_1_125' title='bbox 3106 600 3230 655; x_wconf 89' lang='lat' dir='ltr'><strong>syn.</strong></span> <span class='ocrx_word' id='word_1_126' title='bbox 3258 586 3564 657; x_wconf 68' lang='lat' dir='ltr'><strong>&#39;Ancyranze</strong></span> 
     </span>
    </p>
   </div>
   <div class='ocr_carea' id='block_1_21' title="bbox 1981 674 3563 747">
    <p class='ocr_par' dir='ltr' id='par_1_21' title="bbox 1981 674 3563 747">
     <span class='ocr_line' id='line_1_21' title="bbox 1981 674 3563 747; baseline 0.005 -25"><span class='ocrx_word' id='word_1_127' title='bbox 1981 687 2159 725; x_wconf 85' lang='lat' dir='ltr'><strong>canon</strong></span> <span class='ocrx_word' id='word_1_128' title='bbox 2223 674 2278 725; x_wconf 90' lang='lat' dir='ltr'><strong>in</strong></span> <span class='ocrx_word' id='word_1_129' title='bbox 2349 676 2676 729; x_wconf 79' lang='lat' dir='ltr'><strong>sexennium</strong></span> <span class='ocrx_word' id='word_1_130' title='bbox 2748 692 2779 729; x_wconf 73' lang='grc' dir='ltr'><strong>α</strong></span> <span class='ocrx_word' id='word_1_131' title='bbox 2840 691 3123 731; x_wconf 86' lang='lat' dir='ltr'><strong>sacrorum</strong></span> <span class='ocrx_word' id='word_1_132' title='bbox 3176 678 3563 747; x_wconf 85' lang='lat' dir='ltr'><strong>mysteriorum</strong></span> 
     </span>
    </p>
   </div>
   <div class='ocr_carea' id='block_1_22' title="bbox 1982 762 2535 832">
    <p class='ocr_par' dir='ltr' id='par_1_22' title="bbox 1982 762 2535 832">
     <span class='ocr_line' id='line_1_22' title="bbox 1982 762 2535 832; baseline 0.004 -16"><span class='ocrx_word' id='word_1_133' title='bbox 1982 762 2337 832; x_wconf 75' lang='lat' dir='ltr'><strong>perceptione</strong></span> <span class='ocrx_word' id='word_1_134' title='bbox 2368 774 2535 819; x_wconf 81' lang='lat' dir='ltr'><strong>arcet.</strong></span> 
     </span>
    </p>
   </div>
   <div class='ocr_carea' id='block_1_23' title="bbox 2055 854 3569 913">
    <p class='ocr_par' dir='ltr' id='par_1_23' title="bbox 2055 854 3569 913">
     <span class='ocr_line' id='line_1_23' title="bbox 2055 854 3569 913; baseline 0.003 -4"><span class='ocrx_word' id='word_1_135' title='bbox 2055 857 2203 910; x_wconf 91' lang='lat' dir='ltr'><strong>ldem</strong></span> <span class='ocrx_word' id='word_1_136' title='bbox 2253 858 2448 910; x_wconf 85' lang='lat' dir='ltr'><strong>statuit</strong></span> <span class='ocrx_word' id='word_1_137' title='bbox 2484 858 2678 913; x_wconf 83' lang='lat' dir='ltr'><strong>tertius</strong></span> <span class='ocrx_word' id='word_1_138' title='bbox 2723 874 2897 913; x_wconf 88' lang='lat' dir='ltr'><strong>canon</strong></span> <span class='ocrx_word' id='word_1_139' title='bbox 2935 854 3108 913; x_wconf 84' lang='lat' dir='ltr'><strong>sancti</strong></span> <span class='ocrx_word' id='word_1_140' title='bbox 3142 858 3287 913; x_wconf 86' lang='lat' dir='ltr'><strong>Petri</strong></span> <span class='ocrx_word' id='word_1_141' title='bbox 3334 859 3569 913; x_wconf 82' lang='lat' dir='ltr'><strong>Alexan-</strong></span> 
     </span>
    </p>
   </div>
   <div class='ocr_carea' id='block_1_24' title="bbox 1982 947 2436 1019">
    <p class='ocr_par' dir='ltr' id='par_1_24' title="bbox 1982 947 2436 1019">
     <span class='ocr_line' id='line_1_24' title="bbox 1982 947 2436 1019; baseline 0.004 -18"><span class='ocrx_word' id='word_1_142' title='bbox 1982 947 2127 1001; x_wconf 87' lang='lat' dir='ltr'><strong>drini</strong></span> <span class='ocrx_word' id='word_1_143' title='bbox 2162 948 2436 1019; x_wconf 75' lang='lat' dir='ltr'><strong>martyris.</strong></span> 
     </span>
    </p>
   </div>
   <div class='ocr_carea' id='block_1_25' title="bbox 2057 1041 3571 1110">
    <p class='ocr_par' dir='ltr' id='par_1_25' title="bbox 2057 1041 3571 1110">
     <span class='ocr_line' id='line_1_25' title="bbox 2057 1041 3571 1110; baseline 0.001 -16"><span class='ocrx_word' id='word_1_144' title='bbox 2057 1041 2274 1095; x_wconf 84' lang='lat' dir='ltr'><strong>Primus</strong></span> <span class='ocrx_word' id='word_1_145' title='bbox 2340 1051 2526 1095; x_wconf 88' lang='lat' dir='ltr'><strong>autem</strong></span> <span class='ocrx_word' id='word_1_146' title='bbox 2587 1041 2835 1110; x_wconf 84' lang='lat' dir='ltr'><strong>ejusdem</strong></span> <span class='ocrx_word' id='word_1_147' title='bbox 2893 1058 3072 1096; x_wconf 82' lang='lat' dir='ltr'><strong>canon</strong></span> <span class='ocrx_word' id='word_1_148' title='bbox 3128 1056 3224 1095; x_wconf 89' lang='lat' dir='ltr'><strong>eos</strong></span> <span class='ocrx_word' id='word_1_149' title='bbox 3294 1041 3384 1110; x_wconf 90' lang='lat' dir='ltr'><strong>qui</strong></span> <span class='ocrx_word' id='word_1_150' title='bbox 3444 1050 3571 1109; x_wconf 80' lang='lat' dir='ltr'><strong>post</strong></span> 
     </span>
    </p>
   </div>
   <div class='ocr_carea' id='block_1_26' title="bbox 1986 1133 3566 1205">
    <p class='ocr_par' dir='ltr' id='par_1_26' title="bbox 1986 1133 3566 1205">
     <span class='ocr_line' id='line_1_26' title="bbox 1986 1133 3566 1205; baseline -0.002 -18"><span class='ocrx_word' id='word_1_151' title='bbox 1986 1142 2387 1188; x_wconf 89' lang='lat' dir='ltr'><strong>tormentorum</strong></span> <span class='ocrx_word' id='word_1_152' title='bbox 2418 1134 2871 1205; x_wconf 76' lang='lat' dir='ltr'><strong>gravissimorum</strong></span> <span class='ocrx_word' id='word_1_153' title='bbox 2932 1133 3346 1204; x_wconf 79' lang='lat' dir='ltr'><strong>perpessionem</strong></span> <span class='ocrx_word' id='word_1_154' title='bbox 3395 1133 3566 1187; x_wconf 85' lang='lat' dir='ltr'><strong>sacri-</strong></span> 
     </span>
    </p>
   </div>
   <div class='ocr_carea' id='block_1_27' title="bbox 1983 1226 3456 1297">
    <p class='ocr_par' dir='ltr' id='par_1_27' title="bbox 1983 1226 3456 1297">
     <span class='ocr_line' id='line_1_27' title="bbox 1983 1226 3456 1297; baseline -0.002 -15"><span class='ocrx_word' id='word_1_155' title='bbox 1983 1226 2242 1297; x_wconf 67' lang='lat' dir='ltr'><strong>ﬁcarunt,</strong></span> <span class='ocrx_word' id='word_1_156' title='bbox 2280 1229 2347 1282; x_wconf 89' lang='lat' dir='ltr'><strong>ad</strong></span> <span class='ocrx_word' id='word_1_157' title='bbox 2381 1237 2490 1282; x_wconf 89' lang='lat' dir='ltr'><strong>tres</strong></span> <span class='ocrx_word' id='word_1_158' title='bbox 2514 1242 2689 1282; x_wconf 88' lang='lat' dir='ltr'><strong>annos</strong></span> <span class='ocrx_word' id='word_1_159' title='bbox 2726 1227 3069 1296; x_wconf 57' lang='lat' dir='ltr'><strong>poenitentia}</strong></span> <span class='ocrx_word' id='word_1_160' title='bbox 3095 1227 3456 1281; x_wconf 88' lang='lat' dir='ltr'><strong>condemnat.</strong></span> 
     </span>
    </p>
   </div>
   <div class='ocr_carea' id='block_1_28' title="bbox 2057 1318 3573 1389">
    <p class='ocr_par' dir='ltr' id='par_1_28' title="bbox 2057 1318 3573 1389">
     <span class='ocr_line' id='line_1_28' title="bbox 2057 1318 3573 1389; baseline 0.001 -17"><span class='ocrx_word' id='word_1_161' title='bbox 2057 1318 2108 1389; x_wconf 85' lang='lat'><strong>5</strong></span> <span class='ocrx_word' id='word_1_162' title='bbox 2144 1319 2429 1375; x_wconf 58' lang='lat' dir='ltr'><strong>Secundus</strong></span> <span class='ocrx_word' id='word_1_163' title='bbox 2460 1335 2592 1376; x_wconf 90' lang='lat' dir='ltr'><strong>vero</strong></span> <span class='ocrx_word' id='word_1_164' title='bbox 2641 1335 2734 1375; x_wconf 91' lang='lat' dir='ltr'><strong>eos</strong></span> <span class='ocrx_word' id='word_1_165' title='bbox 2776 1319 2867 1389; x_wconf 85' lang='lat' dir='ltr'><strong>qui</strong></span> <span class='ocrx_word' id='word_1_166' title='bbox 2927 1321 2982 1373; x_wconf 91' lang='lat' dir='ltr'><strong>in</strong></span> <span class='ocrx_word' id='word_1_167' title='bbox 3043 1334 3263 1374; x_wconf 86' lang='lat' dir='ltr'><strong>carcere</strong></span> <span class='ocrx_word' id='word_1_168' title='bbox 3307 1319 3573 1374; x_wconf 76' lang='lat' dir='ltr'><strong>duntaxat</strong></span> 
     </span>
    </p>
   </div>
   <div class='ocr_carea' id='block_1_29' title="bbox 1985 1413 3195 1484">
    <p class='ocr_par' dir='ltr' id='par_1_29' title="bbox 1985 1413 3195 1484">
     <span class='ocr_line' id='line_1_29' title="bbox 1985 1413 3195 1484; baseline -0.002 -16"><span class='ocrx_word' id='word_1_169' title='bbox 1985 1413 2171 1468; x_wconf 83' lang='lat' dir='ltr'><strong>amicti</strong></span> <span class='ocrx_word' id='word_1_170' title='bbox 2200 1414 2601 1477; x_wconf 77' lang='lat' dir='ltr'><strong>sacriﬁcarunt,</strong></span> <span class='ocrx_word' id='word_1_171' title='bbox 2632 1430 2806 1484; x_wconf 90' lang='lat' dir='ltr'><strong>usque</strong></span> <span class='ocrx_word' id='word_1_172' title='bbox 2836 1414 2904 1468; x_wconf 87' lang='lat' dir='ltr'><strong>ad</strong></span> <span class='ocrx_word' id='word_1_173' title='bbox 2940 1423 3195 1484; x_wconf 82' lang='lat' dir='ltr'><strong>quatuor.</strong></span> 
     </span>
    </p>
   </div>
   <div class='ocr_carea' id='block_1_30' title="bbox 2058 1505 3575 1579">
    <p class='ocr_par' dir='ltr' id='par_1_30' title="bbox 2058 1505 3575 1579">
     <span class='ocr_line' id='line_1_30' title="bbox 2058 1505 3575 1579; baseline 0.002 -20"><span class='ocrx_word' id='word_1_174' title='bbox 2058 1505 2257 1575; x_wconf 77' lang='lat' dir='ltr'><strong>Utique</strong></span> <span class='ocrx_word' id='word_1_175' title='bbox 2281 1515 2337 1560; x_wconf 87' lang='lat' dir='ltr'><strong>et</strong></span> <span class='ocrx_word' id='word_1_176' title='bbox 2357 1515 2588 1574; x_wconf 88' lang='lat' dir='ltr'><strong>quartus</strong></span> <span class='ocrx_word' id='word_1_177' title='bbox 2617 1506 2952 1576; x_wconf 76' lang='lat' dir='ltr'><strong>quintasque</strong></span> <span class='ocrx_word' id='word_1_178' title='bbox 3017 1523 3137 1578; x_wconf 89' lang='lat' dir='ltr'><strong>syn.</strong></span> <span class='ocrx_word' id='word_1_179' title='bbox 3162 1509 3362 1579; x_wconf 77' lang='lat' dir='ltr'><strong>Ancyr.</strong></span> <span class='ocrx_word' id='word_1_180' title='bbox 3397 1523 3575 1562; x_wconf 75' lang='lat' dir='ltr'><strong>canon</strong></span> 
     </span>
    </p>
   </div>
   <div class='ocr_carea' id='block_1_31' title="bbox 1987 1599 3576 1673">
    <p class='ocr_par' dir='ltr' id='par_1_31' title="bbox 1987 1599 3576 1673">
     <span class='ocr_line' id='line_1_31' title="bbox 1987 1599 3576 1673; baseline 0.001 -18"><span class='ocrx_word' id='word_1_181' title='bbox 1987 1599 2208 1655; x_wconf 86' lang='lat' dir='ltr'><strong>eosdem</strong></span> <span class='ocrx_word' id='word_1_182' title='bbox 2249 1601 2416 1655; x_wconf 85' lang='lat' dir='ltr'><strong>simili</strong></span> <span class='ocrx_word' id='word_1_183' title='bbox 2442 1617 2617 1670; x_wconf 62' lang='lat' dir='ltr'><strong>paenae</strong></span> <span class='ocrx_word' id='word_1_184' title='bbox 2645 1603 2887 1671; x_wconf 69' lang='lat' dir='ltr'><strong>subj‘cit.</strong></span> <span class='ocrx_word' id='word_1_185' title='bbox 2923 1602 3030 1656; x_wconf 87' lang='lat' dir='ltr'><strong>Eos</strong></span> <span class='ocrx_word' id='word_1_186' title='bbox 3059 1612 3240 1657; x_wconf 88' lang='lat' dir='ltr'><strong>autem</strong></span> <span class='ocrx_word' id='word_1_187' title='bbox 3276 1604 3371 1672; x_wconf 87' lang='lat' dir='ltr'><strong>qui</strong></span> <span class='ocrx_word' id='word_1_188' title='bbox 3420 1614 3576 1673; x_wconf 85' lang='lat' dir='ltr'><strong>post-</strong></span> 
     </span>
    </p>
   </div>
   <div class='ocr_carea' id='block_1_32' title="bbox 1990 1692 3575 1763">
    <p class='ocr_par' dir='ltr' id='par_1_32' title="bbox 1990 1692 3575 1763">
     <span class='ocr_line' id='line_1_32' title="bbox 1990 1692 3575 1763; baseline 0.003 -19"><span class='ocrx_word' id='word_1_189' title='bbox 1990 1706 2154 1760; x_wconf 89' lang='lat' dir='ltr'><strong>quam</strong></span> <span class='ocrx_word' id='word_1_190' title='bbox 2188 1692 2640 1757; x_wconf 79' lang='lat' dir='ltr'><strong>sacriﬁcaverint,</strong></span> <span class='ocrx_word' id='word_1_191' title='bbox 2680 1694 2736 1747; x_wconf 90' lang='lat' dir='ltr'><strong>in</strong></span> <span class='ocrx_word' id='word_1_192' title='bbox 2763 1704 2913 1748; x_wconf 83' lang='lat' dir='ltr'><strong>veste</strong></span> <span class='ocrx_word' id='word_1_193' title='bbox 2951 1695 3341 1763; x_wconf 75' lang='lat' dir='ltr'><strong>sumptuosiori</strong></span> <span class='ocrx_word' id='word_1_194' title='bbox 3389 1697 3575 1763; x_wconf 86' lang='lat' dir='ltr'><strong>pransi</strong></span> 
     </span>
    </p>
   </div>
   <div class='ocr_carea' id='block_1_33' title="bbox 300 1759 1900 1857">
    <p class='ocr_par' dir='ltr' id='par_1_33' title="bbox 300 1759 1887 1856">
     <span class='ocr_line' id='line_1_33' title="bbox 300 1759 1887 1856; baseline 0.001 -20"><span class='ocrx_word' id='word_1_195' title='bbox 300 1801 384 1837; x_wconf 83' lang='grc' dir='ltr'><strong>τει</strong></span> <span class='ocrx_word' id='word_1_196' title='bbox 432 1784 464 1853; x_wconf 83' lang='grc' dir='ltr'>ἢ</span> <span class='ocrx_word' id='word_1_197' title='bbox 496 1759 625 1847; x_wconf 81' lang='grc' dir='ltr'>τοὺς</span> <span class='ocrx_word' id='word_1_198' title='bbox 652 1786 711 1837; x_wconf 79' lang='grc' dir='ltr'>ἐν</span> <span class='ocrx_word' id='word_1_199' title='bbox 738 1783 816 1854; x_wconf 81' lang='grc' dir='ltr'>τῷ</span> <span class='ocrx_word' id='word_1_200' title='bbox 844 1786 1051 1856; x_wconf 86' lang='grc' dir='ltr'>δείπνῳ</span> <span class='ocrx_word' id='word_1_201' title='bbox 1093 1759 1534 1856; x_wconf 68' lang='grc' dir='ltr'>δεδακρυμένους</span> <span class='ocrx_word' id='word_1_202' title='bbox 1580 1787 1674 1839; x_wconf 83' lang='grc' dir='ltr'>καὶ</span> <span class='ocrx_word' id='word_1_203' title='bbox 1705 1759 1887 1838; x_wconf 57' lang='grc' dir='ltr'>πενοιέ</span> 
     </span>
    </p>
   </div>
   <div class='ocr_carea' id='block_1_34' title="bbox 2012 1759 3578 1857">
    <p class='ocr_par' dir='ltr' id='par_1_34' title="bbox 2012 1786 3578 1857">
     <span class='ocr_line' id='line_1_34' title="bbox 2012 1786 3578 1857; baseline 0.004 -20"><span class='ocrx_word' id='word_1_204' title='bbox 2012 1792 2140 1848; x_wconf 53' lang='lat' dir='ltr'><strong>lunt,</strong></span> <span class='ocrx_word' id='word_1_205' title='bbox 2166 1786 2338 1856; x_wconf 83' lang='lat' dir='ltr'><strong>magis</strong></span> <span class='ocrx_word' id='word_1_206' title='bbox 2361 1786 2520 1854; x_wconf 85' lang='lat' dir='ltr'><strong>punit</strong></span> <span class='ocrx_word' id='word_1_207' title='bbox 2551 1801 2714 1855; x_wconf 90' lang='lat' dir='ltr'><strong>quam</strong></span> <span class='ocrx_word' id='word_1_208' title='bbox 2746 1801 2840 1840; x_wconf 87' lang='lat' dir='ltr'><strong>eos</strong></span> <span class='ocrx_word' id='word_1_209' title='bbox 2892 1788 2989 1856; x_wconf 86' lang='lat' dir='ltr'><strong>qui</strong></span> <span class='ocrx_word' id='word_1_210' title='bbox 3026 1788 3578 1857; x_wconf 81' lang='lat' dir='ltr'><strong>interprandendum</strong></span> 
     </span>
    </p>
   </div>
   <div class='ocr_carea' id='block_1_35' title="bbox 304 1877 1139 1950">
    <p class='ocr_par' dir='ltr' id='par_1_35' title="bbox 304 1877 1139 1950">
     <span class='ocr_line' id='line_1_35' title="bbox 304 1877 1139 1950; baseline 0.005 -20"><span class='ocrx_word' id='word_1_211' title='bbox 304 1877 400 1931; x_wconf 81' lang='grc' dir='ltr'>κὸν</span> <span class='ocrx_word' id='word_1_212' title='bbox 432 1878 565 1948; x_wconf 74' lang='grc' dir='ltr'>ἔσϐη</span> <span class='ocrx_word' id='word_1_213' title='bbox 575 1895 653 1948; x_wconf 89' lang='grc' dir='ltr'><strong>μα</strong></span> <span class='ocrx_word' id='word_1_214' title='bbox 690 1880 1139 1950; x_wconf 78' lang='grc' dir='ltr'><strong>περικειμένους.</strong></span> 
     </span>
    </p>
   </div>
   <div class='ocr_carea' id='block_1_36' title="bbox 384 1966 1889 2044">
    <p class='ocr_par' dir='ltr' id='par_1_36' title="bbox 384 1966 1889 2044">
     <span class='ocr_line' id='line_1_36' title="bbox 384 1966 1889 2044; baseline 0.001 -23"><span class='ocrx_word' id='word_1_215' title='bbox 384 1969 447 2022; x_wconf 84' lang='lat'><strong>&#39;0</strong></span> <span class='ocrx_word' id='word_1_216' title='bbox 498 1970 542 2023; x_wconf 82' lang='grc' dir='ltr'>δ’</span> <span class='ocrx_word' id='word_1_217' title='bbox 572 1966 640 2023; x_wconf 78' lang='grc' dir='ltr'>αὖ</span> <span class='ocrx_word' id='word_1_218' title='bbox 673 1971 724 2042; x_wconf 86' lang='grc' dir='ltr'>η’</span> <span class='ocrx_word' id='word_1_219' title='bbox 753 1971 961 2040; x_wconf 80' lang='grc' dir='ltr'><strong>ταύτης</strong></span> <span class='ocrx_word' id='word_1_220' title='bbox 990 1973 1119 2036; x_wconf 86' lang='grc' dir='ltr'>τοὺς</span> <span class='ocrx_word' id='word_1_221' title='bbox 1167 1973 1253 2036; x_wconf 72' lang='grc' dir='ltr'><strong>δὶς</strong></span> <span class='ocrx_word' id='word_1_222' title='bbox 1299 1973 1394 2029; x_wconf 77' lang='grc' dir='ltr'>καὶ</span> <span class='ocrx_word' id='word_1_223' title='bbox 1445 1973 1568 2044; x_wconf 69' lang='grc' dir='ltr'>τρὶς</span> <span class='ocrx_word' id='word_1_224' title='bbox 1617 1972 1889 2032; x_wconf 83' lang='grc' dir='ltr'>Θύσαντας</span> 
     </span>
    </p>
   </div>
   <div class='ocr_carea' id='block_1_37' title="bbox 311 2063 1890 2136">
    <p class='ocr_par' dir='ltr' id='par_1_37' title="bbox 311 2063 1890 2136">
     <span class='ocr_line' id='line_1_37' title="bbox 311 2063 1890 2136; baseline 0.001 -21"><span class='ocrx_word' id='word_1_225' title='bbox 311 2063 451 2133; x_wconf 77' lang='grc' dir='ltr'>μετὰ</span> <span class='ocrx_word' id='word_1_226' title='bbox 484 2063 609 2133; x_wconf 88' lang='grc' dir='ltr'>βίας</span> <span class='ocrx_word' id='word_1_227' title='bbox 660 2067 740 2127; x_wconf 87' lang='grc' dir='ltr'><strong>είς</strong></span> <span class='ocrx_word' id='word_1_228' title='bbox 773 2064 1007 2134; x_wconf 72' lang='grc' dir='ltr'>ἕϐδομον</span> <span class='ocrx_word' id='word_1_229' title='bbox 1035 2063 1154 2129; x_wconf 82' lang='grc' dir='ltr'>ἔτος</span> <span class='ocrx_word' id='word_1_230' title='bbox 1179 2069 1279 2136; x_wconf 78' lang='grc' dir='ltr'>τῆς</span> <span class='ocrx_word' id='word_1_231' title='bbox 1307 2065 1598 2128; x_wconf 83' lang='grc' dir='ltr'>κοινωνίας</span> <span class='ocrx_word' id='word_1_232' title='bbox 1630 2064 1890 2134; x_wconf 80' lang='grc' dir='ltr'>ἑξοστρα-</span> 
     </span>
    </p>
   </div>
   <div class='ocr_carea' id='block_1_38' title="bbox 307 2153 472 2218">
    <p class='ocr_par' dir='ltr' id='par_1_38' title="bbox 307 2153 472 2218">
     <span class='ocr_line' id='line_1_38' title="bbox 307 2153 472 2218; baseline 0.012 -11"><span class='ocrx_word' id='word_1_233' title='bbox 307 2153 472 2218; x_wconf 79' lang='grc' dir='ltr'>κίζει.</span> 
     </span>
    </p>
   </div>
   <div class='ocr_carea' id='block_1_39' title="bbox 391 2244 1888 2318">
    <p class='ocr_par' dir='ltr' id='par_1_39' title="bbox 391 2244 1888 2318">
     <span class='ocr_line' id='line_1_39' title="bbox 391 2244 1888 2318; baseline -0.002 -21"><span class='ocrx_word' id='word_1_234' title='bbox 391 2244 450 2298; x_wconf 88' lang='lat'><strong>&#39;0</strong></span> <span class='ocrx_word' id='word_1_235' title='bbox 474 2245 529 2297; x_wconf 83' lang='grc' dir='ltr'>δὲ</span> <span class='ocrx_word' id='word_1_236' title='bbox 562 2245 786 2315; x_wconf 78' lang='grc' dir='ltr'>Νύσσης</span> <span class='ocrx_word' id='word_1_237' title='bbox 821 2248 998 2318; x_wconf 79' lang='grc' dir='ltr'>μέγας</span> <span class='ocrx_word' id='word_1_238' title='bbox 1028 2249 1334 2318; x_wconf 80' lang='grc' dir='ltr'>Γρηγόριος</span> <span class='ocrx_word' id='word_1_239' title='bbox 1378 2248 1436 2301; x_wconf 70' lang='grc' dir='ltr'>ἐν</span> <span class='ocrx_word' id='word_1_240' title='bbox 1488 2244 1569 2315; x_wconf 80' lang='grc' dir='ltr'>τῷ</span> <span class='ocrx_word' id='word_1_241' title='bbox 1596 2250 1655 2297; x_wconf 83' lang='grc' dir='ltr'>α’.</span> <span class='ocrx_word' id='word_1_242' title='bbox 1677 2244 1888 2307; x_wconf 84' lang='grc' dir='ltr'>κανόνι,</span> 
     </span>
    </p>
   </div>
   <div class='ocr_carea' id='block_1_40' title="bbox 300 2335 1894 2410">
    <p class='ocr_par' dir='ltr' id='par_1_40' title="bbox 300 2335 1894 2410">
     <span class='ocr_line' id='line_1_40' title="bbox 300 2335 1894 2410; baseline -0.004 -17"><span class='ocrx_word' id='word_1_243' title='bbox 300 2340 373 2393; x_wconf 81' lang='lat' dir='ltr'><strong>0i</strong></span> <span class='ocrx_word' id='word_1_244' title='bbox 406 2338 663 2409; x_wconf 78' lang='grc' dir='ltr'>βασάνοις</span> <span class='ocrx_word' id='word_1_245' title='bbox 697 2339 963 2410; x_wconf 78' lang='grc' dir='ltr'>χαλεπαῖς</span> <span class='ocrx_word' id='word_1_246' title='bbox 988 2339 1545 2407; x_wconf 81' lang='grc' dir='ltr'>αἱκισθέντες.-φησ“ι,</span> <span class='ocrx_word' id='word_1_247' title='bbox 1573 2336 1667 2390; x_wconf 78' lang='grc' dir='ltr'>καὶ</span> <span class='ocrx_word' id='word_1_248' title='bbox 1691 2335 1894 2388; x_wconf 81' lang='grc' dir='ltr'>θύσαν-</span> 
     </span>
    </p>
   </div>
   <div class='ocr_carea' id='block_1_41' title="bbox 264 2424 1752 2505">
    <p class='ocr_par' dir='ltr' id='par_1_41' title="bbox 264 2424 1752 2505">
     <span class='ocr_line' id='line_1_41' title="bbox 264 2424 1752 2505; baseline 0 -22"><span class='ocrx_word' id='word_1_249' title='bbox 264 2424 279 2429; x_wconf 61' lang='grc'><em>“</em></span> <span class='ocrx_word' id='word_1_250' title='bbox 307 2433 512 2496; x_wconf 62' lang='grc' dir='ltr'>τεςγὲν</span> <span class='ocrx_word' id='word_1_251' title='bbox 551 2432 702 2502; x_wconf 79' lang='grc' dir='ltr'><strong>ῥητῷ</strong></span> <span class='ocrx_word' id='word_1_252' title='bbox 733 2432 915 2505; x_wconf 81' lang='grc' dir='ltr'>χρόνῳ</span> <span class='ocrx_word' id='word_1_253' title='bbox 945 2434 1085 2487; x_wconf 76' lang='grc' dir='ltr'>ἑτῶν</span> <span class='ocrx_word' id='word_1_254' title='bbox 1116 2434 1274 2486; x_wconf 73' lang='grc' dir='ltr'>ἑννέα</span> <span class='ocrx_word' id='word_1_255' title='bbox 1309 2432 1752 2502; x_wconf 74' lang='grc' dir='ltr'>ἐπετιμήθησαν.</span> 
     </span>
    </p>
   </div>
   <div class='ocr_carea' id='block_1_42' title="bbox 389 2611 1892 2683">
    <p class='ocr_par' dir='ltr' id='par_1_42' title="bbox 389 2611 1892 2683">
     <span class='ocr_line' id='line_1_42' title="bbox 389 2611 1892 2683; baseline -0.003 -15"><span class='ocrx_word' id='word_1_256' title='bbox 389 2612 451 2668; x_wconf 79' lang='grc' dir='ltr'><strong>Ὀ</strong></span> <span class='ocrx_word' id='word_1_257' title='bbox 490 2613 547 2666; x_wconf 84' lang='grc' dir='ltr'>δὲ</span> <span class='ocrx_word' id='word_1_258' title='bbox 573 2612 617 2677; x_wconf 80' lang='grc' dir='ltr'><strong>ζ’</strong></span> <span class='ocrx_word' id='word_1_259' title='bbox 659 2614 759 2683; x_wconf 78' lang='grc' dir='ltr'>τῆς</span> <span class='ocrx_word' id='word_1_260' title='bbox 784 2616 842 2667; x_wconf 82' lang='grc' dir='ltr'>ὲν</span> <span class='ocrx_word' id='word_1_261' title='bbox 876 2613 1125 2683; x_wconf 80' lang='grc' dir='ltr'>Ἀγκύρᾳ</span> <span class='ocrx_word' id='word_1_262' title='bbox 1166 2615 1294 2675; x_wconf 80' lang='grc' dir='ltr'>τοὺς</span> <span class='ocrx_word' id='word_1_263' title='bbox 1348 2615 1409 2665; x_wconf 82' lang='grc' dir='ltr'>ὲν</span> <span class='ocrx_word' id='word_1_264' title='bbox 1455 2611 1714 2682; x_wconf 76' lang='grc' dir='ltr'>εἰδωλείῳ</span> <span class='ocrx_word' id='word_1_265' title='bbox 1746 2615 1892 2664; x_wconf 82' lang='grc' dir='ltr'>ὲονι-</span> 
     </span>
    </p>
   </div>
   <div class='ocr_carea' id='block_1_43' title="bbox 306 2701 1895 2774">
    <p class='ocr_par' dir='ltr' id='par_1_43' title="bbox 306 2701 1895 2774">
     <span class='ocr_line' id='line_1_43' title="bbox 306 2701 1895 2774; baseline -0.001 -16"><span class='ocrx_word' id='word_1_266' title='bbox 306 2708 429 2766; x_wconf 78' lang='grc' dir='ltr'>κοῖς</span> <span class='ocrx_word' id='word_1_267' title='bbox 462 2705 940 2768; x_wconf 83' lang='grc' dir='ltr'>συνεστιαθέντας,</span> <span class='ocrx_word' id='word_1_268' title='bbox 977 2705 1026 2756; x_wconf 88' lang='grc' dir='ltr'><strong>εί</strong></span> <span class='ocrx_word' id='word_1_269' title='bbox 1062 2705 1157 2757; x_wconf 85' lang='grc' dir='ltr'>καὶ</span> <span class='ocrx_word' id='word_1_270' title='bbox 1183 2704 1289 2757; x_wconf 82' lang='grc' dir='ltr'>ἴδια</span> <span class='ocrx_word' id='word_1_271' title='bbox 1331 2701 1600 2774; x_wconf 82' lang='grc' dir='ltr'>βρώματα</span> <span class='ocrx_word' id='word_1_272' title='bbox 1634 2704 1895 2771; x_wconf 78' lang='grc' dir='ltr'>ἐπικομι-</span> 
     </span>
    </p>
   </div>
   <div class='ocr_carea' id='block_1_44' title="bbox 310 2795 1898 2868">
    <p class='ocr_par' dir='ltr' id='par_1_44' title="bbox 310 2795 1898 2868">
     <span class='ocr_line' id='line_1_44' title="bbox 310 2795 1898 2868; baseline -0.001 -18"><span class='ocrx_word' id='word_1_273' title='bbox 310 2800 531 2866; x_wconf 78' lang='grc' dir='ltr'>ζόμενοι</span> <span class='ocrx_word' id='word_1_274' title='bbox 574 2795 915 2866; x_wconf 75' lang='grc' dir='ltr'>βεϐρώκασι,</span> <span class='ocrx_word' id='word_1_275' title='bbox 952 2798 1104 2868; x_wconf 73' lang='grc' dir='ltr'>παρὰ</span> <span class='ocrx_word' id='word_1_276' title='bbox 1135 2796 1191 2849; x_wconf 78' lang='grc' dir='ltr'>δέ</span> <span class='ocrx_word' id='word_1_277' title='bbox 1234 2812 1299 2864; x_wconf 84' lang='grc' dir='ltr'><strong>γε</strong></span> <span class='ocrx_word' id='word_1_278' title='bbox 1330 2797 1394 2849; x_wconf 85' lang='grc' dir='ltr'>τὸ</span> <span class='ocrx_word' id='word_1_279' title='bbox 1438 2797 1590 2863; x_wconf 77' lang='grc' dir='ltr'>δόξαι</span> <span class='ocrx_word' id='word_1_280' title='bbox 1622 2800 1735 2858; x_wconf 82' lang='grc' dir='ltr'><strong>τοίς</strong></span> <span class='ocrx_word' id='word_1_281' title='bbox 1770 2797 1898 2849; x_wconf 71' lang='grc' dir='ltr'>ἁτιί-</span> 
     </span>
    </p>
   </div>
   <div class='ocr_carea' id='block_1_45' title="bbox 313 2888 1897 2958">
    <p class='ocr_par' dir='ltr' id='par_1_45' title="bbox 313 2888 1897 2958">
     <span class='ocr_line' id='line_1_45' title="bbox 313 2888 1897 2958; baseline 0 -18"><span class='ocrx_word' id='word_1_282' title='bbox 313 2904 460 2950; x_wconf 82' lang='grc' dir='ltr'>στοις</span> <span class='ocrx_word' id='word_1_283' title='bbox 523 2889 939 2958; x_wconf 76' lang='grc' dir='ltr'>συνεορτάζειν,</span> <span class='ocrx_word' id='word_1_284' title='bbox 1004 2890 1145 2957; x_wconf 83' lang='grc' dir='ltr'>μετᾶ</span> <span class='ocrx_word' id='word_1_285' title='bbox 1196 2888 1404 2942; x_wconf 79' lang='grc' dir='ltr'>διετίαν</span> <span class='ocrx_word' id='word_1_286' title='bbox 1460 2890 1543 2953; x_wconf 81' lang='grc' dir='ltr'><strong>εἰς</strong></span> <span class='ocrx_word' id='word_1_287' title='bbox 1605 2888 1897 2944; x_wconf 82' lang='grc' dir='ltr'>κοινωνίαν</span> 
     </span>
    </p>
   </div>
   <div class='ocr_carea' id='block_1_46' title="bbox 313 2981 1898 3051">
    <p class='ocr_par' dir='ltr' id='par_1_46' title="bbox 313 2981 1898 3051">
     <span class='ocr_line' id='line_1_46' title="bbox 313 2981 1898 3051; baseline 0.001 -18"><span class='ocrx_word' id='word_1_288' title='bbox 313 2981 526 3033; x_wconf 82' lang='grc' dir='ltr'>κελεύει</span> <span class='ocrx_word' id='word_1_289' title='bbox 553 2981 832 3050; x_wconf 73' lang='grc' dir='ltr'>δέχεσθαι.</span> <span class='ocrx_word' id='word_1_290' title='bbox 870 2982 1059 3044; x_wconf 72' lang='grc' dir='ltr'>”0οεν,</span> <span class='ocrx_word' id='word_1_291' title='bbox 1098 2983 1231 3051; x_wconf 82' lang='grc' dir='ltr'>φασί</span> <span class='ocrx_word' id='word_1_292' title='bbox 1264 2999 1432 3045; x_wconf 83' lang='grc' dir='ltr'>τινες,</span> <span class='ocrx_word' id='word_1_293' title='bbox 1470 2984 1562 3035; x_wconf 84' lang='grc' dir='ltr'>καὶ</span> <span class='ocrx_word' id='word_1_294' title='bbox 1608 2984 1737 3046; x_wconf 76' lang='grc' dir='ltr'>τοὺς</span> <span class='ocrx_word' id='word_1_295' title='bbox 1765 2981 1898 3051; x_wconf 77' lang='grc' dir='ltr'>πρέο</span> 
     </span>
    </p>
   </div>
   <div class='ocr_carea' id='block_1_47' title="bbox 1991 1877 3434 1949">
    <p class='ocr_par' dir='ltr' id='par_1_47' title="bbox 1991 1877 3434 1949">
     <span class='ocr_line' id='line_1_47' title="bbox 1991 1877 3434 1949; baseline 0.003 -18"><span class='ocrx_word' id='word_1_296' title='bbox 1991 1882 2259 1946; x_wconf 83' lang='lat' dir='ltr'><strong>lacrymas</strong></span> <span class='ocrx_word' id='word_1_297' title='bbox 2290 1877 2546 1941; x_wconf 80' lang='lat' dir='ltr'><strong>fundunt,</strong></span> <span class='ocrx_word' id='word_1_298' title='bbox 2581 1891 2633 1932; x_wconf 91' lang='lat' dir='ltr'><strong>et</strong></span> <span class='ocrx_word' id='word_1_299' title='bbox 2666 1879 2880 1949; x_wconf 78' lang='lat' dir='ltr'><strong>lugubri</strong></span> <span class='ocrx_word' id='word_1_300' title='bbox 2921 1890 3071 1934; x_wconf 82' lang='lat' dir='ltr'><strong>veste</strong></span> <span class='ocrx_word' id='word_1_301' title='bbox 3107 1880 3434 1935; x_wconf 87' lang='lat' dir='ltr'><strong>induuntur.</strong></span> 
     </span>
    </p>
   </div>
   <div class='ocr_carea' id='block_1_48' title="bbox 2062 1967 3580 2041">
    <p class='ocr_par' dir='ltr' id='par_1_48' title="bbox 2062 1967 3580 2041">
     <span class='ocr_line' id='line_1_48' title="bbox 2062 1967 3580 2041; baseline 0.003 -21"><span class='ocrx_word' id='word_1_302' title='bbox 2062 1967 2235 2022; x_wconf 85' lang='lat' dir='ltr'><strong>Porro</strong></span> <span class='ocrx_word' id='word_1_303' title='bbox 2262 1982 2359 2023; x_wconf 78' lang='lat' dir='ltr'><strong>vui</strong></span> <span class='ocrx_word' id='word_1_304' title='bbox 2387 1970 2634 2039; x_wconf 82' lang='lat' dir='ltr'><strong>ejusdem</strong></span> <span class='ocrx_word' id='word_1_305' title='bbox 2663 1986 2783 2041; x_wconf 85' lang='lat' dir='ltr'><strong>syn.</strong></span> <span class='ocrx_word' id='word_1_306' title='bbox 2808 1987 2982 2026; x_wconf 87' lang='lat' dir='ltr'><strong>canon</strong></span> <span class='ocrx_word' id='word_1_307' title='bbox 3009 1986 3105 2026; x_wconf 89' lang='lat' dir='ltr'><strong>eos</strong></span> <span class='ocrx_word' id='word_1_308' title='bbox 3151 1971 3243 2041; x_wconf 89' lang='lat' dir='ltr'><strong>qui</strong></span> <span class='ocrx_word' id='word_1_309' title='bbox 3276 1972 3361 2026; x_wconf 92' lang='lat' dir='ltr'><strong>bis</strong></span> <span class='ocrx_word' id='word_1_310' title='bbox 3384 1972 3466 2025; x_wconf 88' lang='lat' dir='ltr'><strong>vel</strong></span> <span class='ocrx_word' id='word_1_311' title='bbox 3497 1980 3580 2025; x_wconf 86' lang='lat' dir='ltr'><strong>ter</strong></span> 
     </span>
    </p>
   </div>
   <div class='ocr_carea' id='block_1_49' title="bbox 1993 2061 3577 2140">
    <p class='ocr_par' dir='ltr' id='par_1_49' title="bbox 1993 2061 3577 2140">
     <span class='ocr_line' id='line_1_49' title="bbox 1993 2061 3577 2140; baseline 0.001 -24"><span class='ocrx_word' id='word_1_312' title='bbox 1993 2078 2091 2132; x_wconf 80' lang='lat' dir='ltr'><strong>per</strong></span> <span class='ocrx_word' id='word_1_313' title='bbox 2124 2062 2231 2116; x_wconf 84' lang='lat' dir='ltr'><strong>vim</strong></span> <span class='ocrx_word' id='word_1_314' title='bbox 2259 2061 2661 2129; x_wconf 79' lang='lat' dir='ltr'><strong>sacriﬁcarunt,</strong></span> <span class='ocrx_word' id='word_1_315' title='bbox 2704 2080 2876 2132; x_wconf 88' lang='lat' dir='ltr'><strong>usque</strong></span> <span class='ocrx_word' id='word_1_316' title='bbox 2914 2065 2982 2121; x_wconf 89' lang='lat' dir='ltr'><strong>ad</strong></span> <span class='ocrx_word' id='word_1_317' title='bbox 3008 2064 3326 2140; x_wconf 73' lang='lat' dir='ltr'><strong>septimum</strong></span> <span class='ocrx_word' id='word_1_318' title='bbox 3370 2078 3577 2118; x_wconf 87' lang='lat' dir='ltr'><strong>annum</strong></span> 
     </span>
    </p>
   </div>
   <div class='ocr_carea' id='block_1_50' title="bbox 1994 2156 2763 2211">
    <p class='ocr_par' dir='ltr' id='par_1_50' title="bbox 1994 2156 2763 2211">
     <span class='ocr_line' id='line_1_50' title="bbox 1994 2156 2763 2211; baseline -0.001 0"><span class='ocrx_word' id='word_1_319' title='bbox 1994 2157 2383 2211; x_wconf 83' lang='lat' dir='ltr'><strong>communione</strong></span> <span class='ocrx_word' id='word_1_320' title='bbox 2416 2156 2714 2211; x_wconf 78' lang='lat' dir='ltr'><strong>interdicit.</strong></span> <span class='ocrx_word' id='word_1_321' title='bbox 2756 2178 2763 2185; x_wconf 60' lang='grc' dir='ltr'><strong>ι</strong></span> 
     </span>
    </p>
   </div>
   <div class='ocr_carea' id='block_1_51' title="bbox 2066 2234 3583 2320">
    <p class='ocr_par' dir='ltr' id='par_1_51' title="bbox 2066 2234 3583 2320">
     <span class='ocr_line' id='line_1_51' title="bbox 2066 2234 3583 2320; baseline 0 -18"><span class='ocrx_word' id='word_1_322' title='bbox 2066 2249 2289 2318; x_wconf 70' lang='lat' dir='ltr'><strong>Magnus</strong></span> <span class='ocrx_word' id='word_1_323' title='bbox 2319 2250 2501 2303; x_wconf 87' lang='lat' dir='ltr'><strong>autem</strong></span> <span class='ocrx_word' id='word_1_324' title='bbox 2549 2248 2843 2318; x_wconf 76' lang='lat' dir='ltr'><strong>Gregorius</strong></span> <span class='ocrx_word' id='word_1_325' title='bbox 2877 2248 3152 2320; x_wconf 78' lang='lat' dir='ltr'><strong>Nyssenus</strong></span> <span class='ocrx_word' id='word_1_326' title='bbox 3175 2234 3459 2318; x_wconf 44' lang='lat' dir='ltr'><strong>&#39;in&#39;primo</strong></span> <span class='ocrx_word' id='word_1_327' title='bbox 3485 2263 3583 2303; x_wconf 67' lang='lat' dir='ltr'><strong>ca-</strong></span> 
     </span>
    </p>
   </div>
   <div class='ocr_carea' id='block_1_52' title="bbox 1995 2339 3584 2409">
    <p class='ocr_par' dir='ltr' id='par_1_52' title="bbox 1995 2339 3584 2409">
     <span class='ocr_line' id='line_1_52' title="bbox 1995 2339 3584 2409; baseline 0.001 -16"><span class='ocrx_word' id='word_1_328' title='bbox 1995 2355 2161 2401; x_wconf 89' lang='lat' dir='ltr'><strong>none,</strong></span> <span class='ocrx_word' id='word_1_329' title='bbox 2198 2339 2300 2405; x_wconf 83' lang='lat' dir='ltr'><strong>Qui</strong></span> <span class='ocrx_word' id='word_1_330' title='bbox 2344 2339 2621 2409; x_wconf 72' lang='lat' dir='ltr'><strong>gravibus,</strong></span> <span class='ocrx_word' id='word_1_331' title='bbox 2682 2340 2882 2408; x_wconf 82' lang='lat' dir='ltr'><strong>inquit,</strong></span> <span class='ocrx_word' id='word_1_332' title='bbox 2939 2339 3229 2395; x_wconf 88' lang='lat' dir='ltr'><strong>tormentis</strong></span> <span class='ocrx_word' id='word_1_333' title='bbox 3277 2341 3584 2395; x_wconf 80' lang='lat' dir='ltr'><strong>excruciati</strong></span> 
     </span>
    </p>
   </div>
   <div class='ocr_carea' id='block_1_53' title="bbox 1997 2434 3580 2502">
    <p class='ocr_par' dir='ltr' id='par_1_53' title="bbox 1997 2434 3580 2502">
     <span class='ocr_line' id='line_1_53' title="bbox 1997 2434 3580 2502; baseline 0 -16"><span class='ocrx_word' id='word_1_334' title='bbox 1997 2434 2399 2496; x_wconf 78' lang='lat' dir='ltr'><strong>sacni‘icarunt,</strong></span> <span class='ocrx_word' id='word_1_335' title='bbox 2433 2434 2739 2501; x_wconf 77' lang='lat' dir='ltr'><strong>praestituto</strong></span> <span class='ocrx_word' id='word_1_336' title='bbox 2775 2445 3021 2502; x_wconf 81' lang='lat' dir='ltr'><strong>tempore</strong></span> <span class='ocrx_word' id='word_1_337' title='bbox 3052 2448 3250 2488; x_wconf 81' lang='lat' dir='ltr'><strong>novem</strong></span> <span class='ocrx_word' id='word_1_338' title='bbox 3305 2448 3580 2487; x_wconf 67' lang='lat' dir='ltr'><strong>annoi&#39;um</strong></span> 
     </span>
    </p>
   </div>
   <div class='ocr_carea' id='block_1_54' title="bbox 1999 2516 3415 2596">
    <p class='ocr_par' dir='ltr' id='par_1_54' title="bbox 1999 2516 3415 2596">
     <span class='ocr_line' id='line_1_54' title="bbox 1999 2516 3415 2596; baseline 0.001 -18"><span class='ocrx_word' id='word_1_339' title='bbox 1999 2525 2173 2596; x_wconf 87' lang='lat' dir='ltr'><strong>puniti</strong></span> <span class='ocrx_word' id='word_1_340' title='bbox 2214 2534 2367 2580; x_wconf 65' lang='lat' dir='ltr'><strong>sunt».</strong></span> <span class='ocrx_word' id='word_1_341' title='bbox 2864 2539 2869 2548; x_wconf 89' lang='lat'><strong><em>&#39;</em></strong></span> <span class='ocrx_word' id='word_1_342' title='bbox 2939 2532 2967 2561; x_wconf 85' lang='grc'><strong>-’</strong></span> <span class='ocrx_word' id='word_1_343' title='bbox 3234 2516 3235 2519; x_wconf 30' lang='grc'><em>“</em></span> <span class='ocrx_word' id='word_1_344' title='bbox 3407 2534 3415 2540; x_wconf 87' lang='grc'><em>’</em></span> 
     </span>
    </p>
   </div>
   <div class='ocr_carea' id='block_1_55' title="bbox 2073 2616 3585 2688">
    <p class='ocr_par' dir='ltr' id='par_1_55' title="bbox 2073 2616 3585 2688">
     <span class='ocr_line' id='line_1_55' title="bbox 2073 2616 3585 2688; baseline -0.002 -17"><span class='ocrx_word' id='word_1_345' title='bbox 2073 2618 2352 2686; x_wconf 76' lang='lat' dir='ltr'><strong>Septimus</strong></span> <span class='ocrx_word' id='word_1_346' title='bbox 2386 2633 2515 2672; x_wconf 78' lang='lat' dir='ltr'><strong>vero</strong></span> <span class='ocrx_word' id='word_1_347' title='bbox 2536 2619 2836 2688; x_wconf 76' lang='lat' dir='ltr'><strong>Ancyranae</strong></span> <span class='ocrx_word' id='word_1_348' title='bbox 2882 2632 3061 2671; x_wconf 79' lang='lat' dir='ltr'><strong>cnnon</strong></span> <span class='ocrx_word' id='word_1_349' title='bbox 3100 2632 3196 2670; x_wconf 86' lang='lat' dir='ltr'><strong>eos</strong></span> <span class='ocrx_word' id='word_1_350' title='bbox 3234 2617 3323 2686; x_wconf 86' lang='lat' dir='ltr'><strong>qui</strong></span> <span class='ocrx_word' id='word_1_351' title='bbox 3367 2616 3419 2670; x_wconf 92' lang='lat' dir='ltr'><strong>in</strong></span> <span class='ocrx_word' id='word_1_352' title='bbox 3453 2616 3585 2672; x_wconf 83' lang='lat' dir='ltr'><strong>idoli</strong></span> 
     </span>
    </p>
   </div>
   <div class='ocr_carea' id='block_1_56' title="bbox 2002 2710 3586 2782">
    <p class='ocr_par' dir='ltr' id='par_1_56' title="bbox 2002 2710 3586 2782">
     <span class='ocr_line' id='line_1_56' title="bbox 2002 2710 3586 2782; baseline -0.003 -17"><span class='ocrx_word' id='word_1_353' title='bbox 2002 2713 2207 2780; x_wconf 88' lang='lat' dir='ltr'><strong>templo</strong></span> <span class='ocrx_word' id='word_1_354' title='bbox 2238 2727 2361 2766; x_wconf 89' lang='lat' dir='ltr'><strong>cum</strong></span> <span class='ocrx_word' id='word_1_355' title='bbox 2390 2711 2614 2782; x_wconf 78' lang='lat' dir='ltr'><strong>paganis</strong></span> <span class='ocrx_word' id='word_1_356' title='bbox 2639 2711 2912 2766; x_wconf 80' lang='lat' dir='ltr'><strong>convivali</strong></span> <span class='ocrx_word' id='word_1_357' title='bbox 2966 2720 3125 2775; x_wconf 91' lang='lat' dir='ltr'><strong>sunt,</strong></span> <span class='ocrx_word' id='word_1_358' title='bbox 3163 2710 3286 2763; x_wconf 88' lang='lat' dir='ltr'><strong>licet</strong></span> <span class='ocrx_word' id='word_1_359' title='bbox 3334 2712 3586 2778; x_wconf 81' lang='lat' dir='ltr'><strong>proprios</strong></span> 
     </span>
    </p>
   </div>
   <div class='ocr_carea' id='block_1_57' title="bbox 2000 2801 3586 2873">
    <p class='ocr_par' dir='ltr' id='par_1_57' title="bbox 2000 2801 3586 2873">
     <span class='ocr_line' id='line_1_57' title="bbox 2000 2801 3586 2873; baseline -0.004 -15"><span class='ocrx_word' id='word_1_360' title='bbox 2000 2806 2153 2866; x_wconf 82' lang='lat' dir='ltr'><strong>cibos</strong></span> <span class='ocrx_word' id='word_1_361' title='bbox 2205 2803 2440 2858; x_wconf 77' lang='lat' dir='ltr'><strong>afferant</strong></span> <span class='ocrx_word' id='word_1_362' title='bbox 2494 2804 2915 2873; x_wconf 73' lang='lat' dir='ltr'><strong>comedantque,</strong></span> <span class='ocrx_word' id='word_1_363' title='bbox 2964 2817 3029 2855; x_wconf 83' lang='lat' dir='ltr'><strong>ex</strong></span> <span class='ocrx_word' id='word_1_364' title='bbox 3077 2817 3144 2856; x_wconf 92' lang='lat' dir='ltr'><strong>eo</strong></span> <span class='ocrx_word' id='word_1_365' title='bbox 3207 2808 3389 2854; x_wconf 80' lang='lat' dir='ltr'><strong>tamen</strong></span> <span class='ocrx_word' id='word_1_366' title='bbox 3437 2801 3586 2868; x_wconf 68' lang='lat' dir='ltr'><strong>(niod</strong></span> 
     </span>
    </p>
   </div>
   <div class='ocr_carea' id='block_1_58' title="bbox 2000 2894 3584 2956">
    <p class='ocr_par' dir='ltr' id='par_1_58' title="bbox 2000 2894 3584 2956">
     <span class='ocr_line' id='line_1_58' title="bbox 2000 2894 3584 2956; baseline -0.004 -6"><span class='ocrx_word' id='word_1_367' title='bbox 2000 2914 2125 2951; x_wconf 91' lang='lat' dir='ltr'><strong>cum</strong></span> <span class='ocrx_word' id='word_1_368' title='bbox 2156 2896 2470 2951; x_wconf 83' lang='lat' dir='ltr'><strong>inﬁdelibus</strong></span> <span class='ocrx_word' id='word_1_369' title='bbox 2510 2896 2709 2951; x_wconf 73' lang='lat' dir='ltr'><strong>festum</strong></span> <span class='ocrx_word' id='word_1_370' title='bbox 2744 2897 3024 2950; x_wconf 80' lang='lat' dir='ltr'><strong>&#39;cctebr&#39;are</strong></span> <span class='ocrx_word' id='word_1_371' title='bbox 3082 2894 3180 2949; x_wconf 79' lang='lat' dir='ltr'><strong>visi</strong></span> <span class='ocrx_word' id='word_1_372' title='bbox 3241 2902 3416 2956; x_wconf 86' lang='lat' dir='ltr'><strong>sunt,</strong></span> <span class='ocrx_word' id='word_1_373' title='bbox 3474 2909 3584 2944; x_wconf 84' lang='lat' dir='ltr'><strong>non</strong></span> 
     </span>
    </p>
   </div>
   <div class='ocr_carea' id='block_1_59' title="bbox 2000 2985 3586 3059">
    <p class='ocr_par' dir='ltr' id='par_1_59' title="bbox 2000 2985 3586 3059">
     <span class='ocr_line' id='line_1_59' title="bbox 2000 2985 3586 3059; baseline -0.005 -15"><span class='ocrx_word' id='word_1_374' title='bbox 2000 2989 2105 3044; x_wconf 90' lang='lat' dir='ltr'><strong>nisi</strong></span> <span class='ocrx_word' id='word_1_375' title='bbox 2137 3001 2262 3059; x_wconf 91' lang='lat' dir='ltr'><strong>post</strong></span> <span class='ocrx_word' id='word_1_376' title='bbox 2287 2990 2570 3044; x_wconf 88' lang='lat' dir='ltr'><strong>biennium</strong></span> <span class='ocrx_word' id='word_1_377' title='bbox 2601 2991 2669 3042; x_wconf 87' lang='lat' dir='ltr'><strong>ad</strong></span> <span class='ocrx_word' id='word_1_378' title='bbox 2700 2990 3146 3042; x_wconf 82' lang='lat' dir='ltr'><strong>communionem</strong></span> <span class='ocrx_word' id='word_1_379' title='bbox 3176 2985 3467 3041; x_wconf 86' lang='lat' dir='ltr'><strong>admittere</strong></span> <span class='ocrx_word' id='word_1_380' title='bbox 3494 2986 3586 3052; x_wconf 86' lang='lat' dir='ltr'><strong>jn-</strong></span> 
     </span>
    </p>
   </div>
   <div class='ocr_carea' id='block_1_60' title="bbox 312 3072 1900 3151">
    <p class='ocr_par' dir='ltr' id='par_1_60' title="bbox 312 3072 1896 3146">
     <span class='ocr_line' id='line_1_60' title="bbox 312 3072 1896 3146; baseline 0.002 -22"><span class='ocrx_word' id='word_1_381' title='bbox 312 3075 468 3135; x_wconf 73' lang='grc' dir='ltr'>σὸεις</span> <span class='ocrx_word' id='word_1_382' title='bbox 497 3073 528 3143; x_wconf 80' lang='grc' dir='ltr'>ἢ</span> <span class='ocrx_word' id='word_1_383' title='bbox 555 3072 966 3141; x_wconf 82' lang='grc' dir='ltr'>αἰχμαλώτους,</span> <span class='ocrx_word' id='word_1_384' title='bbox 1010 3074 1249 3136; x_wconf 78' lang='grc' dir='ltr'>ὲθνικοίς</span> <span class='ocrx_word' id='word_1_385' title='bbox 1273 3073 1754 3137; x_wconf 83' lang='grc' dir='ltr'>συνεστιαθέντας,</span> <span class='ocrx_word' id='word_1_386' title='bbox 1789 3075 1896 3146; x_wconf 85' lang='grc' dir='ltr'>χρὴ</span> 
     </span>
    </p>
   </div>
   <div class='ocr_carea' id='block_1_61' title="bbox 2012 3072 3586 3151">
    <p class='ocr_par' dir='ltr' id='par_1_61' title="bbox 2012 3077 3586 3151">
     <span class='ocr_line' id='line_1_61' title="bbox 2012 3077 3586 3151; baseline -0.007 -12"><span class='ocrx_word' id='word_1_387' title='bbox 2012 3085 2113 3139; x_wconf 80' lang='lat' dir='ltr'><strong>bcl.</strong></span> <span class='ocrx_word' id='word_1_388' title='bbox 2139 3083 2295 3139; x_wconf 87' lang='lat' dir='ltr'><strong>Unde</strong></span> <span class='ocrx_word' id='word_1_389' title='bbox 2336 3085 2529 3138; x_wconf 88' lang='lat' dir='ltr'><strong>dicunt</strong></span> <span class='ocrx_word' id='word_1_390' title='bbox 2563 3083 2834 3146; x_wconf 82' lang='lat' dir='ltr'><strong>nonnulli,</strong></span> <span class='ocrx_word' id='word_1_391' title='bbox 2869 3082 3016 3151; x_wconf 88' lang='lat' dir='ltr'><strong>quod</strong></span> <span class='ocrx_word' id='word_1_392' title='bbox 3051 3080 3208 3151; x_wconf 80' lang='lat' dir='ltr'><strong>legati</strong></span> <span class='ocrx_word' id='word_1_393' title='bbox 3271 3078 3355 3132; x_wconf 81' lang='lat' dir='ltr'><strong>vel</strong></span> <span class='ocrx_word' id='word_1_394' title='bbox 3385 3077 3586 3147; x_wconf 73' lang='lat' dir='ltr'><strong>captivi</strong></span> 
     </span>
    </p>
   </div>
   <div class='ocr_carea' id='block_1_62' title="bbox 315 3167 1898 3237">
    <p class='ocr_par' dir='ltr' id='par_1_62' title="bbox 315 3167 1898 3237">
     <span class='ocr_line' id='line_1_62' title="bbox 315 3167 1898 3237; baseline 0 -17"><span class='ocrx_word' id='word_1_395' title='bbox 315 3167 557 3237; x_wconf 77' lang='grc' dir='ltr'>μετρίως</span> <span class='ocrx_word' id='word_1_396' title='bbox 587 3167 853 3236; x_wconf 81' lang='grc' dir='ltr'>ἐπιτιμᾷν</span> <span class='ocrx_word' id='word_1_397' title='bbox 874 3182 886 3195; x_wconf 91' lang='grc'><strong>·</strong></span> <span class='ocrx_word' id='word_1_398' title='bbox 921 3167 1047 3228; x_wconf 77' lang='grc' dir='ltr'>τοὺς</span> <span class='ocrx_word' id='word_1_399' title='bbox 1076 3167 1132 3218; x_wconf 84' lang='grc' dir='ltr'>δὲ</span> <span class='ocrx_word' id='word_1_400' title='bbox 1166 3169 1575 3237; x_wconf 75' lang='grc' dir='ltr'>καταφρονήσει</span> <span class='ocrx_word' id='word_1_401' title='bbox 1606 3168 1703 3221; x_wconf 78' lang='grc' dir='ltr'>καὶ</span> <span class='ocrx_word' id='word_1_402' title='bbox 1740 3168 1898 3220; x_wconf 81' lang='grc' dir='ltr'>ἀδια-</span> 
     </span>
    </p>
   </div>
   <div class='ocr_carea' id='block_1_63' title="bbox 314 3257 1411 3327">
    <p class='ocr_par' dir='ltr' id='par_1_63' title="bbox 314 3257 1411 3327">
     <span class='ocr_line' id='line_1_63' title="bbox 314 3257 1411 3327; baseline 0.003 -18"><span class='ocrx_word' id='word_1_403' title='bbox 314 3260 482 3327; x_wconf 66' lang='grc' dir='ltr'>φορία</span> <span class='ocrx_word' id='word_1_404' title='bbox 514 3257 674 3310; x_wconf 80' lang='grc' dir='ltr'>τοῦτο</span> <span class='ocrx_word' id='word_1_405' title='bbox 703 3257 995 3318; x_wconf 71' lang='grc' dir='ltr'>ποιοῦντας</span> <span class='ocrx_word' id='word_1_406' title='bbox 1030 3257 1411 3327; x_wconf 82' lang='grc' dir='ltr'>σφοδρότερον.</span> 
     </span>
    </p>
   </div>
   <div class='ocr_carea' id='block_1_64' title="bbox 394 3438 1899 3509">
    <p class='ocr_par' dir='ltr' id='par_1_64' title="bbox 394 3438 1899 3509">
     <span class='ocr_line' id='line_1_64' title="bbox 394 3438 1899 3509; baseline 0.001 -17"><span class='ocrx_word' id='word_1_407' title='bbox 394 3440 458 3492; x_wconf 81' lang='lat'><strong>&#39;0</strong></span> <span class='ocrx_word' id='word_1_408' title='bbox 485 3440 543 3492; x_wconf 75' lang='grc' dir='ltr'>δὲ</span> <span class='ocrx_word' id='word_1_409' title='bbox 577 3439 752 3507; x_wconf 80' lang='grc' dir='ltr'>μέγας</span> <span class='ocrx_word' id='word_1_410' title='bbox 793 3438 1077 3501; x_wconf 78' lang='grc' dir='ltr'>Βασίλειος</span> <span class='ocrx_word' id='word_1_411' title='bbox 1108 3441 1167 3491; x_wconf 69' lang='grc' dir='ltr'>ἐν</span> <span class='ocrx_word' id='word_1_412' title='bbox 1212 3444 1304 3492; x_wconf 66' lang='lat' dir='ltr'><strong>ita!</strong></span> <span class='ocrx_word' id='word_1_413' title='bbox 1330 3441 1457 3501; x_wconf 72' lang='grc' dir='ltr'>τοὺς</span> <span class='ocrx_word' id='word_1_414' title='bbox 1497 3440 1637 3507; x_wconf 87' lang='grc' dir='ltr'><strong>μετά</strong></span> <span class='ocrx_word' id='word_1_415' title='bbox 1702 3444 1899 3509; x_wconf 74' lang='grc' dir='ltr'>πεῖραν</span> 
     </span>
    </p>
   </div>
   <div class='ocr_carea' id='block_1_65' title="bbox 315 3531 1897 3604">
    <p class='ocr_par' dir='ltr' id='par_1_65' title="bbox 315 3531 1897 3604">
     <span class='ocr_line' id='line_1_65' title="bbox 315 3531 1897 3604; baseline -0.001 -17"><span class='ocrx_word' id='word_1_416' title='bbox 315 3535 572 3604; x_wconf 76' lang='grc' dir='ltr'>βασάνων</span> <span class='ocrx_word' id='word_1_417' title='bbox 627 3531 1019 3601; x_wconf 79' lang='grc' dir='ltr'>περιγενέσθαι</span> <span class='ocrx_word' id='word_1_418' title='bbox 1052 3532 1165 3589; x_wconf 82' lang='grc' dir='ltr'><strong>τῶν</strong></span> <span class='ocrx_word' id='word_1_419' title='bbox 1214 3534 1396 3585; x_wconf 85' lang='grc' dir='ltr'>πόνων</span> <span class='ocrx_word' id='word_1_420' title='bbox 1448 3534 1523 3602; x_wconf 83' lang='grc' dir='ltr'>μὴ</span> <span class='ocrx_word' id='word_1_421' title='bbox 1560 3532 1897 3600; x_wconf 78' lang='grc' dir='ltr'>ἐξαρκέσαν-</span> 
     </span>
    </p>
   </div>
   <div class='ocr_carea' id='block_1_66' title="bbox 313 3613 1901 3697">
    <p class='ocr_par' dir='ltr' id='par_1_66' title="bbox 313 3613 1901 3697">
     <span class='ocr_line' id='line_1_66' title="bbox 313 3613 1901 3697; baseline 0 -18"><span class='ocrx_word' id='word_1_422' title='bbox 313 3646 437 3690; x_wconf 73' lang='grc' dir='ltr'>τας,</span> <span class='ocrx_word' id='word_1_423' title='bbox 496 3629 592 3678; x_wconf 79' lang='grc' dir='ltr'><strong>καὶ</strong></span> <span class='ocrx_word' id='word_1_424' title='bbox 642 3624 1016 3679; x_wconf 74' lang='grc' dir='ltr'>εἰδωλοθύτων</span> <span class='ocrx_word' id='word_1_425' title='bbox 1071 3613 1497 3694; x_wconf 67' lang='grc' dir='ltr'>γευσαμένουςξ</span> <span class='ocrx_word' id='word_1_426' title='bbox 1545 3627 1641 3681; x_wconf 80' lang='grc' dir='ltr'>καὶ</span> <span class='ocrx_word' id='word_1_427' title='bbox 1698 3628 1901 3697; x_wconf 82' lang='grc' dir='ltr'>ὅρκους</span> 
     </span>
    </p>
   </div>
   <div class='ocr_carea' id='block_1_67' title="bbox 314 3718 1902 3795">
    <p class='ocr_par' dir='ltr' id='par_1_67' title="bbox 314 3718 1902 3795">
     <span class='ocr_line' id='line_1_67' title="bbox 314 3718 1902 3795; baseline 0.001 -22"><span class='ocrx_word' id='word_1_428' title='bbox 314 3721 681 3791; x_wconf 73' lang='grc' dir='ltr'>ὀμωμοκότας</span> <span class='ocrx_word' id='word_1_429' title='bbox 717 3719 1094 3788; x_wconf 80' lang='grc' dir='ltr'>Ἑλληνικοὺς,</span> <span class='ocrx_word' id='word_1_430' title='bbox 1129 3718 1271 3789; x_wconf 81' lang='grc' dir='ltr'><strong>μετά</strong></span> <span class='ocrx_word' id='word_1_431' title='bbox 1301 3720 1533 3791; x_wconf 86' lang='grc' dir='ltr'>χρόνους</span> <span class='ocrx_word' id='word_1_432' title='bbox 1583 3720 1645 3788; x_wconf 75' lang='grc' dir='ltr'>ἒξ</span> <span class='ocrx_word' id='word_1_433' title='bbox 1677 3725 1741 3793; x_wconf 84' lang='grc' dir='ltr'><strong>τῇ</strong></span> <span class='ocrx_word' id='word_1_434' title='bbox 1776 3723 1902 3795; x_wconf 79' lang='grc' dir='ltr'>ίερᾷ</span> 
     </span>
    </p>
   </div>
   <div class='ocr_carea' id='block_1_68' title="bbox 316 3811 1903 3887">
    <p class='ocr_par' dir='ltr' id='par_1_68' title="bbox 316 3811 1903 3887">
     <span class='ocr_line' id='line_1_68' title="bbox 316 3811 1903 3887; baseline 0.004 -24"><span class='ocrx_word' id='word_1_435' title='bbox 316 3812 605 3881; x_wconf 80' lang='grc' dir='ltr'>προσιέναι</span> <span class='ocrx_word' id='word_1_436' title='bbox 660 3811 801 3875; x_wconf 79' lang='grc' dir='ltr'>ἀξιοῖ</span> <span class='ocrx_word' id='word_1_437' title='bbox 847 3811 1128 3883; x_wconf 77' lang='grc' dir='ltr'>κοινωνίᾳ.</span> <span class='ocrx_word' id='word_1_438' title='bbox 1188 3813 1329 3875; x_wconf 81' lang='grc' dir='ltr'>Τοὺς</span> <span class='ocrx_word' id='word_1_439' title='bbox 1372 3814 1474 3883; x_wconf 84' lang='grc' dir='ltr'>μέν</span> <span class='ocrx_word' id='word_1_440' title='bbox 1521 3831 1606 3869; x_wconf 84' lang='grc' dir='ltr'><strong>τοι</strong></span> <span class='ocrx_word' id='word_1_441' title='bbox 1657 3817 1903 3887; x_wconf 83' lang='grc' dir='ltr'>μεγάλης</span> 
     </span>
    </p>
   </div>
   <div class='ocr_carea' id='block_1_69' title="bbox 311 3904 1901 3979">
    <p class='ocr_par' dir='ltr' id='par_1_69' title="bbox 311 3904 1901 3979">
     <span class='ocr_line' id='line_1_69' title="bbox 311 3904 1901 3979; baseline 0.001 -19"><span class='ocrx_word' id='word_1_442' title='bbox 311 3906 446 3960; x_wconf 77' lang='grc' dir='ltr'>ἄνευ</span> <span class='ocrx_word' id='word_1_443' title='bbox 489 3905 738 3975; x_wconf 77' lang='grc' dir='ltr'>ἀνάγκης</span> <span class='ocrx_word' id='word_1_444' title='bbox 768 3904 869 3973; x_wconf 84' lang='grc' dir='ltr'>τὴν</span> <span class='ocrx_word' id='word_1_445' title='bbox 928 3905 1110 3959; x_wconf 85' lang='grc' dir='ltr'>πίστιν</span> <span class='ocrx_word' id='word_1_446' title='bbox 1145 3908 1587 3976; x_wconf 81' lang='grc' dir='ltr'>προδεδωκότας,</span> <span class='ocrx_word' id='word_1_447' title='bbox 1620 3911 1716 3961; x_wconf 75' lang='grc' dir='ltr'><strong>καὶ</strong></span> <span class='ocrx_word' id='word_1_448' title='bbox 1763 3926 1901 3979; x_wconf 84' lang='grc' dir='ltr'>τρα-</span> 
     </span>
    </p>
   </div>
   <div class='ocr_carea' id='block_1_70' title="bbox 314 3978 1903 4074">
    <p class='ocr_par' dir='ltr' id='par_1_70' title="bbox 314 3978 1903 4074">
     <span class='ocr_line' id='line_1_70' title="bbox 314 3978 1903 4074; baseline 0.004 -25"><span class='ocrx_word' id='word_1_449' title='bbox 314 3997 494 4066; x_wconf 78' lang='grc' dir='ltr'>πέζης</span> <span class='ocrx_word' id='word_1_450' title='bbox 532 3997 832 4067; x_wconf 81' lang='grc' dir='ltr'>δαιμονίων</span> <span class='ocrx_word' id='word_1_451' title='bbox 864 4000 1171 4070; x_wconf 81' lang='grc' dir='ltr'>ἡμμένους,</span> <span class='ocrx_word' id='word_1_452' title='bbox 1214 4003 1295 4065; x_wconf 85' lang='grc' dir='ltr'><strong>είς</strong></span> <span class='ocrx_word' id='word_1_453' title='bbox 1338 4002 1456 4064; x_wconf 78' lang='grc' dir='ltr'>ἔτος</span> <span class='ocrx_word' id='word_1_454' title='bbox 1509 3978 1698 4066; x_wconf 71' lang='grc' dir='ltr'>ὖγδδον</span> <span class='ocrx_word' id='word_1_455' title='bbox 1723 4020 1903 4074; x_wconf 77' lang='grc' dir='ltr'>παρα-</span> 
     </span>
    </p>
   </div>
   <div class='ocr_carea' id='block_1_71' title="bbox 310 4091 505 4142">
    <p class='ocr_par' dir='ltr' id='par_1_71' title="bbox 310 4091 505 4142">
     <span class='ocr_line' id='line_1_71' title="bbox 310 4091 505 4142; baseline -0.005 0"><span class='ocrx_word' id='word_1_456' title='bbox 310 4091 505 4142; x_wconf 74' lang='grc' dir='ltr'>τείνει.</span> 
     </span>
    </p>
   </div>
   <div class='ocr_carea' id='block_1_72' title="bbox 546 4179 1655 4248">
    <p class='ocr_par' dir='ltr' id='par_1_72' title="bbox 546 4179 1655 4248">
     <span class='ocr_line' id='line_1_72' title="bbox 546 4179 1655 4248; baseline 0.004 -15"><span class='ocrx_word' id='word_1_457' title='bbox 546 4182 689 4248; x_wconf 80' lang='grc' dir='ltr'>Περὶ</span> <span class='ocrx_word' id='word_1_458' title='bbox 719 4179 839 4233; x_wconf 81' lang='grc' dir='ltr'>τῶν</span> <span class='ocrx_word' id='word_1_459' title='bbox 873 4179 1313 4247; x_wconf 71' lang='grc' dir='ltr'>ἀρνησαμένων</span> <span class='ocrx_word' id='word_1_460' title='bbox 1342 4181 1655 4246; x_wconf 70' lang='grc' dir='ltr'>ἑκουσίως.</span> 
     </span>
    </p>
   </div>
   <div class='ocr_carea' id='block_1_73' title="bbox 397 4272 1981 4344">
    <p class='ocr_par' dir='ltr' id='par_1_73' title="bbox 397 4272 1981 4344">
     <span class='ocr_line' id='line_1_73' title="bbox 397 4272 1981 4344; baseline -0.001 -19"><span class='ocrx_word' id='word_1_461' title='bbox 397 4274 464 4326; x_wconf 84' lang='grc' dir='ltr'>Ἤ</span> <span class='ocrx_word' id='word_1_462' title='bbox 493 4274 686 4344; x_wconf 81' lang='grc' dir='ltr'>πρώτη</span> <span class='ocrx_word' id='word_1_463' title='bbox 728 4290 791 4340; x_wconf 89' lang='grc' dir='ltr'><strong>γε</strong></span> <span class='ocrx_word' id='word_1_464' title='bbox 818 4272 927 4342; x_wconf 84' lang='grc' dir='ltr'>μὴν</span> <span class='ocrx_word' id='word_1_465' title='bbox 967 4272 1077 4325; x_wconf 82' lang='grc' dir='ltr'>τῶν</span> <span class='ocrx_word' id='word_1_466' title='bbox 1120 4273 1525 4342; x_wconf 86' lang='grc' dir='ltr'>οίκουμενικῶν</span> <span class='ocrx_word' id='word_1_467' title='bbox 1573 4274 1792 4336; x_wconf 89' lang='grc' dir='ltr'>σύνοδος</span> <span class='ocrx_word' id='word_1_468' title='bbox 1842 4274 1901 4327; x_wconf 72' lang='grc' dir='ltr'>ἔν</span> <span class='ocrx_word' id='word_1_469' title='bbox 1974 4312 1981 4323; x_wconf 87' lang='grc'>.</span> 
     </span>
    </p>
   </div>
   <div class='ocr_carea' id='block_1_74' title="bbox 317 4364 1903 4435">
    <p class='ocr_par' dir='ltr' id='par_1_74' title="bbox 317 4364 1903 4435">
     <span class='ocr_line' id='line_1_74' title="bbox 317 4364 1903 4435; baseline -0.001 -14"><span class='ocrx_word' id='word_1_470' title='bbox 317 4384 375 4421; x_wconf 79' lang='grc' dir='ltr'><strong>τε</strong></span> <span class='ocrx_word' id='word_1_471' title='bbox 404 4365 479 4435; x_wconf 81' lang='grc' dir='ltr'>τῷ</span> <span class='ocrx_word' id='word_1_472' title='bbox 513 4365 581 4418; x_wconf 84' lang='grc' dir='ltr'>ια’</span> <span class='ocrx_word' id='word_1_473' title='bbox 609 4368 704 4418; x_wconf 79' lang='grc' dir='ltr'>καὶ</span> <span class='ocrx_word' id='word_1_474' title='bbox 729 4365 782 4435; x_wconf 80' lang='grc' dir='ltr'><strong>ιβ</strong></span> <span class='ocrx_word' id='word_1_475' title='bbox 813 4364 1000 4418; x_wconf 84' lang='grc' dir='ltr'>κανόνι</span> <span class='ocrx_word' id='word_1_476' title='bbox 1024 4367 1365 4435; x_wconf 76' lang='grc' dir='ltr'>τοιςχωρὶς-</span> <span class='ocrx_word' id='word_1_477' title='bbox 1395 4366 1617 4420; x_wconf 85' lang='grc' dir='ltr'>οίασοῦν</span> <span class='ocrx_word' id='word_1_478' title='bbox 1648 4368 1903 4434; x_wconf 79' lang='grc' dir='ltr'>ἀνάγκης</span> 
     </span>
    </p>
   </div>
   <div class='ocr_carea' id='block_1_75' title="bbox 1970 3171 3588 3247">
    <p class='ocr_par' dir='ltr' id='par_1_75' title="bbox 1970 3171 3588 3247">
     <span class='ocr_line' id='line_1_75' title="bbox 1970 3171 3588 3247; baseline -0.004 -17"><span class='ocrx_word' id='word_1_479' title='bbox 1970 3177 2096 3247; x_wconf 70' lang='lat' dir='ltr'><strong>&#39;qui</strong></span> <span class='ocrx_word' id='word_1_480' title='bbox 2137 3193 2259 3232; x_wconf 89' lang='lat' dir='ltr'><strong>cum</strong></span> <span class='ocrx_word' id='word_1_481' title='bbox 2308 3175 2536 3246; x_wconf 80' lang='lat' dir='ltr'><strong>paganis</strong></span> <span class='ocrx_word' id='word_1_482' title='bbox 2582 3176 2949 3229; x_wconf 83' lang='lat' dir='ltr'><strong>convivantur</strong></span> <span class='ocrx_word' id='word_1_483' title='bbox 2979 3214 2993 3234; x_wconf 88' lang='lat'><strong>.</strong></span> <span class='ocrx_word' id='word_1_484' title='bbox 3053 3173 3437 3237; x_wconf 90' lang='lat' dir='ltr'><strong>mediocriter;</strong></span> <span class='ocrx_word' id='word_1_485' title='bbox 3493 3171 3588 3240; x_wconf 83' lang='lat' dir='ltr'><strong>qui</strong></span> 
     </span>
    </p>
   </div>
   <div class='ocr_carea' id='block_1_76' title="bbox 1968 3263 3590 3340">
    <p class='ocr_par' dir='ltr' id='par_1_76' title="bbox 1968 3263 3590 3340">
     <span class='ocr_line' id='line_1_76' title="bbox 1968 3263 3590 3340; baseline -0.005 -15"><span class='ocrx_word' id='word_1_486' title='bbox 1968 3276 2136 3325; x_wconf 81' lang='lat' dir='ltr'><strong>&#39;vero</strong></span> <span class='ocrx_word' id='word_1_487' title='bbox 2188 3285 2287 3340; x_wconf 91' lang='lat' dir='ltr'><strong>per</strong></span> <span class='ocrx_word' id='word_1_488' title='bbox 2340 3278 2718 3338; x_wconf 86' lang='lat' dir='ltr'><strong>contemptum</strong></span> <span class='ocrx_word' id='word_1_489' title='bbox 2755 3278 2810 3322; x_wconf 91' lang='lat' dir='ltr'><strong>et</strong></span> <span class='ocrx_word' id='word_1_490' title='bbox 2873 3266 3354 3322; x_wconf 81' lang='lat' dir='ltr'><strong>indiscriminatim</strong></span> <span class='ocrx_word' id='word_1_491' title='bbox 3401 3265 3473 3319; x_wconf 89' lang='lat' dir='ltr'><strong>ita</strong></span> <span class='ocrx_word' id='word_1_492' title='bbox 3506 3263 3590 3317; x_wconf 78' lang='lat' dir='ltr'><strong>fa-</strong></span> 
     </span>
    </p>
   </div>
   <div class='ocr_carea' id='block_1_77' title="bbox 2003 3362 2915 3433">
    <p class='ocr_par' dir='ltr' id='par_1_77' title="bbox 2003 3362 2915 3433">
     <span class='ocr_line' id='line_1_77' title="bbox 2003 3362 2915 3433; baseline -0.005 -16"><span class='ocrx_word' id='word_1_493' title='bbox 2003 3363 2176 3427; x_wconf 91' lang='lat' dir='ltr'><strong>ciunt,</strong></span> <span class='ocrx_word' id='word_1_494' title='bbox 2209 3362 2429 3433; x_wconf 79' lang='lat' dir='ltr'><strong>gravius</strong></span> <span class='ocrx_word' id='word_1_495' title='bbox 2468 3362 2731 3431; x_wconf 89' lang='lat' dir='ltr'><strong>puniendi</strong></span> <span class='ocrx_word' id='word_1_496' title='bbox 2767 3369 2915 3415; x_wconf 90' lang='lat' dir='ltr'><strong>sunt.</strong></span> 
     </span>
    </p>
   </div>
   <div class='ocr_carea' id='block_1_78' title="bbox 2076 3453 3589 3525">
    <p class='ocr_par' dir='ltr' id='par_1_78' title="bbox 2076 3453 3589 3525">
     <span class='ocr_line' id='line_1_78' title="bbox 2076 3453 3589 3525; baseline -0.004 -16"><span class='ocrx_word' id='word_1_497' title='bbox 2076 3455 2248 3509; x_wconf 75' lang='lat' dir='ltr'><strong>Pcrro</strong></span> <span class='ocrx_word' id='word_1_498' title='bbox 2304 3469 2532 3525; x_wconf 73' lang='lat' dir='ltr'><strong>magnus</strong></span> <span class='ocrx_word' id='word_1_499' title='bbox 2591 3454 2847 3516; x_wconf 89' lang='lat' dir='ltr'><strong>Basilius,</strong></span> <span class='ocrx_word' id='word_1_500' title='bbox 2901 3453 2955 3507; x_wconf 90' lang='lat' dir='ltr'><strong>in</strong></span> <span class='ocrx_word' id='word_1_501' title='bbox 2987 3467 3198 3507; x_wconf 87' lang='lat' dir='ltr'><strong>canone</strong></span> <span class='ocrx_word' id='word_1_502' title='bbox 3256 3454 3437 3516; x_wconf 69' lang='lat' dir='ltr'><strong>Lxxx‘l,</strong></span> <span class='ocrx_word' id='word_1_503' title='bbox 3493 3465 3589 3504; x_wconf 87' lang='lat' dir='ltr'><strong>eos</strong></span> 
     </span>
    </p>
   </div>
   <div class='ocr_carea' id='block_1_79' title="bbox 2002 3543 3591 3618">
    <p class='ocr_par' dir='ltr' id='par_1_79' title="bbox 2002 3543 3591 3618">
     <span class='ocr_line' id='line_1_79' title="bbox 2002 3543 3591 3618; baseline -0.004 -16"><span class='ocrx_word' id='word_1_504' title='bbox 2002 3549 2097 3618; x_wconf 86' lang='lat' dir='ltr'><strong>qui</strong></span> <span class='ocrx_word' id='word_1_505' title='bbox 2155 3554 2427 3601; x_wconf 89' lang='lat' dir='ltr'><strong>tormenta</strong></span> <span class='ocrx_word' id='word_1_506' title='bbox 2464 3547 2690 3615; x_wconf 82' lang='lat' dir='ltr'><strong>experti</strong></span> <span class='ocrx_word' id='word_1_507' title='bbox 2726 3555 2787 3598; x_wconf 86' lang='lat' dir='ltr'><strong>et</strong></span> <span class='ocrx_word' id='word_1_508' title='bbox 2820 3544 3122 3598; x_wconf 73' lang='lat' dir='ltr'><strong>cruciatus</strong></span> <span class='ocrx_word' id='word_1_509' title='bbox 3174 3558 3288 3597; x_wconf 90' lang='lat' dir='ltr'><strong>non</strong></span> <span class='ocrx_word' id='word_1_510' title='bbox 3349 3543 3591 3597; x_wconf 80' lang='lat' dir='ltr'><strong>ferentes</strong></span> 
     </span>
    </p>
   </div>
   <div class='ocr_carea' id='block_1_80' title="bbox 2005 3621 3591 3707">
    <p class='ocr_par' dir='ltr' id='par_1_80' title="bbox 2005 3621 3591 3707">
     <span class='ocr_line' id='line_1_80' title="bbox 2005 3621 3591 3707; baseline -0.008 -13"><span class='ocrx_word' id='word_1_511' title='bbox 2005 3641 2167 3696; x_wconf 90' lang='lat' dir='ltr'><strong>idolis</strong></span> <span class='ocrx_word' id='word_1_512' title='bbox 2192 3647 2426 3693; x_wconf 88' lang='lat' dir='ltr'><strong>mactata</strong></span> <span class='ocrx_word' id='word_1_513' title='bbox 2458 3645 2835 3707; x_wconf 79' lang='lat' dir='ltr'><strong>gustaverunt,</strong></span> <span class='ocrx_word' id='word_1_514' title='bbox 2891 3644 2947 3691; x_wconf 90' lang='lat' dir='ltr'><strong>et</strong></span> <span class='ocrx_word' id='word_1_515' title='bbox 2991 3635 3301 3704; x_wconf 78' lang='lat' dir='ltr'><strong>iuramenta</strong></span> <span class='ocrx_word' id='word_1_516' title='bbox 3330 3621 3591 3702; x_wconf 74' lang='lat' dir='ltr'><strong>pagano-</strong></span> 
     </span>
    </p>
   </div>
   <div class='ocr_carea' id='block_1_81' title="bbox 2004 3728 3588 3804">
    <p class='ocr_par' dir='ltr' id='par_1_81' title="bbox 2004 3728 3588 3804">
     <span class='ocr_line' id='line_1_81' title="bbox 2004 3728 3588 3804; baseline -0.008 -15"><span class='ocrx_word' id='word_1_517' title='bbox 2004 3750 2124 3789; x_wconf 88' lang='lat' dir='ltr'><strong>rum</strong></span> <span class='ocrx_word' id='word_1_518' title='bbox 2146 3736 2418 3804; x_wconf 86' lang='lat' dir='ltr'><strong>jurarunt,</strong></span> <span class='ocrx_word' id='word_1_519' title='bbox 2453 3740 2575 3801; x_wconf 79' lang='lat' dir='ltr'><strong>pust</strong></span> <span class='ocrx_word' id='word_1_520' title='bbox 2605 3746 2697 3784; x_wconf 83' lang='lat' dir='ltr'><strong>sex</strong></span> <span class='ocrx_word' id='word_1_521' title='bbox 2728 3745 2902 3783; x_wconf 86' lang='lat' dir='ltr'><strong>annos</strong></span> <span class='ocrx_word' id='word_1_522' title='bbox 2938 3728 3006 3783; x_wconf 89' lang='lat' dir='ltr'><strong>ad</strong></span> <span class='ocrx_word' id='word_1_523' title='bbox 3054 3734 3301 3782; x_wconf 87' lang='lat' dir='ltr'><strong>sanctam</strong></span> <span class='ocrx_word' id='word_1_524' title='bbox 3332 3741 3588 3781; x_wconf 82' lang='lat' dir='ltr'><strong>commu-</strong></span> 
     </span>
    </p>
   </div>
   <div class='ocr_carea' id='block_1_82' title="bbox 2004 3817 3589 3898">
    <p class='ocr_par' dir='ltr' id='par_1_82' title="bbox 2004 3817 3589 3893">
     <span class='ocr_line' id='line_1_82' title="bbox 2004 3817 3589 3893; baseline -0.005 -18"><span class='ocrx_word' id='word_1_525' title='bbox 2004 3821 2229 3875; x_wconf 89' lang='lat' dir='ltr'><strong>nionem</strong></span> <span class='ocrx_word' id='word_1_526' title='bbox 2260 3819 2523 3873; x_wconf 76' lang='lat' dir='ltr'><strong>accedere</strong></span> <span class='ocrx_word' id='word_1_527' title='bbox 2581 3818 2869 3888; x_wconf 79' lang='lat' dir='ltr'><strong>permittit.</strong></span> <span class='ocrx_word' id='word_1_528' title='bbox 2909 3817 3106 3871; x_wconf 83' lang='lat' dir='ltr'><strong>Poenas</strong></span> <span class='ocrx_word' id='word_1_529' title='bbox 3161 3825 3345 3869; x_wconf 89' lang='lat' dir='ltr'><strong>autem</strong></span> <span class='ocrx_word' id='word_1_530' title='bbox 3394 3830 3589 3893; x_wconf 85' lang='lat' dir='ltr'><strong>eorum</strong></span> 
     </span>
    </p>
   </div>
   <div class='ocr_carea' id='block_1_83' title="bbox 1970 3898 3593 3983">
    <p class='ocr_par' dir='ltr' id='par_1_83' title="bbox 1970 3898 3593 3983">
     <span class='ocr_line' id='line_1_83' title="bbox 1970 3898 3593 3983; baseline -0.004 -16"><span class='ocrx_word' id='word_1_531' title='bbox 1970 3900 2096 3983; x_wconf 84' lang='lat' dir='ltr'><strong>&#39;qni</strong></span> <span class='ocrx_word' id='word_1_532' title='bbox 2131 3913 2251 3967; x_wconf 91' lang='lat' dir='ltr'><strong>sine</strong></span> <span class='ocrx_word' id='word_1_533' title='bbox 2283 3898 2474 3978; x_wconf 75' lang='lat' dir='ltr'><strong>magna</strong></span> <span class='ocrx_word' id='word_1_534' title='bbox 2516 3910 2843 3975; x_wconf 81' lang='lat' dir='ltr'><strong>necessitate</strong></span> <span class='ocrx_word' id='word_1_535' title='bbox 2887 3898 3047 3964; x_wconf 78' lang='lat' dir='ltr'><strong>ﬁdem</strong></span> <span class='ocrx_word' id='word_1_536' title='bbox 3100 3903 3478 3977; x_wconf 76' lang='lat' dir='ltr'><strong>prodiderunt,</strong></span> <span class='ocrx_word' id='word_1_537' title='bbox 3513 3916 3593 3961; x_wconf 56' lang='grc' dir='ltr'><strong>⁸ιιι</strong></span> 
     </span>
    </p>
   </div>
   <div class='ocr_carea' id='block_1_84' title="bbox 2006 4003 3591 4068">
    <p class='ocr_par' dir='ltr' id='par_1_84' title="bbox 2006 4003 3591 4068">
     <span class='ocr_line' id='line_1_84' title="bbox 2006 4003 3591 4068; baseline -0.004 -8"><span class='ocrx_word' id='word_1_538' title='bbox 2006 4021 2210 4061; x_wconf 76' lang='lat' dir='ltr'><strong>mensa:</strong></span> <span class='ocrx_word' id='word_1_539' title='bbox 2264 4005 2575 4060; x_wconf 67' lang='lat' dir='ltr'><strong>daemonum</strong></span> <span class='ocrx_word' id='word_1_540' title='bbox 2630 4003 3043 4068; x_wconf 84' lang='lat' dir='ltr'><strong>accubuerunt,</strong></span> <span class='ocrx_word' id='word_1_541' title='bbox 3113 4003 3183 4057; x_wconf 86' lang='lat' dir='ltr'><strong>ad</strong></span> <span class='ocrx_word' id='word_1_542' title='bbox 3236 4018 3332 4056; x_wconf 80' lang='lat' dir='ltr'><strong>vui</strong></span> <span class='ocrx_word' id='word_1_543' title='bbox 3383 4004 3591 4054; x_wconf 85' lang='lat' dir='ltr'><strong>annu‘m</strong></span> 
     </span>
    </p>
   </div>
   <div class='ocr_carea' id='block_1_85' title="bbox 1974 4099 2275 4154">
    <p class='ocr_par' dir='ltr' id='par_1_85' title="bbox 1974 4099 2275 4154">
     <span class='ocr_line' id='line_1_85' title="bbox 1974 4099 2275 4154; baseline -0.017 0"><span class='ocrx_word' id='word_1_544' title='bbox 1974 4127 1981 4133; x_wconf 91' lang='lat'><strong>-</strong></span> <span class='ocrx_word' id='word_1_545' title='bbox 2005 4099 2275 4154; x_wconf 75' lang='lat' dir='ltr'><strong>extendit.</strong></span> 
     </span>
    </p>
   </div>
   <div class='ocr_carea' id='block_1_86' title="bbox 2223 4188 3615 4258">
    <p class='ocr_par' dir='ltr' id='par_1_86' title="bbox 2223 4188 3615 4258">
     <span class='ocr_line' id='line_1_86' title="bbox 2223 4188 3615 4258; baseline 0.001 -17"><span class='ocrx_word' id='word_1_546' title='bbox 2223 4190 2296 4243; x_wconf 78' lang='lat' dir='ltr'><strong>De</strong></span> <span class='ocrx_word' id='word_1_547' title='bbox 2324 4191 2389 4243; x_wconf 75' lang='lat' dir='ltr'><strong>iis</strong></span> <span class='ocrx_word' id='word_1_548' title='bbox 2426 4191 2519 4258; x_wconf 80' lang='lat' dir='ltr'><strong>qui</strong></span> <span class='ocrx_word' id='word_1_549' title='bbox 2561 4188 2863 4243; x_wconf 81' lang='lat' dir='ltr'><strong>voluntarie</strong></span> <span class='ocrx_word' id='word_1_550' title='bbox 2895 4189 3051 4257; x_wconf 81' lang='lat' dir='ltr'><strong>ﬁdem</strong></span> <span class='ocrx_word' id='word_1_551' title='bbox 3087 4198 3371 4257; x_wconf 75' lang='lat' dir='ltr'><strong>negarunt.</strong></span> <span class='ocrx_word' id='word_1_552' title='bbox 3604 4248 3615 4257; x_wconf 41' lang='lat'><strong><em>.</em></strong></span> 
     </span>
    </p>
   </div>
   <div class='ocr_carea' id='block_1_87' title="bbox 2076 4279 3591 4353">
    <p class='ocr_par' dir='ltr' id='par_1_87' title="bbox 2076 4279 3591 4353">
     <span class='ocr_line' id='line_1_87' title="bbox 2076 4279 3591 4353; baseline -0.003 -15"><span class='ocrx_word' id='word_1_553' title='bbox 2076 4283 2258 4338; x_wconf 88' lang='lat' dir='ltr'><strong>Prima</strong></span> <span class='ocrx_word' id='word_1_554' title='bbox 2286 4286 2406 4353; x_wconf 73' lang='lat' dir='ltr'><strong>syn.</strong></span> <span class='ocrx_word' id='word_1_555' title='bbox 2434 4284 2777 4338; x_wconf 75' lang='lat' dir='ltr'><strong>mcumenica</strong></span> <span class='ocrx_word' id='word_1_556' title='bbox 2803 4282 3009 4335; x_wconf 79' lang='lat' dir='ltr'><strong>in’can.‘</strong></span> <span class='ocrx_word' id='word_1_557' title='bbox 3035 4288 3088 4334; x_wconf 75' lang='lat' dir='ltr'><strong>xi</strong></span> <span class='ocrx_word' id='word_1_558' title='bbox 3118 4290 3174 4335; x_wconf 86' lang='lat' dir='ltr'><strong>et</strong></span> <span class='ocrx_word' id='word_1_559' title='bbox 3226 4284 3329 4344; x_wconf 73' lang='lat' dir='ltr'><strong>xii;</strong></span> <span class='ocrx_word' id='word_1_560' title='bbox 3383 4279 3448 4333; x_wconf 88' lang='lat' dir='ltr'><strong>iis</strong></span> <span class='ocrx_word' id='word_1_561' title='bbox 3496 4280 3591 4345; x_wconf 86' lang='lat' dir='ltr'><strong>qui</strong></span> 
     </span>
    </p>
   </div>
   <div class='ocr_carea' id='block_1_88' title="bbox 2008 4368 3591 4446">
    <p class='ocr_par' dir='ltr' id='par_1_88' title="bbox 2008 4368 3591 4446">
     <span class='ocr_line' id='line_1_88' title="bbox 2008 4368 3591 4446; baseline -0.007 -12"><span class='ocrx_word' id='word_1_562' title='bbox 2008 4379 2128 4434; x_wconf 88' lang='lat' dir='ltr'><strong>sine</strong></span> <span class='ocrx_word' id='word_1_563' title='bbox 2157 4373 2336 4446; x_wconf 85' lang='lat' dir='ltr'><strong>aliqua</strong></span> <span class='ocrx_word' id='word_1_564' title='bbox 2370 4376 2701 4432; x_wconf 82' lang='lat' dir='ltr'><strong>necessitate</strong></span> <span class='ocrx_word' id='word_1_565' title='bbox 2728 4375 2831 4429; x_wconf 82' lang='lat' dir='ltr'><strong>sub</strong></span> <span class='ocrx_word' id='word_1_566' title='bbox 2864 4373 3018 4444; x_wconf 86' lang='lat' dir='ltr'><strong>impii</strong></span> <span class='ocrx_word' id='word_1_567' title='bbox 3069 4372 3266 4427; x_wconf 89' lang='lat' dir='ltr'><strong>Licinii</strong></span> <span class='ocrx_word' id='word_1_568' title='bbox 3304 4368 3591 4443; x_wconf 75' lang='lat' dir='ltr'><strong>tyrannide</strong></span> 
     </span>
    </p>
   </div>
   <div class='ocr_carea' id='block_1_89' title="bbox 313 4437 1900 4539">
    <p class='ocr_par' dir='ltr' id='par_1_89' title="bbox 313 4458 1900 4532">
     <span class='ocr_line' id='line_1_89' title="bbox 313 4458 1900 4532; baseline 0.002 -21"><span class='ocrx_word' id='word_1_569' title='bbox 313 4463 385 4513; x_wconf 67' lang='grc' dir='ltr'>τὰ</span> <span class='ocrx_word' id='word_1_570' title='bbox 416 4460 524 4511; x_wconf 80' lang='grc' dir='ltr'>τῶν</span> <span class='ocrx_word' id='word_1_571' title='bbox 562 4458 909 4527; x_wconf 79' lang='grc' dir='ltr'>Χριστιανῶν</span> <span class='ocrx_word' id='word_1_572' title='bbox 943 4458 1375 4526; x_wconf 73' lang='grc' dir='ltr'>ὲξομοσαμένοις</span> <span class='ocrx_word' id='word_1_573' title='bbox 1423 4460 1521 4512; x_wconf 76' lang='grc' dir='ltr'><strong>ἐπὶ</strong></span> <span class='ocrx_word' id='word_1_574' title='bbox 1560 4460 1667 4530; x_wconf 84' lang='grc' dir='ltr'>τῆς·</span> <span class='ocrx_word' id='word_1_575' title='bbox 1708 4478 1900 4532; x_wconf 82' lang='grc' dir='ltr'>τυραν-</span> 
     </span>
    </p>
   </div>
   <div class='ocr_carea' id='block_1_90' title="bbox 2012 4437 3591 4539">
    <p class='ocr_par' dir='ltr' id='par_1_90' title="bbox 2012 4458 3591 4539">
     <span class='ocr_line' id='line_1_90' title="bbox 2012 4458 3591 4539; baseline -0.008 -12"><span class='ocrx_word' id='word_1_576' title='bbox 2012 4472 2173 4527; x_wconf 85' lang='lat' dir='ltr'><strong>iidem</strong></span> <span class='ocrx_word' id='word_1_577' title='bbox 2200 4470 2567 4526; x_wconf 84' lang='lat' dir='ltr'><strong>Christianam</strong></span> <span class='ocrx_word' id='word_1_578' title='bbox 2602 4469 2947 4539; x_wconf 85' lang='lat' dir='ltr'><strong>abjurarunt&#39;,</strong></span> <span class='ocrx_word' id='word_1_579' title='bbox 2980 4474 3035 4522; x_wconf 88' lang='lat' dir='ltr'><strong>et</strong></span> <span class='ocrx_word' id='word_1_580' title='bbox 3061 4458 3357 4538; x_wconf 83' lang='lat' dir='ltr'><strong>genuinam</strong></span> <span class='ocrx_word' id='word_1_581' title='bbox 3399 4473 3591 4533; x_wconf 85' lang='lat' dir='ltr'><strong>postea</strong></span> 
     </span>
    </p>
   </div>
   <div class='ocr_carea' id='block_1_91' title="bbox 314 4549 1902 4620">
    <p class='ocr_par' dir='ltr' id='par_1_91' title="bbox 314 4549 1902 4620">
     <span class='ocr_line' id='line_1_91' title="bbox 314 4549 1902 4620; baseline 0.001 -16"><span class='ocrx_word' id='word_1_582' title='bbox 314 4553 461 4614; x_wconf 75' lang='grc' dir='ltr'>νίδος</span> <span class='ocrx_word' id='word_1_583' title='bbox 489 4555 586 4603; x_wconf 86' lang='grc' dir='ltr'>τοῦ</span> <span class='ocrx_word' id='word_1_584' title='bbox 616 4549 916 4611; x_wconf 74' lang='grc' dir='ltr'>δυσσεϐοῦς</span> <span class='ocrx_word' id='word_1_585' title='bbox 947 4551 1212 4612; x_wconf 81' lang='grc' dir='ltr'>Λικινίου,</span> <span class='ocrx_word' id='word_1_586' title='bbox 1244 4552 1339 4604; x_wconf 77' lang='grc' dir='ltr'>καὶ</span> <span class='ocrx_word' id='word_1_587' title='bbox 1374 4555 1599 4620; x_wconf 73' lang='grc' dir='ltr'>γνήσιον</span> <span class='ocrx_word' id='word_1_588' title='bbox 1633 4551 1790 4616; x_wconf 75' lang='grc' dir='ltr'>αὖθις</span> <span class='ocrx_word' id='word_1_589' title='bbox 1811 4552 1902 4606; x_wconf 81' lang='grc' dir='ltr'><strong>τὸν</strong></span> 
     </span>
    </p>
   </div>
   <div class='ocr_carea' id='block_1_92' title="bbox 316 4642 1903 4717">
    <p class='ocr_par' dir='ltr' id='par_1_92' title="bbox 316 4642 1903 4717">
     <span class='ocr_line' id='line_1_92' title="bbox 316 4642 1903 4717; baseline -0.001 -18"><span class='ocrx_word' id='word_1_590' title='bbox 316 4646 635 4716; x_wconf 79' lang='grc' dir='ltr'>μετὰμελον</span> <span class='ocrx_word' id='word_1_591' title='bbox 674 4642 1135 4712; x_wconf 71' lang='grc' dir='ltr'>ἐπιδειξαμένοις,</span> <span class='ocrx_word' id='word_1_592' title='bbox 1171 4645 1252 4703; x_wconf 87' lang='grc' dir='ltr'><strong>είς</strong></span> <span class='ocrx_word' id='word_1_593' title='bbox 1302 4644 1608 4697; x_wconf 81' lang='grc' dir='ltr'>δωδέκατον</span> <span class='ocrx_word' id='word_1_594' title='bbox 1654 4646 1903 4717; x_wconf 72' lang='grc' dir='ltr'>ἐτοςνιὴν</span> 
     </span>
    </p>
   </div>
   <div class='ocr_carea' id='block_1_93' title="bbox 317 4735 1903 4807">
    <p class='ocr_par' dir='ltr' id='par_1_93' title="bbox 317 4735 1903 4807">
     <span class='ocr_line' id='line_1_93' title="bbox 317 4735 1903 4807; baseline 0.002 -18"><span class='ocrx_word' id='word_1_595' title='bbox 317 4737 541 4807; x_wconf 72' lang='grc' dir='ltr'>μέθεξιν</span> <span class='ocrx_word' id='word_1_596' title='bbox 573 4737 682 4788; x_wconf 77' lang='grc' dir='ltr'>τῶν</span> <span class='ocrx_word' id='word_1_597' title='bbox 715 4737 1080 4803; x_wconf 81' lang='grc' dir='ltr'>ἁγιασμάτων</span> <span class='ocrx_word' id='word_1_598' title='bbox 1111 4735 1439 4805; x_wconf 82' lang='grc' dir='ltr'>ἀπείρηκεν,</span> <span class='ocrx_word' id='word_1_599' title='bbox 1477 4740 1525 4790; x_wconf 87' lang='grc' dir='ltr'><strong>εί</strong></span> <span class='ocrx_word' id='word_1_600' title='bbox 1556 4738 1650 4790; x_wconf 81' lang='grc' dir='ltr'>καὶ</span> <span class='ocrx_word' id='word_1_601' title='bbox 1691 4738 1903 4805; x_wconf 80' lang='grc' dir='ltr'>ἀνάξιοι</span> 
     </span>
    </p>
   </div>
   <div class='ocr_carea' id='block_1_94' title="bbox 313 4825 1903 4899">
    <p class='ocr_par' dir='ltr' id='par_1_94' title="bbox 313 4825 1903 4899">
     <span class='ocr_line' id='line_1_94' title="bbox 313 4825 1903 4899; baseline 0.001 -17"><span class='ocrx_word' id='word_1_602' title='bbox 313 4830 503 4897; x_wconf 79' lang='grc' dir='ltr'>πάσης</span> <span class='ocrx_word' id='word_1_603' title='bbox 548 4825 701 4899; x_wconf 51' lang='grc' dir='ltr'>,ἦσαν</span> <span class='ocrx_word' id='word_1_604' title='bbox 747 4826 1195 4896; x_wconf 78' lang='grc' dir='ltr'>φιλανθρωπίας.</span> <span class='ocrx_word' id='word_1_605' title='bbox 1222 4828 1555 4898; x_wconf 76' lang='grc' dir='ltr'>φησὶ,.οὒτω</span> <span class='ocrx_word' id='word_1_606' title='bbox 1592 4830 1754 4896; x_wconf 83' lang='grc' dir='ltr'>δόξαν</span> <span class='ocrx_word' id='word_1_607' title='bbox 1787 4834 1903 4895; x_wconf 80' lang='grc' dir='ltr'>τοῖς</span> 
     </span>
    </p>
   </div>
   <div class='ocr_carea' id='block_1_95' title="bbox 310 4921 1906 4995">
    <p class='ocr_par' dir='ltr' id='par_1_95' title="bbox 310 4921 1906 4995">
     <span class='ocr_line' id='line_1_95' title="bbox 310 4921 1906 4995; baseline -0.001 -15"><span class='ocrx_word' id='word_1_608' title='bbox 310 4926 498 4994; x_wconf 79' lang='grc' dir='ltr'>ἁγίοις</span> <span class='ocrx_word' id='word_1_609' title='bbox 530 4924 780 4995; x_wconf 72' lang='grc' dir='ltr'>Πατράσι</span> <span class='ocrx_word' id='word_1_610' title='bbox 835 4922 1207 4992; x_wconf 69' lang='grc' dir='ltr'>ψηφίσασθαι,</span> <span class='ocrx_word' id='word_1_611' title='bbox 1250 4921 1346 4976; x_wconf 77' lang='grc' dir='ltr'>τοῦ</span> <span class='ocrx_word' id='word_1_612' title='bbox 1398 4924 1596 4991; x_wconf 82' lang='grc' dir='ltr'>καιροῦ</span> <span class='ocrx_word' id='word_1_613' title='bbox 1635 4942 1906 4980; x_wconf 85' lang='grc' dir='ltr'>καταστο-</span> 
     </span>
    </p>
   </div>
   <div class='ocr_carea' id='block_1_96' title="bbox 312 5014 1904 5089">
    <p class='ocr_par' dir='ltr' id='par_1_96' title="bbox 312 5014 1904 5089">
     <span class='ocr_line' id='line_1_96' title="bbox 312 5014 1904 5089; baseline 0 -18"><span class='ocrx_word' id='word_1_614' title='bbox 312 5022 678 5089; x_wconf 79' lang='grc' dir='ltr'>χασαμένοις,</span> <span class='ocrx_word' id='word_1_615' title='bbox 707 5014 891 5086; x_wconf 81' lang='grc' dir='ltr'>οἶμαι,</span> <span class='ocrx_word' id='word_1_616' title='bbox 919 5017 1015 5068; x_wconf 78' lang='grc' dir='ltr'>καὶ</span> <span class='ocrx_word' id='word_1_617' title='bbox 1063 5014 1173 5067; x_wconf 81' lang='grc' dir='ltr'>τῶν</span> <span class='ocrx_word' id='word_1_618' title='bbox 1204 5016 1550 5085; x_wconf 84' lang='grc' dir='ltr'>πραγμάτων</span> <span class='ocrx_word' id='word_1_619' title='bbox 1577 5035 1592 5048; x_wconf 72' lang='grc' dir='ltr'><strong>ο</strong></span> <span class='ocrx_word' id='word_1_620' title='bbox 1625 5017 1704 5086; x_wconf 79' lang='grc' dir='ltr'>τῷ</span> <span class='ocrx_word' id='word_1_621' title='bbox 1751 5034 1904 5087; x_wconf 89' lang='grc' dir='ltr'>τηνι-</span> 
     </span>
    </p>
   </div>
   <div class='ocr_carea' id='block_1_97' title="bbox 310 5107 1904 5180">
    <p class='ocr_par' dir='ltr' id='par_1_97' title="bbox 310 5107 1904 5180">
     <span class='ocr_line' id='line_1_97' title="bbox 310 5107 1904 5180; baseline 0 -17"><span class='ocrx_word' id='word_1_622' title='bbox 310 5110 449 5164; x_wconf 80' lang='grc' dir='ltr'>κάδε</span> <span class='ocrx_word' id='word_1_623' title='bbox 502 5112 608 5180; x_wconf 77' lang='grc' dir='ltr'>γὰρ</span> <span class='ocrx_word' id='word_1_624' title='bbox 668 5108 900 5178; x_wconf 77' lang='grc' dir='ltr'>σφοδρὸν</span> <span class='ocrx_word' id='word_1_625' title='bbox 957 5108 1102 5160; x_wconf 81' lang='grc' dir='ltr'>κατὰ</span> <span class='ocrx_word' id='word_1_626' title='bbox 1166 5107 1515 5176; x_wconf 81' lang='grc' dir='ltr'>Χριστιανῶν</span> <span class='ocrx_word' id='word_1_627' title='bbox 1578 5110 1607 5160; x_wconf 80' lang='grc' dir='ltr'>ὁ</span> <span class='ocrx_word' id='word_1_628' title='bbox 1662 5109 1904 5180; x_wconf 80' lang='grc' dir='ltr'>διωγμὸς</span> 
     </span>
    </p>
   </div>
   <div class='ocr_carea' id='block_1_98' title="bbox 308 5208 949 5260">
    <p class='ocr_par' dir='ltr' id='par_1_98' title="bbox 308 5208 949 5260">
     <span class='ocr_line' id='line_1_98' title="bbox 308 5208 949 5260; baseline 0.002 -1"><span class='ocrx_word' id='word_1_629' title='bbox 308 5208 496 5260; x_wconf 76' lang='grc' dir='ltr'>ἔπνει.</span> <span class='ocrx_word' id='word_1_630' title='bbox 946 5230 949 5233; x_wconf 57' lang='grc' dir='ltr'><strong>λ</strong></span> 
     </span>
    </p>
   </div>
   <div class='ocr_carea' id='block_1_99' title="bbox 400 5297 1903 5369">
    <p class='ocr_par' dir='ltr' id='par_1_99' title="bbox 400 5297 1903 5369">
     <span class='ocr_line' id='line_1_99' title="bbox 400 5297 1903 5369; baseline 0.001 -19"><span class='ocrx_word' id='word_1_631' title='bbox 400 5300 565 5351; x_wconf 75' lang='grc' dir='ltr'><strong>Ἀλλὰ</strong></span> <span class='ocrx_word' id='word_1_632' title='bbox 592 5300 703 5368; x_wconf 86' lang='grc' dir='ltr'><strong>γὰρ</strong></span> <span class='ocrx_word' id='word_1_633' title='bbox 732 5300 832 5369; x_wconf 75' lang='grc' dir='ltr'>οὐχ</span> <span class='ocrx_word' id='word_1_634' title='bbox 860 5297 1006 5352; x_wconf 79' lang='grc' dir='ltr'>οὕτω</span> <span class='ocrx_word' id='word_1_635' title='bbox 1049 5298 1291 5368; x_wconf 86' lang='grc' dir='ltr'>κρίσεως</span> <span class='ocrx_word' id='word_1_636' title='bbox 1322 5300 1349 5351; x_wconf 84' lang='grc' dir='ltr'><strong>ό</strong></span> <span class='ocrx_word' id='word_1_637' title='bbox 1386 5299 1562 5367; x_wconf 81' lang='grc' dir='ltr'>μέγας</span> <span class='ocrx_word' id='word_1_638' title='bbox 1595 5299 1903 5363; x_wconf 85' lang='grc' dir='ltr'>Βασίλειος,</span> 
     </span>
    </p>
   </div>
   <div class='ocr_carea' id='block_1_100' title="bbox 308 5391 1905 5465">
    <p class='ocr_par' dir='ltr' id='par_1_100' title="bbox 308 5391 1905 5465">
     <span class='ocr_line' id='line_1_100' title="bbox 308 5391 1905 5465; baseline -0.001 -18"><span class='ocrx_word' id='word_1_639' title='bbox 308 5394 442 5447; x_wconf 82' lang='grc' dir='ltr'>οὐδὲ</span> <span class='ocrx_word' id='word_1_640' title='bbox 491 5397 519 5446; x_wconf 85' lang='grc' dir='ltr'>ὁ</span> <span class='ocrx_word' id='word_1_641' title='bbox 553 5394 762 5464; x_wconf 80' lang='grc' dir='ltr'>ἀδελφὰ</span> <span class='ocrx_word' id='word_1_642' title='bbox 818 5395 995 5465; x_wconf 82' lang='grc' dir='ltr'>τούτῳ</span> <span class='ocrx_word' id='word_1_643' title='bbox 1041 5393 1256 5464; x_wconf 83' lang='grc' dir='ltr'>φρονῶν</span> <span class='ocrx_word' id='word_1_644' title='bbox 1314 5391 1545 5459; x_wconf 75' lang='grc' dir='ltr'>ἁδελφὸς</span> <span class='ocrx_word' id='word_1_645' title='bbox 1598 5392 1905 5463; x_wconf 86' lang='grc' dir='ltr'>Γρηγόριος</span> 
     </span>
    </p>
   </div>
   <div class='ocr_carea' id='block_1_101' title="bbox 307 5466 1901 5564">
    <p class='ocr_par' dir='ltr' id='par_1_101' title="bbox 307 5466 1901 5564">
     <span class='ocr_line' id='line_1_101' title="bbox 307 5466 1901 5564; baseline -0.002 -24"><span class='ocrx_word' id='word_1_646' title='bbox 307 5487 565 5557; x_wconf 70' lang='grc' dir='ltr'>Νύσσης.</span> <span class='ocrx_word' id='word_1_647' title='bbox 606 5488 666 5541; x_wconf 84' lang='grc' dir='ltr'>Ὀ</span> <span class='ocrx_word' id='word_1_648' title='bbox 712 5490 812 5558; x_wconf 84' lang='grc' dir='ltr'>μὲν</span> <span class='ocrx_word' id='word_1_649' title='bbox 843 5490 956 5564; x_wconf 70' lang='grc' dir='ltr'>γᾲρ</span> <span class='ocrx_word' id='word_1_650' title='bbox 1004 5489 1065 5539; x_wconf 85' lang='grc' dir='ltr'>ἐν</span> <span class='ocrx_word' id='word_1_651' title='bbox 1093 5491 1171 5554; x_wconf 80' lang='grc' dir='ltr'>ογ¹</span> <span class='ocrx_word' id='word_1_652' title='bbox 1201 5483 1391 5537; x_wconf 81' lang='grc' dir='ltr'>κανόνι</span> <span class='ocrx_word' id='word_1_653' title='bbox 1449 5466 1579 5547; x_wconf 78' lang='grc' dir='ltr'>τοὺς</span> <span class='ocrx_word' id='word_1_654' title='bbox 1626 5483 1718 5537; x_wconf 82' lang='grc' dir='ltr'>τὸν</span> <span class='ocrx_word' id='word_1_655' title='bbox 1762 5484 1901 5554; x_wconf 85' lang='grc' dir='ltr'>Χρι-</span> 
     </span>
    </p>
   </div>
   <div class='ocr_carea' id='block_1_102' title="bbox 309 5576 1905 5649">
    <p class='ocr_par' dir='ltr' id='par_1_102' title="bbox 309 5576 1905 5649">
     <span class='ocr_line' id='line_1_102' title="bbox 309 5576 1905 5649; baseline -0.002 -16"><span class='ocrx_word' id='word_1_656' title='bbox 309 5578 445 5633; x_wconf 76' lang='grc' dir='ltr'>στὸν</span> <span class='ocrx_word' id='word_1_657' title='bbox 473 5579 821 5649; x_wconf 82' lang='grc' dir='ltr'>ἡρνημένους</span> <span class='ocrx_word' id='word_1_658' title='bbox 851 5579 941 5632; x_wconf 79' lang='grc' dir='ltr'>διὰ</span> <span class='ocrx_word' id='word_1_659' title='bbox 970 5578 1089 5648; x_wconf 84' lang='grc' dir='ltr'>βίου</span> <span class='ocrx_word' id='word_1_660' title='bbox 1123 5577 1226 5647; x_wconf 81' lang='grc' dir='ltr'>τῆς</span> <span class='ocrx_word' id='word_1_661' title='bbox 1286 5576 1438 5646; x_wconf 77' lang='grc' dir='ltr'>ἱερᾶς</span> <span class='ocrx_word' id='word_1_662' title='bbox 1478 5576 1777 5639; x_wconf 81' lang='grc' dir='ltr'>κοινωνίας</span> <span class='ocrx_word' id='word_1_663' title='bbox 1806 5579 1905 5630; x_wconf 79' lang='grc' dir='ltr'>ὲκο</span> 
     </span>
    </p>
   </div>
   <div class='ocr_carea' id='block_1_103' title="bbox 309 5668 1899 5739">
    <p class='ocr_par' dir='ltr' id='par_1_103' title="bbox 309 5668 1899 5739">
     <span class='ocr_line' id='line_1_103' title="bbox 309 5668 1899 5739; baseline -0.001 -17"><span class='ocrx_word' id='word_1_664' title='bbox 309 5670 528 5732; x_wconf 71' lang='grc' dir='ltr'>ϐάλλει,</span> <span class='ocrx_word' id='word_1_665' title='bbox 555 5671 993 5739; x_wconf 83' lang='grc' dir='ltr'>προσκλαίοντας</span> <span class='ocrx_word' id='word_1_666' title='bbox 1018 5670 1175 5722; x_wconf 78' lang='grc' dir='ltr'>ἐσαεὶ</span> <span class='ocrx_word' id='word_1_667' title='bbox 1200 5669 1296 5721; x_wconf 77' lang='grc' dir='ltr'>καὶ</span> <span class='ocrx_word' id='word_1_668' title='bbox 1321 5668 1651 5737; x_wconf 80' lang='grc' dir='ltr'>ἑξομολογου</span> <span class='ocrx_word' id='word_1_669' title='bbox 1662 5668 1856 5739; x_wconf 74' lang='grc' dir='ltr'>μένους</span> <span class='ocrx_word' id='word_1_670' title='bbox 1885 5684 1899 5699; x_wconf 80' lang='grc'><em>’</em></span> 
     </span>
    </p>
   </div>
   <div class='ocr_carea' id='block_1_104' title="bbox 307 5760 1899 5835">
    <p class='ocr_par' dir='ltr' id='par_1_104' title="bbox 307 5760 1899 5835">
     <span class='ocr_line' id='line_1_104' title="bbox 307 5760 1899 5835; baseline -0.001 -18"><span class='ocrx_word' id='word_1_671' title='bbox 307 5764 658 5835; x_wconf 74' lang='grc' dir='ltr'>ἀπαίροντος</span> <span class='ocrx_word' id='word_1_672' title='bbox 692 5764 748 5817; x_wconf 82' lang='grc' dir='ltr'>δὲ</span> <span class='ocrx_word' id='word_1_673' title='bbox 781 5764 875 5817; x_wconf 77' lang='grc' dir='ltr'><strong>τοῦ</strong></span> <span class='ocrx_word' id='word_1_674' title='bbox 915 5764 1032 5833; x_wconf 79' lang='grc' dir='ltr'>βίου</span> <span class='ocrx_word' id='word_1_675' title='bbox 1081 5761 1192 5816; x_wconf 85' lang='grc' dir='ltr'><strong>τῶν</strong></span> <span class='ocrx_word' id='word_1_676' title='bbox 1228 5762 1589 5831; x_wconf 79' lang='grc' dir='ltr'>ἁγιασμάτων</span> <span class='ocrx_word' id='word_1_677' title='bbox 1613 5760 1899 5825; x_wconf 72' lang='grc' dir='ltr'>ἀξιοῦσθαι</span> 
     </span>
    </p>
   </div>
   <div class='ocr_carea' id='block_1_105' title="bbox 2009 4557 3595 4635">
    <p class='ocr_par' dir='ltr' id='par_1_105' title="bbox 2009 4557 3595 4635">
     <span class='ocr_line' id='line_1_105' title="bbox 2009 4557 3595 4635; baseline -0.009 -15"><span class='ocrx_word' id='word_1_678' title='bbox 2009 4565 2388 4635; x_wconf 69' lang='lat' dir='ltr'><strong>paenitentiam</strong></span> <span class='ocrx_word' id='word_1_679' title='bbox 2420 4563 2807 4624; x_wconf 82' lang='lat' dir='ltr'><strong>ostenderunt,</strong></span> <span class='ocrx_word' id='word_1_680' title='bbox 2863 4560 3153 4615; x_wconf 88' lang='lat' dir='ltr'><strong>duodecim</strong></span> <span class='ocrx_word' id='word_1_681' title='bbox 3188 4557 3353 4612; x_wconf 72' lang='lat' dir='ltr'><strong>annis</strong></span> <span class='ocrx_word' id='word_1_682' title='bbox 3408 4572 3595 4612; x_wconf 83' lang='lat' dir='ltr'><strong>sacra-</strong></span> 
     </span>
    </p>
   </div>
   <div class='ocr_carea' id='block_1_106' title="bbox 1977 4642 3593 4730">
    <p class='ocr_par' dir='ltr' id='par_1_106' title="bbox 1977 4642 3593 4730">
     <span class='ocr_line' id='line_1_106' title="bbox 1977 4642 3593 4730; baseline -0.004 -20"><span class='ocrx_word' id='word_1_683' title='bbox 1977 4663 1982 4666; x_wconf 81' lang='grc'><em>’</em></span> <span class='ocrx_word' id='word_1_684' title='bbox 2010 4660 2323 4710; x_wconf 80' lang='lat' dir='ltr'><strong>mentorum</strong></span> <span class='ocrx_word' id='word_1_685' title='bbox 2352 4652 2777 4725; x_wconf 85' lang='lat' dir='ltr'><strong>participatione</strong></span> <span class='ocrx_word' id='word_1_686' title='bbox 2810 4651 3115 4730; x_wconf 85' lang='lat' dir='ltr'><strong>interdicit.</strong></span> <span class='ocrx_word' id='word_1_687' title='bbox 3158 4650 3271 4704; x_wconf 83' lang='lat' dir='ltr'><strong>Etsi</strong></span> <span class='ocrx_word' id='word_1_688' title='bbox 3302 4648 3472 4710; x_wconf 88' lang='lat' dir='ltr'><strong>enim,</strong></span> <span class='ocrx_word' id='word_1_689' title='bbox 3507 4642 3593 4703; x_wconf 88' lang='lat' dir='ltr'><strong>in.-</strong></span> 
     </span>
    </p>
   </div>
   <div class='ocr_carea' id='block_1_107' title="bbox 1977 4736 3593 4815">
    <p class='ocr_par' dir='ltr' id='par_1_107' title="bbox 1977 4736 3593 4815">
     <span class='ocr_line' id='line_1_107' title="bbox 1977 4736 3593 4815; baseline -0.004 -16"><span class='ocrx_word' id='word_1_690' title='bbox 1977 4736 2147 4815; x_wconf 73' lang='lat' dir='ltr'><strong>&#39;quit,</strong></span> <span class='ocrx_word' id='word_1_691' title='bbox 2177 4744 2370 4799; x_wconf 86' lang='lat' dir='ltr'><strong>omnes</strong></span> <span class='ocrx_word' id='word_1_692' title='bbox 2398 4745 2741 4798; x_wconf 85' lang='lat' dir='ltr'><strong>humanitate</strong></span> <span class='ocrx_word' id='word_1_693' title='bbox 2773 4742 2985 4811; x_wconf 79' lang='lat' dir='ltr'><strong>indigni</strong></span> <span class='ocrx_word' id='word_1_694' title='bbox 3009 4741 3248 4805; x_wconf 80' lang='lat' dir='ltr'><strong>fuerant,</strong></span> <span class='ocrx_word' id='word_1_695' title='bbox 3281 4740 3355 4793; x_wconf 90' lang='lat' dir='ltr'><strong>ita</strong></span> <span class='ocrx_word' id='word_1_696' title='bbox 3386 4741 3593 4792; x_wconf 80' lang='lat' dir='ltr'><strong>sanctis</strong></span> 
     </span>
    </p>
   </div>
   <div class='ocr_carea' id='block_1_108' title="bbox 2011 4823 3594 4899">
    <p class='ocr_par' dir='ltr' id='par_1_108' title="bbox 2011 4823 3594 4899">
     <span class='ocr_line' id='line_1_108' title="bbox 2011 4823 3594 4899; baseline -0.004 -8"><span class='ocrx_word' id='word_1_697' title='bbox 2011 4838 2267 4893; x_wconf 83' lang='lat' dir='ltr'><strong>Patrihus</strong></span> <span class='ocrx_word' id='word_1_698' title='bbox 2299 4837 2602 4892; x_wconf 86' lang='lat' dir='ltr'><strong>decernere</strong></span> <span class='ocrx_word' id='word_1_699' title='bbox 2631 4834 2806 4890; x_wconf 73' lang='lat' dir='ltr'><strong>visum</strong></span> <span class='ocrx_word' id='word_1_700' title='bbox 2833 4844 2915 4889; x_wconf 90' lang='lat' dir='ltr'><strong>est</strong></span> <span class='ocrx_word' id='word_1_701' title='bbox 2937 4877 2952 4899; x_wconf 92' lang='lat'><strong>,</strong></span> <span class='ocrx_word' id='word_1_702' title='bbox 2987 4826 3132 4888; x_wconf 80' lang='lat' dir='ltr'><strong>adid</strong></span> <span class='ocrx_word' id='word_1_703' title='bbox 3164 4823 3424 4886; x_wconf 44' lang='lat' dir='ltr'><strong>&#39;Itimirum</strong></span> <span class='ocrx_word' id='word_1_704' title='bbox 3459 4833 3594 4884; x_wconf 82' lang='lat' dir='ltr'><strong>tern-</strong></span> 
     </span>
    </p>
   </div>
   <div class='ocr_carea' id='block_1_109' title="bbox 1979 4923 3592 5001">
    <p class='ocr_par' dir='ltr' id='par_1_109' title="bbox 1979 4923 3592 5001">
     <span class='ocr_line' id='line_1_109' title="bbox 1979 4923 3592 5001; baseline -0.005 -15"><span class='ocrx_word' id='word_1_705' title='bbox 1979 4934 2112 5001; x_wconf 80' lang='lat' dir='ltr'><strong>&#39;pus</strong></span> <span class='ocrx_word' id='word_1_706' title='bbox 2165 4930 2458 5000; x_wconf 77' lang='lat' dir='ltr'><strong>rerumque</strong></span> <span class='ocrx_word' id='word_1_707' title='bbox 2510 4937 2715 4984; x_wconf 88' lang='lat' dir='ltr'><strong>statum</strong></span> <span class='ocrx_word' id='word_1_708' title='bbox 2762 4925 3169 4981; x_wconf 90' lang='lat' dir='ltr'><strong>collimantibus</strong></span> <span class='ocrx_word' id='word_1_709' title='bbox 3206 4943 3219 4979; x_wconf 92' lang='lat'>:</span> <span class='ocrx_word' id='word_1_710' title='bbox 3262 4931 3395 4979; x_wconf 84' lang='lat' dir='ltr'><strong>tunc</strong></span> <span class='ocrx_word' id='word_1_711' title='bbox 3446 4923 3592 4978; x_wconf 89' lang='lat' dir='ltr'><strong>enim</strong></span> 
     </span>
    </p>
   </div>
   <div class='ocr_carea' id='block_1_110' title="bbox 1979 5016 3395 5094">
    <p class='ocr_par' dir='ltr' id='par_1_110' title="bbox 1979 5016 3395 5094">
     <span class='ocr_line' id='line_1_110' title="bbox 1979 5016 3395 5094; baseline -0.004 -16"><span class='ocrx_word' id='word_1_712' title='bbox 1979 5026 2315 5094; x_wconf 84' lang='lat' dir='ltr'><strong>&#39;perSecutio</strong></span> <span class='ocrx_word' id='word_1_713' title='bbox 2344 5016 2486 5075; x_wconf 81' lang='lat' dir='ltr'><strong>inter</strong></span> <span class='ocrx_word' id='word_1_714' title='bbox 2513 5019 2858 5075; x_wconf 85' lang='lat' dir='ltr'><strong>Christianos</strong></span> <span class='ocrx_word' id='word_1_715' title='bbox 2896 5019 3049 5073; x_wconf 84' lang='lat' dir='ltr'><strong>valde</strong></span> <span class='ocrx_word' id='word_1_716' title='bbox 3078 5018 3343 5073; x_wconf 79' lang='lat' dir='ltr'><strong>fervebat.</strong></span> <span class='ocrx_word' id='word_1_717' title='bbox 3388 5016 3395 5019; x_wconf 69' lang='grc'><strong><em>“</em></strong></span> 
     </span>
    </p>
   </div>
   <div class='ocr_carea' id='block_1_111' title="bbox 2084 5296 3593 5371">
    <p class='ocr_par' dir='ltr' id='par_1_111' title="bbox 2084 5296 3593 5371">
     <span class='ocr_line' id='line_1_111' title="bbox 2084 5296 3593 5371; baseline -0.002 -16"><span class='ocrx_word' id='word_1_718' title='bbox 2084 5299 2284 5356; x_wconf 86' lang='lat' dir='ltr'><strong>Verum</strong></span> <span class='ocrx_word' id='word_1_719' title='bbox 2311 5314 2494 5369; x_wconf 87' lang='lat' dir='ltr'><strong>neque</strong></span> <span class='ocrx_word' id='word_1_720' title='bbox 2545 5313 2776 5371; x_wconf 78' lang='lat' dir='ltr'><strong>magnus</strong></span> <span class='ocrx_word' id='word_1_721' title='bbox 2815 5296 3074 5363; x_wconf 88' lang='lat' dir='ltr'><strong>Basilius,</strong></span> <span class='ocrx_word' id='word_1_722' title='bbox 3122 5312 3227 5353; x_wconf 92' lang='lat' dir='ltr'><strong>nec</strong></span> <span class='ocrx_word' id='word_1_723' title='bbox 3272 5298 3443 5353; x_wconf 80' lang='lat' dir='ltr'><strong>frater</strong></span> <span class='ocrx_word' id='word_1_724' title='bbox 3470 5298 3593 5367; x_wconf 82' lang='lat' dir='ltr'><strong>ejus</strong></span> 
     </span>
    </p>
   </div>
   <div class='ocr_carea' id='block_1_112' title="bbox 2006 5372 3637 5462">
    <p class='ocr_par' dir='ltr' id='par_1_112' title="bbox 2006 5372 3637 5462">
     <span class='ocr_line' id='line_1_112' title="bbox 2006 5372 3637 5462; baseline -0.004 -16"><span class='ocrx_word' id='word_1_725' title='bbox 2006 5390 2302 5462; x_wconf 79' lang='lat' dir='ltr'><strong>Gregorius</strong></span> <span class='ocrx_word' id='word_1_726' title='bbox 2326 5389 2628 5461; x_wconf 88' lang='lat' dir='ltr'><strong>Nyssenus,</strong></span> <span class='ocrx_word' id='word_1_727' title='bbox 2658 5389 3168 5445; x_wconf 86' lang='lat' dir='ltr'><strong>sententiisiisdem</strong></span> <span class='ocrx_word' id='word_1_728' title='bbox 3202 5388 3500 5460; x_wconf 83' lang='lat' dir='ltr'><strong>conjuncti,</strong></span> <span class='ocrx_word' id='word_1_729' title='bbox 3533 5388 3591 5441; x_wconf 92' lang='lat' dir='ltr'><strong>in</strong></span> <span class='ocrx_word' id='word_1_730' title='bbox 3633 5372 3637 5381; x_wconf 62' lang='grc'><em>’</em></span> 
     </span>
    </p>
   </div>
   <div class='ocr_carea' id='block_1_113' title="bbox 2007 5481 3585 5554">
    <p class='ocr_par' dir='ltr' id='par_1_113' title="bbox 2007 5481 3585 5554">
     <span class='ocr_line' id='line_1_113' title="bbox 2007 5481 3585 5554; baseline -0.004 -14"><span class='ocrx_word' id='word_1_731' title='bbox 2007 5486 2200 5541; x_wconf 89' lang='lat' dir='ltr'><strong>eadem</strong></span> <span class='ocrx_word' id='word_1_732' title='bbox 2230 5483 2490 5554; x_wconf 89' lang='lat' dir='ltr'><strong>opinione</strong></span> <span class='ocrx_word' id='word_1_733' title='bbox 2517 5493 2824 5539; x_wconf 79' lang='lat' dir='ltr'><strong>versantur.</strong></span> <span class='ocrx_word' id='word_1_734' title='bbox 2854 5481 2948 5538; x_wconf 85' lang='lat' dir='ltr'><strong>Ille</strong></span> <span class='ocrx_word' id='word_1_735' title='bbox 2974 5483 3121 5538; x_wconf 91' lang='lat' dir='ltr'><strong>enim</strong></span> <span class='ocrx_word' id='word_1_736' title='bbox 3147 5482 3201 5535; x_wconf 91' lang='lat' dir='ltr'><strong>in</strong></span> <span class='ocrx_word' id='word_1_737' title='bbox 3238 5496 3363 5538; x_wconf 85' lang='lat' dir='ltr'><strong>can.</strong></span> <span class='ocrx_word' id='word_1_738' title='bbox 3394 5495 3585 5543; x_wconf 78' lang='lat' dir='ltr'><strong>Lxxm,</strong></span> 
     </span>
    </p>
   </div>
   <div class='ocr_carea' id='block_1_114' title="bbox 2005 5565 3590 5648">
    <p class='ocr_par' dir='ltr' id='par_1_114' title="bbox 2005 5565 3590 5648">
     <span class='ocr_line' id='line_1_114' title="bbox 2005 5565 3590 5648; baseline -0.004 -15"><span class='ocrx_word' id='word_1_739' title='bbox 2005 5592 2102 5633; x_wconf 92' lang='lat' dir='ltr'><strong>eos</strong></span> <span class='ocrx_word' id='word_1_740' title='bbox 2132 5575 2225 5646; x_wconf 89' lang='lat' dir='ltr'><strong>qui</strong></span> <span class='ocrx_word' id='word_1_741' title='bbox 2255 5575 2537 5631; x_wconf 83' lang='lat' dir='ltr'><strong>Christum</strong></span> <span class='ocrx_word' id='word_1_742' title='bbox 2579 5585 2871 5648; x_wconf 81' lang='lat' dir='ltr'><strong>negarunt,</strong></span> <span class='ocrx_word' id='word_1_743' title='bbox 2930 5586 3044 5630; x_wconf 89' lang='lat' dir='ltr'><strong>toto</strong></span> <span class='ocrx_word' id='word_1_744' title='bbox 3096 5575 3219 5629; x_wconf 68' lang='lat' dir='ltr'><strong>vita:</strong></span> <span class='ocrx_word' id='word_1_745' title='bbox 3267 5583 3513 5643; x_wconf 87' lang='lat' dir='ltr'><strong>tempore</strong></span> <span class='ocrx_word' id='word_1_746' title='bbox 3541 5565 3590 5626; x_wconf 28' lang='lat' dir='ltr'><strong>‘a</strong></span> 
     </span>
    </p>
   </div>
   <div class='ocr_carea' id='block_1_115' title="bbox 2006 5669 3591 5741">
    <p class='ocr_par' dir='ltr' id='par_1_115' title="bbox 2006 5669 3591 5741">
     <span class='ocr_line' id='line_1_115' title="bbox 2006 5669 3591 5741; baseline -0.005 -15"><span class='ocrx_word' id='word_1_747' title='bbox 2006 5679 2197 5726; x_wconf 88' lang='lat' dir='ltr'><strong>sancta</strong></span> <span class='ocrx_word' id='word_1_748' title='bbox 2219 5670 2606 5725; x_wconf 86' lang='lat' dir='ltr'><strong>communione</strong></span> <span class='ocrx_word' id='word_1_749' title='bbox 2637 5672 2807 5741; x_wconf 88' lang='lat' dir='ltr'><strong>cjicit,</strong></span> <span class='ocrx_word' id='word_1_750' title='bbox 2847 5676 2906 5724; x_wconf 89' lang='lat' dir='ltr'><strong>ut</strong></span> <span class='ocrx_word' id='word_1_751' title='bbox 2940 5670 3168 5740; x_wconf 81' lang='lat' dir='ltr'><strong>lugeant</strong></span> <span class='ocrx_word' id='word_1_752' title='bbox 3199 5678 3256 5722; x_wconf 89' lang='lat' dir='ltr'><strong>et</strong></span> <span class='ocrx_word' id='word_1_753' title='bbox 3284 5669 3591 5722; x_wconf 79' lang='lat' dir='ltr'><strong>conﬁtean-</strong></span> 
     </span>
    </p>
   </div>
   <div class='ocr_carea' id='block_1_116' title="bbox 2009 5758 3591 5831">
    <p class='ocr_par' dir='ltr' id='par_1_116' title="bbox 2009 5758 3591 5831">
     <span class='ocr_line' id='line_1_116' title="bbox 2009 5758 3591 5831; baseline -0.003 -15"><span class='ocrx_word' id='word_1_754' title='bbox 2009 5773 2118 5831; x_wconf 87' lang='lat' dir='ltr'><strong>tur,</strong></span> <span class='ocrx_word' id='word_1_755' title='bbox 2161 5762 2215 5816; x_wconf 89' lang='lat' dir='ltr'><strong>in</strong></span> <span class='ocrx_word' id='word_1_756' title='bbox 2242 5778 2342 5819; x_wconf 90' lang='lat' dir='ltr'><strong>suo</strong></span> <span class='ocrx_word' id='word_1_757' title='bbox 2363 5770 2546 5818; x_wconf 87' lang='lat' dir='ltr'><strong>autem</strong></span> <span class='ocrx_word' id='word_1_758' title='bbox 2577 5779 2606 5818; x_wconf 91' lang='lat' dir='ltr'><strong>e</strong></span> <span class='ocrx_word' id='word_1_759' title='bbox 2637 5764 2744 5817; x_wconf 83' lang='lat' dir='ltr'><strong>vita</strong></span> <span class='ocrx_word' id='word_1_760' title='bbox 2779 5763 2953 5828; x_wconf 80' lang='lat' dir='ltr'><strong>exitu,</strong></span> <span class='ocrx_word' id='word_1_761' title='bbox 2988 5758 3353 5817; x_wconf 81' lang='lat' dir='ltr'><strong>sacramentis</strong></span> <span class='ocrx_word' id='word_1_762' title='bbox 3394 5759 3591 5829; x_wconf 76' lang='lat' dir='ltr'><strong>dignos</strong></span> 
     </span>
    </p>
   </div>
  </div>
