4016 6408
528 281 663 343 1027

524 392 712 445 haberi
751 390 926 461 jubet,
965 391 1061 445 Dei
1127 390 1521 447 misericordia:
1563 392 1803 447 confisos
1854 401 1908 445 et
1957 390 2105 443 inni-

525 494 723 539 tentes.

597 577 824 648 Magnus
859 587 1043 630 autem
1078 576 1371 646 Gregorius
1398 575 1675 646 Nyssenns
1700 576 1755 630 in
1790 576 1968 646 primo
2012 588 2100 626 ca-

522 681 702 720 none:
748 666 848 731 Qui
904 667 1229 731 voluntarie,
1267 666 1464 734 inquit,
1524 666 1683 721 [idem
1720 668 1772 719 in
1811 665 2101 718 Dominum

523 771 772 815 nostrum
796 760 984 814 Jesum
1032 758 1308 814 Christum
1365 760 1667 829 negaverit,
1726 768 1781 813 et
1816 757 2102 813 Judaismo

522 856 609 907 vel
667 853 989 907 idololatria:
1035 853 1121 907 vel
1184 853 1614 917 Manicbreismo,
1668 852 1755 906 vel
1812 852 1974 906 alicui
2010 851 2100 906 alii

524 947 825 1015 impietatis
866 945 1055 1015 generi
1108 961 1341 1014 quarum
1400 960 1633 1013 magnus
1672 953 1756 998 est
1811 959 2096 1007 numerus,

524 1052 645 1091 sese
692 1035 1024 1104 adjumterit,
1088 1035 1288 1089 deinde
1345 1035 1586 1103 seipsum
1632 1032 2099 1094 condemnaverit,

524 1142 639 1185 toto
671 1132 794 1184 vita:
839 1146 951 1184 suae
1002 1138 1248 1197 tempore
1327 1127 1706 1198 paenitentiam
1765 1125 1899 1195 agit.
1949 1124 2103 1178 Nun-

523 1239 685 1293 quam
716 1224 859 1279 enim
885 1224 933 1277 ei
958 1222 1311 1286 concedetur,
1343 1221 1565 1291 quando
1622 1219 1848 1290 mystica
1893 1219 2104 1287 peragi-

525 1329 616 1372 tur
636 1319 832 1382 oratio,
866 1317 1036 1370 Deum
1068 1333 1173 1370 una
1207 1330 1330 1368 cum
1388 1313 1639 1367 ﬁdelibus
1695 1313 1960 1376 adorare;
2006 1310 2101 1364 sed

524 1418 580 1465 et
602 1410 830 1465 seorsim
887 1406 1228 1479 precabitur,
1264 1414 1319 1460 et
1356 1420 1386 1458 a
1446 1412 1914 1459 sacramentorum
1949 1417 2102 1456 com-

522 1501 785 1555 munione
815 1499 1039 1568 omnino
1067 1498 1173 1551 erit
1227 1496 1476 1556 alienus;
1537 1503 1716 1549 morte
1769 1500 1955 1546 autem
2014 1492 2102 1544 in-

525 1607 703 1652 stante
750 1610 1029 1650 sacrorum
1083 1607 1376 1647 munerum
1433 1590 1712 1661 particeps
1766 1588 1892 1641 erit.
1956 1586 2021 1639 At
2057 1584 2100 1637 si

524 1685 818 1755 contigerit
853 1698 977 1738 eum
1014 1692 1212 1752 praeter
1237 1696 1391 1752 spem
1442 1679 1849 1742 convalescere,
1908 1675 2098 1731 iisdem

526 1780 705 1846 pinnis
735 1794 834 1847 per
881 1777 1148 1845 integram
1204 1775 1366 1828 vitam
1415 1786 1611 1827 rursus
1664 1771 1770 1825 erit
1811 1769 2107 1832 obnoxius,

525 1877 995 1922 sacramentorum
1024 1867 1093 1921 ad
1127 1867 1337 1920 exitum
1360 1878 1531 1933 usque
1562 1876 1781 1931 expers.

524 2068 583 2137 6
619 2066 693 2119 De
718 2066 783 2119 iis
811 2068 901 2136 qui
929 2077 1207 2135 postquam
1237 2064 1397 2131 ﬁdem
1422 2062 1753 2133 negaverint,
1779 2060 1918 2115 alios
1949 2061 2108 2113 etiam

1114 2144 1526 2202 persequuntur.

596 2226 755 2292 Quod
778 2227 823 2279 si
856 2225 1063 2293 aliqui,
1117 2222 1297 2293 inquit
1325 2222 1358 2276 9
1405 2222 1707 2292 Ancyrame
1743 2234 1943 2286 canon,
1980 2234 2109 2274 cru-

528 2321 771 2374 ciatuum
830 2318 1099 2389 gravitate
1149 2316 1285 2369 adeo
1338 2314 1574 2385 perculsi
1608 2313 1839 2377 fuerint,
1887 2322 1949 2367 ut
1996 2329 2108 2367 non

529 2412 706 2465 solum
736 2427 768 2464 a
800 2410 904 2465 [ide
927 2410 1258 2473 desciscant,
1290 2408 1385 2462 sed
1416 2417 1471 2462 et
1500 2407 1557 2460 in
1614 2421 1710 2461 eos
1737 2407 1938 2475 quibus
1975 2404 2110 2459 ﬁdes

530 2518 676 2558 cura:
700 2512 802 2566 est,
832 2502 1141 2573 insurgant,
1200 2515 1407 2570 eosque
1437 2500 1505 2554 ad
1536 2498 1875 2554 daemonibus
1906 2496 2112 2553 sacrifi—

530 2596 763 2650 candum
797 2596 1048 2660 incitent,
1081 2603 1136 2648 et
1173 2594 1540 2657 Christianos,
1571 2590 1665 2661 qui
1722 2589 1899 2661 ignoti
1953 2596 2111 2644 erant

528 2682 969 2753 vel'absconditi,
1001 2689 1058 2741 in
1088 2687 1328 2741 medium
1352 2686 1593 2751 trahant,
1617 2683 1891 2754 perfectus
1917 2683 2109 2738 decem

528 2795 798 2835 annorum
841 2794 1103 2833 numerus
1136 2778 1203 2833 iis
1242 2779 1619 2849 pmnitentiam
1647 2776 1933 2848 agentibus
1980 2789 2110 2845 per-

530 2874 730 2927 fectam
787 2872 1170 2925 remissionem
1220 2870 1533 2925 emetietur.
1567 2867 1683 2922 Non
1724 2867 1872 2922 enim
1932 2880 2110 2920 canon

532 2967 620 3020 hic
684 2963 753 3019 de
813 2964 974 3018 {idem
1018 2978 1245 3033 prorsus
1305 2961 1633 3032 negantibus
1664 3000 1678 3024 ,
1724 2971 1779 3014 et
1830 2958 2111 3031 religionis

529 3056 780 3112 hostibus
827 3056 1067 3119 disserit,
1106 3056 1197 3125 qui
1247 3054 1508 3109 Ecclesiae
1560 3062 1940 3123 persecutores
1987 3065 2109 3106 sese

531 3156 720 3215 aperte
771 3148 1175 3212 exhibuernnt;
1236 3145 1293 3200 hi
1336 3146 1483 3198 enim
1541 3144 1667 3198 licet
1729 3143 2108 3213 paenitentiam

527 3252 713 3312 agant,
740 3240 1081 3311 gravioribus
1131 3240 1313 3310 pwnis
1334 3255 1497 3310 quam
1523 3240 1589 3293 iis
1619 3253 1753 3308 quas
1805 3238 1915 3292 duo
1974 3253 2111 3306 pra:-

527 3335 658 3388 dicti
686 3350 927 3389 canones
950 3335 1275 3396 decernunt,
1309 3334 1355 3386 si
1410 3322 1524 3388 fieri
1580 3339 1779 3402 potest,
1810 3331 2109 3400 subjicien-

527 3437 634 3481 tur.
667 3425 786 3479 Non
831 3425 1017 3495 itaque
1051 3427 1149 3479 hos
1188 3424 1459 3495 intelligit,
1525 3426 1622 3479 sed
1654 3438 1749 3478 eos
1779 3423 1870 3493 qui
1928 3421 2109 3478 adhuc

527 3517 835 3571 orthodoxe
899 3517 1191 3582 sentiunt,
1240 3527 1392 3570 metu
1446 3525 1628 3570 autem
1687 3523 2105 3579 tormentorum,

528 3627 587 3666 se
618 3612 910 3680 impiorum
943 3613 1212 3682 dogmatis
1238 3612 1495 3667 assentiri
1544 3611 1827 3666 simulant.

601 3878 830 3951 Magnus
883 3889 1065 3934 autem
1099 3881 1455 3946 Athanasius,
1488 3882 1545 3936 in
1578 3882 1812 3952 epistola
1841 3883 1909 3938 ad
1937 3884 2108 3939 Rulli-

527 3976 756 4028 nianum
780 4012 793 4032 .
833 3974 907 4026 Ex
935 3973 1340 4039 sacerdotibus,
1367 3974 1563 4045 inquit,
1588 3976 1683 4045 qui
1737 3991 1862 4031 cum
1890 3976 2108 4032 Arianis

526 4066 1023 4129 communit-arum,
1062 4066 1099 4119 ii
1131 4066 1350 4134 quidem
1413 4067 1507 4137 qui
1541 4067 1595 4122 vi
1648 4068 1901 4124 subducti
1955 4082 2103 4137 sunt,

526 4158 792 4212 canonice
821 4158 1192 4229 corriguntur,
1221 4174 1252 4213 e
1281 4157 1405 4214 loco
1435 4169 1616 4215 autem
1668 4161 1881 4217 ordinis
1941 4178 2105 4233 quem

462 4240 473 4249 ’
526 4250 706 4304 sortiti
734 4259 885 4311 sunt,
916 4264 1029 4303 non
1061 4249 1397 4319 ejiciuntur;
1429 4251 1705 4321 praecipue
1734 4254 1782 4309 si
1815 4255 2104 4322 rationem,

529 4342 605 4394 uti
645 4341 920 4403 dixerunt,
984 4357 1110 4395 cum
1142 4342 1211 4396 iis
1246 4342 1473 4396 minime
1502 4346 1937 4400 consentientem
2001 4348 2103 4401 ha-

527 4432 772 4493 buerint,
808 4440 864 4485 et
896 4447 953 4485 se
983 4432 1242 4501 prudenti
1274 4433 1499 4487 consilio
1529 4450 1651 4488 cum
1674 4435 1744 4490 iis
1790 4440 2105 4493 communi-

526 4538 680 4578 ca~se
706 4523 1109 4589 sitnulavcrint,
1147 4534 1453 4580 metuentes
1496 4542 1574 4601 ne
1625 4529 1758 4598 ipsis
1813 4546 1920 4583 una
1976 4546 2101 4585 cum

528 4615 795 4686 religione
834 4614 1094 4686 expulsis,
1153 4614 1410 4672 Ecclesiae
1438 4634 1535 4687 per
1587 4620 1880 4688 impiorum
1929 4621 2103 4677 intro-

529 4708 844 4762 ductionem
875 4720 1384 4778 corrumperentur.
1414 4711 1519 4776 Qui
1553 4722 1735 4766 autem
1768 4722 1881 4767 non
1927 4716 2103 4768 solum

527 4802 1023 4863 communicarunt,
1052 4802 1147 4855 sed
1173 4810 1228 4856 et
1256 4817 1355 4870 pro
1384 4802 1594 4856 viribus
1642 4802 1756 4857 suis
1808 4805 2104 4872 impietatis

530 4901 971 4961 propugnatores
1000 4900 1056 4946 et
1084 4893 1299 4963 patroni
1352 4891 1593 4958 fuerunt,
1626 4893 1670 4947 si
1724 4895 2104 4962 penitentiam

490 5002 501 5011 ·
533 4994 717 5053 agant,
749 4998 859 5037 non
897 4984 1080 5054 pcenis
1108 4983 1389 5053 praedictis
1444 4983 1830 5054 subjiciuntur,
1861 4987 1956 5040 sed
2013 5004 2103 5042 sa-

530 5078 776 5132 cerdotio
825 5079 974 5132 exuti
1028 5079 1086 5132 in
1155 5079 1423 5132 laicorum
1474 5077 1595 5133 loco
1673 5074 2101 5138 constituuntur.

526 5168 707 5222 Laicis
741 5183 873 5222 vero
913 5170 1155 5224 seductis
1188 5180 1282 5224 aut
1326 5172 1433 5225 vim
1468 5170 1642 5239 passis
1699 5173 1857 5225 venia
1898 5172 2103 5229 indulta

525 5269 631 5319 est,
664 5268 950 5328 postquam
989 5262 1250 5317 canonice
1278 5265 1509 5318 correcti
1546 5263 1770 5326 fuerint.
1805 5272 1859 5319 et
1888 5267 2104 5321 haereti-

524 5365 718 5404 corum
751 5350 1041 5419 opiniones
1070 5365 1256 5423 aperte
1288 5355 1900 5432 anathematizaverint,
1929 5369 1983 5413 et
2043 5360 2103 5413 ft-

525 5434 649 5489 dem
684 5438 1048 5493 orthodoxam
1073 5440 1267 5496 Niema:
1288 5443 1664 5500 conﬁrmatam
1722 5462 1780 5499 se
1810 5447 1864 5500 in
1891 5448 2102 5502 honore

524 5524 814 5583 habituros
875 5531 1105 5599 polliciti
1146 5532 1372 5587 fuerint.
1413 5533 1585 5600 Hanc,
1640 5536 1844 5606 inquit,
1882 5550 2106 5594 senten-

523 5618 652 5672 tiam
689 5636 799 5675 non
829 5621 947 5691 ipse
976 5624 1343 5691 solummodo,
1383 5628 1479 5681 sed
1506 5638 1561 5682 et
1596 5630 1772 5683 sancti
1797 5628 1987 5685 Patres
2046 5633 2101 5687 in

524 5724 640 5781 syn.
669 5714 981 5783 ubicunque
1010 5720 1315 5788 congregati
1351 5720 1579 5789 professi
1607 5730 1753 5775 sunt.

1718 277 2084 338 MA'l‘TIL'EI
2122 277 2548 338 BLASTARIS

3605 285 3712 348 1028

2133 399 2178 449 Α
2210 394 2447 455 κελεύει,
2490 398 2557 464 τῇ
2611 394 2705 448 τοῦ
2736 396 2872 449 Θεοῦ
2918 396 3332 467 τεθαρρηκότας
3360 397 3449 452 καὶ
3476 415 3717 453 πεπιστευ-

2209 488 2376 551 κότας
2406 489 2597 554 φιλανθ
2607 491 2808 560 ρωπίᾳ.

2294 579 2352 630 Ὀ
2383 581 2439 631 δὲ
2479 579 2705 650 Νύσσης
2747 582 2923 649 μέγας
2962 582 3267 653 Γρηγόριος
3294 586 3349 636 ὲν
3372 582 3446 653 τῷ
3475 591 3519 639 α’
3547 586 3714 654 κανόνι,

2219 671 2280 722 '0
2320 672 2607 735 ἑκουσίως,
2649 675 2805 743 φησὶ,
2851 674 2949 744 τὴν
2981 675 3062 738 είς
3112 676 3202 728 τὸν
3246 675 3444 746 Κύριον
3477 677 3612 745 ἡμῶν
3637 679 3719 749 ’1η-

2212 760 2343 813 σοῦν
2371 764 2607 832 Χριστὸν
2637 764 3024 833 ἀρνησάμενος
3062 764 3265 830 πίστιν,
3312 766 3403 819 καὶ
3428 765 3715 837 Ἰουδαϊσμῷ,

2208 855 2241 924 ἢ
2277 855 2721 928 εἰδωλολατρείᾳ,
2758 857 2790 927 ἢ
2834 858 3230 928 Μανιχαῖσμῷ,
3270 859 3303 928 ἦ
3350 858 3488 929 ἄλλῳ
3520 862 3615 912 τινὶ
3638 862 3719 912 τῶν

2209 949 2308 1018 τῆς
2337 949 2527 1013 ἀθεῖας
2557 950 2716 1003 εἰδῶν
2752 951 2924 1003 ὄντων
2950 951 3216 1021 πλειόνων
3241 937 3608 1022 προσθέμενος,
3631 950 3723 1007 εἶτα.

2209 1044 2516 1107 καταγνοὺς
2586 1042 2826 1109 ἑαυτοῦ,
2887 1045 3186 1113 μετάνοιαν
3242 1045 3608 1115 εἰσπράττεται
3662 1046 3721 1116 τῷ

2208 1132 2387 1200 χρόνῳ
2411 1132 2513 1200 τῆς
2552 1134 2700 1204 ζωῆς
2738 1124 2911 1188 αὑτοῦ
2960 1138 3557 1209 συμπαρατεινομένην.
3594 1140 3724 1194 Οὐδέ-

2209 1242 2344 1277 ποτε
2371 1227 2481 1295 γάρ
2534 1228 2633 1295 τῆς
2688 1229 2958 1297 μυστικῆς
2988 1230 3159 1299 εὐχῆς
3190 1230 3596 1300 ἐπιτελουμένης
3621 1231 3723 1283 σύν-

2211 1334 2243 1368 α
2254 1335 2330 1386 μα
2383 1321 2496 1380 τοῖς
2526 1322 2741 1383 πιστοῖς
2772 1321 2863 1373 τὸν
2888 1321 3025 1373 Θεδν
3057 1324 3385 1392 προσκυνεῖν
3410 1321 3569 1393 τούτῳ
3604 1324 3723 1391 ἐφεῖ-

2210 1426 2325 1468 ται,
2372 1410 2512 1463 ἀλλά
2561 1412 2658 1464 καὶ
2701 1413 2845 1465 κατά
2887 1414 3059 1482 μόνας
3108 1414 3485 1484 προσεύξεται,
3532 1414 3725 1485 καὶτῆς

2212 1504 2500 1565 κοινωνίας
2520 1503 2631 1556 τῶν
2660 1504 3021 1575 ἀγιασμάτων
3042 1505 3279 1560 καθόλου
3311 1506 3570 1577 ἀλλότριος
3588 1506 3723 1561 ἔσται·

2212 1592 2307 1644 τοῦ
2340 1594 2398 1646 δὲ
2428 1594 2664 1648 Θανάτου
2692 1597 3092 1675 ἐφισταμένου,
3115 1598 3218 1668 τῆς
3242 1598 3455 1669 μερίδος
3478 1598 3577 1652 τῶν
3602 1599 3727 1653 θείων

2215 1682 2588 1754 μεταλήψεται
2622 1684 2833 1755 δώρων.
2867 1686 2999 1757 Εἴγε
3027 1690 3136 1759 μὴν
3166 1688 3406 1760 συμϐαίη
3434 1689 3554 1759 παρ’
3578 1688 3729 1742 ἐλπίδα

2209 1775 2400 1829 τοῦτον
2458 1778 2771 1845 ἐπιϐιῶναι,
2821 1781 2932 1835 τῶν
2972 1782 3156 1836 αὐτῶν
3208 1782 3450 1846 εἰσαῦθις
3492 1782 3730 1852 ἐπιτιμίων

2212 1867 2466 1929 ὑπόδικος
2513 1869 2699 1925 ἔσεται
2743 1871 2832 1925 διὰ
2862 1873 3002 1942 βίου,
3035 1873 3148 1927 τῶν
3196 1874 3546 1944 ἀγιασμάτων
3577 1875 3730 1946 μέχρις

2211 1959 2384 2028 αὐτῆς
2414 1961 2735 2032 εἰργόμενος
2760 1964 2864 2034 τῆς
2889 1965 3093 2030 ἐξόδου.

2138 1750 2181 1804 Β

2316 2074 2459 2143 Περὶ
2501 2076 2620 2129 τῶν
2647 2080 2802 2145 μετὰ
2831 2078 2961 2152 τὴν·
2994 2081 3262 2149 ἄρνησιν
3306 2084 3403 2140 καί
3445 2084 3657 2152 ἐτέρους

2818 2150 3191 2215 διωξάντων.

2286 2238 2349 2291 Εἰ
2382 2237 2438 2290 δέ
2474 2256 2641 2305 τινες,
2670 2245 2698 2295 ό
2728 2242 2951 2306 ἔννατος
2997 2243 3100 2313 τῆς
3135 2246 3197 2299 εν
3231 2246 3473 2319 Ἀγκύρᾳ
3516 2248 3633 2317 φησὶ
3655 2263 3734 2301 κα-

2213 2328 2341 2394 νὼν,
2363 2330 2618 2385 τοσοῦτον
2643 2333 3080 2404 κατεπλάγησαν
3106 2337 3170 2390 τὸ
3197 2337 3337 2410 βαρὺ
3359 2340 3464 2393 τῶν
3484 2339 3732 2399 κολάσεων,

2212 2420 2288 2482 ὡς
2322 2420 2397 2490 μὴ
2427 2422 2510 2474 ὅτι
2539 2423 2638 2492 τῆς
2657 2425 2895 2488 πίστεως
2916 2428 3252 2500 ἀποστῆναι,
3282 2430 3420 2485 ἀλλά
3451 2430 3541 2486 καὶ
3568 2428 3731 2493 κατεξ-

2215 2511 2524 2581 αναστῆναι
2581 2509 2661 2578 οἷς,
2695 2516 2936 2587 ἐμέλησε
2964 2520 3073 2573 τῶν
3097 2521 3200 2590 τῆς
3234 2522 3491 2588 πίστεως,
3524 2521 3735 2576 ὥστεκαὶ

2214 2601 2365 2655 Θύειν
2406 2605 2746 2675 προτρέπειν
2795 2608 3074 2679 δαίμοσιν,
3113 2612 3149 2683 ἢ
3203 2614 3588 2686 ἀγνοουμένους
3620 2614 3734 2666 ἐστιν

2213 2694 2309 2757 οὓς
2368 2699 2747 2770 καταμηνύειν
2784 2696 2874 2755 οἷα
2918 2703 3371 2778 Χριστιανοὺς,ἢ
3418 2708 3506 2762 καὶ
3543 2722 3736 2779 κρυπτο-

2218 2791 2418 2857 μένους
2462 2790 2542 2853 εἰς
2576 2792 2744 2860 μέσον
2781 2792 2988 2859 ἕλκειν,
3039 2796 3068 2847 ὁ
3104 2797 3208 2865 τῆς
3253 2798 3530 2864 δεκαετίας
3572 2798 3735 2859 τέλειος

2215 2881 2454 2951 ἀριθμὸς
2483 2884 2546 2935 τὸ
2573 2885 2781 2939 τέλειον
2814 2885 2917 2954 τῆς
2954 2887 3211 2957 ἀφέσεως
3235 2891 3446 2955 τούτοις
3489 2890 3737 2961 μεταμελοέ

2217 2974 2402 3044 μένοις
2434 2976 2820 3048 ὲπιμετρήσει.
2851 2979 2925 3031 Οὐ
2960 2979 3070 3050 γάρ
3105 2980 3284 3052 δήπου
3316 2983 3444 3053 περὶ
3484 2983 3583 3035 τῶν
3608 2980 3734 3049 ἐξάρ-

2134 3076 2180 3139 C
2213 3083 2320 3120 νων
2353 3067 2529 3139 πάντη
2555 3070 2963 3139 γεγενημένων,
2988 3074 3084 3125 καὶ
3113 3075 3450 3139 ἀπεναντίας
3481 3075 3736 3145 ἱσταμένων

2212 3163 2280 3232 τῇ
2311 3159 2539 3231 ἀσεϐείᾳ
2570 3164 2598 3214 ὁ
2643 3162 2829 3217 κανὼν
2849 3156 3007 3228 οὗτος
3036 3164 3321 3234 διέξεισιν,
3361 3168 3515 3239 οἵπερ
3546 3166 3640 3236 ἄρα
3664 3165 3738 3218 καὶ

2212 3243 2440 3306 διῶκτξιι
2471 3257 2571 3323 τῆς
2602 3251 2943 3323 Ἐκκλησίας
2975 3260 3290 3328 πεφήνασιν
3338 3259 3565 3329 ἀτεχνῶς
3587 3273 3599 3287 ·
3627 3256 3737 3307 ἐκεῖ·

2213 3366 2293 3399 νοι
2325 3350 2457 3417 γὰρ,
2495 3350 2549 3401 εῐ
2575 3365 2637 3417 γε
2671 3348 2770 3402 καὶ
2799 3350 3019 3418 ἀληθῶς
3054 3355 3401 3422 μεταγνοῐεν,
3434 3352 3523 3405 καὶ¹
3556 3345 3738 3420 βαρυτέ-

2217 3455 2346 3507 ρων,
2380 3438 2430 3491 εί
2476 3432 2592 3491 οἷόν
2647 3456 2731 3503 τε,
2775 3441 3218 3512 πειραθήσονται
3251 3445 3360 3497 τῶν
3410 3436 3734 3512 surripiwa

2212 3530 2262 3580 oi
2286 3530 2391 3599 πρὸ
2431 3530 2624 3582 τούτου
2672 3529 2935 3602 ῥηθέντες
2980 3533 3148 3603 ἄμφω
3202 3534 3472 3589 δικαιοῦσι
3533 3532 3734 3590 κανόνες.

2211 3622 2288 3676 Οὐ
2318 3623 2383 3694 δὴ
2414 3622 2640 3687 τούτους
2665 3626 2854 3696 φησὶν,
2869 3627 3007 3681 ἀλλά
3031 3629 3158 3693 τοὺς
3182 3629 3262 3683 ἔτι
3294 3631 3394 3701 μὲν
3417 3630 3483 3683 τά
3501 3628 3598 3683 τῶν
3618 3625 3738 3696 ὀρθο-

2211 3712 2379 3778 δόξων
2405 3714 2761 3783 φρονοῦντας,
2787 3715 2900 3769 δέει
2927 3733 2993 3785 γε
3025 3719 3134 3789 μὴν
3161 3720 3275 3774 τῶν
3302 3720 3541 3791 βασάνων
3571 3717 3630 3770 τὰ
3651 3711 3737 3767 τῶν

2212 3805 2428 3858 ἀσεϐῶν
2463 3808 2803 3878 ὑπέρχεσθαι
2844 3810 3296 3882 σκηπτομένους.

2293 3898 2351 3952 Ὀ
2374 3898 2432 3952 δὲ
2470 3900 2645 3969 μένας
2675 3901 2997 3967 Ἀθανάσιος
3050 3906 3110 3958 ὲν
3137 3909 3208 3979 τῇ
3237 3910 3375 3977 πρὸς
3410 3897 3735 3975 Ῥουφινιανδν

2209 3991 2490 4061 δπιστολῇ,
2522 3992 2645 4047 Τῶν
2672 3997 3155 4067 κεκοινωνηκότων
3178 4003 3297 4063 τοῖς
3317 3999 3385 4052 τὰ
3411 3999 3606 4070 ’Δρείου
3633 4008 3736 4061 φρο-

2209 4083 2395 4136 νοῦσιν
2430 4085 2769 4154 ἱερωμένων,
2795 4089 2951 4157 φησὶ,
2985 4091 3033 4142 οἱ
3063 4091 3162 4160 μὲν
3219 4092 3313 4163 βίᾳ
3340 4088 3735 4159 καθυπαχθέντες

2209 4177 2516 4240 κανονικῶς
2547 4179 2648 4247 μὲν
2696 4180 3036 4246 εὐθύνονται,
3079 4183 3179 4237 τοῦ
3213 4185 3380 4241 τόπου
3438 4185 3491 4237 δὲ
3517 4178 3580 4255 ἧς
3612 4178 3736 4250 μετὲ-

2208 4268 2372 4339 λαχον
2400 4268 2611 4333 τάξεως
2640 4274 2742 4325 οὐκ
2774 4274 3162 4340 ὲκϐἀλλονται,
3202 4280 3298 4332 καὶ
3347 4278 3571 4349 μάλιστα
3601 4276 3643 4327 εἰ
3664 4272 3735 4325 τὸν

2209 4364 2469 4432 λογισμὸν
2523 4363 2727 4432 ἥκιστα
2775 4361 2922 4437 εἶχον
2976 4369 3212 4432 ὲκείνοις
3272 4370 3637 4442 συμϐαίνοντα,
3678 4362 3736 4422 ὥς

2212 4446 2370 4520 φοὶσι,
2404 4452 2470 4505 δι’
2501 4455 2820 4526 οἰκονομίαν
2849 4456 2905 4508 δὲ
2943 4459 3407 4530 κεκοινωνηκέναι
3451 4451 3736 4529 προσεποιή-

2211 4557 2395 4603 σαντο,
2436 4542 2548 4595 δέει
2570 4543 2665 4597 τοῦ
2692 4545 2768 4615 μὴ
2791 4546 3070 4616 φθαρῆναι
3100 4549 3203 4613 τὰς
3231 4550 3526 4620 ἐκκλησίας
3567 4549 3626 4617 τῇ
3649 4543 3733 4596 τῶν

2208 4634 2493 4689 ὃυσσεϐὦν
2520 4638 2930 4710 ἀντεισαγωγῇ,
2962 4641 3144 4696 αὐτῶν
3179 4643 3486 4713 ὑπερορίων
3515 4641 3637 4711 μετά
3657 4635 3735 4703 τῆς

2208 4725 2492 4781 εὐσεϐείας
2524 4732 2940 4798 γεγενημένων.
2977 4733 3039 4784 Οἱ
3069 4733 3127 4786 δὲ
3158 4735 3295 4804 πρὸς
3338 4736 3415 4805 τῷ
3451 4743 3734 4793 κεκοινωνη-

2209 4817 2365 4870 κέναι
2397 4818 2492 4870 atati.
2521 4822 2620 4888 τῆς
2652 4821 2909 4885 ἀσεϐείας
2927 4822 3487 4897 ὑπεραγωνιζόμενοι,
3508 4824 3596 4877 καὶ
3630 4836 3732 4872 συν-

2206 4911 2540 4980 ηγοροῦντες
2588 4915 2668 4977 είς
2702 4914 2957 4987 δύναμιν,
2994 4919 3055 4971 οὐ
3120 4922 3237 4984 τοῖς
3275 4922 3568 4992 ἐπιτιμίοις
3602 4930 3733 4988 μετα·

2210 5002 2499 5071 μελόμενοι
2533 5007 3068 5070 καθυποϐάλλονται.
3106 5013 3246 5066 ἀλλὰ
3283 5014 3632 5083 γυμνούμενοι
3656 5005 3731 5072 τῆς

2208 5093 2533 5164 ἱερωσύνης,
2561 5097 2617 5149 ὲν
2649 5101 2717 5169 τῇ
2749 5100 2858 5153 τῶν
2883 5100 3090 5157 λαῖκῶν
3119 5106 3408 5159 τάττονται
3450 5104 3609 5177 χώρᾳ.
3634 5101 3731 5157 Τοῖς

2204 5182 2264 5234 δὲ.
2294 5184 2680 5256 ἀπατηθεῖσιν,
2716 5188 2748 5257 ἢ
2782 5189 2903 5258 βίαν
2936 5193 3171 5262 παθοῦσι
3211 5194 3442 5259 λαῖκοίς,
3475 5190 3727 5262 συγγνώμη

2960 5258 2998 5275 _
3408 5258 3411 5259 ν
3548 5258 3558 5262 -

2205 5276 2433 5343 δίδοται,
2491 5281 2793 5344 κανονικῶς
2852 5284 3122 5355 πρότερον
3177 5287 3615 5356 επιτιμωμένοιςν
3658 5280 3729 5332 καὶ

2211 5372 2461 5439 φανερῶς
2492 5373 2930 5443 ἀναθεματίσασι
2956 5378 3023 5430 τὰ
3053 5378 3162 5431 τῶν
3207 5380 3514 5449 αἱρετικῶν,
3547 5377 3632 5429 καὶ
3653 5372 3729 5434 τὴν

2207 5463 2265 5513 εν
2297 5462 2505 5533 Νικαίᾳ.
2535 5464 2818 5533 ὀρθόδοξον
2861 5469 3044 5524 πίστιν
3094 5470 3418 5542 πρεσϐεύειν
3484 5471 3731 5537 ὑπισχνου-

2212 5556 2416 5621 μένοις.
2458 5555 2678 5629 Ταύτην
2709 5562 2809 5614 οὐκ
2858 5564 2991 5630 ἐγὼ,
3039 5564 3192 5634 φησὶ,
3233 5565 3392 5634 μόνος
3437 5564 3529 5635 τὴν
3562 5560 3727 5631 ψῆφον,

2207 5647 2326 5699 ἀλλ’
2366 5649 2416 5699 οἱ
2447 5650 2540 5702 καὶ
2572 5653 2653 5712 εἰς
2689 5655 2942 5719 συνόδους
2976 5657 3209 5720 τοπικὰς
3244 5655 3601 5728 ἀθροισθέντες
3623 5650 3727 5701 θεῖοι

2211 5738 2453 5807 Πατέρες
2482 5741 2810 5812 ἐξήνεγκαν.

2134 4412 2181 4467 D
