4016 6388
330 304 475 369 1023

475 419 616 487 Περὶ
648 416 768 471 τῶν
807 416 1251 487 ἀρνησαμένων
1288 412 1783 484 κατηχουμένων.

403 510 540 566 Οὐδὲ
600 513 728 574 τοὺς
785 510 1286 580 περιπεπτωκότας
1336 509 1445 561 τῶν
1489 506 1921 577 κατηχουμένων

322 602 669 666 ’ἀνευθύνους
704 604 969 673 περιιδεῖν
1002 606 1049 656 οἱ
1086 602 1223 655 θεῖοι
1256 602 1505 671 Πατέρες
1538 602 1820 668 ἐνόμισαν.
1858 598 1921 651 '0

334 695 442 764 γὰρ
472 694 534 747 ιδ’
567 698 668 765 τῆς
706 694 754 747 α’
788 695 1009 748 συνόδου
1045 694 1230 748 κανὼν
1286 694 1364 756 εἰς
1396 693 1577 762 τρίτον
1608 691 1729 752 ἔτος
1759 695 1817 743 ὲν
1842 690 1921 760 τῷ

332 789 442 841 τῶν
488 787 861 857 ἀκροωμένων
910 787 1175 856 ἐπιτιμίῳ
1223 784 1439 838 κελεύει
1502 784 1752 852 γίνεσθαι
1797 785 1925 846 τοὺς

334 877 634 941 τοιούτους,
665 874 764 929 εἷθ’
792 877 935 930 οὕτω
969 878 1107 947 πρὸς
1139 876 1238 946 τὴν
1270 878 1545 947 προτέραν
1574 875 1727 940 τάξιν
1754 877 1926 928 ἐπαν-

335 972 498 1033 ιέναι,
538 974 629 1024 καὶ
662 976 776 1035 τοῖς
809 972 1247 1041 κατηχουμένοις
1279 970 1666 1042 συνεύχεσθαι.

422 1065 480 1116 '0
508 1065 563 1116 δὲ
622 1065 718 1131 τῆς
767 1067 823 1116 ὲν
852 1065 1098 1136 Ἀγκύρῃ
1140 1063 1209 1135 ιβ’
1258 1064 1445 1117 κανὼν
1492 1066 1621 1127 τοὺς
1689 1063 1795 1131 πρὸ
1829 1062 1923 1116 τοῦ

342 1158 719 1227 βαπτῖσματος
745 1158 1065 1221 τεθυκότας,
1099 1161 1237 1227 μετᾶ
1264 1158 1325 1211 τὸ
1357 1158 1665 1228 βάπτισμα,
1693 1156 1753 1210 εὖ
1782 1155 1925 1226 μάλα

336 1250 434 1303 τοῦ
468 1252 636 1318 ἄγους
674 1251 1184 1321 ἀποπλυναμένους,
1221 1252 1315 1305 καὶ
1360 1254 1438 1311 εἰς
1470 1249 1776 1321 ἱερωσύνην
1804 1252 1924 1303 ὲπι-

342 1345 576 1413 σκήπτει
620 1345 981 1413 προάγεσθαι.

339 1456 479 1524 Περὶ
518 1455 638 1509 τῶν
690 1457 1204 1523 ἀναγκασθέντων
1258 1457 1645 1526 ἀρνήσασθαι
1694 1456 1791 1509 καί
1837 1458 1924 1526 μὴ

872 1536 875 1539 ’
897 1528 1374 1596 ὖποκυψὰντων.

389 1622 483 1672 ’⁵0
511 1639 572 1689 γε
615 1622 723 1690 μὴν
767 1627 817 1688 γ’
849 1622 949 1690 τῆς
984 1625 1040 1674 ὲν
1076 1620 1324 1692 Ἀγκύρᾳ
1354 1622 1536 1675 κανὼν
1577 1623 1707 1685 τοὺς
1757 1624 1925 1674 ἐκπο-

340 1710 445 1763 δὼν
480 1712 593 1771 τοῖς
648 1709 908 1763 διώκουσι
962 1712 1312 1781 γενομένους,
1364 1712 1508 1764 κατὰ
1541 1714 1639 1777 τὴν
1689 1713 1919 1781 φεύγειν

340 1802 471 1856 ὅταν
499 1802 773 1856 διώκωσιν
817 1805 968 1873 ἡμᾶς
1006 1803 1337 1857 κελεύουσαν
1377 1805 1621 1875 ἐντολὴν,
1648 1806 1931 1875 διαδρᾶναι

339 1893 396 1946 δὲ
424 1893 628 1957 τελέως
677 1895 753 1963 μὴ
805 1894 1167 1963 δυνηθέντας,
1199 1894 1338 1949 ἀλλὰ
1380 1896 1792 1967 συλληφθέντας
1833 1898 1929 1950 καὶ

343 1986 479 2056 πρὸς
514 1986 636 2056 βίαν
681 1987 1139 2054 ἀναγκασθέντας
1188 1988 1220 2058 ἦ
1275 1988 1577 2042 λιϐανωτὸν
1610 1992 1689 2052 είς
1738 1991 1928 2060 χεῖρας

343 2079 627 2144 δέξασθαι,
664 2079 696 2149 ἢ
728 2079 807 2150 τῷ
842 2081 1075 2148 στόματι.
1104 2081 1215 2135 τῶν
1254 2082 1492 2151 ἀνιέρων
1527 2083 1772 2136 σπονδῶν
1802 2085 1932 2153 γεύ-

348 2173 572 2237 σασθαι,
607 2174 666 2225 ού
705 2172 811 2243 μὴν
839 2174 1205 2243 ἀνεχομένους
1236 2173 1384 2244 ἔχειν
1418 2177 1568 2243 σιγῇ,
1601 2174 1739 2229 ἀλλὰ
1768 2174 1933 2246 βοῶν-

338 2282 442 2327 τας
488 2262 628 2318 εἶναι
660 2268 1051 2336 Χριστιανοὺς,
1092 2261 1183 2320 οἶα
1213 2267 1303 2320 τὸν
1332 2266 1595 2338 λογισμὸν
1644 2269 1929 2337 κεκτημέ-

341 2375 468 2421 νους
502 2358 796 2427 ἀήττητον,
827 2358 1054 2422 τούτους
1080 2358 1155 2422 ὡς
1186 2360 1390 2429 ἥκιστα
1424 2361 1797 2431 ἁμαρτόντας,
1832 2364 1930 2432 τῆς

338 2450 632 2513 κοινωνίας
661 2451 776 2504 δεῖν
808 2451 993 2522 ἔκρινε
1031 2452 1108 2523 μὴ
1136 2452 1487 2523 ὲξείργεσθαι
1514 2469 1529 2485 ο
1561 2455 1622 2506 οὐ
1656 2455 1816 2525 μόνον
1847 2456 1927 2522 δὲ,

340 2543 479 2596 ἀλλὰ
508 2543 604 2596 καὶ
645 2545 725 2607 είς
765 2544 1075 2615 ἱερωσύνην
1124 2544 1295 2615 μηδὲν
1344 2544 1753 2609 ὲπιδοιάζοντας
1792 2565 1900 2618 προ
1916 2578 1931 2587 -η

340 2635 609 2699 διδάξειν,
662 2636 777 2703 εἴγε
838 2637 932 2689 καὶ
978 2639 1006 2690 ὁ
1038 2637 1241 2707 προτοῦ
1289 2636 1403 2708 βίος
1456 2637 1669 2702 τούτοις
1701 2635 1814 2710 εἶχε
1870 2641 1931 2694 τὺ

340 2728 755 2799 ἀνεπίληπτονο
794 2730 855 2781 οὐ
906 2730 1017 2801 γὰρ
1048 2729 1141 2783 τοῦ
1180 2731 1280 2798 τῆς
1329 2731 1630 2801 ὁμολογίας
1663 2736 1931 2803 στεφάνου

341 2820 678 2890 διήμαρτον.

284 2903 303 2916 ’
416 2912 572 2966 Οὕτω
614 2915 742 2984 περὶ
778 2915 887 2968 τῶν
938 2915 1197 2969 τοιούτων
1237 2919 1335 2971 καὶ
1386 2919 1415 2971 ό
1470 2920 1800 2991 ίερομάρτυς
1830 2921 1933 2974 Πέ-

345 3022 469 3073 τρος
499 3006 797 3075 ψηφίζεται
840 3008 898 3058 ἐν
924 3006 1001 3075 τῷ
1040 3007 1102 3060 ιδ’
1142 3008 1357 3063 κανόνι.

850 3096 1035 3165 Νόμοι
1077 3100 1379 3152 πολιτικοί
1385 3140 1399 3154 .

415 3189 477 3241 Οἱ
511 3187 837 3254 ἀξιωθέντες
866 3189 961 3241 τοῦ
998 3190 1154 3257 ἁγίου
1195 3190 1593 3260 βαπτίσματος,
1632 3193 1726 3246 καὶ
1759 3194 1920 3247 πάλιν

333 3256 737 3352 ’ἑλληνίζοντεῇ
768 3282 975 3352 ἐσχάτῃ
1003 3256 1248 3354 τιμωρίᾳ
1286 3256 1623 3340 ὑπόκεινται.

400 3462 470 3515 Οἱ
501 3461 841 3524 ἀποστάντες
867 3461 965 3530 τῆς
1007 3460 1114 3513 τῶν
1152 3460 1451 3531 ὀρθοδόξων
1518 3462 1777 3527 πίστεως,
1824 3467 1921 3517 καὶ

336 3552 607 3620 αἱρετικοὶ
639 3551 951 3619 γενόμενοι,
983 3551 1015 3621 ἢ
1047 3550 1331 3615 θύσαντες,
1361 3553 1392 3622 ἢ
1429 3552 1591 3606 θῦσαί
1616 3572 1722 3607 τινι
1751 3557 1924 3625 ἐπάγ-

334 3643 676 3712 γειλάμενοι,
713 3644 773 3695 ού
823 3641 1076 3697 δύνανται
1126 3644 1550 3717 διατίθεσθαι,ἢ
1604 3648 1939 3715 δωρεῖσθαι,

332 3735 466 3788 οὗτε
512 3738 576 3788 ἐκ
609 3735 900 3805 διαθήκης,
932 3733 1056 3789 οὔτε
1104 3734 1165 3801 ἐξ
1214 3736 1500 3790 ἀδιαθέτου
1534 3738 1837 3809 λαμϐάνειν
1868 3759 1922 3795 τι

334 3825 619 3878 δύνανται.

337 3944 592 3998 ΚΕΦΑΛ.
630 3944 706 3997 Β’.
740 3945 879 4013 Περὶ
907 3945 1244 4013 αἰρετικῶν.
1280 3946 1378 4001 καί
1408 3946 1569 4012 ὅπως
1600 3947 1717 4015 χρὴ
1752 3946 1923 4015 δέχε-

504 4020 645 4068 σθαι
678 4015 820 4080 τοὺς
842 4014 913 4079 ἐξ
939 4018 1231 4082 αἱρέσεων
1254 4014 1756 4084 ἐπιστρέφοντας.

425 4107 589 4160 Ἀλλὰ
626 4108 738 4177 γὰρ
776 4108 926 4168 ὅπως
985 4109 1079 4161 καὶ
1127 4109 1254 4170 τοὺς
1282 4108 1341 4171 ἐξ
1376 4110 1646 4178 αἱρέσεων
1674 4110 1926 4181 ἐπιστρέ-

339 4215 561 4265 φοντας,
609 4200 705 4249 καὶ
738 4199 804 4267 τῇ
850 4199 1115 4268 καθολικῇ
1170 4200 1499 4267 προσιόντας
1524 4198 1849 4272 Ἐκκλησία,
1875 4204 1921 4254 οί

340 4293 479 4343 θεῖοι
511 4292 759 4356 Πάτέρες
786 4282 1185 4361 προσδέχεσθαι
1218 4289 1635 4359 τεθεσπίκασιν,
1662 4294 1762 4362 ἤδη
1800 4311 1922 4346 σκο-

341 4384 562 4451 πητέον.
607 4382 770 4435 Ἀλλά
828 4384 995 4452 μήπω
1035 4382 1165 4452 περὶ
1214 4382 1431 4446 τούτου,
1479 4382 1554 4445 ὡς
1593 4386 1651 4436 ὲν
1706 4385 1839 4437 εἴδει
1868 4385 1924 4438 δὲ

1350 300 1761 362 SYNTAGMA
1799 297 2427 364 ALPIIABETICUM.
2472 325 2543 335 —
2583 297 2654 360 Α.

1955 417 2003 473 Α
2036 415 2112 468 De
2134 417 2198 469 iis
2226 417 2335 486 qui,
2361 419 2488 469 dum
2519 411 2880 467 catechumeni
2909 417 3097 474 essent,
3139 410 3299 479 [idem
3326 419 3611 480 negarunt.

1960 1773 2009 1832 B

3473 293 3614 355 1030

2107 506 2278 562 Porro
2310 506 2488 560 sancti
2529 504 2717 557 Patres
2749 502 3067 573 neutiquam
3124 501 3177 554 in
3215 501 3400 554 animo
3449 500 3617 553 habe-

2032 597 2189 661 bant,
2219 607 2278 652 ut
2302 597 2338 650 ii
2364 598 2457 667 qui
2485 598 2610 651 dum
2646 595 2768 649 ﬁdei
2805 594 2976 648 initiis
3031 593 3375 657 imbuuntur,
3411 591 3615 659 impin-

2034 702 2188 763 gunt,
2222 692 2446 763 impune
2472 690 2791 744 evaderent.
2826 686 2962 742 Can.
3024 685 3170 738 enim
3203 703 3294 739 11v
3319 700 3439 755 syn.
3478 699 3617 737 reos

2034 785 2210 838 tribus
2236 784 2396 836 annis
2447 781 2783 837 audientium
2820 793 3037 849 poenam
3070 778 3279 839 subire,
3318 776 3518 830 deinde
3548 775 3617 828 ad

2035 878 2283 931 ordinem
2316 878 2551 947 priorem
2593 885 2895 939 revertere,
2948 881 3002 925 et
3039 888 3145 925 una
3174 885 3301 924 cum
3355 871 3617 923 catechu-

2035 975 2210 1024 mcnis
2238 970 2444 1038 precari
2466 971 2644 1045 jubet.

2104 1067 2291 1122 Canon
2328 1076 2506 1119 autem
2572 1082 2645 1121 xtl
2682 1082 2805 1136 syn.
2853 1066 3145 1135 Ancyranze
3194 1079 3287 1115 eos
3335 1060 3429 1130 qui
3491 1069 3619 1113 ante

2034 1158 2367 1226 baptismum
2403 1156 2806 1219 sacriﬁcarunt,
2836 1165 3121 1224 postquam
3151 1151 3433 1221 baptizati,
3460 1151 3623 1203 adco-

2036 1266 2145 1320 quc
2173 1266 2201 1304 a
2226 1253 2435 1321 peccati
2471 1252 2631 1306 sorde
2690 1252 2941 1305 mundati
2973 1251 3201 1315 fuerint,
3245 1249 3312 1303 ad
3361 1248 3622 1304 sacerdo-

2037 1346 2173 1400 tium
2207 1346 2514 1414 promoveri
2548 1352 2789 1401 mandat.

2110 1457 2188 1510 De
2219 1459 2281 1513 iis
2316 1460 2406 1528 qui
2438 1474 2632 1530 negare
2681 1460 2874 1523 coacti,
2900 1475 3011 1512 sesc
3038 1474 3141 1511 non
3170 1455 3549 1511 submiserunt.

2109 1618 2328 1673 Tertius
2357 1634 2475 1690 syn.
2514 1624 2711 1690 Ancyr.
2744 1634 2942 1684 canon,
2975 1617 3067 1688 qui
3110 1632 3139 1671 a
3174 1612 3624 1686 persecutoribus

2043 1712 2460 1782 fugiunt,juxta
2513 1692 2828 1765 mandatum
2879 1711 3025 1779 quod
3079 1715 3475 1778 persequentes
3521 1719 3631 1759 nos

2038 1804 2277 1874 effugere
2304 1804 2481 1874 jubet,
2515 1819 2741 1873 prorsus
2802 1812 2986 1857 autem
3033 1802 3268 1877 eva’dcre
3317 1808 3620 1868 nequeunt,

2040 1897 2136 1951 sed
2168 1898 2311 1966 capti
2342 1908 2468 1952 sunt
2519 1907 2574 1951 et
2608 1896 2660 1952 vi
2693 1896 2869 1950 coacti
2914 1896 2999 1950 vel
3040 1896 3167 1949 thus
3214 1896 3269 1947 in
3304 1908 3498 1947 manus
3533 1907 3625 1944 ac-

2040 1990 2244 2059 cipere,
2283 1989 2365 2043 vel
2390 2005 2485 2044 ore
2509 1989 2658 2043 cibos
2688 1988 2946 2058 profanos
2974 1989 3301 2058 degustare;
3361 2001 3469 2038 non
3523 2000 3623 2037 au—

2041 2088 2150 2135 tem
2192 2081 2471 2135 silentium
2506 2090 2693 2147 agunt,
2732 2080 2825 2134 sed
2860 2079 3176 2133 clamantse
3215 2092 3337 2131 esse
3361 2074 3629 2129 Chri~tia-

2039 2189 2161 2239 nos,
2187 2172 2342 2227 ﬁrma
2368 2172 2626 2227 nimirum
2669 2172 2981 2234 constantia
3009 2169 3260 2240 praediti;
3299 2183 3414 2233 eos,
3450 2175 3511 2220 ut
3533 2166 3626 2234 qui

2039 2266 2267 2320 minime
2301 2272 2620 2334 peccarunt,
2653 2263 3042 2319 communione
3074 2276 3183 2315 non
3206 2276 3329 2315 esse
3358 2260 3625 2314 arcendos

2034 2359 2265 2427 judicat,
2300 2357 2409 2412 imo
2440 2372 2565 2412 vero
2592 2366 2649 2411 et
2696 2356 2761 2409 ad
2785 2355 3156 2410 sacerdotium
3209 2353 3415 2421 absque
3473 2350 3628 2403 omni

2040 2450 2384 2504 dubitatione
2422 2449 2847 2519 promovendos,
2874 2448 2920 2501 si
2952 2447 3117 2501 modo
3157 2452 3405 2498 anteacta
3432 2458 3627 2497 eorum

2039 2546 2149 2596 vita
2183 2542 2251 2596 ab
2302 2542 2453 2596 omni
2506 2541 2935 2611 reprehensione
2980 2539 3155 2593 aliena
3186 2536 3391 2591 fuerit:
3451 2549 3629 2604 neque
3674 2582 3689 2599 ,

2038 2641 2186 2692 enim
2219 2636 2578 2692 confessionis
2606 2650 2809 2690 corona
2843 2634 3199 2695 exciderunt,
3282 2702 3303 2715 1

2111 2915 2256 2969 Idem
2295 2912 2362 2966 de
2388 2909 2585 2964 iisdem
2621 2906 2810 2962 statuit
2840 2914 3062 2960 sanctus
3095 2903 3288 2958 Petrus
3310 2901 3532 2973 Martyr,
3570 2903 3628 2957 in

2038 3027 2128 3065 XlV
2157 3022 2389 3064 canone.

2577 3099 2627 3168 7
2662 3097 2820 3167 Leges
2860 3096 2906 3149 ci
2912 3094 3055 3148 viles.

2101 3195 2204 3262 Qui
2223 3199 2567 3248 sacrosancto
2579 3188 2848 3258 baptismo
2864 3186 3007 3257 digni
3029 3184 3195 3241 habiti
3219 3184 3498 3247 fuerint,et
3520 3198 3646 3237 rur-

2030 3305 2124 3343 sus
2159 3287 2224 3341 ad
2250 3284 2608 3355 gentilitatem
2648 3280 2899 3345 redeunt,
2936 3280 3114 3349 poenis
3161 3278 3497 3349 gravissimis
3529 3275 3630 3330 ob-

2029 3377 2179 3431 noxii
2230 3383 2413 3431 sunto.

2098 3468 2203 3534 Qui
2227 3467 2295 3521 ab
2347 3463 2651 3519 orthodoxa
2683 3463 2786 3518 ﬁde
2814 3461 3098 3523 recedunt,
3126 3474 3180 3514 et
3214 3456 3456 3513 haeretici
3480 3456 3629 3521 facti,

2028 3563 2116 3616 vel
2164 3559 2492 3623 sacriﬁcant,
2525 3558 2612 3611 vel
2643 3556 2809 3610 alicui
2841 3570 2901 3609 se
2932 3552 3336 3608 sacriﬁcaturos
3367 3550 3633 3621 pollice-n-

2033 3667 2139 3720 tur,
2184 3660 2509 3707 testamento
2551 3648 2847 3718 quidquam
2886 3646 3238 3715 praescribere
3300 3654 3395 3696 aut
3424 3643 3633 3696 donare

2032 3755 2329 3817 nequeunt,
2365 3760 2469 3800 nec
2497 3760 2563 3798 ex
2600 3748 3050 3805 testamento,aut
3076 3740 3145 3794 ab
3175 3741 3428 3794 intestato
3477 3736 3633 3806 quid-

2030 3855 2193 3907 quam
2235 3836 2485 3905 accipere
2539 3842 2792 3905 possunt.

2029 3950 2187 4005 CAP.
2216 3949 2281 4004 ll.
2309 3952 2385 4004 De
2416 3950 2699 4015 hwreticis,
2735 3960 2784 4003 et
2817 3949 3097 4016 quomodo.
3137 3947 3227 4013 qui
3258 3960 3322 3996 ex
3347 3944 3631 4019 levet-(sibus

2344 4030 2739 4082 convertuntur,
2772 4019 3089 4077 admittendi
3131 4026 3271 4067 sunt.

2099 4114 2219 4168 Jam
2233 4128 2367 4169 vero
2387 4126 2679 4183 quamnam
2706 4110 2977 4164 rationem
3002 4109 3054 4161 in
3072 4107 3424 4160 admittendis
3450 4107 3518 4161 iis
3539 4106 3636 4177 qui

2031 4224 2094 4262 ex
2120 4204 2415 4260 haeresibus
2430 4210 2843 4265 convertuntur,
2865 4202 2932 4255 ad
2957 4198 3253 4254 Ecclesiam
3303 4200 3628 4255 catholicam

2032 4297 2323 4359 accedunt,
2356 4295 2528 4353 sancti
2565 4295 2755 4350 Patres
2784 4292 2990 4349 σει-νειτὶ
3042 4290 3257 4361 iubent,
3290 4293 3342 4345 in
3378 4294 3632 4362 praesenti

2035 4385 2419 4458 inquirendum
2471 4388 2724 4454 est.Quin
2775 4398 2829 4442 ct
2863 4387 2954 4442 hic
2988 4386 3145 4456 quasi
3176 4372 3318 4441 facta
3364 4388 3634 4443 divisione

337 4480 665 4548 διαιρέσεως
725 4477 831 4530 τῶν
865 4478 1339 4548 ἁποδιῖσταμένων
1388 4477 1482 4531 τοῦ
1512 4479 1674 4550 ὀρθοῦ
1724 4483 1922 4550 φρονήο

2043 4484 2336 4548 :orum,qui
2374 4497 2404 4536 a
2448 4491 2598 4537 recta
2658 4482 2916 4547 opinione
2948 4480 3260 4547 discedunt,
3286 4483 3634 4553 generalissi-

342 4588 536 4639 ματος,
568 4572 666 4632 τὰς
716 4571 1092 4634 γενικωτάτας
1141 4569 1361 4639 πρῶτον
1405 4570 1600 4641 ῥητέον
1646 4589 1927 4641 προσηγο-

342 4667 486 4735 ρέας,
520 4665 584 4726 ἃς
618 4665 683 4734 δὴ
708 4664 769 4714 τὸ
802 4662 1082 4733 ἀπατηλὸν
1132 4666 1226 4715 καὶ
1257 4662 1586 4733 πολυσχιδὲς
1616 4664 1727 4716 τῶν
1755 4667 1927 4720 νόθων

336 4758 660 4826 δογμάτων.
701 4757 957 4820 ἑκάστοις
1013 4756 1192 4808 αὐτῶν
1240 4757 1616 4826 ὲπεκλήρωσε.
1671 4759 1780 4821 Τὰς
1827 4760 1928 4828 μὲν

338 4848 450 4917 γὰρ
478 4849 726 4918 αἱρέσεις
764 4848 1303 4918 προσηγορεύκασιν,
1333 4849 1393 4901 ὲν
1417 4848 1497 4919 τῷ
1531 4855 1578 4901 α’
1606 4852 1793 4903 κανόνι
1826 4869 1928 4921 φη-

340 4944 428 4993 σὶν
472 4944 499 4994 ό
554 4942 730 5011 μέγας
784 4942 1091 5006 Βασίλειος,
1121 4940 1189 4993 τὰ
1238 4940 1297 4993 δὲ
1361 4941 1681 5010 σχίσματα,
1714 4942 1811 5004 τὰς
1847 4942 1925 5007 δὲ,

340 5033 842 5101 παρασυναγωγάς.
889 5032 1158 5099 ’Δίρὲσεις
1231 5032 1329 5102 μὲν
1389 5031 1482 5085 οὖν
1550 5035 1681 5101 ,τοὺς
1744 5036 1923 5102 πάντη

339 5124 829 5194 ἀπερρηγμένους,
878 5124 973 5177 καὶ
1002 5121 1124 5175 κατ’
1171 5122 1345 5190 αὐτὴν
1377 5121 1929 5192 ἀπηλλοτριωμένους

332 5213 440 5281 τὴν
487 5212 693 5277 πίστιν,
745 5208 857 5265 οἷον
897 5211 1261 5282 Μανιχαίους,
1310 5212 1723 5276 Οὐαλεντίνους,
1771 5214 1929 5281 Μαρ-

335 5307 657 5369 κιωνιστὰς,
696 5305 1107 5375 Πεπουζηνοὺς,
1156 5305 1417 5366 καὶτοὺς
1468 5305 1700 5367 ἐκείνοις
1744 5322 1926 5375 παρα-

336 5401 605 5470 πλησίους
626 5415 640 5429 ⁸
676 5398 952 5469 σχίσματα
984 5400 1059 5465 δὲ,
1091 5399 1220 5464 τοὺς
1246 5398 1313 5452 δι’
1338 5397 1519 5461 αἰτίας
1548 5398 1699 5460 τινὰς
1730 5401 1793 5452 ἐκ
1809 5401 1929 5471 1.3.11-

336 5497 630 5560 σιαστικὰς
688 5498 783 5550 καὶ
840 5496 1133 5568 ζητήματα
1209 5491 1404 5562 ἰάσιμα
1465 5490 1603 5562 πρὸς
1658 5491 1925 5562 ἀλλήλους

338 5587 746 5658 διενεχθέντας,
778 5591 875 5642 καὶ
903 5589 1141 5659 μάλιστα
1167 5585 1261 5639 τοῦ
1291 5582 1647 5651 διαφέρεσθαι
1682 5586 1806 5655 περὶ
1830 5585 1924 5637 τοῦ

334 5680 542 5748 τρόπου
557 5682 653 5750 τῆς
673 5682 962 5749 μετανοίας
983 5681 1118 5749 πρὸς
1135 5678 1232 5749 τὴν
1253 5675 1555 5745 καθολικὴν
1571 5675 1923 5746 Ἐκκλησίανσ

335 5779 819 5843 παρασυναγωγὰς
836 5771 892 5825 δὲ
912 5774 1011 5836 τὰς
1045 5766 1469 5840 παρασυνάξεις,
1490 5760 1625 5831 οἷον,
1646 5766 1794 5830 εἴτις
1815 5768 1923 5821 τῶν

2033 4589 2136 4627 mae
2173 4572 2730 4642 appellationes,quas
2771 4574 2971 4643 singuli
3033 4593 3096 4630 ex
3131 4578 3198 4631 iis
3226 4595 3257 4632 a
3294 4576 3632 4637 multifariis.

2033 4661 2321 4719 fallacibus
2345 4665 2654 4734 spuriisqne
2679 4665 2946 4736 dogmatis
2968 4668 3145 4722 sortiti
3194 4677 3340 4733 sunt,
3365 4668 3421 4721 in
3448 4668 3638 4737 primis

2031 4755 2277 4811 dicendae
2298 4756 2546 4811 veniunt.
2567 4756 2716 4812 Alias
2735 4758 2880 4812 enim
2906 4758 3148 4815 threses
3164 4801 3177 4824 ,
3196 4759 3374 4829 inquit
3407 4777 3636 4831 magnus

2030 4845 2266 4902 Basilius
2294 4849 2349 4901 in
2398 4850 2578 4917 primo
2605 4864 2837 4917 canone,
2872 4847 3060 4904 Patres
3088 4862 3490 4920 nuncuparunt.
3527 4853 3636 4906 alia

2031 4953 2161 4991 vero
2189 4939 2506 5004 schismata,
2535 4940 2668 4995 alias
2701 4924 2890 4995 rursus
2916 4955 3367 5013 parasynagogas.
3388 4944 3634 4997 Hiereses

2032 5030 2249 5098 quidem
2277 5045 2372 5085 eos
2407 5031 2499 5100 qui
2548 5033 2773 5087 omnino
2806 5034 3048 5102 separati
3077 5044 3225 5100 sunt,
3261 5044 3315 5089 et
3343 5035 3520 5103 quoad
3558 5036 3637 5101 ip-

2032 5138 2145 5176 sam
2179 5121 2338 5177 ﬁdem
2365 5123 2678 5189 abalienati,
2724 5133 2784 5179 ut
2825 5124 3128 5189 Manichaei,
3163 5125 3457 5188 Valentini.
3495 5128 3636 5181 Mar-

2033 5213 2300 5277 cionistze,
2332 5211 2629 5283 Pepuzeni,
2656 5225 2711 5268 et
2745 5214 2809 5268 iis
2859 5215 3191 5269 consimiles:
3216 5215 3509 5270 schismata
3540 5232 3638 5268 au-

2034 5314 2141 5359 tem
2197 5319 2293 5358 eos
2328 5304 2418 5373 qui
2456 5313 2674 5373 prOpIer
2716 5321 2911 5360 causas
2976 5306 3185 5376 aliquas
3238 5308 3638 5362 ecclesiasticas

2033 5407 2086 5451 et
2115 5398 2446 5466 quwstiones
2510 5387 2859 5452 medicabiles
2900 5399 3043 5453 inter
3073 5416 3131 5454 se
3180 5399 3469 5466 dissident;
3496 5417 3636 5469 pra:-

2032 5490 2191 5559 cipue
2220 5489 2287 5543 ab
2316 5488 2382 5543 iis
2412 5490 2502 5558 qui
2535 5501 2662 5543 sun:
2692 5506 2759 5545 ex
2787 5492 3027 5547 Ecclesia
3056 5493 3322 5548 catholica
3360 5494 3427 5547 de
3472 5494 3636 5547 modo

2032 5581 2376 5650 poenitentia:
2411 5582 2723 5637 dissentire:
2784 5599 3215 5656 parasynagogas
3243 5599 3425 5639 autem
3462 5585 3635 5655 illegi-

2033 5674 2195 5728 titnos
2229 5684 2554 5739 conventus,
2576 5683 2635 5729 ut
2662 5676 2707 5729 si
2741 5677 2864 5745 quis
2911 5680 3201 5749 episcopus
3228 5679 3315 5734 vel
3348 5679 3635 5750 presbyter

2031 5770 2085 5823 in
2117 5766 2317 5822 delicto
2345 5765 2733 5839 deprehensus.
2755 5777 2808 5823 et
2836 5784 2866 5822 a
2899 5770 3200 5827 ministerio
3226 5774 3479 5830 obeundo
3511 5791 3636 5845 pro.
