4016 6398
512 265 645 330 1031

1716 259 2083 322 ΜΑΤΤΗᾸΞΙ
2120 260 2544 320 BLASTARIS

3605 264 3717 323 1032

508 378 733 439 hibitus,
768 390 889 430 sese
918 373 1226 429 e‘anonihus
1255 373 1577 428 submittere
1613 384 1847 436 recuset,
1875 384 1929 427 et
1960 389 2096 442 pne-

2198 375 2512 427 ὲπισκόπων
2554 374 2586 444 ἢ
2631 374 3043 445 πρεσϐυτέρων,
3082 370 3384 442 πταίσματι
3434 371 3722 437 ἁλοὺς,ἒπε-

507 472 746 523 sulatum
783 482 1108 535 sacrumque
1139 466 1500 520 ministerium
1532 466 1633 519 sibi
1664 465 1941 529 vindicet,
1969 481 2098 518 una-

507 578 612 629 que
647 560 738 628 qui
772 576 804 613 e
846 559 1046 628 pop-ilo
1078 558 1291 611 inscitia
1325 557 1593 625 laborant,
1630 556 1814 610 relicta
1852 555 2096 610 Ecclesia

506 651 772 706 catholica
801 667 926 705 cum
958 650 1053 703 illo
1079 648 1382 703 discedant.
1415 648 1667 702 Patribus
1697 664 1826 719 ergo
1854 649 2098 717 antiquis

507 742 685 796 visum
720 751 824 802 est,
856 741 1056 810 inquit,
1086 740 1467 794 hereticorum
1500 739 1834 809 baptismum
1870 739 2097 793 omnino

507 835 757 904 rejicere,
787 842 979 903 utpote
1014 834 1105 903 qui
1148 832 1217 887 de
1247 832 1366 902 ipsa
1395 833 1452 886 in
1485 838 1651 886 Deum
1690 832 1797 886 fide
1835 832 2099 886 dissenti-

513 940 632 989 ant,
667 925 1144 981 schismaticorum
1179 940 1309 978 vero
1340 923 1670 995 baptismum
1709 924 2018 989 admittere;
2046 934 2100 976 et

508 1028 568 1070 ut
600 1017 632 1069 ii
664 1017 754 1084 qui
782 1013 1166 1068 conventicula
1197 1013 1497 1076 celebrant,
1519 1029 1619 1082 per
1657 1013 1946 1083 genuinam
1980 1027 2098 1081 pte-

509 1108 793 1161 nitentiam
814 1106 1230 1161 conversionem
1258 1121 1411 1158 suam
1444 1104 1766 1165 indicantes,
1789 1121 1980 1160 rursus
2000 1104 2099 1158 Ec-

506 1200 688 1254 clesize
728 1200 1009 1259 uitiantur;
1049 1210 1104 1252 et
1134 1197 1459 1266 quandoque
1489 1207 1548 1251 ut
1576 1198 1667 1267 qui
1698 1198 1754 1251 in
1784 1197 1950 1269 gradu
1988 1195 2102 1250 col-

509 1291 669 1344 locati
710 1306 834 1344 eum
864 1290 1157 1344 rebellibus
1188 1289 1682 1358 abierunt,.postea
1711 1300 1891 1343 autem
1923 1288 2098 1358 pinni-

508 1382 679 1436 tentia
711 1380 857 1434 ducti
896 1389 1045 1443 sunt,
1072 1379 1139 1431 ad
1176 1378 1412 1447 priorem
1443 1379 1696 1433 ordinem
1725 1389 2095 1434 revertantur.

509 1475 775 1528 Catharos
814 1482 1017 1535 autem,
1052 1469 1142 1540 qui
1181 1480 1310 1524 sunt
1336 1476 1402 1524 ex
1454 1471 1734 1535 abscissis,
1771 1482 1826 1526 et
1849 1472 2100 1527 Encrati-

511 1574 613 1628 tas,
644 1572 697 1617 et
724 1562 1234 1632 llydroparastatas,
1260 1561 1435 1615 visum
1463 1572 1565 1627 est,
1600 1562 1801 1632 inquit,
1829 1562 2099 1632 Cypriane

514 1665 571 1708 et
604 1653 924 1709 Firmiliano
960 1662 1151 1707 nostro
1179 1666 1370 1707 omnes
1398 1653 1464 1707 de
1496 1652 1709 1725 integro
1740 1653 2098 1723 baptizandus

508 1762 650 1801 esse.
679 1746 1007 1816 Carthagine
1032 1745 1204 1808 enim,
1232 1746 1392 1813 cujus
1416 1746 1706 1815 episcopus
1727 1756 1843 1800 erat
1870 1761 2099 1815 magnus

508 1835 837 1906 Cyprianus,
881 1835 1121 1905 synodus
1160 1836 1389 1888 Patrum
1420 1834 1665 1889 omnium
1714 1835 2099 1904 antiquissima

508 1927 959 1996 congregabatur,
981 1925 1158 1994 iisque
1188 1939 1379 1978 omnes
1412 1924 1700 1978 luereticos
1730 1934 1785 1978 et
1820 1925 2099 1978 schisma-

509 2017 670 2081 ticos,
700 2016 792 2084 qui
825 2016 892 2069 ad
925 2015 1228 2070 Ecclesiam
1256 2013 1546 2079 accedunt,
1578 2021 1777 2067 iterum
1820 2000 2102 2083 baptizan-

511 2107 611 2162 dos
655 2122 776 2161 esse
832 2121 898 2160 ex
942 2088 1232 2160 communi
1272 2119 1545 2160 consensu
1582 2104 1805 2176 placuit.
1842 2105 1920 2159 ita
1952 2106 2099 2160 enim

509 2198 820 2253 ratiocinati
846 2206 1004 2253 sunt:
1025 2197 1179 2253 Licet
1205 2198 1693 2254 schismaticicirca
1711 2197 1963 2267 dogmata
1991 2212 2099 2251 non

509 2300 722 2359 errent,
754 2291 881 2359 quia
912 2302 1094 2345 tamen
1121 2288 1380 2346 Christus
1412 2299 1578 2359 caput
1606 2301 1689 2344 est
1719 2291 1968 2360 corporis
1990 2288 2094 2343 Ec-

512 2382 720 2445 clesiae,
754 2382 1055 2437 secundum
1104 2382 1348 2437 divinum
1397 2382 1756 2452 Apostolum,
1804 2397 1897 2450 per
1956 2381 2100 2445 quod

512 2476 758 2527 membra
789 2473 972 2527 omnia
1017 2474 1352 2539 animantur,
1379 2483 1432 2527 ct
1483 2458 1881 2527 incrementum
1931 2469 2098 2537 spiri-

512 2564 655 2617 tuale
693 2564 988 2633 recipiunt:
1026 2564 1079 2617 hi
1118 2576 1301 2618 autem
1345 2568 1597 2619 membra
1627 2573 1757 2619 sunt
1794 2580 1823 2619 a
1854 2566 2101 2633 corporis

513 2670 771 2725 compage
803 2656 1053 2724 abrupta,
1086 2655 1327 2726 Spiritus
1353 2658 1525 2711 sancti
1572 2656 1801 2726 gratiam
1832 2672 1941 2710 non
1977 2671 2094 2710 am-

514 2746 660 2816 plius
689 2747 743 2800 in
767 2748 835 2801 iis
869 2757 1279 2817 permanentem
1312 2749 1538 2803 habent.
1572 2750 1726 2815 Quod
1778 2750 1941 2819 igitur
1998 2748 2099 2818 ipsi
2178 2754 2179 2757 “

514 2854 624 2891 non
658 2838 881 2903 habent,
921 2841 1198 2908 quomodo
1236 2842 1359 2896 aliis
1409 2841 1679 2910 impertiri
1714 2840 1967 2911 possunt?
2001 2841 2098 2895 sed

513 2938 719 2993 tamen,
761 2932 1227 3001 quandoquidem,
1270 2934 1445 3003 inquit
1499 2934 1590 2989 hic
1623 2951 1855 3004 magnus
1912 2936 2094 3001 Pater,
2175 2942 2178 2945 ’

2124 3068 2172 3131 C

509 3022 689 3074 visum
725 3031 809 3075 est
842 3023 1120 3078 nonnullis
1154 3024 1412 3080 Asiaticis
1451 3024 1706 3095 prudenti
1738 3027 1967 3082 consilio
1991 3017 2097 3083 Ca-

513 3116 796 3167 tharorum
842 3114 1174 3185 baptismum
1234 3118 1645 3188 suscipiendum
1695 3135 1838 3185 esse,
1925 3123 2097 3175 susci-

513 3204 717 3274 piatur.
1230 3204 1235 3211 “

1088 3465 1162 3518 De
1202 3464 1513 3520 Encralitis.

584 3556 984 3611 Encratitarum
1009 3567 1189 3612 autem
1208 3558 1564 3628 [baptismum
1593 3560 1897 3631 admittere]
1923 3562 2099 3615 neuti-

514 3661 675 3715 quam
714 3646 897 3701 liceat.
936 3650 1137 3701 Eorum
1196 3657 1376 3702 autem
1451 3649 1674 3703 haeresis
1714 3650 1906 3703 eadem
1943 3652 2100 3719 plane

513 3747 596 3791 est.
623 3744 748 3791 cum
782 3737 978 3791 hzeresi
1018 3739 1516 3803 Marcionistarum,
1560 3754 1630 3792 cx
1682 3740 1869 3795 eadam
1912 3741 2099 3811 utique

514 3827 943 3896 germinasccns.
1010 3829 1229 3884 Etenim
1280 3831 1338 3899 8
1403 3818 1459 3884 et
1504 3831 1558 3884 hi
1613 3832 1835 3901 nuptias
1877 3834 2095 3887 abomi-

527 3930 751 3986 nantur,
782 3935 984 3990 easque
1040 3921 1325 3976 Satanicas
1364 3923 1680 3992 appellant;
1714 3925 1902 3979 vinum
1969 3927 2097 3995 reji-

513 4010 692 4074 ciunt,
722 4000 1106 4067 animatorum
1149 4027 1301 4067 esum
1349 4015 1673 4084 prohibent,
1709 4026 1765 4070 et
1814 4016 1906 4071 Dei
1947 4034 2099 4073 crea-

516 4114 692 4156 turam
748 4103 1013 4171 pollutam
1059 4118 1181 4159 esse
1228 4103 1530 4160 delirantes
1579 4116 1859 4161 asserunt.
1904 4108 2096 4179 Neque

510 4194 695 4251 dicant
749 4197 977 4266 quodin
1035 4197 1262 4252 nomine
1291 4198 1472 4252 Patris
1516 4209 1569 4252 et
1619 4197 1742 4252 Filii
1771 4209 1828 4252 et
1860 4200 2097 4270 Spiritus

514 4287 688 4340 sancti
733 4287 1105 4356 baptizantur,
1139 4289 1231 4357 qui
1281 4304 1408 4342 cum
1448 4287 1723 4343 Marciane
1781 4292 1949 4345 Deum
1983 4309 2099 4347 ma-

475 4404 480 4409 -
513 4377 690 4430 lorum
740 4387 1020 4433 auctorem
1053 4394 1178 4433 esse
1222 4379 1514 4436 aﬂirmant.
1544 4381 1621 4436 Ne
1666 4394 1848 4438 autem
1891 4388 1983 4440 ob.
2014 4387 2101 4440 ni-

515 4470 684 4522 mium
735 4469 969 4539 rigorem
1019 4470 1306 4540 segniores
1339 4487 1436 4526 eos
1490 4473 1558 4527 ad
1608 4477 1983 4531 accedendum
2027 4480 2096 4534 ad

516 4560 818 4615 Ecclesiam
882 4560 1233 4616 catholicam
1288 4563 1602 4631 reddamus,
1671 4570 2096 4635 consuetudine,

514 4650 713 4719 inquit,
744 4651 1008 4707 utendum
1060 4663 1164 4721 est,
1192 4662 1247 4707 et
1292 4656 1446 4725 sequi
1496 4667 1714 4728 oportet
1767 4660 1984 4729 δεινος,
2005 4664 2095 4732 qui
2182 4684 2185 4689 ·

476 4782 481 4789 .
515 4758 604 4797 res
666 4753 882 4798 nostras
909 4744 1388 4800 administrarunt.
1439 4747 1641 4813 Quare,
1681 4751 1760 4803 uti
1794 4751 1886 4805 'iis
1920 4753 2095 4806 visum

514 4846 801 4897 est.sacro
869 4840 990 4894 oleo
1019 4841 1228 4896 inuncti
1273 4854 1748 4897 sacramentorum
1799 4836 2096 4917 participes

474 4968 479 4974 .
512 4925 641 4980 sint.

997 5040 1072 5094 De
1117 5042 1606 5114 Hydmparastatis.

583 5130 922 5186 Suntantem
979 5132 1454 5204 HydrOparastataa
1494 5141 1586 5208 qui
1612 5141 1665 5196 in
1716 5144 1855 5215 sacri
1907 5147 2091 5204 calicis

511 5221 986 5277 administratione
1037 5240 1232 5294 aquam
1287 5232 1553 5286 duntaxat
1604 5233 2091 5299 offerunt,vinu:n

510 5329 633 5366 cum
667 5329 731 5368 ea
761 5315 997 5387 miscere
1054 5332 1400 5390 nequaquam
1432 5326 1835 5394 permittentes.
1869 5329 2014 5395 Quin
2041 5341 2094 5385 et

510 5404 786 5472 legitimas
832 5405 1057 5473 nuptias
1130 5425 1161 5463 a
1224 5411 1588 5470 fornicatione
1662 5418 1799 5472 nihil
1868 5419 2090 5477 diﬂ'erre

508 5494 847 5550 existimant.
876 5494 1073 5552 Eadem
1124 5500 1289 5556 etiam
1326 5519 1470 5559 κινιι
1506 5508 1752 5575 ejusdem
1785 5524 1963 5565 canon
1990 5512 2089 5567 de-

511 5582 705 5637 cernit.
737 5583 929 5650 Quaere
963 5588 1033 5641 de
1065 5586 1548 5661 llydroparastatis
1585 5609 1641 5655 et
1695 5590 1974 5659 Armeniis
2033 5603 2088 5659 in

518 5693 611 5733 vni
646 5692 768 5749 cap.
802 5680 861 5734 lit
902 5680 966 5733 li.

2203 466 2368 536 σχέθη
2401 470 2501 537 τῆς
2550 466 2923 535 λειτουργίας,
2950 467 3046 518 καὶ
3097 467 3208 528 τοῖς
3239 466 3454 518 κανόσιν
3491 465 3725 535 ὑποκύψαι

2203 557 2278 628 μὴ
2308 559 2703 628 ἀνασχόμενος,
2731 559 2911 629 ἑαυτῷ
2933 559 3032 629 τὴν
3063 558 3354 628 προεδρίαν
3376 555 3629 628 ἐξεδίκησε
3654 562 3729 614 καὶ

2199 646 2580 715 λειτουργίαν,
2617 649 2712 698 καὶ
2745 646 2921 716 τούτῳ
2950 646 3296 714 συναπῆλθον
3329 648 3375 700 οἱ
3414 647 3727 702 ἀπαιδευσίαν

2200 738 2485 801 νοσοῦντες
2510 741 2575 792 ὲκ
2608 739 2705 793 τοῦ
2736 737 2889 803 λαοῦ,
2928 738 3029 808 τὴν
3058 737 3357 808 καθολικὴν
3394 738 3731 793 καταλελοιπό-

2199 848 2292 892 τες
2312 832 2661 899 Ἐκκλησίαν,
2686 830 2916 884 Δέδοκτο
2938 830 3125 884 τοίνυν
3148 869 3162 894 ,
3189 831 3373 899 φησὶν,
3405 830 3464 895 ἑξ
3509 833 3663 902 ἀρχῆς
3684 832 3731 885 τὸ

2204 923 2304 992 μὲν
2332 924 2441 975 τῶν
2467 924 2764 992 αἱρετικῶν
2797 924 3085 995 βάπτισμα
3116 924 3400 987 παντελῶς
3425 923 3730 995 ηθετηκέναι,

2204 1014 2335 1084 περὶ
2359 1016 2469 1085 γὰρ
2502 1015 2676 1085 αὐτὴν
2698 1015 2798 1086 τὴν
2830 1017 2913 1079 είς
2944 1015 3079 1068 Θεὸν
3106 1018 3291 1070 πίστιν
3325 1019 3532 1086 πέφυκε
3559 1017 3733 1082 τούτοις

2200 1108 2235 1176 ἠ
2256 1106 2490 1177 διαφορά
2513 1124 2527 1138 ·
2551 1096 2958 1179 παραδέχεσθαι
2985 1107 3045 1162 δὲ
3064 1108 3172 1161 τῶν
3194 1108 3595 1181 ἀποσχισὰντων
3633 1111 3733 1173 τοὺς

2204 1197 2305 1265 μέν
2358 1215 2440 1252 τοι
2492 1186 3008 1269 παρασυνὰξγοντας,
3058 1200 3327 1270 ἀξιολόγῳ
3380 1202 3620 1271 μετανοίᾳ
3655 1201 3732 1272 τὴν

2202 1290 2539 1360 ἐπιστροφὴν
2566 1291 3045 1363 ἐπιδειξαμένους,
3082 1292 3339 1347 ένοῦσθαι
3368 1293 3526 1347 πάλιν
3552 1296 3610 1364 τῇ
3637 1295 3734 1347 Ἐκ-

2201 1380 2436 1451 κλησίᾳ·
2469 1380 2587 1434 ἔστι
2641 1381 2687 1434 δ’
2713 1383 2804 1435 ὅτε
2848 1382 2945 1435 καὶ
2979 1383 3109 1446 τοὺς
3152 1384 3211 1436 έν
3269 1382 3462 1454 βαθμῷ
3512 1384 3734 1437 συναπελ-

2205 1471 2400 1534 οόντας
2462 1475 2577 1535 τοῖς
2628 1473 3055 1539 ἀνυποτάκτοις,
3102 1471 3224 1528 εἶτα
3275 1475 3732 1546 μεταμελομένους,

2202 1567 2284 1626 είς
2356 1566 2456 1635 τὴν
2544 1568 2820 1637 προτέραν
2890 1569 3045 1636 τάξιν
3110 1571 3419 1624 ἐπανιέναι.
3490 1569 3613 1632 Τούς
3683 1584 3734 1637 γε

2205 1659 2314 1727 μὴν
2377 1657 2695 1730 Καθαροὺς,
2767 1660 2877 1712 τῶν
2927 1662 3350 1732 ἀπεσχισμένων
3422 1662 3515 1714 καὶ
3573 1661 3734 1725 αὐτοὺς

2131 1732 2175 1785 Β
2204 1746 2384 1813 ὂντας,
2445 1751 2543 1803 καὶ
2601 1751 3009 1819 Ἐγκρατίτας,
3074 1754 3172 1806 καὶ
3240 1752 3733 1823 Ύδροπαραστάτας,

2204 1837 2373 1903 εδοξε,
2443 1841 2604 1910 φησὶ,
2666 1842 2781 1905 τοῖς
2829 1845 2961 1911 περὶ
3020 1843 3370 1913 Κυπριανδν,
3444 1844 3537 1895 καὶ
3577 1844 3735 1914 Φιρμι-

2201 1930 2383 1985 λιανδν
2410 1931 2501 1985 τὸν
2543 1934 2834 2004 ἡμέτερον,
2882 1935 3095 1999 πάντας
3148 1934 3621 1998 ἀνασαπτίζεσθαι.
3663 1935 3735 1998 Ei;

2203 2025 2312 2096 γὰρ
2343 2025 2445 2096 τὴν
2486 2027 2838 2098 Καρχηδόνα,
2869 2021 2936 2098 ἧς
2967 2029 3275 2093 ἐπίσκοπος
3295 2033 3323 2082 ό
3360 2030 3528 2100 μέγας
3560 2032 3737 2097 Κυπρι-

2204 2116 2331 2179 ανδς
2394 2112 2503 2187 ἦν,
2577 2117 2798 2191 σύνοδος
2860 2119 3124 2190 Πατέρων
3190 2121 3524 2192 ἀρχαιοτέρα
3581 2120 3737 2173 πασῶν

2203 2210 2481 2282 ἤθροιστο,
2516 2208 2598 2276 οἷς
2646 2213 2841 2283 ἤρεσεν
2879 2216 2944 2267 ὲκ
2975 2215 3164 2284 κοινῆς
3211 2216 3397 2287 ψήφου
3440 2215 3631 2278 πάντας
3673 2215 3738 2267 at!-

2206 2304 2455 2375 ρετικούς
2504 2324 2563 2359 τε
2597 2308 2694 2359 καὶ
2746 2311 3149 2378 σχισματικοὺς
3199 2311 3522 2379 προσιόντας
3550 2313 3610 2379 τῇ
3640 2307 3739 2360 Ἐκ-

2203 2396 2402 2467 κλησίᾳ
2429 2397 2811 2467 βαπτίζεσθαι.
2845 2401 3262 2468 Συνελογίζοντο
3296 2401 3405 2471 γὰρ
3448 2401 3628 2453 οὑτωσί
3649 2414 3661 2429 ·
3687 2397 3735 2450 El

2205 2490 2298 2543 καὶ
2354 2491 2429 2559 μὴ
2480 2492 2610 2559 περὶ
2654 2491 2903 2562 δόγματα
2945 2493 2995 2545 οἱ
3037 2494 3395 2563 σχισμοιτικοὶ
3442 2492 3735 2561 σφάλλοιντο,

2203 2581 2318 2634 ἀλλ’
2367 2583 2491 2635 ἐπεί
2524 2584 2605 2637 τοί
2637 2600 2702 2651 γε
2739 2584 2953 2654 κεφαλὴ
2992 2584 3088 2637 τοῦ
3120 2585 3381 2654 σώματος
3424 2584 3522 2653 τῆς
3547 2582 3736 2651 Ἐκκλη-

2206 2674 2326 2736 σίας
2353 2674 2381 2725 ό
2411 2672 2648 2743 Χριστός
2681 2676 2818 2740 ἐστι,
2848 2675 2991 2728 κατὰ
3033 2674 3125 2728 τὸν
3160 2673 3314 2729 Θεῖον
3349 2675 3668 2739 Ἀπόστολον,
3688 2669 3735 2734 ὲξ

2202 2761 2261 2820 οὗ
2291 2766 2360 2821 τὰ
2397 2767 2537 2835 μέλη
2588 2765 2769 2820 πάντα
2810 2768 3069 2833 ζωοῦται,
3104 2767 3198 2820 καὶ
3253 2768 3354 2837 τὴν
3403 2763 3735 2837 πνευματικὴν

2202 2858 2431 2928 αὔξησιν
2462 2857 2703 2927 δέχεται,
2737 2852 2886 2913 οὗτοι
2916 2859 2973 2911 δὲ
3016 2860 3118 2930 τῆς
3154 2862 3426 2930 ἁρμονίας
3455 2860 3557 2912 τῶν
3589 2855 3735 2927 μελῶν

2201 2949 2294 3004 τοῦ
2343 2948 2594 3019 σώματος
2647 2951 3072 3022 ἀπερράγησαν,
3107 2950 3298 3004 οὐκέτι
3352 2950 3732 3027 παραμένουσαν

2202 3043 2391 3104 αὐτοῖς
2441 3041 2627 3111 ἔχουσι
2657 3042 2755 3114 τὴν
2786 3044 2946 3115 χάριν
2995 3043 3091 3096 τοῦ
3140 3045 3302 3112 ἁγίου
3352 3036 3732 3113 Πνεύματοςοὸ

2198 3136 2383 3189 τοίνυν
2422 3136 2539 3205 οὐκ,
2574 3134 2782 3207 ἔχουσι,
2812 3137 2930 3200 πῶς
2961 3137 3027 3191 ἂν
3083 3139 3198 3199 τοῖς
3229 3138 3409 3200 ἄλλοις
3460 3134 3731 3207 μεταδοίεν;

2200 3223 2317 3276 ἀλλ’⁵
2356 3223 2529 3293 ὅμως,
2561 3225 2727 3294 φησὶν
2762 3225 2791 3278 ό
2844 3226 3016 3294 μέγας
3061 3220 3219 3290 οὗτος
3250 3227 3459 3297 Πατὴρ,
3503 3225 3613 3278 ὲπεί
3644 3233 3733 3272 τισι

2199 3314 2310 3366 τῶν
2346 3316 2489 3369 κατὰ
2535 3317 2633 3385 τὴν
2657 3315 2845 3370 Ἀσίαν
2891 3317 3039 3381 ἔδοξε
3073 3318 3143 3371 δι’
3197 3319 3511 3389 οἰκονομίαν
3548 3315 3601 3368 τὸ
3644 3310 3731 3364 τῶν

2200 3403 2478 3475 Καθαρῶν
2512 3405 2800 3477 βάπτισμα
2833 3407 3109 3476 δέχεσθαι,
3135 3408 3279 3462 έστω
3308 3407 3512 3462 δεκτόν.

2693 3498 2832 3566 Περὶ
2862 3498 3286 3567 Ἐγκρατιτῶν.

2273 3589 2344 3641 Τὸ
2371 3590 2481 3642 τῶν
2516 3589 2893 3660 Ἐγκρατιτῶν
2946 3592 3130 3661 μέντοι
3192 3593 3295 3645 ούκ
3322 3592 3448 3661 ἐξῆν
3470 3606 3482 3620 ⁸
3517 3589 3733 3656 Μαρκίω-

2201 3681 2399 3733 νιστῶν
2431 3682 2539 3751 γάρ
2594 3683 2743 3734 ἐστιν
2798 3682 3059 3753 ἄντικρυς
3086 3684 3120 3753 ἠ
3156 3686 3282 3737 κατ’
3331 3683 3523 3745 αὐτοὺς
3558 3680 3732 3750 αἵρεσις

2202 3770 2513 3842 βλάστημα.
2566 3772 2703 3825 Κατ’
2735 3772 2979 3835 ἐκείνους
3023 3774 3132 3843 γὰρ
3167 3777 3264 3830 καὶ
3297 3771 3440 3830 οὗτοι
3475 3775 3561 3827 τὸν
3586 3771 3733 3839 γάμον

2202 3859 2608 3930 βδελύσσονται.
2644 3863 2739 3915 τοῦ
2771 3865 2988 3917 Σατανᾶ
3023 3862 3164 3918 εἷναι
3212 3867 3375 3919 αὐτὸν
3403 3861 3733 3932 ἀποφαινόμε-

2200 3967 2280 4003 νοι
2314 3966 2329 3981 ο
2357 3952 2451 4004 τὸν
2495 3948 2643 4005 οἶνον
2696 3955 3158 4025 ἀποστρέφονται,
3211 3961 3313 4028 τὴν
3358 3956 3465 4011 τῶν
3513 3951 3731 4023 ἐμψύχων

2201 4042 2640 4113 ἀπαγορεύουσιν
2664 4047 2884 4117 ἐδωδὴν,
2919 4053 3014 4102 καὶ
3043 4050 3144 4120 τὴν
3178 4050 3360 4103 κτίσιν
3384 4048 3474 4103 τοῦ
3509 4044 3630 4100 Θεοῦ
3659 4056 3733 4111 με·

2204 4135 2515 4204 μιασμένην
2563 4132 2708 4191 εἶναι
2753 4138 3006 4211 ληροῦσι.
3061 4140 3156 4212 Μὴ
3203 4142 3313 4212 γὰρ
3342 4140 3648 4208 λεγέτωσαν,
3667 4133 3730 4185 ὅτι

2201 4227 2283 4288 είς
2316 4227 2560 4307 Πατέρα,
2597 4229 2691 4282 καὶ
2716 4229 2870 4302 Υίὸν,
2911 4234 3004 4285 καὶ
3038 4232 3197 4300 ἅγιον
3234 4233 3457 4303 Πνεῦμα
3480 4227 3731 4303 βαπτίζον⁹

2200 4310 2311 4385 ται,
2351 4321 2404 4373 οἵ
2427 4338 2492 4387 γε
2528 4323 2715 4399 κακῶν
2754 4324 2984 4396 ποιητὴν
3019 4326 3111 4379 τὶν
3154 4327 3289 4381 Θεὸν
3332 4323 3471 4380 εἶναι
3498 4325 3730 4391 λέγουσιν.

2132 4416 2177 4473 D
2203 4413 2517 4481 ἐφαμίλλως
2568 4413 2646 4484 τῷ
2694 4415 3002 4485 Μαρκίωνι.
3042 4418 3185 4473 Ἀλλ’
3228 4420 3316 4471 ἵνα
3353 4417 3426 4488 μὴ
3474 4414 3565 4481 τῆς
3602 4413 3731 4478 ἀκρι-

2204 4504 2355 4567 ὅείας
2393 4508 2643 4575 ἐχόμενοι
2676 4491 3071 4579 ὀκνηροτέρους
3110 4510 3309 4572 αὐτοὺς
3339 4509 3641 4579 ποιήσαιμεν
3666 4499 3730 4554 εἷς

2201 4599 2262 4649 τὸ
2314 4600 2599 4671 προσιέναι
2657 4603 2724 4671 τῇ
2784 4602 3046 4673 muriam?)
3108 4602 3427 4675 Ἐκκλησίᾳ,
3483 4594 3727 4673 χρηστέον.

2203 4691 2357 4759 φησι,
2396 4690 2473 4761 τῷ
2513 4691 2648 4767 ἔδει,
2682 4694 2776 4746 καὶ
2804 4696 2918 4754 τοῖς
2945 4694 3014 4745 τὰ
3044 4694 3166 4748 καθ’
3192 4696 3338 4764 ἡμᾶς
3381 4689 3727 4759 οίκονομ-ήσασι

2203 4783 2482 4852 Πατρὰσιν
2510 4766 2929 4854 ἀκολουθητέον,
2958 4785 3053 4838 καὶ
3081 4785 3155 4848 ὡς
3183 4786 3407 4848 ἐκείνοις
3430 4783 3585 4842 δοκεῖ,
3609 4772 3729 4846 χρώ

2203 4891 2358 4944 μενοι
2389 4874 2466 4945 τῷ
2490 4857 2648 4944 ’ἁγίῳ
2690 4876 2869 4945 μύρῳ,
2902 4875 3046 4929 οὕτω
3076 4877 3186 4931 τῶν
3216 4874 3563 4947 ἀγιασμάτων
3593 4880 3727 4940 tut-’1‘

2201 4966 2655 5031 λαμϐανέτωσαν.

2599 5062 2739 5129 Περὶ
2774 5063 2789 5078 ⁸
2802 5062 3374 5131 Υδροπαραστατῶν.

2280 5151 2793 5222 ’Υδροπᾱραστάτοιι
2852 5156 2897 5208 δ’
2943 5158 3082 5209 εἰσὶν
3112 5159 3161 5210 οἱ
3213 5157 3372 5224 μόνον
3416 5152 3549 5224 ὕδωρ
3595 5148 3643 5199 ἐν
3667 5142 3718 5209 τῇ

2200 5244 2489 5316 ἱερουργίᾳ
2522 5244 2619 5300 τοῦ
2665 5247 2821 5315 ἁγίου
2858 5250 3262 5321 προσφέροντες
3313 5246 3576 5318 ποτηρίου,
3605 5234 3720 5292 οἶνον

2196 5333 2254 5386 δὲ
2285 5337 2459 5406 τούτῳ
2506 5339 2763 5406 μιγνύναι
2799 5340 2874 5410 μὴ
2921 5343 3263 5413 ἀνεχόμενοι,
3290 5342 3382 5395 καὶ
3418 5340 3503 5392 τὸν
3530 5335 3717 5399 ἔννομον

2196 5427 2375 5495 γάμον
2425 5428 2595 5499 μηδὲν
2649 5429 3017 5501 διενηνοχέναι
3066 5433 3319 5505 πορνείας
3361 5431 3601 5500 οἰόμενοι.
3651 5416 3715 5471 Τὰ

2197 5518 2341 5571 αὐτὰ
2383 5521 2475 5571 καὶ
2496 5522 2525 5572 ό
2561 5520 2647 5591 uti,"
2680 5522 2863 5576 κανὼν
2896 5524 2991 5577 τοῦ
3043 5526 3208 5579 αὐτοῦ
3260 5525 3555 5596 διορίζεται.
3582 5514 3715 5581 liii“

2187 5614 2326 5690 frti-:91
2390 5613 2922 5685 Ὑδροπαραστατῶν
2983 5618 3078 5673 καὶ
3129 5617 3428 5691 ’Δρμενίων
3478 5613 3532 5665 ἐν
3572 5603 3638 5676 τῷ
3672 5602 3711 5668 η’

2196 5723 2323 5772 κεφ.
2358 5705 2449 5759 τοῦ
2482 5708 2528 5760 Κ
2564 5710 2853 5778 στοιχείου.
