4016 6388
306 370 447 437 Ῑῡ33

1255 371 1671 440 SYNTAGMA
1703 372 2330 436 ALPHABETICUM.
2370 397 2437 412 -
2487 376 2554 434 Α.

3421 377 3557 440 ιικτιι

381 485 545 540 Ἀλλὰ
589 486 698 555 γὰρ
739 487 830 540 καὶ
862 487 889 541 ὁ
943 485 986 550 ζ’
1015 486 1197 541 κανὼν
1248 487 1348 556 τῆς
1402 487 1788 556 οἰκουμενικῆς
1831 484 1858 553 β

2056 484 2227 537 Porro
2288 498 2489 538 canon.
2517 485 2547 537 7
2590 497 2711 555 syn.
2755 499 2791 538 ιι
2824 499 3099 540 cacumen.
3135 486 3282 542 clare
3312 487 3560 545 decernit

296 577 542 641 συνόδου,
572 578 721 641 ὅπως
751 579 858 650 χρὴ
888 579 1139 650 δέχεσθαι
1189 581 1314 640 τοὺς
1343 579 1404 644 ἐξ
1437 581 1707 649 αἱρέσεως
1746 581 1872 632 ὲπιο

294 668 635 737 στρέφοντας
664 668 937 738 ἀριδήλως
959 669 1261 737 νομοθετεῖ.
1291 669 1384 732 Εἰς
1402 668 1500 721 ’δύο
1534 669 1647 739 γὰρ
1673 668 1873 738 μοίρας

290 757 541 817 ἅπαντας
568 758 777 819 διελὼν,
809 760 936 815 τοὺς
997 760 1097 826 μὲν
1129 758 1288 829 μύρῳ
1320 759 1595 829 χρίεσθαι,
1633 756 1758 822 τοὺς
1813 757 1871 813 δὲ

289 844 762 910 ἀνασαπτίζεσθαι
810 847 1123 918 διωρίσατο.
1158 847 1474 916 Ἀρειανοὺς
1505 850 1601 915 μὲν
1638 847 1752 912 οὖν,
1777 849 1872 902 καὶ

289 935 750 1000 Μακεδονιανοὺς,
773 941 869 990 καὶ
891 938 1318 1002 Σαϐϐατιανοὺς,
1350 941 1446 993 καὶ
1466 940 1866 1007 Ναυατιανοῦς,

288 1028 418 1090 τοὺς
451 1026 712 1095 λέγοντας
749 1031 980 1092 ἑαυτοὺς
1012 1031 1327 1097 Καθαροὺς,
1358 1031 1452 1082 καὶ
1490 1030 1866 1100 Ἀριστεροὺς,

289 1119 390 1171 καὶ
416 1110 1125 1187 Ἶεσσαρασκαιδεκατίτας
1174 1124 1294 1193 ἦτοι
1352 1123 1725 1192 Τετραδίτας,
1775 1125 1870 1177 καὶ

302 1209 810 1279 Ἀπολλιναριστὰς,
839 1212 1070 1282 ἐπείπερ
1091 1212 1271 1283 ἐξίσης
1297 1214 1429 1283 ἡμῖν
1451 1212 1527 1281 τῷ
1549 1212 1677 1282 θείῳ
1704 1211 1873 1265 τελει-

287 1301 478 1354 οῦνται
502 1301 862 1371 βαπτίσματι,
883 1305 984 1355 οὐκ
1006 1305 1178 1356 οἴεται
1195 1303 1306 1357 δεῖν
1328 1303 1551 1365 τούτους
1570 1304 1874 1357 ἀναῦαπτί-

287 1394 428 1456 ζειν,
456 1394 614 1456 ἀλλὰ,
655 1397 792 1462 μετᾶ
824 1396 913 1446 τδν
938 1396 1042 1457 τῆς
1075 1396 1343 1464 σφετέρας
1374 1396 1638 1465 αἱρέσεως
1671 1395 1873 1463 ἐγγρα-

286 1504 387 1554 φον
425 1486 894 1556 ἀναθεματισμδν,
945 1487 1020 1553 τῷ
1051 1489 1193 1554 ἁγίῳ
1228 1489 1404 1554 χρίειν
1450 1488 1606 1557 μύρῳ
1652 1486 1869 1541 κελεύει

282 1579 346 1632 τό
373 1596 429 1630 τε
467 1579 720 1646 μέτωπον
767 1579 970 1641 αὐτῶν,
1006 1579 1101 1633 καὶ
1129 1581 1253 1642 τοὺς
1273 1578 1610 1649 ὀφθαλμοὺς,
1638 1581 1736 1632 καὶ
1768 1581 1870 1642 τὰς

287 1672 466 1742 ῥῖνας,
498 1670 560 1723 τὸ
585 1670 763 1737 στόμα
806 1685 890 1732 τε,
920 1670 1015 1722 καὶ
1051 1670 1121 1722 τὰ
1157 1665 1294 1731 ὦτα,
1333 1674 1426 1723 καὶ
1459 1670 1868 1741 σφραγίζοντας

282 1761 467 1830 λέγειν
487 1776 502 1794 ⁸
537 1763 786 1831 Σφραγὶς
817 1763 1026 1828 δωρεᾶς
1052 1761 1192 1814 Πνεύ
1204 1779 1372 1832 ματος
1393 1762 1578 1831 ἁγίου.

783 1873 920 1940 Περὶ
945 1873 1361 1940 Εὑνομιανῶν.

282 2028 293 2037 .
356 1964 729 2034 Εὐνομιανούς
761 1980 823 2033 γε
874 1965 1003 2034 μὴν,
1035 1968 1162 2028 τοὺς
1204 1966 1286 2029 είς
1333 1966 1632 2020 κατάδυσιν
1662 1966 1866 2034 βαπτι-

282 2056 552 2126 ζομένους
592 2058 741 2126 μίαν,
776 2059 870 2112 καὶ
904 2059 1306 2123 Μοντανιστὰς,
1333 2062 1460 2122 τοὺς
1490 2060 1869 2130 καλουμένους

278 2151 526 2221 Φρύγας,
580 2153 675 2206 καὶ
728 2152 1144 2217 Σαῦελλιανοὺς,
1197 2152 1326 2217 τοὺς
1361 2152 1719 2218 διδάσκοντας
1768 2154 1867 2226 τὴν

282 2245 631 2316 υίοπατρίαν,
683 2248 780 2300 καὶ
835 2248 965 2310 τοὺς
1024 2246 1454 2317 παραπλησίους
1506 2246 1741 2315 τούτοις,
1792 2250 1869 2310 ὡς

278 2339 434 2392 οὐδὲν
464 2338 692 2409 ἄμεινον
736 2338 846 2392 τῶν
887 2335 1242 2392 ἀϐαπτίστιον
1292 2338 1561 2410 Ἑλλήνων
1607 2341 1867 2413 ἀληθείας

278 2431 615 2498 δικαζούσης
664 2431 1071 2500 διακειμένους,
1108 2433 1174 2502 τῇ
1223 2431 1485 2502 καθολικῇ
1536 2434 1867 2502 προσιόντας

291 2521 616 2592 Ἐκκλησία,
650 2523 810 2585 εῢθὺς
841 2522 1057 2574 κελεύει
1087 2521 1452 2591 βαπτίζεσθαι
1476 2537 1491 2551 ⁸
1526 2523 1559 2593 ἢ
1589 2524 1698 2593 γὰρ
1728 2525 1866 2588 ὅλως

279 2614 382 2666 οὐκ
417 2613 808 2678 ἐϐαπτίσαντο,
840 2614 873 2684 ἢ
910 2614 1003 2666 καὶ
1039 2613 1442 2684 βαπτισάμενοι
1468 2615 1530 2666 οὐ
1563 2614 1710 2668 κατὰ
1736 2617 1865 2677 τοὺς

279 2705 525 2776 θεσμοὺς
558 2707 658 2777 τῆς
705 2707 814 2761 τῶν
845 2705 1141 2777 όρδοδόξων
1187 2706 1523 2776 Ἐκκλησίας
1560 2707 1866 2777 ἐνεσημόιν⁴

280 2795 459 2867 θησαν
477 2816 492 2831 ο
514 2799 690 2869 ταύτῃ
711 2816 797 2853 τοι
828 2801 922 2852 καὶ
946 2797 1249 2868 ἀφώτιστοι
1278 2799 1392 2861 τοῖς
1415 2797 1587 2861 θείοις
1616 2799 1865 2870 Πατράσι

279 2886 611 2958 λογίζονται.

800 3004 940 3074 Περὶ
991 3004 1331 3074 Ἀρειανῶν.

364 3097 634 3168 Ἀρειανοὶ
669 3095 768 3169 μὲν
793 3092 885 3151 οὖν
917 3099 1056 3151 εἰσιν
1088 3099 1138 3151 οἱ
1164 3098 1232 3150 τὰ
1258 3096 1477 3167 Ἀρείου
1509 3098 1859 3172 φρονοῦντες,

1977 575 2252 642 quomodo
2307 589 2404 629 eos
2453 577 2546 644 qui
2593 591 2659 630 ex
2716 577 2913 631 haeresi
2967 581 3562 639 revertuntur.admit-

1977 673 2095 720 tere
2154 675 2425 735 eporteat.
2458 668 2675 724 Etenim
2733 670 3023 725 haereticos
3077 686 3271 725 omnes
3328 672 3384 726 in
3445 674 3558 729 duo

1976 770 2175 826 genera
2248 758 2618 828 distinguens,
2673 761 2825 815 alios'
2853 762 2976 816 oleo
3039 762 3247 834 inungi,
3275 765 3409 819 alios
3463 783 3561 820 au.

1977 854 2085 902 tem
2184 850 2509 921 rebaptizari
2600 850 2864 907 deﬁnivit.
2931 855 3165 908 Arianos
3245 857 3430 927 itaque
3503 871 3561 915 et

1973 936 2414 1003 Macedonianos,
2450 949 2504 993 et
2548 939 2932 1006 Sabbatianos,
2990 958 3043 997 et
3077 945 3410 1001 Novatianos
3462 949 3557 1018 qui

1974 1045 2114 1094 sese,
2143 1029 2193 1083 hi
2223 1031 2511 1093 Catharos,
2552 1033 2622 1085 illi
2657 1032 2924 1090 Sinistros
2969 1038 3275 1103 nominant,
3309 1048 3365 1093 et
3391 1039 3561 1105 Quare

1977 1125 2399 1201 taderumanns‘
2433 1125 2549 1178 sive
2587 1126 2899 1191 Quartanos
2926 1169 2938 1191 ,
3007 1139 3063 1182 et
3117 1130 3555 1199 Apollinaristas,

1974 1215 2234 1283 quoniam
2305 1230 2372 1269 ex
2436 1232 2597 1285 :equo
2660 1219 2949 1274 nobiseum
3016 1236 3174 1274 εει(το
3226 1222 3558 1290 baptismate

1975 1307 2356 1375 perﬁciuntur,
2392 1308 2573 1364 denuo
2620 1310 2904 1381 baptizare
2958 1314 3277 1382 neutiquam
3333 1331 3557 1371 necesse

1974 1399 2272 1465 existimat,
2326 1417 2518 1455 verum
2565 1417 2683 1462 eos,
2748 1415 3031 1473 postquam
3079 1406 3286 1474 scripto
3336 1423 3555 1462 omnem

1975 1506 2130 1544 suam
2199 1490 2449 1546 breresim
2529 1497 3139 1562 anatliematizaverint,
3208 1515 3365 1553 sacro
3436 1500 3559 1555 oleo

1973 1580 2239 1651 inungere
2283 1583 2458 1651 jubet,
2489 1583 2722 1639 frontem
2761 1596 2815 1639 et
2858 1588 3047 1643 oculos
3106 1598 3161 1643 et
3190 1606 3354 1644 nares
3411 1599 3467 1645 et
3497 1607 3556 1646 os

1972 1683 2029 1724 et
2079 1688 2260 1739 aures,
2318 1683 2375 1729 et
2409 1674 2689 1741 signantes
2742 1678 2972 1734 dicere:
3021 1681 3373 1750 Signaculum
3426 1676 3556 1737 doni

1975 1761 2210 1834 Spiritus
2279 1767 2478 1821 sancti.

2500 1880 2577 1934 De
2638 1880 3011 1941 Eunamt’anis.

2041 1967 2416 2025 Eunomianos
2465 1988 2616 2039 vero,
2678 1976 2772 2046 qui
2838 1993 2945 2033 una
2976 1980 3321 2037 demersione
3377 1983 3559 2053 baptio

1970 2069 2187 2125 zantnr,
2233 2071 2290 2115 et
2331 2062 2712 2131 Montanistas,
2772 2063 2962 2138 qui'et
2992 2071 3233 2143 Phryges
3273 2075 3555 2137 dicuntur,

1968 2163 2025 2209 et
2075 2154 2414 2214 Sabellianos
2467 2161 2559 2231 qui
2609 2161 2827 2218 Patrem
2875 2164 3019 2220 idem
3061 2183 3181 2223 esse
3239 2185 3365 2225 cum
3419 2169 3558 2227 Filio

1969 2246 2191 2316 docent,
2255 2250 2430 2321 iisque
2485 2253 2821 2321 consimiles,
2868 2266 2927 2311 ut
2977 2258 3067 2327 qui
3137 2259 3309 2316 nihilo
3365 2264 3558 2319 melius

1967 2354 2130 2407 quam
2231 2344 2428 2414 pagani
2497 2361 2608 2400 non
2704 2349 2986 2418 baptizati,
3048 2354 3276 2408 veritate
3347 2356 3555 2425 jutliCe,

1967 2428 2151 2482 aﬂ‘ecti
2219 2431 2351 2495 sint,
2413 2433 2479 2488 ad
2544 2434 2840 2495 Ecclesiam
2879 2440 3202 2496 catholicam
3234 2446 3559 2501 accedentes

1968 2519 2153 2570 statim
2230 2519 2492 2588 baptizari
2561 2525 2736 2591 jubet.
2790 2525 2887 2594 Vel
2947 2531 3091 2584 enim
3148 2548 3259 2589 non
3333 2538 3558 2591 omnino

1968 2608 2228 2678 baptizati
2279 2624 2457 2680 erant;
2492 2617 2577 2670 vel
2639 2618 2681 2672 si
2742 2619 3003 2689 baptizati
3066 2621 3303 2689 fuerant,
3356 2643 3558 2682 sccun-
3629 2656 3638 2664 ο

1968 2701 2096 2755 dum
2154 2703 2418 2762 Ecclesiae
2489 2710 2810 2766 orthodoxa:
2872 2715 3297 2774 constitutiones
3340 2737 3446 2775 non
3481 2723 3556 2778 si-

1965 2793 2294 2861 gnabantur;
2346 2807 2401 2853 et
2478 2804 2547 2854 ob
2586 2818 2705 2856 eam
2772 2806 3039 2861 rationem
3106 2825 3134 2863 a
3196 2812 3402 2868 sanctis
3452 2812 3557 2870 Pa-

1969 2886 2140 2942 tribus
2192 2904 2289 2958 pro
2351 2906 2461 2946 non
2526 2893 2850 2951 illuminatis
2910 2897 3084 2954 habiti
3142 2910 3294 2956 sunt.

2579 3008 2653 3087 De
2703 3009 2944 3067 Arianis.

2036 3092 2178 3149 Sunt
2257 3107 2439 3153 autem
2507 3099 2694 3155 Ariani
2750 3103 2840 3173 qui
2908 3120 3031 3160 cum
3106 3108 3240 3163 Ario
3283 3108 3551 3176 sentiunt.

270 3189 339 3254 ὃς
365 3190 741 3262 πρεσὸύτερος
765 3185 842 3241 ὣν
871 3190 971 3256 τῆς
1018 3188 1138 3244 κατ’
1173 3188 1590 3260 Ἀλεξάνδρειαν
1619 3193 1856 3263 Ἐκκλη-

1968 3183 2216 3240 Ecclesia:
2278 3188 2661 3247 Alexandrinae
2726 3190 3066 3267 presbytero,
3116 3199 3209 3271 qui
3291 3202 3387 3257 Ι)ίοὶ
3463 3202 3555 3258 Fi-

273 3283 418 3349 σίας,
470 3281 563 3334 τὸν
595 3282 717 3334 my
748 3283 844 3335 τοῦ
881 3281 1018 3334 Θεοῦ
1049 3282 1144 3334 καὶ
1190 3281 1251 3333 τὸ
1293 3281 1448 3342 ἅγιον
1481 3284 1712 3353 Πνεῦμα
1743 3286 1856 3337 ὲτε-

270 3373 471 3442 ρούσια
497 3371 577 3444 τῷ
623 3374 801 3445 Πατρὶ
832 3373 928 3426 καί⁵
978 3373 1258 3442 κτίσματα
1288 3375 1315 3426 ὁ
1343 3373 1575 3445 βέϐηλος
1614 3375 1854 3445 ἐδογμά-

269 3462 412 3529 τιζε.

469 3579 609 3647 Περὶ
643 3578 1114 3634 Μακεδονιανῶν
1141 3580 1243 3633 καὶ
1284 3577 1657 3648 Ἦμιαρείων.·

343 3654 749 3735 Μακεδονιανοὶ
780 3671 839 3726 δὲ
865 3673 914 3725 oi.
948 3671 1080 3739 περὶ
1109 3670 1209 3740 μὲν
1232 3670 1327 3724 τοῦ
1356 3672 1487 3726 Υἱοῦ
1513 3673 1683 3741 ὑγιῶς
1713 3691 1852 3743 φρο-

266 3763 512 3831 νοῦντες,
539 3765 603 3819 τὸ
621 3764 678 3818 δὲ
704 3765 860 3833 ἅγιον
884 3763 1110 3834 Πνεῦμα
1130 3765 1351 3818 κτιστὸν
1373 3765 1849 3835 βλασφημοῦντες,

268 3856 367 3911 καὶ
394 3855 676 3927 ἀλλότριον
704 3857 806 3925 τῆς
846 3855 1126 3926 θεότητος,
1169 3856 1300 3928 παρ’
1332 3855 1363 3910 ὃ
1399 3857 1494 3911 καὶ
1533 3859 1851 3930 Ἦμιάρειοι

266 3949 569 4003 ἐκαλοῦντο
590 3964 607 3980 ⁶
633 3948 867 4019 ταυτησὶ
909 3947 968 4002 δὲ
997 3948 1099 4017 τῆς
1130 3947 1379 4024 κλήσεως
1406 3949 1503 4002 καὶ
1549 3949 1716 4020 ἑτέρα
1740 3951 1850 4003 τῶν

265 4038 576 4107 ἐξαγίστων
622 4039 888 4109 αἱρέσεων
927 4037 1121 4109 ἔτυχεν
1143 4055 1158 4071 ο
1186 4038 1236 4091 οἳ
1279 4039 1344 4109 δὴ
1372 4038 1466 4091 τὸν
1507 4038 1637 4091 Υίὸν
1666 4039 1761 4093 καὶ
1790 4040 1850 4092 τὸ

270 4130 501 4202 Πνεῦμα
527 4132 592 4186 τδ
620 4131 798 4201 ἅγιον,
825 4129 950 4184 οὔτε
984 4130 1264 4200 κτίσματα
1284 4130 1360 4194 ὡς
1387 4131 1415 4183 ὁ
1450 4131 1689 4200 Ἄρειος,
1722 4130 1848 4184 οὔτε

264 4224 380 4296 μὴν
404 4223 666 4295 δμοούσια
697 4223 777 4295 τῷ
817 4208 991 4294 Πατρὶ
1012 4221 1259 4288 δοξάζειν
1302 4221 1602 4292 ἠνείχοντο,
1633 4221 1768 4293 ξένῳ
1790 4224 1849 4295 δέ

260 4302 375 4371 τινι
408 4319 597 4389 τρόπῳ
635 4316 903 4387 δμοούσια
944 4315 1024 4387 τῷ
1053 4314 1262 4386 Πατρίο
1295 4315 1574 4371 ἐδεδίεσαν
1607 4315 1739 4388 γὰρ,
1770 4315 1846 4380 ὡς

260 4410 529 4478 ἔφασκον,
555 4408 630 4481 μὴ
658 4408 830 4474 πάθος
861 4406 996 4477 περὶ
1028 4405 1121 4460 τὸν
1148 4406 1373 4479 Πατέρα
1405 4407 1497 4462 διὰ
1522 4406 1623 4478 τῆς
1654 4407 1847 4477 γεννής

266 4518 408 4564 σεως
430 4500 690 4572 νομισθῇ.

825 4704 965 4772 Περὶ
995 4703 1292 4760 Ναϐάτσυ.

336 4791 587 4857 Ναδάτος
614 4793 674 4851 δὲ
724 4793 1097 4866 πρεσὸύτερος
1146 4790 1223 4845 ὣν
1274 4791 1373 4862 τῆς
1428 4792 1673 4858 παλαιᾶς
1711 4795 1850 4849 Ῥῶ-

262 4899 398 4959 μης,
431 4887 531 4957 τῆς
577 4884 688 4938 τῶν
734 4885 1046 4954 λεγομένων
1082 4883 1358 4952 Καθαρῶν
1390 4882 1661 4953 αἱρέσεως
1687 4880 1844 4956 ἦρξε,

259 4981 625 5052 σχισματικδς
646 4980 725 5034 ὣν
749 4980 981 5051 κυρίως,
1003 4979 1105 5049 οὐχ
1134 4978 1413 5049 αἱρετικός
1435 4993 1450 5009 ’
1479 4978 1540 5030 οὐ
1570 4978 1681 5051 γὰρ
1713 4980 1845 5051 περι

256 5093 314 5131 τι
342 5075 452 5130 τῶν
482 5074 662 5145 ὀρθῶν
687 5073 978 5144 δογμάτων
1002 5074 1113 5135 τοῖς
1140 5073 1353 5135 πιστοῖς
1371 5070 1674 5140 διεφέρετο,
1705 5071 1845 5127 ἀλλὰ

259 5168 376 5230 τοῖς
404 5168 466 5221 ἐν
513 5165 595 5237 τῷ
625 5165 852 5238 διωγμῷ
887 5163 1204 5234 ὑποκύψασι
1238 5164 1331 5243 καὶ
1362 5162 1596 5217 θύσασιν
1635 5163 1846 5234 ἀπηγό-

262 5278 393 5331 ρευε
424 5259 523 5331 τὴν
557 5258 851 5330 μετάνοιαν
874 5275 889 5290 ·
919 5258 1034 5321 τοῖς
1074 5274 1135 5310 τε
1181 5256 1438 5325 διγάμοις
1488 5257 1589 5308 οὐκ
1622 5255 1844 5309 ἐκοινώ-

258 5369 345 5406 νει
367 5367 383 5385 ο
418 5350 537 5406 ἀνθ’
578 5345 676 5418 ὧν,
710 5353 760 5404 εἰ
804 5350 903 5403 καὶ
931 5349 1005 5419 μὴ
1037 5349 1166 5419 περὶ
1208 5348 1310 5417 τὴν
1338 5348 1541 5417 ,πίστιν
1579 5347 1835 5416 ἐσφαλτο,

254 5444 351 5500 διὰ
401 5443 585 5514 μέντοι
633 5444 696 5498 τὸ
739 5443 1069 5514 ἀσυμπαθὲς
1118 5440 1287 5496 αὑτοῦ
1337 5442 1431 5493 καὶ⁴
1480 5439 1836 5511 μισάδελφον,

257 5537 483 5591 συνόδου
541 5537 846 5608 γενομένης
900 5538 960 5589 ὲν
998 5534 1188 5605 Ῥώμῃ
1245 5534 1340 5587 ἐπὶ
1394 5533 1698 5604 Κορνηλίου
1744 5531 1837 5585 τοῦ

253 5630 489 5694 πάππα,
521 5629 714 5683 Δεκίου
758 5628 1162 5699 βασιλεύοντος,
1203 5626 1492 5697 ἀπεϐλήθη
1527 5627 1622 5679 καὶ
1650 5625 1841 5679 ἀνεθεο

252 5722 526 5795 ματίσθη,
553 5721 630 5786 ὡς
658 5725 687 5776 ό
715 5722 810 5777 τοῦ
856 5721 1148 5792 Παμφίλου
1175 5721 1434 5795 Εὐσέϐιος
1466 5721 1691 5786 ἱστορεῖ.
1736 5757 1742 5763 -

578 5905 850 5970 ΡΔτιοῑ..
901 5905 1018 5968 Gn.
1054 5902 1318 5968 CXLIV.

1964 3274 2095 3329 lium
2182 3286 2236 3332 et
2293 3277 2556 3348 Spiritum
2634 3292 2884 3337 sanctum
2961 3285 3227 3342 diversam
3295 3306 3325 3343 a
3392 3292 3553 3348 Patro

1962 3366 2270 3421 essentiam
2288 3369 2510 3436 habere,
2536 3379 2591 3426 et
2619 3383 2899 3430 creaturas
2929 3391 3051 3432 esse
3079 3378 3308 3449 profane
3338 3380 3548 3436 docuit.

2200 3560 2278 3614 De
2339 3563 2733 3645 Maccdonianis
2795 3580 2845 3625 et
2909 3569 3283 3633 Semiariam‘s.

2031 3649 2404 3710 Macedoniani
2476 3676 2628 3727 vero,
2657 3662 2749 3732 qui
2812 3664 2881 3721 de
2936 3664 3076 3722 Filio
3117 3669 3339 3739 quidem
3393 3683 3545 3727 recte

1960 3756 2271 3811 senserunt,
2304 3749 2567 3819 Spiritum
2596 3762 2780 3809 autem
2812 3767 3062 3813 sanctum
3091 3771 3395 3817 creaturam
3426 3752 3547 3818 esse

1960 3847 2017 3891 et
2067 3852 2100 3892 a
2162 3839 2453 3897 divinitate
2525 3844 2765 3902 alienum
2828 3848 3147 3920 blaspheme
3198 3855 3541 3911 asserebant:

1960 3929 2107 3984 unde
2163 3940 2220 3985 et
2283 3933 2603 3991 Semiariani
2633 3939 2763 3995 dicti
2794 3951 2946 3998 sunt.
2979 3941 3122 4008 Quin
3171 3954 3227 3999 et
3288 3947 3542 4001 eamdem

1958 4023 2378 4092 appellationem
2418 4030 2522 4083 alia
2552 4035 2722 4086 etiam
2789 4049 2853 4088 ex
2887 4035 3068 4104 impiis
3098 4037 3398 4093 hmresibus
3425 4055 3545 4094 sora

1957 4116 2058 4170 tita
2116 4125 2219 4183 est,
2273 4133 2463 4174 eorum
2516 4137 2712 4194 nempe
2773 4127 2865 4192 qui
2919 4125 3114 4201 Filium
3153 4138 3208 4183 et
3244 4126 3535 4200 Spiritum

1958 4216 2230 4273 sanctum,
2284 4222 2395 4264 non
2449 4221 2730 4269 creaturas
2756 4232 2880 4270 cum
2933 4218 3083 4285 Ario,
3124 4234 3227 4275 nec
3295 4223 3538 4290 ejusdem

1956 4313 2080 4353 cum
2114 4297 2273 4355 Patre
2319 4304 2656 4371 substantia,
2686 4308 2778 4363 sed
2811 4311 3098 4381 peregrino
3126 4314 3355 4382 quodam
3388 4332 3543 4371 tuere

1956 4392 2150 4448 similis
2183 4410 2305 4449 cum
2335 4397 2494 4453 Patre
2516 4400 2834 4479 substantia:
2866 4404 3200 4459 sentiebant.
3226 4405 3542 4464 Metuebant

1955 4482 2127 4551 enim,
2158 4486 2232 4540 uti
2285 4486 2562 4553 dicebant,
2600 4507 2671 4546 ne
2701 4493 3055 4550 atl‘ectionem
3097 4498 3332 4568 aliquam
3387 4499 3536 4556 Patri

1955 4591 2057 4647 per
2100 4580 2511 4649 generationem
2561 4585 2630 4638 ab
2680 4585 2749 4641 iis
2801 4588 3029 4644 attribui
3084 4591 3208 4661 quis
3260 4602 3500 4662 putaret.

2114 4764 2120 4769 .
2574 4697 2652 4752 De
2704 4700 2912 4755 Novato

2020 4781 2262 4843 Novatus
2316 4799 2497 4845 autem
2530 4794 2728 4849 veteris
2760 4784 2944 4851 Romae
2968 4798 3270 4870 presbyter,
3301 4801 3534 4860 hmresin

1949 4890 2160 4940 eorum,
2194 4881 2287 4950 qui
2341 4881 2563 4939 Cathari
2605 4885 2881 4954 dicuntur,
2930 4898 3159 4949 exorsus
3212 4901 3315 4960 est;
3353 4881 3533 4951 sc'bis-

1950 4969 2186 5025 matieus
2231 4971 2288 5041 9
2343 4976 2583 5045 proprie,
2618 4992 2728 5031 non
2786 4978 3079 5037 hereticus
3134 4999 3150 5038 :
3211 4997 3318 5039 non
3382 4985 3529 5040 enim

1947 5062 2092 5117 circa
2143 5062 2337 5134 dogma
2389 5067 2607 5138 διεφιοά
2655 5085 2685 5126 a
2728 5069 2981 5128 ﬁdelibus
3032 5074 3531 5142 dissentiebat,sed

1947 5152 2014 5211 iis
2054 5154 2163 5225 'qui
2214 5157 2269 5210 in
2328 5162 2712 5227 persecutione
2758 5164 2898 5235 lapsi
2962 5177 3112 5233 sunt,
3141 5177 3197 5223 et
3255 5170 3534 5226 sacriﬁea-

1945 5259 2094 5312 runt,
2132 5251 2509 5321 poanitentiam
2564 5260 2819 5328 negabat,
2843 5269 2900 5315 et
2945 5262 3175 5333 digamis
3221 5280 3331 5319 nou
3382 5281 3534 5321 com-

1946 5343 2281 5400 municabat.
2337 5346 2522 5412 Quare
2578 5349 2706 5406 licet
2757 5353 2904 5409 circa
2954 5355 3117 5410 ﬁdem
3192 5371 3303 5411 non
3372 5372 3530 5413 erra-

1946 5435 2105 5498 verit,
2140 5445 2322 5491 tamen
2380 5449 2606 5509 propter
2659 5444 3173 5503 immisericordiam
3204 5459 3258 5503 et
3296 5450 3527 5505 fratrum

1941 5526 2152 5589 odium,
2189 5527 2395 5598 synodo
2443 5529 2632 5586 Romae
2676 5533 2857 5591 habita
2908 5537 3011 5592 sub
3053 5537 3311 5595 Cornelio
3365 5555 3526 5611 papa,

1942 5620 2107 5676 Decio
2152 5623 2479 5694 imperante,
2508 5627 2715 5697 ejectus
2754 5640 2870 5685 erat
2920 5640 2978 5686 et
3011 5632 3362 5689 anathemate
3405 5651 3529 5706 per-

1940 5730 2154 5783 cussus,
2215 5725 2276 5773 ut
2340 5716 2616 5779 Eusebius
2686 5719 2957 5795 Pamphili
3011 5724 3067 5779 in
3133 5725 3367 5784 historia
3428 5744 3526 5785 sua

1944 5814 2152 5863 narrat.

3045 5905 3123 5966 33
