4016 6398
562 355 702 421 10;,5
1751 345 2119 411 narrum
2165 347 2588 410 ausurus
3651 336 3759 413 1036

1173 465 1252 521 De
1281 464 1644 520 Sabbatianis.
2176 468 2218 523 Α
2730 461 2759 512 ι

2176 468 2218 523 Α
2730 457 2870 526 Περὶ
2905 456 3340 512 Σαϐϐατιαγῶν.

624 563 768 618 Sunt
803 567 992 616 autem
1027 557 1370 622 Sabbatiani,
1419 558 1620 626 quibus
1685 554 1905 626 praefuit
1932 553 2142 608 Sabba-

2315 550 2682 606 Σαδΰατιανοὶ
2721 550 2800 614 δὲ,
2841 543 2916 603 ὧν
2946 551 3192 619 ἡγήσατο
3233 547 3526 612 Σαϐϐάτιπ
3565 568 3639 613 τις
3664 569 3763 623 πρε-

557 656 668 709 tius
707 653 928 724 quidam
969 651 1274 721 presbyter,
1303 649 1554 702 eamdem
1583 647 1834 702 heresim
1863 662 1987 701 cum
2036 645 2143 700 Νο-

2245 642 2535 710 σ6ύτερος,
2569 642 2668 710 τῆς
2699 639 2968 710 αἱρέσεως
3003 637 3106 708 μὲν
3145 638 3398 700 κάκεῖνος
3422 634 3492 689 ῶν
3516 636 3601 688 τοῦ
3623 637 3763 691 Ναῦἁι

557 758 681 803 vato
715 748 1010 817 professus,
1039 745 1140 798 nisi
1174 743 1317 813 quod
1346 743 1589 812 pejorum
1624 741 1808 796 studio
1841 747 2140 800 teneretur,

2242 753 2360 798 του,
2399 737 2466 804 τῇ
2512 733 2569 786 δὲ
2600 732 2730 802 περὶ
2769 732 2839 785 τὰ
2871 731 3039 802 χείρω
3081 729 3368 800 φιλοτιμίᾳ
3411 732 3504 783 καὶ
3531 729 3765 794 ίουδαῖκῶς

555 850 610 893 et
639 853 787 892 more
814 837 1037 905 judaico
1083 833 1387 888 Sabbatum
1419 831 1646 893 coleret,
1673 833 1727 883 in
1757 843 1822 884 eo
1868 829 2141 898 jejunium

2246 827 2598 890 σαϐϐατίζειν
2625 826 2831 896 ᾑρεῖτο,
2864 825 3122 893 νηστείαν
3169 823 3227 874 ἐν
3266 821 3442 892 τούτῳ
3474 823 3676 891 μετιὼν,
3695 824 3763 876 καὶ

557 945 844 1000 peragens;
868 940 922 982 et
951 928 1055 981 alia
1113 941 1302 981 eorum
1356 925 1586 979 mmulus
1620 922 1847 988 faceret,
1905 921 2049 975 sicut
2090 927 2143 973 et

2243 919 2413 972 τᾶλλα
2466 919 2868 986 παραπλησίως
2905 917 3160 978 ἐκείνοις,
3185 914 3372 978 καθὼς
3398 915 3462 984 δὴ
3503 913 3590 968 καὶ⁵
3615 913 3660 968 ol
3682 915 3765 968 Λα-

557 1039 702 1077 nunc
731 1020 993 1090 temporis
1019 1018 1219 1074 Latini.

1019 1018 1219 1074 Latini.
2243 1014 2380 1066 τίνοι
2415 1011 2602 1066 τανῦν.

1235 1113 1307 1184 ρε
1337 1110 1611 1165 Sinislris.
2773 1103 2821 1155 Π

2773 1101 2913 1169 Περὶ
2961 1098 3329 1169 Ἀριστερῶν.

623 1207 790 1260 Iidem
826 1207 990 1261 etiam
1014 1205 1234 1261 Sinistri
1275 1217 1554 1266 vocantur,
1585 1201 1728 1272 quod
1765 1215 1985 1254 manum
2014 1199 2148 1254 sini-

2318 1198 2382 1250 Οί
2404 1197 2562 1250 αὐτοὶ
2585 1195 2642 1250 δὲ
2673 1195 2968 1250 καλοῦνται
2986 1199 3085 1251 καὶ
3111 1195 3441 1264 Ἀριστεροὶ,
3459 1193 3536 1246 ὄτι
3560 1192 3648 1259 τὴν
3669 1193 3762 1260 ἀρι-

554 1309 720 1352 stram
748 1298 1160 1361 abominentur,
1193 1314 1297 1352 non
1321 1296 1546 1351 omnino
1565 1294 1684 1349 ausi
1725 1307 1822 1363 per
1843 1308 1962 1346 eam
1991 1290 2140 1361 quid-

2249 1290 2447 1361 στεράν
2478 1291 2586 1343 είσι
2638 1289 3052 1360 βδελυττόμενοι
3083 1289 3268 1357 χεῖρα,
3318 1285 3385 1339 δι’
3413 1285 3574 1354 αὐτῆς
3596 1283 3769 1355 προσίε-

555 1404 714 1458 quam
737 1389 1100 1459 prehendere.

2249 1388 2378 1440 σθαι
2407 1386 2467 1438 τὸ
2497 1385 2706 1438 οἱονοῦν
2741 1386 2817 1454 μὴ
2846 1382 3179 1453 τολμῶντες.

1121 1478 1196 1531 De
1226 1475 1774 1541 Quartodecumanis.
2562 1477 2702 1546 Περί

2562 1477 2702 1546 Περι
2745 1472 3506 1544 Τεσσαρεσκαιδεκατιτῶν.

624 1569 768 1626 Sunt
796 1585 961 1642 porro
985 1568 1481 1634 Quartodecumani
1496 1567 1589 1637 qui
1608 1567 1817 1620 Pascha
1845 1564 2146 1628 celebrant,

2321 1568 2986 1638 Τεσσαρεσκαιδεκατῖται
3019 1567 3097 1628 δὲ,
3129 1569 3180 1620 οἱ
3234 1567 3298 1620 τὸ
3329 1568 3512 1635 πάσχα
3541 1563 3769 1622 τελοῦντες

555 1681 661 1718 non
693 1664 782 1718 die
813 1663 1112 1726 Dominica,
1159 1661 1458 1716 secundum
1504 1675 1687 1714 sacras
1719 1658 1978 1713 Ecclesiae
2013 1671 2141 1710 con-

2249 1661 2350 1712 οὐκ
2377 1662 2432 1713 ὲν
2465 1662 2650 1730 ἡμέρᾳ
2683 1661 2957 1729 κυριακῇ,
2994 1658 3138 1713 κατὰ
3188 1661 3320 1722 τοὺς
3356 1659 3530 1729 ίεροὺς
3570 1655 3657 1724 τῆς
3676 1655 3769 1708 Ἐκ-

553 1755 889 1821 stitutiones,
929 1755 1024 1810 sed
1056 1769 1118 1809 ea
1153 1753 1239 1808 die
1270 1768 1378 1821 qua
1410 1751 1538 1805 luna
1577 1750 1986 1820 quartadecima
2008 1762 2139 1803 con-

2184 1821 2194 1822 i
2252 1751 2481 1820 κλησίας
2515 1750 2770 1819 θεσμοὺς,
2815 1751 3010 1804 ἀλλ’ἑν
3123 1752 3189 1804 ἂν
3221 1750 3406 1821 ἡμέρᾳ
3433 1763 3767 1816 τεσσαρεσκαι·

554 1849 752 1919 tigerit;
784 1846 929 1916 quod
956 1855 1044 1902 est
1092 1843 1335 1900 Judaicze
1416 1841 1826 1912 superStitionis
1903 1839 2140 1894 maxime

2181 1821 2220 1876 Β
2247 1843 2540 1897 δεκαταίαν
2597 1844 2737 1916 τύχῃ
2783 1845 2882 1912 τὴν
2936 1821 3167 1914 σελήνην
3217 1843 3491 1910 γενέσθαι,
3519 1841 3545 1895 δ
3575 1839 3660 1909 τῆς
3685 1839 3767 1891 τῶν

555 1939 860 2010 proprium.

2257 1932 2528 1988 Ἰουδαίων
2560 1935 2860 2005 θρησκείας
2891 1934 3040 1986 ἐστὶν
3066 1934 3378 1989 ἰδιαίτατον.

1117 2026 1195 2083 De
1233 2024 1545 2092 Quartanis.

2747 2028 2887 2095 Περὶ
2919 2026 3313 2094 Τετραδιτῶν.

624 2121 790 2175 Iidem
845 2121 1011 2176 etiam
1053 2117 1317 2186 Quartani
1381 2115 1755 2175 nominantur,
1809 2111 1956 2183 quod
2015 2127 2138 2167 cum

2314 2122 2377 2174 Οἱ
2409 2120 2454 2173 δ’
2484 2119 2641 2174 αὐτοὶ
2669 2123 2763 2173 καὶ
2793 2117 3142 2189 Τετραδῖται,
3173 2120 3261 2173 ὅτι
3306 2119 3366 2173 τὸ
3418 2118 3590 2184 πάσχα
3618 2116 3762 2184 ἑορτά·

553 2211 842 2265 Paschalis
891 2209 1089 2264 festum
1141 2209 1440 2272 celebrant,
1469 2219 1740 2274 nusquam
1782 2204 1838 2258 iu
1893 2203 2139 2260 diverso-

2243 2210 2428 2275 ζοντες
2457 2211 2518 2263 οὑ
2554 2210 2868 2274 καταλύειν,
2908 2208 3045 2263 ἀλλὰ
3072 2209 3356 2279 νηστεύειν
3415 2207 3684 2279 αἱροῦνται,
3708 2204 3761 2266 ὼς

555 2303 696 2356 rium
733 2317 790 2356 se
820 2302 1128 2366 conferant,
1151 2302 1246 2357 sed
1266 2300 1518 2371 jejunare
1548 2297 1760 2361 malint,
1785 2295 2141 2366 quemadmo-

2243 2305 2301 2356 ὲν
2321 2306 2440 2365 ταῖς
2471 2303 2724 2373 τετράσιν
2758 2305 2942 2374 ἡμεῖς,
2967 2301 3264 2366 Ἰουδαίους
3291 2306 3396 2358 κάν
3419 2303 3581 2370 τούτῳ
3606 2298 3760 2372 μιμού-

552 2395 680 2450 dum
710 2410 812 2450 nos
831 2391 1071 2463 qualibet
1099 2393 1229 2449 feria
1259 2401 1478 2463 quarta;
1507 2389 1564 2443 in
1589 2387 1691 2443 hoc
1717 2387 1882 2442 etiam
1911 2387 2138 2442 .ludzeo-

2244 2412 2418 2466 μενοι,
2468 2396 2594 2457 τοὺς
2647 2394 2787 2464 μετὰ
2828 2395 2889 2448 τὸ
2939 2395 3122 2464 πάσχα
3183 2394 3376 2466 ἄζυμα
3420 2396 3512 2449 καὶ
3554 2389 3759 2462 πικρίδας

555 2504 676 2541 rum
728 2488 931 2551 annuli,
964 2487 1056 2558 qui
1091 2496 1212 2558 post
1241 2484 1446 2541 Pascha
1477 2494 1647 2546 panes
1695 2494 1808 2536 non
1842 2478 2140 2534 fermenta-

964 2487 1056 2558 qui
1091 2496 1212 2558 post
1241 2484 1446 2541 Pascha
1477 2494 1647 2546 panes
1695 2494 1808 2536 non
1842 2478 2140 2534 fermenta-
2243 2489 2542 2551 ισθεοντας,

465 2631 474 2642 _
556 2591 640 2634 tos
667 2590 722 2634 et
748 2579 946 2634 herbas
971 2593 1192 2633 amaras
1220 2575 1606 2632 comedebant.

1087 2671 1165 2725 De
1215 2670 1636 2740 Apollinaristis.

2687 2671 2827 2738 Περὶ
2857 2670 3391 2740 ’Δπολιναριστῶνο

627 2765 766 2818 Sunt
791 2775 975 2820 autem
1013 2764 1438 2834 Apollinaristaa,
1467 2762 1664 2832 quibus
1696 2755 1915 2831 prafuit
1961 2755 2139 2812 scele-

2312 2763 2761 2834 ’Δπολιναρισταὶ
2817 2764 2898 2829 δὲ,
2940 2759 3014 2818 ὧν
3041 2760 3208 2834 ἦρχεν
3244 2768 3272 2818 ὁ
3306 2765 3468 2827 πολὺς
3493 2762 3584 2834 τὴν
3609 2761 3761 2814 κακίαν

555 2857 860 2912 ratiss’mus
920 2857 1330 2926 Apollinarius,
1400 2855 1455 2910 in
1505 2855 1764 2909 thronum
1835 2849 2136 2913 Laodiceae,

2244 2857 2643 2928 Ἀπολινάριος,
2701 2857 2780 2927 τῷ
2835 2859 2935 2928 τῆς
2982 2860 3040 2911 ἐν
3079 2856 3253 2930 Συρίᾳ
3307 2858 3608 2917 Λαοδικείας
3629 2854 3760 2923 Θρὸνῳ

551 2967 672 3016 qua:
697 2960 780 3005 est
806 2951 862 3004 in
892 2948 1065 3019 Syria,
1112 2949 1224 3002 Deo
1264 2947 1640 3017 permittente,
1711 2941 2026 3014 perniciose
2062 2939 2137 2994 in-

2243 2950 2408 3018 ἀνοχῇ
2438 2947 2574 3002 Θεοῦ
2605 2949 2945 3019 είσφθαρεὶς,
2993 2950 3051 3013 ὃς
3092 2953 3222 3021 περὶ
3257 2952 3356 3022 τὴν
3378 2948 3662 3018 οἰκονομίαν
3687 2962 3761 3012 φα-

552 3042 857 3102 troduetns,
891 3041 982 3110 qui
1003 3040 1146 3094 circa
1188 3038 1551 3095 oeconomiam
1623 3047 1813 3108 aperte
1869 3033 2137 3103 blasphe-

2243 3041 2417 3110 νερῶς
2449 3040 2818 3110 ἐϐλασφήμει,
2866 3041 3044 3110 λέγων
3083 3043 3175 3094 τὸν
3208 3043 3340 3097 Υίδν
3361 3042 3453 3097 τοῦ
3483 3041 3606 3096 Θεοῦ
3642 3039 3760 3106 σῶμα

550 3149 676 3188 mus
705 3141 843 3197 erat,
871 3132 1059 3188 dicens
1086 3124 1282 3186 Filium
1318 3130 1412 3186 Dei
1446 3147 1648 3200 corpus
1675 3131 1898 3202 quidem
1927 3132 2130 3196 vivum,

2175 3149 2208 3208 α
2246 3131 2346 3202 μὲν
2402 3131 2665 3202 ἔμψυχον,
2729 3133 2820 3186 νοῦ
2867 3132 2925 3185 δὲ
2972 3136 3328 3188 παντάπασιν
3357 3135 3593 3205 ἄμοιρον,
3617 3133 3670 3183 ἐκ
3690 3126 3761 3194 τῆς

552 3223 650 3278 sed
692 3223 887 3277 mentis
918 3222 1142 3276 omnino
1169 3238 1385 3292 expers,
1421 3237 1451 3276 a
1478 3231 1670 3276 sancta
1706 3221 1926 3293 Virgine
1976 3237 2137 3277 acce-

2242 3223 2403 3290 ἁγίας
2429 3223 2778 3294 ἀνειληφέναι
2817 3224 3119 3294 Παρθένου,
3152 3224 3254 3278 ἅτε
3286 3225 3385 3295 τῆς
3407 3224 3636 3293 θεότητος
3659 3219 3759 3272 ἀπη-

553 3318 730 3386 pisse,
769 3315 1058 3372 divinitate
1105 3313 1315 3372 scilicet
1360 3315 1558 3370 mentis
1605 3315 1784 3371 locum
1829 3317 2136 3387 supplente,

2239 3317 2462 3386 χρώσης
2500 3317 2624 3370 ἀντὶ
2668 3316 2764 3369 τοῦ
2805 3316 2919 3380 νοῦ,
2946 3317 3142 3384 ἄλογον
3174 3317 3365 3390 ῶσπερ
3389 3317 3485 3386 τὴν
3514 3313 3670 3385 ψυχὴν
3691 3309 3758 3361 τοῦ

551 3418 609 3464 et
638 3409 780 3463 sicut
807 3408 1042 3463 animam
1089 3405 1183 3464 Dei
1212 3408 1582 3464 irrationalem
1621 3406 1916 3466 sentiebat.
1979 3407 2052 3462 ita
2085 3415 2136 3460 et

2241 3409 2447 3477 Κυρίου
2473 3409 2717 3478 φρονῶν·
2743 3408 2884 3462 ἀλλὰ
2913 3411 3009 3462 καὶ
3033 3410 3161 3480 μίαν
3187 3411 3355 3477 φύσιν
3376 3412 3468 3466 ἐπὶ
3488 3408 3575 3462 τοῦ
3601 3403 3758 3472 Κυρέου

555 3500 775 3555 unicam
822 3516 945 3556 esse
974 3501 1030 3555 in
1060 3516 1125 3556 eo
1153 3509 1402 3555 naturam
1428 3500 1669 3555 tradidit.
1691 3499 1755 3554 Hi
1777 3514 1971 3554 omnes
1988 3508 2141 3569 post-

2241 3500 2521 3554 ἐδίδασκεν
2541 3515 2558 3532 ο
2619 3493 2767 3554 οὗτοι
2827 3500 3028 3565 πάντες
3084 3501 3366 3570 ἐρρῶσθαι
3394 3498 3556 3554 πολλὰ
3583 3496 3684 3556 ταῖς
3705 3494 3759 3544 οδ·

550 3609 711 3663 quam
741 3592 1042 3647 baresibus
1105 3592 1218 3648 suis
1279 3592 1506 3647 omnino
1559 3589 1945 3656 valedixerint,
2011 3593 2136 3649 oleo

2241 3592 2415 3652 κείαι;
2469 3591 2717 3662 αἱρέσεσι
2769 3593 3099 3663 φράσαντες,
3153 3592 3318 3665 μύρῳ
3354 3593 3498 3664 μόνῳ
3533 3588 3756 3661 χριόμενοῑ

551 3683 816 3738 duntaxat
843 3683 1049 3738 inuncti
1079 3681 1333 3738 Ecclesiae
1365 3681 1488 3739 ﬁliis
1526 3690 1976 3738 annumerantur.

1913 3699 1976 3736 ll'.
2239 3685 2355 3744 τοῖς
2385 3682 2718 3753 Ἐκκλησίας
2748 3682 3170 3754 ὲναριθμοῦνται
3191 3685 3499 3755 τροφίμοις.

620 3775 836 3830 Videsis
869 3785 1075 3837 autem,
1108 3776 1330 3845 quinam
1361 3784 1415 3830 et
1445 3776 1634 3846 quales
1665 3776 1940 3846 sint,quos
2008 3792 2138 3832 san-

2317 3775 2509 3844 Ἀθρει
2557 3775 2621 3846 δή
2657 3792 2749 3845 μοι
2776 3776 2890 3829 ὅσοι
2914 3793 2974 3828 τε
3001 3782 3096 3834 καὶ¹
3124 3771 3250 3842 οἷοι,
3279 3778 3374 3841 οὒς
3403 3777 3452 3830 ol
3475 3776 3598 3831 Θείοι
3626 3768 3757 3827 [latt-

549 3865 626 3922 cti
654 3865 842 3921 Patres
878 3863 1204 3936 rebaptizari
1223 3867 1427 3922 volunt.

2246 3883 2340 3938 ρες
2368 3864 2616 3931 ἀξιοῦσιν
2648 3867 3142 3930 άναϐαπτίζεσθαι.

1134 3957 1212 4013 De
1249 3959 1626 4017 Eunomiam‘s.

2725 3961 2868 4031 Περὶ
2921 3963 3319 4031 Εὐνομίαν-ῶν

653 4051 977 4108 Eunomiaui
1023 4062 1152 4107 sunt
1179 4053 1375 4123 quibus
1410 4052 1629 4124 praefuit
1659 4053 1965 4111 Eunomius
1995 4073 2009 4122 ;
2046 4055 2140 4125 qui

2311 4051 2654 4122 Εὗνομιανοὶ,
2687 4045 2766 4106 ὧν
2812 4051 3002 4122 ἠγεῖτο
3032 4054 3324 4126 Εὐνόμιος.
3366 4047 3660 4123 Γαλάτηςᾶ
3681 4044 3751 4098 ὢν.

545 4157 612 4196 ex
642 4143 850 4198 Galatia
880 4143 1148 4198 oriundus
1197 4141 1376 4214 Cyziei
1433 4153 1552 4199 erat
1602 4144 1918 4216 episcopus,
1953 4147 2131 4216 pejora

2241 4143 2484 4206 Κυζίκου
2543 4144 2768 4212 γέγονεν
2829 4145 3148 4212 ἐπίσκοπος,
3207 4147 3429 4219 χείρονα
3486 4141 3660 4217 μακρῷ
3683 4133 3755 4190 τοῦ

547 4236 719 4291 multo
749 4251 910 4305 quam
946 4234 1108 4289 Arius
1155 4235 1422 4290 sentiens.
1451 4236 1667 4290 Etenim
1700 4235 1899 4291 Filium
1957 4247 2133 4292 muta-

2252 4235 2463 4306 Ἀρείου
2490 4235 2704 4304 φρονῶν
2723 4252 2738 4266 ·
2776 4236 3011 4308 τρεπτδν
3039 4238 3148 4309 γὰρ
3173 4238 3270 4292 καὶ
3306 4237 3506 4302 δοῦλον,
3535 4233 3620 4288 καὶ
3647 4228 3755 4282 κατὰ

544 4327 732 4394 bilem,
754 4336 809 4382 et
833 4343 1071 4393 servum,
1095 4337 1149 4381 et
1167 4326 1218 4379 iu
1246 4327 1502 4382 omnibus
1523 4325 1666 4382 Patri
1689 4327 2002 4384 dissimilem
2023 4345 2130 4386 esse

2241 4331 2423 4385 πάντα
2453 4319 2708 4401 ἀνόμοιον
2730 4331 2808 4402 τῷ
2837 4332 3013 4404 Πατρὶ
3035 4333 3125 4387 τὸν
3150 4333 3282 4388 Υίδν
3303 4328 3607 4403 ἑδογμάτιζε
3624 4341 3640 4360 ο
3657 4319 3752 4379 τούς

543 4416 748 4505 do‘cuit.
787 4416 894 4469 Eos
915 4415 1080 4469 etiam
1141 4415 1231 4484 qui
1267 4417 1446 4470 errori
1499 4417 1621 4488 ejus
1681 4419 2129 4487 assentiebautur,

2242 4439 2306 4488 γε
2345 4423 2451 4490 μὴν
2499 4423 2567 4492 τῇ
2624 4423 2810 4494 ἀπάτῃ
2833 4421 3026 4476 τούτου
3077 4424 3534 4494 προστιθεμένους
3557 4419 3625 4480 είς
3653 4412 3752 4505 nisi!

543 4503 778 4578 nequam
811 4508 913 4562 iste
939 4509 1097 4562 unica
1120 4508 1470 4565 immersione
1487 4511 1817 4581 baptizabat,
1832 4527 2008 4582 prono
2040 4528 2129 4568 ca-

2166 4511 2214 4570 D
2239 4515 2535 4568 κατάδυσιν
2563 4514 2858 4580 ἐϐάπτιζεν
2877 4517 2907 4569 ὁ
2932 4515 3242 4585 ἐξάγιστος,
3265 4516 3408 4572 κατὰ
3441 4511 3657 4584 κεφαλῆς
3679 4503 3752 4556 αὖ-

547 4605 655 4671 pite
682 4611 736 4656 et
771 4603 996 4671 pedibus
1029 4617 1245 4656 sursum
1275 4603 1447 4658 versis
1473 4618 1569 4658 eos
1609 4602 1962 4674 lmmergens.
1991 4604 2133 4670 Quin

2235 4607 2362 4668 τοὺς
2389 4606 2675 4660 καταδύων
2693 4605 2806 4661 ἄνω
2830 4607 2942 4662 τῶν
2973 4607 3154 4662 ποδῶν
3178 4608 3364 4672 αὐτοῖς
3391 4599 3749 4676 τετραμμένων·

541 4700 598 4745 et
630 4691 809 4745 futura
844 4690 1106 4761 supplicia
1137 4706 1243 4744 non
1272 4706 1397 4746 vera
1429 4706 1575 4756 esse,
1609 4693 1706 4747 sed
1729 4708 1921 4747 eorum
1958 4695 2127 4751 minas

2235 4697 2374 4751 ἀλλὰ
2407 4698 2499 4750 καὶ
2531 4697 2631 4761 τὰς
2674 4698 2979 4768 μελλούσας
3004 4699 3260 4764 κολάσεις
3296 4699 3370 4769 μὴ
3403 4694 3609 4767 ἀληθεῖς
3644 4683 3749 4740 εἶναι

542 4783 610 4836 ad
635 4795 898 4838 terrorem
931 4782 1192 4837 duntaxat
1216 4782 1538 4848 intentatas,
1563 4783 1851 4853 nugatorie
1874 4786 2128 4848 asseruit.

2056 4786 2133 4840 tit.
2234 4789 2599 4858 ἀπεφλυάρει,
2631 4789 2701 4842 δι’
2731 4789 3032 4859 ὲκφόὄησιν
3058 4790 3230 4860 μόνην
3257 4785 3642 4856 ἀπειληθείσας.

971 4872 1078 4944 lo
1110 4874 1182 4927 De
1210 4873 1568 4930 Μοηιαηίειίε.
2711 4877 2855 4947 Περὶ
2878 4878 3332 4934 Μοντανιστῶν.

616 4967 958 5022 Montanistx
987 4978 1170 5022 autem
1200 4975 1350 5028 sunt,
1382 4967 1478 5036 qui
1504 4983 1534 5022 a
1593 4967 1845 5023 Montano
1895 4969 2130 5038 quodam

2303 4971 2693 5036 Μοντανισταὶ,
2727 4973 2777 5024 οἱ
2813 4973 2924 5026 ἀπὸ
2971 4971 3250 5026 Μοντανοῦ
3278 4987 3422 5034 τινος
3453 4965 3649 5037 σχόντες
3673 4957 3743 5020 τὴν

543 5076 743 5115 nomen
775 5059 953 5114 sortiti
984 5069 1132 5113 sunt.
1191 5058 1354 5112 Iidem
1393 5059 1632 5131 Phryges
1678 5061 2129 5125 nominabantur,

2233 5063 2448 5130 κλῆσιν,
2495 5065 2545 5118 οἳ
2575 5065 2640 5134 δὴ
2683 5066 2778 5118 καὶ
2813 5065 3025 5135 Φρύγες
3051 5064 3420 5136 ὠνομάζοντο,
3453 5061 3485 5132 ἢ
3513 5056 3599 5113 τοῦ
3628 5053 3741 5117 αἶρε·

543 5154 624 5208 vel
659 5153 803 5223 quod
839 5151 1222 5218 heresiareha,
1267 5151 1352 5204 vel
1409 5152 1553 5222 quod
1613 5151 1728 5221 ipsa
1784 5153 2008 5207 hzrresis
2065 5168 2129 5206 ex

2233 5158 2458 5228 σιάρχου
2484 5158 2690 5210 τούτων
2708 5158 2922 5228 Φρυγὸς
2943 5158 3118 5221 δντος,
3156 5159 3190 5228 ἢ
3229 5157 3329 5229 τὴν
3358 5153 3524 5226 ἀρχὴν
3551 5151 3608 5203 ὲκ
3630 5145 3738 5208 θρυ⁶

541 5246 772 5316 Phrygia
800 5254 948 5300 esset
973 5245 1228 5298 oriunda.
1268 5243 1366 5297 llic
1393 5260 1524 5300 vero
1563 5243 1853 5300 Montanus
1883 5261 1943 5299 se
1970 5244 2127 5299 Para-

2231 5247 2356 5314 γίας
2384 5247 2482 5318 τῆς
2509 5246 2765 5316 τοιαύτης
2795 5248 3023 5318 φυείσης
3045 5249 3331 5320 αίρισεως.
3367 5245 3425 5298 ’0
3450 5243 3614 5294 τοίνυν
3633 5233 3741 5287 Μον-

541 5339 739 5392 clctum
769 5336 1098 5407 appellabat,
1162 5347 1217 5389 et
1251 5335 1596 5390 mulierculas
1637 5336 1774 5390 duas
1807 5351 1993 5390 secum
2028 5338 2127 5388 du-

2229 5337 2386 5399 τανὸς
2417 5339 2603 5392 οὑτοσὶ
2638 5339 2995 5408 Παράκλητον
3027 5340 3220 5392 ἑαυτὸν
3272 5334 3642 5408 προσηγόρευε,
3669 5321 3736 5372 καὶ

541 5446 694 5490 ceus,
723 5428 1022 5483 Priscillam
1049 5437 1104 5481 et
1141 5427 1514 5492 Maximillam,
1547 5430 1769 5483 easdem
1811 5432 2127 5500 prophetis-

2227 5431 2322 5484 δύο
2350 5433 2617 5499 γυναῖκας
2647 5433 2986 5501 ὲ’θελγόμενος
3019 5431 3352 5503 Πρίσκιλλαν
3405 5428 3494 5482 καὶ
3518 5411 3737 5486 Μαξψίῖν

541 5536 628 5574 sas
658 5521 912 5576 vocabat.

2131 5538 2140 5548 '
2227 5528 2346 5587 λαν,
2377 5525 2716 5594 προφήτιδας
2751 5525 2921 5588 αὑτὰς
2947 5526 3153 5580 ἐκάλει.

1123 5612 1197 5664 De
1235 5611 1554 5682 Pepuzenis.

2715 5616 2853 5684 Περὶ
2895 5613 3308 5693 Πεπουζηνῶν.

607 5702 774 5758 [idem
815 5705 1005 5769 etiam,
1042 5706 1186 5774 quod
1218 5705 1490 5774 Pepuzam
1555 5705 1804 5774 Phrygia:
1857 5706 2122 5774 Oppidum

2296 5706 2406 5758 Καὶ
2459 5707 2796 5778 Πεπουζηνοὶ
2850 5706 2907 5760 δὲ
2933 5709 2984 5761 oi
3016 5690 3729 5774 τοιοῦτοιπροσηγορεύοντο-

537 5794 733 5854 divinis
761 5797 1057 5854 honoribus
1086 5798 1425 5854 celebrantes
1453 5795 1880 5868 Hierosolymam
1911 5811 2123 5852 nuncu-

2230 5797 2513 5863 Πέπουζαν
2565 5799 2672 5871 γάρ
2726 5800 2824 5869 τῆς
2875 5801 3115 5872 Φρυγίας
3151 5800 3342 5873 κώμην
3394 5787 3727 5854 ἐκθειάςοντεςι
