4016 6384
296 346 436 423 10.37
497 339 510 351 “

1225 335 1641 406 SYNTAGMA
1670 325 2311 396 ALPHABETlCUM.
2337 356 2408 367 —
2435 333 2506 390 Α.

3401 319 3538 391 ωε

293 463 645 536 Ἰερουσαλὴμ
665 463 836 531 αὐτὴν
857 460 1139 532 ὠνόμαζον
1159 477 1172 492 ·
1201 453 1348 513 οὗτοι
1376 459 1472 510 καὶ
1498 453 1623 515 τοὺς
1648 451 1857 536 γάμους

1981 455 2178 510 iarent,
2208 445 2614 514 Pepuzenorum
2641 457 2858 510 quoque
2888 452 3085 496 nemon
3112 442 3344 496 assccu:i
3393 450 3540 495 sunt.

279 561 431 612 λύειν
459 559 784 628 ἐπέτρεπον,
814 558 911 612 καὶ
935 555 1239 627 βρωμάτων
1271 552 1420 604 ἐστιν
1453 542 1530 602 ὧν
1557 536 1858 614 ἀπέχεσθαι

277 652 596 704 ἐδίδασκον·
642 651 702 702 τὸ
750 647 937 718 πάσχα
972 647 1288 716 διέστρεφον
1311 659 1324 674 ο
1367 643 1447 704 είς
1481 640 1539 692 ἓν
1564 638 1858 707 πρόσωπον

277 743 380 812 τὴν
432 743 594 808 ἁγίαν
646 740 855 811 Τριάδα
891 738 1156 809 συνῄρουν
1205 749 1265 788 τε
1298 738 1391 786 καὶ⁹
1445 731 1732 799 συνέχεον·
1763 727 1858 780 καὶ

279 830 424 902 αἷμα
471 827 661 894 παιδὸς
717 831 1172 899 ἐκκεντουμένου,
1231 825 1446 894 ἀλεύρῳ
1480 822 1859 890 συμφύροντες

281 929 379 980 καὶ
399 923 816 995 ἁρτοποιοῦντες
844 924 1203 992 προσέφερον,
1245 919 1338 971 καὶ
1372 913 1540 970 αὑτοῦ
1579 910 1858 983 μετελάμ-

284 1018 471 1072 δάνον.

755 1191 897 1263 Περὶ
920 1188 1362 1249 Σαϐελλιανῶγ.

355 1289 729 1352 Σαόελλιανοὶ,
772 1289 972 1350 οἵτινες
1032 1286 1138 1341 ἀπὸ
1192 1284 1483 1337 Σαϐελλίου
1537 1281 1631 1333 τοῦ
1663 1279 1861 1351 Λίβυος

283 1383 727 1452 ὠνομάσθησαν,
784 1382 842 1443 ὃς
894 1379 1261 1448 Πτολεμαΐδος
1308 1376 1409 1446 τῆς
1464 1371 1861 1432 Πενταπόλεως

283 1476 582 1538 ἐπίσκοπος
642 1473 882 1543 γεγονὼς
913 1513 928 1538 ,
991 1468 1316 1540 συναλοιφὴν
1382 1470 1476 1523 ἐπὶ
1547 1468 1644 1535 τῆς
1699 1464 1863 1532 ἁγίας

285 1567 514 1638 Τριάδος
556 1568 648 1621 καὶ
711 1565 976 1635 σύγχυσιν
1004 1563 1362 1632 ἐδογμάτιξε·
1396 1559 1494 1624 τὰς
1539 1560 1689 1628 τρεῖς
1731 1557 1858 1608 ὑπο-

287 1660 505 1722 στάσεις
536 1659 634 1725 τῆς
667 1659 796 1723 μιᾶς
823 1656 1011 1716 οὐσίας
1036 1656 1132 1709 καὶ
1163 1654 1415 1721 θεότητος
1468 1653 1546 1715 είς
1589 1650 1648 1703 ἒν
1697 1650 1867 1719 πρόσ-

287 1767 438 1802 ωπον
461 1751 736 1820 συναιρῶν
770 1752 863 1802 καὶ
890 1749 1156 1817 συγχέων,
1190 1745 1494 1814 τριώνυμον
1552 1744 1644 1797 τὸν
1700 1743 1864 1796 αὐτὸν
1900 1784 1938 1838 Β

288 1841 486 1909 λέγων,
540 1842 635 1894 νῦν
667 1842 764 1909 μὲν
793 1839 864 1902 ὡς
918 1841 1142 1908 Πατέρα
1196 1837 1507 1906 φαίνεσθαι,
1540 1835 1637 1889 νῦν
1694 1836 1751 1889 δὲ
1789 1836 1864 1898 ὡς

290 1934 438 1994 Υἱὸν,
496 1933 614 1986 ἐστι
657 1934 706 1986 δ’
735 1935 825 1986 ὅτε
875 1930 952 1993 ὡς
1005 1931 1161 1998 άγιον
1189 1929 1435 1998 Πνεῦμα,
1470 1927 1661 1983 ἄλλοτε
1691 1928 1867 1991 ἄλλως

294 2023 820 2093 μεταμορφούμενον
852 2023 946 2076 καὶ
977 2019 1599 2091 μετασχηματιζόμενον
1621 2034 1636 2050 ·
1677 2018 1754 2082 ὡς
1803 2021 1868 2071 ἐκ

291 2117 390 2186 τῆς
420 2117 615 2184 καινῆς
669 2115 878 2184 ταύτης
929 2113 1243 2175 ἀναλύσεως
1293 2113 1326 2182 ἢ
1368 2112 1696 2174 συνθέσεως,
1729 2111 1868 2164 κατὰ

291 2207 383 2258 ’.δν
418 2200 668 2272 θεολόγον
706 2207 1026 2277 Γρηγόριον,
1072 2203 1147 2274 μὴ
1187 2203 1388 2271 μᾶλλον
1419 2199 1479 2253 ἓν
1507 2202 1576 2254 τὰ
1605 2199 1866 2269 πάντα,ἢ

297 2297 460 2366 μηδὲν
491 2297 722 2350 ἕκαστον
773 2292 912 2348 εἶναι
944 2293 1294 2364 ὁριζόμενος·
1353 2290 1549 2358 φεύγει
1579 2290 1690 2360 γὰρ
1728 2285 1867 2341 εἶναι

294 2390 431 2458 ὅπερ
465 2391 633 2454 ἐστὶν,
670 2390 750 2452 εἰς
781 2387 989 2458 ἄλληλα
1013 2385 1294 2456 χωροῦντα
1315 2384 1410 2437 καὶ
1443 2383 1867 2454 μεταϐαίνοντα,

294 2478 468 2549 ψιλῶν
500 2477 985 2548 καταλειπομένων
1005 2476 1114 2528 τῶν
1147 2475 1452 2541 ὀνομάτων.

744 2653 881 2722 Περὶ
916 2653 1470 2709 [uulturio-arnor.

385 2749 441 2802 Ὀ
470 2748 525 2801 δὲ
551 2749 648 2816 τῆς
670 2753 722 2800 α’
755 2747 976 2800 συνόδου
1014 2745 1076 2798 ιθ¹
1107 2746 1306 2809 κανὼν,
1335 2746 1432 2799 καὶ
1465 2747 1593 2808 τοὺς
1629 2746 1871 2801 Παυλιαο

304 2841 581 2904 νίσαντας,
605 2836 724 2893 εἶτα
745 2841 812 2911 τῇ
842 2838 1102 2909 καθολικῇ
1128 2839 1618 2908 προσπεφευγότας
1641 2840 1876 2911 Ἐκκληδ-

307 2933 421 3004 σία,
467 2933 798 3001 προστάττει
831 2930 1299 2995 ἀναὸαπτίζεσθαι
1322 2947 1335 2961 ³
1387 2934 1662 3003 σιωπῆσαι
1689 2933 1745 2986 δέ
1768 2933 1872 2999 δεῖ,

307 3027 458 3086 τίνας
502 3025 531 3076 ὁ
581 3023 763 3076 κανὼν
816 3022 1216 3088 ἀναὸαπτίζειν
1249 3025 1560 3096 ἐπιτρέπει,
1613 3027 1739 3089 τοὺς
1765 3026 1874 3079 ἀπὸ

1961 537 2044 590 Ab
2073 536 2177 589 illis
2232 535 2467 590 divortia
2520 534 2810 603 conjugum
2867 532 3152 602 permissa,
3183 541 3239 586 et
3294 547 3325 584 a
3379 531 3546 584 certis

1960 627 2284 697 quibusdam
2337 625 2587 679 ciborum
2630 623 2926 692 generibus
2981 622 3310 676 abstinentia
3375 621 3547 688 impe-

1964 722 2401 790 rata,Paschatis
2445 721 2562 776 dies
2590 721 2646 774 in
2677 720 2918 774 alienum
2970 727 3185 787 tempus
3232 716 3456 785 reiecta.
3487 725 3546 769 et

1962 816 2016 870 in
2045 831 2206 870 unam
2238 831 2526 883 personam
2559 823 2907 868 sacrosancta
2927 808 3166 878 Trinitas
3188 817 3467 863 contracta
3492 817 3549 861 et

1962 907 2210 962 confusa.
2245 907 2324 960 illi
2365 906 2528 960 etiam
2557 905 2880 975 sanguinem
2911 903 3066 973 pueri
3099 900 3359 955 aculeolis
3395 916 3549 955 emn-

1962 1000 2151 1067 puncti
2212 1013 2334 1052 cum
2365 998 2540 1052 farina
2575 997 2894 1059 miscentes,
2927 1010 2991 1048 ac
3019 1009 3212 1064 panem
3236 993 3362 1045 inde
3382 993 3550 1072 conli-

1963 1089 2189 1154 cientes,
2224 1073 2336 1143 tum
2365 1085 2692 1153 ollerebant,
2727 1094 2840 1139 tum
2898 1092 2965 1138 ex
3010 1096 3076 1138 eo
3124 1082 3546 1152 participabant.

2541 1179 2614 1233 De
2649 1177 2998 1234 Sabellianis.

2034 1273 2326 1329 Sabelliani
2358 1282 2539 1328 autem
2605 1288 2635 1327 a
2679 1271 2918 1326 Sabellio
2953 1285 3021 1332 ex
3087 1268 3256 1337 Libya
3312 1261 3550 1320 oriundo

1963 1365 2298 1420 denominati
2350 1373 2500 1431 sunt,
2531 1364 2626 1433 qui
2692 1361 3070 1426 Ptolemaidis,
3119 1376 3244 1428 quae
3277 1359 3408 1413 urbs
3465 1366 3552 1411 est

1965 1455 2299 1526 Pentapolis,
2330 1457 2640 1526 episcopus,
2683 1454 3124 1510 commistionem
3171 1449 3464 1521 quamdam
3495 1456 3550 1504 et

1967 1551 2348 1605 confusionem
2384 1551 2437 1604 in
2464 1557 2817 1604 sacrosancta
2846 1547 3110 1602 Trinitate
3147 1547 3404 1608 asseruit,
3438 1555 3550 1599 tres

1967 1641 2086 1695 illas
2133 1641 2452 1712 bypostases
2486 1642 2647 1698 unius
2687 1641 3006 1696 substantiae
3049 1649 3104 1695 et
3158 1639 3459 1694 divinitatis
3491 1639 3546 1692 in

1969 1749 2130 1785 unam
2159 1749 2448 1803 personam
2481 1734 2816 1788 contrahens
2877 1743 2932 1786 et
2958 1731 3328 1791 confundens.
3383 1746 3547 1798 quam

1967 1825 2132 1879 trium
2184 1840 2306 1881 esse
2331 1824 2613 1879 nominum
2646 1826 2802 1890 dixit,
2849 1834 2898 1880 e‘
2925 1821 3218 1894 aliquando
3249 1832 3310 1876 ut
3330 1815 3546 1875 Patrem

1968 1917 2311 1984 apparuisse,
2352 1917 2642 1986 aliquando
2672 1927 2730 1972 ut
2775 1917 2992 1980 Filium,
3027 1916 3319 1985 aliquando
3365 1922 3547 1968 autem

1969 2015 2028 2059 ut
2083 2005 2344 2074 Spiritum
2403 2015 2650 2062 sanctum
2673 2045 2689 2069 ,
2761 2016 2818 2061 et
2843 2007 2978 2061 alias
2998 2007 3156 2060 aliter
3189 1999 3551 2060 transforma-

1969 2107 2083 2152 tum
2124 2099 2706 2168 transfiguratumque;
2739 2114 2836 2169 per
2893 2098 3131 2168 ineptam
3158 2098 3300 2152 hanc
3344 2099 3552 2154 resolua

1971 2189 2175 2243 tionem
2206 2189 2322 2244 sive
2357 2191 2839 2260 compositionem,
2898 2192 3198 2246 secundum
3230 2191 3551 2260 Gregorium

1971 2279 2330 2351 Theologum.
2367 2297 2560 2338 omnes
2599 2299 2864 2353 personas
2897 2299 3009 2339 non
3056 2292 3164 2339 tam
3207 2300 3373 2340 unam
3430 2298 3553 2340 esse

1971 2389 2134 2443 quam
2169 2374 2412 2445 singulas
2446 2376 2586 2430 nihil
2628 2375 2917 2431 deﬁniens.
2951 2376 3220 2431 Desinunt
3253 2377 3397 2432 enim
3429 2385 3554 2432 esse

1971 2481 2093 2532 qua:
2133 2465 2188 2518 in
2219 2481 2278 2520 se
2315 2466 2551 2521 invicem
2589 2467 2796 2522 cedunt
2827 2475 2884 2522 et
2939 2476 3338 2537 permutantur,
3392 2469 3555 2524 nudis

1973 2554 2236 2609 duntaxat
2263 2555 2574 2610 nominibus
2622 2556 2843 2610 relictis.

2507 2643 2586 2698 De
2623 2645 2996 2700 Paulianistist

2045 2735 2233 2790 Canon
2265 2744 2445 2790 autem
2497 2737 2564 2792 i9
2597 2738 2784 2807 prima:
2813 2738 3023 2808 synodi,
3071 2729 3428 2795 Paulianist‘as
3457 2737 3550 2809 qui

1978 2837 2166 2898 postea
2207 2829 2272 2884 ad
2330 2829 2624 2884 Ecclesiam
2675 2830 2996 2886 catholicam
3047 2831 3431 2904 confugerunt,
3461 2848 3553 2888 τοι

1983 2921 2240 2990 baptizari
2265 2921 2441 2990 jubet.
2479 2920 2676 2976 Verum
2719 2923 2806 2977 hic
2829 2923 3213 2992 inquirendum
3253 2931 3357 2991 est,
3389 2941 3553 2994 quoso

1982 3027 2108 3065 nam
2139 3027 2313 3065 canon
2358 3012 2538 3066 denuo
2570 3013 2834 3081 baptizari
2879 3016 3144 3084 praecipit,
3201 3031 3271 3069 an
3305 3030 3400 3072 eos
3457 3016 3552 3087 qui

303 3113 599 3183 ὀρθοδόξων
651 3113 1138 3177 Παυλιανίσαντας,
1201 3112 1234 3182 ἢ
1287 3113 1416 3176 τοὺς
1465 3114 1521 3179 ἐξ
1575 3114 1749 3184 ἀρχῆς
1777 3117 1876 3185 τῆς

1981 3119 2043 3158 ex
2069 3105 2390 3159 orthodoxis
2418 3105 2484 3159 ad
2515 3105 2874 3161 Paniianistas
2927 3107 3262 3172 defecerunt,
3319 3105 3404 3163 vel
3457 3106 3553 3181 qui

305 3207 532 3259 ἐκείνων
552 3205 748 3268 ἐθάδας
778 3206 1066 3276 αἱρέσεως.
1096 3207 1157 3259 Ei
1185 3206 1240 3258 δέ
1269 3222 1415 3267 τινες
1451 3205 1652 3269 αὐτῶν,
1685 3206 1872 3276 φησὶν,

199 3308 204 3311 ·
303 3299 363 3349 ἐν
387 3297 466 3366 τῷ
493 3296 679 3368 κλήρῳ
711 3293 1107 3366 ἐξητάσθησαν,
1134 3296 1518 3367 ἀγνοησάντων
1565 3295 1693 3358 ἴσως
1727 3297 1876 3359 ὅπως

306 3383 454 3458 εῖχον
479 3389 734 3450 ἀσεϐείας
793 3389 902 3442 τῶν
953 3389 1151 3451 αὐτοὺς
1201 3390 1717 3458 χειροτονησάντων,
1782 3388 1878 3441 καὶ

305 3481 526 3542 τούτους
565 3479 705 3549 μετά
752 3478 814 3531 τὸ
857 3478 1167 3546 γνωσθῆναι
1213 3477 1334 3530 δέον
1386 3477 1874 3543 ἀναόαπτίζεαθαι,

309 3570 477 3643 μηδὲν
499 3572 567 3622 ἐκ
595 3570 696 3640 τῆς
752 3568 1090 3641 χειροτονίας
1132 3568 1536 3634 ἀποναμένους·
1572 3569 1667 3620 καὶ
1698 3570 1748 3620 εί
1779 3568 1879 3637 μέν

307 3663 584 3733 εὑρεθεῖεν
612 3662 750 3732 μετὰ
773 3662 833 3715 τὸ
857 3660 1141 3732 βάπτισμα
1168 3661 1262 3714 καὶ
1284 3661 1425 3714 κατὰ
1446 3661 1536 3714 τὸν
1559 3660 1675 3729 βίον
1700 3660 1882 3731 ἄμεμ-

310 3773 456 3820 πτοι,
488 3753 909 3825 χειροτονεῖσθαι
937 3754 1042 3807 ὑπὸ
1067 3753 1162 3806 τοῦ
1191 3754 1491 3808 ἐπισκόπου
1549 3753 1652 3822 τῆς
1676 3753 1878 3823 ἐκκλη-

308 3851 457 3916 σίας,
487 3842 867 3922 ⁴ᾔπροσῆλθον,
900 3849 948 3900 εί
965 3846 1010 3902 δ’
1029 3842 1146 3913 οὖν,
1171 3847 1266 3901 τοῦ
1293 3847 1501 3920 κλήρου
1531 3847 1672 3901 εἶναι
1692 3848 1880 3901 ἀπεω-

314 3939 568 4009 σμένους.

805 4032 947 4100 Περὶ
977 4029 1421 4086 [laudamur-(Br.

389 4107 745 4178 Παυλίκιανοὶ
767 4123 824 4177 δὲ
849 4125 899 4176 oi
928 4124 1221 4193 Μανιχαῖοι
1244 4121 1746 4192 μετωνομάσθησαν
1773 4123 1884 4176 ἀπό

312 4231 476 4268 τινων
513 4214 760 4285 ἀδελφῶν
797 4214 913 4280 δύο,
949 4212 1164 4267 Παύλου
1198 4214 1292 4267 καὶ
1329 4213 1599 4277 Ἰωάννου,
1618 4213 1886 4283 ,ὁρμωμέ-

313 4324 423 4360 νων
441 4308 507 4360 ἐκ
530 4306 887 4376 Σαμοσάτων,
919 4305 1053 4361 υἱῶν
1082 4304 1340 4373 γυναικός
1369 4320 1516 4367 τινος
1549 4304 1882 4375 Μανιχαίας,

318 4397 657 4468 Καλλινίκης
701 4397 968 4468 τοῦνομα,
1020 4396 1310 4466 δυσσεϐείᾳ
1343 4395 1546 4465 μᾶλλον
1583 4396 1616 4466 ἢ
1647 4396 1882 4465 γάλακτι

312 4492 445 4554 τοὺς
493 4493 642 4553 υἱοὺς
674 4489 1044 4561 θρεψαμένης.
1088 4483 1250 4543 Οὗτοι
1310 4488 1408 4541 ἕνα
1432 4485 1574 4542 εἶναι
1596 4488 1729 4542 Θεὸν
1755 4491 1887 4560 ἐκή-

320 4599 544 4653 ρυσσον,
578 4583 818 4652 Πατέρα,
856 4581 984 4634 Υιδν
1033 4579 1130 4634 καὶ
1155 4577 1311 4646 άγιον
1345 4579 1575 4649 Πνεῦμα
1602 4578 1693 4632 τὸν
1724 4579 1890 4634 αὐτὸν

319 4673 864 4744 προσαγορευόμενον
883 4689 899 4704 ’
953 4666 1034 4732 εἷς
1065 4670 1175 4741 γὰρ
1200 4671 1356 4740 φησὶ,
1389 4668 1548 4732 Θεὸς,
1584 4669 1682 4723 καὶ
1703 4670 1731 4722 ό
1759 4669 1892 4733 Υἱὸς

321 4749 488 4820 αὗτοῦ
522 4769 580 4820 ἐν
607 4764 776 4837 αὐτῷ,
807 4765 882 4828 ὡς
902 4768 928 4818 ὁ
951 4764 1106 4832 λόγος
1136 4764 1194 4816 ἐν
1222 4762 1514 4835 ἀνθρώπῳ.
1546 4763 1604 4816 Ὁ
1632 4761 1688 4815 δέ
1717 4762 1892 4830 Λόγος

318 4852 475 4920 οὗτος
508 4857 599 4910 ἐπὶ
630 4857 733 4926 γῆς
761 4855 951 4918 ἐλθὼν,
1004 4856 1063 4907 ἐν
1113 4854 1384 4924 ἀνθρώπῳ
1418 4852 1658 4924 ᾤκησεν,
1710 4851 1891 4922 Ἰησοῦ

319 4950 665 5020 καλουμένῳ,
717 4948 812 5001 καὶ
849 4947 948 5016 τὴν
973 4945 1284 5015 οἰκονομίαν
1335 4943 1653 5014 πληρώσας,
1691 4944 1893 5014 ἀνῆλθε

321 5039 460 5108 πρὸς
504 5039 596 5092 τὸν
636 5036 854 5106 Πατέρα
880 5053 894 5067 ·
945 5037 974 5089 ὁ
997 5035 1054 5088 δὲ
1078 5033 1288 5105 Ἰησοῦς
1325 5028 1500 5096 οὗτος,
1546 5033 1792 5085 κάτωθεν
1823 5030 1893 5103 ἧν

322 5129 430 5182 ἀπὸ
456 5130 671 5200 Μαρίας
698 5129 1004 5198 ἀρξάμενος
1024 5143 1039 5157 ’
1067 5126 1177 5179 ἀπὸ
1206 5125 1385 5178 τοίνυν
1411 5124 1520 5176 τῶν
1545 5123 1637 5176 δύο
1663 5124 1893 5176 τουτωνὶ

325 5221 540 5274 Παύλου
590 5221 685 5275 καὶ
726 5219 1003 5285 Ἰωάννου,
1038 5220 1154 5280 τοῖς
1206 5216 1354 5282 σφῶν
1387 5215 1659 5285 μαθηταῖς
1716 5217 1748 5284 ἠ
1783 5215 1893 5268 τῶν

325 5312 704 5368 Παυλικιανῶν
742 5311 971 5381 ἐπετέθη
997 5307 1377 5380 προσωνυμία,
1410 5305 1894 5376 βαρϐαρικώτερον

324 5404 647 5458 συντεθεῖσα
669 5418 684 5434 ·
737 5403 857 5458 ἀντὶ
910 5403 1017 5472 γάρ
1054 5399 1479 5462 Παυλοῖωάννοι,
1535 5398 1896 5452 Παυλικιανοὶ

323 5495 827 5565 κατονομάζονται·
869 5497 936 5549 τὰ
957 5495 1016 5549 δὲ
1051 5494 1150 5563 τῆς
1187 5491 1393 5544 τούτων
1450 5490 1720 5560 αἱρέσεως
1775 5491 1894 5544 Φώ-

322 5605 443 5650 τιος
463 5591 492 5642 ὁ
509 5587 857 5658 πατριάρχης
877 5583 1500 5644 Κωνσταντινουπόλεως
1521 5583 1895 5653 χρηματίσας,

325 5684 386 5734 ἐν
420 5681 588 5746 ίκανῷ
615 5679 914 5751 στηλιτεύει
943 5679 1110 5750 λόγῳ.

401 5774 540 5837 Τοὺς
573 5768 664 5828 οὖν
705 5773 828 5846 άρτι
855 5775 948 5828 καὶ
975 5775 1260 5846 προσεχῶς
1307 5773 1574 5848 ῥηθέντας
1601 5771 1768 5842 ἄμφω
1798 5786 1896 5824 κασ-

1978 3199 2048 3252 ab
2097 3198 2252 3252 initio
2281 3199 2473 3252 haeresi
2513 3214 2700 3253 eorum
2743 3199 2947 3254 assueti
3000 3210 3148 3256 sunt.
3193 3202 3248 3255 Si
3276 3204 3368 3272 qui
3403 3219 3554 3264 vero,

1979 3289 2174 3358 inquit,
2208 3305 2271 3344 ex
2303 3289 2368 3344 iis
2406 3290 2460 3343 in
2487 3291 2810 3344 clericorum
2851 3307 3083 3346 numero
3110 3293 3556 3363 erant,ignoranc

1981 3380 2126 3434 tibus
2155 3381 2336 3434 forsan
2377 3381 2442 3435 iis
2477 3397 2507 3435 ιι
2537 3383 2738 3450 quibus
2764 3381 2997 3437 ordinati
3017 3392 3166 3449 sunt,
3217 3401 3377 3454 quam
3402 3386 3556 3456 impii

1979 3481 2186 3538 essent,
2216 3473 2376 3527 etiam
2411 3489 2470 3527 re
2503 3474 2717 3544 cognita
2760 3475 3088 3544 rebaptizari
3114 3476 3340 3542 debent,
3369 3479 3438 3532 ab
3463 3495 3556 3532 or-

1980 3564 2258 3619 dinatione
2299 3579 2399 3619 sua
2453 3566 2588 3620 nihil
2639 3567 2833 3642 adjuti.
2859 3565 3001 3633 Quin
3049 3567 3158 3622 imo
3193 3569 3238 3624 si
3273 3580 3396 3638 post
3425 3572 3560 3640 bap-

1984 3655 2201 3708 tismum
2229 3655 2297 3710 ab
2357 3658 2507 3712 omni
2568 3659 2997 3728 reprehensione
3041 3649 3320 3716 immunes
3376 3663 3558 3731 quoad

1983 3748 2198 3802 vivendi
2227 3749 2501 3805 rationem
2534 3751 2742 3808 inventi
2770 3753 2991 3818 tulerint,
3031 3755 3100 3808 ab
3127 3755 3384 3825 episcopo
3415 3756 3558 3809 illius

1983 3841 2326 3908 ecclesiaedn
2368 3859 2474 3913 qua
2524 3860 2726 3900 nomen
2775 3846 3062 3911 dederunt,
3084 3849 3560 3914 ordinentur;sin

1983 3931 2189 3996 minus,
2229 3949 2259 3986 a
2285 3933 2432 3989 clero
2460 3936 2773 4006 ejiciantur.
2815 3941 2819 3946 ’

2495 4027 2570 4078 De
2607 4017 2959 4083 Paulicianis.

2056 4116 2223 4172 Porro
2248 4125 2304 4171 et
2323 4116 2609 4174 Manichaei
2645 4119 2944 4176 Pauliciani
2974 4121 3105 4177 dicti
3166 4131 3312 4190 sunt,
3341 4138 3372 4178 a
3425 4123 3563 4179 duo-

1986 4208 2091 4262 bus
2117 4206 2376 4264 fratribus
2406 4210 2576 4265 Paulo
2607 4220 2663 4266 et
2683 4201 2898 4278 Joanne
2923 4228 2991 4269 ex
3040 4213 3340 4292 Samosatis
3372 4215 3562 4270 oriun-

1989 4304 2096 4367 dis,
2126 4297 2249 4356 ﬁliis
2281 4299 2526 4356 mulieris
2555 4303 2840 4373 cujusdam
2866 4303 3193 4370 Manich'eze,
3222 4304 3313 4360 cui.
3355 4321 3561 4362 nomen

1993 4404 2109 4454 erat
2146 4391 2423 4458 Callinice,
2458 4407 2578 4462 quae
2602 4407 2710 4450 non
2739 4404 2846 4450 tam
2874 4395 3017 4451 lacte
3065 4411 3229 4465 quam
3281 4397 3564 4468 impietate

1995 4488 2134 4544 ﬁlios
2171 4502 2299 4545 suos
2341 4485 2587 4540 enutriit.
2619 4485 2686 4540 Hi
2741 4503 2910 4542 unum
2947 4502 3068 4543 esse
3095 4488 3264 4544 Deum
3295 4489 3562 4560 praedicat-

1992 4587 2140 4647 runt,
2168 4581 2260 4652 qui
2288 4589 2345 4637 et
2400 4579 2562 4634 Pater
2609 4586 2665 4634 et
2731 4570 2902 4634 Filius
2929 4582 2984 4634 et
3036 4580 3273 4650 Spiritus
3339 4593 3564 4638 sanctus

1991 4672 2135 4727 idem
2150 4673 2368 4728 dicitur.
2386 4673 2544 4730 Unus
2561 4671 2730 4738 enim,
2766 4671 3041 4740 inquiunt,
3071 4680 3155 4726 est
3182 4672 3349 4739 Deus,
3381 4683 3436 4728 et
3470 4672 3564 4726 Fi-

1991 4764 2098 4819 lius
2123 4764 2239 4834 ejus
2272 4765 2328 4818 in
2367 4763 2486 4833 ipso
2533 4772 2638 4826 est,
2708 4761 3168 4831 quemadmodum
3229 4763 3284 4816 in
3341 4764 3566 4820 homine

1993 4872 2196 4912 sermo.
2251 4856 2356 4912 Iste
2387 4865 2566 4910 autem
2601 4853 2796 4910 Sermo
2826 4854 2882 4908 in
2918 4862 3091 4910 terras
3122 4855 3348 4926 veniens
3376 4858 3432 4911 in
3465 4859 3564 4912 ho-

1992 4947 2142 5002 mine
2177 4947 2456 5013 habitavit,
2516 4946 2609 5017 qui
2639 4947 2815 5001 dictus
2867 4956 2985 5002 erat
3016 4945 3194 5012 Jesus,
3229 4957 3284 5002 et
3339 4963 3564 5004 oecono-

1995 5039 2102 5094 mia
2134 5039 2404 5108 completa
2435 5038 2682 5094 ascendit
2711 5039 2776 5092 ad
2839 5038 3072 5093 Patrem.
3107 5039 3208 5096 llic
3260 5049 3440 5095 autem
3471 5041 3565 5097 Je-

1994 5146 2090 5185 sus
2113 5131 2182 5185 ab
2217 5129 2356 5183 infra
2392 5137 2531 5194 erat,
2554 5144 2582 5183 a
2611 5120 2777 5184 Maria
2807 5125 3071 5200 originem
3102 5131 3330 5187 ducens.
3357 5132 3399 5185 A
3424 5133 3566 5189 dun-

1994 5221 2101 5277 bus
2143 5221 2308 5292 igitur
2366 5221 2482 5276 istis
2515 5221 2681 5276 Paulo
2715 5230 2771 5276 et
2798 5221 3027 5289 Joanne,
3055 5222 3338 5293 discipulis
3369 5240 3562 5281 eorum

1995 5317 2433 5371 PaulicianOrum
2457 5332 2656 5371 nomen
2680 5319 2912 5373 barbare
2931 5320 3293 5387 compositura
3322 5321 3420 5389 ιι
3461 5321 3566 5374 im.-

1996 5409 2321 5479 ponebatur,
2369 5407 2661 5462 Pauiiciam
2707 5415 2853 5464 enim
2894 5421 2992 5479 pro
3024 5410 3407 5466 Paulo-Joanni
3449 5412 3568 5466 dic-

1996 5504 2034 5556 ti
2059 5509 2203 5554 sunt.
2251 5498 2452 5554 Eorum
2490 5509 2669 5554 autem
2713 5501 2963 5556 haeresim
2997 5502 3220 5557 Photius
3262 5504 3566 5571 patriarcha

1993 5590 2630 5660 ConstantinOpnlitanus
2661 5590 2804 5660 iusta
2831 5591 3077 5647 oratione
3118 5593 3456 5665 perstringit.
3520 5609 3529 5620 ·

2069 5771 2234 5827 Porro
2280 5782 2521 5825 canones
2564 5768 2755 5825 ambos
2797 5769 3192 5840 subsequentes
3219 5811 3233 5831 .
3306 5770 3567 5828 nimirum
