4016 6402
555 341 697 404 10:29

1746 329 2115 392 ΜΑΤΤΗᾸΞῘ
2153 328 2581 391 BLASTARIS

3625 333 3727 400 1040

547 454 604 519 7,
639 451 831 524 synod.
881 467 942 517 lt,
978 460 1033 504 et
1086 449 1173 515 l9,
1234 461 1358 520 syn.
1416 465 1459 509 ι,
1496 446 1615 507 -95,
1671 463 1745 509 vi,
1810 462 1933 516 syn.
1990 456 2117 495 con-

2227 439 2408 502 νόνας.
2433 442 2523 492 τόν
2549 456 2607 491 τε
2651 436 2695 503 ζ’
2727 438 2822 508 τῆς
2863 437 2909 506 β’
2948 436 3192 502 συνόδου,
3229 439 3318 492 καὶ
3359 440 3448 510 τῆς
3493 448 3536 495 α’
3575 445 3651 499 τὸν
3679 447 3728 500 ιθ⁹

540 545 797 614 Ξυλςοιις,
842 550 896 597 ct
930 556 1123 597 eorum
1195 538 1311 595 fere
1341 535 1523 591 verbis
1566 548 1718 599 usus,
1753 530 1926 595 addit,
1967 545 2129 600 opor-

2225 535 2254 587 ὁ
2291 531 2373 600 [ιε’
2397 531 2496 601 τῆς
2531 528 2585 595 ς’
2621 530 2841 584 συνόδου
2878 530 3060 585 κανὼν
3087 531 3314 596 ἑνώσας,
3358 533 3568 596 καὶτοῖς
3591 537 3731 592 αὐτῶν

545 647 661 691 tere
689 637 853 690 etiam
880 632 1207 702 rebaptizari
1238 631 1581 687 Manichmos.
1617 636 1674 681 et
1704 623 2040 686 Valentinos,
2069 630 2117 677 et

2229 625 2419 694 σχεδὸν
2444 623 2790 693 χρησάμενος
2812 623 3045 693 ῥήμασι,
3071 623 3429 693 προσεπάγει,
3444 625 3617 695 χρῆναι
3634 630 3733 681 ἀνα.

546 728 943 783 Marcionistas.
961 725 1315 781 Nestorianos
1337 722 1519 779 autem
1552 722 1763 779 libellos
1784 721 1937 785 dare,
1964 719 2117 774 sche-

2231 714 2596 778 ϐαπτίζεσθαι
2622 712 2749 777 τούς
2795 732 2855 766 τε
2882 714 3237 785 Μανιχαίους,
3268 717 3362 770 καὶ
3387 717 3732 788 Οὐαλεντίνους,

546 823 702 877 dulas
745 820 952 875 sciti-et
987 820 1216 873 haeresin
1271 831 1426 873 suam
1472 816 1696 871 infamia
1740 820 2016 875 notantes,
2064 821 2117 865 et

2228 806 2324 856 καὶ
2350 802 2776 869 Μαρκιωνιστάς
2799 818 2815 832 ·
2853 802 3256 872 Νεστοριανοὺς
3291 805 3366 868 δὲ,
3400 804 3648 872 λιϐέλλους
3674 809 3730 861 δι-

546 916 861 971 nominatim
923 911 1229 967 Nestorium
1287 923 1593 974 exsecrata,
1657 922 1759 962 nec
1806 921 1915 959 non
1957 904 2124 972 Euty-

544 1011 783 1069 chetem,
807 1015 861 1060 et
896 1005 1235 1066 Dioscorum,
1270 1011 1327 1057 et
1359 1001 1646 1064 Severum,
1675 997 1770 1068 qui
1823 997 1984 1050 aliam
2022 994 2124 1047 im-

546 1104 805 1172 pietatem
834 1139 849 1164 ,
881 1115 943 1151 cx
996 1096 1264 1152 diametro
1301 1111 1332 1149 a
1376 1093 1702 1149 Nestoriana
1753 1089 2125 1150 Merentem,

546 1197 946 1264 excogitarunt.

614 1378 691 1431 De
739 1373 988 1430 Nestorio
1023 1373 1260 1428 nondum
1299 1370 1541 1433 dicetur;
1578 1365 1648 1421 de
1702 1361 2004 1434 Eutychete
2061 1365 2119 1413 et

547 1464 806 1519 Dioscoro
835 1461 889 1515 in
918 1462 1170 1531 praesenti
1201 1458 1492 1513 dicendum
1521 1463 1630 1510 est.

2222 895 2392 958 δόναι,
2433 894 2743 963 γράμματα
2791 893 2993 963 δηλαδὴ
3025 896 3122 965 τὴν
3153 895 3303 963 σφῶν
3360 897 3555 967 αἵρεσιν
3588 899 3732 969 στηλι-

2222 984 2473 1049 τεύοντα,
2505 985 2768 1054 ὀνομαστί
2804 1003 2860 1038 τε
2887 988 2980 1039 τὸν
3010 988 3304 1059 Νεστόριον
3330 990 3610 1062 ἀναθέματι
3633 993 3734 1046 καθ-

2225 1077 2552 1130 υποϐἀλλειν
2573 1092 2587 1107 ο
2615 1078 2674 1130 οὑ
2718 1078 2854 1147 μὴν,
2882 1079 3019 1132 ἀλλά
3069 1081 3165 1133 καὶ
3221 1082 3496 1154 Εὑτυχέαῖ,
3525 1086 3610 1138 καὶ
3645 1087 3734 1139 Διό·

2227 1185 2441 1239 σκορον,
2476 1168 2570 1222 καὶ
2599 1170 2860 1238 Σεϐἧρον,
2885 1172 3013 1234 τοὺς
3052 1174 3115 1224 ὲκ
3146 1172 3434 1244 διαμέτρου
3466 1175 3552 1230 τοῦ⁹
3571 1177 3733 1230 Νεστο-

2227 1263 2348 1332 ρίου
2388 1262 2583 1332 ἑτέραν
2605 1263 2971 1340 ἐξευρηκότας
2998 1263 3332 1321 δυσσέϐειαν.

2291 1354 2374 1406 Td:
2404 1353 2505 1423 μὲν
2540 1350 2635 1406 οὖν
2664 1354 2804 1407 κατά
2835 1354 2925 1408 τὸν
2954 1356 3253 1428 Νεστόριον
3287 1361 3408 1413 ὅσον
3436 1379 3575 1416 ουπω
3599 1365 3733 1436 ρηθήο

2218 1458 2405 1496 σεται·
2450 1444 2596 1512 περὶ
2647 1444 2746 1513 μέν
2782 1462 2864 1498 τοι
2921 1445 3016 1499 τοῦ
3049 1449 3324 1521 Εὑτυχοῦς
3374 1454 3466 1506 καὶ
3492 1457 3732 1527 Διοσκόρω

2214 1534 2315 1605 ἤδη
2348 1535 2563 1605 ῥητέον.

951 1658 1024 1712 De
1054 1656 1303 1711 Diosc-oro
1329 1664 1377 1708 et
1401 1652 1711 1724 Eutychete.

615 1756 907 1811 Dioscorus
934 1766 1150 1807 sacrum
1177 1749 1390 1818 incayta:
1420 1745 1570 1799 urbis
1598 1740 1979 1798 Alexandrina:
2007 1739 2119 1794 cla-

2499 1649 2642 1717 IIspl
2672 1652 3005 1720 Διοσκόρου
3044 1656 3146 1709 καὶ
3175 1657 3499 1725 Εὐτυχοῦς.

2303 1735 2364 1791 '0
2392 1739 2574 1791 τοίνυν
2630 1740 2922 1810 Διόσκορος
2949 1782 2964 1807 ,
3020 1745 3119 1813 τῆς
3190 1747 3529 1817 περιωνύμου
3569 1749 3733 1810 πόλεως

541 1863 668 1902 vum
693 1843 919 1916 profane
950 1849 1160 1904 tenuit;
1200 1847 1256 1894 et
1281 1838 1554 1909 Eutyches
1590 1835 1645 1889 in
1678 1833 1862 1903 regina
1897 1831 2115 1886 urbium

2231 1832 2649 1903 Ἀλεξανδρείας
2672 1834 2802 1896 τοὺς
2836 1836 3016 1904 ἱεροὺς
3064 1837 3301 1906 ἀνιέρως
3326 1839 3620 1909 διεχείριζεν
3643 1841 3734 1892 οἶα·

541 1934 969 1995 archimandrita
1001 1948 1100 1988 seu
1135 1929 1373 1986 coenobii
1405 1927 1698 1998 praefectus
1720 1932 1861 1981 erat.
1907 1924 1973 1978 Hi
2002 1924 2115 1977 Do-

538 2031 748 2085 minum
781 2021 1236 2101 nostrumlesum
1268 2016 1544 2074 Christum
1577 2016 1725 2071 Patri
1745 2015 1964 2085 quidem
1985 2028 2116 2068 con-

540 2118 953 2175 substantialem
978 2114 1294 2177 credebant,
1315 2110 1461 2165 circa
1477 2116 1655 2163 autem
1684 2106 2113 2161 incarnationem

540 2208 865 2278 blaspheme
909 2207 1073 2262 locuti
1123 2214 1270 2269 sunt,
1318 2211 1375 2257 et
1428 2201 1665 2255 haeresin
1711 2198 1971 2262 Nestorii,
2019 2195 2113 2265 qui

541 2302 682 2357 duos
740 2299 879 2357 ﬁlios
929 2294 1258 2358 introduxit,
1305 2292 1594 2356 evitantes,
1647 2291 1702 2345 in
1756 2287 2112 2359 pnecipitium

543 2388 880 2445 contrarium
924 2385 1144 2456 impulsi
1180 2390 1334 2439 sunt.
1362 2382 1504 2437 Duas
1547 2381 1695 2435 enim
1746 2378 1960 2434 Domini
2009 2393 2115 2431 na-

529 2473 713 2547 turas,
756 2478 1111 2535 divinitatem
1162 2474 1373 2530 scilicet
1421 2482 1477 2526 et
1518 2469 1939 2532 humanitatem,
1990 2478 2115 2537 post

539 2565 1114 2631 unionem-contundi,
1164 2574 1221 2621 et
1259 2564 1315 2618 in
1362 2576 1527 2616 unam
1562 2568 1813 2613 naturam
1860 2553 2114 2611 contrahi

539 2666 708 2736 impie
774 2661 1153 2723 tradiderunt,
1223 2657 1467 2725 adeoque
1518 2652 1735 2708 ditinas
1806 2649 2112 2718 passiones,

537 2757 736 2837 quibus
762 2753 1073 2809 humanitas
1101 2747 1335 2805 obnoxia
1370 2752 1510 2809 erat,
1548 2740 1823 2801 divinitati
1850 2738 2114 2793 attribue-

536 2828 684 2904 runt.
725 2848 867 2916 Quin
895 2854 950 2899 et
981 2842 1264 2898 Dominum
1299 2852 1405 2891 non
1443 2849 1665 2890 carnem
1704 2839 1907 2886 nostrae
1934 2828 2114 2883 simil-

537 2943 722 2997 limam
753 2935 1144 3007 assumpsisse,
1174 2947 1277 2987 nec
1312 2943 1432 2985 eam
1468 2942 1534 2984 ex
1574 2924 1814 2996 Virginis
1846 2923 2114 2992 sanguine

536 3030 831 3103 compingi,
864 3028 963 3084 sed
1000 3023 1348 3082 inelIabiliter
1392 3029 1449 3074 et
1496 3015 1757 3073 diviniori
1794 3013 1958 3069 modo
1982 3025 2113 3068 eum

2218 1942 2350 1988 κας·
2389 1923 2639 1996 Εὑτυχὴς
2696 1922 2774 1990 δέ,
2823 1927 2935 1980 τῶν
2964 1929 3025 1981 ἐν
3051 1931 3118 2000 τῇ
3164 1928 3400 1999 βασιλίδι
3442 1930 3542 1985 τῶν
3565 1931 3734 1983 πόλεων

2219 2016 2382 2087 ἱερῶν
2403 2016 2670 2087 σεμνείων
2707 2018 3142 2090 ἀρχιμανδρίτης
3173 2021 3467 2091 ὶτύγχανεν
3489 2022 3586 2078 ὼν.
3608 2014 3734 2074 οὗτοι

2215 2110 2306 2162 τὸν
2338 2109 2544 2178 Κύριον
2597 2109 2755 2178 ἡμῶν
2809 2109 3024 2180 Ἰησοῦν
3071 2113 3312 2183 Χριστὸν
3367 2114 3632 2183 όμοούσιον
3659 2113 3735 2182 μιν

2214 2199 2498 2253 ἐπίστευον
2522 2201 2601 2271 τῷ
2644 2202 2841 2272 Πατρὶ,
2891 2204 3027 2272 περ)⁸
3060 2203 3117 2257 δέ
3146 2222 3212 2273 γε
3254 2206 3350 2276 τὴν
3376 2206 3736 2279 ὲνανθρώπησιν

2217 2291 2538 2363 βλάσφημον
2565 2293 2818 2360 γλῶτταν
2849 2296 3088 2363 ἐκίνουν,
3150 2300 3248 2352 καὶ
3298 2301 3576 2368 φεύγοντες
3613 2298 3737 2367 δῆθεν

2214 2384 2314 2453 τὴν
2352 2384 2446 2437 τοῦ
2476 2385 2776 2451 Νεστορίου
2817 2386 3107 2457 διαίρεσιν,
3138 2389 3236 2443 δύο
3261 2392 3410 2455 υἱοὺς
3455 2392 3734 2458 εἰσάγοντος,

2214 2476 2296 2538 εἰς
2335 2475 2522 2547 ἕτερον
2573 2477 2821 2547 κρημνὸν
2861 2479 3198 2545 ἀπεναντίας
3232 2482 3501 2536 ὠθοῦντοο
3545 2483 3631 2546 τὰς
3655 2482 3738 2549 γὰρ

2214 2566 2308 2620 δύο
2342 2567 2435 2622 ἐπὶ
2467 2570 2560 2621 τοῦ
2593 2569 2802 2639 Κυρίου
2833 2571 3047 2638 φύσεις,
3074 2572 3174 2642 τῆς
3201 2592 3261 2628 τε
3288 2575 3532 2645 θεότητος
3560 2577 3642 2630 καὶ
3661 2575 3737 2641 τῆς

2215 2659 2659 2730 ἀνθρωπότητος,
2715 2662 2853 2730 μετά
2895 2664 2999 2735 τὴν
3032 2663 3235 2720 ἕνωσιν
3260 2669 3637 2738 συγκραθῆναι,
3665 2668 3736 2721 καὶ

2215 2752 2296 2814 είς
2320 2751 2450 2819 μίαν
2472 2752 2906 2823 ἀποτελεσθῆναι
2930 2754 3092 2823 φύσιν
3113 2757 3393 2822 δυσσεϐῶς
3414 2759 3736 2829 ἐδογμάτιζον,

2214 2840 2292 2904 ὡς
2312 2842 2564 2895 ἐντεῦθεν
2593 2844 2690 2897 καὶ
2717 2846 2786 2914 τῇ
2819 2844 3036 2917 θεότητι
3068 2848 3547 2919 προσαρμόζεσὴι
3574 2851 3733 2920 ᾶπερῄ

2217 2932 2578 3004 ἀνθρωπότης
2611 2935 2823 3005 ὑπέστη
2855 2937 2976 2990 θεῖα
3015 2938 3343 3010 παθήματα.
3371 2942 3524 2995 Ἀλλά
3558 2945 3640 2996 καὶ
3659 2940 3735 3009 τὴν

2218 3024 2399 3096 σάρκα
2429 3026 2529 3096 οὐχ
2558 3026 2848 3095 όμοούσιον
2886 3030 3020 3098 ἡμῖν
3059 3031 3413 3104 ἀνειληφέναι
3445 3035 3531 3088 τόν
3573 3032 3736 3103 Κύριον

536 3127 877 3181 incarnatum
916 3119 1085 3175 fuisse
1113 3114 1406 3181 commenti
1437 3119 1585 3167 sunt.
1639 3110 1788 3174 Quos
1824 3105 2027 3161 idcirco
2061 3119 2116 3159 tv

2219 3116 2431 3184 ἔλεγον,
2464 3117 2574 3170 οὐδ’
2604 3118 2667 3171 ὲκ
2690 3120 2802 3174 τῶν
2848 3121 3205 3190 παρθενικῶν
3236 3129 3578 3197 συμπαγῆναι
3606 3124 3737 3191 clpa.

539 3213 780 3287 synodus
804 3208 1145 3267 (ecumcnica
1178 3204 1525 3261 Chalcedone
1561 3201 1856 3263 celebrata,
1886 3212 2116 3253 sexcen-

2219 3224 2347 3273 των,
2379 3209 2494 3263 ἀλλ’
2524 3211 2783 3282 ἀρρήτως
2818 3230 2937 3278 πως
2957 3216 3052 3269 καὶ
3081 3216 3373 3291 θειοτέρως
3418 3216 3738 3290 σεσαρκῶσθαι

536 3308 609 3363 tis
640 3314 696 3362 ct
718 3304 936 3375 triginta
960 3299 1213 3356 Patribus
1235 3306 1513 3359 constans,
1545 3291 1820 3363 deposuit.

1171 3496 1243 3551 De
1272 3493 1485 3551 Severo.

606 3594 738 3649 Erat
765 3601 945 3647 autem
991 3587 1226 3644 Severus
1254 3586 1565 3641 Antiochia;
1612 3581 1931 3653 episcopus,
1960 3579 2120 3637 Dios-

539 3701 666 3743 coro
716 3693 772 3740 et
827 3682 1130 3747 Eutychute
1188 3680 1469 3749 impietate
1504 3692 1616 3732 non
1658 3674 1922 3742 inferior;
1987 3688 2120 3744 qua-

541 3784 761 3847 propter
788 3773 856 3827 ab
881 3771 1202 3828 orthodoxis
1237 3772 1433 3824 throno
1467 3767 1631 3823 simul
1656 3783 1721 3823 ac
1751 3768 1889 3823 urbe
1928 3765 2119 3836 expul-

541 3883 648 3930 sus.
671 3866 739 3921 ad
760 3863 1137 3920 Alexandriam
1164 3862 1430 3930 pervenit,
1453 3859 1542 3915 ubi
1567 3859 1764 3915 librum
1791 3858 2119 3927 conscripsit

541 3957 686 4014 omni
723 3956 1005 4024 impietate
1059 3953 1346 4018 refertum,
1393 3953 1449 4007 in
1478 3968 1587 4021 quo
1626 3959 1817 4009 contra
1855 3950 2117 4022 synodum

542 4058 783 4120 quartam
797 4044 1177 4102 Chalcedonen
1186 4058 1300 4099 sem
1323 4044 1627 4113 invehitur,
1644 4053 1699 4100 et
1712 4045 1945 4100 haeresin
1972 4043 2117 4098 illam

542 4152 662 4208 quae
700 4152 861 4192 unam
896 4134 952 4189 in
983 4132 1216 4189 Domino
1247 4142 1498 4189 naturam
1543 4143 1666 4204 post
1713 4134 1968 4188 unionem
2007 4142 2119 4188 sta-

542 4231 662 4296 tuit,
692 4230 1017 4285 conﬁrmare
1046 4240 1335 4297 aggressus
1353 4234 1458 4281 est.
1487 4226 1716 4283 Librum
1747 4227 1915 4291 hunc,
1940 4225 2118 4297 phila-

543 4324 729 4384 lethen,
756 4336 854 4377 seu
906 4321 1143 4375 veritatis
1178 4328 1447 4373 amantem
1468 4319 1765 4390 inscripsit,
1792 4319 1930 4389 patri
1969 4334 2121 4373 men-

544 4414 820 4470 daciorum
855 4411 1030 4465 nihilo
1068 4410 1246 4466 minus
1277 4410 1502 4465 charum
1539 4429 1554 4465 :
1601 4425 1762 4481 quem
1805 4410 1897 4479 qui
1939 4408 2009 4464 ab
2051 4420 2118 4464 eo

2221 3299 2384 3353 αὑτὸν
2435 3300 2810 3356 ἀνέπλαττον
2853 3303 2951 3367 οὒς
3001 3306 3258 3362 καθεῖλεν
3306 3311 3340 3379 ἡ
3401 3311 3460 3362 ὲν
3488 3308 3740 3379 Χαλκηδόνι

2223 3391 2580 3462 οίκουμενικὴ
2617 3390 2659 3446 δ’
2695 3395 2914 3459 σύνοδος
2938 3395 3045 3450 τῶν
3070 3397 3153 3469 χλ¹
3182 3401 3458 3470 Πατέρων.

2771 3508 2912 3576 Περὶ
2939 3509 3231 3578 Σεϐήρου.

2293 3595 2361 3649 "0
2385 3612 2449 3664 γε
2480 3596 2589 3666 μὴν
2615 3595 3231 3670 Σεϐἦρος,Ἀντιοχείας
3253 3604 3540 3667 ἐπίσκοπος
3558 3597 3742 3674 ἦν,κατ⁹

2220 3686 2373 3740 οὐδὲν
2400 3687 2595 3739 ἐνδέων
2616 3685 2688 3740 τά
2706 3703 2772 3757 γε
2803 3690 2885 3752 είς
2907 3690 3165 3747 ἀσέϐειαν
3193 3696 3482 3766 Διοσκόρου
3504 3698 3588 3749 καὶ
3611 3692 3742 3746 Exitu-

2222 3776 2382 3847 χοῦςο
2417 3776 2588 3850 ταύτῃ
2618 3795 2704 3831 τοι
2734 3781 2829 3835 καὶ
2850 3782 2987 3852 πρδς
3021 3782 3130 3839 τῶν
3150 3778 3447 3855 όρθοδόξων
3470 3787 3558 3840 τοῦ
3583 3784 3736 3855 θρόνου

2222 3865 2340 3936 ἅμα
2367 3868 2464 3920 καὶ
2503 3870 2607 3961 τῆς
2660 3870 2872 3934 πόλεως
2914 3871 3379 3944 ἐξοστρακισθεὶς,
3411 3877 3508 3948 τὴν
3536 3874 3739 3938 Ἀλεξᾶν-ι

2219 3960 2404 4029 δρειαν
2430 3960 2779 4031 κατειλήφει,
2799 3962 2931 4017 ἔνθα
2957 3965 3054 4018 καὶ
3086 3966 3274 4037 βίϐλον
3299 3970 3568 4024 συντάττει
3598 3968 3740 4031 πάσης

2220 4050 2504 4118 γέμουσαν
2554 4051 2897 4119 δυσσεϐείας,
2942 4054 3001 4108 ὲν
3051 4050 3431 4129 ’κατέτρεχε
3480 4060 3570 4130 μὲν
3595 4056 3678 4127 τῆς
3696 4056 3740 4106 ὲν
3770 4118 3782 4133 ⁸

2222 4141 2529 4210 Χαλκηδόνι
2581 4142 2625 4196 δ’
2659 4145 2914 4209 συνόδου,
2964 4147 3260 4217 κρατύνειν
3298 4152 3343 4205 δ’
3386 4152 3625 4220 ἐπειρᾶτο
3666 4146 3742 4217 τὴν

2221 4233 2656 4304 δογματίζουσαν
2684 4237 2916 4306 αἵρεσιν,
2949 4240 3081 4308 μίαν
3131 4241 3295 4310 φύσιν
3331 4245 3424 4298 ἐπὶ
3465 4243 3549 4297 τοῦ
3579 4238 3740 4309 Κυρίου

2228 4325 2367 4395 μετά
2394 4328 2493 4394 τὴν
2538 4325 2770 4380 ἔνωσινο
2817 4329 3026 4400 ταύτην
3059 4330 3117 4384 δὲ
3169 4332 3271 4404 τὴν
3304 4334 3480 4406 βίϐλον
3508 4328 3741 4401 ἐπέγραψε
3790 4350 3794 4361 ι

2230 4435 2248 4468 r
2279 4417 2550 4489 φιλαλήθη
2583 4437 2601 4470 ι
2642 4420 2741 4482 τὴν
2770 4419 2870 4490 οὐχ
2900 4420 3102 4489 ἥκιστα
3137 4423 3218 4494 τῷ
3248 4424 3342 4477 τοῦ
3371 4425 3584 4496 ψεύδους
3615 4435 3741 4487 πεφι·
3782 4446 3787 4471 ι

542 4505 798 4562 dicuntur
859 4501 1135 4557 Severianl
1212 4500 1520 4573 Evangeliis
1559 4501 1881 4571 praeferunt.
1944 4500 2114 4555 Iidem

2220 4509 2464 4582 λημένην
2491 4514 2681 4583 πατρὶ,
2709 4512 2776 4580 ἠν
2795 4513 2844 4564 oi
2866 4513 2961 4566 ἀπ’
2985 4516 3197 4568 ἐκείνου
3219 4516 3502 4588 λεγόμενοι
3521 4513 3740 4582 Σεϐηρια·

545 4598 703 4653 etiam
742 4595 997 4664 Acephali
1036 4602 1323 4657 vocantur,
1365 4608 1477 4648 non
1526 4592 1700 4649 solum
1742 4593 1888 4662 quod
1935 4590 2121 4661 plures

546 4688 745 4743 fuerint
768 4687 929 4758 hujus
954 4685 1176 4741 haeresis
1198 4685 1414 4755 patroni
1459 4682 1828 4753 fautoresque,
1852 4684 1946 4738 sed
1975 4683 2120 4754 quod

546 4781 773 4836 diversis
801 4779 1088 4835 sententiis
1129 4778 1197 4833 ab
1226 4777 1459 4832 invicem
1489 4776 1766 4839 differant,
1800 4787 1854 4832 et
1884 4777 2027 4831 inter
2058 4789 2120 4830 se

458 4878 462 4882 “
546 4888 651 4930 non
698 4873 921 4930 omnino
956 4870 1311 4929 conveniant.

1111 5076 1185 5131 De
1216 5072 1547 5132 Manis/uvis.

617 5190 881 5252 Dicuntur
910 5189 1190 5248 Manicluei
1234 5193 1327 5264 qui
1376 5191 1548 5248 Manis
1585 5189 1771 5249 deliria
1809 5188 1866 5247 in
1906 5191 2117 5248 honore

548 5282 769 5338 habent.
815 5281 1003 5339 Manes
1025 5291 1207 5339 autem
1235 5298 1358 5340 sese
1391 5283 1733 5340 Paracletum
1765 5283 2017 5352 vocabat,
2062 5294 2118 5341 et

548 5374 817 5430 Christum
862 5388 961 5443 per
1003 5375 1317 5445 opinionem
1364 5383 1422 5432 et
1451 5375 1894 5448 imaginationem
1943 5391 2115 5448 appa-

548 5464 721 5521 ruisse
757 5464 965 5521 docuit.
1004 5464 1120 5521 Duo
1152 5468 1431 5523 statuebat
1482 5467 1774 5538 prineipia,
1810 5468 2016 5523 bonum
2060 5477 2117 5525 et

549 5556 764 5620 malum,
779 5557 894 5613 sive
916 5557 1079 5614 Deum
1105 5570 1161 5614 et
1189 5560 1490 5614 materiam.
1516 5557 1686 5615 Vetus
1702 5558 2114 5617 Testamentum

549 5648 848 5706 maledictis
877 5651 1121 5707 incessit.
1154 5649 1364 5706 Lunam
1390 5660 1446 5706 et
1484 5650 1664 5707 sidera
1692 5661 1948 5723 tanquam
1982 5653 2117 5711 deos

544 5740 758 5797 adorari
800 5742 1068 5811 permisit.
1112 5741 1306 5800 Carnis
1341 5743 1800 5802 resurrectionem
1855 5746 2108 5816 negabat.

2222 4599 2304 4653 νοὶ
2326 4599 2564 4668 τιμῶσιν
2585 4600 2724 4671 ὑπὲρ
2751 4600 2818 4654 τὰ
2844 4602 3157 4671 Εὐαγγέλια
3177 4623 3192 4638 ο
3227 4609 3275 4659 οἱ
3311 4608 3463 4662 αὐτοὶ⁸
3509 4604 3562 4658 δὲ
3591 4602 3739 4666 λέγον·

2220 4705 2310 4743 ται
2343 4690 2656 4759 Ἀκέφαλοι,
2685 4692 2762 4761 τῷ
2789 4694 2864 4763 μὴ
2898 4693 3059 4762 μόνον
3090 4697 3320 4761 πολλοὺς
3354 4695 3626 4767 ἐσχηκέναι
3642 4705 3737 4760 γεν-

2221 4783 2453 4853 νήτορας
2502 4781 2597 4835 καὶ
2657 4785 2939 4854 ἀρχηγοὺς
2989 4785 3093 4856 τῆς
3156 4788 3441 4857 αἱρέσεως.
3498 4784 3620 4839 ἀλλὰ
3664 4780 3739 4833 καὶ

2221 4872 2497 4944 διαφόροις
2522 4874 2705 4940 δόξαις
2756 4878 3174 4947 μεριζομένους,
3231 4883 3324 4933 καὶ
3356 4878 3594 4948 ἀλλήλοις
3628 4873 3735 4930 ὅλως

2226 4963 2303 5034 μὴ
2333 4964 2754 5034 συμϐαίνοντας.

2746 5077 2882 5145 Περὶ
2903 5081 3272 5148 Μανιχαίων.

2290 5190 2582 5260 Μανιχαῖοι
2641 5190 2697 5244 δὲ
2747 5192 2998 5261 λέγονται
3053 5196 3106 5249 οἱ
3140 5198 3528 5269 πρεσϐεύοντες
3573 5193 3635 5247 τὰ
3659 5186 3732 5243 τοῦ

2219 5279 2523 5342 Μάνεντος·
2579 5284 2607 5333 ὁ
2656 5281 2712 5334 δὲ
2743 5283 2939 5353 Μάνης
2988 5277 3166 5349 οὗτος,
3214 5288 3552 5358 παράκλητον
3580 5279 3732 5336 ἑαυτὸν

2218 5370 2426 5433 ἐκάλει,
2467 5373 2689 5442 δοκήσει
2718 5374 2773 5427 δὲ
2801 5379 2896 5430 καὶ
2927 5379 3201 5451 φαντασίᾳ
3227 5380 3316 5434 τὸν
3342 5379 3563 5448 Χριστὸν
3584 5372 3730 5443 ἠγεῖτο

2220 5466 2552 5535 πεφηνέναι.
2574 5467 2679 5519 Δύο
2709 5469 2888 5538 ἀρχὰς
2927 5472 3275 5542 ἐδογμάτιζε,
3328 5452 3555 5542 πονηράν
3580 5483 3630 5520 τε
3658 5459 3729 5516 καὶ

2219 5555 2453 5627 ἀγαθὴν,
2480 5556 2598 5627 ἦτοι
2629 5558 2762 5611 Θεόν
2788 5576 2846 5612 τε
2886 5562 2982 5615 καὶ
3034 5561 3169 5634 ὓλην
3189 5579 3203 5593 ·
3236 5563 3334 5636 τὴν
3363 5560 3580 5616 παλαιὰν
3601 5551 3727 5605 i614:-

2221 5653 2430 5724 σφήμει
2460 5653 2729 5723 διαθήκην
2750 5669 2764 5684 '
2798 5657 3027 5730 σελήνην
3055 5663 3149 5714 καὶ
3180 5661 3415 5732 ἀστέρας
3461 5646 3730 5727 προσκυνεῖν

2217 5739 2308 5799 οἷα
2365 5744 2522 5810 θεοὺς
2575 5748 2843 5819 ἐπέτρεπε
2870 5765 2882 5780 °
2947 5754 3149 5823 σαρκὸς
3178 5755 3469 5809 ἀνάστασιν
3516 5742 3726 5816 ἠρνεῖτο·
