4016 6384
187 504 326 572 1041

1111 457 1526 562 amnem
1565 496 2194 558 ALPHABE’l‘lCUM.
2235 498 2397 554 --A.

3309 487 3449 554 ιοιε

187 615 612 691 μετεμψύχωσιν
637 616 907 682 ἐδίδασκε,
940 615 1172 687 βοτάνας
1209 615 1303 670 καὶ
1332 613 1476 682 ὕδωρ
1510 613 1605 665 καὶ
1644 609 1760 662 δέν-

1879 609 2182 662 \nimarum
2209 623 2238 662 a
2266 607 2590 678 corporibus
2607 603 2662 660 in
2685 604 2792 658 alia
2812 617 3040 672 corpora
3065 601 3445 671 migrationem

184 715 289 782 δρα
318 710 539 781 ἔμψυχα
567 705 710 764 εἶναι
740 709 986 779 φάσκων.

387 883 523 952 Περὶ
552 883 1071 938 Οὐαλεντινιανῶν
1101 884 1234 951 ἦτοι
1273 883 1566 952 Εὐχιτῶν.

263 974 702 1027 Οὖαλεντινιανοὶ
733 975 809 1034 δὲ,
843 976 874 1043 ἡ
911 974 1053 1026 κατὰ
1078 970 1206 1035 τοὺς
1233 974 1460 1042 χρόνους
1500 971 1594 1024 τοῦ
1630 972 1772 1024 Οὐα-

191 1065 431 1116 λεντίνου
479 1067 570 1116 καὶ
634 1064 934 1124 Οὐάλεντος
987 1064 1340 1134 βλαστήσασα
1397 1064 1608 1133 αἵρεσις
1662 1063 1769 1115 τῶν

196 1156 508 1224 Βογομίλων
539 1157 658 1226 ἤτοι
681 1157 1088 1210 Μασσαλιανῶν
1111 1174 1122 1185 ·
1164 1156 1322 1210 τοῦτο
1347 1157 1402 1209 δὲ
1434 1155 1772 1226 ἐξελληνιζὸ-

199 1264 358 1314 μενον
389 1246 624 1316 Εὐχίτας
655 1247 804 1316 δηλοῖ
827 1263 840 1276 ο
876 1248 1008 1300 πολὺ
1061 1247 1172 1317 γὰρ
1203 1245 1333 1314 παρ’
1375 1249 1560 1310 αὐτοῖς
1589 1249 1648 1300 τὸ
1673 1249 1772 1315 τῆς

197 1339 256 1390 εὖ
267 1341 360 1406 λῆς
383 1337 579 1407 ὄνομα,
601 1339 668 1408 ἢν
690 1339 785 1392 καὶ
806 1342 916 1401 τοῖς
943 1339 1157 1401 πολλοῖς
1183 1339 1424 1392 ποιοῦσιν
1447 1340 1770 1408 άνέκφορονο

198 1427 491 1482 καλοῦνται
520 1430 574 1480 δέ
601 1433 664 1482 ἐκ
693 1429 789 1482 τοῦ
829 1432 1156 1500 πράγματος
1182 1434 1274 1484 καὶ
1315 1431 1730 1484 Ἐνθουσιασταί
1756 1445 1770 1461 ’

195 1520 450 1588 δαίμονος
507 1521 616 1590 γὰρ
669 1522 952 1587 ἐνέργειαν
1002 1523 1400 1591 λαμϐάνοντες,
1460 1523 1776 1590 Πνεύματος

198 1615 356 1682 ἁγίου
388 1611 528 1667 εἶναι
572 1615 778 1686 ταύτην
807 1617 1303 1686 ὑπολαμϐάνουσιν.
1354 1618 1416 1669 Οί
1449 1621 1555 1688 γὰρ
1592 1619 1776 1671 τέλεον

198 1705 295 1772 τὴν
335 1705 490 1756 νόσον
519 1705 724 1774 ταύτην
751 1707 1170 1777 είσδεδεγμένοι,
1192 1711 1630 1779 ἀποστρέφονται
1679 1709 1777 1776 μὲν

199 1793 297 1863 τὴν
332 1794 442 1847 τῶν
472 1793 669 1864 χειρῶν
695 1796 959 1864 ἐργασίαν
1008 1797 1082 1858 ὡς
1139 1800 1382 1867 πονηράν
1404 1813 1418 1828 ’
1449 1797 1602 1868 ὕπνῳ
1631 1798 1684 1850 δὲ
1708 1799 1776 1851 τὰ

201 1885 372 1937 πολλὰ
410 1889 551 1954 σφᾶς
609 1887 811 1946 αὐτοὺς
865 1889 1188 1952 ἐκδιδόντες,
1243 1891 1638 1960 ἐνθουσιασμὸν
1677 1893 1777 1954 τὰς

200 1977 308 2029 τῶν
340 1978 570 2048 ὀνείρων
593 1980 896 2047 φαντασίας
919 1981 1285 2034 ἀποκαλοῦσι⁹
1337 1983 1499 2052 φύσει
1523 1985 1775 2050 λέγουσιν

202 2065 345 2120 εἶναι
397 2069 466 2120 τὰ
494 2071 661 2130 κακὰ,
698 2073 794 2122 καὶ
819 2073 875 2124 ἐν
908 2073 1123 2141 ἑκάστῳ
1171 2072 1446 2143 ἀνθρώπῳ
1477 2074 1698 2143 πνεῦμά
1721 2093 1775 2128 τι

200 2159 342 2210 θεῖον
373 2163 666 2221 συνοικεῖν,
691 2163 784 2212 καὶ
815 2161 1044 2230 δαίμονα
1069 2179 1083 2193 ·
1111 2164 1236 2225 τοὺς
1267 2166 1622 2230 τικτομένους
1643 2167 1776 2218 παῖ·-

199 2250 293 2308 δας
325 2252 387 2302 ἐκ
425 2252 520 2302 τοῦ
571 2254 917 2324 προπάτορος
971 2253 1150 2309 ἕλκειν
1199 2255 1394 2324 Ἀδὰμ,
1432 2255 1622 2328 ὥσπερ
1675 2258 1776 2327 τὴν

201 2341 383 2408 φύσιν,
434 2342 577 2394 οὕτω
628 2343 691 2413 δὴ
722 2347 816 2398 καὶ
850 2345 946 2413 τὴν
983 2345 1116 2413 πρὸς
1169 2347 1298 2408 τοὺς
1359 2348 1624 2416 δαίμονας
1656 2349 1776 2401 δου-

200 2433 372 2498 λείαν,
429 2435 524 2487 καὶ
582 2435 1021 2502 συνουσιωμένον
1051 2436 1243 2506 φέρειν
1296 2437 1528 2506 δαίμονα
1559 2439 1778 2510 ἑκάστῳ

201 2524 404 2578 τούτων
459 2527 811 2578 συνοικοῦντα
865 2530 958 2582 κα¹ι
1018 2528 1528 2591 κατεξουσιάζοντα.
1575 2533 1684 2585 Καὶ
1713 2532 1774 2584 τὸ

205 2615 302 2685 μὲν
333 2616 620 2686 βάπτισμα
653 2617 929 2680 ἀδυνάτως
977 2618 1122 2688 ἔχειν
1176 2621 1484 2686 ἐξελαύνειν
1518 2623 1705 2684 αὑτὸν,
1739 2623 1772 2692 ἢ

203 2708 300 2770 τὰς
329 2707 485 2777 ῥίζας
507 2709 758 2778 ἁνασπᾷν
783 2709 890 2761 τῶν
917 2711 1024 2778 ἁμα
1039 2727 1138 2780 ρτη
1149 2712 1354 2779 μάτων,
1390 2715 1558 2782 μόνην
1587 2714 1645 2765 δὲ
1677 2715 1775 2784 τὴν

203 2799 603 2871 ιπιτεταμένην
633 2801 796 2870 εὐχὴν
845 2802 1053 2856 ἐκεῖνόν
1092 2819 1152 2855 τε
1182 2805 1404 2868 ἐξωθεῖν
1449 2809 1542 2858 καὶ
1575 2807 1777 2868 ταύτας

203 2889 520 2958 καθαίρεινο
568 2891 661 2944 καὶ
693 2891 833 2960 μετά
861 2891 960 2962 τὴν
997 2895 1298 2963 γενομένην
1330 2899 1442 2958 τοῖς
1470 2897 1651 2950 αὐτῶν
1687 2915 1777 2950 τε·

204 2979 472 3049 λεοτέροις
528 2982 827 3040 ἀπάθειαν,
881 2986 1175 3056 ἐπιφοιτᾷν
1235 2989 1419 3051 αὐτοῖς
1459 2989 1670 3058 ὁρατῶς
1715 2989 1777 3042 τὸ

205 3066 361 3134 ἃγιον
387 3072 630 3142 Πνεῦμα,
653 3075 746 3126 καὶ
773 3075 871 3143 τῆς
889 3075 997 3128 τῶν
1025 3076 1210 3128 παθῶν
1229 3078 1502 3150 κινήσεως
1527 3080 1586 3131 τὸ
1617 3081 1776 3149 σῶμα

201 3161 540 3231 ἐλευθεροῦν,
575 3163 649 3225 ὡς
679 3165 875 3233 μηκέτι
904 3165 1092 3218 λοιπὸν
1116 3167 1322 3220 δεῖσθαι
1355 3171 1494 3238 μήτε
1522 3172 1775 3240 νηστείας

1870 701 2112 764 tradidit.
2143 701 2362 764 herbas,
2403 701 2626 756 arbores
2663 707 2719 755 et
2765 711 2963 769 aquam
3011 710 3099 750 res
3144 708 3266 750 esse
3335 693 3450 747 ani-

1871 801 2046 845 matas
2071 789 2368 845 atlirmans.

2111 884 2214 950 12
2269 881 2348 934 De
2381 877 2770 934 Valentiniani:
2824 876 2932 929 sive
2975 873 3238 928 Eucltitt'a.

1947 972 2309 1028 Valentiniani
2361 987 2532 1036 vero,
2565 985 2640 1024 ea
2692 984 2814 1038 quae
2867 967 3200 1036 temporibus
3255 964 3454 1018 Varen-

1876 1064 1975 1118 tini
2007 1074 2062 1118 et
2092 1064 2333 1118 Valentis
2399 1060 2687 1132 pullulavit
2741 1071 2887 1114 secta
2919 1058 3318 1126 Bugomilorum
3339 1056 3457 1109 sive

1875 1157 2347 1220 Massalianorum,
2378 1169 2610 1224 quorum
2640 1151 2934 1216 nomen,.si
2968 1151 3022 1204 in
3051 1151 3287 1217 linguam
3307 1148 3458 1202 Gne-

1875 1264 1992 1303 cam
2028 1247 2408 1311 transferatur,
2455 1245 2716 1302 Euchitas
2742 1243 3031 1313 signiﬁcat.
3059 1241 3276 1310 Quippe
3310 1255 3456 1308 mag-

1875 1355 2004 1394 num
2057 1338 2199 1408 apud
2254 1351 2352 1392 eos
2399 1345 2486 1391 est
2538 1335 2873 1406 precationis
2929 1348 3152 1396 nomen,
3205 1347 3367 1400 quam
3401 1329 3459 1382 in

1876 1432 2070 1500 vulgus
2117 1430 2296 1485 eﬂ‘erri
2338 1437 2545 1484 vetant.
2579 1427 2858 1483 Vocantur
2903 1427 3067 1481 etiam
3116 1423 3187 1479 ab
3251 1423 3367 1492 ipsa
3399 1437 3459 1476 re

1880 1521 2278 1584 Entltusiastte;
2325 1534 2452 1572 nam
2512 1519 2809 1586 agitatione
2870 1519 3132 1572 dn-monis
3181 1515 3454 1584 occupati,
3498 1530 3505 1537 '

1881 1618 2072 1681 putant
2100 1625 2219 1664 eam
2251 1624 2374 1664 esse
2409 1607 2646 1678 Spiritus
2689 1609 2883 1664 sancti.
2916 1608 3071 1674 Quod
3112 1608 3158 1662 si
3186 1622 3326 1678 quos
3357 1607 3458 1660 iste

1881 1704 2104 1758 morbus
2130 1717 2359 1771 prorsus
2384 1701 2666 1765 invaserit,
2693 1717 2948 1755 manuum
2983 1702 3200 1769 quidem
3238 1717 3459 1754 onmem

1881 1793 2123 1848 laborem
2159 1794 2324 1847 veluti
2385 1792 2584 1846 malum
2615 1801 2975 1856 aversantur;
3037 1807 3234 1846 somno
3269 1803 3455 1846 anu-tn

1882 1887 2206 1956 plerumque
2239 1901 2296 1942 se
2325 1886 2610 1950 dedentes,
2649 1900 2712 1940 ea
2742 1886 3084 1940 somniorum
3114 1885 3228 1939 visa
3259 1895 3456 1938 vocant

1877 1979 2302 2034 enthusiasmos.
2341 1978 2476 2032 Mala
2531 1978 2825 2048 perhibent
2851 1978 3121 2032 exsistere
3153 1986 3363 2033 natura.
3402 1987 3456 2030 et

1881 2072 1934 2130 in
1965 2072 2214 2141 quolibet
2259 2071 2485 2125 homine
2525 2069 2688 2124 simul
2719 2068 2966 2123 habitare
3018 2067 3272 2135 spiritum.
3317 2067 3454 2120 di=i-

1878 2179 2008 2220 num
2049 2177 2111 2216 ac
2139 2163 2467 2218 daemonem.
2520 2161 2727 2217 Pueros
2753 2160 2849 2224 qui
2879 2163 3115 2214 eduntur
3156 2161 3211 2212 in
3249 2160 3452 2220 lucem,

1877 2270 1942 2314 ex
1975 2255 2153 2323 primo
2191 2261 2356 2322 patre,
2381 2253 2610 2320 Adamo,
2645 2261 2704 2306 ut
2728 2261 3004 2318 naturam,
3039 2251 3113 2304 ita
3145 2249 3310 2306 etiam
3341 2265 3454 2303 ser-

1877 2349 2100 2404 vitutem
2128 2363 2258 2417 erga
2311 2347 2590 2401 daemonas
2631 2347 2884 2411 trahere;
2929 2346 3177 2414 adeoque
3221 2343 3458 2400 consub-

1876 2440 2190 2494 stantiatum
2204 2446 2417 2509 gestare
2441 2437 2770 2502 daemonem,
2800 2436 2892 2505 qui
2923 2451 3049 2491 cum
3079 2435 3326 2506 quoiibct
3351 2433 3459 2486 ha-

1876 2533 2030 2596 bitet,
2064 2547 2130 2587 ac
2159 2530 2452 2600 imperium
2497 2529 2553 2584 in
2583 2544 2708 2582 eum
2749 2536 3024 2594 exerceat.
3078 2528 3145 2582 Et
3198 2526 3456 2596 baptismi

1877 2624 2094 2692 quidem
2149 2638 2242 2677 eas
2298 2637 2408 2675 non
2475 2635 2596 2676 esse
2650 2621 2842 2684 vires,
2914 2629 2974 2673 ut
3041 2620 3194 2674 illum
3263 2618 3454 2688 expel-

1877 2716 1987 2767 lere
2050 2713 2259 2781 possit,
2332 2719 2426 2764 aut
2492 2718 2845 2779 peccatorum
2907 2708 3123 2763 radices
3169 2709 3452 2772 evellere;

1877 2806 1971 2860 sed
2010 2806 2182 2858 solam
2215 2803 2350 2872 ipsis
2381 2803 2686 2871 iniunctam
2733 2802 3122 2872 precationem,
3159 2813 3274 2858 tum
3299 2804 3453 2856 illum

1874 2897 2166 2965 expellere,
2201 2907 2314 2950 tum
2359 2895 2572 2951 radices
2631 2897 2794 2950 hasce
2847 2909 3105 2964 purgare.
3157 2894 3454 2964 Postquam

1877 2999 2059 3044 autem
2117 2985 2476 3058 perfectiores
2519 2987 2664 3041 inter
2710 2986 2860 3056 ipsos
2907 2995 3109 3041 statum
3167 3000 3452 3056 expertem

1877 3083 2170 3140 aﬂectuum
2207 3081 2512 3150 attigerint,
2546 3079 2811 3150 Spiritum
2849 3088 3098 3134 sanctum
3146 3079 3456 3149 aspect:.bi-

1879 3176 2001 3228 liter
2028 3189 2192 3243 super
2221 3187 2318 3226 eos
2342 3171 2528 3226 venire
2561 3171 2800 3232 tradunt,
2831 3168 2973 3224 etab
3003 3168 3292 3223 alimmum
3321 3169 3454 3223 inci-

201 3253 497 3324 πιεζούσης
542 3256 696 3320 αὐτὸ,
734 3259 872 3328 μήτε
901 3257 1252 3322 διδασκαλίας
1283 3263 1632 3330 χαλινούσης,
1680 3266 1773 3316 καὶ

1881 3267 2084 3321 tatione
2111 3280 2310 3336 corpus
2338 3264 2412 3319 ita
2444 3264 2696 3327 liberare,
2730 3272 2787 3317 ut
2812 3262 3068 3331 deinceps
3092 3277 3198 3316 non
3217 3261 3454 3330 amplius

207 3347 288 3416 μὴ
313 3346 515 3416 βαίνειν
565 3349 776 3402 ἄτακτα
811 3351 1211 3421 παιδευούσηςο
1267 3353 1328 3404 οὐ
1360 3353 1466 3422 μὴν
1515 3353 1652 3406 ἀλλὰ
1685 3355 1777 3408 καὶ

200 3440 555 3494 αἰσθάνεσθαι
611 3441 834 3506 τούτους
883 3445 984 3512 τῆς
1027 3444 1122 3497 τοῦ
1175 3446 1505 3516 ἐπουρανίου
1537 3447 1774 3516 νυμφίου

205 3535 511 3597 κοινωνίας,
538 3534 784 3605 ὥσπερὴ
815 3539 954 3604 γυνὴ
982 3538 1079 3603 τῆς
1110 3536 1204 3590 τοῦ
1239 3537 1530 3606 ἀνθρώπου
1583 3555 1776 3592 συνου-

208 3625 349 3688 σίας,
383 3629 478 3679 καὶ
497 3625 596 3696 τὴν
623 3625 783 3693 ἁγίαν
826 3626 1033 3696 Τριάδα
1063 3628 1346 3698 αἰσθητοῖς
1399 3631 1532 3699 δρᾷν
1576 3631 1778 3699 ὀφθαλ-

207 3719 347 3785 μοῖς,
382 3719 563 3787 μὸνοις
592 3721 700 3788 γὰρ
729 3722 838 3782 τοῖς
881 3720 1144 3783 τοιούτοις
1187 3723 1278 3774 ὑπ’
1313 3723 1437 3790 ὄψιν
1481 3725 1778 3792 ἐμφανίζε-

205 3810 332 3863 σθαι
363 3811 592 3881 ταύτην,
623 3812 921 3865 κάντεῦθεν
967 3813 1036 3866 τὰ
1085 3814 1350 3882 μέλλοντα
1395 3815 1609 3876 τούτοις
1641 3833 1779 3885 προ·

206 3902 448 3957 6λέπειν.
469 3903 840 3972 Νομοθετοῦσι
865 3903 940 3974 μὴ
967 3905 1078 3956 δεῖν
1105 3902 1442 3974 μεταδιδόναι
1471 3909 1583 3969 τοῖς
1613 3925 1780 3975 προσ-

200 3993 469 4058 αιτοῦσιν,
509 3995 626 4048 ἀλλ’
657 3997 871 4056 ἐαυτοῖς
907 3995 1116 4064 μόνοις,
1147 3997 1376 4059 ἑαυτοὺς
1415 3993 1554 4050 εἶναι
1594 3999 1781 4065 λέγον-

200 4102 297 4148 τες
321 4087 569 4155 πτωχοὺς
593 4086 670 4156 τῷ
700 4086 992 4156 πνεύματι,
1029 4087 1124 4149 οὒς
1157 4090 1184 4140 ὁ
1208 4087 1414 4156 Κύριος
1445 4089 1774 4159 ἐμακάρισεο

199 4174 395 4228 λύουσι
447 4177 574 4240 τοὺς
631 4179 882 4247 γάμουςο
947 4178 1238 4248 ὀμνύουσιν
1275 4179 1447 4242 ἀδεῶς
1476 4182 1568 4232 καὶ
1597 4184 1781 4250 ἐπιορ-

197 4268 398 4320 κοῦσισ
431 4273 528 4322 καὶ
577 4267 745 4338 ἔτερα
780 4270 949 4338 μυρία
979 4270 1369 4338 τερατεύονται
1397 4275 1492 4324 καὶ
1535 4289 1779 4342 παρανο-

199 4360 422 4429 μοῦσιν,
477 4361 513 4416 ὃ.
567 4364 662 4416 καὶ
718 4362 984 4431 φιλοθέων
1034 4365 1226 4426 ἀκοαῖς
1288 4364 1642 4435 παραδιδόναι
1681 4368 1778 4420 οὐκ

192 4453 420 4521 εὐαγές.

699 4547 841 4616 Περὶ
876 4550 1240 4618 Βογομίλων.

1879 3369 2037 3427 egeat
2087 3358 2299 3427 jejunio
2354 3371 2463 3425 quo
2524 3363 2822 3430 prematur,
2881 3370 2980 3408 nec
3033 3355 3284 3408 doctrina
3333 3371 3456 3423 qua:

1881 3451 2095 3504 frenum
2135 3449 2364 3518 injiciat,
2399 3456 2454 3502 et
2480 3447 2698 3501 erudiat
2733 3461 2802 3501 ne
2852 3447 3093 3500 ambulet
3123 3445 3452 3500 inordinate.

1879 3536 2190 3602 Quinetiam
2237 3552 2297 3590 se
2335 3535 2778 3590 communionem
2835 3551 2958 3588 eum
2987 3535 3204 3590 caelesti
3251 3551 3456 3605 sponso

1879 3634 2082 3687 sentire
2107 3632 2316 3696 dicunt,
2372 3631 2834 3700 quemadmodum
2889 3630 3086 3685 mulier
3141 3632 3320 3686 mariti
3370 3633 3454 3686 sui

1878 3725 2292 3786 commercium,
2349 3734 2402 3776 et
2452 3733 2697 3778 sanctam
2745 3722 3064 3778 Trinitatem
3101 3725 3458 3779 sensibilibus

1879 3816 2054 3870 oculis
2090 3815 2275 3872 videre
2327 3814 2421 3886 (iis
2455 3816 2602 3870 enim
2635 3815 2767 3872 solis
2799 3816 2889 3870 illa
2923 3817 3027 3872 sub
3053 3819 3228 3871 visum
3266 3818 3454 3888 cadit),

1879 3923 1944 3962 ac
1974 3907 2097 3962 inde
2129 3907 2309 3962 futura
2341 3908 2680 3976 prostiicere.
2732 3909 2928 3962 Vetant
2963 3910 3117 3978 quasi
3153 3911 3355 3971 edicto,
3385 3927 3457 3965 ne

1879 4001 2003 4067 quis
2035 3999 2240 4068 aliquid
2267 3999 2706 4056 mendicantibus
2726 4000 3006 4069 largiatur,
3033 4001 3134 4054 nisi
3160 4001 3277 4054 suis
3310 4002 3420 4055 dttn
3439 4032 3456 4045 -

1882 4101 2049 4155 taxat,
2095 4106 2215 4144 cum
2263 4103 2385 4144 sese
2420 4089 2603 4141 dicant
2627 4105 2748 4144 esse
2779 4088 2902 4144 illos
2936 4089 3128 4158 Spiritu
3188 4105 3455 4160 pauperrs

1881 4197 2017 4252 quos
2047 4181 2307 4234 Dominus
2335 4181 2520 4235 beatos
2545 4180 2882 4250 praedicavit.
2914 4181 3318 4235 Matrimonium
3344 4183 3454 4235 sol-

1879 4283 2038 4338 vunt,
2075 4272 2348 4342 intrepide
2373 4273 2560 4342 jurant
2603 4281 2659 4327 et
2704 4273 2948 4339 pejerant
2981 4291 2995 4326 :
3025 4283 3080 4327 et
3109 4275 3315 4327 infinita
3352 4275 3454 4328 alia

1884 4373 2135 4436 portenta
2185 4367 2699 4430 comminiscuntur,
2733 4367 3141 4434 admittnntque
3188 4368 3453 4431 facinora,

1883 4475 2003 4529 qua:
2027 4458 2135 4513 Dei.
2153 4457 2451 4512 amantium
2489 4458 2720 4512 auribus
2746 4459 2946 4512 offerre
2971 4459 3122 4513 nefas
3148 4471 3310 4514 esset.

2461 4548 2542 4604 De
2562 4547 2874 4618 Bogomilis.

287 4640 347 4694 Ἢ
379 4643 438 4695 δὲ
463 4641 573 4694 τῶν
594 4641 910 4710 Βογομίλων
949 4616 1160 4712 αἵρεσις
1191 4645 1251 4695 ού
1282 4643 1388 4713 πρὸ
1421 4643 1619 4697 πολλοῦ
1649 4661 1775 4697 συν-

1955 4642 2113 4696 Secta
2160 4652 2343 4695 atttem
2383 4640 2785 4710 BOgomilorttm
2832 4657 2938 4694 non
2971 4643 3143 4696 multo
3190 4653 3318 4697 ante
3359 4660 3456 4696 no-

186 4735 333 4800 ἐστη
365 4733 464 4801 τῆς
509 4733 632 4786 καθ’
666 4734 816 4802 ἡμᾶς
869 4736 1083 4800 γενεᾶς.
1134 4735 1300 4805 μέρος
1333 4735 1470 4788 οὖσα
1517 4738 1616 4805 τῆς
1667 4737 1776 4789 τῶν

185 4825 628 4889 Μασσαλιανῶν,
666 4827 759 4876 καὶ
783 4827 1181 4898 συμφερομένη
1205 4828 1272 4880 τὰ
1303 4828 1474 4881 πολλὰ
1499 4831 1610 4890 τοῖς
1633 4829 1778 4881 ὲκεί-

185 4936 308 4974 νων
349 4917 655 4985 δόγμασιν·
711 4915 828 4969 ἔστι
862 4917 919 4970 δὲ
949 4917 983 4970 δι
1039 4919 1135 4970 καὶ
1188 4918 1651 4989 προσεξευροῦσα,
1682 4919 1777 4972 καὶ

185 5011 302 5078 τὴν
332 5009 514 5078 λύμην
545 5008 848 5079 αὐξήσασα.
880 5009 980 5077 Είη
1003 5010 1047 5062 δ’
1073 5009 1138 5063 ἂν
1160 5010 1480 5080 Βογόμιλος,
1512 5012 1650 5064 κατὰ
1675 5012 1777 5080 τὴν

183 5104 308 5158 τῶν
342 5102 543 5154 Μυσῶν
566 5101 842 5168 γλῶσσαν,
875 5103 902 5154 ὁ
927 5101 1021 5154 τοῦ
1052 5101 1188 5154 Θεοῦ
1235 5102 1327 5154 τὸν
1356 5102 1508 5154 ἔλεον
1533 5101 1778 5156 ἐπισπώ-

125 5185 132 5194 ’
193 5210 368 5264 μενος
386 5211 400 5222 ο
429 5195 538 5261 Bay
568 5193 674 5262 γὰρ
698 5194 951 5247 καλεῖται
980 5193 1113 5263 παρ’
1142 5193 1325 5256 αὐτοῖς
1353 5196 1381 5246 ὁ
1409 5195 1563 5258 Θεὸς,
1594 5195 1774 5264 μίουλι

186 5285 278 5342 δὲ.
313 5285 344 5336 δ
373 5283 553 5346 ἐλεοςν
586 5277 732 5337 οὗτοι
764 5285 865 5347 τὰς
891 5285 993 5354 τῆς
1031 5285 1274 5348 Παλαιᾶς
1307 5286 1401 5339 καὶ
1423 5285 1634 5354 Καινῆς
1653 5285 1779 5340 ἀθε-

185 5376 355 5431 τοῦσι
411 5376 647 5444 βίϐλους,
707 5377 846 5448 μετὰ
882 5376 980 5431 τοῦ
1035 5377 1094 5429 ἐν
1125 5377 1321 5440 αὐταῖς
1377 5365 1773 5447 γεγραμμένου

185 5469 362 5534 Θεοῦ,
421 5469 496 5533 ὡς
554 5471 677 5523 κατ’
730 5471 1017 5523 ἐπίπνοιαν
1058 5471 1364 5540 γραφείσας
1411 5471 1505 5523 τοῦ
1536 5471 1772 5532 Σατανᾶ,

188 5562 343 5630 πλὴν
377 5561 554 5630 μόνων
582 5563 742 5625 ἑπτὰ,
771 5555 847 5615 ὧν
879 5564 994 5615 ἐστι
1026 5565 1118 5618 καὶ
1140 5563 1202 5616 τὸ
1232 5562 1566 5630 Εὐαγγέλιον
1594 5579 1609 5592 ο
1637 5578 1778 5632 παρ-

186 5651 568 5722 ερμηνεύουσι
589 5653 646 5706 δὲ
673 5653 769 5706 καὶ
794 5653 1000 5716 ταύτας
1043 5653 1386 5722 βλασφήμοις
1427 5655 1658 5718 ἐννοίαις
1682 5654 1778 5708 καὶ

193 5746 501 5812 μυσαραῖς,
527 5744 620 5796 καὶ
641 5745 780 5813 πρὸς
801 5743 862 5796 τὸ
889 5743 1078 5797 δοκοῦν
1107 5744 1291 5808 αὐτοῖς
1352 5743 1774 5814 μεταφέρουσιν·

189 5835 530 5903 ἀτιμάζουσι
557 5836 649 5888 τὸν
680 5836 823 5888 θεῖον
846 5836 1104 5906 σταυρὸν,
1126 5835 1202 5898 ὼς
1223 5835 1516 5906 ἀναιρέτην
1541 5834 1636 5887 τοῦ
1666 5836 1778 5888 Κυ-

196 5925 318 5993 ρίου
341 5942 354 5956 ’
390 5925 469 5979 ἔτι
495 5926 550 5979 δὲ
580 5927 676 5979 καὶ⁹
719 5929 818 5996 τὴν
845 5925 1079 5996 φρικτὴν
1115 5924 1427 5996 ἱερουργίαν
1461 5923 1554 5977 τοῦ
1584 5923 1776 5978 δεσποο

1881 4743 2046 4788 SIram
2080 4741 2295 4786 aetatem
2318 4745 2439 4785 esse
2455 4729 2640 4799 coepit,
2671 4744 2736 4784 ac
2764 4745 2889 4798 pars
2917 4732 3164 4798 quaedam
3188 4741 3266 4784 est
3293 4742 3454 4785 secta:

1881 4824 2352 4886 Massaianorum,
2378 4830 2435 4877 et
2479 4821 2535 4876 in
2590 4823 2870 4890 plerisque
2899 4837 3023 4876 cum
3064 4821 3278 4875 illorum
3322 4822 3451 4890 dog-

1882 4915 2046 4970 matis
2084 4914 2362 4970 consentit
2417 4931 2432 4968 :
2483 4928 2606 4968 cum
2665 4921 2929 4980 prmtcrea
2985 4913 3232 4982 quaedam
3286 4911 3452 4966 etiam

1882 5007 2178 5068 invenerit,
2242 5021 2307 5059 ac
2366 5014 2573 5073 pestem
2643 5003 2949 5057 adauxerit.
3011 5000 3223 5056 Dicitur
3271 5011 3451 5057 autem

1882 5101 2064 5170 lingua
2095 5098 2368 5169 Mysorum
2400 5097 2734 5163 Bogomilus,
2766 5095 2860 5165 qui
2894 5094 2986 5149 Dei
3018 5093 3449 5149 misericordiam

1880 5192 1982 5247 sibi
2004 5191 2280 5246 conciliat.
2315 5190 2426 5257 Bog
2443 5192 2586 5242 enim
2625 5187 2773 5257 apud
2801 5203 2918 5253 eos,
2949 5187 3091 5240 Deus
3119 5193 3368 5250 vocatur,
3397 5195 3455 5240 et

1878 5281 2088 5346 Miouli,
2149 5279 2545 5334 misericordia.
2602 5277 2664 5331 Hi
2721 5277 3056 5332 Testatnenti
3121 5275 3336 5331 Veteris
3396 5286 3454 5330 et

1878 5371 2016 5426 Novi
2047 5371 2238 5435 libros,
2269 5385 2374 5423 una
2398 5385 2522 5422 cum
2553 5369 2874 5437 praescripto
2926 5368 2980 5420 in
3017 5366 3086 5421 iis
3114 5367 3249 5433 Deo,
3287 5367 3450 5421 abro-

1878 5473 2027 5534 gant,
2060 5463 2208 5518 velut
2242 5460 2422 5514 ainant
2465 5461 2682 5515 Satana:
2718 5470 2997 5526 exaratos,
3043 5457 3288 5530 exceptis
3309 5459 3449 5513 dun-

1881 5565 2026 5610 taxat
2057 5561 2284 5622 septem,
2315 5552 2458 5606 inter
2477 5566 2614 5620 quos
2650 5562 2736 5605 est
2763 5560 2817 5604 et
2850 5552 3028 5620 ipsum
3053 5551 3445 5621 Evangelium:

1877 5662 2064 5702 verum
2107 5648 2210 5702 hos
2242 5646 2392 5714 ipsos
2424 5658 2645 5714 quoque
2683 5643 2817 5698 falsa
2848 5643 3302 5714 interpretatione
3323 5660 3440 5700 cor-

1876 5745 2160 5806 rumpunt,
2181 5747 2235 5790 et
2263 5735 2597 5804 blasphemis
2617 5747 2683 5789 ac
2711 5733 2961 5788 scelestis
2995 5733 3363 5788 intellectibus
3383 5733 3450 5788 ad

1879 5829 1930 5884 id
1960 5828 2101 5898 quod
2134 5828 2268 5896 ipsis
2291 5827 2526 5890 videtur,
2555 5821 3214 5894 pervertunthnominia
3231 5838 3449 5879 crucem

1880 5936 2088 5977 sacram
2123 5920 2379 5986 alliciunt,
2415 5917 2580 5974 veluti
2622 5930 2744 5988 quae
2795 5914 3090 5974 Dominum
3129 5914 3448 5988 peremerit,
