4016 6436
597 542 744 617 1043
1789 553 2157 616 MATTHrEl

2260 559 2338 618 LA
2350 559 2632 618 STARIS
3658 553 3761 622 1044

572 657 832 732 ,ιιθτηιιυο
872 653 1216 712 formidabi'e
1255 668 1466 710 sacrum
1519 655 1785 712 Dominici
1837 662 2083 729 corporis
2113 670 2157 714 el

2269 664 2422 716 τικοῦ
2475 664 2722 730 σώματος
2777 664 2870 717 καὶ
2921 662 3173 732 αἵματος,
3203 660 3309 713 τῶν
3341 658 3658 714 ἐνοικούντων
3677 666 3764 726 τοῖς

569 727 898 826 ξασηευίηἰε,
956 747 1104 816 quod
1149 746 1565 801 inhabitantium
1609 749 1805 816 templa
1855 727 2157 804 daemonum

2270 756 2418 816 ναοῖς
2463 727 2734 822 δαιμόνων
2798 727 2997 806 θυσίαν.
3036 750 3238 820 ταύτην
3275 747 3678 809 ἀποκαλοῦντες·
3701 750 3763 802 λίς

569 827 828 928 ξίιοειὶλιη
871 837 1181 907 appellant;
1227 838 1383 892 aiunt
1431 839 1577 892 enim
1611 839 1662 892 in
1701 840 1959 895 omnibus
1989 842 2162 896 sacris

570 931 810 1000 9templis
862 928 1110 984 habitare
1155 929 1450 984 daemonas.
1519 929 1852 999 Baptismnm
1908 943 2159 986 nostrum

570 1004 816 1083 EJoannis
835 1021 1171 1091 baptismum
1187 1030 1407 1083 vocant,
1430 1036 1591 1076 suum
1612 1030 1812 1085 autem,
1833 1023 2158 1090 baptismum

571 1102 894 1173 :Servatoris
917 1128 935 1177 ε
971 1112 1193 1166 unicam
1233 1112 1607 1181 precationem
1647 1111 1793 1164 illam
1833 1123 2157 1180 agnoscunt,

587 1204 756 1266 Pater
781 1211 984 1268 noster;
1021 1210 1248 1256 cmteras
1279 1204 1564 1270 abrogant,
1607 1211 1663 1256 et
1689 1202 1934 1256 inutilem
1966 1217 2158 1272 garru-

585 1292 792 1346 litatem
820 1291 1114 1362 appellant.
1143 1289 1404 1358 Deiparos
1433 1299 1632 1348 vocant
1655 1305 1750 1345 eos
1775 1293 1863 1360 qui
1886 1293 2161 1347 exsisten-

524 1386 536 1460 ¹ἰ
589 1394 696 1440 lem
718 1385 859 1453 apud
908 1383 1054 1452 ipsos
1107 1381 1340 1436 incolam
1387 1382 1666 1437 consecuti
1715 1392 1845 1438 sunt
1893 1385 2158 1454 Spiritum

586 1485 859 1539 sanctum,
891 1475 1059 1530 veluti
1091 1475 1182 1543 qui
1221 1489 1527 1529 sermonem
1546 1474 1601 1527 in
1633 1475 1882 1530 docendo
1909 1478 2155 1546 gignant.

584 1565 699 1588 Π---
742 1565 902 1588 ..-ΔΑ
937 1581 1036 1588 -Α-
1087 1567 1323 1588 ---ε-.-...
1403 1581 1590 1588 --__-_.
1648 1567 1804 1588 ΑΔΕ-..
1873 1568 2155 1588 ..ε..ει---.--

518 1565 544 1624 ἰ
584 1565 702 1622 Non
742 1565 908 1622 modo
937 1581 1036 1636 per
1081 1567 1350 1635 quietem,
1403 1581 1594 1621 verum
1643 1567 1808 1621 etiam
1873 1568 2159 1636 vigilantes

585 1655 772 1709 videre
798 1667 856 1709 se
890 1654 1106 1709 Patrem
1133 1655 1446 1723 perhibent,
1479 1665 1541 1710 ut
1569 1670 1756 1711 senem
1789 1657 1947 1727 cujus
1971 1657 2160 1710 admo-

582 1745 713 1806 dum
740 1746 949 1815 prolixa
978 1747 1149 1802 barba
1175 1747 1268 1812 sit,
1298 1739 1496 1803 Filium
1527 1749 1765 1804 similem
1797 1751 1848 1804 ei
1885 1750 1978 1818 qui
2011 1748 2160 1802 lanuv

584 1838 768 1908 ginem
800 1837 1031 1907 primam
1056 1851 1249 1893 recens
1270 1838 1585 1906 mutaverit,
1613 1839 1876 1909 Spiritum
1907 1847 2158 1894 sanctum

583 1938 646 1981 ut
663 1927 921 1997 juvenem
956 1929 1132 1984 nudas
1181 1928 1477 1985 admodum
1503 1929 1604 2000 13
1641 1943 1812 2000 genas
1840 1930 2155 1994 habentem,

2267 860 2424 910 γουσι
2474 844 2584 914 γὰρ
2640 843 2698 895 ἐν
2727 843 2859 896 πᾶσι
2886 844 3001 904 τοῖς
3051 842 3211 910 ίεροῖς
3241 841 3386 902 ναοῖς
3408 839 3524 901 τοὺς
3557 839 3764 906 δαίμονας

2267 937 2578 987 κατοικεῖν·
2640 935 2737 986 καὶ
2789 934 2849 986 τὸ
2903 933 3002 1002 μὲν
3045 930 3176 1000 παρ’
3216 933 3346 1001 ἡμῖν
3391 931 3647 1001 βάπτισμα
3697 930 3764 983 τοῦ

2278 1025 2526 1079 Ἰωάννου
2553 1025 2820 1092 λέγοντες,
2851 1024 2913 1077 τὸ
2943 1024 2997 1079 δὲ
3034 1022 3164 1092 παρ’
3193 1024 3396 1085 αὐτοῖς,
3425 1022 3514 1074 τοῦ
3543 1023 3765 1091 Σωτῆρος·

2269 1118 2437 1184 μόνην
2468 1117 2795 1184 ὀνομάζουσι
2837 1116 3142 1184 προσευχὴν
3170 1115 3248 1178 τὸ,
3297 1113 3472 1182 Πάτερ
3497 1112 3662 1181 ἡμῶν,
3695 1114 3768 1171 τὰς

2237 1207 2310 1260 ’δ’
2336 1208 2502 1270 ἄλλας
2540 1206 2815 1270 ἁθετοῦσι,
2848 1205 3202 1275 βαττολογίαν
3228 1202 3628 1264 ἀποκαλοῦντες.
3664 1203 3769 1254 Oso-

2263 1299 2456 1362 τόκους
2485 1299 2704 1365 λέγουσι
2759 1299 2885 1361 τοὺς
2915 1298 3044 1368 παρ’
3077 1297 3259 1357 αὐτοῖς
3311 1297 3509 1346 ἔνοικον
3541 1294 3771 1363 κτησαμέ-

2265 1407 2385 1452 νους
2413 1390 2473 1443 τὸ
2502 1389 2658 1456 ἆγιον
2687 1389 2929 1458 Πνεῦςια,
2985 1389 3060 1452 ὡς
3087 1389 3151 1441 ἂν
3171 1388 3260 1440 τὸν
3301 1387 3456 1454 λόγον
3484 1387 3538 1436 ἐν
3561 1385 3626 1451 τῷ
3655 1383 3771 1436 διδά-
3808 1399 3822 1428 \

2266 1497 2418 1533 σκειν
2447 1481 2771 1548 γεννῶντας.
2803 1480 3068 1547 Λέγουσιν
3099 1479 3160 1531 οὐ
3195 1478 3356 1547 μόνον
3381 1477 3543 1545 ὄναρ,
3566 1475 3680 1527 ἀλλὰ
3701 1475 3771 1526 καὶ

2265 1568 2416 1640 ῦπαρ
2448 1571 2686 1640 βλέπειν,
2709 1573 2798 1625 τὸν
2829 1571 2928 1641 μὲν
2957 1569 3200 1639 Πατέρα,
3245 1567 3321 1630 ὡς
3367 1567 3586 1636 γέροντα
3628 1565 3774 1618 καθει-

2267 1663 2428 1731 μένον
2458 1662 2657 1725 ἱκανῶς
2677 1663 2776 1730 τὴν
2795 1662 3030 1732 ὑπήνην,
3065 1661 3157 1714 τὸν
3187 1659 3241 1716 δὲ
3270 1660 3418 1723 Υίδν,
3454 1659 3570 1728 ἄρτι
3592 1656 3670 1710 τὸν
3690 1656 3774 1708 ἰου-

2262 1754 2353 1808 λον
2373 1754 2768 1824 παραμείϐοντι
2817 1754 3060 1807 ἐοικότα·
3099 1753 3162 1806 τὸ
3209 1751 3266 1805 δὲ
3293 1750 3446 1820 ἅγιον
3475 1749 3690 1818 Πνεῦμα,
3715 1748 3772 1810 ὡς
3848 1747 3851 1751 λ

2264 1845 2482 1898 νεανίαν
2500 1845 2686 1908 δεινῶς
2713 1845 3052 1915 ἐψιλωμένον
3081 1844 3181 1906 τὰς
3213 1843 3470 1912 παρειὰς,
3502 1841 3601 1893 τῶν
3624 1840 3774 1905 δαιμό-

2264 1950 2371 1987 νων
2404 1933 2576 1998 οδτως
2605 1935 3004 2000 ἐξαπατώντων
3059 1934 3279 1999 αὐτοὺς,
3321 1933 3414 1986 καὶ
3445 1931 3768 1990 διδασκόντων,

586 2019 925 2074 daemonibus
958 2020 1030 2074 ita
1073 2035 1168 2075 eos
1197 2020 1774 2083 circunivenientibus,
1835 2031 1890 2076 et
1921 2023 2157 2091 inaequa-

2261 2023 2444 2078 ἄνισον
2477 2021 2736 2096 εἶναιτὴν
2763 2027 2923 2094 άγίαν
2943 2025 3149 2095 Τριάδα
3177 2024 3321 2078 κατὰ
3350 2023 3447 2093 τὴν
3479 2023 3579 2073 τῶν
3605 2019 3769 2089 σκημάο

585 2108 694 2163 lem
753 2109 1178 2166 esse'sanctam
1229 2111 1548 2167 Trinitatem
1600 2112 1943 2176 docentibus,
1999 2113 2155 2179 juxta

585 2201 880 2259 discrimen
911 2205 1104 2257 harum
1140 2203 1458 2273 ﬁgurarum.
1503 2201 1711 2270 Omitto
1763 2203 1916 2272 plura
1966 2204 2156 2259 horum

585 2301 642 2348 et
697 2292 1154 2349 Massalianorum
1205 2295 1372 2365 impia
1425 2297 1702 2366 dogmata.
1766 2311 1838 2351 ne
1889 2297 2156 2352 lectorum

585 2399 750 2449 aures
786 2387 1020 2456 amplius
1049 2387 1344 2442 obtundam
1385 2405 1400 2442 :
1427 2388 1522 2457 qui
1556 2402 1688 2442 vero
1717 2388 2033 2458 eorumdem
2066 2389 2156 2445 de-

583 2477 707 2534 iiria
731 2493 837 2533 non
867 2477 922 2532 in
963 2479 1216 2543 transitu,
1269 2478 1366 2534 sed
1403 2479 1620 2549 penitus
1645 2493 1973 2551 cognoscere
2001 2479 2154 2544 velit,

586 2567 784 2623 librum
814 2569 880 2624 de
905 2569 975 2624 iis
1003 2576 1324 2626 tractantem
1355 2569 1618 2638 revolvat,
1650 2579 1710 2626 et
1733 2569 1939 2626 clarius
1963 2571 2155 2628 eadem

583 2664 898 2735 perspiciet.

656 2756 881 2824 Insuper
932 2755 962 2806 7
1007 2770 1108 2810 nec
1158 2769 1265 2810 non
1314 2755 1348 2809 8
1387 2769 1558 2810 canon
1596 2754 1786 2826 synodi
1833 2755 2156 2813 Laodicenai

583 2865 681 2905 eos
733 2849 823 2918 qui
843 2864 907 2903 ex
937 2848 1130 2902 lneresi
1159 2847 1542 2919 Phrygum,de
1557 2848 1756 2917 quibus
1771 2857 1928 2904 antea
1951 2850 2153 2903 dictum

580 2949 668 3003 est
695 2948 1108 3002 convertuntur,
1141 2938 1390 3005 quamvis
1435 2939 1486 2990 in
1525 2937 1672 2992 clero
1692 2951 1814 2992 esse
1837 2937 2157 2992 existiman-

585 3041 694 3089 Inr,
731 3039 788 3082 et
827 3029 1051 3081 maximi
1097 3031 1244 3096 apud
1306 3029 1429 3082 illos
1473 3027 1750 3092 dicuntur,
1798 3035 1857 3080 ut
1889 3028 1980 3096 qui
2021 3027 2157 3082 alios

585 3120 942 3182 antecellant,
975 3130 1030 3173 et
1052 3121 1194 3174 inter
1221 3134 1315 3175 eos
1331 3121 1614 3176 doctorum
1642 3119 1892 3174 ordinem
1913 3126 2153 3186 teneant,

583 3211 910 3280 rebaptizari
929 3211 1134 3266 volunt.

661 3301 728 3356 Ut
769 3317 875 3355 uno
903 3303 1072 3356 verbo
1103 3303 1308 3367 dicam,
1340 3317 1532 3357 omnes
1575 3302 1668 3370 qui
1710 3303 1778 3356 ab
1809 3301 2156 3357 heterodoxis

581 3408 692 3453 una
723 3392 1074 3448 immersione
1093 3395 1459 3462 baptizantur,
1481 3403 1535 3449 et
1556 3395 1621 3448 ad
1648 3394 1945 3450 Ecclesiam
1965 3394 2158 3449 catho-

582 3485 741 3540 licam
774 3487 1064 3551 accedunt,
1116 3487 1257 3541 sacri
1289 3501 1528 3542 canones
1560 3487 1758 3541 iterum
1805 3486 2160 3555 baptizandos

580 3591 707 3637 esse
738 3576 1064 3632 decernunt.
1909 3591 1912 3594 ’

654 3668 798 3734 Quin
846 3680 901 3724 et
943 3669 1232 3735 prwdictus
1284 3682 1406 3738 syn.
1458 3683 1494 3721 ιι
1540 3683 1665 3722 can.
1705 3670 1760 3733 1,
1796 3668 1850 3722 in
1877 3671 2055 3737 capite
2095 3669 2162 3722 de

582 3761 887 3820 orthodoxa
925 3761 1050 3821 llde,
1083 3759 1420 3812 anathemati
1455 3758 1678 3827 subiicit
1736 3768 1940 3812 sectam
1975 3759 2162 3813 Euno-

582 3852 890 3908 mianormn
919 3852 1034 3905 sive
1064 3849 1531 3915 Eudoxianorum,
1565 3863 1665 3904 nec
1701 3864 1808 3904 non
1862 3848 2160 3904 Semiaria-

584 3956 779 4000 norum
837 3942 955 3996 sive
1025 3941 1267 4010 Spiritus
1337 3941 1512 3996 sancti
1580 3939 2046 4004 adversariorum,
2106 3949 2163 3996 et

582 4035 1043 4100 Sabellianornm,
1079 4045 1135 4088 et
1169 4033 1664 4099 Marcellianorum,
1714 4042 1771 4089 et
1808 4031 2162 4090 Pbotiniano-

585 4142 727 4191 rum,
763 4134 818 4182 et
845 4125 1382 4196 Apollinaristarum.

1182 4215 1258 4269 De
1290 4213 1554 4272 Eudamo.

657 4308 734 4361 De
759 4307 1115 4361 Ennomianis
1137 4309 1342 4362 dictum
1371 4317 1474 4362 est.
1496 4307 1664 4362 Iidem
1685 4318 1866 4362 autem
1893 4306 2163 4362 Eudoxia-

587 4399 643 4462 ni
687 4399 1049 4465 vocabantur,
1108 4399 1176 4452 ab
1217 4399 1464 4454 Eudoxio
1511 4400 1771 4467 quodam,
1820 4400 2006 4453 eadem
2057 4415 2158 4468 qua

583 4489 893 4545 Ennomins
923 4489 1116 4544 haeresi
1149 4490 1418 4555 infectus;
1442 4491 1533 4560 qui
1568 4505 1692 4544 cum
1715 4500 1863 4545 esset
1891 4489 2162 4545 Constan-

585 4578 981 4648 tinopolitanus
1010 4579 1320 4649 episcopus,
1352 4578 1684 4634 Eunomium
1723 4577 1905 4649 Cyzici
1933 4578 2157 4650 pontifi-

585 4687 702 4727 cem
722 4669 1031 4732 constituit.

1181 4759 1258 4815 De
1285 4763 1569 4817 Anommis.

654 4855 722 4910 Hi
758 4855 923 4910 etiam
978 4853 1230 4909 Δηοωωί
1264 4854 1712 4919 nominabantur,
1740 4853 1882 4924 quod
1917 4853 2161 4908 dicerent

582 4946 779 5013 Filium
810 4957 865 5002 et
906 4947 1166 5017 Spiritum
1223 4955 1472 5000 sanctum
1532 4947 1733 5001 nullam
1793 4963 1914 5002 cum
1977 4946 2155 5010 Patre,

583 5040 760 5110 quoad
795 5038 1178 5101 substantiam,
1201 5037 1612 5092 similitudinem
1654 5039 1855 5094 habere

1117 5130 1194 5186 De
1243 5131 1629 5187 Marcellianis.

656 5219 819 5283 Secta
861 5229 1040 5274 autem
1075 5218 1546 5276 Marcellianorum
1609 5221 1898 5291 quemdam
1928 5219 2156 5275 Marcel-

582 5309 693 5364 lum
744 5309 1016 5364 bmneseos
1073 5321 1352 5365 auctorem
1411 5311 1623 5376 habuit,
1689 5312 1780 5381 qui
1829 5326 1894 5365 ex
1944 5312 2154 5382 Ancyra

581 5401 815 5464 Galatiae
862 5402 996 5455 urbe
1031 5403 1320 5465 oriundus,
1363 5401 1606 5470 ejusdem
1642 5405 1930 5474 episcOpus
1981 5414 2094 5458 erat
2139 5421 2153 5455 :

582 5496 836 5562 idemque
859 5491 1003 5563 quod
1033 5495 1324 5562 praedictus
1353 5494 1622 5552 Sabellius
1651 5495 1940 5552 sentiebat.

1183 5587 1260 5649 De
1313 5587 1556 5644 Phetino.

655 5683 968 5743 Photiniani
1022 5689 1202 5736 autem
1263 5695 1292 5733 a
1359 5680 1592 5735 Photino
1653 5681 2154 5736 denominationem

581 5777 911 5845 habuerunt,
953 5773 1042 5842 qui
1081 5786 1146 5824 ex
1189 5771 1390 5826 Sirmio
1437 5773 1655 5840 quidem
1707 5770 1992 5833 oriundus,
2047 5771 2156 5825 illic

581 5869 953 5936 episcopatum
991 5866 1182 5932 gessit,
1216 5875 1272 5918 et
1305 5865 1355 5917 in
1389 5864 1578 5917 eadem
1611 5862 1869 5932 opinione
1918 5861 2016 5914 fuit
2047 5877 2150 5932 qua

587 5960 872 6041 pmdictus
900 5955 1096 6022 Paulus
1122 5956 1531 6019 Samosalcnns.

2259 2131 2371 2168 των
2399 2117 2607 2170 τούτων
2645 2117 2930 2185 διαφοράν.
2983 2117 3091 2169 Καὶ
3116 2116 3186 2167 τὰ
3215 2114 3386 2167 πλείω
3423 2110 3674 2180 παρείσθω
3704 2127 3770 2179 μοι

2257 2208 2358 2277 τῆς
2415 2206 2621 2262 τούτων
2663 2207 2756 2260 καὶ
2783 2207 2881 2276 τῆς
2931 2207 3040 2261 τῶν
3067 2204 3464 2260 Μασσαλιανῶν
3491 2201 3769 2268 δυσσεϐείας,

2258 2296 2348 2350 ἴνα
2383 2297 2458 2366 μὴ
2489 2297 2582 2349 ἐπὶ
2608 2295 2864 2349 πλεῖστον
2893 2297 2989 2358 τὰς
3037 2295 3146 2348 τῶν
3195 2293 3621 2364 ἐντυγχανόντων
3645 2291 3773 2347 ἀκοὰς

2256 2388 2540 2442 ἀποκναίω
2565 2405 2579 2420 ·
2606 2389 2754 2450 ὅστις
2780 2389 2836 2442 δὲ
2862 2389 2937 2458 μὴ
2962 2390 3020 2440 ἐν
3049 2387 3317 2457 παρέργῳ
3339 2387 3464 2449 τοὺς
3483 2384 3644 2438 αὐτῶν
3665 2379 3774 2448 γνῶ-

2258 2496 2347 2535 ναι
2379 2480 2626 2551 βούλεται
2680 2480 2899 2551 λήρους,
2933 2481 3033 2549 τὴν
3081 2481 3209 2548 περὶ
3257 2479 3462 2532 τούτων
3522 2473 3773 2541 διεξιοῦσαν

2259 2572 2444 2644 stam
2468 2572 2806 2637 ἀνελιττέτω,
2831 2574 2924 2625 καὶ
2964 2569 3297 2641 σαφέστερον
3330 2571 3549 2623 εἴσεται.

2343 2747 2506 2802 Ἀλλὰ
2527 2749 2621 2802 καὶ
2657 2749 2686 2801 6
2719 2745 2765 2812 ζ’
2793 2748 2993 2812 κανὼν,
3025 2748 3105 2801 ἐτι
3131 2748 3185 2801 δὲ
3225 2749 3316 2801 καὶ
3340 2751 3367 2800 6
3392 2755 3440 2818 η’
3465 2747 3559 2816 τῆς
3595 2748 3646 2799 ἐν
3670 2747 3776 2798 Δαο-

2256 2841 2436 2913 δικείᾳ.
2467 2842 2706 2906 συνόδου,
2736 2843 2862 2903 τοὺς
2894 2843 3319 2911 ἐπιστρέφοντας
3348 2842 3456 2895 τῶν
3480 2839 3768 2914 προρρηθέν-

2256 2951 2366 2988 των
2413 2934 2662 3004 Φρυγῶν,
2701 2936 2748 2986 εί
2781 2934 2876 2987 καὶ
2903 2933 3151 3004 κληρικοὶ
3194 2935 3504 3005 νομίζονται
3533 2931 3675 2995 εἶναι,
3702 2930 3775 2983 καὶ

2260 3028 2509 3096 μέγιστοι
2547 3027 2678 3098 παρ’
2731 3025 2910 3078 αὐτῶν
2961 3025 3344 3095 ὀνομάζονται,
3397 3026 3470 3088 ὡς
3516 3025 3615 3077 τῶν
3637 3021 3776 3076 ἄλλων

2257 3119 2604 3188 προέχοντες,
2634 3119 2730 3172 καὶ
2755 3118 3089 3172 διδασκάλων
3141 3120 3199 3172 ἐν
3228 3121 3456 3182 ἐκείνοις
3493 3115 3777 3189 πληροῦντες

2256 3211 2434 3275 τάξιν,
2470 3207 2938 3266 ἀναϐαπτίζεσθαι
2969 3209 3235 3274 ἀξιοῦσιν.

2332 3302 2424 3356 Ἐν
2449 3303 2731 3373 κεφαλαίῳ
2775 3303 2829 3355 δὲ
2880 3303 3076 3364 είπεῖν,
3131 3303 3380 3366 ἅπαντας
3422 3303 3543 3361 τοὺς
3584 3300 3656 3362 είς
3678 3295 3779 3366 μίαν

2265 3393 2557 3448 κατάδυσιν
2589 3394 2726 3462 πρὸς
2749 3393 2858 3445 τῶν
2881 3393 3201 3464 ἑτεροδόξων
3244 3391 3678 3462 βαπτισαμένους,
3707 3375 3780 3438 κεῖ

2259 3487 2327 3553 τῇ
2356 3482 2614 3552 καθολικῇ
2644 3483 2968 3550 προσιόντας
3012 3481 3336 3552 Ἐκκλησία,
3388 3481 3538 3544 αὖθις
3563 3475 3779 3549 βαπτίζε-

2263 3573 2387 3626 σθαι
2411 3574 2460 3625 οί
2493 3572 2628 3624 θεῖοι
2655 3572 2878 3634 κανόνες
2905 3570 3245 3634 θεσπίζουσι.

2334 3666 2445 3716 Καὶ
2469 3665 2498 3715 6
2528 3662 2951 3732 προδιαληφθεὶς
2974 3661 3028 3714 δὲ
3065 3663 3164 3728 τῆς
3210 3661 3257 3731 β’
3284 3662 3500 3715 συνόδου
3531 3665 3576 3714 α’
3613 3653 3780 3716 κανὼν.

2262 3757 2321 3808 ἐν
2348 3755 2428 3825 τῷ
2461 3758 2589 3826 περὶ
2627 3757 2726 3825 τῆς
2767 3753 3051 3826 όρθοδόξου
3099 3754 3338 3818 πίστεως
3394 3751 3673 3821 κεφαλαίῳ,
3700 3746 3782 3797 ὑπὸ

2263 3847 2510 3915 ἀνάθεμα
2538 3845 2720 3916 τίθησι
2749 3847 2848 3914 τὴν
2871 3845 2980 3898 τῶν
3006 3844 3359 3913 Εὑνομιανῶν
3387 3844 3609 3912 αἵρεσιν,
3641 3839 3784 3891 εῐτουν

2265 3937 2620 4002 Εὑδοξιανῶν,
2648 3938 2741 3988 καὶ
2773 3936 2869 4007 τὴν
2899 3937 3008 3989 τῶν
3040 3934 3398 4004 Ἢμιαρείων,
3422 3936 3537 4004 ἤτοι
3574 3932 3785 3995 Πνευμαυ

2263 4030 2538 4099 τομάχων,
2565 4027 2659 4081 καὶ
2680 4027 2780 4098 τὴν
2811 4027 2917 4080 τῶν
2949 4026 3346 4090 Σαϐελλιανῶν,
3369 4026 3461 4078 καὶ
3485 4017 3787 4092 Μαρκελλιαα

2264 4122 2392 4188 νῶν,
2423 4120 2795 4175 Φωτεινιανῶν
2824 4137 2884 4171 τε
2938 4119 3030 4171 καὶ
3063 4115 3569 4187 ’Δπολλιναριστῶνο

2797 4211 2936 4278 Περὶ
2964 4209 3286 4272 Εὐδοξίου.

2336 4304 2445 4356 Καὶ
2469 4302 2599 4371 περὶ
2652 4303 2750 4371 μὲν
2787 4302 2896 4355 τῶν
2931 4299 3281 4367 Εὑνομιανῶν
3322 4301 3531 4367 εἴρηται
3555 4311 3568 4324 ·
3594 4295 3638 4346 oi
3661 4289 3783 4342 αότοὶ

2263 4393 2320 4446 δὲ
2355 4394 2449 4447 καὶ
2508 4392 2819 4458 Εὐδοξιανοὶ
2856 4391 3162 4453 ἐκαλοῦντο,
3219 4390 3327 4442 ἀπό
3374 4405 3514 4450 τινος
3548 4381 3782 4444 Εὺδοξίου.

2265 4485 2684 4556 συναιρεσιώτου
2714 4485 2790 4554 τῷ
2818 4483 3081 4552 Εὖνομίῳ,
3110 4481 3169 4543 ὃς
3211 4474 3786 4533 Κωνσταντινουπόλεως

2261 4575 2500 4643 γεγονὼς
2526 4574 2842 4641 ἐπίσκοπος,
2875 4574 2965 4627 τὸν
2994 4571 3258 4640 Εὐνόμιον
3304 4571 3541 4633 Κυζίκου
3565 4561 3785 4635 ἀρχιερέα

2191 4691 2235 4745 D
2265 4665 2622 4734 κατέστησεν.

2783 4754 2921 4823 Περὶ
2967 4753 3300 4822 Ἀνομοίων.

2337 4849 2401 4902 ΟΞ
2422 4847 2467 4900 δ’
2499 4848 2656 4901 αὐτοὶ
2683 4847 2778 4900 καὶ
2797 4847 3066 4913 Ἀνόμοιοι
3109 4845 3474 4913 ὠνομάζοντο,
3529 4839 3614 4892 διὰ
3644 4834 3696 4887 τὸ
3723 4828 3784 4880 λέν

2264 4955 2382 5007 γειν
2421 4941 2510 4992 τὸν
2544 4939 2669 4991 Υἰὸν
2697 4940 2791 4990 καὶ
2820 4937 2881 4988 τὸ
2910 4937 3064 5004 ἅγιον
3095 4935 3319 5002 Πνεῦμα
3351 4930 3612 5002 μηδεμίαν
3635 4915 3783 4993 ὁμοιό-

2223 5051 2236 5074 κ
2261 5050 2399 5098 τητα
2422 5031 2543 5086 κατ’
2569 5032 2755 5085 οὐσίαν
2791 5029 2937 5099 ἔχειν
2967 5027 3102 5098 πρὸς
3131 5026 3223 5079 τὸν
3247 5028 3488 5095 Πατέρα.

2699 5121 2839 5189 Περὶ
2867 5123 2924 5174 Μ
2925 5116 3357 5188 αρκελλιανῶν.

2345 5217 2411 5269 Ἦ
2437 5215 2492 5269 δὲ
2524 5213 2632 5268 τῶν
2661 5209 3088 5282 Μαρκελλιανῶν
3164 5204 3481 5276 Μάρκελλόν
3515 5217 3628 5255 τινα
3655 5197 3780 5262 ἔσχεν

2262 5310 2646 5381 αἱρεσιάρχην,
2674 5306 2733 5369 ὃς
2761 5303 2819 5370 ἐξ
2850 5300 3123 5371 ’Δγκύρας
3161 5301 3258 5369 μὲν
3286 5298 3510 5367 ὥρμητο
3533 5293 3625 5360 τῆς
3645 5284 3780 5384 Γαλαζ

2262 5405 2403 5466 τίας,
2437 5401 2532 5455 καὶ
2555 5399 2722 5467 αὐτῆς
2769 5395 3061 5454 ἐπίσκοπος
3110 5393 3348 5458 ἐγεγόνει
3372 5403 3385 5416 ·
3438 5387 3624 5455 ἐπίσης
3642 5382 3690 5434 δὲ
3720 5382 3780 5440 τῷ

2265 5491 2630 5565 προρῤηθέντι
2664 5487 2984 5557 ἐδογμάτιζε
3011 5483 3296 5547 Σαὸελλίῳ.

2801 5579 2942 5646 Περὶ
2970 5572 3282 5629 Φωτεινοῦ.
3708 5645 3719 5653 ⁸
3735 5643 3753 5653 ο

2333 5678 2394 5728 ΟΞ
2427 5675 2482 5727 δὲ
2511 5670 2857 5725 Φωτεινιανοὶ
2879 5645 2988 5721 άπὸ
3034 5662 3300 5722 Φωτεινοῦ
3353 5654 3530 5713 εἷλκον
3561 5655 3652 5723 τὴν
3676 5645 3779 5709 κλῆ⁸

2262 5783 2367 5830 σιν,
2400 5767 2464 5818 ἐκ
2489 5762 2725 5833 Συρμίου
2768 5759 2866 5828 μὲν
2914 5756 3251 5825 ὁρμωμένου,
3285 5747 3556 5803 κάνταῦθα
3593 5746 3778 5833 ἐπισκξ-

2261 5823 2647 5928 πήσαντος,’τ’ὰ
2671 5823 2808 5906 αὐτὰ
2837 5850 2894 5901 δὲ
3029 5823 3373 5917 προλεχθέντι
3400 5837 3586 5904 Παύλῳ
3607 5823 3776 5901 φρονήο

2265 5965 2451 6010 cano;
2493 5946 2564 6027 τῷ
2594 5944 2912 6015 Σαμοσᾳτεῖ.
