4016 6376
298 403 441 476 1045

431 518 636 586 Ὅπως
659 519 755 575 δεῖ
784 520 1069 594 δέχεσθαι
1094 509 1240 594 τοὺς
1267 529 1386 584 ἀπὸ
1421 525 1720 583 Ναϐάτου.

375 607 435 663 '0
461 609 516 664 δὲ
542 608 596 682 η’
618 612 716 684 τῆς
746 613 972 686 πρώτης
1019 617 1240 674 συνόδου
1269 617 1472 686 κανὼν,
1508 619 1603 684 οὓς
1631 619 1864 689 φθάσαν-

284 715 378 762 τες
405 699 636 771 εἴπομεν
680 704 970 775 Καθαροὺς
998 708 1118 778 ἦτοι
1163 709 1561 774 Ναϐατιανοὺς,
1598 714 1664 782 τῇ
1703 711 1863 766 καθο-

283 788 410 862 λικῇ
437 793 761 864 προσιόντας
783 797 1105 872 Ἐκκλησία,
1138 801 1436 872 ἐγγράφως
1481 803 1698 857 κελεύει
1729 805 1862 874 ὁμο-

283 881 483 952 λογεῖν,
535 885 612 948 ὡς
659 887 918 958 ἀσφαλῶς
969 891 1040 945 τά
1066 891 1316 962 δόγματα
1344 895 1525 949 πάντα
1555 896 1858 966 τηρήσουσι

281 971 506 1040 ταύτης,
530 977 656 1040 τοὺς
678 979 770 1031 τὸν
798 978 1036 1051 Χριστόν
1064 999 1122 1036 τε
1153 985 1566 1056 ἀρνησαμένους
1593 987 1854 1058 ἐπιστρέ-

282 1081 479 1135 φοντας
502 1067 768 1136 δέξονται,
802 1073 898 1126 καὶ
914 1077 1057 1130 κατά
1079 1078 1208 1140 τοὺς
1236 1078 1576 1148 ὡρισμένους
1595 1081 1662 1150 τῇ
1692 1095 1860 1150 μετα-

281 1158 400 1230 νοίᾳ
430 1161 540 1213 τῶν
569 1167 1092 1234 παραπεπτωκότων
1146 1171 1392 1240 καιροὺς,
1450 1173 1692 1234 ἐκείνους
1718 1173 1862 1226 οίκο-

276 1252 600 1322 νομήσουσι,
631 1257 745 1317 τοῖς
793 1273 854 1308 τε
892 1257 1149 1328 διγάμοις
1196 1263 1607 1334 κοινωνήσουσι.
1662 1264 1772 1318 Καὶ
1809 1264 1859 1317 εί

278 1343 492 1405 τούτοις
542 1346 986 1415 συγκατάθοιντο,
1032 1352 1160 1414 τοὺς
1183 1351 1419 1416 οίκείους
1467 1349 1622 1417 αὖθις
1656 1353 1858 1426 ἐκκλη-

282 1435 599 1499 σιαστικοὺς
624 1437 1036 1507 ἀπολαμϐάνειν
1058 1441 1318 1512 βαθμοὺς,
1344 1443 1439 1506 οὓς
1472 1444 1665 1516 πρώην
1688 1461 1860 1501 κατα-

278 1521 583 1593 λελοίπασι,
627 1529 988 1602 πρεσϐύτεροι
1025 1532 1201 1603 δήπου
1234 1535 1593 1605 τυγχάνοντες
1615 1535 1649 1605 ἢ
1672 1536 1858 1592 διάκο-

281 1629 395 1666 νοιο
421 1615 469 1668 εί
498 1615 558 1669 δὲ
585 1619 682 1672 καὶ
708 1620 1020 1686 ἐπίσκοποι,
1051 1625 1146 1677 καὶ
1167 1624 1378 1690 τούτοις
1397 1629 1515 1690 ταῖς
1546 1627 1702 1692 ἰδίαις
1726 1628 1854 1682 ἑπι-

285 1709 518 1770 σκοπαίς
547 1710 1044 1780 ἀποκαθίστασθαι,
1079 1716 1238 1786 εἴπερ
1292 1717 1368 1788 μὴ
1416 1719 1622 1782 ταύτας
1682 1719 1742 1771 ὲν
1774 1718 1855 1789 τῷ

283 1797 489 1862 μεταξὺ
527 1799 923 1868 μετειλήφασιν
946 1804 1142 1868 ἕτεροι.

449 1893 650 1957 Ὅπως
677 1894 796 1961 χρὴ
821 1894 1103 1964 δέχεσθαι
1127 1897 1272 1965 τοὺς
1305 1900 1692 1968 Δονατιστάς.

361 1981 423 2034 Ὀ
446 1982 502 2036 δὲ
533 1981 610 2048 νζ*
635 1987 727 2038 καὶ
753 1986 780 2037 ὁ
811 1987 893 2054 ξη⁹
921 1989 1022 2056 τῆς
1053 1990 1112 2042 ἐν
1137 1990 1489 2062 Καρθαγένῃ,
1519 1992 1647 2056 τοὺς
1667 1995 1731 2046 ὲκ
1757 1994 1858 2064 τῆς

277 2075 548 2144 αἱρέσεως
582 2077 691 2130 τῶν
727 2081 1065 2134 Δονατιστῶν
1085 2085 1152 2153 τῇ
1187 2083 1451 2154 δρθοδόξῳ
1477 2085 1658 2138 πίστει
1689 2102 1860 2156 προσ-

279 2167 634 2237 ερχομένους,
670 2171 833 2240 μήτε,
865 2173 915 2224 εί
939 2172 1032 2226 τοῦ
1063 2173 1192 2228 λαοῦ
1224 2171 1354 2241 εἶεν,
1388 2176 1859 2241 ἀναϐαπτίζεσθαι

276 2257 682 2325 διατάττονται,
737 2263 830 2316 καὶ
875 2265 1000 2329 τοὺς
1055 2265 1356 2337 κληρικοὺς
1379 2267 1523 2338 ἔχειν
1549 2267 1704 2331 αὖθις
1735 2270 1862 2331 τοὺς

281 2348 594 2418 ίαρατικοὺς
626 2349 891 2421 βαθμοὺς,
947 2356 1173 2427 προνοίᾳ
1201 2358 1293 2411 τοῦ
1337 2358 1590 2422 πλείονας
1619 2357 1763 2412 οὕτω
1792 2361 1861 2432 τῇ

279 2435 550 2510 καθολικῇ
577 2440 864 2511 προσιέναι
893 2443 1096 2498 πίστει.

851 2535 994 2602 Περὶ
1025 2538 1180 2591 Δονά
1189 2556 1315 2594 του.

350 2618 572 2674 Τούτων
599 2622 962 2696 αίρεσιάρχης
989 2624 1056 2700 ἦν
1082 2631 1312 2695 Δονάτος
1355 2649 1439 2697 τις
1470 2635 1666 2704 ὄνομα,
1689 2634 1748 2698 ὃς
1784 2634 1861 2706 μὴ

277 2708 458 2774 ἄλλως
489 2711 600 2764 τῶν
653 2711 816 2770 θείων
873 2720 1312 2791 μεταλαμϐάνειν
1366 2724 1616 2779 ἐδίδασκε
1654 2743 1859 2797 μυστη-

283 2798 436 2871 ρίων,
464 2804 516 2856 εί
548 2804 624 2876 μή
661 2821 768 2873 τις,
819 2808 1013 2863 ὀστοῦν
1045 2813 1389 2882 ἀνθρώπινον
1439 2818 1684 2889 κατέχων
1708 2820 1766 2870 ὲν
1791 2819 1858 2890 τῇ

281 2894 452 2964 χειρὶ,
485 2893 649 2950 τοῦτο
671 2898 888 2970 πρῶτον
914 2902 1232 2970 ἀσπάζοιτο,
1269 2907 1361 2960 καὶ
1399 2907 1543 2962 οὕτω
1576 2910 1862 2981 μεταλαμ·

279 2983 485 3042 δάνειν.

806 3088 948 3157 Περὶ
993 3089 1360 3160 Ἀγγελιτῶν.

364 3181 423 3238 '0
451 3182 510 3237 δὲ
547 3183 648 3254 τῆς
697 3183 757 3237 ἐν
809 3184 1104 3255 Λαοδικείᾳ
1155 3185 1249 3252 λε’,
1318 3187 1378 3241 '0
1412 3187 1525 3260 ,τὴν
1574 3188 1670 3242 τοῦ
1701 3189 1860 3255 Θεοῦ,
1888 3214 1932 3274 C

278 3277 438 3346 φησὶ,
466 3276 899 3347 καταλιμπάνων
920 3277 1276 3348 Ἐκκλησίαν,
1321 3283 1416 3334 καὶ
1440 3283 1706 3350 ἀγγέλους
1733 3285 1860 3336 ἐπο-

278 3367 538 3436 νομάζων
589 3367 685 3420 καὶ
718 3369 1175 3437 ἐπικαλούμενος,
1242 3371 1493 3435 συνάξεις
1539 3390 1599 3425 τε
1649 3373 1862 3436 τούτοις

277 3457 570 3524 ἐπιτελῶν,
598 3461 692 3512 καὶ
717 3461 784 3528 τῇ
812 3461 1169 3531 κεκρυμμένη
1186 3460 1360 3532 ταύτῃ
1402 3463 1678 3532 σχολάζων
1708 3465 1862 3518 εἰδω-

277 3549 594 3622 λολατρείᾳ,
616 3549 758 3603 ἔστω
779 3551 1050 3621 ἀνάθεμα,
1075 3554 1175 3624 ούχ
1200 3553 1274 3617 ὼς
1305 3556 1404 3624 τῆς
1435 3558 1570 3625 πρὸς
1594 3557 1861 3626 ἀγγέλους

277 3643 454 3714 τιμῆς
511 3642 960 3713 είδωλολατρείας
1011 3643 1204 3716 οὗσης,
1256 3645 1392 3700 ἀλλά
1447 3648 1610 3719 τέχνη
1667 3665 1751 3713 τις
1793 3645 1861 3717 ἦν

278 3733 441 3788 τοῦτο
489 3733 794 3804 τηνικαῦτα
816 3733 912 3788 τοῦ
944 3735 1210 3807 πονηροῦ,
1246 3737 1501 3806 ἀγγέλοις
1531 3741 1714 3809 μόνοις
1743 3747 1863 3797 πεί-

279 3821 469 3885 θοντος
525 3823 908 3894 προσανέχειν,
955 3825 1050 3878 καὶ
1107 3828 1182 3898 μὴ
1208 3827 1300 3880 τὸν
1326 3828 1560 3898 Χριστὸν
1582 3833 1862 3885 ἐπικαλεῖ-

282 3913 428 3978 σθαι,
471 3913 562 3966 ἵνα
589 3915 716 3975 τοὺς
749 3913 1108 3984 πειθομένους
1151 3917 1294 3971 κατὰ
1317 3919 1510 3989 μικρὸν
1563 3921 1642 3984 εἰς
1672 3923 1732 3976 τὸ
1763 3924 1863 3992 τῆς

279 4000 730 4072 είδωλολατρείας
782 4002 960 4057 λαθὼν
1013 4006 1280 4078 έκκυλίσῃ
1339 4008 1650 4081 βάραθρον·
1718 4014 1864 4080 φιλεί

278 4087 412 4157 γὰρ,
439 4087 514 4150 ὡς
543 4089 770 4154 ἐπίπαν,
804 4091 868 4144 ἐκ
894 4091 1002 4144 τῶν
1019 4091 1206 4156 δεξιῶν
1225 4095 1585 4149 ὑποκλέπτειν
1617 4102 1644 4152 ὁ
1665 4101 1858 4163 δόλιος.

280 4183 564 4250 Ἐφασκον
587 4185 691 4255 γὰρ
719 4186 768 4238 oi
799 4185 999 4254 μύσται
1019 4187 1110 4240 τοῦ
1136 4189 1360 4256 πλάνου,
1384 4191 1458 4262 μὴ
1474 4194 1583 4246 δεῖν
1609 4194 1701 4247 τὸν
1723 4199 1766 4248 Χ
1777 4217 1860 4267 ρι-

278 4275 428 4340 στὸν,
461 4275 586 4337 τοὺς
615 4275 672 4328 δὲ
727 4277 993 4344 ἀγγέλους
1024 4281 1103 4342 είς
1152 4281 1405 4349 βοήθειαν
1457 4285 1857 4352 ἐπικαλεῖσθαι,

278 4365 378 4418 καὶ
407 4365 488 4428 είς
521 4365 620 4436 τὴν
667 4370 1040 4439 προσαγωγὴν
1077 4371 1178 4441 τὴν
1208 4373 1344 4441 πρὸς
1366 4375 1457 4428 τὸν
1505 4376 1723 4446 Πατέρα
1746 4394 1765 4409 ο
1799 4381 1860 4432 τὸ

276 4457 391 4526 γάρ
421 4456 801 4512 ἐπικαλεῖσθαι
831 4461 926 4512 τὸν
969 4461 1202 4530 Χριστὸν
1241 4466 1298 4516 ἐν
1325 4466 1558 4534 τούτοις,
1608 4471 1792 4539 μεῖζον
1824 4471 1855 4542 ἢ

1222 412 1638 478 SYNTAGMA
1685 406 2314 472 ALPHABETICUM.
2355 406 2511 468 —A.

1889 1877 1936 1936 Β

3404 403 3543 469 1046

2143 519 2414 585 Quomodo
2447 518 2776 586 Novatianos
2803 517 3082 573 admittere
3104 526 3360 588 oporteat.

2047 611 2243 666 Primae
2283 611 2472 682 synodi
2491 625 2668 666 canon
2697 611 2730 666 8
2757 610 3022 666 Catharos
3045 609 3160 663 sive
3187 607 3542 672 Novatianos,

1973 705 2042 762 de
2063 704 2265 775 quibus
2283 703 2536 773 superius
2563 703 2766 758 dictum
2797 711 2902 766 est,
2936 700 3004 756 ad
3033 699 3331 756 Ecclesium
3353 702 3543 756 catho-

1971 797 2132 854 licam
2163 795 2503 861 accedentes,
2546 795 2600 848 in
2652 795 2872 864 scriptis
2911 792 3151 862 proﬁteri
3199 792 3368 860 jubet,
3399 791 3545 860 quod

1968 887 2154 943 omnia
2208 885 2452 956 ejusdem
2505 884 2724 940 decreta
2783 899 2880 952 pro
2938 892 3091 938 certo
3150 883 3543 945 observabunt,

1969 993 2170 1048 eosque
2215 977 2311 1047 qui
2340 977 2620 1031 Christum
2657 983 2952 1045 negarunt,
2998 983 3053 1028 et
3090 971 3346 1028 conversi
3396 979 3544 1036 sunt,

1970 1069 2307 1137 suseipient;
2347 1068 2538 1136 utique
2568 1069 2710 1137 quod
2747 1067 2901 1137 juxta
2935 1075 3178 1135 tempora
3211 1064 3546 1132 pwnitentiae

1969 1161 2138 1232 lapsis
2171 1161 2457 1228 praeﬁnita,
2488 1175 2574 1215 res
2605 1174 2792 1214 eorum
2825 1160 3307 1222 administrabunt,
3339 1166 3392 1211 et
3419 1171 3544 1210 cum

1969 1252 2198 1322 digamis
2248 1251 2757 1306 contmunicabunt.
2789 1249 2845 1306 Si
2882 1250 3063 1319 itaque
3097 1249 3184 1302 his
3215 1247 3543 1308 assentiant.

1966 1343 2168 1412 gradus
2203 1357 2333 1396 suos
2367 1340 2769 1396 ecclesiasticos
2807 1355 2948 1410 quos
2981 1348 3142 1393 antea
3179 1338 3541 1404 reliquerunt,

1965 1432 2166 1487 iterum
2217 1447 2496 1488 resumere
2533 1431 2707 1500 jubet,
2751 1432 2796 1486 si
2840 1431 3146 1502 presbyteri
3197 1428 3411 1484 scilicet
3460 1427 3542 1478 vel

1967 1525 2180 1580 diaconi
2216 1524 2420 1580 fuerint
2451 1541 2467 1579 :
2500 1525 2585 1578 sin
2633 1532 2816 1577 autem
2849 1520 3114 1592 episcOpi,
3147 1521 3309 1574 etiam
3354 1525 3408 1571 et
3449 1533 3545 1572 eos

1966 1617 2082 1672 suis
2102 1615 2508 1685 episcopatibus
2536 1613 2908 1669 restituendos
2924 1625 3068 1678 esse,
3095 1611 3201 1666 nisi
3219 1611 3308 1665 alii
3337 1611 3542 1663 interea

1962 1707 2183 1763 eosdem
2207 1706 2613 1776 occupaverint.

2076 1881 2182 1955 14
2213 1881 2483 1948 Quomodo
2517 1881 2824 1937 Donatistae
2853 1881 3135 1935 admittere
3175 1885 3436 1947 oporteat.

2040 1975 2292 2031 Canones
2340 1985 2521 2030 autent
2552 1975 2616 2029 57
2665 1984 2720 2029 et
2748 1974 2819 2030 68
2871 1973 3059 2045 synodi
3106 1971 3362 2040 Carthag.
3408 1984 3547 2039 prae.-

1967 2070 2201 2138 cipiunt,
2233 2077 2291 2122 ut
2322 2067 2418 2136 qui
2448 2082 2515 2122 ex
2545 2078 2691 2122 secta
2725 2067 3130 2122 Donatistarum
3167 2061 3324 2117 [idem
3356 2061 3548 2114 ortho-

1965 2161 2160 2216 doxam
2197 2160 2628 2229 amplectuntur,
2663 2159 2706 2214 si
2740 2159 2864 2213 laici
2889 2157 3024 2224 sint,
3059 2169 3170 2208 non
3204 2153 3549 2222 rebaptizen-

1969 2261 2095 2314 tur;
2132 2259 2270 2305 etut
2298 2250 2482 2305 clerici
2506 2265 2693 2305 saeros
2719 2249 2919 2320 gradus
2944 2248 3250 2311 obtineant,
3284 2245 3545 2298 nimirum

1969 2351 2026 2396 ιιι
2057 2342 2161 2397 hac
2195 2342 2408 2397 ratione
2441 2341 2625 2412 plures
2661 2343 2729 2397 ad
2780 2342 2938 2396 (idem
2963 2338 3288 2432 catholicam
3318 2336 3545 2392 accedi;-

1971 2443 2112 2490 rent.

2588 2527 2664 2581 οε
2699 2525 2930 2579 Donato.

2037 2620 2242 2677 llorttm
2282 2631 2490 2677 sectam
2537 2635 2769 2676 exorsus
2813 2629 2898 2674 est
2931 2618 3175 2688 quidam,
3218 2615 3305 2698 cui
3345 2629 3544 2669 nomen

1963 2725 2081 2769 erat
2111 2714 2372 2780 Donatus,
2405 2715 2499 2783 qui
2546 2728 2652 2769 non
2684 2712 2845 2768 aliter
2886 2712 3061 2766 sacris
3092 2701 3369 2778 mysteriis
3397 2722 3496 2762 con
3519 2735 3548 2749 -

1965 2805 2354 2859 tnttnicandum
2409 2818 2531 2859 esse
2578 2804 2782 2867 docuit,
2841 2801 2947 2856 nisi
2995 2799 3118 2870 quis
3146 2814 3208 2854 os
3244 2797 3542 2852 humanum

1964 2913 2131 2951 manu
2169 2907 2384 2962 tenens,
2428 2896 2479 2950 id
2513 2897 2686 2965 ipsum
2722 2896 2877 2965 prius
2907 2891 3340 2957 exoscularetur,
3383 2899 3547 2961 atque

1966 2989 2069 3042 hoc
2099 2990 2258 3042 modo
2290 2998 2631 3042 sacramenta
2667 2986 2992 3056 perciperet.

2556 3078 2634 3132 De
2671 3079 2956 3149 Angelicis.

2035 3172 2223 3228 Canon
2266 3181 2445 3226 autem
2477 3172 2546 3227 '55
2576 3171 2764 3243 synodi
2811 3159 3155 3233 Laodicente,
3187 3169 3316 3238 Qui,
3344 3171 3545 3239 inquit,

1967 3263 2268 3318 Ectlesiam
2307 3263 2403 3317 Dei
2441 3264 2726 3332 relinquit,
2757 3273 2811 3316 et
2847 3265 3069 3334 angelos
3090 3265 3343 3325 nominat
3387 3264 3544 3318 invn-

1964 3361 2181 3421 catqne,
2232 3359 2286 3406 et
2330 3355 2784 3422 congregationes
2825 3353 2891 3406 iis
2937 3354 3169 3422 peragit,
3217 3363 3272 3408 et
3320 3354 3547 3408 occultae

1964 3443 2288 3498 idololatriae
2318 3453 2495 3508 vacat,
2525 3445 2598 3498 sit
2621 3443 2934 3500 anathema.
2963 3443 3079 3498 Non
3108 3445 3253 3513 quod
3279 3444 3460 3501 honor
3491 3448 3544 3498 in

1963 3537 2186 3604 angelos
2215 3536 2288 3591 sit
2319 3536 2651 3600 idololatria,
2671 3539 2765 3590 sed
2794 3538 2940 3606 quod
2972 3537 3099 3590 mali
3134 3537 3425 3591 artiﬁcium
3449 3538 3542 3599 sit,

1965 3627 2056 3697 qui
2087 3628 2219 3684 solis
2247 3628 2456 3698 angelis
2494 3627 2788 3690 conlidere,
2817 3635 2874 3681 et
2905 3624 3184 3682 Christum
3227 3642 3339 3682 non
3385 3629 3544 3682 inm-

1965 3733 2092 3772 eare
2135 3718 2447 3788 persuadet,
2491 3727 2550 3770 ιιι
2597 3731 2689 3771 eos
2717 3717 2809 3786 qui
2842 3718 2890 3772 ei
2929 3727 3144 3788 parent,
3180 3719 3439 3787 paulatim
3478 3725 3544 3773 ad

1967 3811 2288 3866 idololatriae
2326 3811 2647 3866 barathrum
2695 3811 2835 3865 clam
2867 3811 3142 3866 devolvat.
3182 3811 3356 3867 Malus
3397 3815 3541 3868 enim

1968 3903 2319 3973 utplttrimunt
2367 3918 2468 3958 nos
2519 3919 2547 3956 a
2581 3904 2786 3958 dextris
2811 3906 3010 3960 adoriri
3059 3916 3230 3962 amat.
3283 3906 3548 3963 Dicebant

1965 3997 2112 4049 enim
2177 3995 2340 4064 hujus
2393 3994 2599 4049 erroris
2647 3997 2923 4064 discipuli,
2975 3999 3120 4066 quod
3163 4013 3273 4052 non
3328 4010 3547 4069 oportet

1968 4090 2271 4154 Christum,
2306 4093 2399 4142 sed
2431 4091 2653 4158 angelos
2687 4091 2753 4144 ad
2786 4090 3045 4145 auxilium
3090 4093 3369 4160 invocare,
3399 4106 3453 4148 et
3485 4107 3543 4149 ut

1967 4182 2172 4235 aditum
2201 4180 2267 4233 ad
2294 4181 2514 4234 Patrem
2542 4181 2858 4234 habeamus.
2879 4181 3156 4236 Christum
3178 4186 3323 4238 enim
3349 4199 3542 4238 eorum

1966 4285 2128 4323 causa
2159 4269 2518 4339 interpellare
2550 4268 2724 4336 majus
2751 4270 3010 4338 quiddam
3035 4281 3138 4338 est,
3166 4288 3328 4342 quam
3361 4285 3418 4329 ut
3441 4291 3542 4329 nos

1967 4363 2283 4416 homunculi
2318 4363 2368 4417 id
2397 4371 2752 4417 attentemus.
2786 4361 2963 4434 Hujus
2997 4365 3267 4421 haereseos
3295 4369 3540 4438 (antiqua

1965 4455 2112 4508 enim
2146 4453 2286 4523 erat)
2313 4454 2532 4509 divinus
2581 4456 2744 4510 etiam
2785 4455 3078 4524 Apostolus
3114 4457 3167 4511 itt
3201 4457 3439 4526 Episro'a
3473 4463 3538 4514 ad

279 4547 405 4601 καθ’
433 4549 602 4619 ἡμᾶς.
641 4551 860 4622 Ταύτης
894 4553 992 4623 τῆς
1023 4549 1558 4627 αἱρέσεωςνι(παλαιά
1595 4563 1702 4632 γάρ
1737 4559 1853 4634 .ἦν)

1968 4545 2320 4601 colossenses
2339 4547 2606 4608 meminit,
2627 4547 2815 4601 dicens
2842 4564 2855 4601 :
2888 4566 2906 4599 ι
2931 4547 3102 4603 Nemo
3121 4566 3216 4603 vos
3235 4551 3485 4611 seducat,
3515 4570 3536 4601 ι

279 4639 378 4692 καὶ
407 4643 434 4692 ὀ
483 4640 624 4704 θεῖος
667 4642 989 4706 Ἀπόστολος
1028 4646 1086 4697 ἐν
1115 4649 1179 4716 τῇ
1210 4648 1344 4719 πρὸς
1376 4651 1714 4715 Κολασσαείς
1742 4653 1860 4706 ἐπι-

279 4731 442 4800 στολῇ
472 4733 772 4803 μέμνηται,
805 4732 982 4801 λέγων
1000 4750 1016 4765 '
1043 4737 1248 4806 Μηδεὶς
1271 4740 1420 4808 ἡμᾶς
1453 4742 1860 4813 καταϐραϐευέ-

277 4835 358 4872 τω
387 4821 446 4873 ὲν
475 4823 948 4895 ταπεινοφροσύνῃ
977 4827 1069 4877 καὶ
1121 4825 1383 4898 θρησκείᾳ
1428 4830 1536 4883 τῶν
1582 4832 1854 4898 ἀγγέλων,

275 4909 314 4965 ἃ
342 4913 418 4981 μὴ
439 4909 688 4982 ἑώρακεν
705 4914 1027 4984 ἐμϐατεύων
1047 4931 1061 4946 ·
1092 4915 1212 4988 litat
1243 4919 1430 4987 μηδεὶς
1457 4921 1586 4990 ὑμῖν
1615 4923 1857 4993 ἐπηρεα-

276 5002 443 5068 ζέτω,
469 5004 696 5058 νικῶσιν
730 5008 788 5058 ὲν
810 5009 874 5077 τῇ
908 5009 1194 5080 ἀμωμήτῳ
1226 5013 1406 5064 πίστει
1457 5015 1552 5066 καὶ
1585 5015 1852 5087 πολιτείᾳ,

278 5094 420 5164 μηδὲ
451 5095 544 5149 τοῦ
571 5094 830 5168 βραϐείου
866 5099 1260 5170 ἀποστερείτω,
1294 5103 1384 5154 ἐπὶ
1429 5103 1588 5170 ξένας
1620 5108 1856 5176 παραδό-

277 5203 393 5250 σεις
423 5190 748 5260 μεταφέρων
775 5192 941 5261 ὑμᾶς,
968 5194 1034 5246 ὲκ
1055 5195 1152 5264 τῆς
1183 5193 1352 5265 ὀρθῆς
1391 5195 1602 5268 δηλαδὴ
1621 5199 1854 5263 πίστεως

274 5280 358 5344 εἰς
394 5284 494 5351 τὴν
517 5283 624 5336 τῶν
667 5283 917 5352 ἀγγέλων
953 5285 1251 5357 θρησκείαν
1280 5289 1367 5343 διὰ
1424 5294 1852 5384 ταπεινοφροσύ-

273 5388 395 5444 νης,
438 5373 515 5437 ῶς
557 5374 698 5445 ὑπὲρ
725 5378 876 5446 ἡμᾶς
905 5377 1056 5441 ὄντος
1081 5380 1174 5433 τοῦ
1211 5373 1710 5437 ὲπικαλεϊσθαίτὸν
1738 5385 1852 5439 Κύ-

276 5481 415 5535 ριον,
469 5467 564 5520 καὶ
619 5468 772 5540 αύτῷ
806 5471 1112 5542 κεχρῆσθαι
1155 5474 1290 5544 πρὸς
1321 5475 1411 5528 τὸν
1437 5476 1602 5530 αὐτοῦ
1635 5478 1854 5547 Πατέρα

273 5561 613 5628 προσαγωγῇ
638 5573 652 5586 '
694 5559 1129 5630 καταϐραϐεύειν
1162 5562 1207 5615 δ’
1233 5563 1350 5616 ἔστι
1401 5565 1461 5618 τὸ
1497 5566 1571 5636 μὴ
1596 5565 1674 5636 τῷ
1697 5569 1853 5637 νικήδ

274 5662 434 5698 σαντι
462 5647 524 5700 τὸ
551 5649 825 5720 βραϐεῖον,
847 5651 964 5704 ἀλλ’
1008 5654 1180 5726 ἑτέρῳ
1217 5654 1444 5721 διδόναι,
1489 5657 1849 5728 ἀδικουμένου

269 5734 370 5787 τοῦ
404 5737 693 5820 ἀριστέως.
733 5740 822 5803 Ὠς
855 5741 914 5794 δὲ
949 5741 976 5794 ὁ
1006 5742 1164 5812 ἅγιος
1211 5743 1530 5814 Ἐπιφάνιος
1561 5747 1765 5817 ἱστορεῖ
1793 5751 1850 5802 ὲν

273 5825 352 5900 τῷ
381 5825 573 5901 βιϐλίῳ
594 5829 702 5910 τῶν
733 5832 1043 5906 Παναρίων,
1086 5833 1300 5905 αἰρεσιν
1329 5831 1469 5891 εἶναι
1515 5838 1710 5906 ἑτέραν
1738 5838 1849 5896 τῶν

1963 4637 2016 4690 in
2057 4637 2364 4690 humilitate
2407 4645 2460 4691 et
2491 4638 2638 4690 cultu
2676 4639 3018 4706 angelorum,
3045 4642 3098 4694 in
3133 4657 3192 4696 ea
3252 4658 3373 4711 quae
3432 4660 3539 4696 [Iun

1963 4727 2096 4780 vidit
2140 4728 2332 4796 pedem
2385 4726 2667 4791 inferens;
2697 4731 2811 4782 sive
2857 4746 3018 4784 nemo
3053 4725 3209 4786 vais
3250 4735 3541 4788 insidietur

1961 4821 2013 4872 itt
2041 4820 2142 4874 t'itle
2175 4829 2228 4873 et
2271 4820 2681 4886 dispensatione
2715 4821 2989 4889 inculpata
3033 4825 3402 4889 vincentibus,
3440 4844 3542 4881 nec

1961 4911 2186 4979 prat‘mio
2219 4911 2418 4980 privet,
2461 4911 2514 4964 in
2554 4913 2872 4980 peregrinas
2897 4915 3214 4969 traditiones
3238 4931 3330 4970 vos
3359 4919 3534 4971 addu-

1958 5019 2113 5068 cens,
2154 5020 2183 5056 a
2224 5019 2352 5058 vera
2409 5004 2622 5059 scilicet
2674 5004 2782 5060 {ide
2835 5006 2902 5060 ad
2953 5006 3162 5063 cultum
3215 5011 3531 5079 angelorum

1959 5108 2181 5169 propter
2210 5097 2594 5162 humilitatem,
2637 5098 2789 5166 quasi
2821 5113 2983 5168 supra
3033 5116 3130 5156 nos
3167 5112 3309 5157 esset
3347 5104 3534 5158 Domi-

1960 5205 2086 5243 num
2116 5192 2393 5253 invocare,
2422 5204 2598 5259 eoque
2622 5191 2761 5261 apud
2795 5189 3014 5246 Patrem
3047 5196 3400 5250 conciliatore
3431 5202 3531 5252 uti.

1957 5280 2051 5336 Est
2070 5291 2248 5335 autem
2273 5280 2728 5351 καταϐραϐεύειν,
2754 5285 3037 5353 praemium
3068 5300 3172 5340 non
3195 5287 3409 5357 victori,
3438 5294 3532 5344 sed

1957 5375 2029 5427 illi
2075 5389 2170 5444 per
2210 5375 2471 5444 injuriam
2502 5386 2751 5446 ereptum
2787 5376 2944 5431 alteri
2978 5379 3232 5449 cuiquam
3286 5383 3528 5453 elargiri.

1954 5465 2144 5521 Tradit
2174 5477 2356 5522 autem
2389 5467 2447 5521 S.
2481 5467 2822 5538 Epiphanius
2855 5469 2912 5525 in
2937 5469 3101 5535 libro,
3133 5475 3222 5542 qui
3257 5471 3529 5529 Panarion

1953 5563 2181 5626 dicitur,
2212 5563 2376 5617 aliam
2414 5578 2534 5618 esse
2570 5564 2958 5636 Angelicorum
3007 5568 3210 5623 dictam
3267 5569 3526 5634 haeresin,

1951 5655 2043 5725 qui
2081 5671 2138 5710 se
2164 5657 2236 5710 ita
2263 5657 2640 5723 nominabant,
2667 5659 2754 5713 vel
2770 5663 2914 5730 quod
2937 5675 2997 5718 se
3027 5662 3345 5734 angelorum
3374 5681 3526 5720 more

1951 5748 2152 5812 vivere,
2197 5748 2278 5802 vel
2318 5749 2387 5805 ab
2433 5749 2639 5822 angelis
2681 5751 2732 5804 in
2766 5753 2930 5810 rebus
2977 5753 3178 5814 divinis
3227 5755 3527 5818 instructos

1952 5840 2258 5898 crederent.
