4016 6390
1892 104 1945 123 μ

352 323 489 386 1049

1304 326 1710 390 SYNTAGMA
1742 325 2364 390 ALPHABETICUM.
2403 353 2475 366 -
2511 332 2577 389 A.

2814 249 2915 260 __rv
2928 248 2957 253 -η
2972 250 3009 258 νιο
3040 248 3058 253 υ
3086 250 3089 251 ν

3483 327 3618 393 10”0

340 437 421 493 είς
447 434 665 502 ἔλεγχον
707 435 808 503 μέν
846 435 947 504 τῆς
977 435 1279 505 Νεστορίου
1307 438 1651 504 κακοδοξίας,
1686 454 1912 508 στηριγ-

2045 438 2278 492 utaudos
2303 438 2540 493 Nestorii
2564 452 2780 494 errores
2804 436 3075 508 fidemque
3097 436 3475 493 stabiliendam
3501 440 3618 494 edi-

344 526 445 597 μδν
473 525 530 579 δέ
556 526 656 594 τῆς
686 524 970 596 ὀρθοδόξου
999 529 1259 591 πίστεως,
1295 528 1569 598 κεφάλαια
1596 528 1760 597 ἕτερα
1789 544 1918 580 τοσ-

341 618 483 672 αῦτα
512 618 799 683 ἐκδέδωκε,
835 621 928 673 καὶ
951 623 978 672 6
1011 620 1165 685 Ἴδας
1205 621 1407 690 ὁμοίως
1451 621 1742 692 ἐπιστολήν
1765 635 1780 650 ⁶
1824 619 1921 673 καὶ

345 708 578 779 μεγίστη
624 711 818 777 γέγονε
873 710 1077 780 μεταξὺ
1107 712 1311 765 τούτων
1342 713 1376 782 ὴ
1416 711 1671 782 διαφορὰ,
1714 711 1789 773 ὡς
1820 712 1918 764 καὶ

341 799 662 869 καθαίρεσιν
688 801 844 864 αὖθις
863 786 964 872 τὴν
988 803 1204 855 σύνοδον
1223 803 1333 856 τῶν
1355 804 1655 874 ἀρχιερέων
1689 804 1919 858 ἐκείνων

344 892 854 960 καταψηφίσασθαι,
910 889 998 947 οἷα
1049 893 1113 962 δὴ
1154 896 1265 956 τοίς
1314 893 1407 946 τοῦ
1455 894 1754 964 Νεστορίου
1788 895 1922 947 ὐπο-

343 984 687 1037 πτευθέντων
717 987 972 1055 στοιχεῖν.
1004 986 1158 1038 Ἐπεὶ
1184 982 1280 1039 οὖν
1313 986 1457 1039 οὕτω
1490 987 1558 1040 δι’
1598 987 1843 1055 ἀλλήλων
1865 988 1915 1039 οξ

343 1075 621 1145 ἀρχιερεῖς
648 1076 1019 1147 κεχωρήκασι,
1068 1081 1163 1129 καὶ
1190 1078 1398 1147 σχίσμα
1422 1073 1491 1147 ἦν
1539 1078 1669 1149 παρ’
1712 1078 1915 1141 αὐτοῖς,

342 1169 372 1220 6
404 1166 655 1235 βασιλεὺς
697 1168 906 1231 πάντας
929 1171 1009 1231 είς
1041 1170 1141 1237 τὴν
1169 1168 1567 1239 βασιλεύουσαν
1618 1169 1921 1238 μετακαλε-

347 1257 603 1329 σάμενος,
635 1260 704 1312 τὰ
725 1260 821 1329 τῆς
855 1261 1234 1330 ὁμοφροσύνης
1289 1262 1383 1312 καὶ
1432 1262 1601 1329 ἄμφω
1652 1263 1717 1313 τὰ
1777 1261 1918 1330 μέρη

347 1350 701 1404 ἀσπάσασθαι
742 1352 1155 1425 παρεσκεύασεν
1180 1368 1196 1382 ο
1231 1354 1259 1405 6
1311 1353 1493 1421 μέντοι
1553 1352 1921 1421 Θεοδώρητος,

351 1441 487 1512 πρὸς
506 1441 623 1510 ἔριν
651 1443 742 1494 καὶ
774 1440 839 1511 ιβ’
861 1443 1134 1511 κεφάλαια
1158 1443 1548 1511 συντεταχέναι
1579 1444 1655 1511 μὴ
1675 1443 1917 1512 ἀρνησά-

355 1549 535 1601 μενος,
563 1536 629 1603 τῇ
686 1534 927 1603 ἀποϐολῇ
976 1533 1184 1586 τούτων
1211 1533 1306 1586 καὶ
1346 1534 1604 1600 ἀθετήσει
1638 1535 1831 1587 ἑαυτόν
1860 1549 1920 1584 τε

348 1622 450 1689 τῆς
484 1623 660 1686 αἰτίας
716 1625 1091 1694 παρῃτήσατο.
1147 1625 1242 1678 καὶ
1291 1624 1393 1691 τῆς
1437 1625 1715 1694 προτέρας
1761 1624 1920 1694 ἔτυχε

346 1713 516 1781 τιμῆς
537 1731 597 1766 τε
643 1716 736 1767 καὶ
786 1715 1014 1779 τάξεως,
1045 1715 1333 1782 ἀγαπήσας
1372 1731 1431 1767 τε
1463 1716 1570 1777 τοῖς
1601 1714 1927 1784 πεπραγμέ-

348 1821 458 1868 νοις
489 1808 556 1875 τῇ
600 1806 732 1874 ἁγίᾳ
767 1807 994 1876 συνόδῳ,
1024 1809 1091 1876 τῇ
1143 1806 1461 1875 καθαιρέσει
1500 1805 1800 1876 Νεστορίου
1831 1806 1925 1860 καὶ

352 1887 416 1947 οὗ
425 1911 508 1958 τος
532 1895 936 1963 ἐπεψηφίσατο.

868 1988 1010 2057 Περὶ
1051 1993 1105 2043 Κ
1104 1990 1409 2046 alcatim).

432 2077 492 2130 '0
516 2077 574 2131 δὲ
612 2079 906 2142 Κελέστιος
978 2080 1225 2151 μαθητὴς
1250 2077 1318 2152 ἦν
1346 2081 1615 2150 Πελαγίου
1664 2081 1808 2145 τινὸς
1831 2099 1929 2153 μο-

355 2168 519 2239 ναχοῦ
542 2186 555 2201 ·
595 2168 856 2240 ὥρμηντο
883 2171 939 2224 δὲ
970 2173 1063 2225 καὶ
1105 2173 1273 2241 ἄμφω
1297 2172 1397 2242 τῆς
1434 2173 1819 2245 Καρθαγένης,
1852 2176 1931 2238 ὼς

349 2265 378 2315 6
408 2262 1039 2325 Κωνσταντινουπόλεως
1064 2263 1268 2327 Φώτιος
1304 2265 1526 2334 ίστορεϊ,
1562 2267 1655 2318 καὶ
1690 2267 1931 2319 καινότε-

354 2342 424 2425 ρᾶ
488 2355 781 2424 ἐπεισῆγον
833 2358 900 2424 τῇ
931 2354 1235 2426 Ἐκκλησία
1268 2354 1537 2425 δόγματα.
1583 2356 1790 2427 Θνητδν
1819 2359 1930 2428 γὰρ

353 2446 662 2514 πλασθῆναι
684 2446 778 2499 τὸν
811 2446 985 2516 Ἀδὰμ
1001 2446 1101 2518 τὴν
1128 2447 1303 2518 ἀρχὴν
1324 2447 1661 2512 διετείνοντο,
1690 2449 1826 2502 ἀλλά
1854 2453 1929 2519 μὴ

354 2539 421 2590 ἐκ
453 2538 816 2605 παραὸάσεως
842 2536 1015 2606 τούτῳ
1041 2539 1512 2608 καταδικασθῆναι
1535 2556 1548 2569 ·
1576 2540 1646 2594 τά
1670 2558 1731 2593 τε
1780 2541 1934 2611 ἀρτίι-

353 2645 490 2684 τῦκα
511 2628 688 2697 βρέφη
725 2636 802 2698 μη
849 2631 1040 2699 χρείαν
1083 2630 1230 2700 ἔχειν
1284 2630 1685 2701 βαπτίσματος,
1724 2632 1787 2684 οὐ
1823 2633 1933 2701 γὰρ

355 2721 677 2789 ἐφέλκονται
694 2721 789 2792 τὴν
813 2722 1151 2794 προγονικὴν
1172 2722 1233 2787 ἐξ
1252 2722 1380 2775 Ἀδᾶ
1390 2741 1426 2792 μ
1451 2723 1746 2792 ἁμαρτίαν·
1767 2724 1934 2776 τόπον

354 2831 412 2867 τε
429 2811 569 2867 εἶναι
598 2814 800 2883 μεταξὺ
826 2814 922 2867 τοῦ
942 2802 1276 2883 παραδείσου
1298 2817 1506 2883 καὶτῆς
1530 2814 1830 2879 κολάσεως,
1854 2816 1935 2877 είς

353 2906 415 2959 δν
438 2907 507 2959 τὰ
536 2908 609 2976 μὴ
632 2907 970 2973 φωτισθέντα
999 2908 1178 2977 βρέφη
1220 2907 1618 2976 μετατιθέμενα
1645 2906 1934 2977 μακαρίως

359 2997 481 3068 ζῇν.
511 2998 697 3051 Ταῦτα
728 2999 821 3051 καὶ
844 2999 1007 3067 ἐτερα
1038 2997 1099 3062 ἓξ
1129 2999 1487 3069 παραπλήσια
1522 2999 1737 3060 τούτοις
1765 2998 1936 3065 κεφά-

2036 537 2237 594 torum,
2282 530 2508 585 totidem
2550 528 2652 583 alia
2696 528 2874 598 capita
2919 527 3042 582 luce
3085 528 3337 593 donavit;
3381 529 3513 596 quin
3561 538 3620 583 et

2030 619 2154 675 lbas
2187 622 2351 675 etiam
2385 621 2670 691 epistolam
2707 620 3071 689 conscripsit;
3104 619 3307 690 diuque
3340 619 3616 675 discordi-

2032 711 2134 766 bus
2174 710 2374 766 animis
2408 712 2666 781 utrinque
2700 719 3008 773 certatum,
3043 710 3218 764 donec
3249 725 3279 764 a
3315 711 3525 781 synodo
3562 712 3614 763 in

2032 817 2128 856 eos
2160 803 2467 866 antistites,
2502 811 2690 871 utpote
2718 800 3027 856 Nestoriani
3060 800 3267 855 erroris
3295 801 3489 855 merito
3520 819 3617 856 su-

2031 906 2270 965 spectos.
2294 895 2634 965 depositione
2656 894 3119 948 animadversum.
3146 892 3416 959 Quoniam
3440 907 3619 947 autem

2031 986 2304 1040 antistites
2335 1002 2393 1040 se
2426 986 2657 1038 invicem
2693 986 2763 1038 ita
2793 984 2968 1038 adorti
3002 993 3234 1048 essent,
3274 992 3330 1037 et
3359 983 3503 1037 inter
3529 999 3625 1037 eos

2036 1077 2274 1131 schis'na
2298 1078 2500 1131 factum
2523 1085 2691 1141 esset,
2716 1078 3035 1145 imperator,
3055 1074 3316 1129 omnibus
3369 1076 3434 1129 ad
3484 1078 3625 1144 regi-

2040 1184 2166 1222 nam
2208 1169 2436 1229 ,urbium
2480 1168 2817 1231 convocatis,
2858 1175 2916 1221 ut
2952 1174 3185 1235 utraque
3227 1181 3352 1233 pars
3393 1181 3628 1221 consen-

2043 1262 2233 1320 tirent.
2255 1269 2311 1315 et
2344 1275 2464 1315 sese
2500 1260 2984 1329 amplecterentur,
3003 1257 3209 1311 efl‘ecit.
3243 1256 3627 1312 Theodoretus

2040 1371 2204 1425 porro
2237 1367 2294 1408 se
2316 1352 2687 1407 contentionis
2712 1351 2893 1406 studio
2917 1350 3096 1419 capita
3141 1347 3433 1402 duodecim
3493 1364 3627 1403 con-

2038 1446 2327 1515 Seripsisse
2368 1459 2479 1498 non
2511 1444 2810 1509 inficiatus,
2838 1458 2937 1513 per
2962 1457 3152 1495 eorum
3184 1440 3624 1509 repudiationcm

2035 1538 2560 1609 abrogationemque
2590 1536 2646 1590 in
2678 1551 2736 1591 se
2779 1534 2989 1590 crimen
3024 1532 3264 1601 recepit,
3295 1541 3351 1585 et
3383 1535 3625 1603 priorem

2036 1632 2299 1684 honorem
2353 1630 2714 1697 ordinemque
2785 1627 3015 1680 sortitus
3069 1634 3175 1679 est.
3211 1625 3352 1690 Quin
3393 1636 3449 1679 et
3487 1624 3628 1678 actis

2036 1729 2239 1775 sancta:
2293 1719 2485 1790 synodi
2536 1717 3073 1787 acquieseens,ipse
3099 1717 3263 1771 etiam
3324 1715 3628 1791 depositio-

2035 1829 2160 1866 nem
2190 1809 2427 1866 Nestorii
2469 1811 2810 1881 approbavit.

2646 1988 2723 2044 De
2761 1989 3003 2044 Celestio.

2100 2088 2232 2142 Erat
2271 2094 2453 2140 autem
2487 2083 2762 2139 Celestius
2797 2081 2999 2151 Pelagii
3035 2082 3313 2151 cujusdam
3356 2080 3609 2136 monachi

2030 2179 2355 2247 discipulus,
2380 2192 2613 2246 quorum
2647 2184 2881 2243 uterque
2906 2188 2968 2227 ex
2992 2172 3323 2243 Carthagine
3346 2174 3447 2225 orti
3476 2182 3624 2236 sunt,

2032 2280 2092 2324 ut
2122 2269 2352 2324 Photius
2380 2267 3028 2335 Constantinopolitanus
3061 2263 3367 2331 patriarcha
3407 2272 3619 2325 narrat,

2031 2370 2088 2415 et
2119 2375 2257 2414 nova
2289 2359 2541 2426 dogmata
2572 2357 2627 2410 in
2663 2355 2967 2410 Ecclesiam
3000 2356 3450 2409 introduxerunt.
3480 2354 3627 2407 Ada-

2034 2468 2182 2507 mum
2221 2453 2369 2506 enim
2409 2450 2694 2504 mortalem
2729 2449 2797 2502 ab
2830 2447 2989 2501 initio
3024 2456 3271 2502 creatum
3311 2460 3437 2500 esse
3472 2445 3623 2500 affir-

2034 2545 2277 2610 mabant,
2304 2553 2359 2598 et
2384 2557 2495 2597 non
2524 2550 2745 2611 propter
2771 2541 3264 2609 transgressionem
3290 2538 3627 2592 mortalitate

2036 2636 2273 2691 multari.
2315 2635 2384 2689 Et
2420 2632 2723 2687 infantibus
2761 2645 2956 2685 recens
2992 2631 3137 2685 natis
3172 2645 3286 2683 non
3322 2645 3462 2698 opus
3501 2643 3627 2683 esse

2035 2729 2339 2798 baptismo,
2368 2727 2573 2796 quippe
2598 2723 2689 2794 qui
2718 2732 3002 2794 peccatum
3031 2723 3293 2792 originale
3320 2724 3389 2775 al)
3415 2721 3626 2776 Adamo

2034 2820 2353 2887 neutiquam
2388 2818 2609 2871 trahant
2641 2834 2654 2869 :
2688 2831 2854 2885 porro
2884 2815 3065 2869 locum
3097 2829 3221 2867 esse
3256 2812 3499 2867 medium
3534 2812 3589 2865 in
3612 2840 3625 2850 -

2038 2920 2121 2963 tcr
2146 2909 2464 2979 paradisum
2520 2917 2575 2962 et
2604 2908 2985 2962 danmatorum
3016 2905 3347 2976 gehennam,
3378 2905 3430 2956 in
3461 2919 3625 2972 quem

2037 3003 2274 3058 infantes
2301 3018 2410 3055 non
2440 3002 2726 3055 illuminati
2754 3000 2987 3070 conjecti
3021 3007 3171 3061 sunt,
3198 2996 3382 3067 ihique
3410 2995 3626 3050 felicem

355 3089 481 3141 λαια
502 3091 615 3148 τοῖς
645 3092 771 3159 περὶ
809 3090 1076 3157 Πελὰγιον
1105 3090 1202 3142 καὶ
1232 3089 1519 3141 Κελέστιον
1539 3087 1925 3156 ἑπρεσὸεύετο,

2045 3096 2201 3150 vitam
2233 3094 2561 3165 transigunt.
2594 3092 2718 3147 llaec
2745 3101 2801 3146 et
2827 3109 2923 3147 sex
2950 3092 3054 3145 alia
3083 3091 3259 3159 capita
3290 3089 3440 3143 hisce
3465 3087 3626 3141 simi-

354 3181 391 3233 a
418 3180 481 3249 δὴ
514 3182 663 3250 καὶὴ
698 3178 961 3249 παροῦσα·
1009 3181 1364 3247 οἰκουμενικὴ
1404 3177 1559 3248 τρίτη
1598 3177 1814 3238 σύνοδος
1851 3177 1929 3247 τῷ

354 3269 664 3339 ἀναθὲματι
709 3268 1114 3333 καθυπέὀαλεν,
1150 3268 1286 3322 ἀλλά
1312 3286 1376 3337 γε
1406 3272 1499 3321 καί⁵
1534 3271 1567 3340 ἡ
1602 3270 1661 3320 ἐν
1710 3268 1932 3338 mea-

348 3360 486 3432 ’γένῃ
521 3359 759 3424 σύνοδος.
781 3359 893 3413 Καὶ
922 3359 1076 3432 ζήτει
1097 3361 1224 3422 τοὺς
1250 3359 1378 3426 περὶ
1411 3358 1614 3412 τούτων
1636 3359 1931 3425 διεξιόντας

353 3430 560 3523 ταύτης
587 3452 821 3515 κανόνας
853 3452 912 3503 ἐν
938 3430 1031 3521 ⁴τῷ
1068 3450 1115 3503 α’
1148 3467 1277 3518 κεφ.
1311 3450 1407 3502 τοῦ
1446 3451 1487 3502 Β
1532 3450 1819 3519 στοιχείου,
1841 3447 1933 3500 τὸν

359 3541 438 3612 ρθ’
460 3545 602 3613 φημὶ
654 3544 749 3597 καὶ
776 3543 909 3609 τοὺς
934 3543 1171 3613 καθεξῆς
1207 3546 1362 3614 τρεῖς
1410 3542 1635 3613 ἑτέρους
1658 3559 1672 3573 ·
1704 3542 1841 3595 ἀλλά
1869 3540 1933 3611 δὴ

356 3634 453 3687 καὶ
486 3635 545 3687 ἐν
572 3634 650 3705 τῷ
681 3635 755 3688 λε’
778 3637 1060 3706 κεφαλαίῳ
1081 3635 1175 3688 τοῦ
1203 3636 1241 3687 E
1286 3634 1550 3705 στοιχείου
1576 3633 1806 3696 κανόνας
1834 3634 1934 3701 τῆς

356 3726 532 3795 αὐτῆς
554 3724 771 3779 συνόδου
799 3726 895 3797 ριδ¹
926 3728 1018 3780 καί⁵
1049 3733 1166 3797 pte"
1197 3728 1302 3779 ἆπε
1313 3744 1343 3797 ρ
1374 3727 1483 3793 γάρ
1508 3721 1656 3780 οὗτοι
1684 3724 1779 3777 τοῦ
1806 3726 1935 3778 ἀνα-

240 3823 249 3829 ’
356 3820 594 3886 θέματος
634 3817 873 3885 ἀξιοῦσι,
932 3819 1064 3887 παρ’
1100 3819 1333 3880 ἐκείνοις
1363 3816 1614 3885 ἀφρόνως
1644 3814 1934 3885 ἐδογματίο

358 3906 504 3972 ζετο.
563 3910 674 3963 Καὶ
705 3910 734 3961 6
792 3910 966 3977 μέγας
1016 3910 1075 3963 δὲ
1126 3909 1281 3962 Λέων
1306 3909 1335 3961 6
1362 3910 1616 3975 πάππας,
1646 3910 1773 3972 τοὺς
1809 3908 1936 3980 περὶ

360 4001 629 4066 Πελάγιον
672 4001 766 4054 καὶ⁵
818 4003 1111 4054 Κελέστιον
1154 4002 1586 4071 ἐπιστρέφοντας
1640 4001 1935 4070 ἐγγράφως

358 4091 786 4160 ἀναθεματίζειν
815 4094 875 4145 τὸ
907 4093 1057 4161 σφῶν
1085 4093 1343 4146 ἐθέσπισε
1368 4093 1646 4161 φρόνημα.

443 4181 502 4235 '0
533 4184 587 4235 δὲ
614 4183 696 4251 με’
720 4183 827 4235 τῶν
851 4184 1023 4252 ἁγίων
1063 4183 1375 4236 ἀποστόλων
1425 4183 1607 4235 κανὼν
1657 4184 1783 4246 τοὺς
1813 4200 1936 4235 συν-

358 4271 693 4340 ευξαμένους
729 4273 1026 4344 αἱρετικοίς
1066 4273 1402 4335 ἐπισκόπους
1452 4272 1487 4343 ἢ
1530 4272 1935 4343 πρεσϐυτέρους

358 4364 645 4433 ἀφορίζειο
676 4363 1080 4435 ἐπιτρέψαντας
1104 4364 1161 4416 δέ
1196 4381 1307 4417 τισι
1349 4364 1558 4417 τούτων
1587 4364 1655 4417 τὰ
1676 4362 1784 4416 τῶν
1808 4364 1938 4431 κλη-

360 4456 533 4525 ρικῶν
562 4456 855 4526 ἐνεργῆσαι
912 4455 1189 4525 καθαιρεῖ.

443 4548 503 4601 '0
536 4548 593 4601 δὲ
628 4546 725 4618 μς¹
749 4552 843 4601 καὶ
880 4550 1009 4611 τοὺς
1038 4547 1369 4618 δεξαμένους
1396 4548 1457 4602 τδ
1486 4548 1714 4602 ἐκείνων
1748 4549 1939 4620 βάπτι-

361 4657 496 4711 σμα,
532 4644 659 4704 τοὺς
689 4641 783 4696 ὑπ’
816 4642 1042 4695 ἐκείνων
1080 4641 1280 4724 δηλαδὴ
1313 4642 1737 4711 βαπτισθέντας,
1768 4643 1803 4715 ἢ
1836 4643 1937 4697 ὅσα

360 4734 443 4794 εἰς
476 4732 666 4785 θυσίαν
700 4734 1065 4802 προσάγουσι,
1097 4732 1370 4801 καθαιρεῖ.

446 4825 505 4877 '0
527 4826 585 4878 δὲ
626 4823 697 4890 ξδ’
730 4824 819 4877 τὸν
846 4826 1231 4896 εἰσερχόμενον
1261 4825 1525 4895 κληρικδν
1553 4827 1587 4898 ἢ
1642 4828 1830 4881 λαῖκδν
1856 4830 1937 4892 εἰς

362 4918 694 4988 συναγωγὴν
731 4917 1007 4972 Ἰουδαίων
1034 4917 1067 4988 ἢ
1094 4918 1387 4986 αἰρετικῶν
1409 4919 1720 4990 προσευχῆς
1752 4921 1933 4990 χάριν,

357 5010 451 5064 τὸν
480 5011 580 5081 μὲν
621 5010 894 5081 καθαιρεῖ,
945 5011 1039 5066 τὸν
1081 5011 1137 5063 δὲ
1171 5010 1443 5081 ἀφορίζει.
1476 5011 1572 5075 Τίς
1613 5013 1744 5082 γὰρ,
1768 5016 1934 5082 φησὶ,

363 5106 723 5175 συμφώνησις
760 5104 984 5175 Χριστῷ
1013 5104 1150 5175 πρὸς
1184 5104 1419 5175 Βελίαρ;
1464 5105 1546 5168 τίς
1568 5105 1625 5157 δὲ
1656 5108 1814 5176 μερὶς
1842 5123 1937 5160 πι-

360 5196 472 5266 στῷ
506 5197 646 5265 μετὰ
676 5198 909 5250 ἀπίστου
931 5212 947 5262 ;
1224 5220 1227 5223 ·

432 5289 543 5342 Καὶ
574 5291 603 5341 6
637 5288 736 5359 μὲν
759 5288 860 5359 τῆς
890 5291 947 5343 ἐν
969 5288 1263 5360 Λαοδικείᾳ
1298 5295 1352 5354 ς’
1378 5289 1505 5352 τοὺς
1535 5291 1935 5360 περιπεσόντας

361 5380 630 5450 αἰρέσεσι,
653 5382 748 5435 καὶ
775 5381 856 5439 ἔτι
880 5382 1106 5445 ταύταις
1133 5382 1556 5452 ἐνεσχημένους,
1588 5384 1779 5454 πόρρω
1809 5384 1937 5453 βά).-

360 5471 443 5523 λει
467 5473 561 5542 τῆς
592 5472 944 5542 Ἐκκλησίας,
999 5474 1095 5527 καὶ
1134 5474 1215 5537 είς
1250 5469 1401 5527 οἷκον
1450 5474 1588 5528 Θεοῦ
1617 5475 1842 5530 εἰσιέναι
1871 5477 1933 5530 οὐ

360 5567 659 5637 συγχωρεῖ.

439 5656 499 5709 ⁸0
533 5657 590 5709 δὲ
625 5655 706 5727 λβ⁹
759 5656 881 5711 οὐδὲ
919 5657 1019 5722 τὰς
1067 5657 1176 5711 τῶν
1247 5658 1546 5729 αἰρετικῶν
1600 5660 1849 5730 εὐλογίας
1897 5659 1930 5731 ἢ

360 5746 589 5817 ἀλογίας
618 5751 793 5805 είπεῖν
823 5750 1181 5822 οἰκειότερον,
1211 5751 1513 5822 λαμϐάνειν
1543 5752 1785 5825 ἐφίησιν.

2035 3191 2103 3255 lia
2129 3206 2156 3241 a
2189 3187 2406 3257 Pelagio
2431 3196 2486 3240 et
2509 3184 2749 3241 Celestio
2776 3184 3286 3254 promulgahautur,
3313 3197 3433 3251 (pne
3459 3181 3623 3234 tertia

2035 3280 2153 3333 haec
2181 3276 2520 3333 (eeuinenica
2552 3275 2821 3346 synodus,
2854 3289 2959 3328 nec
2990 3288 3097 3326 non
3125 3270 3367 3340 synodus
3394 3268 3629 3324 Cartha-

2035 3370 2294 3441 ginensis.
2340 3367 2673 3422 anathemati
2720 3366 3099 3433 subjecerunt.
3143 3363 3337 3429 Quaere
3385 3375 3632 3415 canones

2034 3463 2279 3531 ejusdem
2317 3475 2484 3529 super
2520 3458 2606 3512 his
2642 3457 2980 3512 disserentes
3016 3456 3069 3509 in
3109 3472 3123 3508 ι
3160 3471 3279 3524 cap.
3316 3453 3513 3506 litterae
3549 3450 3618 3515 B,

2036 3554 2295 3609 nimirum
2329 3552 2427 3605 109
2457 3559 2511 3604 et
2543 3563 2654 3603 tres
2698 3548 2960 3615 deinceps
3004 3556 3304 3616 sequentes
3343 3561 3357 3597 :
3394 3543 3529 3613 quin
3574 3552 3631 3596 et

2036 3660 2275 3699 canones
2326 3642 2573 3711 ejusdem
2610 3639 2801 3710 synodi
2845 3639 2941 3707 114
2968 3648 3023 3692 et
3058 3638 3181 3696 115,
3216 3637 3271 3690 in
3306 3651 3429 3705 cap.
3463 3649 3629 3699 xxxv,

2038 3738 2232 3790 litterae
2265 3733 2342 3797 E;
2376 3750 2498 3801 qua:
2529 3731 2675 3785 enim
2702 3730 2773 3782 illi
2809 3728 3156 3781 anathemate
3186 3726 3344 3796 digna
3374 3735 3628 3788 censent,

2037 3828 2106 3882 ab
2145 3826 2211 3879 iis
2247 3825 2482 3880 absurde
2519 3825 2712 3877 edoeta
2752 3835 2900 3875 sunt.
2941 3820 3113 3874 Porro
3148 3833 3201 3873 et
3244 3834 3474 3890 magnus
3514 3817 3630 3871 Leo

2041 3934 2200 3988 papa,
2237 3933 2332 3971 eos
2371 3915 2462 3986 qui
2503 3932 2534 3969 a
2575 3914 2795 3984 Pelagio
2832 3921 2887 3968 et
2925 3912 3166 3967 Celestio
3207 3918 3630 3972 convertuntur,

2038 4009 2352 4078 Opinionem
2393 4021 2546 4060 suam
2584 4007 2791 4075 scripto
2827 4002 3300 4057 anathematizare
3331 3999 3513 4070 jubet.

2115 4185 2219 4254 16
2257 4184 2429 4237 Porro
2480 4197 2657 4235 canon
2717 4182 2787 4236 45
2876 4191 3191 4235 sanctorum
3250 4175 3624 4248 apostolorum

2039 4276 2329 4345 episcopos
2358 4276 2441 4329 vel
2468 4273 2695 4328 clericos
2720 4272 2814 4343 qui
2846 4289 2952 4327 una
2984 4288 3108 4326 cum
3140 4271 3412 4325 haereticis
3441 4278 3631 4332 orant,

2042 4366 2516 4431 excommunicat;
2544 4364 2629 4419 sin
2660 4376 2841 4419 autem
2874 4364 2941 4418 iis
2972 4374 3226 4436 tanquam
3256 4362 3478 4419 clericis
3507 4381 3633 4436 ope-

1969 4444 2017 4497 Ῑ)
2046 4461 2157 4515 rari
2191 4459 2561 4528 permiserint,
2592 4458 2770 4528 depon
2795 4464 2837 4513 ι.

2116 4557 2302 4609 Canon
2341 4563 2523 4607 autem
2556 4552 2624 4607 46
2660 4568 2755 4607 eos
2791 4546 2882 4621 (ιιῖί
2921 4566 3114 4606 eorum
3139 4551 3473 4621 baptismum
3497 4567 3624 4607 sus-

2046 4650 2274 4718 cipiunt.
2312 4648 2365 4702 id
2414 4656 2520 4711 est,
2564 4647 2632 4701 ab
2666 4646 2734 4700 iis
2769 4645 3142 4717 baptizantur,
3173 4647 3258 4699 vel
3292 4661 3634 4716 quaecunque

2049 4746 2114 4800 ad
2146 4742 2477 4798 sacrificium
2508 4738 2766 4800 afferunt.
2797 4738 3045 4807 deponit.

2118 4837 2308 4896 I’orro.
2334 4850 2510 4890 canon
2538 4834 2607 4888 64
2635 4832 2893 4887 clericum
2921 4830 3005 4883 vel
3032 4828 3229 4883 laicum
3259 4828 3350 4895 qui
3385 4827 3440 4880 in
3470 4843 3634 4899 syna-

2046 4944 2238 4999 gogam
2287 4924 2600 4980 Judzeomm
2649 4921 2734 4976 vel
2792 4920 3174 4974 haereticorum
3230 4915 3508 4972 introierit
3560 4920 3629 4972 ad

2043 5020 2335 5079 Orandunt,
2376 5017 2606 5070 alterum
2642 5012 2860 5082 quidem
2894 5009 3141 5079 deponit,
3174 5008 3406 5063 alterum
3441 5017 3626 5062 autem

2043 5106 2503 5162 exeommnnicat.
2534 5103 2792 5169 Quaenam
2820 5100 2966 5155 enim
2996 5108 3081 5154 est
3104 5097 3396 5154 concordia
3424 5098 3631 5154 Christi

2030 5217 2170 5255 .cum
2200 5198 2389 5262 Belial,
2425 5207 2519 5251 aut
2544 5212 2666 5265 quze
2697 5210 2821 5265 pars
2852 5193 2995 5247 fideli
3028 5208 3152 5248 eum
3187 5191 3434 5246 infideli?

2055 5350 2075 5363 ἱ
2116 5292 2304 5345 Canon
2344 5289 2508 5344 etiam
2545 5288 2578 5342 6
2612 5303 2734 5359 syn.
2771 5286 2992 5340 Laodic.
3029 5300 3126 5339 eos
3161 5285 3254 5355 qui
3291 5284 3356 5339 ad
3394 5284 3633 5337 haereses

2046 5384 2182 5437 ullas
2213 5383 2349 5452 lapsi
2389 5392 2549 5447 sunt,
2582 5381 2887 5446 iisdemque
2919 5378 3254 5442 detinentur,
3284 5394 3353 5432 ex
3386 5376 3631 5432 Ecclesia

2046 5475 2219 5546 ejieil,
2248 5485 2306 5529 et
2335 5475 2391 5528 in
2421 5475 2644 5529 domum
2678 5472 2772 5528 Dei
2807 5471 3017 5544 ingredi
3047 5486 3159 5524 non
3193 5465 3485 5539 permittit.

2112 5655 2298 5711 Canon
2341 5662 2523 5708 autem
2566 5651 2810 5723 ejusdem
2854 5650 2924 5706 52
2988 5647 3369 5704 haereticorum
3412 5642 3636 5699 benedi-

2047 5747 2260 5803 ctiones
2285 5746 2391 5813 vel,
2420 5754 2476 5802 ut
2504 5745 2685 5816 aptius
2712 5744 2921 5816 loquar,
2952 5739 3352 5797 maledictiones
3378 5736 3629 5811 accipere

2050 5854 2162 5895 non
2194 5854 2298 5894 Sllll
2307 5850 2323 5894 ι
2332 5877 2347 5896 ο
