4016 6432
447 389 589 453 1ὓ51
1649 388 2018 450 ΜΑΤΤΗΙΕΙ

2141 390 2202 445 ,Α
2214 387 2348 446 STA
2361 387 2490 446 HIS

511 503 644 555 Item
681 501 752 556 53
791 514 895 555 nos
965 515 1074 554 una
1110 514 1233 556 cum
1271 500 1530 557 haeretico
1564 503 1649 558 vel
1684 501 2034 558 schismatico
2066 508 2106 562 Α

440 608 598 647 orare
631 591 854 647 omnino
889 592 1166 663 prohibet.

520 683 584 736 Et
617 683 683 755 37
743 696 854 736 non
890 684 1160 753 permittit
1193 699 1313 754 qua:
1345 701 1373 739 a
1407 684 1608 739 Judaeis
1643 684 1724 739 vel
1761 683 2032 738 luereticis

446 777 742 830 mittuntur
773 773 962 828 festiva
997 776 1280 846 accipere,
1313 786 1407 831 aut
1440 793 1545 831 una
1576 791 1700 832 cum
1734 775 1801 831 iis
1830 775 2030 829 festum

446 885 629 940 agere.

524 964 710 1019 Nonus
742 972 923 1016 autem
961 970 1016 1015 et
1081 963 1149 1016 54
1191 960 1256 1015 iis
1289 962 1378 1030 qui
1415 960 1616 1014 Christi
1656 970 1919 1031 martyras
1953 973 2036 1012 re-

448 1058 728 1126 linquunt,
752 1064 806 1109 et
829 1055 894 1108 ad
919 1053 1087 1107 falsos
1113 1053 1494 1106 haereticorum
1521 1062 1787 1122 martyras
1808 1051 2030 1114 abeunt,

449 1157 505 1201 et
539 1147 593 1198 in
629 1161 691 1198 ea
727 1161 845 1214 quze
880 1143 1137 1197 dicuntur
1169 1142 1424 1212 martyria
1462 1142 1541 1194 vel
1575 1141 1907 1205 coemeteria,
1944 1155 2034 1194 se-

452 1241 717 1308 metipsos
736 1253 775 1295 .a
805 1237 914 1290 Deo
939 1237 1094 1306 quasi
1123 1237 1458 1298 alienantes,
1487 1237 1622 1290 alter
1648 1237 2036 1289 communione

450 1331 844 1400 aliquantisper
873 1330 1182 1392 interdicit,
1213 1329 1349 1381 alter
1373 1338 1552 1382 autem
1585 1343 1680 1382 eos
1713 1329 2035 1380 anathema-

453 1428 614 1486 tizat;
641 1422 916 1491 probabile
941 1421 1088 1474 enim
1113 1429 1197 1474 est
1220 1421 1478 1488 quosdam
1512 1421 1796 1474 haereticos
1823 1420 1876 1471 in
1904 1429 2037 1471 tem-

451 1516 678 1586 poribus
717 1513 1116 1584 persecutionis
1152 1513 1220 1566 ad
1258 1522 1489 1566 mortem
1531 1526 1702 1580 usque
1741 1511 2036 1565 reluctatus

454 1609 643 1672 fuisse,
663 1623 798 1676 quos
821 1607 984 1676 igitur
1000 1614 1264 1684 martyras
1282 1612 1549 1658 vocarunt
1569 1605 1662 1674 qui
1684 1619 1808 1658 cum
1831 1604 2036 1658 eisdem

454 1701 787 1762 sentiebant,
821 1707 878 1754 et
908 1699 1100 1752 domos
1135 1697 1190 1751 in
1225 1697 1424 1767 quibus
1458 1710 1686 1765 corpora
1718 1709 1910 1750 eorum
1943 1709 2033 1748 se-

453 1794 605 1864 pulta
635 1801 815 1854 erant,
851 1789 1136 1858 martyria.

526 1885 708 1937 Canon
765 1891 946 1936 autem
985 1881 1018 1934 9
1054 1879 1328 1934 Timothei
1364 1877 1720 1933 Alexandrini
1766 1877 1942 1946 jubet,
1979 1886 2035 1929 ut
2069 1858 2112 1912 Β

457 1974 721 2037 hzeretici,
745 1974 873 2028 dum
897 1973 1083 2028 divina
1109 1971 1167 2026 ﬁt
1191 1973 1414 2033 oblatio,
1440 1970 1697 2040 precibus
1723 1983 1832 2023 non
1862 1967 2036 2022 inter-

454 2069 586 2132 sint,
624 2066 731 2120 nisi
776 2079 836 2119 se
877 2063 1254 2134 pmnitentiam
1295 2071 1514 2116 acturos
1554 2060 1934 2130 polliceantur.
1976 2056 2033 2110 Si

454 2160 601 2212 cnim
640 2157 1046 2212 catechumenis
1082 2158 1185 2210 hoc
1218 2171 1326 2209 non
1361 2155 1686 2224 permissum
1722 2152 1829 2216 sit,
1863 2151 2035 2205 multo

456 2251 641 2305 minus
673 2251 965 2305 luereticis.
990 2249 1132 2314 Quin
1161 2257 1214 2304 et
1246 2249 1629 2318 promittentes
1658 2246 1711 2300 in
1736 2245 1863 2324 loco
1891 2257 2035 2298 cate-

454 2341 745 2396 chumenis
781 2342 1054 2396 destinato
1091 2341 1338 2406 stabunt;
1381 2340 1526 2408 quod
1564 2339 1609 2393 si
1653 2336 2031 2408 paenitentiam

457 2451 620 2506 agere
683 2433 896 2498 nolunt,
959 2431 1125 2487 etiam
1173 2431 1249 2486 ab
1279 2446 1344 2486 eo
1373 2431 1492 2486 loco
1520 2428 1881 2500 expellentur.

3539 385 3660 449 1052

2221 499 2280 552 Ὀ
2314 499 2370 552 δὲ
2397 497 2475 566 λγ’
2497 496 2760 569 αἱρετικῷ
2793 497 2825 570 ἢ
2863 497 3208 568 σχισματικῷ
3251 498 3382 563 ὅλως
3418 499 3556 570 ἡμᾶς
3587 506 3675 559 οὒκ

2133 591 2423 659 ἐπιτρέπει
2459 589 2838 660 συνεύχεσθαι.

2217 680 2276 732 '0
2303 681 2358 732 δέ
2384 679 2460 744 λζ’
2483 679 2610 733 οὔτε
2639 681 2707 734 τά
2733 680 2887 750 παρά
2908 679 3018 732 τῶν
3060 679 3328 734 Ἰουδαίων
3351 681 3383 752 ἢ
3408 683 3676 752 αίρετικῶν

2136 771 2476 840 πεμπόμενα
2512 771 2847 842 ἐορταστικὰ
2880 770 3200 839 λαμϐάνειν,
3247 772 3280 842 ἢ
3323 775 3678 843 »συνεορτάζειν

2135 861 2345 924 τούτοις
2371 863 2616 932 ἐφίησιν.

2216 952 2275 1006 '0
2309 953 2364 1006 δὲ
2397 952 2440 1006 θ’
2483 955 2574 1007 καὶ
2607 954 2703 1019 λδ’,
2742 957 2870 1018 τοὺς
2904 952 3424 1024 καταλιμπάνοντας
3448 957 3566 1018 τοὺς
3594 960 3678 1012 τοῦ

2134 1045 2374 1114 Χριστοῦ
2409 1047 2720 1116 μάρτυρας,
2745 1049 2838 1101 καὶ
2863 1047 3129 1108 ἀπιόντας
3157 1048 3236 1108 είς
3265 1046 3390 1110 τοὺς
3421 1047 3523 1100 τῶν
3544 1050 3678 1116 αἱρε-

2099 1178 2106 1184 .
2134 1130 2303 1182 τικῶν
2338 1130 2816 1203 ψευδομάρτυρας,
2860 1135 2955 1187 καὶ
2983 1135 3064 1195 είς
3101 1135 3170 1186 τὰ
3197 1134 3462 1204 λεγόμενα
3493 1137 3678 1192 τούτων

2139 1222 2417 1291 μαρτύρια
2441 1225 2532 1275 καὶ
2563 1226 2920 1296 κοιμητήρια,
2940 1225 3015 1288 ὡς
3039 1226 3454 1294 ἀλλοτριοῠντας
3479 1229 3681 1291 ἐαυτοὺς

2133 1310 2229 1364 τοῦ
2255 1313 2410 1378 Θεοῦ,
2445 1316 2472 1366 ὁ
2501 1315 2600 1384 μὲν
2620 1315 2721 1385 τῆς
2747 1318 3028 1379 κοινωνίας
3064 1315 3227 1385 μέχρι
3253 1316 3398 1379 τινὸς
3428 1319 3682 1386 ἀπείργει,

2135 1403 2163 1455 ό
2196 1405 2254 1456 δὲ
2284 1403 2694 1474 ἀναθεματίζει.
2740 1407 2905 1469 Είκὺς
2963 1409 3069 1477 γάρ
3120 1424 3276 1470 τινας
3321 1408 3683 1477 ὑποκειμένους

2135 1497 2438 1566 αἱρέσεσιν,
2476 1499 2534 1550 ἐν
2559 1499 2672 1562 τοῖς
2720 1499 3008 1568 διωγμοῖς,
3055 1500 3309 1562 ἐνστῆναι
3343 1499 3502 1568 μέχρι
3541 1502 3684 1554 θανά-

2136 1603 2254 1650 του,
2287 1586 2382 1651 οὓς
2411 1590 2503 1642 καὶ
2536 1591 2824 1661 μάρτυρας
2855 1592 2905 1644 οί
2935 1589 3321 1661 ὁμοδοξοῦντες
3362 1591 3543 1651 αὐτοῖς
3569 1593 3682 1646 ἐκά-

2137 1678 2283 1744 λουν,
2317 1681 2595 1752 μαρτύριά
2625 1699 2685 1734 τε
2727 1682 2857 1746 τοὺς
2891 1684 3098 1752 οῐκους,
3136 1683 3196 1735 ἐν
3243 1676 3322 1745 οἷς
3370 1683 3437 1736 τὰ
3483 1683 3683 1736 ἐκείνων

2141 1771 2405 1824 ἐτέθαπτο
2438 1773 2686 1842 σώματα.

2219 1863 2279 1916 '0
2313 1863 2368 1916 δέ
2401 1863 2446 1916 θ’
2481 1865 2748 1936 Τιμοθέου
2810 1865 3246 1937 Ἀλεξανδρείας,
3290 1866 3392 1931 τῆς
3425 1866 3567 1930 θείας
3606 1883 3682 1920 τε·

2143 1953 2413 2027 λουμένης
2447 1959 2782 2029 ἱερουργίας,
2824 1962 2891 2031 τῇ
2926 1961 3057 2031 εὐχῇ
3089 1960 3304 2014 κελεύει
3345 1959 3470 2023 τοὺς
3500 1961 3686 2030 αἱρετι-

2141 2043 2276 2107 κοὺς
2303 2047 2380 2115 μὴ
2405 2049 2684 2117 παρεῖναι,
2706 2048 2756 2100 εί
2777 2048 2850 2119 μή
2877 2066 2978 2101 που
3019 2051 3305 2118 μετανοεῖν
3329 2049 3688 2118 ἐπαγγέλλοινο

2141 2149 2225 2188 το.
2273 2134 2334 2186 El
2371 2134 2482 2206 γὰρ
2508 2139 2621 2199 τοῖς
2649 2138 3077 2208 κατηχουμένοις
3121 2137 3286 2191 τοῦτο
3333 2139 3433 2191 obit
3474 2140 3685 2208 ἐφεῖται,

2141 2227 2338 2280 πολλοῦ
2363 2244 2427 2296 γε
2455 2229 2536 2282 δεῖ
2562 2231 2675 2292 τοῖς
2706 2230 3002 2300 αίρετικοῖς
3019 2243 3036 2260 ο
3071 2229 3210 2284 ἀλλά
3235 2231 3330 2286 καὶ
3357 2233 3408 2284 οί
3439 2232 3685 2300 ἐπαγγελ-

2141 2319 2382 2390 λόμενοι,
2418 2323 2476 2375 ἐν
2522 2321 2695 2392 τόπῳ,
2736 2319 2796 2384 ὃς
2843 2322 3058 2375 ἀνεῖται
3104 2324 3224 2383 τοῖς
3261 2321 3683 2392 κατηχούμενοιξ,

2142 2413 2448 2483 ἐστήξουσι,
2489 2413 2564 2484 μὴ
2609 2413 2925 2484 βουλόμενοι
2957 2413 3012 2467 δὲ
3051 2416 3358 2484 μετανοεῖν,
3404 2416 3493 2468 καὶ
3519 2415 3685 2468 τούτου

2142 2505 2598 2575 ἐκϐληθήσονται.

2144 2611 2276 2667 ἼΟτι
2304 2613 2448 2680 τοὺς
2477 2614 2546 2668 ἐν
2574 2613 2766 2686 ἐξόδῳ
2784 2616 3238 2684 μετανοοῦντας
3267 2617 3384 2670 τῶν
3405 2617 3687 2686 ulmtth

2670 2756 2673 2758 η
2702 2684 2983 2752 δέχεσθαι
3012 2686 3149 2756 χρή.

2225 2772 2286 2826 '0
2317 2772 2375 2827 δέ
2407 2773 2582 2844 μέγας
2635 2775 2935 2842 Βασίλειος,
2974 2779 3031 2831 ἐν
3084 2778 3164 2847 τῷ
3219 2780 3455 2850 πέμπτῳ
3507 2778 3687 2840 κανόνι,

2145 2863 2472 2934 σύμπαντας
2501 2867 2627 2930 τοὺς
2661 2867 2718 2919 ἐν
2750 2866 2916 2936 ἐξόδῳ
2949 2871 3354 2938 μετανοοῦντας
3381 2873 3484 2926 τῶν
3512 2873 3690 2941 αἱρετι-

2145 2956 2256 3010 κῶν
2284 2957 2566 3010 ἐπιτάττει
2607 2959 3023 3030 προσδέχεσθαι,
3076 2961 3474 3034 δοκιμάζοντας
3519 2964 3609 3032 μέν
3645 2962 3689 3015 τί

2143 3047 2319 3118 ἀληθῆ
2365 3048 2465 3118 τὴν
2519 3051 2815 3119 μετάνοιαν
2857 3053 3304 3122 ἐπιδείκνυνται,
3359 3058 3452 3110 καὶ
3497 3057 3543 3109 εί
3581 3057 3688 3118 τοὺς

2147 3142 2398 3212 καρποὺς
2441 3141 2623 3214 ἔχουσι
2656 3143 3068 3216 μαρτυροῦντας
3101 3149 3169 3218 τῇ
3207 3149 3344 3219 πρὸς
3375 3150 3434 3202 τὸ
3474 3149 3688 3218 σωθῆναι

2144 3236 2375 3306 σπουδῇ.

2219 3329 2356 3398 Ὀγε
2391 3329 2499 3402 μὴν
2531 3331 2618 3401 κβ⁹
2635 3334 2733 3402 τῆς
2760 3335 2818 3386 ἐν
2848 3334 3181 3408 Καρθαγένῃ
3225 3336 3460 3395 συνόδου.
3491 3331 3689 3387 ἐπισκό-

2143 3435 2269 3481 ποις
2302 3421 2336 3491 ﬁ
2391 3421 2673 3492 κληρικοῖς
2713 3425 3019 3496 ἀπείρηκεν
3061 3428 3143 3489 είς
3195 3427 3556 3498 κληρονομίαν
3596 3424 3689 3475 τῶν

2146 3507 2291 3561 ίδίων
2312 3512 2659 3580 πραγμάτων
2683 3512 2819 3574 ὅλως
2838 3515 3080 3582 είσάγειν
3100 3515 3333 3570 ἄπιστον
3356 3517 3389 3586 ἠ
3417 3512 3688 3584 αἱρετικὸν,

2144 3601 2193 3654 εί
2223 3604 2318 3654 καὶ
2345 3602 2556 3666 τούτοις
2589 3603 2730 3658 κατὰ
2763 3604 2917 3672 γένος
2941 3605 3273 3676 ᾠκείωνται.

2226 3692 2287 3745 '0
2317 3693 2374 3746 δὲ
2403 3693 2515 3758 πα’,
2561 3695 2899 3766 Ἐπισκόπῳ,
2931 3698 3088 3766 φησι,
3129 3697 3212 3765 τῷ
3243 3697 3333 3750 ἐπὶ
3362 3697 3501 3750 τέλει
3539 3697 3688 3749 διατι⁹

2145 3783 2355 3854 θεμένῳ
2391 3783 2486 3837 τοῦ
2519 3783 2660 3854 βίου,
2701 3787 3016 3856 αἱρετικοὺς
3061 3787 3410 3841 τῶντούτου
3451 3789 3687 3858 κληρονο-

459 2631 613 2698 Quod
651 2631 919 2684 httrett'co:
965 2631 1054 2699 qui
1097 2623 1162 2681 ἑνί
1191 2643 1408 2708 excessu
1452 2645 1478 2682 e
1524 2629 1630 2682 vita
1675 2628 2037 2697 paenitentiam

847 2713 1049 2770 agunt,
1086 2703 1348 2766 suscipere
1384 2708 1648 2762 oporteat.

527 2791 754 2862 Magnus
782 2802 962 2845 autem
997 2790 1260 2852 Basilius,
1290 2791 1345 2844 in
1375 2805 1585 2844 canone.
1614 2790 1674 2854 5,
1708 2803 1900 2843 omnes
1927 2788 2038 2842 hae-

458 2887 656 2938 reticos
698 2883 791 2952 qui
835 2883 888 2935 in
936 2896 1165 2936 excessu
1205 2896 1236 2936 θ
1275 2880 1385 2935 vita
1424 2879 1805 2948 paenitentiam
1846 2888 2038 2949 agunt,

459 2974 747 3025 admittere
766 2972 938 3038 jubet,
961 2960 1337 3024 ex'aminantcs
1359 2984 1426 3022 an
1451 2984 1630 3022 veram
1659 2967 2037 3037 paenitentiam

460 3063 774 3125 ostendant,
799 3073 850 3117 et
877 3078 948 3116 an
971 3061 1182 3118 fructus
1207 3061 1440 3116 habeant
1465 3060 1558 3129 qui
1581 3058 1771 3114 salutis
1797 3058 2036 3114 studium

461 3155 845 3210 testiﬁeeutur.
2066 3198 2108 3256 C

531 3329 700 3384 Porro
732 3344 906 3382 canon
936 3328 1006 3382 2‘2
1036 3327 1230 3398 synodi
1286 3327 1730 3398 Carthaginensis
1768 3326 2038 3396 epise0pis

460 3424 544 3476 vel
581 3420 798 3476 clericis
830 3418 897 3474 ad
931 3419 1202 3474 bonorum
1245 3433 1470 3473 suorum
1511 3418 1881 3473 haereditatcm
1918 3417 2040 3470 inii-

459 3513 636 3566 dclem
659 3513 740 3564 vel
766 3510 1078 3566 haereticum
1103 3511 1326 3565 omnino
1350 3509 1612 3564 inducere
1636 3519 1799 3573 vetat,
1825 3507 2040 3563 etiamsi

461 3601 678 3672 cognati
710 3617 898 3655 eorum
930 3601 1061 3655 sint.

530 3693 718 3746 Canon
753 3702 935 3745 autem
967 3692 1063 3757 84,
1123 3692 1424 3762 Episcopo,
1460 3692 1674 3762 inquit,
1705 3693 1799 3760 qui
1833 3691 1886 3744 in
1921 3690 2044 3745 vitae

461 3787 610 3839 exitu
639 3792 1018 3837 testamentum
1042 3784 1287 3837 condens
1315 3783 1598 3838 haereticos
1623 3782 1887 3836 bonorum
1916 3797 2044 3836 suo-

462 3893 582 3930 rum
629 3876 868 3930 buercdes
907 3875 1318 3943 conscripserit,
1357 3875 1485 3929 licet
1523 3874 1572 3928 ei
1612 3875 1873 3944 sanguine
1911 3890 2043 3929 con-

2148 3876 2290 3944 μεῖν,
2320 3874 2416 3928 καὶ
2448 3877 2496 3927 εί
2520 3876 2646 3930 καθ’
2679 3874 2820 3946 αἷμα
2850 3877 3026 3946 τούτῳ
3061 3882 3425 3948 προσήκουσι,
3459 3879 3545 3931 καὶ
3571 3877 3688 3947 μετὰ

461 3966 642 4036 juttt‘ti
684 3967 812 4033 sint,
853 3968 1016 4022 etiam
1061 3974 1184 4036 post
1228 3976 1459 4020 mortem
1503 3966 1790 4021 anathema
1830 3966 2040 4020 denun-

2145 3967 2382 4020 θάνατον
2410 3966 2660 4038 ἀνάθεμα
2695 3968 2816 4022 δέον
2854 3969 2934 4039 τῷ
2967 3971 3194 4038 τοιούτῳ
3225 3972 3500 4040 λεχθῆναι,
3527 3969 3688 4022 καὶτὸ

465 4058 590 4111 tiari
611 4099 625 4122 ,
659 4066 716 4113 et
745 4073 947 4113 nomen
979 4058 1100 4128 ejus
1131 4073 1161 4112 e
1195 4061 1537 4112 sacerdotum
1574 4058 1837 4114 memoria
1873 4057 2042 4114 deleri

2143 4056 2318 4127 ὄνομα
2367 4058 2535 4112 αὐτοῦ
2582 4059 2682 4128 τῆς
2732 4059 2841 4113 τῶν
2889 4061 3078 4130 ἱερέων
3111 4065 3341 4136 μνήμης
3384 4061 3688 4128 ἀπαλειφθῆ·

463 4149 644 4204 debet.
2144 4168 2255 4206 ναι.

979 4243 1081 4313 17
1119 4243 1275 4312 Leges
1313 4245 1513 4297 civiles.

2665 4245 2847 4313 Νόμοι
2873 4249 3190 4302 πολιτικοί.

537 4332 706 4388 Porro
735 4342 790 4388 et
819 4351 845 4387 a
872 4333 1107 4390 diversis
1137 4335 1346 4405 legibus
1380 4338 1541 4393 basil.
1567 4353 1676 4394 non
1706 4339 2034 4408 permissum

465 4435 550 4481 est
583 4437 638 4479 ut
665 4427 902 4481 haeretici
936 4427 1178 4481 haeredes
1213 4431 1365 4492 tiaut,
1401 4445 1508 4483 non
1542 4431 1718 4484 solum
1769 4431 2036 4485 bonorum

2216 4335 2326 4388 Καὶ
2353 4337 2504 4402 παρὰ
2535 4333 2812 4403 διαφόρων
2842 4337 2898 4388 δέ
2927 4353 2990 4403 γε
3019 4337 3318 4406 βασιλικῶν
3350 4338 3524 4407 νόμων
3551 4338 3691 4405 αἰρεο.

2143 4429 2314 4489 τικοῖς
2355 4427 2453 4480 οὐκ
2479 4429 2877 4496 ἐπιτέτραπται
2906 4431 3286 4500 κληρονομεῖν,
3315 4433 3389 4503 μὴ
3413 4433 3490 4485 ὅτι
3511 4447 3568 4497 γε
3594 4428 3687 4480 τῶν

467 4533 590 4585 quae
621 4519 685 4570 ad
717 4517 1003 4586 episcopos
1048 4527 1102 4571 et
1156 4519 1407 4582 clericos,
1451 4522 1544 4574 sed
1599 4537 1776 4590 neque
1825 4535 2041 4584 eorum,

2151 4523 2260 4580 τοῖς
2306 4521 2624 4582 ἐπισκόποις
2661 4521 2974 4588 προσόντων
3007 4521 3038 4591 ἢ
3075 4522 3383 4592 κληρικοῖς,
3438 4521 3549 4576 ἀλλ’
3583 4517 3686 4572 οὐδὲ

465 4623 588 4677 qua:
631 4611 697 4661 ad
745 4609 1092 4664 Christianos
1139 4610 1314 4664 laicos
1359 4612 1651 4680 pertinent,
1689 4613 1904 4667 etiamsi
1946 4613 2040 4667 lilii

466 4713 656 4751 eorum
677 4697 899 4752 fuerint.
940 4699 1332 4754 llarrcticoruut
1357 4711 1536 4754 autem
1567 4702 1720 4756 liberi
1741 4702 2040 4755 Christiani

469 4790 622 4851 facti,
655 4801 912 4859 parentes
947 4806 1099 4852 suos,
1137 4795 1340 4846 victum
1381 4794 1482 4847 sibi
1517 4805 1570 4847 et
1618 4796 1872 4848 vestitum
1912 4811 2045 4864 sup-

471 4883 736 4950 peditare,
776 4895 825 4935 et
861 4885 1043 4937 dotem
1091 4885 1220 4937 dare
1243 4884 1398 4950 juxta
1432 4884 1709 4940 facultatis
1741 4903 1853 4941 suae
1889 4903 2044 4941 meu-

469 4987 654 5026 Sttram
689 4987 908 5041 Cogunt.

545 5153 646 5217 Qui
692 5169 797 5206 non
852 5155 1026 5207 credit
1079 5166 1324 5209 sanetam
1361 5155 1686 5209 Trinitatem
1740 5159 1938 5213 habere
1991 5162 2042 5214 in

473 5259 583 5299 uua
623 5242 827 5298 Deitate
867 5246 1127 5313 aequalem
1186 5248 1480 5314 potentiam
1511 5289 1524 5311 ,
1581 5266 1646 5302 ne
1696 5251 2045 5305 Christianos

475 5336 694 5402 quidem
744 5335 964 5397 dicitur,
1006 5336 1101 5388 sed
1135 5352 1372 5392 vesanus
1405 5348 1513 5404 est,
1545 5351 1598 5392 et
1655 5340 1965 5404 haereticos,
1990 5353 2044 5395 et

477 5428 718 5487 infamis,
745 5439 799 5481 et
830 5430 1074 5496 punitur.

552 5517 848 5574 Haereticus
897 5530 1017 5586 est,
1068 5531 1124 5574 et
1173 5521 1384 5589 legibus
1450 5521 1712 5574 adversus
1761 5521 2048 5577 haereticos

478 5611 605 5664 latis
634 5610 922 5678 obnoxius,
955 5613 1046 5682 qui
1077 5613 1143 5664 ab
1175 5611 1485 5664 orthodoxa
1519 5611 1623 5665 title
1653 5611 1733 5663 vel
1767 5613 2044 5680 paululum

477 5701 733 5755 declinat.
767 5701 906 5766 Quin
939 5713 993 5756 et
1038 5703 1322 5756 hzereticos
1384 5701 1586 5753 nullam
1629 5701 1913 5768 militiam,
1951 5717 2048 5757 nec

484 5791 750 5859 publicam
811 5795 1145 5848 curationem
1222 5808 1604 5861 quamcunque
1679 5793 1830 5846 obire
1889 5809 2048 5862 posse

2145 4611 2254 4660 ctLv
2289 4611 2401 4670 τοῖς
2432 4608 2642 4670 λαῖκοῖς
2681 4607 3052 4678 Χριστιανοῖς,
3090 4613 3138 4662 εί
3175 4612 3269 4663 καὶ
3315 4610 3500 4670 παῖδες
3527 4604 3686 4658 αὐτῶν

2146 4697 2360 4766 τύχοιεν
2394 4699 2545 4760 ὄντες
2566 4713 2578 4726 ο
2606 4699 2656 4749 οί
2684 4698 2738 4749 δέ
2772 4714 2832 4764 γε
2860 4699 2968 4750 τὼν
3007 4702 3304 4767 αἱρετικῶν
3338 4700 3539 4760 παῖδες,
3565 4697 3684 4764 Χρι-

2149 4793 2352 4842 στιανοὶ
2393 4793 2696 4858 γενόμενοι,
2735 4792 3102 4856 ἀναγκάζουσι
3156 4793 3281 4854 τοὺς
3339 4794 3498 4853 ἰδίους
3527 4789 3682 4856 γονεῖς

2148 4884 2452 4951 γενόμενοι.
2497 4884 2868 4946 ἀναγκάζουσι
2903 4886 3025 4943 τοὺς
3070 4885 3231 4947 ἰδίους
3275 4888 3450 4952 γονεῖς
3489 4881 3683 4950 τρέφειν

2149 4973 2346 5033 αὐτοὺς
2378 4975 2470 5024 καὶ
2503 4972 2728 5033 ἐνδύειν,
2766 4973 2858 5024 καὶ
2889 4977 3092 5040 προῖκα
3121 4973 3328 5035 τούτοις
3357 4965 3682 5024 διδόναικατᾶ

2147 5067 2208 5116 τὸ
2243 5065 2444 5133 μέτρον
2467 5063 2568 5131 τῆς
2599 5063 2779 5116 αὐτῶν
2814 5063 3156 5129 περιουσίας.

2231 5158 2291 5208 ὐ
2323 5156 2398 5227 μὴ
2427 5153 2663 5219 δοξάζων
2697 5155 2794 5222 τὴν
2823 5155 2985 5218 ἁγίαν
3012 5155 3219 5225 Τριάδα
3247 5155 3306 5206 ἐν
3359 5155 3455 5223 μιᾷ
3495 5148 3681 5216 θεότητι

2153 5250 2498 5317 ἱσοδύναμον,
2550 5247 2676 5299 οὕτε
2723 5247 3053 5317 Χριστιανὸς
3093 5247 3337 5313 λέγεται,
3379 5248 3469 5299 καὶ
3515 5241 3679 5308 ἄφρων

2149 5344 2288 5403 ἐστι,
2316 5343 2408 5392 καὶ
2433 5338 2726 5408 αἱρετικὸς,
2760 5338 2850 5391 καὶ
2884 5337 3102 5408 ἄτιμος,
3139 5339 3231 5391 καὶ
3262 5337 3590 5406 τιμωρεῖται.

2221 5514 2504 5585 Λὶρετικός
2536 5515 2652 5566 ἐστι
2680 5515 2772 5567 καὶ
2801 5515 2912 5576 τοῖς
2935 5512 3078 5565 κατὰ
3117 5512 3224 5565 τῶν
3257 5507 3536 5581 αἱρετικῶν
3567 5499 3678 5553 ὑπό-

2151 5625 2332 5662 κειται
2363 5607 2548 5674 νόμοις
2577 5608 2605 5658 ὁ
2640 5605 2833 5676 μικρὸν
2859 5604 2988 5674 γοῦν
3018 5606 3282 5657 ἐκκλίνων
3308 5602 3404 5670 τῆς
3429 5593 3676 5669 spectatam:

2151 5699 2423 5760 πίστεως·
2450 5697 2586 5750 ἀλλά
2620 5699 2714 5749 καὶ
2747 5696 3018 5766 μηδεμίαν
3055 5695 3358 5767 στρατείαν,
3382 5691 3517 5761 ῆτὴν
3550 5687 3675 5737 οἱανο

2153 5793 2245 5847 οὖν
2301 5792 2558 5861 δημόσιον
2615 5788 2873 5859 φροντίδα
2928 5788 3170 5859 μετιέναι
3228 5785 3354 5848 τοὺς
3400 5773 3674 5850 αίρετικοὺς
