4016 6386
439 433 577 500 10ῆό

1388 429 1797 492 SYNTAGMA
1839 431 2468 498 ALPHABETICUM.
2510 461 2579 474 -
2622 435 2690 497 Α.

3487 339 3500 368 ι

3551 427 3688 492 154

435 549 786 619 θεσπίζομεν,
822 547 960 618 μήτε
991 543 1407 617 ἀξιωματικοὺς
1435 547 1707 615 γίνεσθαι,
1745 547 1822 616 μὴ
1863 547 2007 600 διδά-

2117 550 2507 616 decernimus;
2551 553 2743 622 utique
2786 566 2890 610 nec
2920 550 3220 624 dignitates
3244 549 3464 618 assequi
3497 563 3683 618 posse,

435 659 588 696 σκειν
611 639 859 703 τούτους,
887 640 964 709 μὴ
988 639 1324 710 χειροτονίας
1346 641 1544 704 ποιεῖν,
1578 641 1653 709 μὴ
1677 637 2001 692 λιτανεύειν·

434 732 749 804 αἱρετικοὺς
782 732 840 786 δὲ
869 731 1104 800 λέγομεν
1135 732 1348 794 πάντας
1377 726 1521 784 εἷναι
1553 731 1680 791 τοὺς
1726 731 1800 800 μὴ
1842 748 2007 799 μετα-

435 825 815 895 λαμϐάνοντας
839 822 948 878 τῶν
973 824 1329 892 άγιασμάτων
1347 839 1425 875 πα
1432 821 1502 894 ρὰ
1522 822 1630 875 τῶν
1655 823 1700 874 is
1709 822 1845 892 ρέων
1862 822 2004 876 κατὰ

434 916 534 981 τὴν
564 915 725 983 ἁγίαν
750 913 844 967 τοῦ
867 913 1007 968 Θεοῦ
1049 911 1406 980 Ἐκκλησίαν.

503 1009 799 1076 Μανιχαῖοι
849 1006 946 1059 καὶ
979 1005 1304 1058 Δονατισταὶ
1361 1004 1435 1073 μὴ
1489 1005 1761 1074 ἐχέτωσαν
1795 1005 1862 1058 τὰ
1897 1007 2005 1059 τῶν

432 1099 728 1167 όρθοδόξων
750 1099 1043 1168 προνόμια,
1071 1095 1210 1150 ἀλλὰ
1233 1095 1328 1150 καὶ
1355 1097 1600 1166 ἐσχάτως
1622 1097 2004 1168 τιμωρείσθω-

434 1207 570 1244 σαν·
605 1189 872 1253 ὡσαύτως
921 1189 1011 1243 καὶ
1051 1190 1100 1242 oi
1146 1188 1646 1258 Ἀπολλιναρισταὶ,
1695 1190 1792 1242 καὶ
1838 1190 1890 1242 oi
1930 1190 2005 1260 μὴ

431 1285 554 1347 ταῖς
590 1281 775 1349 ἁγίαις
823 1284 1088 1351 τέσσαρσι
1124 1280 1367 1342 συνόδοις
1416 1280 1757 1350 πειθόμενοι,
1809 1283 1904 1335 καὶ
1957 1285 2006 1335 oi

433 1375 576 1429 κατά
599 1377 699 1446 τῆς
732 1373 896 1442 ἁγίας
940 1371 984 1427 δ’
1023 1373 1246 1427 συνόδου
1285 1371 1319 1442 ἢ
1353 1372 1535 1442 λέγειν
1574 1391 1628 1426 τι
1668 1373 1700 1442 ἢ
1731 1375 2009 1428 διδάσκειν

431 1465 764 1534 τολμῶντες.

503 1559 828 1628 Μανιχαῖος,
872 1558 922 1611 εί
953 1559 1013 1612 ἐν
1049 1557 1346 1630 Ῥωμαῖκῷ
1379 1556 1529 1628 τόπῳ
1558 1559 1750 1632 ὀφθείη
1780 1559 2004 1629 διάγων,

431 1649 850 1720 ἀποτεμνέσθω.
1890 1647 1896 1656 ’

469 1742 875 1797 ’Μοντανισταὶ
915 1741 1216 1813 ἐξαιρέτως
1271 1742 1476 1812 μηδένα
1516 1741 1626 1796 τῶν
1664 1745 1798 1815 παρ’
1823 1738 2008 1806 αὐτοῖς

2109 657 2212 696 nec
2246 643 2477 709 docere,
2525 659 2624 698 nec
2653 642 3034 698 ordinationes
3071 643 3274 706 facere,
3309 655 3410 695 nec
3461 640 3682 694 litanias

2108 733 2407 788 celebrare.
2438 733 2678 788 Dicimus
2726 742 2907 788 autem
2944 732 3240 787 haereticos
3285 745 3408 784 esse
3462 745 3679 790 omnes.
3727 715 3730 718 ⁴

2107 824 2196 890 qui
2233 823 2608 888 sacramentis,
2643 836 2762 891 qua:
2787 821 2992 877 dantur
3022 835 3050 874 a
3085 818 3464 875 sacerdotibus
3501 818 3554 872 iu
3587 817 3679 872 Dei

2107 919 2376 982 Ecclesia,
2409 933 2517 972 non
2556 927 2986 973 communicant.

2179 1009 2460 1064 Manichtei
2491 1019 2545 1064 et
2574 1011 2868 1064 Donatistae
2905 1007 3340 1062 orthodoxorum
3379 1003 3682 1074 privilegiis

2108 1119 2176 1157 ne
2215 1103 2489 1168 fruantur,
2546 1118 2734 1156 verum
2765 1102 2930 1156 etiam
2977 1110 3223 1155 extremo
3265 1099 3536 1168 supplicio
3566 1096 3687 1150 afri-

2107 1195 2350 1253 ciantnr.
2397 1194 2666 1250 Similiter
2695 1205 2749 1250 et
2780 1195 3216 1266 Apollinaristze,
3250 1192 3396 1262 iique
3425 1191 3519 1257 qui
3545 1205 3683 1258 qua-

2110 1296 2234 1340 tuor
2289 1289 2496 1343 sanctis
2536 1287 2788 1343 conciliis
2817 1302 2924 1341 non
2958 1285 3256 1350 obediunt;
3287 1293 3344 1339 et
3372 1283 3684 1352 quicunque

2108 1392 2297 1432 contra
2354 1392 2608 1448 quartum
2675 1387 2931 1434 sanctum
2993 1377 3289 1434 concilium
3352 1376 3684 1432 velv-dicerc

2108 1470 2416 1536 quidpiam.
2454 1469 2535 1522 vel
2569 1469 2768 1523 docere
2793 1470 2910 1524 ausi
2945 1476 3096 1522 sunt.
3735 1459 3752 1467 “

2183 1559 2536 1626 Manichacus,
2572 1560 2616 1612 si
2673 1559 2728 1613 in
2774 1560 2897 1615 loco
2946 1559 3199 1615 Romano
3245 1557 3444 1627 degere
3485 1554 3684 1624 depre—

2109 1650 2318 1705 hensus
2353 1650 2542 1716 fuerit,
2567 1651 2892 1706 decolletur.

2182 1741 2530 1798 Montanistze
2597 1743 2872 1812 praecipue
2935 1740 3142 1796 nullum
3192 1754 3406 1807 eorum,
3452 1739 3550 1807 qui
3598 1737 3687 1792 di-

433 1833 790 1904 καλουμένων
818 1835 1184 1905 Πατριαρχῶν
1206 1835 1240 1904 ἢ
1265 1834 1544 1906 κληρικῶν
1563 1834 1713 1898 ἐντὸς
1732 1834 2007 1904 ἐχέτωσαν

2113 1845 2335 1899 cuntur,
2398 1834 2878 1905 patriarcharum,
2919 1833 3008 1888 Vel
3063 1832 3390 1887 clericorum
3451 1831 3690 1886 habeant

431 1925 1110 1988 Κωνσταντινουπόλεωςο
1161 1924 1560 1979 κωλυέσθωσαν
1608 1925 1668 1980 δὲ
1715 1927 1814 1980 καὶ
1854 1928 2005 1990 ἐντὸς

432 2017 604 2085 αὐτῆς
635 2017 1053 2088 στρατεύεσθαι,
1078 2017 1113 2088 ἢ
1144 2017 1397 2071 συσσίτια
1417 2019 1614 2082 ποιεῖν,
1639 2017 1672 2088 ἢ
1696 2017 2005 2088 ἀνδράποδα

434 2107 866 2178 ἐμπορεύεσθαι.

500 2202 805 2274 Αίρετικδς,
828 2201 972 2258 κατὰ
1011 2199 1298 2272 ὁρθοδόξου
1334 2201 1410 2273 μὴ
1451 2203 1824 2274 μαρτυρείτω.

515 2377 1005 2434 Ἐκϐαλλέσθωσαν
1028 2379 1086 2432 δὲ
1112 2378 1210 2433 καὶ
1237 2381 1293 2432 αί
1321 2380 1598 2450 αίρετικαὶ
1619 2384 1878 2449 γυναῖκες
1897 2383 2006 2438 τῶν

430 2471 732 2540 δεδομένων
765 2470 1077 2540 προνομίων
1106 2473 1233 2534 ταῖς
1263 2471 1600 2540 ὀρθοδόξοιςο
1642 2473 1701 2525 οὐ
1733 2474 1843 2544 γὰρ
1874 2475 2006 2544 περὶ

429 2562 529 2632 τὴν
562 2561 825 2616 ίκάνωσιν
867 2562 970 2632 τῆς
1005 2563 1232 2634 προικὸς
1262 2563 1446 2616 αὐτῶν
1495 2565 1590 2618 καὶ
1638 2565 1748 2618 τῶν
1799 2583 2008 2634 προγα-

437 2655 636 2726 μιαίων
661 2655 879 2723 δωρεῶν
912 2657 1424 2726 προτιμηθήσονται
1454 2657 1565 2710 τῶν
1594 2661 1877 2729 προτέρων
1915 2661 2008 2714 δα-

431 2746 663 2802 νειστῶν
716 2749 813 2801 τοῦ
860 2748 1074 2818 ἀνδρὸς,
1123 2748 1313 2819 ὥσπερ
1359 2749 1416 2802 αἱ
1459 2749 1748 2817 ὀρθόδοξοι.
1782 2751 2005 2824 Ἐπειδὴ

431 2839 543 2908 γὰρ
604 2839 788 2909 φησὶν,
819 2839 1016 2902 ἑαυτάς
1043 2840 1152 2894 τῶν
1174 2841 1268 2893 τοῦ
1301 2840 1434 2894 Θεοῦ
1462 2842 1750 2912 χωρίζουσι
1767 2844 2003 2913 δωρεῶν,

431 2932 528 2984 καὶ
554 2934 653 2998 τῆς
685 2931 956 3000 άχράντου
993 2932 1284 2994 κοινωνίας
1313 2932 1414 2998 τῆς
1451 2932 1746 3001 καθολικῆς
1777 2935 2010 3004 Ἐκκλη-

435 3019 556 3084 cla;
587 3020 951 3093 ἁλλοτριοῦσι.
999 3021 1209 3078 δίκαιον
1241 3024 1308 3078 ἂν
1333 3025 1416 3094 εἴη
1449 3024 1672 3078 καὶτῶν
1693 3025 1827 3097 παρ’
1848 3028 2007 3096 ἡμῶν

433 3113 829 3183 δεδωρημένων
859 3116 983 3178 ταῖς
1020 3114 1274 3168 εὐσεϐέσι
1323 3115 1435 3169 τῶν
1469 3116 1748 3183 γυναικῶν
1784 3117 2006 3172 δικαίων

2114 1927 2258 1981 intra
2301 1924 2858 1994 Constantinopolim.
2883 1921 3294 1978 Prohibeantur
3325 1931 3507 1976 autem
3541 1921 3686 1975 intra

2113 2036 2234 2078 eam
2274 2021 2522 2076 militiam
2575 2034 2855 2084 exercere,
2887 2017 2969 2074 vel
2999 2017 3431 2073 comessationes
3480 2014 3685 2076 facere,

2112 2113 2196 2168 vel
2227 2111 2498 2181 mancipia
2523 2126 2727 2166 emere.

2183 2201 2487 2257 Hart-sticus
2544 2199 2915 2256 testimonium
2959 2197 3558 2275 contra'orthodoxum
3620 2208 3688 2247 ne

2112 2293 2280 2349 dicat.

2183 2385 2324 2452 Quin
2361 2393 2416 2439 et
2445 2385 2716 2441 haeretica
2745 2383 3009 2439 mulieres
3043 2379 3352 2452 privilegiis
3403 2393 3523 2449 quae
3553 2378 3690 2434 dan-

2117 2486 2204 2531 tur
2225 2476 2548 2532 orthodoxis
2578 2475 2856 2531 excidant.
2891 2472 3010 2529 Non
3040 2473 3185 2528 enim
3215 2474 3364 2527 circa
3398 2471 3543 2526 dotis
3577 2486 3690 2526 sua:

2111 2579 2168 2624 et
2205 2569 2560 2624 donationum
2610 2577 2738 2623 ante
2789 2566 3006 2635 nuptias
3052 2563 3438 2620 sufficientiam
3493 2561 3693 2631 priori-

2113 2665 2216 2716 hus
2250 2661 2347 2714 viri
2403 2659 2766 2714 creditoribus
2814 2657 3196 2727 praeferemur,
3225 2653 3686 2724 quemadmodum

2115 2753 2367 2807 mulieres
2387 2752 2728 2806 orthodoxm.
2752 2749 3022 2815 Quoniam
3053 2749 3198 2801 enim
3226 2749 3458 2816 seipsas,
3485 2745 3684 2814 inquit.

2111 2859 2144 2899 a
2191 2843 2281 2897 Dei
2345 2843 2502 2896 donis
2539 2851 2821 2909 separant,
2873 2847 2929 2892 et
2975 2839 3042 2891 ab
3079 2837 3367 2907 impolluta
3424 2835 3687 2890 Ecclesia:

2112 2933 2396 2990 catholica:
2425 2932 2816 2987 communione
2845 2931 3108 2994 alienant,
3131 2945 3348 2998 aequum
3381 2929 3543 2982 etiam
3578 2939 3686 2990 est,

2112 3035 2174 3082 ut
2212 3041 2241 3079 a
2270 3025 2483 3095 juribns
2513 3033 2564 3078 et
2608 3023 2908 3093 privilegiis
2947 3022 3049 3091 piis
3103 3021 3431 3075 mulieribus
3465 3036 3494 3074 a
3528 3021 3687 3074 nobis

2113 3120 2391 3177 concessis
2423 3118 3001 3196 alienentur.‘Etenim
3026 3117 3263 3185 religiosi
3299 3115 3682 3186 religiosorum

433 3206 531 3264 καὶ
585 3207 902 3276 προνομίων
969 3206 1406 3275 ἀλλοτριοῦσθαι.
1440 3207 1561 3261 Τῶν
1603 3209 1712 3282 γάρ
1765 3209 2007 3264 εὐσεϐῶν

2115 3212 2490 3268 henefactores
2517 3220 2571 3265 ct
2601 3210 2943 3280 legislatores
2971 3224 3000 3263 a
3023 3209 3130 3262 Deo
3151 3207 3438 3263 constituti
3469 3221 3688 3269 sumus,

433 3298 684 3361 εὖσεδείς
734 3300 888 3363 ὄντες
921 3299 1207 3370 εὐεργέται
1243 3302 1340 3354 καὶ
1371 3301 1662 3370 νομοθέται
1693 3304 1830 3372 πρὸς
1855 3303 2005 3366 ιΘεοῦ

433 3393 876 3463 καθεστήκαμεν,
906 3392 968 3444 οὐ
994 3393 1104 3445 τῶν
1128 3395 1256 3462 περὶ
1277 3394 1567 3464 ἐλαχίστου
1598 3394 1664 3448 τὰ
1691 3395 1790 3464 τῆς
1819 3395 2008 3462 ὑγιοῦς

433 3489 670 3550 πίστεως
703 3486 1032 3554 τιθεμένων·
1085 3490 1264 3538 κοινὸν
1312 3487 1418 3556 γὰρ
1476 3487 1610 3555 ἡμῖν
1665 3486 1818 3538 οὐδὲν
1872 3486 2010 3556 πρὸς

432 3580 696 3641 ἐκείνους.
728 3578 862 3639 Ταῖς
897 3577 1149 3647 νομίμοις
1173 3594 1236 3645 γε
1270 3577 1376 3647 μὴν
1408 3579 1536 3640 τοὺς
1571 3577 1885 3647 αἱρετικοὺς
1910 3595 2006 3632 τα·

433 3672 565 3741 φαϊς
598 3669 990 3740 παραδίδοσθαι
1032 3668 1453 3740 συγχωροῦμεν.

503 3783 752 3838 ΚΕΦΔΛ.
789 3781 866 3837 Γ¹.
911 3779 1044 3846 Πῶς
1071 3781 1170 3852 ,δεῖ
1201 3781 1306 3846 τὰς
1338 3782 1667 3849 λεγομένας
1695 3781 1933 3852 ἀγάπης

787 3853 1001 3913 ποιεῖν,
1044 3851 1176 3919 ἤτοι
1215 3852 1286 3904 τὰ
1316 3856 1653 3920 συμπόσια.

514 3939 574 3994 '0
613 3940 712 4010 μιν
754 3937 821 3994 ια’
856 3939 956 4010 τῆς
994 3941 1053 3992 ἐν
1115 3939 1341 4009 Γάγγρᾳ
1390 3940 1610 3994 συνόδου
1654 3941 1859 4005 κανὼν,
1883 3945 2010 4008 τοὺς

435 4033 712 4085 κοινωνεῖν
746 4029 821 4100 μὴ
871 4029 1237 4099 ἀνεχομένους
1267 4033 1380 4092 τοῖς
1415 4034 1478 4084 ὲκ
1519 4033 1757 4096 πίστεως
1786 4035 1882 4086 καὶ
1915 4035 2009 4088 εὑ-

434 4119 654 4184 λαδείας
684 4121 782 4182 τὰς
807 4119 1105 4186 λεγομένας
1136 4120 1357 4185 ἀγάπας
1385 4121 1441 4172 ἐν
1457 4120 1756 4192 Ἐκκλησία
1774 4124 2008 4190 ποιοῦσι,

434 4217 527 4267 καὶ
559 4213 640 4274 είς
677 4211 842 4281 τιμὴν
873 4209 971 4263 τοῦ
1005 4210 1212 4281 Κυρίου
1246 4211 1382 4272 τοὺς
1421 4211 1685 4280 ἀδελφοὺς
1717 4215 1796 4277 είς
1830 4215 2011 4268 ἑστία-

439 4322 522 4357 σιν
570 4301 1111 4373 προσλαμϐάνουσιν,
1151 4302 1225 4361 ὡς
1260 4303 1723 4372 βδελυσσομένους
1758 4305 1819 4357 τὸ
1860 4305 2010 4372 γινό-

438 4411 620 4463 μενον,
647 4393 727 4460 τῷ
751 4391 1057 4460 ἀναθέματι
1093 4394 1474 4458 παραπέμπει.
1529 4390 1591 4442 Εἰ
1629 4392 1739 4460 γὰρ
1775 4393 2009 4454 καὶτοῖς

2115 3320 2220 3358 non
2256 3312 2438 3357 autem
2474 3317 2662 3355 eorum
2697 3301 2998 3368 quisanam
3032 3299 3190 3352 tidem
3219 3297 3373 3367 parvi
3401 3297 3685 3367 pendunt:

2117 3396 2252 3450 nihil
2283 3395 2429 3448 enim
2463 3394 2620 3448 nobis
2660 3407 2784 3446 cum
2819 3391 2886 3445 iis
2915 3405 3208 3446 commune
3251 3399 3356 3444 est.
3394 3387 3692 3444 Haereticos

2116 3497 2298 3541 autem
2332 3487 2585 3557 legitimis
2627 3483 2898 3554 sepulcris
2949 3483 3088 3536 tradi
3136 3480 3532 3552 permittimus.

2109 3778 2264 3834 CAP.
2294 3776 2384 3834 Ill.
2422 3777 2700 3844 Quomodo
2726 3794 2950 3846 agapas,
2977 3792 3094 3847 qua:
3118 3783 3396 3842 vocantur,
3417 3789 3515 3828 seu
3557 3789 3688 3828 con-

2539 3849 2674 3902 vivia
2708 3847 2974 3902 celebrare
3014 3847 3220 3901 deceat.

2183 3937 2518 3994 Undecimus
2549 3956 2670 4010 syn.
2698 3939 3001 4008 Gangrenze
3035 3953 3210 3994 canon
3263 3938 3332 3992 iis
3369 3937 3462 4007 φιιί
3495 3951 3685 3992 eorum

2112 4031 2555 4084 communionem
2597 4047 2704 4086 non
2744 4033 2946 4096 ferunt,
2987 4032 3082 4100 qui
3141 4044 3210 4083 ex
3266 4027 3372 4082 fide
3403 4041 3456 4081 et
3489 4030 3686 4096 pietate

2112 4137 2310 4191 agapas
2331 4121 2507 4176 dictas
2547 4122 2601 4175 in
2649 4121 2890 4176 ecclesia
2919 4129 3206 4191 peragunt,
3239 4130 3295 4173 et
3330 4119 3382 4172 iu
3419 4119 3683 4173 honorem

2115 4213 2326 4266 Domini
2369 4211 2564 4268 fratres
2596 4213 2663 4268 ad
2697 4213 3009 4268 convivium
3043 4209 3447 4281 accipiunt,'ab
3483 4222 3550 4262 eo
3582 4207 3684 4260 uti-

2113 4325 2219 4378 que
2255 4311 2399 4379 quod
2449 4309 2651 4362 factum
2687 4315 2769 4359 est
2822 4304 3206 4366 abhorrentes,
3256 4302 3546 4356 anathema
3590 4301 3686 4352 dc-

2116 4401 2352 4456 nuntiat.
2407 4400 2555 4454 Licet
2609 4397 2755 4452 enim
2791 4409 2821 4450 a
2863 4396 3169 4450 canonibus
3220 4391 3688 4462 subsequentibus

439 4483 838 4555 ῥηθησομένοις
888 4483 1078 4534 κανόσι
1132 4481 1306 4534 ταῦτα
1376 4481 1624 4547 γίνεσθαι
1675 4482 2007 4552 ἀπείρηται,

2117 4495 2222 4549 tale
2252 4493 2529 4562 quidpiam
2586 4490 2700 4544 ﬁeri
2751 4491 2977 4544 vetitum
3016 4490 3116 4554 sit,
3155 4486 3456 4557 aliquando
3491 4494 3675 4539 tamen

437 4576 550 4629 ἀλλ’
580 4571 673 4628 οὖν
707 4575 821 4637 τοῖς
849 4574 1029 4644 ἁγαθῇ
1060 4571 1258 4644 γνώμη
1288 4573 1448 4626 τοῦτο
1478 4572 1682 4643 δρῶσιν
1727 4571 1876 4624 ἔστιν
1905 4573 2012 4642 ὅπη

439 4669 668 4734 ἐφεῖται.

520 4758 579 4808 ’0
610 4759 664 4809 δὲ
699 4755 777 4809 οδ¹
811 4757 910 4824 τῆς
944 4761 998 4820 ς’
1032 4755 1250 4808 συνόδου
1299 4755 1500 4822 κανὼν,
1537 4757 1632 4809 καὶ
1660 4759 1688 4809 ὁ
1717 4754 1804 4825 κη’
1832 4756 1929 4825 τῆς
1953 4757 2012 4808 ἐν

439 4849 763 4918 Λαοδικείᾳ,
808 4847 1120 4918 ἀφορισμὸν
1191 4848 1645 4900 ἐπανατείνονται
1695 4850 1806 4909 τοῖς
1865 4847 2011 4899 ἔνδον

441 4939 734 5008 ἐκκλησίας
784 4937 818 5008 ἢ
869 4936 962 4990 τοῦ
1011 4938 1291 5006 Κυριακοῦ
1322 4937 1618 5003 δειπνοῦσι,
1657 4940 1749 4990 καὶ
1789 4937 2012 5006 ἀγάπην

439 5031 600 5100 δῆθεν
642 5008 907 5092 ἐσθίουςι,
944 5030 1040 5083 καὶ
1087 5029 1395 5100 ἀκούμόιτα
1440 5029 1766 5096 στρωννύειν
1797 5030 2011 5099 τολμῶ-

445 5137 565 5174 σινο
606 5121 743 5175 ἀλλὰ
772 5121 882 5192 γὰρ
911 5120 1055 5185 ἄπας
1086 5122 1253 5184 τόπος
1291 5122 1366 5188 τῷ
1403 5121 1520 5191 Θεῷ
1589 5121 2010 5189 ἁνατεθειμέ.ος

445 5213 702 5285 κυριακδς
725 5212 962 5279 λέγεται.
999 5213 1253 5281 ’Δρχαίον
1279 5211 1334 5264 δὲ
1359 5207 1428 5280 ἦν
1448 5211 1592 5279 ἔθος,
1619 5211 1758 5280 μετὰ
1780 5214 1880 5283 τὴν
1902 5213 2009 5263 τῶν

444 5306 606 5360 θείων
651 5305 938 5358 κοινωνίαν
990 5302 1308 5372 μυστηρίων
1355 5303 1540 5370 κοινὴν
1573 5304 1852 5371 τράπεζαν
1883 5303 2010 5364 τοὺς

444 5395 735 5458 πλουσίους
758 5397 869 5456 τοῖς
896 5395 1091 5463 πένησι
1125 5395 1459 5464 προτιθέναι.
1498 5395 1702 5447 Τούτου
1732 5393 1824 5447 τοῦ
1856 5394 2010 5456 ἔθους

444 5485 538 5537 καὶ
575 5486 602 5537 ὁ
635 5483 812 5550 μέγας
863 5483 1158 5544 ἀπόστολος
1198 5482 1408 5545 Παῦλος
1448 5485 1503 5535 ἐν
1532 5486 1599 5552 τῇ
1639 5483 1772 5552 πρὸς
1817 5484 2012 5553 Κοριν-

445 5575 591 5640 θίους
630 5576 903 5645 μέμνηται
951 5574 1033 5626 α”
1067 5577 1270 5634 ἐκεῖνος
1301 5577 1409 5646 γὰρ
1446 5577 1538 5628 καὶ
1584 5575 1803 5645 ἀγάπην
1851 5574 2010 5626 τοῦτο

445 5667 623 5730 καλεῖ,
653 5665 686 5736 ἢ
729 5665 802 5726 ὡς
830 5667 909 5728 είς
959 5667 1187 5735 ἀγάπην
1221 5667 1472 5734 συνάγον,
1508 5667 1541 5738 ἢ
1575 5669 1648 5729 ὼς
1689 5668 1756 5719 δι’
1787 5666 2008 5734 ἀγάπην

445 5758 771 5826 γενόμενον·
819 5756 934 5810 ἀλλ’
973 5759 1048 5820 ὡς
1096 5761 1387 5828 παραίτιον
1441 5759 1736 5812 σκανδάλου
1785 5760 2010 5826 γεγονδς

447 5847 694 5918 ὓστερον,
743 5852 788 5902 οἱ
825 5851 955 5902 θ.ἰι;ι
992 5853 1225 5921 Πατίρες
1356 5850 1579 5902 ’λυσαν
1619 5849 1920 5919 ἁκούμϐιτα
1949 5850 2005 5902 δὲ

2111 4585 2180 4640 iis
2209 4586 2301 4654 qui
2341 4585 2484 4638 hono
2520 4582 2771 4637 instituto
2805 4580 2855 4634 id
2889 4580 3118 4644 faciunt,
3143 4579 3472 4650 permissum
3507 4587 3612 4631 est.

2186 4758 2293 4826 Ls
2342 4757 2550 4810 (Janon.
2589 4765 2767 4808 autem
2817 4755 2884 4806 ’74
2951 4770 3071 4825 syn.
3127 4770 3200 4814 vt.
3271 4769 3372 4809 nec
3429 4769 3538 4808 non
3613 4754 3686 4809 28

2110 4865 2232 4920 syn.
2270 4847 2608 4907 Laodicenaz,
2639 4845 2706 4898 iis
2734 4846 2825 4914 qui
2877 4845 3024 4898 intus
3059 4845 3347 4899 ecclesiam
3391 4845 3471 4899 vel
3505 4847 3686 4900 locum

2115 4937 2455 4991 Dominicqu
2516 4951 2728 4989 (cenant
2791 4945 3048 4998 sumunt,
3117 4935 3440 5003 ibidemque.
3483 4951 3688 5006 agapas

2111 5028 2426 5090 comedunt,
2453 5038 2506 5081 et
2539 5028 2829 5081 accubitus
2860 5037 3108 5082 sternere
3137 5029 3258 5081 ausi
3287 5039 3437 5088 sunt.
3463 5046 3713 5100 excom-_

2112 5122 2534 5174 tnuuicatinnem
2586 5123 2842 5175 intentat.
2896 5120 3087 5176 Omnis
3146 5132 3329 5176 autem
3380 5123 3536 5176 locus
3581 5123 3690 5175 [)eo

2111 5225 2475 5266 Consecratus
2514 5215 2830 5268 Dominicus
2869 5215 3092 5268 dicitur.
3141 5213 3266 5268 Erat
3323 5216 3511 5283 utique
3567 5228 3690 5266 mos

2109 5305 2390 5371 antiquus,
2429 5315 2485 5357 ut
2517 5322 2638 5374 post
2680 5307 2989 5359 divinorum
3046 5306 3428 5378 mysteriorum
3463 5306 3688 5375 particiv

2109 5397 2408 5462 pauonem,
2440 5395 2634 5449 divites
2668 5411 3016 5450 communem
3063 5414 3307 5452 mensam
3352 5397 3688 5470 pauperibus

2109 5497 2463 5554 apponerent.
2498 5485 2671 5553 Hujus
2715 5489 3134 5543 consuetudinis
3169 5489 3419 5543 meminit
3449 5505 3683 5557 magmts

2109 5577 2390 5644 apostolus
2419 5576 2621 5631 Paulus
2654 5579 2707 5631 in
2751 5584 2922 5647 prima
2952 5579 3195 5648 Epistula
3231 5583 3297 5634 ad
3335 5580 3684 5643 Corinthios;

2108 5683 2339 5737 eatnque
2367 5670 2689 5724 charitatem
2733 5673 3002 5740 appellat,
3040 5673 3120 5727 vel
3162 5683 3220 5726 ut
3255 5673 3321 5727 ad
3352 5673 3680 5727 charitalem

2108 5755 2526 5823 conducentem,
2579 5761 2660 5816 vel
2705 5770 2764 5815 ut
2809 5771 3034 5831 propter
3088 5763 3412 5819 charitatcm
3459 5763 3684 5830 [CCI-IIII,

2114 5847 2309 5902 Verum
2363 5865 2484 5903 cum
2539 5849 3008 5922 postea'scandali
3049 5852 3267 5907 occasio
3301 5860 3464 5917 esset,
3496 5868 3528 5914 a
3558 5865 3682 5907 san—
