4016 6446
376 376 565 469 1055’

1570 400 1941 463 ΜΑΤΤΗᾸίΙ
1986 398 2413 460 BLASTARIS

3515 387 3646 454 1056

369 521 473 572 rtis
525 516 778 573 Patribus
841 512 1118 584 prohibita
1169 522 1310 568 erat.
1371 510 1710 581 Ἀκούμϐιτα
1767 522 1947 565 autem

2075 508 2348 571 ta'tt‘JtXG);
2413 500 2711 578 στρωμνὰς
2767 501 2851 568 είς
2920 500 3057 573 ὕψος
3119 494 3387 572 ἠρμὲνας
3459 495 3637 568 δηλοῖ.

372 606 566 661 Latine
627 606 799 658 lectos
840 605 893 657 in
947 603 1118 657 altum
1177 603 1420 657 elevatos
1464 602 1777 673 signiﬁcant
1814 619 1827 654 :
1866 617 1954 653 ac-

374 699 561 753 cumba
594 697 739 752 enim
780 696 926 766 apud
961 710 1060 751 eos
1105 696 1246 750 idem
1271 704 1354 750 est
1387 695 1531 764 quod
1570 697 1879 749 ἀναπίπτω.

450 791 648 843 Eadem
707 788 869 841 etiam
938 787 1132 857 synodi
1183 786 1630 856 Carthaginiensis
1683 803 1855 841 canon
1889 784 1958 838 42

380 882 608 943 statuit,
649 882 896 934 convivia
929 880 981 932 in
1016 878 1248 933 ecclesia
1281 881 1543 934 celebrari
1571 878 1797 932 omnino
1831 894 1958 949 pro-

379 972 573 1024 hibens
628 972 783 1023 :nisi
825 970 1114 1038 quisquam
1174 984 1402 1038 peregre
1461 971 1564 1023 iter
1607 970 1848 1031 faciens,
1903 975 1958 1021 et

379 1063 684 1115 diversorio
739 1062 1011 1130 indigens,
1067 1077 1179 1131 prae
1216 1062 1546 1116 necessitate
1577 1063 1630 1115 in
1671 1061 1956 1115 ecclesiam

380 1154 665 1223 ingressus
695 1151 880 1205 fuerit.

597 1263 750 1320 CAP.
780 1264 870 1318 IV.
942 1265 1018 1319 De
1040 1267 1299 1334 emptione
1331 1282 1393 1318 ac
1419 1265 1732 1319 venditione.

985 1335 1147 1404 Leges
1173 1337 1368 1388 civiles.

452 1424 671 1493 Emptio
703 1433 756 1478 et
784 1424 1025 1477 venditio
1050 1427 1268 1484 tit,cum
1307 1432 1538 1491 utraque
1561 1423 1956 1491 paciscentiqu

382 1532 512 1585 pars
542 1518 607 1570 de
635 1518 809 1585 pretio
850 1516 1193 1571 consenserit
1230 1533 1245 1569 :
1287 1515 1379 1568 hic
1412 1515 1644 1583 pretium
1677 1515 1956 1577 solvendo,

324 1672 331 1681 γ
383 1609 477 1663 ille
532 1609 673 1678 quod
726 1609 1006 1663 venditum
1057 1618 1141 1662 est
1170 1606 1459 1662 tradendo.
1492 1606 1627 1662 Data
1661 1617 1841 1661 autem
1875 1624 1963 1660 ar-

384 1701 507 1763 rha,
539 1709 594 1754 et
650 1699 964 1753 venditione
989 1698 1248 1759 rescissa,
1286 1698 1331 1751 si
1376 1698 1594 1766 quidem
1634 1708 1849 1767 emptor
1884 1700 1956 1753 sit

386 1791 480 1857 qui
514 1806 631 1844 eam
684 1791 1022 1855 dissolverit,
1045 1790 1267 1845 arrltam
1301 1789 1534 1855 amittit;
1569 1789 1613 1843 si
1646 1804 1777 1843 vero
1830 1805 1957 1841 ven-

386 1884 552 1948 ditor,
595 1884 775 1938 arrltze
826 1874 1066 1949 accepta:
1119 1882 1344 1953 duplum
1388 1881 1680 1936 restituere
1722 1880 1959 1949 cogitur.

462 2151 567 2215 Qui
623 2150 864 2204 ot’lieium
916 2150 1147 2218 adeptus
1194 2156 1282 2202 est
1327 2146 1380 2200 in
1447 2144 1757 2216 provincia,
1793 2145 1849 2200 in
1903 2160 1966 2200 ea

392 2256 511 2294 rem
544 2241 802 2295 mobilem
845 2240 929 2293 vel
972 2239 1335 2305 immobilem,
1366 2240 1451 2294 vel
1488 2256 1583 2309 per
1624 2256 1685 2297 se
1737 2241 1819 2296 vel
1872 2256 1971 2311 per

393 2335 582 2397 alium,
631 2349 812 2387 emere
861 2349 969 2387 non
1029 2341 1246 2401 potest,
1309 2342 1667 2403 praeterquam
1712 2349 1741 2387 a
1800 2333 1966 2399 ﬁsco;

394 2441 522 2480 nam
577 2434 630 2481 et
670 2441 784 2479 rem
836 2425 1059 2489 amittit,
1101 2433 1155 2479 et
1194 2428 1377 2480 datum
1429 2426 1669 2495 pretium
1715 2439 1826 2480 non
1876 2441 1969 2479 re-

394 2518 553 2586 petit.

468 2606 568 2670 Qui
629 2621 743 2660 rem
795 2608 1061 2676 rapuerit,
1095 2608 1179 2662 vel
1237 2623 1336 2677 per
1368 2607 1477 2661 vim
1532 2606 1845 2669 abstulerit,
1866 2606 1969 2662 nisi

394 2712 515 2753 eam
551 2699 828 2762 restituat,
857 2698 1129 2753 inutiliter
1152 2701 1402 2753 eamdem
1437 2699 1592 2753 emit.

470 2789 528 2843 Si
567 2790 729 2843 liscus
782 2789 852 2843 ob
890 2789 1072 2843 debita
1123 2790 1328 2844 ﬁscalia
1390 2804 1479 2843 res
1535 2787 1802 2843 debitoris
1852 2786 1969 2841 dis-

396 2883 644 2949 traxerit,
681 2897 781 2937 nec
817 2882 930 2951 ipse
983 2882 1195 2935 debitor
1233 2896 1335 2935 nec
1376 2880 1613 2935 creditor
1647 2879 1844 2934 offerre
1872 2880 1971 2935 de-

402 2976 599 3035 bitum,
653 2989 852 3043 resque
903 2974 1187 3028 vindicare
1254 2980 1453 3042 potest.
1510 2973 1777 3027 Omnibus
1823 2973 1970 3027 enim

401 3066 584 3137 potior
611 3076 694 3119 est
728 3065 914 3125 ﬁscus.

2058 600 2325 671 ἁκούμϐω
2364 599 2472 668 γὰρ
2504 596 2636 668 παρ’
2675 597 2928 659 ἐκείνοις,
2960 593 3023 649 τὸ
3058 593 3389 649 ἀναπίπτω.

2129 782 2212 834 Τὰ
2241 783 2379 834 αὐτὰ
2410 780 2504 833 καὶ
2529 782 2556 832 6
2586 779 2685 849 τῆς
2715 780 2773 832 ἐν
2795 776 3128 848 Καρθαγένῃ
3158 772 3253 843 μβ¹
3274 772 3645 836 διατάττεται,

2059 873 2286 926 κωλύων
2323 873 2459 935 ὃλως
2493 873 2552 924 ὲν
2620 870 2888 940 ἐκκλησίᾳ
2943 868 3233 938 συμπόσια
3268 864 3560 934 γίνεσθαι*
3601 866 3648 918 εί

2064 968 2247 1037 μήπου
2295 983 2379 1028 τις
2413 966 2470 1017 ἐν
2523 963 2799 1033 ἀλλοδαπῇ
2856 962 3082 1026 ὁδεύων,
3137 961 3238 1014 καὶ
3294 957 3647 1025 καταγωγίου

2059 1058 2306 1126 ἀπορῶν,
2342 1057 2421 1119 εἰς
2463 1057 2795 1128 Ἐκκλησίαν
2837 1054 2899 1120 ἐξ
2922 1053 3173 1123 ἀνάγκης
3205 1050 3470 1105 εἰσέλθοι.

2237 1262 2487 1316 ΚΕΦΑΛ.
2521 1262 2595 1315 Δν.
2629 1260 2765 1328 Περὶ
2791 1260 3013 1329 ἀγορῆς
3034 1259 3130 1314 καί
3159 1256 3475 1327 πράσεως.

2578 1334 2763 1401 Νόμοι
2789 1333 3110 1384 πολιτικοί.

2068 1411 2105 1426 θ
2144 1426 2449 1496 Ἀγορασία
2478 1424 2573 1479 καὶ
2603 1425 2808 1495 πρᾶσις
2846 1423 3192 1486 συνίσταται,
3222 1423 3396 1492 ἡνίκα
3434 1422 3501 1475 ἂν
3525 1422 3647 1492 περὶ

2061 1517 2158 1570 τοῦ
2187 1520 2504 1587 τιμήματος
2540 1517 2806 1586 ἑκάτερον
2839 1515 2949 1567 τῶν
2980 1513 3436 1581 συμφωνούντων
3467 1530 3647 1566 συναι-

2063 1609 2240 1663 νέσειε
2285 1610 2484 1680 μέροςο
2516 1610 2545 1660 6
2591 1609 2691 1677 μὲν
2774 1604 2874 1675 τὴν
2920 1605 3237 1674 καταϐολὴν
3282 1604 3648 1675 ποιησάμενος

2062 1701 2157 1754 τοῦ
2184 1702 2519 1771 τιμήματος,
2552 1700 2582 1753 6
2631 1699 2687 1752 δὲ
2757 1698 3034 1767 παραδοὺς
3072 1696 3133 1750 τὸ
3164 1697 3646 1765 πιπρασκόμενον·

2063 1791 2383 1863 ἁρῤαϐὦνος
2415 1790 2473 1844 δὲ
2515 1790 2786 1855 δοθέντος,
2818 1789 2911 1842 καὶ
2955 1786 3327 1856 διαλυομένης
3381 1788 3482 1855 τῆς
3521 1790 3650 1858 πρά-

2071 1900 2230 1947 σεως,
2272 1885 2321 1936 εἱ
2358 1884 2456 1951 μὲν
2499 1883 2529 1933 6
2571 1879 2887 1952 ἀγοραστὴς
2916 1878 3003 1947 εἴη
3031 1882 3058 1932 ὁ
3096 1878 3364 1943 διαλύων,
3398 1879 3649 1931 ἀπόλλυσι

2070 1975 2159 2027 τὸν
2204 1974 2503 2045 ἀρραϐῶνα
2526 1992 2540 2007 ο
2570 1974 2619 2027 εί
2663 1973 2720 2026 δὲ
2755 1976 2782 2026 6
2818 1975 3056 2041 πράτης,
3087 1970 3322 2023 διπλοῦν
3368 1969 3430 2023 δν
3467 1969 3650 2022 ἔλασεν

2070 2066 2370 2137 ἀρραϐῶνα
2401 2066 2711 2135 παρασχεῖν
2739 2063 3137 2131 ἀναγκάζεται.

2148 2159 2212 2211 '0
2244 2157 2466 2228 κρατῶν
2495 2156 2751 2225 ὀφφίκιον
2783 2158 2840 2208 ὲν
2872 2154 3115 2226 ἐπαρχίᾳ
3149 2155 3211 2207 ού
3240 2154 3473 2207 δύναται
3502 2171 3651 2219 κινη-

2070 2250 2161 2303 τὸν
2209 2249 2242 2319 ἦ
2293 2248 2551 2315 ἀκίνητον
2583 2248 2641 2300 ὲν
2694 2246 2833 2315 αὐτῇ
2866 2242 3167 2316 ἀγοράζειν
3225 2247 3487 2315 πρᾶγμα,
3519 2242 3551 2313 ἦ
3586 2243 3648 2295 δι’

2071 2339 2263 2395 ἑαυτοῦ
2293 2340 2327 2411 ἢ
2359 2340 2430 2392 δι’
2459 2340 2671 2409 ἑτέρου,
2704 2340 2754 2391 εί
2790 2335 2867 2408 μὴ
2900 2336 3055 2406 παρὰ
3086 2336 3184 2389 τοῦ
3225 2335 3522 2404 δημοσίουξ·
3562 2334 3650 2387 καὶ

2070 2437 2181 2504 γὰρ
2230 2434 2327 2487 καὶ
2367 2431 2464 2486 τοῦ
2507 2432 2838 2503 πράγματος
2865 2430 3144 2495 ἐκπίπτει,
3174 2432 3270 2484 καὶ
3298 2430 3358 2483 τὸ
3387 2429 3541 2483 δοθὲν
3570 2429 3647 2482 τί·

2075 2544 2148 2597 μη
2158 2543 2233 2594 μα
2270 2525 2369 2578 οὐκ
2407 2523 2807 2593 ἀναλαμϐάνει.

2151 2619 2212 2671 '0
2240 2616 2496 2688 ἁρπάσας
2535 2617 2771 2685 πρᾶγμα
2818 2616 2851 2687 ἦ
2906 2613 2998 2686 βίᾳ
3030 2615 3405 2685 ἀφελόμενος,
3455 2615 3550 2668 ἐὰν
3578 2612 3647 2684 μὴ

2072 2694 2505 2778 ἀποκαταστήσῃ
2539 2706 2722 2771 τοῦτο,
2754 2705 3066 2777 ἀνισχύρως
3101 2707 3243 2760 αὐτὸ
3276 2705 3565 2776 ἀγοράζει.

2154 2800 2280 2853 Ἐὰν
2310 2801 2337 2852 6
2363 2799 2624 2869 δημόσιος
2652 2798 2743 2851 διὰ
2781 2798 3019 2868 δημόσια
3061 2798 3203 2870 χρέη
3258 2797 3490 2871 πωλήσῃ
3519 2797 3647 2866 πρᾶ-

2073 2908 2262 2962 γματα
2286 2891 2382 2945 τοῦ
2414 2889 2714 2962 χρεώστου,
2758 2890 2881 2944 οὐδὲ
2922 2891 3086 2953 αὐτὸς
3117 2892 3146 2940 6
3188 2889 3502 2961 χρεώστης,
3535 2887 3645 2940 οὐδὲ

2073 2986 2100 3037 6
2132 2984 2419 3051 δανειστὴς
2451 2983 2678 3037 δύναται
2721 2984 3101 3053 προσαγαγεῖν
3127 2981 3192 3034 τὸ
3225 2981 3412 3052 χρέος,
3446 2980 3537 3033 καὶ
3565 2981 3645 3030 ὲκο

2073 3076 2296 3145 δικῆσαι
2325 3078 2397 3129 τὰ
2436 3075 2779 3147 πράγματα·
2832 3072 3053 3127 πάντων
3088 3074 3205 3144 γὰρ
3252 3070 3644 3143 προτιμότερλς

1954 3174 1957 3177 ⁷
2002 3185 2045 3243 c
2080 3169 2228 3220 ἐστιν
2261 3170 2289 3220 6
2319 3167 2599 3237 δημόσιος.

478 3248 534 3300 Si
568 3247 896 3301 tributorum
935 3256 1157 3299 exactor
1200 3261 1356 3316 )ltSSu
1393 3248 1745 3317 tttugiStratus
1777 3265 1968 3319 agrum

401 3356 523 3410 eius
553 3342 644 3407 qui
680 3340 732 3392 in
770 3339 1099 3392 tributorum
1136 3340 1408 3394 solutione
1428 3342 1971 3407 cessat,vendiderit,

402 3434 644 3487 venditio
693 3448 802 3486 non
842 3432 1176 3486 rescinditur
1224 3433 1416 3500 :rquod
1468 3434 1516 3487 si
1559 3437 1766 3502 absque
1812 3437 1972 3505 jussu

405 3524 756 3592 magistratus
789 3524 880 3576 ﬂat
911 3524 1174 3589 venditio,
1207 3525 1291 3578 vel
1344 3525 1495 3591 dolo,
1546 3526 1633 3580 vel
1666 3527 1786 3582 siue
1823 3529 1975 3599 justo

406 3615 603 3683 pretio,
640 3614 987 3668 rescinditur.

476 3706 697 3761 Minoris
752 3722 840 3760 res
894 3705 1196 3760 immobilis
1252 3705 1393 3759 bene
1438 3707 1696 3761 venditur
1758 3718 1978 3778 propter

407 3797 688 3868 proprium
734 3796 907 3864 ipsius
935 3796 1202 3860 debitum,
1237 3797 1320 3849 vel
1351 3807 1570 3865 propter
1603 3798 1844 3852 debitum
1882 3815 1977 3869 pa-

409 3890 534 3952 tris,
565 3888 644 3940 vel
681 3897 900 3955 propter
931 3886 1145 3949 ﬁscum,
1180 3886 1431 3941 videlicet
1475 3896 1598 3956 post
1631 3888 1976 3945 manifestam

401 3977 603 4046 iudicis
636 3976 984 4030 sententiam.

476 4068 738 4136 Quamvis
798 4068 978 4122 minor
1025 4063 1214 4123 :ntatis'
1262 4068 1476 4122 veniam
1529 4071 1807 4139 postulet,
1864 4088 1977 4128 rem

408 4162 745 4216 immobilem
803 4163 1013 4228 alisque
1061 4161 1282 4215 decreto
1344 4176 1454 4215 non
1521 4162 1748 4229 vendit,
1804 4180 1981 4234 neque

409 4255 622 4324 pignori
677 4254 792 4307 dat.
844 4253 999 4319 Quod
1044 4253 1090 4306 si
1135 4253 1470 4317 vendiderit,
1500 4272 1608 4308 nun
1643 4257 1820 4310 solum
1867 4259 1982 4325 ipse

408 4345 503 4399 sed
534 4351 587 4397 et
614 4343 861 4397 liaeredes
892 4342 1174 4396 venditum
1214 4357 1542 4409 recuperare
1580 4355 1812 4413 possunt
1841 4348 1979 4401 intra

409 4450 612 4489 annum
642 4443 765 4502 post
795 4447 971 4486 annos
995 4431 1086 4484 ΞΒ.
1123 4433 1390 4486 Similiter
1439 4436 1586 4503 quod
1641 4436 1779 4490 male
1826 4439 1976 4504 emit,

2156 3259 2286 3312 Ἐὰν
2311 3261 2339 3312 ὁ
2366 3260 2478 3312 τῶν
2506 3259 2788 3328 δημοσίων
2834 3258 3169 3328 ἀπαιτητὴς,
3223 3256 3366 3310 κατὰ
3411 3251 3645 3307 κέλευσιν

2075 3350 2171 3403 τοῦ
2210 3349 2472 3419 ἄρχοντος
2500 3349 2733 3419 πωλήσῃ
2765 3349 2860 3404 τὸν
2889 3348 3061 3417 ἀγρὸν
3080 3348 3178 3400 τοῦ
3210 3341 3645 3416 ἀγνωμονοῦντος

2077 3443 2135 3495 ὲν
2156 3444 2268 3504 τοῖς
2299 3442 2604 3511 δημοσίοις,
2648 3443 2747 3494 οὐκ
2779 3441 3157 3511 ἀνατρέπεται
3208 3441 3243 3510 ἡ
3294 3440 3529 3509 πρᾶσιςο
3561 3432 3644 3483 ἐὰν

2077 3535 2134 3588 δὲ
2163 3536 2335 3604 χωρὶς
2364 3534 2671 3596 κελεύσεως
2700 3532 2797 3585 τοῦ
2825 3533 3090 3603 ἄρχοντος
3140 3533 3396 3600 γένηται,
3442 3529 3475 3595 ἢ
3514 3522 3643 3577 κατὰ

2077 3627 2248 3685 δόλον,
2274 3626 2306 3693 ἢ
2335 3628 2454 3694 δίχα
2482 3627 2814 3695 τιμήματος,
2840 3626 3238 3693 ἀνατρέπεται.

2149 3715 2221 3766 Τὸ
2243 3715 2334 3765 τοῦ
2358 3714 2633 3783 ἀφήλικος
2650 3715 2906 3784 ἀκίνητον
2924 3715 3375 3785 πρᾶγμαῖκαλῶς
3396 3710 3641 3764 πωλεῖται

2078 3804 2146 3858 δι’
2174 3805 2307 3859 ἴδιον
2334 3805 2501 3857 αὐτοῦ
2531 3806 2707 3876 χρέος,
2744 3807 2777 3876 ἢ
2825 3807 2917 3858 διὰ
2946 3804 3231 3877 πατρῷον,
3281 3807 3315 3876 ἢ
3354 3804 3445 3858 διὰ
3483 3802 3643 3869 δημό-

2082 3912 2220 3962 σιον,
2257 3896 2499 3967 δηλονότι
2527 3898 2620 3949 ἐπὶ
2652 3898 2894 3967 φανερᾶς
2921 3899 3112 3964 κριτοῦ
3154 3897 3502 3966 ἀποφάσεως.

2153 4065 2275 4120 Κᾶν
2314 4064 2645 4134 συγγνώμην
2680 4066 2899 4135 ἡλικίας
2944 4067 3232 4139 ἀπαιτήσῃ
3286 4068 3315 4120 6
3362 4068 3553 4136 ἥττων,
3582 4064 3636 4115 οὐ

2083 4158 2254 4209 πωλεί
2291 4157 2553 4225 ἀκίνητον
2584 4157 2822 4226 πρᾶγμα
2867 4158 3041 4226 χωρὶς
3072 4159 3360 4226 δεκρέτου,
3397 4152 3509 4208 ἀλλ’
3531 4153 3638 4205 οὐδὲ

2085 4244 2432 4297 ὑποτίθεται·
2469 4236 2518 4297 εί
2546 4244 2604 4297 δὲ
2636 4244 2904 4316 πωλήσει,
2935 4246 3160 4299 δύναται
3189 4248 3251 4300 ού
3291 4247 3451 4318 μόνον
3466 4243 3636 4303 αὐτὸς,

2083 4340 2221 4392 ἀλλὰ
2255 4341 2351 4393 καὶ
2396 4340 2446 4392 οί
2481 4340 2811 4410 κληρονόμοι
2858 4342 2920 4394 τὸ
2953 4340 3162 4411 πραθὲν
3190 4341 3492 4410 ἀνατρέψαι
3519 4334 3638 4387 εἴσω

2083 4432 2337 4484 ἐνιαυτοῦ
2375 4432 2514 4499 μετὰ
2564 4439 2641 4485 κε’
2694 4431 2813 4501 ἔτη.
2848 4432 3129 4496 Ὡσαύτως
3176 4434 3234 4487 δὲ
3275 4433 3370 4488 καὶ
3415 4431 3442 4483 δ
3472 4423 3637 4484 κακῶς

410 4525 495 4579 vel
517 4525 869 4592 permutavit,
899 4537 1225 4590 recuperare
1260 4532 1462 4592 potest,
1486 4525 1626 4579 intra
1661 4529 1970 4594 praedictum

2085 4525 2363 4596 ἠγόρασεν
2391 4525 2424 4596 ἢ
2467 4524 2729 4594 ἐνήλλαξε
2751 4566 2767 4590 ,
2800 4525 3024 4578 δύναται
3064 4526 3197 4579 αὖτὸ
3229 4523 3543 4594 ἀνατρέψαι.
3585 4514 3638 4566 ἐδ

411 4625 651 4683 tempus,
701 4615 935 4683 pretium
978 4613 1285 4681 depositum
1332 4623 1606 4681 repetens.
1654 4618 1836 4672 Debita
1877 4636 1979 4673 au-

414 4717 522 4761 tem
579 4704 850 4760 restitutio
902 4704 1064 4757 etiam
1103 4706 1170 4757 ad
1217 4703 1460 4760 heredes
1516 4705 1634 4772 ejus
1696 4714 1982 4765 transutito

413 4806 562 4852 t'tut'.

488 4890 710 4942 Veniant
771 4898 950 4941 autem
1009 4888 1187 4943 :etatis
1255 4892 1516 4958 postulat,
1566 4892 1646 4944 vir
1681 4892 1897 4961 quidem
1952 4908 1981 4946 a

411 4983 673 5037 vicesimo
719 4984 896 5037 astatis
951 4998 1132 5042 anno,
1189 4983 1388 5037 femina
1440 4994 1621 5039 autem
1683 5001 1713 5039 a
1769 4987 1985 5041 decimo

413 5086 630 5129 octavo.
664 5073 816 5129 Scias
863 5086 1047 5129 autem
1085 5076 1300 5144 plenam
1330 5070 1543 5133 aetatem
1584 5092 1707 5133 esse
1738 5082 1805 5135 ab
1841 5096 1986 5136 auuo

413 5169 675 5220 vicesimo
706 5167 919 5235 quinto.

492 5260 597 5327 19
630 5257 836 5321 Tutor,
876 5258 952 5312 vel
988 5267 1226 5323 curator,
1266 5261 1349 5315 vel
1392 5272 1714 5332 procurator
1759 5266 1987 5332 orpliani

417 5369 529 5406 rem
561 5365 741 5404 emere
769 5359 1065 5418 nequeunt.

489 5440 725 5495 Minores
791 5442 926 5494 bene
993 5443 1311 5498 rescindunt
1395 5446 1757 5500 venditionem
1825 5463 1988 5518 quam

418 5540 698 5584 Curatores
733 5544 917 5583 eorum
956 5546 1053 5600 per
1080 5533 1263 5586 dolum
1304 5534 1445 5587 male
1481 5535 1744 5589 fecerunt.

490 5621 650 5676 Parta
678 5622 796 5675 sine
820 5623 943 5675 dolo
971 5632 1257 5689 conventa,
1283 5639 1510 5693 quaeque
1539 5626 1748 5694 legibus
1773 5638 1993 5682 eontra-

423 5711 503 5768 ria
534 5727 642 5765 non
677 5719 826 5778 sunt,
864 5713 1062 5767 valent.

489 5801 592 5867 Qui
643 5817 867 5855 annona!
917 5802 1264 5867 insidiantur,
1328 5803 1454 5858 dum
1485 5805 1692 5859 venalia
1743 5818 1997 5861 metuunt

2082 4617 2425 4688 καταϐληθὲν
2467 4616 2945 4686 ἐπαναλαμϐάνων
2973 4620 3194 4687 τίμημα
3220 4618 3353 4670 εἵσω
3384 4613 3472 4668 τοῦ
3498 4612 3637 4679 είρη·

2088 4710 2249 4777 μένου
2281 4710 2477 4778 χρόνου
2498 4724 2514 4739 ο
2549 4709 2581 4777 ἡ
2616 4707 2673 4760 δὲ
2703 4707 3023 4776 ἁρμόζουσά
3045 4725 3152 4761 τινι
3215 4706 3636 4762 ἀποκατάστασις

2086 4801 2521 4869 παραπέμπεται
2550 4800 2641 4851 καὶ
2682 4801 2775 4851 ἐπὶ
2800 4799 2927 4862 τοὺς
2958 4798 3126 4852 αὐτοῦ
3156 4799 3541 4869 κληρονόμους.

2159 4892 2505 4960 Συγγνώμην
2533 4891 2590 4943 δὲ
2617 4892 2836 4961 ἡλικίας
2884 4892 3046 4953 αίτεῖ,
3079 4894 3107 4944 6
3142 4890 3243 4961 μὲν
3284 4888 3422 4957 ἀνὴρ
3458 4880 3557 4936 ἀπὸ
3588 4880 3631 4929 κ’

2088 4983 2264 5045 ἔτους.
2289 4987 2320 5052 ἠ
2350 4983 2405 5035 δὲ
2430 4983 2617 5051 θήλεια
2659 4982 2771 5036 ἀπὸ
2816 4979 2908 5052 ιη’.
2957 4983 3028 5035 Σὺ
3051 4981 3108 5035 δὲ
3137 4981 3304 5051 γνῶθι
3334 4979 3429 5047 τὴν
3445 4972 3634 5027 τελείαν
3658 5026 3673 5045 υ

2088 5075 2307 5143 ἡλικίαν
2336 5072 2478 5126 εἶναι
2509 5074 2616 5127 ἀπὸ
2654 5072 2732 5127 κε’
2760 5073 2937 5136 ἔτους.

2174 5252 2502 5321 Ἐπίτροπος
2523 5251 2581 5304 οὐ
2607 5251 2832 5305 δύναται
2853 5251 3095 5323 ὀρφανοῦ
3118 5251 3382 5323 ἀγοράσαι
3400 5243 3628 5316 πρᾶγμαν

2091 5345 2124 5414 ἢ
2164 5346 2473 5415 κουράτωρ,
2516 5345 2549 5415 ἢ
2586 5346 3014 5417 προκουράτωρ.

2171 5430 2801 5507 Καλῶξάνατρέπωσιν
2825 5440 2874 5491 oi
2904 5424 3128 5510 ἣττονες
3168 5442 3308 5510 ειπερ
3335 5432 3466 5489 κατᾶ
3494 5426 3624 5479 δόλον

2098 5529 2281 5591 κακῶς
2317 5527 2607 5598 ὲπώλησαν
2635 5531 2683 5582 οί
2708 5528 2891 5582 αὐτῶν
2919 5531 3242 5601 κηδεμόνες.

2169 5621 2251 5675 Τὰ
2299 5620 2470 5691 χωρὶς
2514 5620 2669 5673 δόλου
2705 5619 3002 5690 σύμφωνα,
3050 5623 3145 5676 καὶ
3193 5623 3266 5692 μὴ
3322 5618 3426 5678 τοῖς
3465 5611 3621 5679 νόμους

2101 5713 2513 5779 ἐναντιούμενα,
2542 5712 2804 5781 ἔρρωται.

2174 5803 2237 5855 Οί
2266 5804 2335 5874 τῇ
2363 5800 2587 5871 εὐθηνίᾳ
2616 5799 3060 5865 ὲπι6·ιυ).εὑοντες
3090 5800 3175 5854 δ;ἀ
3205 5798 3297 5853 τοῦ
3353 5780 3615 5887 πρῡςγορά”

3925 4117 3927 4160 |

3925 4338 3927 4423 ι
