4016 6384
368 298 498 361 1037

1322 310 1730 371 SYNTAGMA
1768 312 2391 373 ALi‘llABETlCUM.
2427 316 2580 374 —-A.

3488 322 3630 394 1ίῖ8

362 411 478 475 ζειν
506 411 575 465 τὰ
601 411 758 481 ὤνια,
795 415 828 486 ἢ
861 415 1246 479 ἀποτίθεσθαι.
1277 421 1309 490 ἦ
1341 422 1435 474 καὶ
1470 421 1665 489 καιρὸν
1700 422 1925 491 ἀφορίας

2043 420 2222 473 autin
2282 421 2477 475 horrea
2514 421 2780 485 condunt,
2824 431 2877 478 et
2937 428 3238 489 sterilitatis
3293 442 3505 503 tutupus
3530 454 3628 493 ea-

363 504 702 573 ὲκδέχεσθαι,
756 506 993 580 ἔμποροι
1032 512 1133 580 μὲν
1181 511 1357 576 ὄντες,
1407 513 1509 580 τῆς
1545 516 1933 582 πραγματείας

363 595 664 666 εἴργονται,
698 599 732 669 ἢ
764 600 1123 672 ὲξορίζονται,
1171 603 1410 664 εὐτελεῖς
1445 604 1525 669 δὲ,
1565 606 1645 669 είς
1675 604 1935 676 δημόσιον

363 687 524 757 ἔργον
551 692 1033 755 καταδικάζονται.

465 786 508 836 Ο
533 784 860 855 ἀγορασθεὶς
891 787 1266 857 αἰχμάλωτος,
1317 790 1365 842 εἰ
1400 789 1500 859 μὲν
1544 788 1778 861 εὔπορος
1823 792 1932 860 εἴη,

363 875 728 945 ἑκπληρούτω
759 876 864 940 τὰς
913 877 1057 947 ὑπὲρ
1108 878 1276 932 αὐτοῦ
1333 881 1534 949 τιμάςο
1589 881 1811 952 ἀπορῶν
1855 884 1933 949 δὲ,

360 967 603 1034 τριετίαν
627 968 928 1023 δουλευέτω
954 969 1032 1038 τῷ
1063 970 1421 1041 ἀγοράσαντι,
1460 974 1552 1027 καὶ
1577 972 1748 1036 οὕτως
1792 975 1931 1027 timo.

364 1055 594 1113 λυέσθω.

446 1146 506 1197 ’0
548 1147 643 1199 ἐπὶ
679 1150 981 1222 παρανόμῳ
1011 1154 1421 1224 συναλλάγματι
1466 1158 1641 1222 διδοὺς
1707 1146 1933 1229 ἀγωγὴν

363 1240 464 1292 οὐκ
494 1238 608 1309 ἔχει
636 1243 718 1304 εἰς
748 1242 809 1295 τὸ
838 1243 1134 1300 ἀναλαϐεῖν
1166 1249 1225 1300 τὸ
1257 1248 1431 1303 δοθέν.

364 1354 618 1412 ΚΕΦΑΛ.
650 1358 725 1412 E'.
774 1362 916 1425 Περὶ
946 1361 1458 1430 ἀλοτευσαμένων
1498 1364 1629 1432 ἢτοι
1683 1364 1935 1426 ζωοφθό-

1069 1450 1214 1498 ρων.

430 1519 555 1573 Τῶν
593 1520 810 1589 ἀλόγοις
850 1522 1280 1594 συμφθαρέντων
1321 1525 1481 1591 ζώοις
1562 1530 1591 1580 ὁ
1637 1535 1714 1593 ις’
1748 1534 1846 1601 τῆς
1875 1533 1932 1583 ὲν

372 1611 616 1685 Ἀγκύρα
646 1614 829 1668 κανὼν
849 1615 1160 1684 Θαυμασίαν
1183 1620 1477 1688 πεποίηται
1507 1620 1605 1691 τὴν
1629 1622 1897 1693 διαίρεσιν
1914 1639 1927 1652 °

357 1702 410 1756 οί
442 1703 542 1772 μὲν
567 1704 676 1775 γὰρ
703 1705 803 1776 τὴν
846 1708 1121 1777 ἐπάρατον
1162 1710 1368 1779 ταύτην
1396 1710 1546 1778 ἅπαξ
1575 1713 1931 1785 τελεσὰμενοι

359 1796 580 1867 πρᾶξιν,
635 1798 792 1869 φησὶ,
845 1801 1014 1870 μήπω
1063 1801 1126 1854 τὸ
1174 1804 1421 1858 εἰκοστὸν
1476 1799 1932 1877 ἐκπληρώσαντες

317 1887 498 1953 -ἐτος,
550 1888 687 1959 μηδὲ
722 1891 945 1957 γυναικὶ
991 1892 1396 1962 συζευχθέντες,
1445 1895 1539 1948 καὶ
1570 1899 1636 1964 τῇ
1675 1898 1932 1971 μετανοίᾳ

354 1980 454 2050 τὴν
485 1980 783 2051 θεραπείαν
815 1983 1272 2053 ἐπιζητήσαντες,
1316 1988 1400 2050 είς
1443 1990 1931 2044 πεντεκαιδέκατον

356 2070 475 2134 ἔτος
502 2070 598 2124 τοῦ
630 2075 797 2125 τόπου
839 2073 938 2143 τῆς
968 2073 1341 2139 ύποπτώσεως
1373 2077 1448 2147 μὴ
1493 2077 1807 2143 ὲξιέτωσαν,
1837 2083 1931 2150 καὶ

355 2163 432 2221 είς
464 2162 659 2233 ἑτέραν
709 2165 1071 2235 πεντετηρίδα
1105 2170 1219 2230 τοῖς
1266 2168 1585 2238 εὐχομένοις
1630 2173 1712 2234 είς
1763 2174 1928 2227 ταύτὸ

354 2251 664 2317 συνιόντες,
721 2253 863 2306 οὕτω
920 2254 1021 2322 τῆς
1075 2257 1362 2320 κοινωνίας
1424 2259 1925 2329 καταξιούσθωσαν,

351 2344 465 2409 εἴγε
498 2342 838 2416 θερμοτάτην
887 2345 1248 2414 ὲπιδείξαιντο
1278 2350 1377 2419 τὴν
1425 2352 1712 2418 μετάνοιαν
1734 2368 1748 2381 ·
1781 2357 1830 2408 οί
1869 2358 1926 2409 δὲ

354 2432 519 2503 μέχρι
562 2435 725 2505 κόρου
777 2435 871 2490 τοῦ
924 2438 1130 2501 πάθους
1175 2440 1601 2510 ὲμφορηθέντες,
1639 2447 1703 2516 τῇ
1739 2450 1928 2519 μακρᾷ

348 2524 448 2592 τῆς
479 2527 922 2597 είκοσαετηρίδος
961 2532 1417 2600 προσκείσθωσαν
1447 2535 1785 2603 ὑποπτώσει,
1831 2541 1926 2592 καὶ

350 2619 431 2679 εἰς
453 2615 639 2688 ἕτερον
671 2617 713 2671 ε’
734 2618 852 2683 ἔτος
879 2622 994 2684 τοῖς
1017 2626 1229 2686 πιστοῖς
1255 2627 1662 2696 συνιστάμενοι,
1687 2630 1922 2705 οὓτω,τῇ

351 2709 606 2782 κοινωνίᾳ
640 2712 1008 2782 προσίτωσαν.
1050 2715 1180 2777 Τοῖς
1218 2734 1282 2784 γε
1317 2718 1423 2790 μὴν
1452 2721 1628 2792 τούτῳ
1663 2728 1927 2797 συνεσχὴ⁵

353 2802 556 2872 μένοις,
591 2804 691 2876 τὴν
719 2806 849 2861 νέαν
884 2807 1306 2879 ύπερϐεὸηκὸσι.
1354 2814 1449 2867 καὶ
1471 2817 1529 2868 ὲν
1553 2817 1738 2889 ἡλικίᾳ
1763 2837 1924 2888 γενο-

351 2891 556 2961 μένοις,
585 2899 679 2948 καὶ
705 2898 922 2964 γυναιξὶ
970 2901 1226 2964 συζῶσιν,
1257 2906 1284 2956 ὁ
1322 2906 1586 2970 πεντάκις
1632 2911 1793 2964 πέντε
1823 2913 1923 2983 τὴν

347 2983 664 3041 ύπόπτωσιν
692 2987 1058 3061 ὲπιμετρήσει
1090 2994 1182 3045 καὶ
1218 2995 1381 3066 ἑτέρα
1409 3002 1774 3070 πενταετηρὶς
1812 3004 1921 3056 τῶν

2042 522 2309 579 spectant,
2344 514 2390 567 si
2418 514 2782 581 negotiatores
2812 516 3221 589 sint,negotiari
3248 526 3629 597 prohibentur,

2038 604 2120 657 vel
2164 605 2494 672 relegantur;
2551 610 2818 663 tenuioris
2877 626 3010 685 vero
3044 615 3376 681 conditionis
3414 620 3460 674 si
3496 623 3628 686 sint,

2039 696 2092 748 in
2131 710 2269 765 opus
2302 699 2580 766 publicum
2621 701 2968 757 damnantur.

2106 786 2371 853 Captivus
2393 800 2631 858 emptus,
2661 791 2705 844 si
2743 791 2897 847 dives
2928 792 3019 856 sit,
3047 796 3282 863 pretium
3316 814 3412 867 pro
3452 815 3508 854 se
3528 801 3629 855 da-

2047 885 2163 930 tum
2202 879 2490 945 compleat;
2527 880 2773 950 indigens
2802 899 2931 939 vero
2964 886 3137 940 tribus
3192 891 3348 945 annis
3399 892 3629 963 emptori

2049 969 2271 1032 serviat,
2319 978 2372 1023 et
2406 978 2485 1024 sic
2521 972 2846 1029 dimittatur.

2106 1145 2209 1213 Qui
2243 1150 2447 1217 aliquid
2486 1168 2582 1221 per
2638 1155 2904 1222 injustum
2940 1169 3283 1216 contractum
3312 1163 3425 1228 dat,
3460 1166 3631 1220 actio-

2036 1257 2158 1295 nem
2199 1260 2304 1297 non
2339 1246 2499 1315 habet
2528 1246 2595 1301 ad
2619 1249 2803 1303 datum
2838 1255 3297 1321 recuperandum.

2103 1353 2260 1407 CAP.
2302 1354 2373 1437 ν..
2424 1357 2496 1411 De
2562 1361 2958 1441 irrationaliter
3027 1367 3465 1441 (emicantibus,
3522 1377 3631 1430 sive

2283 1427 2373 1494 qui
2410 1444 2525 1481 rum
2559 1431 2735 1485 brutis
2768 1427 3139 1489 commercium
3175 1434 3388 1494 habent.

2104 1512 2306 1568 Eorum
2360 1518 2451 1586 qui
2503 1535 2627 1573 cum
2663 1523 2995 1581 animalibus
3048 1529 3261 1583 ratione
3315 1534 3630 1591 carentibus

2020 1610 2422 1662 commercium
2481 1611 2698 1677 habent,
2762 1615 2828 1669 l6
2885 1633 3003 1685 syn.
3042 1622 3246 1690 Ancyr.
3298 1638 3473 1677 canou
3532 1627 3630 1679 ad-

2036 1698 2337 1752 mirandam
2376 1701 2701 1758 divisiOuem
2744 1705 2897 1760 iacit.
2933 1707 3035 1774 Qui
3093 1713 3234 1764 enim
3277 1714 3475 1768 factum
3524 1716 3629 1769 hoc

2036 1789 2431 1842 exsecrandum
2468 1793 2635 1845 semel
2670 1801 3417 1863 perpetrarunt,vicesimum
3450 1806 3627 1861 aetatis

2036 1893 2241 1931 annum
2290 1881 2533 1934 nondum
2598 1887 2878 1950 assecuti,
2937 1904 3037 1941 nec
3091 1894 3439 1948 matrimonio
3485 1910 3625 1949 con-

2030 1968 2227 2036 juncti,
2276 1980 2333 2024 et
2365 1988 2461 2041 per
2508 1975 2881 2040 paenitentiam
2951 1982 3277 2037 medicinam
3340 1994 3626 2054 expetunt,

2034 2076 2062 2112 c
2098 2062 2217 2115 loco
2273 2063 2678 2121 substraturqu
2732 2085 2903 2137 usque
2933 2073 2999 2126 ad
3057 2075 3328 2128 decimum
3368 2080 3623 2146 quintum

2036 2166 2239 2205 annum
2272 2169 2338 2207 ne
2396 2166 2615 2224 exeant,
2651 2167 2707 2212 et
2739 2150 2792 2214 in
2855 2162 3001 2217 aliud
3030 2165 3464 2233 quinquennium
3515 2186 3625 2226 una

2035 2259 2157 2296 cum
2223 2245 2472 2302 fidelibus
2539 2257 2719 2313 orent,
2791 2261 2846 2305 et
2899 2253 2980 2307 sic
3026 2256 3412 2329 communione
3479 2260 3627 2328 digni

2033 2334 2375 2388 habt-antur:
2426 2337 2471 2390 si
2524 2341 2687 2393 modo
2742 2339 3042 2397 ferventem
3102 2347 3479 2414 pmnitentiam
3532 2364 3627 2404 os-

2031 2425 2325 2481 lcnderint.
2393 2425 2495 2493 Qui
2558 2445 2689 2485 vero
2751 2433 2815 2485 ad
2904 2436 3216 2490 satietatem
3287 2439 3356 2492 ab
3426 2440 3625 2496 aﬂectu

2035 2515 2256 2569 abducti
2320 2500 2562 2586 fuerint,
2623 2521 2839 2592 longam
2900 2524 3091 2593 viginti
3153 2524 3426 2583 annoium
3493 2534 3626 2587 sub-

2040 2607 2363 2661 Siralionem
2398 2609 2652 2674 subeant,
2692 2621 2744 2665 et
2780 2612 2887 2667 alio
2916 2615 3294 2685 quinquennio
3337 2635 3461 2675 cum
3498 2623 3628 2677 lide-

2030 2695 2179 2748 libus
2205 2706 2437 2761 stantes,
2475 2700 2541 2751 ad
2593 2702 3037 2759 communionem
3090 2719 3277 2774 postea
3337 2713 3623 2768 accedant.

2028 2781 2097 2838 lis
2159 2794 2338 2838 autem
2400 2787 2494 2857 qui
2555 2786 2699 2844 facto
2780 2791 2886 2846 hoc
2960 2806 3132 2850 semet
3195 2799 3593 2854 assuefeceriut

2022 2874 2363 2944 juventutem
2419 2882 2770 2948 transgressi,
2823 2894 2878 2936 et
2936 2896 3208 2941 maturam
3265 2901 3481 2944 aetatem
3532 2908 3624 2949 as-

2030 2967 2247 3029 secuti.
2310 2979 2366 3022 et
2424 2987 2546 3024 cum
2613 2973 2846 3029 muliere
2928 2976 3097 3031 vitam
3176 2990 3436 3048 agentes,
3497 2987 3610 3040 sub

349 3073 510 3129 θείων
561 3077 752 3146 δώρων
810 3083 1139 3151 μνηστεύσει
1203 3061 1325 3156 ’τὴν⁷
1364 3061 1918 3161 μετάληψινϊὍστις

2043 3061 2348 3114 urationem
2427 3063 2555 3116 anni
2625 3062 2695 3118 25
2756 3067 3119 3131 emetiemur,
3176 3080 3229 3123 et
3288 3085 3412 3141 post
3478 3075 3622 3133 aliud

351 3167 535 3235 μέντοι
579 3173 1049 3244 πεντηκοντούτης
1079 3173 1175 3241 ὢν,
1224 3175 1255 3246 ἢ
1290 3178 1385 3232 καὶ
1433 3182 1567 3249 πρὸς
1612 3183 1790 3255 γῆρας
1821 3187 1918 3258 ἤδη

348 3257 568 3326 κλίνων,
600 3261 694 3314 καὶ
721 3263 788 3334 τῇ
823 3263 930 3335 ίδίᾳ
968 3264 1257 3337 χρώμενος
1286 3275 1530 3338 γυναικὶ,
1555 3276 1731 3347 τούτῳ
1755 3257 1921 3345 ἑάλω,

347 3353 409 3406 ὲν
434 3351 638 3411 ἅπαντι
663 3353 742 3424 τῷ
767 3357 864 3427 τῆς
885 3356 1031 3426 ζωῆς
1060 3361 1236 3430 χρόνῳ
1263 3362 1371 3416 τῶν
1397 3367 1714 3436 μυστηρίων
1741 3371 1924 3439 εἰργό-

349 3461 543 3512 μενος,
583 3446 643 3499 ὲν
691 3443 771 3517 τῷ
822 3450 1004 3521 καιρῷ
1052 3450 1148 3505 τοῦ
1194 3452 1428 3508 θανάτου
1478 3461 1794 3528 κοινωνήσει
1829 3465 1923 3517 καὶ⁹

348 3535 529 3609 μόνον.

431 3716 489 3770 '0
518 3716 575 3770 δὲ
607 3716 675 3783 ιζ’
710 3721 915 3793 ταύτης
967 3723 1415 3797 λελεπρωμένους
1472 3732 1697 3797 τούτους
1735 3738 1924 3791 ἐπονο-

347 3807 510 3877 μάζει
532 3826 548 3841 ο
579 3810 723 3865 οὔτω
758 3812 869 3883 γὰρ
914 3817 943 3868 ὁ
988 3817 1279 3883 Μωσαῖκδς
1323 3822 1487 3890 νόμος
1517 3827 1644 3887 τοὺς
1677 3828 1924 3901 ἀκαθάρ-

343 3919 470 3965 τους
501 3904 597 3957 καὶ
628 3907 1042 3977 μεμιασμένους
1068 3911 1252 3966 ὲκάλει
1271 3929 1287 3944 ο
1317 3914 1409 3966 καὶ
1436 3919 1549 3981 τοῖς
1586 3919 1924 4001 χειμαζομέ-

347 4012 458 4058 νοις
491 3995 822 4065 προστάττει
856 4001 1248 4071 συνεύχεσθαι·
1272 4003 1382 4058 εἷεν
1406 4007 1451 4060 δ’
1487 4007 1553 4062 ἂν
1584 4005 1730 4066 οὗτοι
1756 4017 1804 4067 οἱ
1832 4021 1922 4071 τὸν

346 4086 676 4155 ἁχείμαστον
722 4088 915 4159 λιμένα
966 4091 1067 4161 τῆς
1120 4092 1449 4165 Ἐκκλησίας
1500 4104 1920 4172 προσχώσαντες

347 4177 562 4243 ἑαυτοῖς
611 4181 676 4250 τῇ
732 4183 869 4252 πρὸς
916 4183 987 4237 τὰ
1021 4185 1172 4257 πάθη
1226 4190 1391 4259 ῥοπῇ,
1444 4192 1538 4244 καὶ
1587 4193 1760 4264 θύραν
1809 4202 1922 4262 τοῖς

351 4271 621 4340 πνεύμασι
677 4272 778 4343 τῆς
816 4276 1079 4346 πονηρίας
1131 4279 1464 4347 ἀνοίξαντες,
1517 4283 1552 4338 ἃ
1600 4285 1663 4357 δὴ
1718 4293 1921 4361 μυρίαν

348 4361 624 4432 ἐπεγείρει
654 4366 720 4435 τῇ
751 4365 894 4436 ψυχῇ
926 4368 1224 4439 τρικυμίαν
1247 4371 1342 4424 καὶ
1376 4371 1567 4442 ζάλην.

2031 3151 2469 3220 quinquennium
2553 3169 2841 3210 munerum
2920 3160 3236 3216 divinorum
3331 3168 3624 3237 participes

2030 3251 2207 3295 erunt.
2251 3242 2575 3312 Quicunque
2634 3261 2762 3300 vero
2802 3249 3309 3319 quinquagenarius
3348 3260 3623 3315 exsisteus

2030 3335 2112 3387 vel
2159 3335 2225 3388 asl
2287 3344 2617 3390 senectutem
2678 3339 2968 3404 inclinans,
3007 3353 3061 3396 et
3133 3349 3325 3412 uxoris
3382 3365 3617 3408 consor-

2034 3426 2110 3479 tio
2147 3436 2325 3486 utens.
2383 3429 2433 3480 in
2475 3429 2672 3483 delicto
2707 3431 2811 3485 boc
2863 3433 3238 3499 deprehensus
3272 3437 3456 3504 fuerit,
3505 3448 3620 3498 toto

2030 3521 2153 3585 Viue
2205 3534 2315 3571 suae
2348 3528 2593 3589 tempore
2646 3526 2923 3593 mysteriis
2960 3527 3291 3586 interdictns
3359 3534 3417 3587 in
3485 3537 3618 3591 liora

2030 3612 2295 3665 duntaxat
2326 3615 2518 3668 mortis
2553 3618 3004 3672 communicabit.

2098 3748 2286 3802 Canon
2320 3759 2499 3803 autem
2556 3750 2620 3804 t7
2651 3751 2882 3820 hujusce
2919 3755 3112 3825 synodi
3148 3756 3397 3815 homines
3428 3761 3604 3833 bujus.

2032 3840 2181 3894 modi
2243 3840 2490 3910 leprosos
2550 3842 2797 3897 nominat
2863 3844 2979 3914 (ita
3038 3848 3184 3902 enim
3236 3850 3324 3905 lex
3382 3850 3617 3910 Mosaica

2030 3930 2347 3984 immundos
2373 3939 2427 3983 ct
2458 3931 2693 3997 pollutos
2740 3934 3005 4005 vocabat)
3036 3945 3090 3990 et
3127 3937 3268 3994 inter
3301 3940 3619 4010 byemantes

2029 4032 2186 4072 orare
2216 4018 2392 4087 jubet.
2438 4016 2503 4071 lli
2541 4029 2723 4074 autem
2757 4034 2887 4077 sunt
2936 4025 3031 4094 qui
3101 4043 3201 4083 sua
3249 4031 3317 4084 ad
3367 4032 3619 4090 libidines

2029 4108 2384 4163 inclinatione
2451 4111 2804 4179 tranquillum
2885 4113 3141 4172 Ecclesiae
3203 4130 3422 4191 portum
3508 4127 3617 4181 sibi

2029 4200 2347 4264 occludunt,
2381 4202 2697 4272 ostiumqne
2753 4208 2982 4274 impuris
3029 4211 3309 4279 spiritibus
3344 4218 3617 4284 aperiunt,

2029 4290 2120 4359 qui
2182 4291 2432 4361 ingentes
2486 4293 2547 4346 iu’
2616 4294 2802 4350 anima
2861 4297 3060 4355 ﬂuctus
3123 4312 3179 4357 ct
3239 4315 3615 4376 tempestatem

2031 4383 2201 4436 cient.

431 4452 489 4506 Ὀ
517 4454 572 4507 δὲ
600 4455 777 4537 μσέγας
816 4455 1097 4523 Βασίλειος
1138 4461 1194 4512 ὲν
1222 4460 1299 4531 τῷ
1337 4460 1403 4529 ζ’,
1439 4463 1518 4518 ἔτι
1548 4466 1605 4518 δὲ
1644 4468 1738 4519 καὶ
1761 4472 1817 4521 ἐν
1842 4471 1918 4540 τῷ

2098 4471 2236 4540 Quin
2273 4481 2327 4528 et
2354 4489 2585 4546 magnus
2633 4477 2896 4547 Basilius,
2926 4480 2980 4535 in
3039 4479 3068 4531 7
3104 4498 3204 4537 nec
3266 4500 3370 4539 non
3430 4489 3498 4543 6'5
3528 4506 3615 4542 (τει-

354 4544 436 4613 ξγ¹
461 4546 649 4600 κανόνι
677 4548 806 4612 τοὺς
835 4548 1305 4622 ἀλογευσαμένους
1344 4558 1484 4624 μετὰ
1536 4558 1637 4626 τὴν
1673 4559 1924 4629 ἐξομολό-

348 4653 511 4706 γησιν
567 4629 650 4699 εἰς
698 4638 817 4704 ἔτος
879 4641 1102 4697 δέκατον
1165 4645 1415 4714 πέμπτον
1471 4648 1572 4718 τῆς
1634 4657 1921 4719 κοινωνίας

351 4732 629 4800 ἀπείργει.

431 4821 491 4875 '0
520 4823 577 4876 δὲ
606 4825 831 4895 Νύσσης
860 4826 1034 4894 μέγας
1063 4827 1387 4898 Γρηγόριος,
1433 4832 1489 4882 ὲν
1520 4833 1597 4902 τῷ
1637 4833 1684 4902 γ’
1713 4839 1921 4907 κανόνι,

346 4913 446 4982 τὴν
479 4914 763 4984 ἀλόγιστον
801 4915 1139 4988 ζωοφθορίαν
1187 4922 1267 4983 είς
1304 4921 1774 4981 ὀκτωκαιδέκατον
1803 4904 1922 4995 ἔτος

2043 4952 2216 4993 unas
2286 4939 2618 4995 irrationalis
2693 4938 3077 4999 fornicationis
3149 4948 3215 5001 ad
3272 4948 3341 5002 18
3407 4904 3661 5017 annuml

346 5005 598 5062 ἐκτείνει.

575 5141 579 5145 ν
1031 5103 1247 5175 Νόμος.

424 5191 487 5245 '0
520 5195 620 5264 μέν
662 5210 745 5248 τοι
780 5194 1057 5260 πολιτικὸς
1083 5197 1265 5268 ινόμος
1287 5239 1302 5265 ,
1355 5201 1419 5255 Oi
1459 5203 1916 5276 ἀλογευσάμενοι,

324 5280 532 5359 ςφησὶν,
561 5284 680 5355 ἦτοι
708 5286 1058 5359 κτηνοσάται,
1095 5288 1665 5351 καυλοκοπείσθωσαν.

556 5488 593 5496 -
626 5466 878 5523 ΚΕΦᾹΛ.
910 5469 1001 5536 (τ’.
1035 5471 1171 5538 Περὶ
1203 5472 1634 5542 ἀναγνωστῶν.

423 5558 483 5607 Ὃ
513 5558 595 5626 λγ¹
643 5561 742 5628 τῆς
791 5560 953 5634 ἕκτης
986 5566 1206 5617 συνόδου
1246 5563 1448 5631 κανὼν,
1491 5568 1723 5637 Μηδεὶς,
1757 5572 1912 5642 φησὶ,

347 5650 553 5718 κουρᾶς
599 5652 726 5705 ἄνευ
765 5655 862 5705 καὶ
921 5657 1219 5724 σφραγῖδος
1262 5655 1354 5711 τοῦ
1391 5659 1593 5710 οἰκείου
1634 5662 1913 5729 ποιμένος,

346 5739 434 5791 ἐπ’
479 5741 772 5814 ὲκκληδίας
816 5746 1232 5814 ἁναγι·.ωσκέτω
1287 5751 1386 5814 τὰς
1437 5751 1612 5821 ,ἱερὰς
1661 5750 1903 5821 βίϐλους,

2028 4581 2191 4629 none,
2235 4582 2328 4621 eos
2355 4568 2448 4636 qui
2506 4569 2894 4627 irrationaliter
2929 4573 3291 4641 fornicautur,
3325 4592 3615 4651 postquam

2026 4659 2262 4713 confessi
2303 4659 2528 4725 fuerint,
2585 4680 2759 4735 usque
2789 4665 2858 4720 ad
2906 4665 3183 4725 decimum
3214 4673 3465 4743 quintum
3514 4693 3614 4731 au-

2027 4767 2158 4804 ntun
2196 4766 2224 4805 a
2262 4755 2645 4809 communione
2714 4766 2881 4811 arcet.

2097 4841 2329 4913 Magnus
2363 4856 2546 4899 autem
2598 4846 2897 4916 Gregorius
2928 4848 3210 4920 Nyssenus
3260 4854 3313 4908 in
3343 4856 3377 4909 5
3405 4871 3614 4911 canone

2023 5029 2288 5085 extendit.

2754 5128 2884 5185 Lex.

2096 5204 2237 5263 Dicit
2278 5219 2459 5268 autem
2517 5215 2603 5271 lex
2642 5217 2858 5283 civilis,
2891 5221 2994 5289 Qui
3049 5225 3437 5284 irrationaliter
3501 5232 3609 5287 lor-

2021 5298 2300 5365 nicantur,
2357 5303 2476 5360 sive
2523 5307 2683 5389 bruta
2718 5309 2933 5377 ineunt,
2967 5317 3224 5384 genitalia
3277 5321 3357 5376 eis
3412 5339 3608 5393 ampu-

2021 5398 2206 5443 tentur
2227 5430 2240 5444 .

2393 5487 2503 5558 20
2529 5490 2685 5548 CAP.
2724 5493 2816 5551 Vl.
2855 5496 2929 5550 De
2951 5498 3256 5556 lectoribus.

2092 5570 2427 5633 Triccsimus
2454 5572 2653 5638 tertius
2684 5602 2735 5641 γι
2765 5603 2886 5658 syu.
2918 5606 3118 5648 canon.
3174 5591 3374 5660 Nemo,
3404 5598 3608 5668 inquit,

2019 5660 2138 5715 sine
2187 5673 2415 5722 tonsura
2453 5678 2506 5724 et
2570 5677 2808 5741 pastoris
2864 5682 3067 5749 proprii
3127 5660 3493 5751 charactere,-
3552 5693 3608 5745 in

2019 5766 2276 5826 suggestu
2310 5772 2459 5819 stans
2500 5779 2689 5822 sacros
2718 5767 2889 5826 libros
2928 5773 2982 5826 in
3022 5776 3257 5833 ecclesia
3303 5778 3464 5852 legat.
3503 5780 3608 5851 Qui

3636 4760 3643 4843 ἱ
