4016 6414
479 357 614 420 ιοεθ
1666 351 2040 415 ΜΑΤΤΗλἘῙ

2162 353 2516 414 .ASTARIS
3556 359 3682 426 1060

469 480 652 524 autem
688 478 882 540 praeter
933 466 1038 523 hoc
1074 466 1254 524 facere
1285 464 1529 538 aggressi
1577 465 1804 533 fuerim,
1835 479 2054 521 excom-

2164 466 2257 519 ἐπὶ
2307 467 2403 520 τοῦ
2450 467 2704 536 ἄμϐωνος
2747 465 3066 538 ἱστάμενος·
3121 466 3248 530 τοὺς
3291 467 3347 521 δὲ
3395 470 3530 539 παρὰ
3559 474 3688 526 τοῦτο

471 560 833 615 municationi
859 560 1244 631 subiiciantur.

2170 559 2346 609 ποιεῖν
2382 559 2698 628 τολμῶντας
2724 560 3016 630 ἀφορισμῷ
3044 558 3450 614 ύποδάλλεσθαι.

2251 646 2312 700 Ὀ
2343 647 2399 699 δὲ
2426 649 2526 716 τῆς
2570 650 2613 713 ζ’
2646 651 2865 702 συνόδου
2919 649 2980 701 ιδ’
3007 649 3131 702 οὐδὲ
3169 649 3261 700 τὸν
3306 651 3617 720 κεκαρμένον
3641 655 3691 708 ἐκ

2171 737 2461 803 μειρακίου
2515 738 2547 807 ἢ
2602 741 2734 808 φαιά
2774 740 3100 807 ἐνημμένον,
3143 740 3175 808 ἢ
3223 741 3496 807 μοναχνκὸν
3524 744 3693 811 ἠμφιε-

2169 827 2365 894 σμένον
2398 829 2605 899 σχῆμα,
2640 833 2799 885 τοῦτο
2839 836 3013 885 ποιεῖν
3063 833 3270 901 ἐφίησι,
3333 833 3403 902 μὴ
3448 834 3569 902 πρὸς
3616 836 3689 887 τοῦ

2166 920 2472 990 ἀρχιερέως
2491 923 2587 991 τὴν
2609 923 2950 992 χειροθεσίαν
2973 923 3284 993 δεξάμενον.
3315 925 3532 989 Ἐξεῖναι
3551 927 3598 980 δὲ
3621 929 3697 982 καὶ

2165 1011 2488 1080 ἡγουμένοις
2533 1015 2697 1082 φησὶν
2747 1016 3020 1084 ἱερωσύνῃ
3099 1017 3524 1084 σεμνυνομένοις,
3589 1020 3697 1070 ἀνα-

2167 1102 2417 1166 γνὼττας
2448 1106 2506 1156 tv
2533 1107 2646 1167 τοῖς
2691 1105 2910 1170 οἰκείοις
2954 1108 3345 1177 μοναστηρίοις
3386 1111 3696 1178 χειροτονεῖν,

2167 1192 2215 1242 εί
2275 1189 2364 1243 ἐπ’
2424 1194 2680 1262 ἐρημίας,
2712 1194 2866 1266 οἶμαι
2923 1198 2992 1248 τά
3036 1199 3374 1268 μοναστήρια
3407 1200 3698 1268 τυγχάνουσι

2167 1282 2416 1350 κείμενα.
2449 1286 2619 1338 Τοῦτο
2643 1287 2699 1340 δὲ
2729 1288 2824 1340 καὶ
2848 1289 3291 1358 χωρεπισκόποις
3320 1290 3483 1341 ποιεῖν
3499 1291 3698 1358 ἐφεῖται.

2173 1375 2335 1443 Ζήτει
2363 1376 2458 1430 καὶ
2491 1377 2550 1429 τὸ
2582 1378 2623 1429 δ’
2662 1396 2787 1448 κεφ.
2824 1381 2916 1433 τοῦ
2946 1381 2985 1432 Γ
3019 1380 3304 1449 στοιχείου,
3333 1380 3422 1432 καὶ
3442 1382 3497 1433 τὸ
3522 1388 3596 1434 καί
3620 1381 3699 1434 τοῦ

2165 1467 2211 1519 Χ
2256 1469 2548 1539 στοιχείου,
2589 1469 2684 1523 καὶ
2713 1473 2769 1524 ἐν
2802 1471 2879 1542 τῷ
2909 1471 2952 1524 ε’
2978 1472 3262 1544 κεφαλαίῳ
3290 1470 3382 1525 τοῦ
3407 1475 3442 1524 Δ
3469 1474 3700 1544 στοιχείου

2166 1559 2368 1611 κανόνα
2399 1559 2493 1612 τοῦ
2540 1562 2780 1632 μεγάλου
2809 1563 3092 1616 Βασιλείου
3127 1570 3230 1618 να⁰.

1189 1661 1316 1716 Lex.

2845 1655 3064 1723 Νόμος.

539 1750 705 1809 Jubet
735 1767 914 1810 autem
967 1756 1260 1812 Iustiniani
1297 1759 1536 1823 novella,
1590 1767 1649 1812 ut
1679 1773 1840 1813 nemo
1890 1762 2054 1814 lector

2249 1741 2315 1796 'H
2345 1742 2398 1796 δὲ
2437 1742 2865 1809 Ἰουστινιάνειος
2908 1747 3101 1816 Νεαρά
3144 1745 3356 1799 κελεύει
3391 1745 3461 1815 μὴ
3489 1743 3702 1812 γίνεσθαί

469 1845 585 1908 fiat,
621 1847 724 1901 nisi
753 1848 844 1916 qui
878 1849 948 1902 sit
979 1849 1046 1902 18
1104 1864 1281 1904 annos
1313 1860 1496 1904 natus.
1529 1848 1724 1916 Quaere
1768 1853 1934 1906 etiam
1995 1854 2054 1908 l5

2166 1851 2289 1886 τινα
2321 1836 2676 1904 ἀναγνώστην
2707 1840 2754 1890 εξ
2783 1839 2857 1908 μὴ
2897 1845 2965 1909 ιη’
3000 1838 3138 1891 ἐτῶν
3180 1838 3413 1907 γένοιτο.
3458 1838 3603 1908 Ζήτει
3628 1837 3706 1889 καὶ

465 1956 593 2009 cap.
634 1940 822 1994 littera}
858 1939 922 1993 Κ.

2166 1930 2226 1984 τὸ
2261 1938 2330 2001 ιγ’
2360 1951 2485 2003 κεφ.
2513 1936 2606 1988 τοῦ
2639 1938 2686 1990 Κ
2721 1954 2894 2008 στοιχ.

862 2032 1018 2087 CAP.
1056 2031 1164 2086 VII.
1200 2032 1274 2087 De
1315 2035 1672 2088 anathemate.

2473 2029 2727 2084 ΚΕΦΑΛ.
2763 2033 2838 2086 Z'.
2879 2031 3020 2100 Περι
3043 2032 3438 2100 ἀναθέματος.

2239 2118 2401 2188 Ζήτει
2433 2120 2502 2173 τὰ
2531 2123 2660 2192 περὶ
2681 2121 2876 2176 τούτου
2910 2125 2968 2177 ἐν
2987 2127 3053 2194 τῇ
3074 2126 3355 2196 ἐπιγραφῇ
3381 2125 3483 2194 ’τῆς
3511 2127 3564 2178 tv
3589 2125 3708 2194 Γάγο

2164 2224 2273 2279 γρᾳ
2305 2211 2548 2277 συνόδου,
2588 2214 2708 2284 ἥτις
2755 2215 2834 2286 τῷ
2869 2217 3153 2288 καταλόγῳ
3183 2218 3298 2270 τῶν
3345 2218 3540 2272 λοιπῶν
3581 2218 3707 2272 συνό-

2163 2298 2272 2353 δων
2305 2301 2363 2353 ἐν
2395 2306 2460 2372 τῇ
2489 2305 2632 2376 ἀρχῇ
2673 2308 3100 2379 συνηρίθμηται.

2454 2396 2707 2455 ΚΕΦΑΛ.
2749 2401 2831 2454 Η’.
2865 2402 3004 2469 Περὶ
3033 2403 3450 2470 ἀντιμινσίων.

2235 2495 2318 2548 Τὰ
2348 2493 2684 2564 ἀντιμίνσια,
2733 2494 2831 2562 τῆς
2876 2494 3208 2565 ἀγιαστικῆς
3248 2497 3536 2565 μετέχοντα
3578 2493 3710 2548 δυνά-

2167 2603 2334 2654 μεως.
2377 2585 2444 2655 ἢν
2499 2585 2684 2647 αὐτοῖς
2721 2585 2757 2656 ἡ
2809 2585 2910 2652 τῆς
2965 2586 3360 2658 καθιερώσεως
3392 2588 3498 2641 τῶν
3547 2585 3712 2639 νεωστὶ

2162 2678 2596 2747 ἀνεγειρομένων
2624 2677 2769 2730 ναῶν
2799 2677 3093 2733 ἀκολουθία
3127 2681 3227 2732 καὶ
3253 2681 3285 2749 ἡ
3319 2680 3644 2748 ἐπταήμερος
3665 2677 3712 2727 tv

2163 2771 2241 2838 τῷ
2274 2773 2388 2824 ἐκεῖ
2411 2771 2791 2840 θυσιαστηρίῳ
2815 2772 3093 2841 κειμένοις
3123 2771 3410 2844 ἱερουργία
3441 2769 3712 2841 χαρίζεται,

545 652 800 708 Decimus
835 661 1065 722 quantus
1091 664 1270 706 autem
1312 667 1434 721 syn.
1459 650 1490 703 6
1518 665 1716 713 canon,
1775 665 1952 719 neque
2011 650 2062 706 ei

469 745 616 815 quia
641 744 925 813 juventute
949 754 1159 806 tonsus,
1191 743 1269 796 vel
1295 745 1465 811 nigris
1483 743 1850 806 vestibus,ch
1878 744 2063 798 habitu

482 835 798 890 lliOItaCIlaIt
823 839 1050 890 indutus
1087 836 1272 897 fuerit,
1310 835 1414 889 IIOC
1442 837 1618 889 facere
1643 836 1925 904 permittit,
1959 837 2063 889 nisi

471 928 541 982 ab
555 928 797 981 antistite
814 927 1183 996 adeptionem,
1214 927 1326 981 sive
1362 943 1623 980 manuum
1654 928 2059 995 intpositionem

469 1020 763 1089 acceperit.
821 1019 963 1086 Quin
1007 1031 1060 1072 et
1110 1019 1382 1088 prmfectis
1428 1020 1751 1073 sa-erdotuli
1802 1019 2065 1088 dignitate

469 1111 679 1164 ornatis
708 1110 788 1164 fas
829 1125 950 1164 esse
982 1111 1112 1165 dicit
1138 1112 1188 1164 in
1224 1111 1458 1180 prepriis
1510 1109 1859 1163 monasteriis
1899 1110 2065 1162 lecto-

473 1215 557 1253 res
578 1200 853 1262 ordinare,
876 1201 919 1254 si
941 1203 1274 1254 monasteria
1307 1203 1518 1255 scilicet
1543 1203 1595 1252 in
1642 1200 1873 1254 desertis
1891 1197 2064 1252 aedili-

469 1301 591 1346 cata
621 1291 749 1347 sint.
786 1291 931 1345 Idem
968 1293 1134 1345 etiant
1171 1291 1353 1346 facere
1388 1292 1795 1359 t-ltorepiscopis
1836 1291 2065 1360 permis-

469 1398 592 1438 sum
617 1392 722 1437 est.
767 1382 958 1446 Quaere
992 1393 1154 1450 caput
1207 1383 1240 1436 4
1297 1383 1484 1438 littera:
1520 1383 1558 1434 Γ
1587 1393 1640 1436 et
1668 1381 1731 1436 21
1765 1382 1959 1436 litterae
1991 1381 2062 1446 X,

467 1481 524 1529 et
555 1475 611 1528 in
647 1489 766 1544 cap.
809 1475 843 1529 5
886 1474 1076 1528 littera:
1112 1476 1150 1525 Δ
1195 1489 1460 1529 canonem
1489 1475 1550 1528 51
1591 1473 1774 1543 magni
1805 1472 2012 1527 Basilii.

536 2119 731 2186 Quaere
757 2139 924 2191 super
963 2125 1067 2177 hoc
1099 2125 1155 2176 in
1198 2125 1558 2192 inscriptione
1592 2123 1785 2195 synodi
1817 2125 2058 2194 Gangre-

465 2228 573 2277 ιιειι,
602 2228 724 2282 qua:
757 2215 810 2267 in
869 2215 1139 2284 principio
1171 2215 1502 2282 reliquarum
1539 2216 1876 2285 synodorutn
1903 2227 2056 2270 cata-

466 2305 588 2373 logo
613 2319 1030 2362 annumeratur.

517 2397 671 2453 CAP.
711 2399 842 2454 VIII.
885 2401 960 2454 De
1017 2399 1359 2456 Aminiinsiis
1395 2417 1486 2454 seu
1549 2399 2003 2454 Promensalibus.

545 2490 928 2548 Promensalia
966 2496 1074 2546 vim
1109 2495 1482 2548 sunctilicandi
1516 2503 1696 2556 nacta,
1723 2507 1887 2561 quam
1921 2503 2056 2546 tein-

464 2585 682 2655 plorum
715 2587 783 2639 de
820 2601 964 2639 novo
997 2597 1404 2639 exstructorum
1439 2585 1802 2646 consecratio,
1845 2593 1898 2638 et
1927 2599 2054 2652 sep-

465 2691 573 2730 tem
604 2678 816 2730 dierum
856 2677 1220 2731 ministerium
1271 2677 1341 2730 iis
1378 2676 1575 2730 ibidem
1605 2675 1836 2729 servatis
1858 2673 2055 2744 elargi-

463 2780 575 2832 tur,
625 2768 941 2837 ubicunque
997 2768 1064 2822 iis
1110 2784 1248 2837 opus
1303 2772 1485 2830 luerit,
1519 2769 1639 2820 sine
1690 2765 2057 2842 prohibitione

464 2863 942 2914 transmittuntur:
1008 2865 1063 2912 et
1115 2875 1224 2912 non
1267 2859 1320 2912 in
1374 2859 1476 2914 hac
1515 2858 1596 2912 vel
1630 2857 1719 2910 illa
1774 2857 2054 2926 provincia

461 2952 998 3007 circumscribuntur
1030 2992 1046 3017 ,
1083 2951 1178 3006 sed
1221 2960 1276 3005 et
1339 2960 1493 3006 trans
1547 2965 1701 3005 mare
1761 2948 2054 3003 mittuntur

2165 2953 2498 3022 πέμπονται,
2527 2953 2622 3005 καὶ
2655 2953 2715 3006 οὐ
2744 2953 3152 3024 περιγράφεται
3190 2955 3250 3007 ἐν
3285 2955 3407 3026 τῇδε
3439 2958 3501 3024 τῇ
3533 2950 3711 3020 ἐνορίᾳο

462 3044 611 3099 sicut
643 3054 698 3098 et
731 3044 912 3098 oleum
943 3053 998 3097 et
1057 3045 1263 3114 reliqua
1315 3059 1493 3100 sacra.
1534 3043 1613 3097 lla
1670 3053 1851 3096 autem
1909 3041 2054 3095 dicta

2163 3043 2196 3114 ἢ
2229 3046 2285 3095 ἐν
2320 3044 2525 3114 ἐκείνῃ,
2560 3044 2697 3096 ἀλλὰ
2736 3044 2831 3098 καὶ
2870 3045 3140 3120 ὑπερόρια
3195 3046 3458 3114 γίνονται,
3493 3043 3625 3097 καθά
3661 3040 3714 3109 δὴ

461 3143 612 3199 sunt,
673 3137 816 3204 quod
871 3137 1072 3190 multas
1150 3137 1419 3204 ejusmodi
1468 3149 1688 3188 mensas
1747 3134 2054 3201 exprimant

2165 3138 2256 3190 καὶ
2291 3135 2351 3188 τὸ
2384 3136 2542 3204 ἆγιον
2581 3135 2774 3207 μύρον,
2812 3138 2904 3190 καὶ
2937 3137 3104 3207 ἕτερα
3139 3139 3310 3207 ἅγια·
3354 3137 3646 3208 ἐκλήθησαν
3668 3131 3715 3186 δέ

465 3229 838 3297 referantque,
903 3244 1024 3297 qua:
1095 3238 1341 3283 sanctam
1421 3227 1757 3281 Dominicam
1811 3241 2054 3280 mensam

2162 3225 2354 3290 οὕτως,
2381 3227 2457 3287 ὡς
2505 3225 2900 3296 ἁντιπρόσωπα
2946 3229 3042 3280 καὶ
3077 3230 3354 3283 ἀντίτυπα
3395 3229 3500 3280 τῶν
3537 3224 3717 3279 πολλῶν

463 3319 780 3389 perficiunt.
813 3319 956 3384 Quin
1017 3328 1072 3374 et
1134 3335 1337 3375 nomen
1400 3319 1521 3388 ejus
1587 3334 1620 3373 a
1679 3317 2054 3374 Romanorum

2162 3317 2422 3371 τοιούτων
2457 3318 2685 3387 μίνσων,
2719 3319 2828 3372 τῶν
2863 3321 3308 3389 καταρτιζὸντων
3343 3321 3442 3393 τὴν
3469 3319 3620 3386 ἁγίαν
3647 3316 3718 3370 δε-

461 3425 655 3466 mensa
723 3411 996 3466 ducitur:
1055 3411 1278 3481 proprie
1339 3421 1522 3464 autem
1611 3409 1664 3463 in
1733 3425 1828 3464 eas
1901 3425 2054 3462 ruen-

2164 3411 2430 3479 σποτικὴν
2455 3410 2739 3480 τράπεζαν
2762 3426 2776 3440 ⁸
2809 3410 2944 3464 ἀλλά
2970 3413 3066 3464 καὶ
3099 3414 3210 3468 ἀπὸ
3233 3414 3330 3468 τοῦ
3357 3412 3477 3466 κατ’
3511 3408 3717 3467 Ἰταλοὺς

463 3517 556 3558 sas
601 3511 907 3570 ponuntur,
943 3517 1084 3572 quas
1116 3502 1462 3556 consecratio
1510 3500 1752 3554 nondum
1813 3500 2054 3554 sanctifi-

2163 3501 2419 3570 μίνσουή
2463 3500 2671 3553 τούτων
2722 3500 2980 3572 παρήχθη
3021 3504 3404 3576 προσηγορία·
3439 3502 3630 3576 κυρίως
3667 3497 3716 3550 δὲ

463 3593 645 3648 cavit.
2160 3591 2246 3643 ἐπ’
2275 3589 2501 3644 ἐκείνων
2530 3591 2643 3645 τῶν
2688 3592 2986 3660 τραπεζῶν
3012 3594 3280 3662 τίθενται,
3321 3596 3388 3660 ἀς
3419 3593 3718 3664 καθιέρωσις

2159 3681 2260 3750 οὐχ
2295 3681 2546 3750 ἡγίασεν.

2231 3797 2486 3850 ΚΕΦΛᾹ.
2521 3795 2596 3851 Θ’.
2632 3798 2773 3867 Περὶ
2813 3800 3160 3867 ἀποδημίας
3191 3801 3546 3856 ἐπισκόπων
3571 3796 3658 3851 καί

2784 3869 3112 3937 κληρικῶν.

2232 3960 2367 4013 Οὐδὲ
2392 3960 2459 4012 τά
2486 3961 2586 4028 τῆς
2618 3959 2938 4029 ἀποδημίας
2977 3961 3087 4014 τῶν
3131 3963 3456 4016 ἐπισκόπων
3485 3961 3516 4032 ἢ
3555 3964 3719 4027 κληρι·

2161 4051 2276 4105 κῶν
2304 4053 2597 4122 παροπτέα
2624 4055 2739 4114 τοῖς
2770 4053 3057 4123 Πατράσιν
3083 4055 3283 4127 ἐκρίθη
3307 4072 3321 4084 ·
3351 4057 3379 4107 ό
3406 4055 3509 4125 γὰρ
3549 4058 3616 4116 ις’
3637 4051 3719 4117 τῆς

2159 4141 2461 4214 λεγομένης
2496 4142 2544 4198 α’
2567 4146 2661 4198 καὶ
2687 4145 2732 4213 β’
2765 4145 2986 4198 συνόδου
3018 4147 3222 4212 κανὼν,
3271 4149 3334 4202 '0
3364 4149 3522 4202 πλέον
3548 4147 3646 4200 τῶν
3671 4141 3721 4204 ἐξ

2165 4235 2372 4303 μηνῶν,
2432 4235 2588 4306 φησὶ,
2641 4235 2744 4303 τῆς
2783 4235 2995 4289 ’ἑαυτοῦ
3079 4238 3384 4310 ἐκκλησίας
3450 4234 3721 4305 ἀποδημῶν

2165 2861 2294 2914 ἔνθα
2326 2863 2392 2915 ἀν
2446 2862 2609 2932 χρεία
2665 2863 2895 2931 γένηται
2943 2862 3172 2930 τούτων,
3221 2861 3514 2925 ἀκωλύτως
3563 2876 3716 2930 παρα-

459 3795 616 3850 CAP.
664 3793 757 3852 IX.
819 3793 897 3849 De
960 3793 1378 3874 peregrinatione
1427 3793 1787 3861 episcoporum
1839 3801 1890 3845 et
1945 3795 2058 3848 cle-

1171 3879 1424 3916 ﬁcorum.

531 3959 708 4013 Porro
737 3972 840 4012 nec
914 3957 1298 4026 episeOporum
1344 3964 1400 4008 et
1447 3955 1772 4010 clericorum
1811 3956 2057 4025 peregri-

460 4051 612 4103 natio
650 4065 679 4102 a
715 4047 970 4102 Patribus
1022 4046 1487 4118 pratermittenda
1523 4047 1831 4101 videbatur.
1863 4046 2054 4102 Canon

458 4143 608 4197 enim
655 4141 720 4196 16
747 4140 939 4212 synodi
972 4155 1093 4210 quae
1121 4141 1299 4210 prima
1359 4149 1416 4193 et
1462 4139 1705 4194 secunda
1764 4139 1909 4193 dicta
1949 4148 2054 4207 est,

458 4236 788 4306 Episcopus,
841 4234 1043 4303 inquit,
1079 4233 1170 4302 qui
1207 4231 1500 4302 plusquam
1533 4247 1628 4287 sex
1663 4232 1948 4287 mensibus
1988 4234 2057 4289 ab

457 4329 692 4381 ecclesia
745 4341 842 4381 sua
894 4324 1156 4386 abfuerit,
1221 4331 1276 4378 et
1317 4323 1374 4377 in
1405 4323 1508 4378 alia
1537 4324 1760 4392 regione
1806 4334 2054 4380 versatus

2162 4326 2480 4390 ἐπίσκοπος,
2517 4331 2614 4381 καὶ
2662 4329 2720 4380 ἐν
2753 4329 3029 4400 ἀλλοδαπῇ
3059 4329 3383 4402 διατρίϐων,
3415 4333 3488 4403 μὴ
3534 4328 3718 4401 βασιλι-

458 4419 649 4481 fuerit,
689 4433 788 4472 nec
817 4417 959 4488 regis
992 4424 1088 4470 aut
1115 4416 1441 4486 patriarchae
1467 4416 1626 4484 jussu
1657 4417 1933 4478 detentus,
1962 4427 2054 4471 aut

2163 4417 2263 4470 κοῦ
2295 4417 2326 4486 ἥ
2379 4420 2787 4488 πατριαργικοῦ
2838 4420 3116 4490 εἴργοντος
3148 4424 3318 4477 αὑτὸν
3348 4425 3715 4490 ἐπιτάγματος.

458 4527 490 4564 a
548 4509 695 4578 gravi
723 4509 936 4573 morbo,
986 4517 1045 4562 ut
1072 4509 1295 4564 omnino
1324 4508 1558 4578 pedibus
1590 4509 1667 4562 uti
1712 4521 1819 4561 non
1853 4509 2046 4576 possit,

2162 4509 2186 4580 ἢ
2245 4507 2473 4579 βαρείας
2511 4512 2668 4564 νόσου
2724 4512 3022 4583 κλινοπετῆ
3078 4514 3257 4570 διόλου
3315 4516 3602 4584 ποιούσης,
3653 4511 3716 4574 ὡς

457 4598 604 4651 lecto
636 4595 849 4658 aﬂixus,
886 4613 916 4649 a
965 4597 1274 4652 sacerdotio
1331 4598 1687 4662 alienabitur,
1722 4605 1775 4651 et
1824 4598 1966 4654 alius
1999 4601 2054 4654 in

2162 4601 2431 4671 ἀκινήτως
2475 4602 2613 4672 πρὸς
2663 4603 2965 4673 μετάϐασιν
3016 4603 3186 4675 ἔχειν,
3216 4607 3713 4678 -ἀλλοτριωοήσεται

455 4687 831 4757 episcopatum
872 4687 994 4759 ejus
1025 4688 1424 4746 introducetur.

2162 4693 2255 4760 τῆς
2291 4693 2619 4764 ἱερωσύνης,
2663 4699 2756 4749 καὶ
2795 4696 2984 4768 ἔτερος
3015 4699 3094 4760 εἰς
3125 4699 3226 4768 τὴν
3257 4700 3564 4771 ἐπισκοπὴν
3593 4695 3716 4752 ὲκεί-

879 4795 883 4808 -
2157 4799 2251 4835 vou
2285 4787 2797 4854 ἀντεισαχθήσεται.

2243 4875 2300 4929 Ὁ
2327 4876 2382 4929 δὲ
2409 4878 2508 4946 τῆς
2537 4881 2595 4930 ἐν
2618 4879 2858 4951 Σαρδικῇ
2893 4881 2958 4947 ζ’,
2986 4885 3048 4938 Εἰ
3081 4886 3159 4958 μὴ
3195 4887 3495 4958 γράμμασι
3531 4879 3714 4953 βασιλιο

2153 4970 2273 5030 κοῖς
2307 4971 2754 5041 μεταπεμφθείη,
2813 4976 3006 5044 φησὶν,
3063 4979 3092 5030 ὁ
3143 4981 3473 5041 ἐπίσκοπος,
3519 4974 3712 5029 ἀπιέναι

2159 5065 2234 5131 μὴ
2265 5063 2520 5132 τολμάτω
2552 5065 2688 5134 πρὸς
2731 5066 2978 5136 βασιλέα,
3014 5070 3349 5140 ἀξιωμάτων
3385 5073 3544 5125 ἕνεκα
3582 5064 3714 5137 μάλιο

2158 5169 2278 5216 στα,
2311 5155 2347 5207 ἃ
2387 5153 2450 5224 δὴ
2488 5161 2777 5224 κοσμικοῖς
2819 5161 2916 5229 οὐχ
2955 5155 3118 5232 ¹ἧττον
3149 5162 3181 5233 ἢ
3218 5165 3538 5224 ἐπισκόποις
3572 5172 3713 5228 προσ·

524 4864 632 4936 21
669 4864 946 4934 Septimus
974 4875 1156 4922 autem
1181 4869 1377 4936 synodi
1401 4868 1614 4925 Sardie.
1666 4887 1868 4937 canon,
1919 4873 2049 4944 Epi-

453 4974 684 5028 scopus,
720 4959 917 5028 inquit,
961 4958 1065 5014 nisi
1129 4960 1324 5014 litteris
1376 4963 1541 5030 regiis
1613 4975 1949 5029 accersatur,
1982 4967 2050 5022 ad

457 5068 641 5122 regem
682 5053 952 5122 proficisci
1013 5067 1083 5106 ne
1174 5052 1394 5118 audeat,
1466 5058 1764 5126 prasertim
1827 5069 2054 5131 propter

457 5146 750 5214 dignitates
783 5162 902 5214 quae
935 5145 1290 5200 szceularibus
1324 5163 1432 5200 non
1492 5149 1676 5204 minus
1739 5167 1899 5220 quam
1932 5153 2052 5221 epi-

457 5236 643 5302 scopis
683 5235 1041 5288 t'mlveniunl.
1077 5234 1232 5300 Quod
1262 5236 1306 5290 si
1345 5239 1504 5306 plane
1524 5250 1747 5311 propter
1785 5244 2048 5300 auxilium

461 5327 661 5395 injuria
727 5327 1048 5380 alfectorttm
1134 5327 1528 5400 viduarumque
1561 5342 1616 5387 et
1673 5334 2048 5404 orplianorum

453 5421 522 5475 ad
557 5436 735 5490 regem
791 5421 1008 5474 mittere
1046 5421 1098 5475 in
1165 5422 1350 5479 animo
1406 5425 1628 5492 habeat,
1665 5436 1764 5481 aut
1829 5429 2043 5483 veniam

452 5525 784 5568 exosaturus
826 5515 897 5566 sit
931 5529 1028 5583 pro
1068 5515 1134 5570 iis
1175 5519 1270 5587 qui
1323 5519 1394 5573 ob
1455 5520 1652 5574 delicta
1698 5521 1753 5575 in
1791 5522 2047 5576 exsiliqu

451 5605 748 5673 deportati,
787 5615 879 5657 aut
938 5607 1058 5660 aliis
1101 5610 1276 5675 ptenis
1316 5611 1537 5666 obnoxii
1612 5613 1832 5677 fuerint,
1865 5628 1894 5666 a
1955 5631 2045 5668 sa-

452 5715 541 5751 nis
575 5698 885 5751 hominibus
924 5699 1137 5755 laudent
1187 5702 1365 5771 potius
1425 5719 1587 5772 quam
1655 5706 2043 5775 rcprehcnsio~

457 5805 586 5844 υιειιι
625 5801 885 5844 ηιριῡιυῖ.

2155 5247 2302 5316 ήκει.
2340 5245 2405 5299 Et
2456 5248 2512 5300 δὲ
2559 5247 2628 5301 δι’
2668 5252 2994 5321 ἐπικουρίαν
3038 5256 3339 5324 προφανῶς
3372 5251 3712 5321 ἀδικουμένων

2155 5339 2429 5408 πενήτων,
2457 5341 2645 5412 χηρῶν
2685 5359 2746 5395 τε
2789 5345 2883 5396 καὶ
2917 5343 3195 5414 ὀρφανῶν,
3234 5346 3335 5416 τὴν
3367 5341 3444 5407 ὡς
3467 5346 3552 5398 τὸν
3583 5344 3712 5411 βασι·

2153 5429 2248 5482 λέα
2277 5431 2590 5485 στείλασθαι
2619 5433 3025 5506 προθυμηθείη,
3051 5435 3082 5506 ἦ
3109 5437 3583 5508 παραιτησόμενος
3602 5429 3708 5488 τοὺς

2154 5521 2247 5573 ἐπὶ
2281 5521 2628 5591 πταίσμασιν
2661 5525 2847 5596 ἐξορίᾳ
2883 5527 3418 5598 παραπεμφθέντας,
3452 5527 3482 5594 ἢ
3519 5523 3707 5591 ἑτέραις

2153 5613 2579 5684 ἐξεταζομένους
2604 5616 2913 5681 κολάσεσιν,
2946 5619 3263 5684 ἐπαινετόος
3300 5619 3496 5690 μᾶλλον
3528 5618 3556 5686 ἦ
3591 5632 3708 5683 μεμ-

2155 5709 2319 5771 πτέος
2344 5710 2454 5772 τοῖς
2477 5726 2538 5776 γε
2577 5709 2702 5762 νοῦν
2736 5710 2975 5778 ἔχουσιν.
