4016 6388
319 341 460 409 1061

1294 337 1710 402 SYNTAGMA
1745 309 2378 396 ALPIIABETICUM.
2424 355 2492 364 —
2532 331 2606 390 Α.

3436 322 3576 390 1062

397 463 460 513 Ὀ
505 459 562 512 δὲ
609 465 658 528 η’
702 456 930 526 ταύτης,
966 456 1030 508 Ei
1075 453 1260 525 μέντοι
1295 453 1362 506 δι’
1401 452 1697 522 ὑπηρέτου,
1739 448 1895 515 φησὶ,

2075 446 2312 495 Octavus
2345 448 2527 494 autem
2562 437 2809 508 ejusdem
2857 451 2976 507 syn.
3013 452 3210 499 canon,
3249 439 3304 492 Si
3341 442 3588 507 quidem.

312 553 414 624 τὴν
440 548 828 618 δεδηλωμένην
862 547 1076 600 ίκεσίαν
1120 545 1259 615 ὑπὲρ
1291 543 1401 597 τῶν
1437 541 1900 613 προσφευγόντων

311 647 381 714 τῇ
439 641 708 710 ἐκκλησίᾳ
755 639 851 692 καὶ
877 637 1152 698 δεομένων
1191 637 1515 702 ἐπικουρίας
1544 635 1571 686 ὁ
1600 634 1900 690 ἐπίσκοπος

313 735 647 805 ποιήσαιτο,
698 731 794 784 καὶ
831 733 896 802 τῇ
937 731 1047 783 τῶν
1098 726 1314 781 πολλῶν
1367 727 1468 795 οὐχ
1533 725 1897 778 ύποπεσεϊται

318 825 548 895 μέμψει,
607 823 703 877 καὶ
757 823 858 893 τὴν
893 823 951 874 ἐν
999 820 1076 890 τῷ
1112 817 1468 889 στρατοπέδῳ
1518 814 1900 885 ταλαιπωρίαν

313 915 668 983 ἐκφεύξεται.
730 916 731 919 “

398 1008 457 1061 Ὀ
485 1008 540 1060 δέ
570 1007 635 1071 θ’,
667 1007 780 1068 Τὰς
812 1005 968 1071 ;μετά
999 1003 1307 1072 συνοδικῆς,
1359 995 1899 1071 φησὶ,ίδιαγνώσεως

315 1099 456 1164 πρὸς
504 1097 597 1152 τὸν
642 1096 872 1166 βασιλέα
900 1095 994 1148 τοῦ
1026 1095 1330 1148 ἐπισκόπου
1371 1089 1736 1160 πεμπομένας
1782 1089 1902 1166 ἐπι-

318 1189 514 1252 στολὰς
570 1189 679 1242 ὑπὸ
714 1186 809 1240 τοῦ
845 1187 944 1256 τῆς
973 1187 1183 1248 πόλεως
1213 1185 1430 1252 ἐκείνης
1468 1179 1898 1253 μητροπολίτου,

319 1282 379 1332 ἐν
475 1279 574 1342 τὰς
620 1277 905 1347 διατριϐὰς
937 1279 966 1330 ό
993 1277 1246 1348 βασιλεὺς
1274 1276 1353 1346 τῷ
1401 1274 1703 1347 τηνικαῦτα
1731 1275 1903 1326 ποιεῖ-

319 1388 432 1429 ται.
469 1369 862 1437 ὰνακρίνεσθαι
893 1370 994 1435 δεῖ,
1051 1371 1147 1422 καὶ
1196 1370 1245 1421 εί
1295 1367 1372 1438 μὴ
1425 1365 1683 1436 φορτικαὶ
1722 1362 1900 1433 τούτῳ

317 1462 593 1525 δοκοῦσιν,
623 1461 958 1515 ἐπιδίδοσθαι
979 1477 994 1493 ο
1025 1463 1075 1514 εἰ
1101 1458 1146 1512 δ’
1168 1457 1284 1524 οὖν,
1308 1460 1452 1529 πρὸς
1481 1458 1574 1512 τὸν
1606 1455 1901 1527 πέμψαντα

318 1553 525 1615 ταύτας
553 1550 855 1619 ἀνακομίζε
865 1549 1011 1606 σθαι.

402 1643 466 1700 '0
491 1644 550 1697 δὲ
577 1649 647 1707 κ’,
686 1643 800 1712 Τῆς
830 1643 991 1696 ἐνίων
1021 1639 1405 1712 ἀναισχυντίας
1427 1639 1668 1702 εἵνεκεν,
1703 1637 1790 1690 ἴνα
1823 1637 1899 1707 μὴ

319 1739 387 1790 τὰ
410 1738 510 1804 τῆς
535 1735 844 1806 ἱερωσύνης
865 1734 1227 1796 διαϐάλλοιτο,
1253 1735 1350 1789 καὶ
1375 1730 1533 1802 παρά
1569 1730 1679 1784 τῶν
1706 1731 1764 1784 ἐν
1782 1733 1903 1793 ταῖς

322 1829 581 1900 παρόδοις
633 1826 1057 1896 καθεστηκότων
1107 1825 1449 1890 ἐπισκόπων,
1507 1823 1904 1893 ἀνακρίνεσθαι

321 1923 449 1985 τοὺς
477 1921 740 1981 ἀπιόντας
772 1936 865 1972 ποι
896 1918 1006 1972 τῶν
1040 1917 1348 1988 ἀρχιερέων
1393 1915 1522 1988 χρὴ,
1553 1917 1664 1972 τῶν
1701 1932 1906 1986 μητρο-

323 2013 580 2074 πολιτῶν,
614 2007 790 2080 οἶμαι,
823 2005 904 2074 οἷς
927 2012 976 2065 οί
1011 2011 1245 2065 τοιοῦτοι
1295 2010 1520 2073 πάντως
1558 2009 1900 2064 ὑπόκεινται.

324 2105 464 2173 Πρὸς
491 2104 718 2156 ἐκείνων
761 2100 870 2174 γῑρ
899 2101 996 2157 καὶ
1043 2102 1204 2171 μόνον
1249 2102 1378 2165 τοὺς
1426 2101 1518 2154 ὑπ’
1545 2101 1733 2163 αὐτοῖς
1770 2102 1905 2154 ἀνα-

321 2197 608 2265 κρίνεσθαι
657 2195 836 2266 χρεὼν
869 2195 1230 2258 ἐπισκόπους,
1267 2194 1386 2247 ἐστι
1419 2194 1466 2247 δ’
1499 2194 1588 2247 ὅτε
1638 2196 1735 2249 καὶ
1774 2195 1904 2256 τοὺς

324 2290 400 2360 μὴ
432 2290 826 2358 ὑποκειμένους
861 2289 1075 2355 αὐτοῖς,
1109 2291 1206 2343 καὶ
1232 2289 1445 2350 τούτοις
1473 2287 1627 2358 παρά
1673 2287 1906 2350 κανόνας

320 2399 375 2434 τι
436 2383 667 2448 πράξειν
717 2380 1090 2450 ὡρμημένοις,
1133 2380 1232 2451 οὐχ
1269 2381 1420 2444 ὅπως
1477 2379 1552 2450 μὴ
1603 2381 1904 2444 συναινεῖν,

321 2476 459 2529 ἀλλά
484 2479 580 2529 καὶ
605 2473 955 2545 ἀπελέγχειν,
993 2478 1087 2531 καὶ
1109 2474 1185 2538 ὡς
1216 2470 1328 2528 οἷόν
1355 2491 1435 2538 τε,
1464 2473 1808 2527 διακωλύειν.
1841 2474 1902 2526 Et

325 2571 424 2639 μὲν
463 2571 575 2639 γάρ
604 2569 816 2622 ἀπίοιεν
869 2571 1011 2640 πρὸς
1065 2568 1317 2640 βασιλέα,
1350 2569 1384 2638 ἢ
1409 2569 1507 2622 ὑπ’
1535 2568 1702 2622 αὐτοῦ
1737 2585 1906 2638 προσ-

322 2660 636 2729 κληθέντες,
670 2659 702 2729 ἢ
727 2659 838 2714 τῶν
866 2659 1368 2730 προδεδηλωμένων
1397 2661 1641 2728 εὐλόγων
1701 2658 1906 2712 ὑποθέ-

323 2770 461 2805 σεων
492 2754 674 2824 χάριν,
706 2753 918 2821 ἐφεῖναι
963 2754 1176 2817 τούτοις
1201 2753 1300 2820 τὴν
1328 2752 1588 2823 πάροδον,
1615 2751 1714 2814 τὰς
1753 2751 1906 2821 είρη-

322 2843 479 2905 νικὰς
508 2843 690 2896 αὐτῶν
729 2844 1217 2912 οημειωσαμένόυς
1269 2842 1582 2906 ἐπιστολάς.
1638 2845 1698 2897 Ei
1731 2843 1787 2896 δὲ
1834 2843 1905 2895 δι’

322 2931 585 2998 ἐπίδειξιν
636 2931 834 3000 ἄλογον
879 2935 958 2995 είς
1001 2932 1294 3001 ἀλλοτρίαν
1341 2933 1496 2986 πόλιν
1544 2933 1900 3003 ἀπέρχονται,

321 3023 532 3086 διδάξαι
555 3024 645 3077 τὸν
676 3023 914 3078 ἐνταῦθα
949 3018 1080 3078 λαὸν
1109 3024 1370 3094 οἰόμενοι,
1409 3025 1504 3077 καὶ⁵
1538 3024 1902 3093 καταισχῦναι

325 3116 417 3168 τὸν
462 3113 666 3183 ταύτης
699 3114 1025 3178 ἐπίσκοπον,
1064 3115 1097 3183 ἢ
1134 3115 1270 3186 πρὸς
1307 3113 1532 3183 βασιλέα
1566 3112 1701 3171 ἰδίας
1747 3130 1906 3182 ποιη-
1935 3149 1978 3212 C

325 3207 543 3276 σόμενοι
595 3206 850 3270 ἀξιώσεις
881 3247 897 3272 ,
952 3207 1029 3278 μὴ
1069 3205 1405 3276 κοινωνῆσαι
1448 3205 1681 3270 τούτοις,
1722 3204 1798 3268 ὡς
1845 3207 1910 3258 ἐκ

327 3300 421 3353 τοῦ
461 3301 687 3362 κανόνος
715 3295 835 3353 οὖσι
869 3300 1307 3370 καθῃρημένοις.

413 3391 474 3446 Ὀ
513 3391 622 3459 γὰρ
647 3391 748 3460 τῆς
793 3394 850 3444 ἐν
893 3391 1199 3462 Ἀντιοχείᾳ
1234 3391 1304 3446 ια’
1346 3395 1441 3446 καὶ
1479 3392 1583 3460 τῆς
1627 3390 1912 3454 κοινωνίας

332 3484 746 3553 ἀποκηρύττει,
807 3485 904 3534 καὶ
959 3481 1063 3551 τῆς
1135 3481 1293 3547 ἀξίας
1357 3482 1667 3554 ἀπόϐλητον
1722 3480 1910 3551 τίθησι

285 3591 294 3596 ·
330 3575 511 3626 πάντα
539 3573 845 3627 ἐπίσκοπον
891 3573 925 3644 ἢ
978 3574 1374 3645 πρεσϐύτερον,
1415 3574 1448 3646 ἦ
1489 3575 1626 3640 ὅλως
1653 3575 1778 3630 ὅντα
1816 3574 1911 3628 τοῦ

326 3663 576 3726 κανόνος,
629 3663 722 3716 τὸν
769 3664 898 3718 ἄνευ
935 3663 1158 3735 γνώμης
1193 3665 1288 3718 καὶ
1334 3666 1684 3736 γραμμάτων
1713 3667 1823 3718 τῶν
1853 3666 1911 3718 ἐν

323 3757 392 3824 τῇ
431 3754 673 3826 ἐπαρχίᾳ
714 3754 1053 3820 ἐπισκόπων,
1091 3755 1189 3808 καὶ
1230 3755 1468 3825 μάλιστα
1497 3755 1593 3808 τοῦ
1629 3773 1912 3826 μητροπο-

325 3847 498 3908 λίτου,
525 3847 749 3900 ἀπιέναι
779 3845 918 3916 πρὸς
966 3845 1218 3916 βασιλέα,
1259 3848 1357 3900 καὶ
1384 3847 1526 3919 ὑπὲρ
1567 3847 1907 3917 ἀναγκαίων,

326 3939 496 4009 φημὶ,
528 3938 896 4009 πραγμάτων,
929 3938 1307 4008 τολμήσαντα.

414 4030 553 4083 Ἀλλ’
574 4029 695 4082 οὐδὲ
728 4030 756 4081 ό
781 4026 860 4093 ις’
896 4028 999 4097 τῆς
1028 4031 1085 4082 ἐν
1116 4029 1456 4099 Καρθαγένῃ
1510 4028 1598 4083 διὰ
1632 4027 1911 4099 θαλάσσης

338 4125 558 4194 μακρὰν
585 4123 704 4177 ὁδὸν
731 4121 1050 4175 στέλλεσθαι
1074 4122 1165 4174 τον
1193 4122 1494 4175 ἐπίσκοπον
1524 4121 1834 4191 ἐπιτρέπει,
1862 4122 1911 4174 εί

335 4217 411 4286 μή
439 4215 521 4268 τοί
555 4231 619 4283 γε
650 4214 792 4284 μετὰ
819 4213 1002 4267 κοινοῦ
1048 4213 1406 4284 ψηφίσματος
1449 4213 1582 4284 τῶν-
1609 4213 1710 4284 τῆς
1745 4215 1914 4283 ἐπαρ.

327 4309 456 4378 χίας
488 4306 828 4372 ἐπισκόπων,
858 4305 981 4359 κατ’
1019 4304 1301 4374 ἐξαίρετον
1325 4303 1382 4357 δὲ
1417 4303 1512 4357 τοῦ
1561 4304 1660 4374 τῆς
1689 4303 1908 4357 συνόδου

327 4399 398 4453 τὰ
455 4399 650 4468 πρῶτα
703 4397 968 4467 φέροντος
1025 4397 1445 4467 πατριάρχουῆ
1505 4397 1908 4468 μητροπολίτου

2017 531 2220 600 inquit,
2254 529 2547 599 episcopus
2581 526 2894 596 petitionem
2943 541 3096 579 suam
3154 540 3252 593 pro
3297 526 3364 581 iis
3395 528 3483 594 qui
3522 528 3588 580 ad

1999 625 2298 678 ecclesiam
2347 620 2698 688 confugiunt.
2728 627 2782 672 et
2813 618 3018 672 auxilio
3049 626 3247 684 egent,
3297 632 3392 686 per
3429 619 3590 671 miniv

2007 725 2181 772 strum
2219 721 2406 766 notam
2448 710 2664 772 fecerit,
2701 719 2814 764 tum
2877 708 3112 776 plurium
3178 709 3590 776 reprehensioni

2008 821 2116 860 non
2147 804 2252 859 erit
2286 803 2581 863 obnoxius,
2611 809 2721 855 tum
2755 801 3042 872 angustias
3108 799 3163 852 in
3225 798 3425 854 castris
3458 799 3596 854 eﬂ‘u-
3657 833 3680 872 μ.

2007 899 2140 969 giet.

2075 988 2264 1044 Nonus
2305 1002 2486 1044 autem
2512 1003 2710 1049 canon,
2779 985 3022 1049 Litterae,
3078 982 3276 1051 inquit,
3314 980 3380 1034 ad
3415 995 3593 1047 regem
3659 957 3678 1022 ἲ

2008 1082 2078 1136 ab
2130 1082 2392 1150 episcopo
2457 1096 2580 1135 cum
2652 1078 2898 1150 synodali
2957 1075 3267 1145 cognitiOne
3315 1073 3596 1126 mittenda»

2007 1175 2076 1229 ab
2109 1176 2264 1229 urbis
2309 1175 2456 1230 illius
2503 1172 2946 1242 metropolitano,
3005 1170 3057 1223 in
3121 1184 3228 1238 qua
3300 1182 3394 1221 rex
3464 1174 3597 1219 tunc

2009 1269 2273 1335 temporis
2299 1275 2570 1329 versatur,
2607 1265 2712 1333 legi
2740 1265 2977 1328 debent;
3015 1277 3160 1332 quae,
3186 1261 3233 1314 si
3272 1276 3380 1314 non
3430 1259 3598 1312 mole-
3697 1336 3708 1342 .

2009 1366 2110 1412 sta:
2138 1359 2265 1413 visae
2295 1358 2431 1420 sint,
2456 1355 2744 1411 tradantur
2771 1371 2787 1420 ;
2821 1371 2980 1410 secus
3012 1364 3219 1418 autem,
3251 1353 3318 1407 ad
3347 1367 3470 1406 eum
3499 1350 3595 1421 qui

2007 1447 2226 1503 easdem
2256 1450 2431 1513 misit,
2472 1456 2838 1518 reportentur.

2078 1624 2267 1680 Canon
2298 1635 2478 1680 autem
2509 1626 2604 1689 20,
2674 1625 2754 1679 Ne
2780 1633 2998 1694 propter
3028 1639 3325 1694 paucorum
3357 1664 3369 1685 ,
3394 1621 3592 1692 inquit,

2008 1717 2405 1788 impudentiam
2439 1719 2811 1773 sacerdotium
2873 1718 3290 1781 condemnetur,
3321 1715 3596 1770 antistites

1936 1788 1980 1844 Β
2008 1813 2102 1882 qui
2132 1812 2316 1881 aliquo
2355 1813 2578 1876 abeunt,
2603 1813 2672 1867 ab
2700 1812 2973 1882 episcopis
3005 1812 3097 1882 qui
3129 1810 3411 1866 constituti
3442 1819 3595 1873 sunt,

2007 1903 2062 1958 in
2103 1905 2334 1960 transitu
2367 1905 2668 1960 examinari
2722 1905 2944 1970 debent,
2971 1919 3000 1958 a
3046 1902 3504 1970 metropolitanis,
3537 1912 3599 1954 ut

2007 1997 2140 2050 mihi
2161 1998 2394 2061 videtur,
2424 1998 2622 2066 quibus
2651 1995 3134 2066 ejusmodiomnes
3160 1995 3392 2066 subjecti
3425 2004 3591 2059 sunt,

2005 2087 2074 2145 iis
2103 2090 2250 2143 enim
2321 2089 2455 2145 solis
2496 2089 2783 2158 episcopos
2813 2089 2917 2144 sibi
2963 2089 3241 2158 subjectos
3275 2084 3597 2141 examinare

2008 2182 2092 2237 fas
2119 2193 2222 2243 est,
2255 2189 2310 2236 et
2343 2183 2674 2252 quandoque
2727 2181 2834 2235 sibi
2873 2197 2980 2235 non
3033 2181 3332 2248 subjectos,
3373 2178 3598 2247 quando

2005 2273 2213 2342 aliquid
2264 2281 2458 2340 praeter
2490 2285 2756 2327 canonem
2786 2269 2967 2326 facere
3005 2270 3395 2340 aggrediantur
3431 2284 3446 2320 :
3481 2282 3591 2319 non

2009 2364 2172 2418 modo
2203 2374 2264 2415 ut
2295 2363 2442 2432 quod
2471 2362 2675 2416 factum
2708 2371 2794 2416 est
2825 2378 2935 2415 non
2993 2360 3239 2423 laudent,
3272 2358 3367 2414 sed
3394 2367 3452 2413 ut
3506 2372 3596 2410 re-

2007 2453 2375 2524 prehendant,
2419 2462 2470 2506 et
2504 2469 2600 2522 pro
2629 2453 2844 2507 Viribus
2890 2451 3213 2520 impediant.
3253 2449 3310 2504 Si
3347 2449 3492 2503 enim
3529 2447 3595 2500 ad

2008 2561 2192 2615 regem
2221 2544 2662 2614 proficiscantur,
2698 2545 2779 2600 vel
2811 2545 2879 2599 ab
2935 2558 3000 2598 eo
3027 2542 3396 2607 accersiti,vel
3427 2556 3600 2612 prop-

2007 2645 2091 2691 ter
2142 2638 2437 2706 petitiones
2485 2636 2779 2690 manil‘esto
2828 2635 3148 2700 rationales,
3184 2635 3454 2690 transitus
3502 2633 3601 2686 iis-

2008 2727 2131 2782 dem
2164 2727 2374 2780 dandus
2406 2735 2510 2790 est,
2557 2726 2719 2780 modo
2751 2727 2958 2780 litteras
2987 2723 3245 2792 paciﬁcas
3282 2723 3599 2779 ostendant.

2009 2820 2167 2886 Quod
2201 2820 2247 2874 si
2285 2830 2508 2888 propter
2540 2817 2837 2872 absurdam
2880 2817 3309 2872 ostentationem
3335 2817 3399 2868 ad
3431 2813 3596 2866 aliam

2008 2914 2287 2967 civitatem
2339 2913 2552 2975 abeant,
2579 2911 2839 2981 populum
2912 2910 3026 2964 illic
3068 2909 3267 2964 docere
3307 2907 3361 2960 in
3411 2907 3598 2960 animo

2011 3004 2294 3067 habentes,
2330 3013 2384 3058 et
2410 3003 2528 3074 ejus
2558 3002 2874 3071 episcopum
2907 3001 3114 3071 pudore
3143 2997 3479 3060 suli'undere,
3515 2992 3600 3046 vel

2011 3097 2076 3150 ad
2120 3111 2325 3166 regem,
2363 3107 2420 3149 ut
2454 3111 2582 3150 suas
2613 3092 2902 3162 petitiones
2957 3092 3210 3157 oil‘erant,
3259 3105 3384 3144 cum
3413 3090 3502 3149 iis,
3543 3095 3604 3140 ut

2018 3192 2111 3260 qui
2152 3203 2414 3246 acanone
2444 3187 2678 3258 depositi
2734 3188 2865 3251 sint,
2893 3199 3006 3240 non
3053 3191 3137 3238 est
3185 3181 3602 3237 communican-

2020 3286 2173 3339 dum.

2067 3374 2310 3434 .Etenim
2369 3388 2491 3443 syn.
2527 3369 2878 3425 Antiochense
2911 3382 3089 3423 canon
3129 3367 3189 3421 Η
3230 3381 3447 3421 omnem
3486 3368 3603 3434 epi-

2019 3482 2248 3536 scopum
2277 3465 2357 3518 vel
2385 3464 2786 3534 presbyterum,
2811 3461 2896 3515 vel
2925 3461 3018 3530 qui
3049 3457 3276 3514 omnino
3305 3473 3373 3513 ex
3389 3473 3602 3512 canone

2020 3557 2110 3623 sit,
2141 3557 2235 3628 qui
2262 3556 2401 3610 citra
2428 3555 2754 3610 sententiam
2789 3561 2845 3606 et
2907 3549 3121 3606 litteras
3177 3547 3598 3619 provincialium

2022 3651 2404 3721 episcOporunt
2474 3656 2531 3703 et
2582 3645 2885 3718 praesertim
2945 3640 3395 3710 metropolitani,
3429 3653 3601 3694 ausos

2020 3744 2184 3798 fuerit
2239 3745 2305 3797 ad
2354 3755 2560 3810 regem,
2612 3739 2773 3793 etiam
2836 3745 3060 3805 propter
3110 3748 3198 3788 res
3241 3730 3606 3799 necessarias,

2021 3833 2315 3904 proficisci,
2351 3832 2569 3886 abdicat
2628 3837 2733 3884 eta
2763 3827 3029 3898 dignitate
3074 3823 3244 3896 ejicit.

2092 4022 2262 4075 Porro
2293 4032 2392 4072 nec
2419 4013 2610 4085 synodi
2659 4010 2987 4081 Carthagen.
3017 4023 3228 4064 canone
3259 4007 3326 4063 16
3370 4007 3604 4077 permis-

2018 4128 2139 4167 sum
2171 4119 2274 4174 est,
2305 4116 2362 4162 ut
2399 4106 2687 4177 episcopus
2714 4113 2868 4158 trans
2905 4115 3054 4154 mare
3083 4099 3296 4170 longius
3333 4098 3602 4160 mittatur,

2020 4202 2125 4257 nisi
2186 4217 2310 4256 cum
2379 4196 2660 4253 communi
2727 4191 3150 4264 provincialium
3211 4188 3598 4260 episcoporum

2019 4292 2402 4349 consensu.Et
2429 4301 2543 4366 tum
2596 4287 2792 4343 melius
2836 4294 2999 4351 esset,
3037 4283 3082 4339 si
3135 4297 3166 4336 a
3219 4280 3412 4353 synodi
3461 4295 3600 4349 pra:-

2023 4388 2186 4450 l‘ecto,
2222 4384 2533 4456 patriarcha
2565 4382 2776 4438 scilicet
2804 4380 2890 4433 vel
2946 4374 3393 4445 metropolitano,
3454 4371 3602 4425 litte-

326 4462 791 4560 ἐντετυπωμένης
811 4490 910 4542 καὶ¹
931 4462 1358 4560 σεσημανσμένης
1380 4462 1636 4560 γραφῆς,
1654 4490 1909 4544 συνιστά-

2024 4495 2112 4532 ras
2133 4485 2386 4532 exaratas
2415 4476 2771 4545 signatasque
2819 4472 3037 4551 haheat,
3073 4481 3194 4538 quze
3252 4463 3321 4519 iis
3368 4462 3435 4518 ad
3459 4477 3602 4532 quos

332 4601 436 4654 σης
484 4582 674 4636 τοῦτον
730 4582 868 4653 πρὸς
926 4580 1022 4646 οὒς
1070 4582 1280 4648 ἄπεισι,
1327 4583 1422 4636 καὶ
1472 4580 1734 4653 ἀξιούσης
1784 4584 1916 4651 περὶ

328 4674 518 4730 αὑτοῦ.

414 4767 472 4821 Ὀ
530 4768 587 4821 δέ
641 4765 718 4821 οα¹
771 4767 996 4839 ταύτης,
1037 4767 1160 4822 ούδέ
1204 4767 1344 4838 πρδς
1399 4765 1596 4837 ἑτέραν
1641 4761 1916 4833 ὑπἀύτῷ

329 4861 596 4913 τελοῦσαν
630 4861 929 4931 παροικίαν
981 4860 1309 4932 εὐπρόσοδον
1347 4859 1654 4929 ἀποδημεῖν
1691 4857 1912 4920 δικαιοῖ,

329 4955 493 5006 κάκεῖ
527 4953 826 5024 διατρίϐειν
860 4955 954 5006 ἐπὶ
983 4953 1142 5019 πολὺ,
1165 4955 1266 5021 τὴν
1313 4952 1672 5022 πρωτότυπον
1715 4947 1917 5018 ἐκκλη-

333 5047 461 5101 σίαν
500 5048 1013 5118 καταλιμπάνοντα,
1063 5047 1159 5099 καὶ
1217 5040 1329 5097 τῶν
1377 5040 1742 5112 σωτηριωδῶν
1772 5041 1911 5111 αὐτῇ

334 5141 819 5212 παραγγελμάτων
875 5139 1270 5211 ὀλιγωροῦντα,
1329 5137 1560 5209 κέρδους
1631 5135 1762 5190 ίδίου
1815 5135 1915 5206 τὴν

335 5235 616 5304 σωτηρίαν
644 5234 737 5286 τοῦ
765 5235 896 5287 λαοῦ
929 5234 1276 5304 προϊέμενον.

365 5329 368 5331 ’
405 5325 771 5395 Βαλσαμών.
821 5326 915 5379 Ἐκ
979 5323 1170 5377 τούτου
1209 5321 1353 5383 τινὲς
1393 5319 1797 5390 συλλογίζονται
1842 5317 1916 5388 μὴ

333 5417 557 5481 ἐξεῖναι,
589 5419 727 5489 μήτε
763 5419 854 5472 τὸν
893 5417 998 5470 ὑπὸ
1028 5416 1200 5470 ἐθνῶν
1238 5415 1336 5484 τῆς
1365 5413 1577 5476 οἰκείας
1607 5411 1916 5480 ἐπισκοπῆς

335 5507 693 5578 ἐκϐληθέντα,
729 5510 788 5560 ἐν
837 5509 1002 5578 ἐτέρᾳ
1052 5506 1142 5559 ὑπ’
1175 5506 1325 5574 αύτῷ
1368 5503 1600 5574 τελούσῃ
1639 5503 1918 5554 κατοικεῖν

335 5604 622 5672 παροικίᾳ,
655 5603 794 5671 μήτε
844 5601 936 5652 τὸν
982 5582 1194 5669 φαύλης
1234 5598 1330 5651 καὶ
1375 5597 1580 5668 μικρᾶς
1609 5591 1916 5660 ἐπισκοπῆς

337 5694 765 5762 προϊστάμενον,
811 5693 891 5755 είς
934 5691 1129 5759 ἐτέραν
1173 5685 1749 5760 πολυανθρωποτέραν
1811 5683 1920 5752 χώ-

341 5801 462 5856 ραν,
499 5784 734 5857 ὑποτελῆ
777 5785 868 5838 καὶ
922 5785 1124 5854 ταύτην
1175 5783 1324 5854 αὐτῷ
1363 5781 1739 5852 τυγχάνουσαν
1765 5818 1780 5847 ,
1819 5777 1917 5832 αύ-

2019 4569 2390 4640 proliciscitur
2441 4585 2564 4623 eum
2623 4564 3030 4630 commendent,
3091 4569 3148 4616 et
3196 4560 3361 4632 digne
3415 4556 3484 4612 de
3532 4570 3599 4609 eo

2019 4665 2337 4732 loquantur.

2088 4754 2274 4808 Conon
2327 4763 2508 4806 autem
2542 4749 2600 4802 7i
2653 4747 2895 4818 ejusdem
2951 4743 3143 4818 synodi
3222 4756 3330 4797 non
3380 4753 3599 4809 tequum

2017 4862 2140 4902 esse
2167 4854 2377 4910 censet,
2408 4854 2469 4899 ut
2529 4845 2824 4915 episcopus
2876 4837 3154 4910 primitiva
3205 4851 3304 4889 sua
3357 4830 3600 4886 ecclesia

2017 4939 2107 4992 diu
2167 4938 2446 5000 derelicta,
2483 4936 2548 4990 ad
2599 4935 2761 4989 aliam
2827 4933 3080 4988 ditiorem
3166 4925 3481 4997 parochiam
3544 4923 3599 4976 in

2018 5031 2238 5085 dioecesi
2272 5045 2368 5084 sua
2398 5029 2756 5080 constitutam
2812 5023 3214 5094 proﬁciscatur,
3243 5027 3298 5073 et
3333 5017 3442 5071 illic
3472 5030 3603 5070 ver-

2017 5135 2190 5188 setur,
2246 5124 2464 5188 proprio
2493 5119 2682 5188 utique
2712 5117 2865 5171 lucro
2923 5115 3106 5186 populi
3155 5113 3387 5167 salutem
3457 5116 3606 5179 post-

2019 5228 2243 5283 pOttettS.
2621 5189 2647 5205 Ι

2095 5308 2405 5363 Balsamon.
2445 5303 2582 5357 llinc
2638 5301 2897 5369 colligunt
2959 5296 3232 5356 nonnulli,
3294 5292 3439 5362 quod
3494 5306 3600 5345 non

2019 5405 2149 5459 licet
2182 5400 2226 5453 ei
2253 5398 2344 5467 qni
2378 5412 2405 5449 a
2435 5392 2658 5464 proprio
2683 5394 3001 5460 episcopatu
3045 5405 3073 5441 a
3109 5384 3335 5456 paganis
3392 5384 3605 5446 ejectus

2021 5492 2206 5554 fuerit,
2234 5490 2285 5540 in
2317 5487 2418 5538 alia
2449 5481 2705 5551 parnt-hin
2776 5479 2841 5532 ad
2877 5494 2936 5532 sc
2971 5479 3276 5546 pertinente
3335 5473 3603 5533 habitare;

2021 5601 2121 5640 nec
2144 5584 2190 5635 ei
2229 5580 2320 5650 qui
2356 5592 2520 5647 parto
2558 5584 2612 5627 et
2641 5572 2863 5641 pauperi
2893 5566 3232 5638 episcopatui
3297 5574 3510 5636 praaest,
3549 5561 3604 5614 in

2021 5681 2182 5734 aliam
2243 5673 2516 5741 regionem
2580 5663 2982 5735 populosiorcm
3049 5659 3268 5728 sibique
3335 5658 3602 5712 tributum

2022 5772 2320 5830 solventem
2391 5756 2744 5818 desultatorie
2796 5753 3153 5820 descendere,
3189 5751 3292 5808 nisi
3334 5765 3427 5806 rex
3465 5762 3600 5804 con-

3631 4632 3643 4832 Ξ

3631 5503 3644 5512 ι.

3657 871 3668 930 ἐ
