4016 6426
456 387 595 451 1093
1674 374 2056 436 MATTH/EI
2078 373 2505 435 BLASTARIS
3586 364 3707 426 1th

455 500 712 567 senserit,
742 507 797 555 et
832 494 1112 569 synodalis
1169 492 1414 564 cognitio
1469 492 1522 549 id
1568 491 1883 549 faciendum
1929 508 2041 549 esse

2119 533 2122 549 ι
2157 490 2432 564 θόρμητον
2468 492 2868 564 μεταϐαίνοντα
2924 486 3220 544 κατοικεῖν,
3261 484 3327 552 ἢν
3361 481 3435 552 μὴ
3485 480 3705 545 βασιλεὺς

451 591 797 664 iudicaverit.
2165 589 2294 656 ἐφῇ,
2333 586 2427 639 καὶ
2463 586 2758 653 διάγνωσις
2803 578 3061 652 ἐπικρίνῃ
3114 577 3277 630 τοῦτο
3320 572 3587 641 συνοδική.

526 683 635 753 22
671 681 860 736 Canon
905 688 1086 734 autem
1122 677 1188 730 12
1218 664 1411 747 synodi
1445 675 1789 730 Sardicensis
1842 674 2058 743 episco-

2250 679 2309 731 ’0
2334 678 2391 731 δὲ
2423 678 2489 747 ιβ⁴
2532 677 2629 746 τῆς
2663 678 2720 728 ἐν
2769 674 3032 745 Σαρδικῇ,
3060 671 3167 723 Τὸν
3200 668 3282 731 εἰς
3331 666 3609 732 ἀκινήτους
3630 663 3710 714 αύ-

459 788 618 841 ριιιη,
647 771 741 840 qui
767 771 833 822 ad
874 767 1183 822 immobiles
1205 780 1334 819 suas
1376 764 1759 834 possessiones
1788 780 1908 833 qua)
1931 772 2045 816 sunt

2164 769 2259 823 τοῦ
2297 772 2522 837 κτήσεις
2574 767 2806 820 ἀπιόντα
2859 766 3181 822 ἐπίσκοπον,
3225 756 3545 826 ὑπερορίους
3571 751 3709 813 οὔσας

462 862 519 916 in
555 862 762 915 exteris
794 857 1113 928 regiOuibus
1157 870 1385 924 peregre
1418 855 1554 916 abit,
1585 862 1641 906 ut
1677 852 1887 907 fructus
1926 865 2048 905 suos

2164 858 2265 929 τῆς
2295 859 2465 914 αὐτοῦ
2513 858 2810 927 ἐπαρχίας,
2850 857 2946 908 ἐπὶ
2998 852 3078 923 τῷ
3128 846 3470 917 συγκομίσαι
3507 843 3621 905 τοὺς
3643 842 3709 895 ol-

461 953 706 1022 colligat,
756 952 1062 1018 habeatque
1127 948 1273 1001 unde
1338 945 1676 1015 pauperibus
1723 941 2047 1012 snppelitet,

2166 952 2347 1013 κείους
2390 952 2659 1019 καρποὺς,
2706 950 2783 1016 ὡς
2842 948 2909 1002 ἂν
2959 946 3062 1017 ἐχῃ
3108 945 3221 1006 τοῖς
3255 940 3529 1009 δεομένοις
3562 937 3711 1003 ἐπαρ-

464 1042 641 1098 tribus
676 1049 887 1096 tantum
942 1037 1240 1092 Dominicis
1271 1038 1484 1102 abesse,
1537 1044 1589 1090 et
1614 1035 1817 1089 interea
1882 1033 2050 1101 regio:

2166 1047 2305 1106 κεῖν,
2333 1045 2426 1097 ἐπὶ
2450 1044 2595 1113 τρισὶ
2618 1045 2713 1096 καὶ
2744 1043 2938 1113 μόναις
2977 1037 3291 1109 Κυριακαῖς
3316 1030 3527 1085 κελεύει
3551 1027 3712 1081 τοῦτον

464 1135 737 1190 ni8°istius
794 1134 1178 1203 presbyterum
1220 1130 1395 1188 adire.
1437 1138 1493 1183 et
1523 1127 1856 1180 ihidemuna
1918 1140 2047 1179 cum

2163 1134 2241 1203 τῷ
2271 1136 2371 1203 τῆς
2403 1133 2675 1204 ἐπαρχίας
2713 1132 2930 1198 ἐκείνης
2963 1126 3327 1198 πρεσϐυτέρῳ
3362 1117 3713 1189 συνέρχεσθαι,

467 1227 720 1281 ﬁdelibus
749 1240 912 1279 orare
946 1234 1003 1278 et
1025 1221 1258 1293 psallere
1306 1220 1482 1289 jubet;
1539 1234 1608 1272 ne
1668 1218 1722 1271 in
1789 1230 2053 1269 canonem

2164 1227 2261 1280 καὶ
2310 1228 2425 1288 τοῖς
2463 1225 2699 1279 ἐνταῦθα
2760 1227 2974 1285 πιστοῖς
3038 1215 3403 1289 συνεύχεσθαι
3484 1212 3572 1264 καὶ
3603 1228 3713 1279 συμ-

468 1317 756 1388 impingat,
803 1316 898 1385 qui
955 1321 1202 1383 segregat
1239 1326 1364 1364 cum
1397 1311 1487 1380 qui
1549 1309 1727 1363 tribus
1758 1305 2054 1361 Dominicis

2163 1314 2392 1384 ψάλλειν
2416 1357 2430 1377 ,
2471 1310 2558 1368 ἵνα
2601 1314 2675 1385 μὴ
2732 1310 3201 1383 προσκεκρουκὼς
3323 1306 3401 1376 τῷ
3436 1303 3712 1374 ἀφορίζοντι

468 1410 797 1465 abecclesia
829 1425 926 1463 sua
962 1407 1222 1461 abfuerit.
1248 1406 1397 1460 ldcm
1434 1403 1569 1457 dicit
1594 1403 1651 1455 Η
1674 1417 1798 1456 can.
1828 1401 2054 1471 hujusce

2164 1410 2351 1462 κανόνι
2405 1410 2498 1462 τὸν
2548 1409 2642 1462 ἐπὶ
2704 1408 2855 1477 τρισὶ
2903 1406 3215 1475 Κυριακαίς
3280 1401 3379 1467 τῆς
3453 1395 3713 1465 ἐκκλησίας

470 1502 687 1572 synodi.
734 1500 875 1566 Quin
912 1509 964 1552 et
990 1497 1330 1569 frequentius
1363 1496 1639 1550 civitatem
1678 1495 1839 1548 istius
1879 1492 2056 1563 regio-

2164 1502 2729 1571 ἀπολιμπανόμενον’
2785 1482 2902 1552 ἐστί
2955 1500 3011 1551 δὲ
3066 1498 3164 1549 καὶ
3216 1487 3376 1557 οὗτος
3414 1489 3607 1559 ταύτης
3637 1485 3710 1541 ια’·

470 1595 557 1648 nis
597 1608 665 1648 ne
711 1593 905 1657 adeat;
940 1592 1011 1644 ita
1067 1591 1237 1653 enim,
1270 1589 1411 1642 bona
1460 1602 1557 1642 sua
1586 1586 1805 1640 assidue
1831 1600 2056 1640 conscr-

2162 1594 2226 1647 ού
2265 1593 2369 1663 μὴν
2397 1594 2535 1647 ἀλλὰ
2584 1592 2681 1646 καὶ
2715 1591 2937 1653 πυκνῶς
2983 1593 3062 1652 είς
3111 1588 3211 1657 τὴν
3241 1586 3397 1638 πόλιν
3429 1582 3525 1647 τῆς
3560 1578 3716 1651 χώρας

469 1700 631 1752 vans,
671 1684 809 1738 nihil
843 1682 1160 1738 detrimenti
1184 1681 1447 1749 patietur,
1521 1686 1577 1732 et
1633 1677 1753 1746 ejus
1816 1676 2055 1747 regionis

2164 1687 2384 1759 ἐκείνης
2425 1687 2501 1756 μὴ
2557 1684 2813 1740 ἀπιέναι·
2870 1682 3015 1736 οὕτω
3065 1682 3176 1750 γὰρ
3236 1679 3336 1733 καὶ
3389 1674 3585 1745 ζημίαν
3631 1673 3712 1742 οὐχ

466 1776 759 1848 episcopus
788 1790 912 1829 eum
976 1773 1158 1827 inanis
1218 1770 1410 1842 glorize
1439 1778 1494 1824 et
1556 1767 1889 1839 arrogantiae
1944 1782 2052 1821 non

2166 1779 2540 1850 ὑποστησεται
2567 1819 2581 1845 ,
2634 1776 3030 1848 συνεχέστερον
3104 1771 3391 1841 ἐπιτηρῶν
3436 1769 3503 1821 τὰ
3546 1768 3712 1830 οίκεῖα,

471 1868 827 1934 insimulabit,
858 1876 1144 1935 .tanquam
1194 1866 1286 1919 cui
1340 1862 1395 1917 in
1439 1862 1624 1917 animo
1671 1868 1837 1927 esset,
1885 1875 2057 1930 popu-

2128 1859 2262 1923 ικαὶ
2309 1872 2338 1923 ὁ
2381 1869 2646 1941 ἐγχώριος
2695 1871 2997 1932 ἐπίσκοπος
3051 1865 3221 1932 κενῆς
3257 1862 3417 1931 δόξης
3461 1864 3548 1913 καὶ
3574 1859 3714 1927 ὑπερ⁴

470 1965 583 2019 lum
668 1962 717 2017 ei
793 1960 1104 2031 subjectum
1173 1956 1528 2019 erudiendo,
1594 1955 1775 2025 ipsum
1857 1951 2056 2022 pudore

2167 1960 2329 2030 οψίας
2356 1961 2523 2014 αὐτὸν
2553 1962 2615 2014 ού
2649 1960 2945 2033 γράψεται,
2978 1958 3054 2022 ὡς
3085 1957 3153 2010 ἂν
3181 1959 3261 2019 εἰς
3291 1953 3456 2008 αὐτοῦ
3487 1948 3714 2021 αἰσχύνην

468 2053 811 2112 δυίῐιιηάονο.
2168 2052 2257 2107 τὸν
2283 2052 2376 2105 ὑπ’
2407 2053 2557 2117 αὐτῷ
2586 2053 2714 2106 λαὸν
2739 2052 3012 2105 διδάσκειν
3048 2048 3330 2103 ἐθέλοντα.

542 2145 852 2200 Balsama».
942 2141 1002 2196 ln
1071 2138 1452 2194 immobilibus
1536 2138 1685 2193 enim
1759 2138 2062 2193 alienarum

2241 2122 2607 2214 Βαλσαὶιὼν.
2640 2146 2733 2208 Εἰς
2769 2143 2880 2214 γὰρ
2918 2143 3019 2205 τὰς
3050 2142 3354 2210 ἀκινήτους
3387 2137 3598 2206 κτήσεις
3630 2133 3717 2186 τῶν

467 2237 830 2294 ecclesiarum
897 2232 1382 2304 possessionibus,
1443 2230 1593 2285 illius
1647 2230 1889 2298 regionis
1946 2231 2053 2300 epi-

2169 2234 2468 2306 ἀλλοτρίων
2539 2236 2852 2304 ἐκκλησιῶν
2909 2237 2939 2289 ό
2999 2237 3273 2306 ἐγχώριος
3330 2233 3614 2292 ἐπίσκοπος
3663 2230 3716 2279 τά

471 2344 674 2399 scOpus
718 2326 842 2399 jura
877 2325 1203 2396 episcopalis
1233 2332 1471 2388 exercet,
1513 2322 1621 2379 nisi
1651 2323 1797 2392 quod
1838 2321 1940 2376 soli
1968 2337 2057 2391 pa-

2170 2327 2540 2401 ἀρχιερατικὰ
2574 2324 2791 2400 ἐνεργεῖ
2820 2328 3027 2383 δίκαια.
3059 2328 3227 2398 Μόνῳ
3249 2325 3306 2378 δέ
3332 2324 3410 2393 τῷ
3436 2321 3717 2397 πατριάρχῃ

474 2419 733 2475 trial-clue
767 2414 1385 2484 Constantinopolitano
1398 2428 1468 2468 ex
1497 2413 1654 2483 longa
1672 2410 2060 2466 consuetudine

2168 2422 2806 2483 Κωνσταντινουπόλεως
2867 2423 2937 2474 ἐκ
2956 2418 3252 2491 συνηθείας
3278 2419 3486 2487 ἐφεῖται
3512 2414 3716 2486 μακρᾶς,

476 2509 805 2581 permissum
824 2507 916 2574 sit,
937 2506 1067 2562 dare
1096 2506 1188 2576 jus
1221 2504 1419 2575 ligendi
1457 2518 1676 2558 erucem
1706 2541 1722 2567 ,
1752 2510 1807 2557 et
1838 2500 2062 2556 oblatio-

2173 2512 2556 2585 σταυροπήγιὰ
2608 2531 2670 2567 τε
2715 2513 2955 2578 διδόναι,
3012 2513 3109 2566 καὶ
3159 2512 3267 2583 τὴν
3324 2509 3592 2581 ἀναφορὰν
3644 2505 3718 2561 καὶ

476 2618 601 2658 nem
648 2601 996 2669 nominisque
1046 2598 1378 2653 mentionem
1433 2595 1678 2660 habere;
1737 2593 1903 2663 idque
1964 2609 2062 2646 non

2176 2609 2399 2677 μνήμην
2426 2606 2522 2660 τοῦ
2553 2605 2824 2677 ὀνόματος
2863 2606 3030 2678 αὐτοῦ
3066 2607 3240 2677 ἔχειν,
3270 2606 3329 2659 οὐ
3366 2606 3525 2675 μόνον
3552 2600 3627 2677 ἐφ’
3653 2593 3718 2660 οἷς

477 2694 655 2750 solum
685 2694 740 2748 in
801 2691 1020 2763 praediis
1087 2693 1202 2746 suis
1260 2705 1383 2760 quze
1431 2687 1702 2759 possidet,
1756 2685 2071 2756 ubicunque
2175 2698 2445 2768 κέκτηται
2478 2697 2631 2760 tam;
2677 2697 2902 2769 χωρίοις
2933 2697 3279 2767 ὁπουδήποτε
3328 2694 3718 2765 “mamma

470 2786 583 2861 ⁵εἱίηι
603 2785 824 2849 fuerint,
862 2793 915 2838 et
949 2781 1393 2854 possessionibus
1439 2777 1817 2833 immobilibus
1872 2792 2056 2830 mona-

2173 2791 2287 2853 τοῖς
2338 2790 2620 2861 ἀκινήτοις
2689 2791 2935 2860 κτήμασι
2988 2790 3097 2842 τῶν
3146 2790 3526 2859 ὑποκειμένων
3570 2786 3717 2856 τούτῳ

482 2878 782 2933 steriorum
822 2876 926 2930 sibi
998 2874 1397 2945 subjectorum,
1449 2872 1542 2925 sed
1572 2869 1705 2923 etin
1769 2868 2068 2938 provinciis

2178 2883 2590 2954 μοναστηρίων,
2622 2882 2760 2949 ἀλλά
2796 2885 2893 2935 καί
2940 2884 2999 2935 ἐν
3048 2885 3172 2947 ταῖς
3226 2883 3335 2937 τῶν
3370 2878 3717 2953 μητροπόλεων

481 2960 1145 3037 metropoleon‘suarum,
1176 2962 1493 3031 ubicunque
1522 2959 1732 3014 scilicet
1765 2960 1832 3013 ab
1859 2957 2067 3027 aliquo,

2178 2974 2346 3027 αὐτοῦ
2382 2975 2641 3043 ἐνορίαις,
2679 2973 2811 3027 ἔνθα
2839 2973 2905 3028 ἂν
2933 2975 3085 3045 παρὰ
3130 2975 3230 3029 τοῦ
3261 2978 3354 3029 τὸν
3388 2974 3517 3028 νεὼν
3541 2969 3718 3039 ἀνεγεί-

480 3059 576 3130 qui
615 3059 904 3113 ecclesiam
953 3054 1211 3116 exstruit,
1243 3064 1474 3107 vocatus
1507 3051 1692 3107 fuerit.

1438 3067 1474 3106 is
1507 3051 1692 3107 fuerit.
2180 3082 2367 3136 ροντος
2396 3065 2600 3138 δηλαδὴ
2629 3066 3024 3138 προσκληθείη.

626 3152 769 3215 Quid
822 3152 889 3204 sit
932 3147 1237 3208 translatio,
1286 3145 1536 3199 discessio
1578 3151 1627 3197 et
1668 3144 1892 3196 invasio.
2096 3192 2144 3252 C
2183 3161 2212 3211 π

2128 3158 2245 3249 ιΤί
2297 3158 2432 3211 ἐστι
2483 3157 2834 3225 μετάθεσις,
2904 3157 3263 3241 μετάϐασις,
3304 3158 3404 3213 καί
3451 3156 3714 3219 ἐπίδοσις.

547 3242 607 3297 Si
644 3251 827 3297 autem
866 3241 1192 3311 quidquam,
1222 3240 1365 3293 ultra
1415 3236 1915 3308 peregrinationem
1956 3249 2066 3288 non
2099 3236 2133 3252 ν

2129 3236 2144 3249 ’
2249 3250 2311 3303 Ei
2349 3249 2408 3302 δέ
2453 3266 2508 3303 τι
2545 3250 2861 3323 περαιτέρω
2893 3255 2996 3323 τῆς
3031 3236 3508 3323 ἀπραγματεύτου
3541 3249 3715 3314 ἀποδη-

485 3336 844 3400 laboriosam,
877 3334 949 3389 ab
1018 3331 1294 3403 episcOpis
1344 3329 1715 3395 innovetur,id
1750 3328 1833 3382 vel
1890 3337 2071 3384 trans-

2180 3339 2310 3408 μίας
2342 3341 2776 3413 καινοτομηθείη
2833 3346 2949 3407 τοῖς
3003 3345 3359 3412 ἐπισκόποις,
3398 3345 3431 3415 ἢ
3465 3342 3717 3413 μετάθεσις

486 3429 619 3483 latio
669 3426 892 3492 dicitur,
946 3427 1029 3480 vel
1079 3423 1368 3488 discessio,
1434 3426 1519 3478 vel
1574 3422 1817 3478 invasio.

2175 3430 2391 3498 λέγεται
2424 3432 2605 3499 τοῦτο,
2639 3433 2671 3506 ἢ
2722 3435 3053 3505 μετάϐασις,
3086 3438 3118 3508 ἢ
3163 3438 3434 3501 ἐπίδασις.

553 3520 622 3575 Et
668 3520 958 3577 translatio
1008 3518 1230 3587 quidem
1273 3516 1353 3582 ﬁt,
1422 3514 1642 3585 quando
1684 3512 1888 3583 aliquis
1919 3528 1948 3566 α
1974 3513 2073 3565 mi-

2251 3523 2363 3576 Kal.
2398 3525 2689 3594 μετάθεσις
2717 3525 2817 3595 μέν
2846 3528 2984 3591 ἐστι,
3015 3526 3075 3579 τὸ
3099 3526 3162 3590 ἐξ
3203 3527 3487 3588 ἐλάττονος
3547 3520 3715 3588 ἐκκλη-

490 3615 613 3668 nori
661 3612 892 3668 ecclesia
942 3612 1007 3664 ad
1085 3610 1347 3678 majorem
1406 3607 1625 3661 viduam
1713 3603 2070 3669 transfertur,

2183 3615 2307 3680 σίας
2343 3616 2425 3679 εἷς
2463 3617 2690 3685 μείζονα
2734 3619 3091 3689 ,χηρεύουσαν
3145 3614 3451 3691 ἀναχθῆναι
3494 3630 3605 3668 τινα
3629 3608 3715 3663 τῶν

487 3708 585 3778 qui
627 3706 839 3761 scilicet
885 3704 1054 3756 verbo
1121 3710 1178 3756 et
1227 3699 1498 3771 sapientia
1554 3697 1792 3764 excellit,
1871 3697 2073 3768 quique

2178 3710 2321 3776 λόγῳ
2377 3709 2476 3762 καὶ
2517 3711 2684 3782 σοφίᾳ
2730 3710 3102 3781 διαφερόντων
3132 3749 3147 3776 ,
3195 3713 3292 3765 καὶ
3326 3710 3422 3780 τὴν
3451 3704 3716 3778 ,εὐσέϐειαν

490 3801 749 3869 pietatem
828 3797 1229 3869 periclitantem
1317 3795 1642 3847 conﬁrmare
1709 3791 1945 3861 possit,
1984 3789 2071 3846 Uti

2180 3800 2606 3854 κινδυνεύουσαν
2636 3802 2954 3871 δυναμένων
2982 3802 3264 3872 στηρίξαι,
3298 3796 3385 3855 οἷα
3409 3799 3578 3855 καὶτὰ
3599 3794 3715 3849 κατὰ

493 3908 695 3963 magno
745 3888 1011 3960 Gregorio
1042 3889 1138 3958 qui
1186 3887 1499 3955 Theologus
1548 3886 1729 3938 dictus
1763 3894 1903 3947 erat,
1938 3899 2073 3937 conn

2178 3892 2275 3945 τὸν
2307 3892 2485 3962 μέγαν
2531 3893 2661 3963 ἔσχε
2703 3894 3035 3965 Γρηγόριον,
3074 3895 3168 3948 τὸν
3201 3895 3302 3965 τῆς
3349 3890 3611 3958 θεολογίας
3636 3889 3716 3940 ἐπ·

491 3983 637 4052 tigit,
705 3998 867 4052 quem
926 3994 1089 4034 nemo
1174 3992 1346 4034 sanus
1421 3978 1596 4031 virum
1662 3991 1787 4031 esse
1860 3989 2074 4031 smmna

2178 3982 2418 4050 ώνυμον,
2460 3984 2666 4053 ἣν,ούκ
2702 3984 2770 4038 ἀν
2823 4002 2908 4048 τις
2955 3983 3016 4038 εὖ
3071 3985 3288 4055 φρονῶν
3342 3986 3467 4055 εἴπῃ
3520 3981 3587 4052 μὴ
3627 3976 3715 4029 τῶν

491 4077 654 4132 laude
704 4075 928 4144 dignum
968 4070 1269 4142 negaverit.

2181 4076 2387 4145 σφόδρα
2423 4077 2833 4144 ἐπαινουμένων
2856 4073 3016 4132 εἶναι.

568 4169 682 4224 Hoc
721 4177 1034 4224 sanctorum
1089 4165 1461 4234 apostolorum
1527 4177 1703 4218 canon
1765 4160 1830 4215 14
1883 4177 2076 4217 neces-

2253 4166 2426 4220 Τοῦτο
2468 4167 2564 4221 καὶ
2598 4168 2625 4219 ὁ
2651 4169 2711 4221 ιδ’
2741 4171 2851 4222 τῶν
2877 4171 3050 4236 ἁγίων
3076 4171 3390 4224 ἀποστόλων
3417 4165 3584 4222 κανὼν
3627 4159 3716 4213 τῶν

493 4265 706 4319 sarium
758 4276 883 4318 esse
935 4261 1162 4332 iudicat,
1214 4258 1403 4311 dicens
1445 4271 1551 4310 non
1577 4256 1741 4310 licere
1793 4256 2074 4325 episcOpo,

2183 4259 2499 4328 ἀναγκαίων
2535 4255 2679 4314 εἶναι
2716 4261 2915 4331 κρίνει,
2963 4261 3037 4331 μὴ
3091 4263 3295 4326 ἐξεῖναι
3334 4262 3501 4329 λέγων
3532 4254 3718 4308 ἐπίσκο-

498 4358 690 4413 relicta
743 4371 844 4409 sua
901 4352 1142 4423 parmcia
1214 4350 1373 4405 alteri
1438 4349 1687 4411 insilire,
1744 4347 1961 4401 etiamsi
2046 4363 2076 4401 a

2184 4366 2287 4404 πον
2319 4351 2696 4404 καταλιπόντα
2720 4353 2819 4421 τὴν
2853 4353 3048 4407 ἑαυτοῦ
3084 4354 3404 4425 παροικίαν,
3438 4352 3592 4418 ἑτέρᾳ
3622 4347 3717 4396 ἐπι-

496 4451 751 4518 pluribus
800 4456 1026 4501 coactus
1061 4447 1151 4509 sit,
1223 4442 1329 4496 nisi
1412 4442 1572 4494 detur
1649 4456 1815 4503 causa
1893 4439 2074 4509 aliqua

2185 4444 2384 4513 πηδᾷν,
2423 4446 2525 4497 κᾶν
2589 4445 2693 4498 ὑπὸ
2748 4447 3012 4499 πλειόνων
3048 4447 3449 4516 ἀναγκάζηται.
3478 4444 3523 4495 εἰ
3552 4441 3617 4510 μή
3650 4450 3715 4494 τις

496 4542 814 4597 necrssaria
879 4554 1001 4608 quae
1045 4552 1169 4591 eum
1226 4534 1381 4589 adid
1449 4533 1757 4588 iaciendum
1841 4544 2075 4587 moveat:

2128 4530 2155 4585 ὗ
2186 4539 2467 4606 ἀναγκαία
2500 4540 2593 4605 εἴη
2630 4539 2781 4591 αἰτία
2832 4541 2865 4609 ἡ
2915 4540 3073 4592 τοῦτο
3103 4545 3280 4594 ποιεῖν
3308 4541 3466 4593 αὑτὸν
3492 4526 3714 4588 κατεπεί-

496 4636 578 4687 uti
614 4632 760 4701 quod
806 4646 994 4685 eorum
1024 4627 1115 4695 (μή
1171 4627 1370 4681 ibidem
1397 4625 1625 4692 degunt,
1659 4624 1914 4693 pietatem
1951 4641 2079 4693 pro-

2185 4646 2384 4697 γουσα,
2420 4626 2509 4685 οἷα
2546 4628 2850 4700 δυνάμενον
2886 4636 2997 4694 τοῖς
3028 4636 3144 4686 ἐκεῖ
3175 4635 3245 4687 τά
3276 4651 3336 4701 γε
3367 4635 3441 4693 εἰς
3471 4625 3712 4681 εὐσέϐειαν

497 4738 720 4778 movere
749 4723 938 4792 possit.
985 4722 1155 4774 l’orro
1223 4734 1329 4773 non
1369 4717 1942 4787 privatim‘eligeudus
1972 4726 2077 4779 est,

2176 4722 2575 4789 συλλαϐέσθαι·
2611 4726 2704 4776 καὶ
2739 4726 2901 4778 τοῦτο
2937 4727 2994 4778 δὲ
3045 4727 3146 4779 οὐκ
3176 4726 3387 4779 οἴκοθεν
3415 4722 3610 4776 ἑλέσθαι
3632 4719 3711 4780 δεῖ,

496 4818 593 4872 sed
638 4833 762 4870 cum
804 4816 1104 4870 multorum
1137 4813 1524 4882 episcoporum
1562 4809 1771 4879 judicio
1801 4823 1856 4863 et
1886 4810 2081 4863 idonea

2185 4814 2322 4867 ἀλλὰ
2345 4817 2437 4867 καὶ
2468 4816 2649 4887 κρίσει
2702 4818 2916 4870 πολλῶν
2946 4820 3289 4885 ἐπιακόπων,
3320 4822 3412 4873 καὶ
3452 4815 3598 4884 ίκανῇ
3632 4826 3712 4862 πα·

495 4910 905 4965 adhortatione.

2189 4904 2476 4978 ρακλήσει,
3446 4896 3448 4898 ’

578 5002 673 5058 Est
704 5013 886 5057 autem
945 4998 1238 5063 discessio,
1271 4997 1488 5066 quando
1520 4997 1811 5066 cpiscopus
1860 4996 2084 5067 aliquis,

2266 4996 2583 5055 Μετάϐασις
2635 4995 2734 5061 δέ,
2786 4996 2917 5049 ὅταν
2967 5016 3051 5060 τις
3123 5000 3232 5053 τῶν
3288 4997 3600 5058 ἐπισκόπων,
3634 4991 3711 5059 τῆς

498 5099 733 5155 ecclesia
769 5110 867 5150 sua
888 5110 916 5148 a
942 5091 1170 5163 paganis
1185 5094 1477 5160 prehensa.
1500 5106 1621 5144 cum
1646 5104 1919 5144 consensu
1938 5090 2084 5145 illius

2189 5087 2487 5156 ἐκκλησίας
2528 5088 2694 5140 αὑτοῦ
2758 5090 3200 5160 καταληφθείσης
3266 5093 3368 5145 ὑπὸ
3399 5089 3575 5149 ἐθνῶν,
3599 5080 3710 5151 γνὼο

501 5190 745 5258 rcgionis
777 5185 1187 5254 episcoporum,
1237 5182 1303 5236 ad
1336 5182 1499 5235 aliam
1550 5196 1778 5233 vacuam
1816 5179 2086 5249 discedit;

2193 5198 2268 5251 μῃ
2302 5179 2413 5231 τῶν
2447 5182 2588 5233 κατά
2614 5180 2713 5249 τὴν
2758 5179 2945 5251 χώραν
2992 5185 3306 5237 ἐπισκόπων
3341 5184 3417 5245 είς
3458 5177 3709 5251 σχολάζου⁸

499 5283 651 5352 quod
681 5294 814 5335 sana
839 5278 984 5331 circa
1019 5276 1178 5330 tidem
1200 5276 1559 5329 orthodoxam
1584 5273 1897 5340 cognitione
1924 5281 1978 5327 et
2009 5273 2085 5327 le-

2192 5289 2292 5325 σαν
2322 5270 2518 5341 ἐτέραν
2556 5272 2792 5342 μεταϐῇ,
2859 5273 2947 5325 διά
2985 5292 3044 5326 τε
3094 5274 3156 5327 τὸ
3202 5276 3332 5344 περὶ
3399 5273 3490 5342 τὴν
3533 5264 3708 5337 ὀρθοδο-

502 5390 632 5445 gum
664 5370 1163 5427 ecclesiasticarum
1223 5368 1682 5434 decretorumque
1722 5365 1951 5419 scientia
1985 5365 2088 5419 im-

2191 5361 2309 5428 ξίαν
2353 5363 2518 5416 αὐτοῦ
2560 5363 2748 5429 ὑγιὲς,
2819 5365 2915 5416 καὶ
2963 5366 3063 5433 τὴν
3113 5368 3222 5419 τῶν
3291 5354 3708 5431 ἐκκλησιαστικῶν

502 5444 726 5522 buatur.
776 5463 916 5530 Quin
943 5473 998 5516 et
1036 5464 1149 5516 haec
1202 5461 1336 5515 nulli
1397 5457 1809 5528 reprehensioni
1852 5457 2088 5513 obnoxia

2192 5457 2506 5524 ἐπιστήμην
2580 5456 2764 5525 νόμων
2823 5474 2882 5508 τε
2959 5459 3053 5510 καὶ
3104 5444 3403 5527 δογμάτων.
3476 5453 3609 5521 Ἔχει
3664 5444 3706 5498 δὲ

500 5568 608 5613 est:
644 5559 722 5613 uti
759 5558 981 5612 disserit
1014 5554 1259 5624 synodus
1322 5551 1582 5605 Antioch.
1635 5550 1689 5604 in
1724 5550 1864 5604 l3et
1892 5550 1965 5604 22
1995 5566 2086 5605 ca-

2193 5547 2289 5600 καὶ
2348 5546 2486 5617 αὕτη
2518 5538 2736 5613 πάντιυς
2765 5548 2823 5603 τὸ
2878 5551 3257 5621 ἀνεπίκλητον,
3303 5551 3374 5613 ὡς
3421 5549 3450 5617 ἡ
3512 5548 3563 5598 ἐν
3613 5540 3706 5592 Ἅν-

508 5667 674 5716 none,
706 5650 920 5708 dicens,
958 5663 1062 5698 non
1097 5651 1349 5712 oportere
1367 5641 1685 5710 episcopum
1705 5642 1772 5696 ad
1795 5641 1953 5695 aliam
1976 5655 2094 5710 pro-

2194 5641 2405 5711 τιοχεξᾳ
2470 5639 2687 5705 σύνοδος
2744 5645 2802 5695 ἐν
2858 5643 2937 5714 τῷ
2998 5642 3065 5711 ιγ’
3122 5643 3302 5697 κανόνι
3360 5639 3450 5695 καὶ
3512 5631 3586 5702 ἰβ’
3621 5628 3704 5683 δίέ⁸

511 5741 747 5795 vinciam
791 5735 1089 5807 proficisci,
1142 5743 1196 5787 et
1237 5730 1618 5785 ordinationes
1659 5729 1866 5795 facere,
1893 5730 1999 5784 nisi
2024 5730 2094 5784 ab

2198 5729 2359 5798 ξεισι,
2399 5733 2477 5803 μὴ
2511 5734 2643 5799 δεῖν,
2698 5734 2958 5803 λέγουσα,
3022 5737 3159 5805 πρὸς
3216 5736 3405 5804 ἐτέραν
3456 5727 3702 5782 ἐπίσκοπον

514 5833 680 5890 istius
705 5828 948 5896 regionis
983 5828 1239 5896 episcopo
1274 5824 1327 5880 id
1385 5825 1435 5880 ei
1484 5837 1812 5879 concessum
1884 5820 2092 5891 fuerit;

2200 5823 2471 5894 ἐπαρχίαν
2501 5825 2723 5879 ἀπιέναι
2756 5828 2848 5880 καὶ
2878 5829 3210 5898 χειροτονίας
3248 5826 3434 5890 ποιεῖν,
3460 5819 3503 5873 εί
3531 5812 3595 5886 μή
3620 5820 3697 5861 που
