4016 6408
479 443 615 508 1067
1227 461 1247 494 κ

473 647 750 717 Episcopi,
787 645 990 715 inquit,
1023 645 1115 715 qui
1145 646 1432 702 ordinibus
1483 647 1724 716 insigniti
1781 648 1846 700 ad
1882 663 2038 716 paro.

469 741 646 794 chiam
680 740 734 792 in
787 754 947 806 quam
1000 737 1444 802 nominabantur,
1502 739 1726 801 abeunt,
1763 753 1791 791 a
1844 739 2042 807 populo

469 845 650 884 autem
680 830 877 884 ibidem
908 830 1136 898 degente
1173 828 1434 883 terminos
1493 829 1612 896 ejus
1672 827 1879 898 ingredi
1932 843 2040 881 non

470 920 741 990 permissi,
777 921 843 971 ad
869 918 1004 972 alias
1025 917 1224 972 exinde
1253 917 1543 986 proﬁcisci,
1563 928 1615 972 et
1637 917 1910 987 epis-cupis
1928 918 2042 969 illa-

471 1027 589 1064 rum
622 1009 727 1062 vim
761 1007 982 1072 inferre,
1018 1019 1073 1062 et
1111 1008 1410 1062 seditiones
1455 1021 1674 1062 movere
1711 1006 1827 1060 ausi
1891 1016 2040 1069 sunt,

469 1108 838 1170 segrege-mur.
869 1098 1022 1164 Quod
1072 1099 1116 1152 si
1145 1098 1262 1152 solo
1288 1097 1494 1152 honore
1518 1107 1573 1151 et
1602 1096 1860 1150 cathedra
1887 1108 2038 1162 pres-

469 1193 778 1262 byterorum
819 1191 1060 1245 cuniculi
1105 1205 1226 1244 esse
1273 1190 1565 1254 voluerint,
1602 1189 1654 1242 in
1689 1203 1755 1241 eo
1790 1189 1910 1241 loco
1949 1185 2041 1239 ubi

468 1286 619 1354 prius
657 1293 812 1338 erant
841 1283 1142 1353 presbyteri
1171 1292 1447 1348 maneant,
1483 1279 1836 1350 tranquillam
1875 1279 2039 1332 vitam

467 1386 712 1448 agentes.
735 1377 896 1442 Quod
930 1377 971 1430 si
1009 1377 1062 1430 in
1113 1376 1398 1444 episcopos
1431 1375 1532 1429 sibi
1559 1373 1845 1443 prmfectos
1892 1371 2038 1425 sedi-

468 1468 593 1520 tiosi
630 1469 997 1532 inveniantur,
1050 1467 1344 1536 presbyteri
1399 1480 1616 1536 quoque
1673 1465 1882 1518 honore
1932 1464 2042 1532 pri-

469 1568 686 1623 ventur,
712 1569 765 1614 et
792 1559 1049 1627 gradibus
1070 1559 1455 1615 ecclesiasticis
1479 1559 1754 1614 excidant.

536 1747 725 1801 Canon
752 1756 934 1800 autem
956 1745 1022 1798 16
1059 1744 1248 1816 synodi
1272 1744 1646 1808 Antiochense,
1670 1741 1772 1810 Qui
1794 1757 2040 1811 prorsus,

465 1838 661 1906 inquit,
691 1853 756 1892 ex
788 1838 1104 1906 episcopatu
1130 1851 1232 1890 suo
1256 1850 1285 1889 a
1323 1835 1580 1906 gentibus
1604 1835 1816 1904 eiectus
1845 1832 2032 1899 fuerit,

1666 447 1717 504 M
1731 446 1870 505 ATT
1879 447 1925 505 ll
1939 446 2030 504 :El
2081 446 2362 506 BLASTA
2376 449 2422 506 li
2437 448 2504 506 lS

546 560 747 612 Decim.
779 566 1004 611 octavus
1043 565 1226 610 autem
1281 557 1470 627 synodi
1498 556 1795 628 Ancyranxe
1839 574 2036 624 canon,
2068 575 2112 622 Α

2235 559 2293 612 Ὀ
2322 559 2376 612 δέ
2407 561 2505 627 τῆς
2541 560 2598 611 ἐν
2629 559 2876 630 Ἀγκύρᾳ
2902 557 2993 630 ιη’,
3022 560 3084 612 Oi
3113 561 3436 628 χειροτονίαν
3471 563 3660 616 ἐπισκόο

2151 671 2274 719 που,
2308 653 2466 722 φησὶ,
2499 652 2806 720 δεξάμενοι,
2838 652 2932 704 καὶ
2972 652 3110 721 πρὸς
3143 651 3238 720 τὴν
3287 653 3555 720 παροικίαν
3577 657 3664 706 ἀπο

2149 741 2341 804 ιόντες,
2365 742 2422 793 ἐν
2517 740 3009 810 ἐπωνομάσθησαν,
3040 740 3371 810 κωλυόμενοι
3395 741 3448 794 δέ
3470 744 3552 794 καὶ
3577 743 3665 796 τῶν

2143 833 2372 895 ἐκείνοις
2423 833 2674 902 ἐπιϐῆναι
2718 835 2886 902 ὁρίων
2921 835 3058 904 πρὸς
3108 835 3202 887 τοῦ
3266 835 3484 888 ἐνταῦθα
3534 836 3661 899 λαοῦ,

2143 925 2239 978 καῖ⁵
2288 923 2541 978 ἐντεῦθεν
2581 924 2798 993 ἑτέραις
2827 925 3044 978 ἐπιέναι
3095 924 3420 993 τολμῶντες,
3449 928 3534 979 καὶ
3562 929 3666 991 τοὺς

2141 1014 2202 1066 ἐν
2231 1014 2424 1074 αὑταῖς
2453 1016 2787 1078 ἐπισκόπους
2819 1015 3129 1086 βιάζεσθαι,
3149 1019 3242 1070 καὶ
3266 1021 3472 1080 στάσεις
3498 1023 3664 1079 κινεῖν.

2142 1105 2618 1176 ἀφοριζέσθωσαν.
2646 1107 2707 1159 Ei
2739 1108 2925 1176 μέντοι
2970 1107 3228 1176 ἀποχρῶν
3268 1109 3549 1177 ἡγήσαιντο
3586 1109 3669 1178 τῆς

2140 1199 2308 1268 τιμῆς
2349 1200 2443 1250 καὶ
2485 1199 2751 1266 καθέδρας
2794 1197 3063 1266 ἠξιῶσθαι
3121 1199 3287 1266 μόνης
3324 1199 3424 1251 τῶν
3467 1201 3670 1270 πρεσϐυο

2141 1288 2336 1357 τέρων,
2371 1287 2502 1342 ἔνθα
2539 1287 2632 1341 καὶ
2676 1287 2942 1358 πρότερον
2971 1285 3184 1355 ὑπῆρξε
3225 1286 3430 1348 τούτοις
3462 1285 3671 1356 πρεσϐυ-

2141 1375 2320 1449 τέροις
2368 1373 2530 1440 εἶναι,
2575 1381 2886 1446 μενέτωσαν
2911 1378 3088 1447 ἡσυχῆ
3123 1376 3384 1447 βιοῦντες·
3417 1377 3464 1428 εί
3488 1377 3538 1428 δέ
3559 1376 3672 1446 πρὸς

2141 1474 2267 1534 τοὺς
2329 1471 2685 1532 καθεστῶτας
2737 1471 3069 1532 ἐπισκόπους
3148 1467 3446 1538 φωραθεῖεν
3484 1468 3674 1520 στασιά-

2143 1565 2350 1629 ζοντες,
2382 1563 2478 1616 καὶ
2499 1563 2598 1632 τὴν
2627 1560 2794 1632 τιμὴν
2824 1563 3180 1630 ἀφαιρεῖσθαι
3212 1559 3431 1623 τούτους
3456 1559 3540 1611 τοῦ
3561 1573 3673 1626 πρε-

2143 1653 2431 1722 σϐυτέρου,
2463 1655 2560 1708 καὶ
2595 1655 2692 1724 τῆς
2727 1651 3056 1720 Ἐκκλησίας
3096 1650 3408 1713 ἐκπτὼτους
3439 1649 3670 1719 γίνεσθαι.

2221 1749 2280 1800 '0
2318 1746 2373 1800 δὲ
2415 1746 2514 1815 τῆς
2571 1748 2626 1799 ἐν
2665 1745 2970 1816 Ἀντιοχείᾳ
3007 1741 3102 1808 ις’,
3143 1743 3203 1797 ’0
3254 1742 3484 1806 τελέως,
3513 1742 3670 1809 φησιν,

2143 1839 2544 1908 ἐκϐεϐλημένος
2588 1837 2693 1891 ὑπὸ
2724 1837 2896 1897 ἐθνῶν
2944 1837 3047 1906 τῆς
3090 1836 3229 1897 ιδίας
3261 1837 3569 1901 ἐπισκοπῆς,
3595 1832 3673 1884 καὶ

463 1942 516 1984 ιιι
535 1943 588 1984 ιιι
611 1945 808 1984 vacans
831 1931 884 1984 in
918 1930 1202 1984 ecclesiam
1222 1941 1500 1984 vacantem
1521 1927 1794 1997 irruperit,
1814 1926 2039 1994 ejusque

2141 1932 2218 1995 ὡς
2279 1929 2556 2002 σχολάζων
2609 1932 2691 1994 εἰς
2745 1930 3114 2000 σχολάζουσαν
3163 1928 3460 2000 ἐπιρῤίψας
3511 1925 3674 1978 ἑαυτὸν

467 2025 723 2077 thronum
759 2022 1110 2090 surripuerit,
1143 2020 1262 2074 sine
1291 2019 1544 2088 perfecta;
1575 2016 1765 2087 synodi
1799 2016 2036 2085 permis—

466 2115 644 2178 sione,
689 2110 996 2166 sacerdotio
1047 2120 1296 2172 exuetur,
1355 2107 1569 2163 etiamsi
1623 2105 1908 2161 universus
1937 2119 2039 2175 po-

467 2205 629 2272 pulus
665 2219 826 2271 quem
879 2202 1080 2257 invasit
1132 2199 1382 2256 eumdem
1411 2199 1653 2270 elegerit.
1687 2198 1780 2252 llla
1833 2203 2037 2259 autem,

468 2297 662 2366 inquit,
718 2296 954 2364 perfecta
982 2303 1067 2350 est
1104 2295 1361 2366 synodus,
1393 2292 1478 2349 cui
1524 2308 1628 2347 una
1659 2291 1897 2346 adfuerit
1926 2307 2034 2346 me~

468 2389 848 2458 tropolitanus.
880 2389 1068 2457 Neque
1119 2386 1263 2442 enim
1313 2387 1442 2442 solis
1471 2386 1892 2456 provincialibus
1922 2387 2039 2456 epi-

465 2481 647 2550 scopis
683 2481 799 2535 haec
826 2478 1004 2535 facere
1037 2479 1363 2548 permissum
1394 2491 1500 2534 est.

541 2571 841 2627 Vicesimus
865 2573 1072 2640 primus
1106 2587 1236 2626 vero
1263 2571 1532 2638 decernit,
1557 2587 1665 2626 non
1698 2571 1898 2626 debere
1923 2572 2038 2641 epi-

465 2681 687 2734 scopum
729 2681 759 2720 a
790 2681 884 2720 sua
911 2667 1146 2736 parmcia
1172 2666 1225 2719 in
1261 2662 1421 2720 aliam
1468 2666 1722 2730 transire,
1772 2680 1950 2736 neque
1980 2682 2038 2720 se

465 2773 560 2812 sua
591 2766 786 2827 sponte
815 2758 1178 2829 ingerentem,
1215 2758 1324 2830 ει
1353 2774 1452 2814 nec
1481 2774 1508 2812 a
1561 2759 1762 2829 populo
1791 2760 1841 2813 vi
1887 2774 2039 2814 com-

465 2851 701 2920 pulsum,
739 2865 841 2906 nec
865 2851 935 2906 ab
986 2851 1263 2920 episcopis
1291 2860 1564 2914 coactum,
1606 2851 1702 2905 sed
1744 2851 1799 2904 in
1833 2866 1896 2904 ea
1947 2865 2038 2906 ec-

463 2944 630 2997 c-lesia
657 2959 816 3014 quam
845 2961 874 2996 a
905 2942 1014 2998 Deo
1040 2944 1110 2998 ab
1157 2942 1313 2998 initio
1373 2944 1598 2998 sortitus
1639 2953 1746 3009 est,
1791 2957 2035 3009 manere,

463 3046 517 3086 et
546 3035 614 3088 ab
639 3034 829 3088 eadem
861 3049 1203 3103 nequaquam
1242 3034 1517 3089 recedere.

539 3126 704 3179 Porro
758 3137 932 3179 canon
979 3127 1012 3180 3
1057 3125 1247 3196 synodi
1303 3125 1665 3188 Sardicensis,
1717 3124 1773 3179 Si
1827 3125 2035 3194 plures,

2141 2024 2460 2094 ἐκκλησίαν,
2515 2023 2612 2076 καὶ
2649 2023 2739 2076 τὸν
2761 2021 2967 2090 ταύτης
3016 2019 3352 2091 ὑφαρπάσας
3382 2017 3580 2088 θρόνον,
3610 2014 3672 2084 μὴ

2140 2117 2354 2178 τελείας
2402 2114 2774 2184 ἐπιτρεψάσης
2829 2113 3052 2166 συνόδου
3076 2152 3092 2177 ,
3125 2111 3436 2180 ἀπόϐλητος
3482 2108 3676 2176 καὶτῆς

2144 2206 2443 2279 ἱερωσύνης
2494 2205 2654 2270 ἔστω,
2705 2204 2812 2258 κᾶν
2845 2204 2993 2268 ἅπας
3019 2205 3048 2257 ό
3087 2202 3218 2266 λαὸς
3240 2244 3252 2264 ,
3285 2203 3344 2256 δν
3376 2201 3640 2270 ὑφήρπασε
3660 2239 3672 2259 ,

2140 2298 2331 2353 τοῦτον
2361 2298 2610 2368 αἱροῖτοο
2657 2296 2838 2350 τελεία
2903 2296 2958 2350 δέ
3014 2296 3156 2360 ἐστι,
3207 2294 3363 2365 φησὶ,
3413 2285 3676 2357 σύνοδος.ᾗ

2145 2390 2363 2442 σύνεστι
2402 2389 2498 2442 καὶ
2521 2390 2550 2442 ὁ
2583 2387 3010 2458 μητροπολίτηςο
3037 2387 3098 2440 οὐ
3145 2386 3260 2456 γὰρ
3304 2386 3507 2453 ἐφεῖται
3531 2381 3677 2435 ταῦτα

2072 2500 2079 2508 ·
2142 2483 2402 2552 πράττειν
2435 2481 2618 2550 μόνοις
2648 2483 2761 2541 τοῖς
2797 2479 2895 2549 τῆς
2944 2480 3217 2549 ἐπαρχίας
3266 2477 3589 2538 ἐπισκόποις.

2223 2574 2283 2626 ’0
2333 2571 2389 2626 δέ
2421 2571 2504 2625 κα⁹
2559 2572 2634 2642 μὴ
2699 2569 3050 2641 μεταϐαίνειν
3100 2569 3406 2622 ἐπίσκοπον
3449 2567 3551 2621 ἀπὸ
3596 2565 3678 2633 τῆς

2145 2664 2279 2726 ίδίας
2312 2663 2608 2734 παροικίας
2657 2663 2737 2724 είς
2766 2662 2964 2731 ἐτέραν
2995 2659 3318 2730 διορίζεται,
3351 2657 3474 2727 μήτ’
3519 2656 3680 2708 about.

2144 2757 2317 2826 ρέτως
2369 2755 2768 2828 ἐπιρῤίπτοντα
2813 2753 3028 2815 ἑαυτὸν,
3075 2754 3218 2821 μήτε
3266 2751 3374 2821 μὴν
3421 2749 3521 2802 ὐπδ
3559 2746 3680 2800 λαῶν

2141 2845 2555 2915 ἐκϐιαζόμενον,
2598 2847 2726 2916 μήθ’
2753 2845 2858 2897 ὑπὸ
2890 2844 3213 2897 ἐπισκόπων
3249 2841 3682 2910 ἀναγκαζόμενον

2145 2942 2327 3011 μένειν
2352 2941 2408 2996 δὶ
2443 2943 2500 2996 ἐν
2605 2941 2927 3010 κεκλήρωτο
2955 2940 3014 3004 ἐξ
3050 2938 3250 3009 ἀρχῆς,
3283 2936 3392 2991 ύπδ
3427 2935 3518 2990 τοῦ
3548 2930 3682 2995 Θεοῦ,

2143 3033 2239 3086 καὶ
2265 3032 2341 3102 μὴ
2377 3031 2762 3101 μεθίστασθαι.

2227 3126 2285 3178 ’0
2343 3124 2399 3177 δέ
2435 3125 2535 3192 τῆς
2587 3123 2646 3176 ἐν
2685 3123 2926 3194 Σαρδικῇ
2954 3119 3024 3190 γ’,
3056 3122 3118 3175 Εἰ
3154 3120 3258 3174 καὶ
3299 3117 3685 3188 συνεληλύθασι,

465 3219 664 3286 inquit.
689 3217 929 3287 episcopi
964 3215 1018 3270 in
1034 3217 1366 3288 provinciam
1391 3217 1628 3288 aliquam
1655 3217 2034 3279 convenerint,

2144 3218 2331 3286 φησὶν,
2383 3217 2465 3278 είς
2515 3214 2805 3284 ήντιανοῦν
2856 3213 3151 3284 ἐπαρχίαν,
3187 3213 3412 3273 πλείους
3452 3209 3554 3262 τῶν
3583 3207 3688 3258 ἐπι·

468 3317 725 3374 tanquam
781 3307 1212 3362 ecclesiasticum
1265 3307 1482 3376 aliquod
1521 3307 1737 3372 acturi,
1796 3307 2034 3377 episcopi

464 3399 532 3450 ah
557 3398 660 3451 alia
694 3397 977 3467 provincia
1016 3415 1085 3453 ne
1117 3400 1356 3454 invocati
1425 3415 1522 3455 eos
1569 3399 1811 3465 adeant;
1862 3398 2039 3453 vocati

464 3499 648 3544 autem
701 3490 908 3545 aditum
967 3507 1038 3546 ne
1103 3492 1359 3547 dill'erant
1392 3533 1405 3557 ,
1473 3503 1694 3563 propter
1745 3493 2039 3547 fraternam

463 3583 614 3634 etiari
625 3589 816 3636 tatem.

535 3673 720 3725 (Ianon
753 3681 936 3726 autem
975 3674 1063 3736 Η,
1102 3673 1157 3727 Si
1188 3675 1332 3742 quis,
1375 3674 1573 3744 inquit,
1601 3676 1888 3746 episc0pus
1916 3689 2040 3728 ver-

466 3767 660 3817 boium
698 3764 891 3832 peritia
936 3765 1104 3832 probe
1129 3766 1433 3820 instructus
1463 3767 1530 3821 ad
1558 3766 1737 3820 aliam'
1767 3766 2039 3821 civitatem

468 3856 552 3909 ιρι
611 3854 948 3921 provinciam
999 3857 1178 3921 abeat,
1241 3857 1286 3912 si
1353 3860 1420 3912 de
1474 3859 1734 3930 religione
1773 3867 1826 3913 et
1891 3859 2042 3912 cultu

467 3959 654 3999 nostro
685 3947 914 4015 quaestio
935 3947 1163 4012 oriatur,
1205 3964 1276 4003 ne
1323 3950 1572 4019 protinus
1622 3967 1745 4005 cum
1795 3959 2041 4004 ostenta-

469 4041 618 4092 tione
640 4049 694 4093 et
725 4054 862 4092 vano
895 4049 1094 4094 ornatu
1133 4041 1276 4095 inter
1309 4042 1566 4112 populum
1626 4039 1890 4105 versetur,
1947 4057 2043 4110 pa~

466 4141 664 4184 storem
706 4132 941 4201 regionis
971 4133 1250 4200 despectui
1297 4135 1520 4194 habens.
1545 4149 1785 4202 eumque
1834 4134 2040 4204 pudore

467 4223 810 4286 sutiundens,
841 4223 1086 4277 dillieiles
1111 4234 1392 4278 Sermones
1416 4225 1742 4294 proferendo
1771 4244 1784 4279 :
1822 4227 1871 4279 id
1895 4226 2040 4280 enim

469 4313 894 4382 porturbatiOnis
930 4329 1092 4367 causa
1146 4324 1249 4375 est,
1292 4326 1347 4368 et
1394 4315 1762 4386 suspicionem
1817 4319 2030 4387 praebet,

465 4407 609 4472 quod
637 4406 726 4473 qui
770 4405 843 4459 ita
875 4406 1004 4459 facit
1059 4407 1373 4460 cathedram
1425 4409 1583 4463 istius
1639 4411 1790 4464 urbis
1833 4423 2039 4464 concu-

465 4499 656 4568 piscat.
689 4498 924 4568 Oportet
957 4499 1142 4568 igitur,
1179 4501 1372 4569 inquit,
1416 4501 1726 4556 inordinate
1766 4517 1888 4555 cum
1935 4503 2038 4554 im-

2145 3312 2384 3374 σκόπών,
2409 3309 2486 3370 ῶς
2517 3326 2570 3362 τι
2601 3309 2910 3368 τελέσοντες
2935 3303 3420 3374 ἐκκλησιαστικὸν,
3455 3299 3524 3370 ,ὴ
3540 3296 3688 3363 ἀκλήο

2140 3419 2262 3465 τους
2295 3402 2430 3472 πρὸς
2461 3401 2660 3463 αὐτοὺς
2709 3397 2930 3451 ἀπιέναι
2987 3394 3114 3457 τοὺς
3163 3395 3266 3462 ἀφ’
3299 3395 3488 3454 ἐτέρας
3535 3391 3688 3454 ἐπαρ-

2141 3497 2284 3566 χίας⁶
2315 3494 2681 3563 καλουμένους
2713 3509 2778 3559 γε
2830 3490 2938 3561 μὴν
2974 3487 3049 3560 μὴ
3083 3486 3415 3544 ἀναδύεσθαι
3451 3483 3544 3556 τήν
3578 3481 3686 3548 ἄφιε

2143 3590 2223 3654 ξιν
2246 3588 2336 3640 διὰ
2361 3588 2420 3639 τὸ
2451 3585 2795 3654 φιλάδελφον.

2223 3681 2284 3733 '0
2311 3682 2369 3734 δέ
2405 3687 2495 3743 ια’,
2545 3678 2672 3731 Ἐάν
2697 3693 2780 3740 τις
2813 3675 2924 3728 τῶν
2965 3674 3289 3728 ἐπισκόπων
3310 3713 3325 3736 ,
3360 3669 3515 3741 φησὶ,
3537 3665 3688 3734 λόγων

2142 3771 2392 3824 παιδείαν
2418 3768 2618 3830 ἱκανῶς
2641 3766 2974 3836 ἠσκημένος,
3008 3763 3146 3834 πρὸς
3175 3747 3375 3832 ἑτέραν
3401 3760 3534 3829 ἀπίῃ
3559 3756 3690 3808 πόλιν

2142 3863 2174 3933 ἦ
2217 3860 2508 3930 ἐπαρχίαν,
2545 3859 2827 3928 ζητήσεως
2874 3857 2992 3909 ἐκεῖ
3019 3855 3324 3925 γενομένης
3374 3853 3503 3921 περὶ
3530 3849 3617 3915 τῆς
3641 3847 3689 3896 ὲν

2143 3956 2277 4026 ἡμῖν
2313 3952 2636 4023 θρησκείας,
2670 3949 2792 4021 ήτοι
2839 3948 3252 4017 λατρευομένης
3300 3942 3593 4005 εὐσεϐείας.
3627 3936 3688 4008 μὴ

2143 4047 2261 4104 κατ’
2297 4045 2556 4110 ἐπίδειξιν
2609 4042 2704 4096 καὶ
2736 4043 2949 4110 κόμπον
2997 4040 3288 4106 ἀλόγιστον
3332 4034 3562 4104 συνεχῶς
3593 4032 3687 4089 τοῖς

2141 4141 2289 4201 λαοῖς
2317 4137 2596 4205 ὁμιλείτω,
2624 4135 2680 4187 ἐν
2709 4131 3108 4202 περιφρονήσει
3137 4130 3233 4182 τὸν
3264 4128 3366 4196 τῆς
3393 4128 3567 4197 χώρας
3591 4138 3690 4172 ποι·

2146 4233 2281 4301 μένα
2325 4231 2627 4298 τιθέμενος,
2661 4226 3041 4294 καταισχύνων
3078 4222 3265 4286 αὐτὸν,
3305 4223 3402 4274 καὶ
3433 4216 3688 4287 προφέρων

2142 4323 2201 4376 τὸ
2231 4321 2359 4391 περὶ
2401 4320 2588 4387 λόγους
2639 4317 2970 4385 ἀνάσκητον·
3007 4315 3182 4367 αίτιον
3222 4313 3335 4383 γὰρ
3365 4311 3518 4364 τοῦτο
3539 4319 3690 4373 ταραο

2141 4415 2241 4483 χῆς
2278 4415 2373 4465 καὶ
2421 4409 2678 4471 ὑπονοίας
2707 4409 2808 4460 οὐκ
2842 4407 3153 4475 ἐλεύθερον,
3198 4402 3288 4457 οἷα
3335 4403 3504 4455 ταῦτα
3545 4394 3693 4450 ποιῶν
3717 4431 3732 4439 -

2144 4505 2461 4574 ἐξεπίτηδες
2494 4502 2572 4570 τῷ
2611 4499 2994 4568 ἐποςςθαλμιᾷν
3036 4500 3102 4565 τῇ
3133 4497 3234 4566 τῆς
3269 4495 3478 4555 πόλεως
3503 4488 3692 4553 ἐκείνης

465 4599 594 4658 petu
625 4590 920 4643 irruentem
962 4591 1311 4660 propulsare.
1343 4603 1397 4645 et
1452 4593 1743 4646 fraternam
1798 4588 2035 4646 charita-

2147 4594 2406 4664 καθέδρᾳ.
2437 4594 2530 4646 Δεῖ
2556 4591 2749 4653 τοίνυν,
2789 4590 2947 4657 φησὶ,
2980 4588 3075 4638 καὶ
3111 4587 3204 4638 τὸν
3246 4585 3498 4644 ἀτάκτως
3523 4580 3691 4651 ᾄττον-

467 4690 578 4736 tem
610 4681 842 4734 sancire.
865 4679 942 4736 Ne
972 4684 1136 4752 igitur
1163 4683 1452 4752 episcopus
1475 4685 1854 4752 coepiscopbm
1883 4699 2038 4752 pror-

465 4788 558 4826 sus
586 4773 842 4841 expellat,
878 4774 928 4828 id
970 4775 1115 4832 enim
1167 4776 1527 4830 inhumanum
1563 4785 1647 4830 est
1675 4785 1730 4829 et
1794 4778 2036 4844 ineptum

465 4873 521 4914 et
545 4861 743 4916 malum
774 4876 829 4918 et
861 4865 1110 4935 impium.
1141 4865 1250 4921 Nec
1273 4867 1363 4920 ille
1402 4867 1686 4934 pltisquam
1715 4866 1889 4920 tribus
1913 4881 2039 4934 sep-

467 4953 683 5006 timanis
705 4953 815 5008 illic
843 4967 1106 5022 versetur,
1133 4967 1398 5027 suamque
1426 4957 1714 5010 ecclesiam
1747 4958 2033 5026 relinquat.

466 5042 522 5094 Si
565 5043 708 5096 enim
743 5058 916 5098 canon
941 5063 1048 5102 non
1104 5048 1339 5117 scriptus
1371 5047 1566 5100 laicum
1596 5062 1625 5099 a
1656 5048 2040 5101 communione

463 5144 633 5196 arcet,
682 5137 774 5204 qui
836 5139 888 5191 in
947 5140 1169 5193 civitate
1227 5149 1616 5204 commoratur,
1658 5151 1714 5193 et
1773 5153 1872 5207 per
1929 5149 2042 5193 tres

464 5223 797 5290 septimanas
829 5229 1104 5280 communi
1154 5228 1399 5282 ecclesiae
1428 5230 1612 5299 synaxi
1648 5243 1757 5282 non
1790 5229 2038 5290 interest,

464 5310 635 5364 multo
662 5313 832 5383 magis
880 5318 1170 5384 episcopus
1227 5326 1376 5370 tanto
1435 5328 1677 5387 tempore
1715 5319 1783 5372 ab
1813 5321 2042 5374 ecctesia

465 5415 562 5455 sua
589 5404 778 5460 abesse
809 5421 915 5459 non
947 5408 1128 5466 debet.
1155 5408 1274 5463 sine
1303 5409 1452 5479 gravi
1482 5410 1661 5478 aliqua
1690 5411 2038 5478 necessitate,

464 5505 519 5547 ct
551 5513 768 5564 gregem
800 5514 955 5552 suum
991 5501 1388 5569 derelinquere.
1423 5501 1618 5556 Ver-um
1650 5514 1834 5571 postea
1863 5517 2034 5558 canon

468 5586 556 5640 hic
586 5603 691 5642 non
725 5589 962 5658 scriptus
993 5591 1168 5645 factus
1193 5604 1273 5646 est
1313 5609 1485 5648 canon
1518 5595 1586 5647 80
1622 5605 1789 5648 sexta:
1819 5595 2032 5665 synodi.

2081 4684 2109 4716 i‘
2143 4705 2210 4742 τα
2269 4683 2622 4740 καταστεῖλαι
2652 4721 2665 4744 ,
2697 4681 2792 4736 καὶ
2846 4677 3208 4749 νομοθετῆσαι
3244 4678 3307 4730 τὸ
3355 4672 3688 4743 φιλάδελφον·

2147 4782 2285 4848 μήτε
2341 4777 2436 4830 οὖν
2477 4779 2505 4828 ό
2535 4775 2835 4836 ἐπίσκοπος
2891 4771 3248 4825 παντάπασιν
3283 4767 3570 4820 ἀπωθείτω
3615 4757 3692 4812 τὸν

2145 4869 2585 4928 συνεπίσκοπον,
2638 4864 3011 4932 ἀπάνθρωπον
3085 4863 3192 4930 γὰρ
3259 4859 3423 4914 τοῦτό
3489 4873 3550 4923 γε
3613 4851 3692 4903 καὶ

2147 4963 2354 5026 σκαιὸν,
2400 4960 2495 5013 καὶ
2534 4957 2760 5028 φαῦλον,
2811 4959 2904 5011 καὶ
2949 4954 3206 5025 πονηρόν·
3251 4956 3391 5024 μήτε
3431 4952 3534 5020 μὴν
3559 4959 3691 5003 ουτος

2144 5052 2396 5105 ἐνταυθοῖ
2463 5049 2777 5120 διατρίϐων,
2825 5045 3002 5102 πλέον’
3045 5047 3155 5098 τῶν
3189 5046 3363 5116 τριῶν
3409 5037 3691 5109 ἑϐδομάδων

2142 5144 2241 5213 τῆς
2293 5142 2506 5205 οἰκείας
2556 5141 2852 5209 ἐκκλησίας
2905 5138 3414 5210 ἀπολιμπανέσθω·
3452 5137 3501 5190 εί
3549 5127 3690 5200 γάρό

2147 5236 2411 5305 ἀγράφως
2449 5234 2754 5306 φερόμενος
2783 5231 2964 5285 κανὼν
2993 5231 3093 5300 τῆς
3124 5229 3420 5290 κοινωνίας
3464 5224 3690 5290 ἀπείργει

2144 5328 2235 5381 τὸν
2283 5329 2343 5380 ἐν
2392 5328 2544 5382 πόλει
2590 5327 2845 5394 διάγοντα
2877 5325 3086 5387 λαῖκδν,
3116 5319 3210 5375 κάῖ
3251 5324 3347 5374 ἐπὶ
3375 5321 3524 5391 τρεῖς
3561 5313 3690 5366 ἐϐδοο

2151 5418 2327 5487 μάδας
2369 5420 2435 5487 τῇ
2491 5419 2642 5486 κοινῇ
2681 5415 2898 5481 συνάξει
2952 5415 3054 5484 τῆς
3103 5413 3404 5483 ἐκκλησίας
3461 5409 3532 5479 μὴ
3588 5419 3691 5456 συν⁴

2152 5511 2320 5572 ιόντα,
2359 5508 2538 5578 πολλῷ
2581 5525 2644 5575 γε
2695 5509 2866 5575 δήπου
2914 5503 3006 5560 τὸν
3042 5507 3346 5559 ἐπίσκοπον
3377 5505 3434 5556 ού
3475 5502 3584 5552 δέον
3605 5493 3688 5558 τῆς

2145 5598 2338 5650 ἑαυτοῦ
2395 5599 2690 5667 ἐκκλησίας
2753 5599 3057 5668 ἀποδημεῖν
3091 5597 3182 5650 ἐπὶ
3214 5595 3469 5648 τοσοῦτον
3501 5587 3686 5660 χρόνον.

468 5677 778 5749 βαρυτάτης
812 5682 939 5734 ἄνευ
974 5685 1241 5754 ἀνάγκης,
1275 5690 1366 5737 καὶ
1393 5686 1723 5754 παραλιπεῖν
1753 5687 1814 5737 τὸ
1857 5688 2219 5755 ἐμπιστευθέν
2257 5689 2406 5758 αὐτῷ
2459 5689 2726 5758 ποίμνιονο
2792 5687 2930 5740 ἀλλὰ
2996 5691 3103 5756 γὰρ
3140 5686 3374 5757 ὕστερον
3445 5685 3473 5734 ὀ
3535 5675 3687 5744 ἀγρά“

469 5785 578 5834 φως
617 5773 913 5841 φερόμενος
939 5777 1121 5829 οὑτοσὶ
1155 5776 1333 5829 κανὼν
1359 5778 1716 5846 ὀγδοηκοστὸς
1748 5780 2084 5847 ἐχρημάτισε
2113 5780 2209 5848 τῆς
2241 5780 2406 5848 ἕκτης
2450 5781 2690 5834 συνόδου.

542 5863 793 5920 Decimus
825 5871 1090 5935 septimus
1125 5883 1302 5924 autem
1333 5886 1452 5939 syn.
1509 5868 1868 5935 Sardicensis,
1929 5869 2033 5934 Qui

2226 5871 2288 5924 ὐ
2339 5872 2393 5924 δέ
2452 5868 2514 5936 ιζ’
2574 5869 2728 5935 αὖθις
2785 5871 2884 5941 τῆς
2951 5875 3008 5925 ἐν
3063 5871 3301 5946 Σαρδικῇ
3378 5871 3463 5922 τὸν
3509 5864 3684 5918 ἀδίκως
