4016 6394
421 271 560 334 illi?

1428 277 1830 338 SYNTAGMA
1876 280 2489 341 ALPUABETICUM.
2530 306 2600 316 -·
2639 283 2702 340 Α.

3506 274 3656 338 1078‘

411 393 504 444 κὸν
543 392 824 462 ἀλλότριον
865 393 966 447 οὐκ
991 396 1178 466 ἐφίησι
1206 395 1478 464 δέχεσθαι,
1526 394 1621 446 καὶ
1653 397 1967 464 χειροτονείπ

2087 395 2196 449 litis
2224 395 2477 449 clericum
2513 395 2750 450 alienum
2785 394 3086 463 suscipere.
3108 408 3342 462 ctnnque
3371 393 3649 462 presbyte-

409 483 574 533 αὐτὸν
608 483 979 553 πρεσὸύτερον
1002 485 1034 552 ἢ
1061 483 1328 547 διάκονον,
1359 485 1409 536 εἰ
1449 485 1634 552 μήπου
1661 501 1744 546 τις
1785 484 1978 552 χρήσι-

411 590 512 641 μος
562 575 640 635 εἰς
703 575 1036 643 προστασίαν
1085 574 1336 644 εὑρεθείη
1389 573 1557 628 λαοῦο
1613 575 1800 628 τοῦτον
1871 576 1978 644 γὰρ

406 661 618 715 δέδοται
652 663 748 715 καὶ
793 663 870 732 τῷ
912 665 1180 735 ἀλλοτρίῳ
1209 666 1582 736 μητροπολλτῃ
1617 667 1981 735 μεταπέμψα-

411 748 556 812 σθαι,
595 751 711 816 εῖγε
761 750 1078 821 βουληθεῖεν
1128 754 1453 824 ἀμφότεροι,
1494 755 1588 807 καὶ
1633 755 1978 825 ἑπισκοπικῷ

408 841 640 909 τιμῆσαι
661 841 933 910 ἀξιώματι
959 859 974 875 ·
999 844 1156 897 τοῦτο
1177 844 1254 910 δὲ,
1277 846 1433 915 φησί,
1461 843 1876 916 συγκεχώρηται
1902 847 1978 918 τῷ

411 933 486 1003 μὴ
530 933 784 988 τοσοῦτον
810 937 1117 1005 ἀναγκαίαν
1169 933 1314 990 εῐναι
1369 937 1470 1001 τὴν
1502 939 1610 990 τῶν
1647 938 1840 1007 ἱερέων
1885 940 1977 991 καὶ

405 1027 670 1079 διακόνων
686 1029 1041 1097 χειροτονίαν,
1054 1028 1178 1082 ὅσον
1194 1029 1292 1100 τὴν
1308 1029 1415 1082 τῶν
1436 1032 1770 1096 ἐπισκόπων,
1789 1033 1880 1084 καὶ
1899 1031 1979 1099 τῷ

409 1117 650 1178 σπανίως
661 1119 1013 1188 εὑρίσκεσθαι
1035 1121 1161 1184 τοὺς
1177 1120 1507 1189 δυναμένους
1537 1121 1684 1191 ἔργῳ
1723 1123 1814 1174 καὶ
1835 1123 1978 1194 λόγῳ

403 1208 472 1261 δι’
491 1213 700 1265 ἑαυτῶν
731 1213 866 1282 πρὸς
890 1213 960 1266 τά
980 1215 1246 1286 κράτιστα
1275 1217 1402 1278 τοὺς
1419 1215 1581 1277 λαοὺς
1602 1215 1819 1284 ὁδηγεῖν
1844 1233 1856 1247 ⁸
1886 1218 1977 1269 τὸν

404 1300 459 1352 δὲ
494 1303 567 1371 μὴ
591 1303 883 1372 δεχόμενον
913 1304 1174 1374 κληρικὸν
1213 1306 1272 1359 τὸ
1299 1305 1400 1375 τῆς
1426 1308 1732 1374 ἐπισκοπῆς
1760 1306 1977 1377 ἀξίωμα

403 1392 737 1460 ἀναγκάζειν
771 1395 832 1447 οὐ
873 1395 1035 1464 θέμις
1060 1412 1074 1427 ⁶
1109 1396 1351 1466 οὐδαμοῦ
1379 1397 1486 1468 γὰρ
1520 1397 1747 1468 εὓρηται
1775 1397 1977 1456 ἄκοντά

402 1500 524 1534 τινα
557 1485 653 1537 καὶ
685 1485 776 1556 βίᾳ
824 1488 905 1550 εἰς
958 1489 1057 1556 τὴν
1109 1489 1319 1542 τοιάνδε
1371 1489 1666 1560 προεδρίαν
1725 1490 1972 1558 ἀνάγειν.

415 1574 804 1647 Ἐφιλοτιμήθη
827 1579 881 1631 δὲ
905 1583 998 1632 καὶ
1018 1581 1096 1651 τῷ
1125 1582 1754 1646 Κωνσταντινουπόλεως
1773 1583 1972 1654 θρόνῳ,

403 1665 703 1737 λαμϐάνειν
732 1669 1054 1739 όθενδήποτε
1113 1673 1224 1725 τῶν
1273 1673 1656 1744 ὑποκειμένων
1693 1675 1831 1744 αὐτῇ
1882 1675 1973 1726 ἐκ·

2083 500 2201 539 rum
2237 486 2314 540 vel
2342 486 2633 541 diaconum
2670 486 2925 539 ordinare
2953 500 3059 540 non
3096 485 3368 549 concedit,
3402 484 3502 539 nisi
3539 483 3650 551 28

2082 575 2207 645 quis
2232 575 2296 629 ad
2331 576 2513 645 populi
2548 575 2928 644 praefecturam
2965 576 3114 630 utilis
3139 575 3470 637 inveniatur;
3501 576 3649 626 hunc

2081 667 2226 722 enim
2258 668 2323 721 ad
2365 651 2605 722 alienum
2638 667 3039 737 metropolilam
3073 667 3308 730 mittere,
3341 669 3386 721 si
3430 666 3650 733 utrique

2080 759 2487 821 consenserint,
2516 769 2571 814 et
2617 759 2918 830 episcopali
2981 759 3244 827 dignitate
3273 771 3469 811 ornare
3497 757 3645 809 licet.

2079 849 2135 905 ld
2164 861 2370 918 autem,
2401 851 2599 921 inquit,
2633 865 2956 906 concessum
2981 858 3084 916 est,
3115 848 3260 918 quod
3298 847 3645 902 sacerdotum

2076 950 2132 996 et
2160 941 2516 996 diaconorum
2550 941 2830 996 ordinatio
2881 955 2987 995 non
3047 940 3184 994 adeo
3215 937 3522 992 necessaria
3556 936 3648 996 sit,

2077 1047 2143 1086 ac
2195 1033 2618 1102 episcoporum;
2650 1041 2702 1087 et
2736 1032 2881 1102 quod
2921 1032 3102 1086 rarius
3151 1029 3521 1092 inveniantur,
3555 1027 3647 1096 qui

2077 1123 2290 1193 possint
2324 1124 2490 1177 verbo
2517 1133 2570 1178 et
2613 1138 2869 1178 sermone
2912 1139 3005 1192 per
3061 1137 3120 1177 se
3159 1121 3420 1192 populum
3454 1119 3520 1172 ad
3551 1131 3652 1185 op-

2076 1216 2210 1269 tima
2240 1215 2558 1284 perducere.
2593 1215 2864 1270 Clericum
2903 1223 3084 1268 autem
3140 1214 3233 1283 qui
3280 1209 3646 1282 episcopalem

2076 1308 2394 1375 dignitatem
2419 1309 2668 1375 accipere
2699 1316 2940 1368 recusat,
2964 1320 3160 1374 cogere
3194 1320 3298 1358 non
3323 1305 3469 1357 licet.
3500 1300 3650 1355 Nun-

2077 1413 2240 1466 quam
2271 1398 2415 1452 enim
2445 1399 2723 1468 cognitum
2751 1406 2854 1462 est,
2890 1411 3222 1466 quemquam
3254 1395 3484 1448 invitum
3515 1402 3567 1445 et
3595 1391 3661 1442 vi.

2077 1492 2142 1544 ad
2185 1490 2342 1544 talem
2373 1491 2758 1560 przefecturam
2793 1499 3045 1544 evectum
3078 1505 3221 1544 esse.
3259 1486 3398 1554 Quin
3434 1496 3485 1539 et
3515 1501 3648 1539 cou-

2076 1597 2292 1636 ccssum
2344 1592 2464 1637 erat
2528 1584 2725 1637 throno
2771 1580 3382 1649 Constantinopolitano
3417 1577 3655 1632 clericos

2076 1675 2431 1730 ecclesiarum
2473 1675 2572 1729 sibi
2610 1676 3008 1744 subjectarum,
3061 1687 3205 1742 quos
3262 1671 3444 1734 vellet,
3501 1669 3646 1723 acci-

401 1753 640 1830 κλησιῶν
669 1760 765 1825 οὓς
807 1762 1058 1832 βούλεται
1091 1765 1416 1836 κληρωτοὺς,
1455 1767 1551 1820 καὶ
1595 1768 1710 1831 τοῖς
1742 1768 1967 1831 οἰκείοις

2074 1783 2200 1838 pere
2238 1776 2291 1821 et
2317 1767 2432 1823 suis
2468 1767 2871 1821 adnumerare:
2921 1766 3110 1833 utique
3153 1775 3206 1819 et
3258 1761 3647 1820 antistitiBul-

403 1850 762 1924 συναριθμεῖν
786 1870 802 1886 ο
835 1856 895 1907 ού
940 1857 1048 1927 μὴν
1076 1857 1212 1930 ἀλλά
1247 1858 1338 1910 καὶ
1367 1857 1446 1926 τῷ
1477 1857 1835 1928 Βουλγαρίας,
1876 1860 1969 1912 καί⁵

397 1941 474 2009 τῷ
512 1943 763 2012 Κύπρου,
812 1945 901 2000 διά
953 1949 1054 2018 τὴν
1119 1950 1195 2019 ρλ’
1243 1950 1675 2004 ’1ουστινιάνειον
1725 1940 1964 2020 Νεαρὰν,

399 2034 465 2101 ἢν
491 2034 584 2086 καὶ
620 2034 771 2105 ζήτει
811 2039 870 2092 ἐν
925 2039 1007 2110 τῷ
1048 2047 1122 2095 ια’
1150 2042 1434 2112 κεφαλαίῳ
1466 2042 1563 2095 τοῦ
1598 2043 1637 2094 E
1670 2042 1966 2112 στοιχείου.

406 2125 597 2194 Ἐδόθη
623 2127 675 2180 δὲ
711 2130 806 2181 καλ⁸
839 2131 917 2200 τῷ
944 2132 1160 2201 βασιλεῖ
1187 2135 1284 2197 τάς
1322 2133 1430 2190 τῶν
1469 2134 1749 2203 κληρικῶν
1787 2135 1968 2188 ὡσαύ-

398 2231 506 2276 τως
535 2219 856 2284 μεταθέσεις
887 2225 1088 2277 ποιεῖν.

923 2358 1104 2432 Νόμοι
1131 2362 1448 2415 πολιτικοί.

465 2492 590 2555 Τοῖς
625 2491 1064 2561 θεοφιλεστάτοις
1089 2494 1412 2559 ἐπισκόποις
1438 2496 1532 2560 τάς
1563 2495 1770 2562 οἰκείας
1798 2515 1967 2552 κατα-

392 2585 687 2655 λιμπάνειν
737 2586 1059 2656 ἐκκλησίας,
1093 2589 1187 2641 καὶ
1217 2589 1295 2652 είς
1326 2589 1497 2653 ἄλλας
1537 2591 1813 2663 ἐπαρχίας
1861 2609 1967 2646 πα-

394 2676 737 2756 ραγίνεσθαι,
762 2678 1186 2749 ἀπαγορεύομεν
1209 2694 1225 2710 ⁸
1269 2681 1318 2733 εἰ
1343 2679 1399 2732 δὲ
1431 2681 1644 2748 ἀνάγκη
1686 2699 1771 2744 τις
1795 2684 1964 2738 ἀπαι-

392 2771 476 2823 τεῖ
504 2767 662 2822 τοῦτο
724 2770 990 2839 ποιῆσαι,
1015 2777 1090 2840 μὴ
1130 2771 1307 2834 ἄλλως
1355 2771 1387 2840 ἢ
1447 2773 1588 2841 μετά
1617 2775 1964 2844 γραμμάτων

391 2861 487 2914 τοῦ
515 2863 946 2935 μακαριωτάτου
995 2861 1177 2914 αὐτῶν
1215 2863 1564 2933 πατριάρχου
1605 2863 1638 2934 ἢ
1679 2879 1962 2936 μητροπο-

391 2952 564 3018 λίτου,
624 2955 658 3024 ἢ
701 2951 843 3006 κατά
904 2952 1194 3024 βασιλικὴν
1259 2953 1438 3021 δήπου
1496 2955 1748 3010 κέλευσιν
1805 2959 1964 3012 τοῦτο

390 3047 744 3102 ποιείτωσαν.
786 3046 949 3123 Ἀλλά
981 3047 1120 3118 μηδὲ
1170 3049 1251 3111 εἰς
1301 3047 1398 3118 τὴν
1434 3048 1683 3118 βασιλίδα
1717 3052 1828 3105 τῶν
1865 3054 1963 3108 πό-

389 3137 528 3190 λεων
550 3138 727 3202 ἄλλως
743 3139 777 3208 ἢ
796 3137 1447 3215 οὕτωςέπιδημείτωσαν.
1477 3141 1617 3194 Ἀλλ’
1635 3144 1684 3197 εἰ
1706 3146 1798 3197 καὶ
1823 3145 1962 3198 κατά
1987 3129 2030 3186 C

387 3229 482 3280 τὸν
521 3229 723 3299 τρόπον
749 3229 939 3283 τοῦτον
972 3231 1277 3295 ἐπίσκοπος
1320 3232 1643 3304 οἰοσδήποτε
1677 3236 1965 3310 ἀποδημή-

390 3339 524 3386 σειε,
567 3323 641 3392 μὴ
667 3323 834 3376 πλέον
859 3324 978 3388 ἐνὸς
1010 3324 1264 3377 ἐνιαυτοῦ
1309 3324 1408 3395 τὴν
1441 3325 1580 3378 ἰδίαν
1611 3327 1964 3398 καταλιμπα-

388 3414 527 3467 νέτω
581 3414 899 3484 ἐκκλησίαν.
955 3415 1095 3487 Τοὺς
1125 3417 1182 3470 δὲ
1239 3417 1596 3484 ἐπισκόπους,
1653 3421 1781 3482 τοὺς
1823 3421 1965 3473 κατά

388 3505 486 3576 τὴν
516 3505 762 3578 βασιλίδα
809 3507 985 3570 πόλιν,
1033 3508 1108 3572 ὡς
1154 3507 1398 3578 εἴρηται,
1458 3512 1962 3581 παραγινομένους,

390 3598 494 3651 κᾶν
515 3597 840 3668 οἰασδήποτε
863 3598 1186 3672 διοικήσεως
1212 3593 1335 3667 ὦσι,
1362 3600 1468 3671 πρὸ
1500 3601 1722 3655 πάντων
1743 3603 1964 3656 ἀπιέναι

384 3691 469 3744 δεῖ
521 3689 660 3760 πρὸς
693 3693 784 3743 τὸν
836 3690 1264 3766 μακαριώτατον
1311 3694 1745 3763 ἁρχιεπίσκοπον
1809 3696 1964 3749 Κωνο

389 3783 887 3856 σταντινουπόλεως
927 3783 1020 3836 καὶ
1055 3784 1421 3854 πατριάρχην,
1462 3788 1556 3839 καὶ
1585 3785 1728 3839 οὕτω
1769 3786 1838 3839 δι’
1867 3787 1965 3840 αύ-

387 3875 481 3928 τοῦ
533 3875 676 3944 πρὸς
705 3875 804 3946 τὴν
832 3862 1116 3946 ἡμετέραν
1165 3877 1400 3930 εἰσιέναι
1434 3877 1800 3947 γαληνότητα.
1834 3879 1964 3942 Τοῖς

386 3968 445 4021 δέ
481 3967 636 4038 παρά
671 3967 881 4039 ταύτην
918 3967 1078 4038 ἡμῶν
1129 3969 1230 4037 τὴν
1266 3969 1608 4022 διατύπωσιν
1651 3971 1964 4042 ἀποδημοῦ-

388 4076 495 4125 σιν,
521 4059 553 4128 ἢ
583 4059 725 4130 ὑπὲρ
755 4059 848 4112 τὸν
877 4058 1188 4130 ὡρισμένον
1217 4061 1312 4113 τοῦ
1346 4043 1600 4115 ἐνίαυτοῦ
1630 4061 1824 4132 χρόνον
1854 4063 1962 4127 ἔξω

386 4154 483 4223 τῆς
537 4151 674 4214 ἰδίας
727 4151 1030 4219 ἐκκλησίας
1081 4153 1335 4216 ποιοῦσι,
1396 4155 1694 4225 κελεύομεν
1744 4157 1962 4224 πρῶτον

389 4244 487 4312 μὲν
523 4243 598 4314 μὴ
627 4242 988 4312 χορηγεῖσθαι
1028 4244 1182 4310 παρά
1222 4244 1332 4296 τῶν
1359 4244 1661 4315 οἰκονόμων
1681 4246 1782 4317 τῆς
1826 4247 1962 4310 ίδίας

386 4335 680 4405 ἐκκλησίας
733 4335 1002 4399 δαπάνας,
1038 4335 1231 4389 ἔπειτα
1288 4335 1811 4408 ὑπομιμνήσκεσθαι
1859 4340 1958 4393 αὐ-

383 4428 508 4489 τοὺς
532 4425 622 4478 διά
651 4427 997 4496 γραμμάτων
1027 4426 1136 4479 τῶν
1177 4426 1502 4498 ἀρχιερέων,
1540 4429 1630 4497 ὑφ’
1657 4428 1751 4492 οὒς
1775 4429 1960 4482 τελοῦ-

2075 1861 2238 1930 gariaa
2274 1867 2327 1914 et
2353 1859 2536 1931 Cypri,
2592 1874 2688 1927 per
2717 1858 2987 1912 Novellam
3019 1855 3309 1911 Iustiniani
3353 1855 3450 1916 I30
3480 1866 3654 1922 quant-

2071 1956 2236 2006 etiam
2275 1968 2458 2022 quaere
2495 1953 2546 2005 iu
2581 1967 2700 2018 cap.
2731 1951 2788 2004 il
2827 1950 3023 2004 littera:
3049 1948 3113 2002 E.
3143 1945 3638 2016 lmperatoriinsu-

2071 2062 2168 2116 per
2191 2047 2376 2124 datum
2419 2055 2536 2100 erat
2571 2045 2894 2100 clericorum
2928 2040 3660 2110 sitniliter'permutatioues.

2070 2135 2267 2193 facere.

2661 2365 2822 2434 Leges
2855 2363 3053 2418 civiles.

2139 2502 2560 2560 Amantissimos
2602 2498 2696 2554 Dei
2748 2497 3036 2567 episcopos
3080 2494 3333 2565 proprias
3379 2491 3654 2547 ecclesias

2067 2597 2401 2666 relinquere,
2430 2593 2567 2648 etin
2607 2590 2745 2645 alias
2781 2586 3096 2658 provincias
3150 2584 3304 2639 abire
3349 2591 3641 2638 velamus:

2066 2687 2111 2740 si
2150 2700 2279 2741 vero
2329 2683 2630 2739 necessitas
2687 2681 2868 2748 aliqua
2907 2679 2958 2734 id
2994 2677 3254 2747 exegerit,
3305 2689 3413 2730 non
3484 2674 3642 2728 aliter

2065 2791 2229 2848 quam
2271 2791 2396 2832 cum
2447 2775 2644 2830 litteris
2684 2771 2984 2828 beatissimi
3028 2772 3270 2838 ipsorum
3320 2767 3646 2838 patriarchae

2065 2878 2160 2924 aut
2187 2867 2619 2939 metropolitani,
2645 2873 2740 2920 aut
2764 2863 3024 2934 principis
3047 2861 3302 2915 mandato
3329 2860 3380 2913 id
3414 2859 3636 2914 faciant.

2136 2962 2306 3016 Porro
2347 2975 2446 3016 nec
2475 2960 2541 3014 ad
2573 2957 2760 3013 urbem
2793 2955 2997 3027 regiam
3028 2955 3184 3008 aliter
3219 2967 3383 3022 quam
3419 2967 3483 3006 ea
3511 2967 3640 3005 cou-

2070 3055 2276 3110 ditione
2303 3052 2598 3117 accedant;
2639 3049 2770 3120 quin
2805 3058 2860 3104 et
2918 3048 2962 3104 si
2999 3047 3104 3102 hoc
3154 3045 3316 3100 modo
3347 3044 3640 3114 episcopus

2066 3146 2472 3217 qualiscunque
2504 3141 2827 3207 excesserit,
2860 3155 2928 3195 ne
2960 3139 3198 3209 amplius
3228 3154 3338 3192 uno
3367 3153 3512 3192 anno
3546 3153 3640 3193 ec-

2068 3239 2294 3293 clesiam
2336 3252 2493 3292 suam
2527 3234 2824 3306 relinquat.
2861 3232 3163 3304 Episcopos
3193 3245 3325 3286 vero
3352 3231 3445 3301 qui
3480 3231 3533 3284 in
3559 3245 3644 3285 re-

2066 3331 2210 3400 giam
2238 3330 2429 3383 urbem
2459 3329 2556 3396 (ita
2602 3339 2663 3382 ut
2703 3327 2909 3382 dictum
2958 3328 3064 3394 est)
3109 3323 3376 3388 venerint,
3411 3339 3475 3378 ex
3508 3336 3644 3392 qua-

2067 3436 2283 3490 cunque
2317 3420 2517 3474 fuerint
2546 3419 2791 3483 dioecesi,
2816 3426 2940 3472 ante
2975 3417 3162 3473 omnia
3197 3415 3350 3472 abire
3379 3415 3640 3484 jubemus

2066 3514 2131 3567 ad
2171 3513 2554 3568 beatissimum
2583 3510 3139 3579 Constantinopoleos
3165 3508 3639 3577 archiepiscopum

2065 3615 2120 3660 et
2148 3605 2542 3676 patriar-chain,
2576 3614 2740 3674 atque
2768 3603 2840 3657 ita
2866 3603 2936 3658 ad
2962 3611 3205 3656 nostram
3237 3587 3423 3655 venire
3444 3602 3644 3655 sereni-

2065 3704 2253 3750 tatem.
2296 3696 2622 3766 Quicunque
2689 3704 2874 3773 autem
2924 3705 3116 3748 contra
3185 3693 3640 3749 constitutionem

2065 3788 2209 3843 hanc
2271 3797 2513 3842 nostram
2577 3785 2937 3848 excesserint,
2995 3794 3089 3838 aut
3141 3799 3306 3854 supra
3355 3783 3639 3840 deﬁnitum

2065 3879 2195 3934 anni
2227 3879 2490 3949 spatium,
2520 3886 2737 3947 tempus
2771 3876 2989 3947 aliquod
3023 3884 3178 3931 extra
3214 3877 3492 3945 propriam
3545 3889 3641 3930 ec-

2065 3967 2291 4021 clesiam
2323 3966 2575 4034 egerint,
2609 3967 2846 4038 primum
2879 3965 3099 4035 quidem
3142 3966 3276 4034 ipsis
3309 3967 3378 4020 ab
3417 3980 3644 4020 (econo-

2064 4057 2173 4112 mis
2205 4057 2328 4127 ejus
2374 4041 2620 4112 ecclesiae
2645 4065 2897 4132 sumptus
2926 4071 3032 4111 non
3069 4045 3446 4111 administrari
3477 4058 3643 4126 jube-

2065 4165 2208 4215 mus,
2246 4149 2442 4204 deinde
2465 4147 2762 4220 significari
2797 4149 2930 4217 ipsis
2965 4163 3059 4217 per
3085 4147 3298 4202 litteras
3327 4148 3640 4202 antistitum

2064 4241 2266 4311 quibus
2300 4241 2556 4302 subsunt,
2592 4250 2651 4294 ut
2681 4241 2748 4295 ad
2793 4239 3043 4310 proprias
3094 4239 3356 4295 ecclesias
3394 4239 3640 4293 redeant.

2063 4334 2220 4401 Quod
2249 4334 2294 4388 si
2333 4333 2567 4388 reditum
2627 4333 2904 4395 differant,
2958 4331 3112 4408 juxta
3149 4316 3366 4387 divinos
3399 4346 3642 4387 canones

2065 4429 2258 4482 iterum
2298 4437 2582 4490 vocentur,
2615 4433 2669 4481 et
2708 4427 2752 4481 si
2807 4426 2949 4480 intra
3007 4425 3290 4479 definitum
3325 4433 3536 4493 tempus
3574 4426 3641 4478 ad

386 4534 506 4582 σιν,
558 4516 702 4570 ὥστε
759 4517 1078 4572 ἐπανελθεῖν
1132 4521 1213 4583 εἰς
1270 4521 1371 4584 τὰς
1430 4521 1565 4584 ἰδίας
1615 4522 1953 4592 ἐκκλησίαςο

2071 4517 2320 4572 ecclesias
2372 4532 2500 4571 suas
2554 4531 2664 4570 non
2725 4515 2932 4570 reversi
2985 4515 3209 4579 fuerint,
3263 4513 3364 4582 ipsi
3420 4513 3642 4582 quidem

384 4610 843 4681 ὑπερτιθεμένους
864 4610 919 4664 δὲ
944 4611 1041 4682 τὴν
1065 4611 1436 4681 ὑποστροφὴν,
1464 4611 1604 4665 κατά
1635 4614 1760 4676 τοὺς
1780 4615 1960 4683 ἱεροὺς

384 4691 796 4757 καλεῖσθαικαὶ
838 4697 996 4765 αὖθις
1045 4701 1276 4765 κανόνας
1300 4719 1314 4732 ·
1351 4703 1446 4758 καὶ
1481 4706 1528 4757 εἰ
1564 4705 1640 4776 μὴ
1669 4705 1819 4769 ἐντὸς
1858 4687 1956 4760 τοῦ

383 4796 693 4865 ὡρισμένου
736 4795 931 4867 χρόνου
966 4795 1399 4864 ὑποστρέφουσιν
1424 4797 1504 4860 εἰς
1548 4799 1645 4861 τὰς
1699 4799 1834 4861 ἰδίας
1865 4801 1958 4852 ἐκ-

381 4885 633 4951 κλησίας,
686 4885 882 4948 αὐτοῦς
938 4885 1039 4954 μὲν
1085 4885 1186 4953 τῆς
1247 4886 1552 4956 ἐπισκοπῆς
1612 4871 1957 4956 ἐξωθεῖσθαι,

381 4976 573 5050 γνώμῃ
607 4977 698 5031 καὶ
733 4977 912 5047 κρίσει
947 4981 1036 5029 καὶ
1069 4979 1366 5049 δοκιμασίᾳ
1398 4978 1491 5031 τοῦ
1522 4979 1723 5033 οἰκείου
1770 4982 1958 5051 ἀρχιε-

382 5068 520 5138 ρέως
541 5085 555 5099 ο
588 5070 807 5138 ἐτέρους
839 5062 883 5122 δ’
916 5068 1031 5122 ἀντ’
1069 5069 1250 5123 αὐτῶν
1300 5070 1587 5134 καλλίονας
1634 5076 1964 5142 χειροτονεῖ-

2067 4607 2613 4676 sententia,judicio,
2659 4613 2712 4662 et
2749 4606 3073 4676 probatione
3110 4603 3320 4676 prOprii
3369 4606 3643 4674 archiepi-

2065 4697 2215 4770 scopi
2253 4699 2322 4753 ab
2362 4695 2677 4775 episcopatu
2741 4698 3108 4767 expellantur,
3153 4698 3355 4767 aliique
3388 4698 3643 4752 meliores

2064 4792 2119 4846 in
2151 4793 2394 4862 ipsorum
2438 4793 2616 4868 locum
2673 4791 2724 4846 vi
2767 4789 2899 4860 legis
2949 4790 3234 4860 prazsentis
3295 4789 3638 4844 ordinentur.

2063 4883 2190 4939 Haec
2225 4885 2279 4938 in
2331 4885 2584 4945 clericos,
2634 4883 3017 4952 cujuscunque
3061 4882 3349 4937 ministerii
3415 4881 3638 4943 fuerint,

2064 4995 2278 5033 necnon
2320 4979 2622 5032 monachos
2674 4976 2920 5030 obtinere
2957 4975 3216 5045 jubemus
3250 4995 3263 5031 :
3313 4991 3516 5046 eosque
3547 4977 3639 5046 qui

2061 5072 2389 5142 transgressi
2431 5070 2658 5146 fuerint,
2689 5083 2787 5123 sua
2821 5068 3085 5138 dignitate
3108 5069 3385 5123 excidere.

380 5160 506 5212 σθαι
536 5160 679 5213 κατά
713 5161 813 5228 τὴν
841 5160 936 5214 τοῦ
983 5161 1251 5230 παρόντος
1299 5161 1465 5232 νόμου
1497 5163 1766 5234 δύναμινο
1803 5165 1979 5219 ταῦτα
2011 5163 2071 5217 δέ
2113 5164 2208 5216 καὶ
2247 5163 2339 5214 ἐπὶ
2381 5159 2657 5231 κληρικῶν
2723 5158 3118 5228 οίασδηποτοῦν
3165 5159 3490 5229 ὑπηρεσίας,
3558 5159 3637 5212 ἔτι

373 5253 434 5305 δὲ
463 5254 556 5306 καὶ
593 5253 864 5320 μοναχῶν,
888 5251 1187 5322 κελεύομεν
1227 5256 1448 5322 κρατεῖν
1477 5269 1490 5283 ο
1519 5256 1647 5319 τοὺς
1674 5257 1731 5310 δὲ
1771 5255 2211 5327 παραϐαίνοντας
2244 5252 2532 5306 ἐκπίπτειν
2565 5249 2656 5305 τοῦ
2685 5250 2889 5304 οἰκείου
2928 5252 3229 5324 σχήματος.

459 5346 618 5398 Ἀλλά
652 5346 749 5398 καὶ
809 5345 978 5415 ἄμφω
1029 5345 1202 5399 ταῦτα
1238 5347 1457 5417 ὁρῶμεν
1498 5349 1665 5402 τανῦν
1714 5349 1942 5404 ἀθετού-

380 5451 549 5506 μενα⁶
578 5435 701 5487 οὔτε
737 5435 843 5507 γὰρ
871 5437 921 5489 οἰ
966 5438 1241 5507 ἀρχιερεῖς
1303 5439 1392 5493 διά
1449 5441 1797 5510 γραμμάτων
1849 5439 1944 5494 τοῦ

379 5529 720 5598 πατριάρχου
763 5529 840 5590 εἰς
867 5527 966 5598 τὴν
995 5528 1387 5598 βασιλεύουσαν
1417 5530 1801 5600 ἐπιδημοῦσιν,
1834 5532 1948 5584 ἀλλ’

380 5619 713 5690 αύθόρμητοι
744 5621 1204 5692 παραγενόμενοι,
1239 5624 1330 5674 καὶ
1369 5624 1487 5685 ταῖς
1523 5623 1722 5684 πύλαις
1744 5623 1954 5694 ταύτης

382 5713 722 5781 προσιόντες,
777 5711 1056 5784 μηνύματι
1127 5713 1226 5784 τὴν
1286 5716 1554 5785 σφετέραν
1608 5715 1820 5770 ἓλευσιν
1881 5715 1956 5786 τῷ

2121 5345 2323 5402 Verum
2355 5347 2518 5399 ambo
2546 5346 2664 5402 haec
2714 5345 2930 5400 decreta
2978 5346 3143 5401 hodie
3199 5345 3439 5415 neglecta
3486 5345 3633 5398 silc-

2055 5453 2195 5494 mus.
2239 5435 2357 5491 Non
2394 5437 2540 5491 enim
2578 5437 2856 5494 antistites
2914 5454 3010 5508 per
3066 5440 3275 5493 litteras
3313 5439 3641 5506 patriarcha:

2056 5530 2124 5584 ad
2160 5533 2405 5602 reginam
2442 5531 2660 5586 urbium
2716 5532 3170 5602 proficiscuntur,
3205 5531 3298 5585 scd
3335 5532 3640 5600 itnpctuuse

2061 5623 2126 5675 ad
2151 5632 2336 5692 portas
2359 5624 2479 5692 ejus
2509 5626 2906 5694 pervenientes,
2930 5625 3132 5679 indicio
3161 5623 3450 5677 adventum
3475 5639 3635 5677 suum

2060 5716 2382 5785 patriarcha:
2426 5728 2612 5774 nolunt
2661 5720 2888 5788 faciunt,
2918 5726 2970 5776 et
3025 5718 3099 5776 sic
3135 5719 3253 5777 sine
3285 5719 3526 5790 periculo
3567 5719 3636 5773 ad
