4016 6390
287 339 412 415 ωε]

1246 350 1384 418 SYN
1395 352 1652 421 TAGMA
1689 356 2313 425 ALPHABETICUM.
2353 385 2425 401 ··-
2439 363 2501 431 Α.

3394 359 3528 426 1082

284 469 622 540 καθεστησιν,
653 455 744 524 οἷα
774 471 866 524 καὶ
892 465 1016 533 τοὺς
1038 465 1107 526 δι’
1136 470 1315 536 αἰτίας
1352 475 1589 538 ἀτόπους
1617 477 1715 546 τῆς
1748 492 1850 530 πα-

1974 491 2016 528 :0
2053 477 2308 530 nimirum
2343 471 2494 530 more
2527 491 2637 544 quo
2674 473 2767 529 filii
2797 474 2869 528 ob
2899 474 3107 530 crimen
3137 473 3357 544 aliquod
3393 478 3524 532 inu-

283 561 481 630 τρικῆς
507 563 692 624 οὐσίας
716 564 1146 634 ἐκϐαλλομένους
1170 565 1262 619 καὶ
1290 567 1468 637 ἀποκη
1479 571 1850 638 ρυσσομένους

284 652 435 716 υἱούς
457 671 470 684 ο
502 655 562 708 τὸ
590 655 647 708 δὲ
689 657 954 726 τολμῆσαί
986 674 1157 720 τινας,
1196 660 1381 728 φησὶν,
1415 661 1472 711 ἐν
1525 662 1737 730 οἰμωγῇ
1767 677 1854 712 τοί

287 746 461 819 σαύτῃ
517 747 609 800 καὶ
663 748 883 818 θρήνοις
938 749 1238 813 τοσούτοις,
1298 749 1408 804 τῶν
1465 749 1756 820 βαρόαρων
1785 754 1854 806 τὰ

285 837 466 890 πάντα
496 836 850 909 ληϊζομένων,
893 839 983 892 τὸν
1010 841 1097 892 ἐπ’
1131 841 1340 910 ὀλέθρῳ
1381 841 1598 894 πάντων
1632 841 1854 894 ἐπιόντα

288 923 501 1000 καιρὸν,
535 930 763 1000 κέρδους
830 927 968 984 εἶναι
1025 931 1248 1000 νομίσαι
1291 933 1507 1002 καιρὸν,
1550 933 1855 1003 ἀνθρώπων

289 1013 438 1071 ἐστὶν
477 1019 688 1072 ἀσεϐῶν
723 1023 816 1072 καὶ
846 1020 1170 1088 θεοστυγῶν,
1198 1022 1291 1074 καὶ
1328 1023 1597 1091 μηδεμίαν
1625 1023 1855 1088 ἀτοπίας

290 1109 762 1163 καταλελοιπότων
804 1111 1145 1182 ὑπερϐολήν·
1177 1113 1300 1166 ὅθεν
1327 1112 1474 1179 εδοξε
1517 1113 1644 1175 τοὺς
1682 1113 1858 1165 τοιού-

287 1216 417 1266 τους
448 1204 691 1265 ἅπαντας
720 1205 1045 1275 ἑκκηρύξαι,
1085 1208 1293 1276 μήποτε
1334 1207 1418 1274 ἐφ’
1454 1206 1575 1260 ὅλον
1605 1205 1735 1276 ἔλθῃ
1767 1204 1858 1258 τὸν

285 1291 479 1364 λαδνή
515 1293 676 1364 ὀργὴ,
736 1295 830 1347 καὶ
878 1295 966 1348 ἐπ’
995 1295 1191 1360 αὐτοὺς
1229 1295 1480 1366 πρώτους
1531 1295 1654 1358 τοὺς
1692 1313 1858 1361 προε-

289 1385 522 1448 στῶτας,
548 1385 624 1455 τῷ
652 1385 725 1456 μὴ
753 1385 953 1456 σπουδῇ
990 1386 1212 1449 τούτους
1241 1387 1568 1455 ἐπιζητῆσαι
1595 1388 1686 1440 καὶ
1713 1387 1859 1456 διορ-

288 1475 601 1530 θώσασθαιο
633 1477 683 1530 οι
733 1478 842 1543 γὰρ
889 1479 1163 1549 ἰφιέμενοι
1217 1479 1287 1532 τὰ
1335 1480 1444 1532 τῶν
1496 1469 1860 1548 αἰχμαλώτων

287 1567 616 1638 κερδαίνειν,
675 1569 846 1640 ὀργὴν
901 1573 1002 1635 ,καὶ
1055 1572 1267 1634 ἑαυτοῖς
1327 1574 1425 1624 καὶ
1466 1572 1631 1624 παντὶ
1663 1573 1862 1625 ἐπισω-

288 1657 510 1729 ρεύουσι
539 1661 617 1731 τῷ
635 1660 750 1732 λαῷ
770 1678 784 1693 ο
811 1661 1044 1731 ἐξαίρων
1071 1663 1128 1716 δὲ
1148 1664 1375 1731 ταυτηνὶ
1406 1663 1504 1733 τὴν
1524 1663 1858 1728 πλεονεξίαν,

289 1752 470 1820 πολλῴ
494 1752 715 1821 χείρονα
745 1756 839 1807 καὶ
867 1755 963 1822 τῆς
1000 1753 1094 1806 τοῦ
1127 1755 1307 1824 Ἀχσρ
1349 1751 1490 1808 εἶναι
1521 1756 1862 1808 κατασκευάσ-

290 1835 411 1906 ζει·
463 1835 558 1896 καὶ
604 1844 715 1913 γὰρ
755 1837 932 1908 οὗτος,
980 1846 1168 1914 φησὶν,
1206 1845 1315 1899 ἀπὸ
1361 1847 1456 1900 τοῦ
1519 1847 1858 1916 ἀναθέματος

295 1935 456 2003 μόνος
489 1937 582 1989 καὶ
631 1937 736 2007 ῑδῗᾳ
783 1936 981 2000 λαϐὼν,
1030 1939 1122 1991 ἐπὶ
1153 1938 1328 1991 πάντα
1374 1939 1466 1992 τὸν
1503 1938 1718 2009 Ἰσραὴλ
1761 1941 1859 2010 τὴν

291 2029 463 2099 ὀργὴν
493 2030 667 2100 ἤγαγε
700 2029 792 2083 τοῦ
847 2028 1014 2082 Θεοῦ·
1049 2030 1223 2102 ταύτῃ
1252 2046 1356 2095 τοι,
1387 2034 1480 2084 καὶ
1518 2032 1618 2083 ούκ
1660 2034 1864 2093 ἐκεῖνος

297 2123 480 2198 μόνος,
535 2123 672 2176 ἀλλά
711 2122 803 2175 καὶ
833 2125 882 2175 οἱ
937 2123 1098 2175 αὑτοῦ
1159 2123 1358 2186 πάντες
1405 2122 1864 2186 καταλευσθέντες

294 2214 602 2268 ἀπέθανονο
630 2218 679 2268 εἰ
715 2216 823 2285 γὰρ
870 2217 932 2267 ὲκ
970 2215 1253 2285 προνομῆς
1299 2217 1393 2267 καὶ
1430 2207 1579 2267 οὗτοι
1611 2215 1864 2274 κάκεῖνος

295 2301 595 2376 ὕφείλοντο,
626 2307 741 2360 ἀλλ’
764 2307 971 2368 ἐκεῖνος
1003 2307 1104 2376 μὲν
1141 2309 1210 2362 τὰ
1257 2307 1366 2360 τῶν
1397 2305 1692 2376 πολεμίων,
1718 2297 1863 2360 οὗτοι

293 2397 349 2451 δὲ
389 2397 458 2450 τὰ
495 2397 602 2448 τῶν
651 2395 930 2465 ἀδελφῶν·
979 2397 1120 2450 οὕτω
1175 2397 1536 2468 χαλεπωτέρα
1591 2397 1866 2467 ήτούτων

296 2503 368 2538 πα
381 2486 635 2555 ρανομεα.
668 2487 813 2556 ἤπερ
849 2489 882 2557 ἠ
917 2486 1126 2540 ἐκείνου
1148 2501 1164 2516 ·
1191 2478 1444 2540 λανθάνει
1473 2487 1530 2540 δέ
1568 2505 1652 2550 τις
1676 2488 1865 2541 ἑαυτὸν

295 2575 540 2640 ἀπατῶν,
573 2574 648 2638 ὡς
679 2575 788 2645 ἄρα
838 2577 1192 2646 ὲρῤιμμένοις
1220 2576 1394 2644 λέγων
1427 2579 1729 2649 περιτύχοι,
1775 2580 1870 2631 καὶ

299 2667 373 2736 μή
422 2683 567 2727 τινος
602 2666 1054 2735 ἀντιποιουμένου
1091 2666 1354 2732 ἀνέλοιτο,
1401 2667 1492 2722 τὸν
1533 2667 1870 2738 κεκτημένον

298 2750 426 2820 ἰσως
492 2756 779 2826 ὴγνοηκὼς
804 2771 818 2788 ·
866 2757 927 2815 ού
973 2756 1079 2825 γάρ
1105 2756 1282 2821 ἔξεστι
1315 2759 1408 2811 καὶ
1441 2757 1614 2821 οὕτως
1654 2761 1869 2830 εὑρόντι

299 2849 551 2918 κερδᾶναι
573 2850 664 2900 καὶ
689 2846 1078 2900 οἰκειώσασθαι
1103 2847 1162 2900 τὸ
1194 2847 1496 2917 ἀλλότριον,
1546 2848 1682 2901 ἀλλά
1713 2857 1870 2919 Rapt-

300 2939 533 3008 φυλάξαι
580 2939 658 3008 τῷ
689 2940 1042 3010 κεκτημένῳο
1077 2938 1125 2992 εἰ
1173 2939 1280 3009 γὰρ
1324 2941 1352 2991 6
1384 2939 1614 3003 παλαιὸς
1652 2941 1868 2994 κελεύει

300 3033 482 3100 νόμος,
523 3031 605 3086 ὅτι
634 3027 732 3086 Ἂν
768 3033 796 3086 6
823 3031 1050 3100 ἀδελφός
1079 3048 1172 3086 σου
1202 3032 1236 3102 ἢ
1270 3033 1298 3084 6
1337 3032 1532 3103 ἐχθρός
1562 3051 1656 3086 σου
1687 3034 1750 3087 ὲκ
1781 3035 1877 3105 ῥᾳ-

1953 567 2175 621 sitatum
2205 583 2236 622 a
2271 577 2494 637 paterna
2527 568 2845 621 haereditate
2909 567 3207 636 ejiciuntur
3257 569 3524 623 abdicano

1957 667 2174 726 torque.
2212 659 2266 713 lu
2323 667 2477 714 tanto
2523 670 2706 713 autem
2743 660 2894 713 luctu
2952 660 3228 728 tantisque
3286 659 3526 722 fletibus,

1955 752 2082 804 dum
2109 751 2322 805 barbari
2373 751 2554 804 omnia
2591 751 2995 818 depraadantur,
3040 765 3208 803 ausos
3261 767 3381 805 esse
3426 751 3529 804 ali-

1955 857 2094 910 quos
2133 851 2366 910 tempus,
2403 841 2456 894 in
2513 857 2623 910 quo
2677 841 2932 894 omnililts
2972 842 3201 894 exitium
3256 841 3526 904 imminet,

1955 935 2058 988 sibi
2105 933 2244 987 lucri
2296 949 2419 988 esse
2462 944 2674 1002 tempus
2708 935 3050 997 existimare,
3099 935 3387 987 hominum
3445 943 3532 988 est

1959 1026 2276 1096 impiorum,
2302 1037 2356 1080 et
2391 1027 2498 1081 Deo
2537 1025 2861 1088 invisorum,
2890 1035 2943 1079 et
2994 1041 3231 1092 quorum
3267 1024 3533 1094 improbi-

1960 1117 2053 1170 tati
2083 1116 2218 1170 nihil
2246 1115 2540 1184 superaddi
2577 1116 2798 1185 poterit.
2839 1115 2993 1169 Unde
3025 1132 3217 1170 ouines
3255 1117 3530 1184 ejusmodi

1961 1205 2212 1261 homines
2243 1206 2500 1260 abdicare
2527 1207 2704 1260 visum
2736 1218 2844 1272 est,
2871 1223 2936 1259 ue
2963 1205 3105 1260 forte
3134 1207 3186 1259 in
3225 1216 3403 1260 totum
3435 1222 3532 1274 po-

1960 1300 2148 1371 pulum
2179 1299 2259 1354 ira
2310 1302 2512 1364 veniat,
2545 1309 2599 1353 et
2630 1301 2685 1354 in
2733 1315 2826 1354 eos
2879 1300 3112 1368 primum
3142 1301 3232 1368 qui
3263 1308 3529 1368 prmsunt,

1960 1391 2106 1460 quod
2141 1390 2194 1444 in
2221 1389 2492 1458 ejusmodi
2519 1389 2770 1443 homines
2793 1389 3084 1459 diligenter
3115 1403 3222 1442 non
3253 1393 3534 1458 inquirant

1959 1496 2169 1551 eosque
2218 1482 2531 1536 emendent.
2580 1479 2797 1536 Etenim
2857 1481 2952 1550 qui
3006 1483 3350 1548 captivorum
3389 1482 3534 1535 bona

1961 1573 2165 1628 lucrari
2195 1572 2446 1642 cupiunt,
2477 1573 2582 1627 sibi
2613 1573 2750 1641 ipsis
2776 1581 2829 1626 et
2859 1573 3120 1627 universo
3158 1573 3359 1642 populo
3393 1573 3528 1626 iram

1961 1663 2070 1732 30
2097 1663 2470 1718 accumulant;
2503 1662 2673 1718 Porro
2713 1663 3031 1732 hujusmodi
3083 1664 3368 1718 aVaritiam
3417 1679 3531 1716 am-

1965 1756 2236 1824 phlicans,
2263 1769 2383 1808 eam
2441 1754 2670 1808 avaritia
2730 1755 2911 1808 Achar
2969 1756 3144 1809 multo
3199 1754 3532 1809 deteriorem

1963 1861 2083 1900 esse
2119 1847 2375 1900 ostendit.
2407 1845 2499 1900 Ille
2529 1847 2674 1900 enim
2727 1847 2898 1909 solus,
2942 1847 3145 1916 inquit,
3183 1857 3231 1900 et
3277 1847 3532 1916 privatim

1963 1938 2014 1992 id
2050 1937 2192 2006 quod
2229 1935 2336 1990 Deo
2361 1937 2668 1990 dedicatum
2719 1948 2836 1991 erat
2866 1939 3194 2006 surripiens,
3227 1939 3280 1991 iu
3313 1954 3533 1992 onmem

1963 2027 2130 2082 lsrael
2182 2029 2318 2082 iram
2353 2027 2445 2082 Dei
2479 2029 2748 2082 adduxit:
2801 2037 2856 2082 et
2883 2037 3176 2098 prepterea
3210 2045 3318 2083 non
3354 2029 3535 2083 soium

1965 2119 2105 2188 ipse,
2134 2120 2227 2175 sed
2255 2130 2307 2173 et
2341 2134 2532 2175 omnes
2564 2119 2646 2174 sui
2680 2121 2980 2188 perierunt.
3016 2121 3072 2175 Si
3095 2123 3244 2174 enim
3269 2132 3332 2174 ex
3359 2121 3538 2190 praeda

1967 2220 2075 2264 tam
2109 2211 2162 2264 hi
2193 2225 2358 2280 quam
2394 2211 2480 2264 ille
2518 2220 2840 2279 rapuerunt,
2874 2213 2974 2267 iste
3027 2223 3210 2267 autem
3257 2213 3399 2267 bona
3432 2213 3545 2267 ini-

1967 2304 2259 2366 micorum,
2321 2312 2376 2356 et
2416 2303 2469 2354 hi
2509 2303 2648 2356 bona
2706 2305 3034 2368 amicorum,
3087 2319 3153 2358 eo
3191 2304 3411 2374 gravius
3458 2313 3543 2360 est

1971 2398 2166 2450 horum
2221 2397 2430 2450 crimen
2479 2412 2643 2464 quam
2695 2395 2843 2464 quod
2896 2397 2964 2450 ab
2999 2412 3064 2451 eo
3095 2397 3398 2451 admissum
3436 2405 3541 2451 est.

1971 2486 2110 2552 Quin
2145 2490 2254 2539 imo
2304 2484 2542 2554 seipsum
2601 2484 2948 2552 impudenter
3004 2486 3229 2554 decipit,
3258 2486 3350 2554 qui
3388 2502 3448 2540 se
3486 2488 3540 2540 in

1972 2595 2058 2634 res
2089 2578 2344 2646 disjectas
2375 2579 2629 2631 incidisse
2653 2579 2819 2644 dicat,
2853 2589 2906 2633 et
2934 2595 3056 2634 cum
3090 2595 3252 2633 nemo
3284 2579 3404 2632 illas
3435 2578 3544 2632 sibi

1973 2674 2267 2729 assereret,
2289 2664 2600 2729 abstulisse,
2636 2679 2954 2732 possessore
2984 2666 3175 2735 utith
3206 2665 3411 2734 ignoto.
3442 2664 3547 2718 Ne-

1975 2775 2086 2829 que
2117 2758 2262 2812 enim
2294 2758 2375 2813 fas
2404 2767 2488 2812 est
2515 2758 2563 2811 ei
2595 2758 2688 2828 qui
2734 2759 2808 2811 ita
2841 2773 2954 2812 rem
2987 2759 3222 2811 alienam
3254 2758 3547 2821 invenerit,
3577 2806 3582 2811 .

1975 2866 2100 2905 eam
2125 2850 2348 2914 lucrari,
2375 2849 2587 2918 sibique
2616 2849 2920 2912 vindicare,
2953 2850 3048 2906 sed
3092 2864 3189 2919 pro
3223 2863 3549 2919 possessore

1977 2956 2198 2996 servare
2225 2941 2405 2995 debet.
2433 2938 2648 2993 Etenim
2681 2939 2726 2994 si
2757 2941 2843 2994 lex
2871 2941 3097 3010 antiqua
3127 2941 3282 3012 jubet
3307 2959 3320 2995 :
3354 2939 3408 2996 Si
3441 2944 3551 2995 l'ra-

1976 3041 2062 3088 ter
2114 3043 2241 3087 tuus
2279 3032 2362 3084 vel
2400 3031 2657 3086 inimicus
2714 3041 2844 3087 tuus
2891 3045 3002 3100 pra:
3049 3032 3381 3103 negligentia
3433 3048 3547 3086 rem

302 3127 502 3198 θυμίας
532 3127 776 3198 ἀπολέσῃ
807 3127 866 3181 τὸ
896 3129 1050 3191 ῐδιον,
1081 3127 1176 3180 καὶ
1203 3126 1376 3181 ταῦτα
1423 3129 1482 3180 ἐν
1514 3127 1693 3198 καιρῷ
1724 3129 1872 3200 εἰρή-

1979 3138 2135 3177 suam
2173 3121 2446 3180 amiserit,
2480 3120 2644 3189 idque
2674 3119 2726 3173 in
2769 3132 3015 3189 tempore
3048 3119 3224 3188 pacis,
3277 3134 3385 3172 non
3416 3121 3552 3172 reti-

303 3239 424 3292 νης,
447 3222 507 3273 ού
542 3221 814 3287 καθέξεις,
862 3219 978 3273 ἀλλ’
1008 3216 1384 3280 ὲπανασώσεις
1412 3219 1490 3288 τῷ
1519 3220 1868 3285 ἀπολέσαντι,

302 3314 454 3384 πόσῳ
483 3313 685 3380 μᾶλλον
723 3312 816 3365 τοῦ
847 3310 1141 3380 φεύγοντος
1170 3310 1427 3379 ἀδελφοῦ,
1476 3310 1508 3380 ἢ
1539 3309 1632 3364 τοῦ
1656 3311 1876 3379 γεγονό-

300 3423 391 3470 τος
431 3396 778 3478 αἰχμαλώτου
835 3397 954 3458 δέον
1013 3401 1381 3472 περιφυλάξαι
1429 3402 1498 3455 τὰ
1559 3402 1876 3469 ἐγκαταλειά

303 3501 504 3568 seem
554 3501 873 3569 πράγματα,
910 3497 1002 3550 καὶ
1030 3495 1323 3550 ἀποδοῦναί
1353 3496 1402 3546 οἰ
1427 3493 1832 3563 δυσπραγοῦντι
1859 3509 1873 3557 ;

306 3591 510 3658 Πολλῆς
550 3592 651 3658 μέν
685 3588 733 3639 τ’
785 3589 851 3640 ἂν
881 3589 967 3656 εἴη
1019 3587 1110 3639 καὶ
1147 3585 1303 3638 τοῦτο
1355 3585 1558 3650 ἀνοέας,
1607 3585 1667 3638 τδ
1703 3602 1875 3654 μετα-

305 3680 578 3732 ποιεῖσθαι
615 3679 722 3731 τῶν
752 3677 1049 3746 ἀλλοτρέων
1102 3677 1223 3728 ἀντὶ
1251 3677 1358 3729 τῶν
1399 3677 1544 3729 ἰδίων
1591 3676 1699 3728 τῶν
1731 3678 1881 3729 ἀπω-

305 3765 570 3840 λομένων,
640 3770 732 3823 καὶ
789 3769 998 3842 οἴεσθαι
1049 3763 1238 3838 μηδὲν
1270 3764 1409 3820 εἶναι
1449 3767 1646 3832 δεινὸν,
1679 3767 1880 3821 καίτοι

309 3865 478 3935 μηδὲν
500 3865 578 3926 εἰς
611 3862 808 3924 κακίας
835 3861 992 3928 λόγον
1025 3861 1134 3912 τῶν
1165 3860 1473 3930 εἰρημένων
1518 3859 1883 3928 ἀπολειπόμ;-

305 3974 395 4010 νον
418 3972 432 3986 ⁸
459 3950 596 4025 ὅπερ
628 3953 734 4024 γὰρ
760 3954 943 4015 αὐτοῖς
988 3952 1278 4020 γεγόνασιν
1314 3953 1364 4004 οι
1415 3953 1683 4021 πολέμιοι,
1719 3951 1882 4005 τοῦτο

305 4050 419 4114 τοῖς
456 4047 705 4116 ἀδελφοῖς
740 4038 888 4098 οὗτοι
926 4043 1178 4111 γενέσθαι
1221 4043 1634 4107 σπουδάζουσιν.
1676 4043 1881 4111 Ἀπήγά

306 4137 454 4206 γειλε
491 4138 546 4190 δέ
573 4154 652 4198 τις
686 4137 838 4204 ἡμῖν,
881 4134 957 4197 ὡς
1017 4134 1110 4187 καί
1140 4151 1292 4196 τινας
1348 4132 1453 4185 τῶν
1482 4131 1758 4202 πολεμίων
1787 4136 1884 4195 τὰς

307 4234 494 4304 χεῖρας
539 4228 924 4299 διαφυγόντας,
979 4226 1069 4297 βίᾳ
1115 4225 1255 4287 τινὲς
1285 4225 1609 4293 κατέχουσιν
1665 4223 1884 4278 ἄπιστοι

308 4326 521 4385 πάντως
551 4323 703 4383 διτες
737 4323 830 4374 καὶ
866 4319 1104 4382 ἀσεϐεῖς,
1141 4318 1232 4370 καὶ
1281 4317 1412 4369 Θεὸν
1467 4317 1602 4379 ὅλως
1631 4317 1708 4386 μὴ
1759 4318 1888 4385 ἐτξε-

306 4417 579 4486 γνωκότες
601 4429 616 4444 δ
649 4411 901 4482 πέμψατέ
940 4427 1092 4472 τινας
1142 4410 1218 4472 εἰς
1247 4408 1344 4477 τὴν
1376 4405 1557 4478 χώραν
1589 4407 1883 4476 ἐρευνῆσαι

306 4509 378 4563 τὰ
404 4508 532 4577 περὶ
564 4504 780 4567 τούτου,
827 4502 902 4573 μὴ
930 4500 1162 4570 σκηπτοὶ
1213 4499 1615 4569 κατενεχθῶσιν
1641 4499 1736 4552 ἐπὶ
1758 4500 1881 4562 τοὺς
1915 4479 1955 4535 θ

307 4601 378 4656 τὰ
408 4600 631 4654 τοιαῦτα
671 4599 1035 4667 πράσσοντας.

396 4691 482 4746 Ἐν
541 4691 619 4762 τῷ
669 4690 700 4740 ι’
731 4690 788 4742 δὲ
846 4691 1029 4741 κανόνι
1081 4689 1108 4740 ὁ
1159 4686 1320 4749 αὐτὸς
1361 4685 1535 4756 μέγας
1579 4687 1880 4757 Γρηγόριος

308 4784 436 4846 τοὺς
461 4782 764 4850 ἀλλοτρίοις
796 4780 967 4838 οἴκοις
999 4776 1212 4830 ἐπιέναι
1267 4775 1674 4845 τολμήσαντας,
1706 4775 1754 4826 εἰ
1785 4774 1886 4842 μὲν

311 4874 786 4946 κατηγορηθέντες
851 4869 1196 4941 ἐλεγχθείεν,
1248 4867 1369 4920 οὐδὲ
1422 4867 1518 4936 τῆς
1569 4865 1886 4933 ἀκροάσεως

311 4969 487 5034 ἀξιοί⁸
547 4967 772 5029 ἑαυτοὺς
806 4965 860 5018 δὲ
895 4965 1334 5032 ὁμολογήσαντας
1376 4958 1576 5024 ἑκοντὶ,
1614 4957 1707 5011 καὶ
1741 4957 1886 5026 ἅπερ

313 5059 602 5126 ἀφείλοντο
653 5057 1045 5116 ἀποτίσαντας,
1109 5053 1442 5105 ὑποπίπτειν
1496 5049 1732 5113 κελεύει,
1793 5052 1887 5102 καὶ

313 5156 424 5216 τοῖς
450 5137 878 5221 κατηχουμένοις
910 5147 1194 5216 συνεξέρχε
1206 5144 1353 5198 σθαι.

1012 5281 1217 5349 Νόμοι.

405 5422 462 5476 '0
501 5423 556 5475 δὲ
613 5422 774 5490 νόμος
825 5419 914 5474 τὸν
957 5416 1067 5473 ἀπὸ
1109 5415 1447 5488 ἐμπρησμοῦ
1485 5415 1820 5485 ἁρπάζοντα,
1854 5413 1884 5479 ἢ

315 5518 598 5584 ναυαγίου,
628 5516 660 5583 ἢ
692 5511 1110 5582 καταπεσούσης
1145 5511 1346 5574 οἰκίας,
1394 5509 1526 5561 εἴσω
1561 5508 1659 5574 μὲν
1701 5509 1888 5560 ivue-

313 5605 436 5667 τοῦ,
469 5605 546 5667 εἰς
571 5605 630 5656 τὸ
655 5599 996 5673 τετραπλοῦν
1021 5599 1318 5654 ἀποδοῦναι
1348 5596 1720 5663 καταδικάζει,
1750 5597 1888 5666 μετά

319 5697 375 5748 δὲ
415 5697 504 5749 τὸν
551 5696 816 5760 ἐνιαυτὸν,
869 5696 950 5756 εἰς
1006 5694 1065 5747 τὸ
1096 5693 1331 5747 ἁπλοῦν·
1366 5691 1626 5754 ὡσαύτως
1675 5692 1768 5742 καὶ
1798 5689 1888 5743 τον

317 5794 461 5843 κατὰ
495 5788 646 5843 δόλον
677 5788 844 5844 ταῦτα
880 5779 1292 5855 ύποδεχόμενον.
1343 5786 1480 5849 Τοὺς
1513 5785 1566 5839 δὲ
1615 5785 1888 5852 ἅρπαγας,

1975 3215 2153 3276 nebis,
2192 3212 2286 3267 sed
2338 3212 2412 3275 ei,
2459 3212 2550 3280 qui
2604 3209 2852 3265 eamdem
2881 3209 3206 3280 perdiderit.
3235 3210 3492 3264 restitues
3532 3227 3548 3263 :

1974 3314 2180 3372 quanto
2205 3303 2378 3372 magis
2412 3302 2598 3357 fratris
2619 3302 2880 3372 fugientis
2907 3302 2992 3356 vel
3019 3301 3218 3370 captivi
3248 3299 3378 3354 lauti
3409 3301 3552 3354 bona

1975 3395 2044 3448 ab
2067 3409 2134 3448 eo
2173 3395 2361 3449 relicta
2401 3401 2644 3458 servare,
2675 3404 2728 3447 et
2762 3394 2866 3462 ipsi
2904 3394 3068 3449 rebus
3096 3394 3344 3447 adversis
3376 3394 3552 3447 utenti

1977 3487 2270 3539 restituere
2321 3485 2587 3553 Oportet?
2615 3483 2790 3539 Porro
2830 3496 2885 3539 et
2925 3485 3030 3539 hoc
3075 3501 3324 3555 magnam
3361 3501 3554 3539 amen-

1979 3575 2107 3628 tiam
2141 3575 2370 3639 indicat,
2402 3575 2447 3630 si
2487 3577 2612 3644 quis
2662 3589 2760 3643 pro
2815 3575 2980 3630 bonis
3032 3577 3270 3644 propriis
3327 3575 3554 3630 amissis

1978 3667 2152 3720 aliena
2181 3666 2564 3729 vindicaverit,
2593 3665 2728 3719 nihil
2753 3665 2807 3719 in
2841 3681 2903 3719 ea
2934 3679 2994 3720 re
3045 3665 3174 3719 mali
3206 3666 3554 3720 existimans.

1979 3757 2115 3812 Nam
2137 3770 2190 3814 et
2215 3760 2265 3812 id
2292 3757 2675 3826 prazdictorum
2696 3758 2961 3811 malitiam
2984 3772 3098 3811 este
3115 3767 3254 3825 mat,
3281 3755 3555 3824 siquidem

1979 3849 2124 3918 quod
2160 3850 2342 3903 hostes
2396 3849 2528 3917 ipsis
2581 3845 2826 3910 fuerunt,
2869 3845 2921 3898 id
2973 3844 3079 3914 ipsi
3121 3844 3389 3898 fratribus
3443 3845 3558 3897 suis

1981 3957 2106 3996 esse
2137 3956 2360 4009 operam
2394 3940 2545 3993 dant.
2604 3937 2770 3992 Nobis
2822 3949 3001 3991 autem
3042 3937 3418 3990 renuntiatum
3451 3943 3557 3996 est,

1983 4035 2130 4104 quod
2169 4033 2414 4088 nonnulli
2470 4031 2739 4100 quesdam
2783 4046 2846 4084 ex
2887 4029 3128 4082 hostium
3163 4028 3415 4080 manibus
3443 4025 3559 4078 ela-

1983 4141 2113 4195 psos
2137 4126 2186 4178 vi
2211 4123 2564 4187 detinuerint,
2593 4121 2840 4175 infideles
2863 4136 2952 4172 om
2965 4121 3093 4172 nino
3120 4117 3384 4185 impiique
3411 4115 3560 4168 exsi-

1983 4227 2212 4282 steutes,
2242 4216 2446 4284 quique
2501 4215 2671 4268 Deum
2718 4228 2950 4282 prorsus
2987 4225 3095 4264 non
3152 4217 3358 4263 norunt
3395 4227 3407 4260 :
3439 4206 3565 4259 mit—

1987 4311 2116 4364 tatis
2167 4309 2383 4377 aiiquos
2442 4308 2495 4360 in
2556 4307 2857 4374 regionem,
2901 4303 2995 4373 qui
3019 4318 3180 4370 super
3233 4301 3336 4355 hac
3371 4315 3430 4353 re
3477 4299 3560 4351 in-

1983 4387 2230 4471 quirant,
2268 4416 2334 4455 ue
2381 4398 2613 4454 fulmina
2660 4398 2713 4451 in
2749 4411 2842 4452 eos
2880 4396 3160 4457 decidant,
3195 4392 3287 4462 qui
3320 4391 3435 4446 hare
3482 4390 3564 4443 fa-

1986 4495 2158 4550 ciunt.

2060 4674 2117 4730 In
2148 4674 2364 4729 decimo
2393 4680 2576 4726 autem
2616 4685 2826 4726 canone
2888 4676 3115 4724 sanctus
3148 4666 3238 4720 ille
3264 4665 3566 4734 Gregorius

1986 4785 2079 4824 eos
2112 4767 2207 4838 qui
2246 4768 2454 4821 alienas
2480 4768 2676 4819 domus
2715 4763 2931 4833 ingredi
2972 4760 3091 4813 ausi
3121 4758 3344 4821 iuerint,
3379 4761 3422 4812 si
3455 4774 3563 4812 ac-

1987 4861 2160 4917 cusati
2198 4861 2616 4920 convincantur,
2646 4871 2712 4910 ne
2741 4855 2960 4924 quidem
2996 4853 3062 4905 ad
3092 4851 3432 4904 auditionem
3467 4850 3564 4903 ad-

1989 4955 2155 5009 mittit
2184 4971 2198 5007 :
2229 4953 2322 5020 qui
2355 4961 2536 5004 autem
2579 4964 2677 5004 sua
2720 4957 2912 5016 Sponte
2945 4943 3186 4998 confessi
3224 4941 3453 5004 fuerint,
3486 4949 3562 5002 cl,

1987 5061 2109 5113 qum
2157 5043 2563 5111 surripuerunt.
2616 5037 2986 5113 reddiderint_,
3031 5033 3305 5089 substerni
3353 5042 3406 5086 et
3453 5047 3562 5086 una

1990 5151 2114 5190 cum
2147 5134 2555 5190 catechumenis
2585 5132 2736 5186 exire
2764 5109 2966 5198 jubet;

2683 5265 2864 5336 Leges.

2064 5406 2168 5460 Lex
2211 5415 2389 5458 autem
2427 5418 2550 5456 cum
2596 5401 2686 5470 qui
2724 5416 2788 5455 ex
2825 5398 3103 5464 inccndio,
3137 5397 3220 5450 vel
3254 5393 3562 5461 naufragio,

1991 5503 2072 5555 vel
2102 5502 2264 5554 domo
2299 5497 2537 5566 collapsa
2577 5495 2740 5562 rapit,
2772 5494 2912 5546 intra
2963 5491 3183 5561 quidem
3234 5501 3438 5542 annum
3492 5484 3559 5536 ad

1991 5592 2377 5664 quadruplum,
2411 5599 2534 5658 post
2577 5603 2778 5641 annum
2818 5591 2997 5639 autem
3037 5581 3104 5636 ad
3161 5579 3420 5647 simplum
3457 5590 3558 5644 pu-

1992 5687 2110 5749 nit;
2148 5683 2290 5738 simil
2320 5690 2403 5734 ter
2452 5691 2502 5734 et
2554 5694 2676 5732 eum
2711 5677 2800 5746 qui
2836 5674 2964 5729 dolo
3016 5683 3163 5742 rapta
3204 5669 3434 5738 recipit;
3473 5682 3559 5717 ru-

1991 5789 2172 5850 ptores
2204 5787 2407 5848 autem,
2432 5775 2644 5831 etiamsi
2678 5782 2800 5828 ante
2839 5777 3052 5824 scntcnt
3077 5783 3160 5822 am
3191 5764 3332 5837 quod
3370 5763 3437 5818 ab
3490 5761 3555 5818 iis
