4016 6402
546 271 566 326 1
597 268 684 325 liii!

536 472 791 542 druplum
831 467 1010 539 punit.

610 649 664 710 Si
693 654 816 721 quis
846 663 933 706 res
963 639 1190 702 mobiles
1227 661 1323 713 per
1365 646 1471 700 vim
1521 645 1787 713 rapuerit,
1819 645 1960 702 intra
1990 646 2112 711 qui-

542 743 661 802 dem
706 757 909 797 annum
955 741 1008 793 in
1049 739 1414 809 quadruplum
1451 744 1695 800 tenetur,
1728 737 1773 790 si
1821 751 1917 805 per
1948 746 2112 792 testes

540 835 767 904 probata
799 833 959 887 fuerit
989 831 1264 900 quantitas
1295 838 1349 882 et.
1376 829 1584 897 species
1643 829 1908 881 honorum
1934 845 1950 894 ;
1991 839 2110 896 post

541 943 745 983 annum
771 933 949 979 autem
991 924 1044 976 in
1081 923 1362 990 simplum.
1405 921 1460 975 Si
1492 935 1621 978 vero
1661 921 1848 991 rapina
1889 922 2108 990 quidem

540 1021 591 1075 vi
625 1019 762 1073 facta
809 1016 1089 1087 probetur,
1117 1022 1285 1068 testes
1308 1022 1488 1066 autem
1526 1028 1614 1067 res
1645 1022 1833 1082 raptas
1865 1026 1974 1066 non
2011 1027 2110 1066 no-

542 1112 674 1170 rint,
693 1109 1066 1176 juramentum
1091 1105 1377 1174 praestatis
1397 1118 1424 1155 a
1445 1116 1554 1171 quo
1585 1117 1670 1157 res
1699 1101 1746 1154 vi
1769 1113 1935 1171 raptae
1956 1111 2106 1167 sunt,

540 1210 594 1252 ιιι
621 1216 650 1252 a
688 1207 927 1266 raptore,
954 1209 1298 1264 quaecunque
1323 1207 1353 1248 a
1390 1209 1450 1254 se
1483 1202 1638 1262 rapta
1681 1192 1853 1248 fuisse
1877 1193 2106 1262 jurabit,

541 1291 594 1344 in
634 1289 890 1358 simplum
921 1285 1129 1353 recipit.

612 1380 668 1437 Si
710 1381 835 1450 quis
875 1381 1082 1448 absque
1123 1377 1389 1432 sententia
1434 1376 1674 1445 iudiciali
1708 1392 1821 1431 rem
1877 1377 2108 1444 auferat,

537 1475 584 1529 si
630 1473 704 1527 rei
745 1472 1002 1528 dominus
1035 1472 1134 1536 sit,
1161 1469 1401 1544 dominio
1439 1487 1541 1526 suo
1573 1471 1774 1524 excidit
1810 1487 1824 1533 ;
1883 1471 1928 1525 si
1979 1486 2110 1526 vero

537 1567 713 1622 aliena
748 1569 839 1629 sit,
892 1579 1005 1617 rem
1062 1572 1116 1618 et
1171 1562 1406 1630 pretium
1451 1563 1571 1630 ejus
1623 1563 1736 1616 dat.
1786 1562 1971 1631 Itaque
2021 1563 2109 1617 hic

537 1657 722 1720 etiam,
747 1657 791 1710 si
831 1656 1048 1722 quidem
1078 1655 1217 1708 intra
1236 1669 1437 1722 annum
1463 1663 1674 1722 agatur,
1697 1669 1856 1723 pmna
1885 1665 2108 1724 praesta-

539 1759 665 1815 tur;
700 1759 822 1818 post
849 1762 1054 1805 annum
1088 1762 1238 1811 vero,
1291 1760 1383 1801 res
1428 1745 1700 1800 duntaxat
1745 1760 1868 1800 cum
1904 1745 2110 1800 fructi-

539 1838 663 1894 bus.

603 2018 710 2085 Qui
767 2027 966 2074 terram
1011 2017 1176 2088 rapit,
1233 2016 1318 2074 vel
1368 2018 1634 2074 terminos
1682 2026 1879 2082 mutat,
1909 2017 2111 2086 rapinae

538 2111 764 2179 duplum
796 2111 1055 2164 restituit.

611 2203 711 2268 Qui
744 2218 870 2258 eum
910 2203 1080 2257 armis
1130 2202 1328 2258 domos
1377 2213 1430 2257 ct
1486 2217 1650 2272 agros
1691 2202 1897 2257 alienos
1956 2201 2110 2256 inva-

534 2295 679 2350 dunt
713 2295 1131 2363 devastantque,
1173 2295 1352 2364 capite
1385 2297 1718 2364 plectuntur.

568 2454 668 2524 31
707 2451 860 2509 CAP.
905 2453 1046 2509 XIII.
1093 2453 1167 2507 De
1203 2455 1270 2514 iis
1315 2453 1406 2522 qui
1455 2453 1702 2508 mulieres
1746 2456 2077 2524 matrimonii

1111 2541 1276 2577 causa
1316 2524 1555 2593 rapiunt.

614 2659 948 2715 Undecimus
992 2659 1186 2730 synodi
1222 2659 1425 2728 Ancyr.
1456 2673 1634 2712 canon
1663 2659 1964 2726 desponsas
1987 2659 2109 2716 aliis

533 2750 769 2818 puellas.
801 2759 854 2803 et
872 2757 1059 2818 postea
1093 2750 1161 2804 ab
1192 2749 1316 2804 aliis
1350 2758 1554 2816 raptas,
1595 2748 1811 2802 etiamsi
1859 2758 2109 2818 raptores

538 2857 632 2896 eas
662 2841 848 2909 inique
882 2839 1278 2909 stupraverint,
1310 2839 1378 2894 iis
1407 2839 1611 2908 quibus
1642 2838 1931 2909 desponsze
1953 2848 2110 2895 erant

535 2933 736 2988 lterum
779 2933 932 2990 reddi
977 2932 1171 3001 jubet:
1216 2932 1474 2986 nimirum
1513 2931 1561 2988 si
1599 2947 1693 2988 eas
1739 2935 1986 3002 recipere
2017 2948 2111 2989 ve-

540 3023 674 3078 lint:
711 3024 867 3090 inviti
897 3023 1045 3093 enim
1078 3040 1188 3078 non
1215 3034 1499 3093 cOgentnr.

604 3204 795 3260 Canon
830 3212 1010 3259 autem
1035 3205 1216 3274 magni
1252 3204 1438 3259 Basilii
1487 3204 1581 3269 22,
1619 3203 1755 3260 Eum
1787 3206 1880 3275 qui
1914 3206 2111 3263 mulie-

539 3312 676 3358 rem,
713 3296 917 3365 inquit,
941 3311 1004 3350 ex
1032 3305 1188 3366 raptu
1215 3297 1396 3359 habet,
1428 3313 1534 3351 non
1578 3307 1794 3366 oportet
1824 3299 1889 3352 ad
1927 3302 2108 3368 poeni-

537 3391 761 3442 tentiam
813 3389 1124 3453 admittere,
1181 3389 1502 3458 priusquam
1557 3391 1629 3444 ab
1683 3405 1747 3445 ea
1799 3401 2104 3460 separetur.

533 3481 690 3546 Quod
727 3482 772 3536 si
812 3481 970 3534 alteri
1006 3483 1156 3549 prius
1182 3481 1457 3550 desponsa
1504 3481 1692 3545 fuerit,
1735 3483 1854 3552 ejus
1901 3483 1954 3536 in
2013 3499 2109 3552 po-

538 3583 789 3627 testatem
825 3571 976 3634 reddi
1009 3572 1192 3636 debet,
1225 3574 1270 3626 si
1299 3573 1464 3626 modo
1499 3588 1619 3628 eam
1651 3576 1903 3642 accipere
1937 3575 2104 3638 velit;

533 3667 619 3719 sin
650 3674 830 3719 autem
857 3664 994 3717 nulli
1020 3664 1200 3718 adhuc
1225 3665 1497 3732 desponsa
1529 3663 1728 3730 fuerat,
1755 3665 1821 3719 ad
1854 3675 2107 3735 parentes

531 3761 742 3821 redeat,
780 3759 865 3812 vel
919 3758 1058 3813 alios
1107 3759 1201 3828 qui
1267 3757 1444 3812 eidem
1505 3759 1774 3826 sanguine
1825 3761 2104 3827 conjuncti

525 3860 685 3904 sunt.
706 3850 770 3903 Et
797 3851 840 3904 si
875 3850 1096 3919 quidem
1131 3849 1207 3903 illi
1235 3851 1470 3918 raptoris
1495 3850 1808 3906 afﬁnitatem
1829 3863 2104 3923 expetant,

525 3943 907 3998 'c0nstituatur
948 3941 1385 4004 matrimonium,
1442 3942 1488 3997 si
1547 3944 1709 3996 modo
1752 3945 1838 3997 illa
1872 3961 2107 4001 consen-

534 4037 704 4102 serit;
738 4035 899 4088 aliter
928 4033 1074 4088 enim
1112 4050 1179 4087 ne
1211 4046 1464 4104 cogatur.
1494 4033 1588 4089 Ille
1634 4045 1812 4090 autem
1852 4039 1944 4108 qui
1982 4055 2107 4094 mtt-

535 4129 745 4191 llercm,
773 4126 855 4182 vel
900 4142 995 4195 per
1020 4127 1156 4193 vim,
1188 4127 1270 4182 vel
1300 4127 1443 4182 clam
1497 4131 1930 4185 c0nsentientem
1980 4147 2108 4187 cor-

535 4219 761 4288 ruperit,
797 4217 1191 4274 fornicatorum
1249 4233 1424 4288 pmme
1472 4221 1746 4275 obnoxius
1787 4223 1893 4289 sit;
1946 4232 1998 4276 et
2049 4225 2102 4277 in

519 4323 771 4379 "quatuor
815 4310 977 4364 annis
1023 4318 1264 4378 quatuor
1304 4311 1643 4378 pmnitentia'.
1691 4322 1930 4380 tempora
1989 4329 2106 4380 per-

1741 256 2104 321 ΜΛΤΤΙίίΕἰ
2152 260 2291 324 DLA
2305 269 2392 327 ST
2395 267 2580 329 ARlS
3117 287 3130 317 ‘

537 386 751 444 raptum
783 382 900 427 erat
931 370 1252 435 obtulerint,
1300 384 1410 425 non
1447 369 1708 436 admittit,
1743 369 1840 425 sed
1889 371 1942 424 in
1972 389 2106 441 qua.

2215 392 2304 431 και
2345 380 2451 450 πρὸ
2480 381 2783 454 καταδίκης
2842 385 3220 454 προσάγοντας
3249 388 3306 440 τὸ
3350 384 3435 442 in?
3460 389 3614 448 αὐτῶν

3609 282 3714 349 1084

3644 401 3716 470 ἀρ-

2214 473 2415 538 παγὲν,
2443 473 2503 526 οὐ
2535 474 2839 544 προσίεται,
2865 476 2983 529 ἀλλ’
3006 481 3084 545 είς
3112 478 3173 532 τὸ
3195 481 3560 549 τετραπλάσιον
3587 504 3717 544 κατα-

2212 564 2446 628 δικάζει.

2299 655 2424 709 Ἐάν
2449 674 2533 720 τις
2565 657 2754 726 βιαίως
2796 660 3020 732 ἁρπάσῃ
3050 663 3248 731 κινητὰ
3275 665 3576 735 πράγματα,
3603 671 3718 736 ἐντὸς

2215 747 2315 816 μέν
2341 747 2592 804 ἐνιαυτοῦ
2625 749 2706 814 είς
2736 752 2797 803 τὸ
2846 755 3185 822 τετραπλοῦν
3227 756 3481 826 ἐνέχεται,
3508 760 3591 812 ὲάν
3616 779 3721 832 μαρ-

2211 840 2424 910 τυρηθῇ
2480 843 2512 910 ή
2554 845 2786 913 ποσότης
2842 847 2939 899 καὶ
2986 848 3046 900 τὸ
3077 844 3217 911 εἶδος
3263 850 3367 903 τῶν
3413 844 3718 924 πραγμάτων,

2215 934 2356 1002 μετά
2395 934 2452 986 δὲ
2510 936 2602 989 τὸν
2661 939 2928 1002 ἐνιαυτὸν,
2983 942 3065 1002 είς
3105 943 3166 994 τὸ
3220 943 3440 1000 ἀπλοῦν.
3485 947 3600 999 Ἐἀν
3624 949 3720 1018 atq

2214 1023 2362 1092 βιαία
2389 1025 2610 1097 ἁρπαγὴ
2639 1028 2931 1094 δείκνυται,
2965 1034 3033 1085 τὰ
3055 1031 3112 1085 δὲ
3146 1034 3458 1102 ἁρπαγέντα
3485 1038 3723 1105 ἀγνοοῦσιν

2211 1115 2263 1168 οἱ
2293 1115 2592 1188 μάρτυρες,
2621 1119 2925 1188 ἐπόμνυται
2947 1124 2976 1174 ό
2998 1123 3097 1194 τὴν
3127 1123 3309 1194 βιαίαν
3332 1127 3599 1197 ἀφαίρεσιν
3627 1129 3725 1180 ὑπο-

2213 1206 2366 1269 στάς,
2421 1209 2516 1260 καὶ
2543 1208 2919 1276 ἀπολαμϐάνει
2959 1212 3067 1264 ἀπὸ
3095 1211 3188 1266 τοῦ
3221 1207 3466 1285 ἅρπαγος
3493 1215 3582 1267 ὅσα
3621 1216 3723 1268 ἐπο-

2215 1298 2436 1368 μόσεται
2466 1299 2864 1372 διαρπαγῆναι,
2899 1303 2979 1365 είς
3011 1307 3074 1356 τδ
3103 1303 3330 1359 ἁπλοῦν.

2297 1390 2422 1444 Ἐάν
2448 1407 2531 1454 τις
2584 1393 2752 1462 χωρὶς
2779 1393 3100 1464 δικαστικῆς
3132 1394 3460 1464 ἀποφάσεως
3505 1395 3725 1466 ἀφέληταί

2209 1493 2264 1533 τι
2296 1482 2552 1550 πρᾶγμα,
2600 1481 2778 1552 εἰμὲν
2819 1483 3090 1554 δεσπότης
3137 1484 3257 1537 ἐστὶ
3304 1483 3399 1537 τοῦ
3428 1485 3726 1555 πράγματος,

2210 1571 2469 1624 ἐκπίπτει
2517 1571 2618 1640 τῆς
2667 1572 2990 1636 δεσποτείας
3041 1575 3244 1628 αὐτοῦ·
3287 1574 3336 1626 εί
3398 1575 3453 1628 δέ
3500 1575 3730 1646 ἀλλότριόν

2212 1663 2328 1716 ἐστι
2369 1666 2430 1715 τὸ
2461 1666 2715 1735 πρᾶγμα,
2746 1666 2840 1716 καὶ
2869 1665 2968 1736 τὴν
2994 1666 3163 1735 τιμὴν
3195 1666 3363 1720 αὑτοῦ
3393 1667 3583 1721 δίδωσι.
3620 1669 3734 1722 Κάν-

2212 1755 2388 1809 ταῦθα
2421 1757 2621 1825 τοίνυν,
2663 1758 2869 1811 ἔσωθεν
2894 1757 2990 1811 τοῦ
3025 1758 3283 1812 ἐνιαυτοῦ
3329 1762 3630 1829 κινουμένης
3655 1759 3733 1833 τῆς

2213 1846 2457 1914 ἀγωγῆς,
2505 1847 2762 1918 δίδοταιή
2794 1848 2956 1918 ποινὴ
2984 1864 2999 1878 ·
3037 1849 3177 1917 μετὰ
3209 1849 3267 1902 δὲ
3305 1848 3397 1901 τὸν
3430 1848 3669 1915 ἐνιαυτὸν,
3689 1852 3735 1902 τὺ

2213 1940 2446 2007 πρᾶγμα
2477 1939 2639 2008 μόνον
2659 1941 2757 1994 καὶ
2785 1941 2836 1993 οί
2862 1941 3087 2010 καρποί.

2292 2026 2351 2078 '0
2380 2028 2644 2096 ἁρπάξων
2677 2029 2803 2096 γῆν,
2833 2029 2866 2100 ἢ
2921 2029 3233 2100 μετατιθεὶς
3275 2032 3420 2103 ὅρια,
3454 2032 3631 2104 διπλῆν
3661 2032 3736 2104 τὴν

2213 2116 2468 2187 ἁρπαγὴν
2501 2119 2848 2178 ἀποδίδωσιν.

2283 2211 2346 2262 Oi
2381 2210 2501 2276 μεθ’
2552 2211 2732 2265 ὃπλων
2794 2215 3064 2279 ἐπιόντες,
3123 2221 3222 2272 καὶ
3275 2220 3588 2292 πορθοῦντες
3620 2216 3739 2270 ἀλλο-

2210 2301 2393 2370 τρίους
2457 2301 2640 2366 οἴκους
2676 2303 2710 2373 ἢ
2742 2304 2966 2376 ἀγροὺς,
3001 2309 3083 2370 είς
3117 2310 3364 2381 κεφαλὴν
3389 2307 3736 2381 τιμωροῦνται.

2211 2460 2460 2515 ΚΕΦΑΛ.
2512 2461 2608 2516 II".
2661 2464 2804 2532 Περὶ
2859 2463 2978 2518 τῶν
3013 2465 3412 2546 ρρπιξζόντων
3467 2467 3559 2521 ἐπὶ
3608 2468 3738 2536 τάμφ

2852 2551 3170 2604 γυναικας.

2293 2666 2352 2722 Ὀ
2387 2664 2453 2723 ια’
2485 2670 2670 2724 κανὼν
2701 2670 2800 2741 τῆς
2844 2671 2904 2724 ἐν
2946 2673 3193 2746 Ἀγκύρῃ
3252 2677 3471 2730 συνόδου
3515 2679 3606 2742 τὰς
3639 2694 3741 2747 μνη-

2214 2765 2533 2828 στευθείσας
2562 2765 2734 2836 κόρας
2765 2767 2928 2832 τισὶν,
2960 2763 3063 2821 εἷθ’
3093 2768 3190 2820 ὑπ’
3217 2770 3396 2824 ἄλλων
3426 2771 3738 2842 ἀρπαγείσας,

2211 2857 2259 2908 εἰ
2292 2859 2386 2910 καὶ
2438 2859 2776 2930 παρανόμως
2818 2859 2990 2923 αὐτὰς
3046 2862 3365 2930 ἐϐιάσαντο,
3423 2864 3618 2918 κελεύει
3655 2866 3741 2924 τοῖς

2214 2953 2717 3027 μνηστευσαμένοις
2733 2950 2890 3017 αὖθις
2914 2956 3416 3019 ἀποκαθίστασθαι,
3441 2958 3549 3026 είγε
3575 2957 3741 3028 αἱροίν·

2139 3066 2183 3124 ε
2214 3065 2274 3100 το
2306 3045 2550 3113 δηλονότι
2591 3044 2794 3110 ταύτας
2846 3043 3033 3099 λαϐεῖν
3053 3063 3066 3077 ·
3099 3050 3330 3113 ἄκοντες
3359 3050 3466 3121 γὰρ
3495 3049 3587 3102 οὐκ
3613 3050 3742 3114 ἀναγ·

2214 3137 2600 3207 κασθήσονται.

2295 3229 2355 3280 '0
2387 3227 2446 3279 δέ
2481 3227 2576 3279 τοῦ
2601 3227 2841 3297 μεγάλου
2866 3229 3151 3282 Βασιλείου
3190 3229 3302 3301 κβν,
3335 3231 3410 3284 Οὐ
3437 3231 3559 3304 χρὴ,
3590 3232 3741 3300 φησὶν,

2211 3325 2289 3387 είς
2322 3325 2614 3394 μετάνοιαν
2661 3324 2988 3394 προσίεσθαι
3021 3327 3113 3378 τὸν
3143 3327 3202 3394 ἐξ
3240 3329 3500 3398 ἁρπαγῆς
3527 3327 3743 3394 εἰληφότα

2210 3417 2469 3484 γυναῖκα,
2505 3416 2636 3486 πρὶν
2678 3414 2744 3468 ἂν
2776 3415 2981 3483 ταύτης
3012 3416 3291 3489 ἀφαιρεθῇ
3317 3435 3330 3451 ο
3369 3421 3461 3473 καὶ
3509 3419 3555 3470 εί
3587 3417 3671 3487 μὲν
3693 3411 3744 3484 ἦν

2210 3507 2721 3578 προμνηστευθείσά
2751 3524 2880 3570 τινι,
2907 3507 3102 3577 ἐκείνῳ
3136 3512 3218 3573 είς
3268 3509 3514 3575 ἐξουσίαν
3545 3505 3745 3563 ἀποκαθ-

2212 3599 2483 3665 ίστασθαι,
2544 3600 2659 3667 είγε
2715 3598 3006 3671 βουληθείη
3070 3601 3280 3674 ταύτην
3337 3603 3551 3657 λαϐεῖν·
3616 3603 3657 3653 εί
3700 3599 3743 3650 δὲ

2213 3691 2380 3761 μήπω
2400 3685 2508 3744 τινὶ
2539 3693 3049 3763 προμεμνήστευτο.
3081 3695 3219 3762 πρὸς
3248 3697 3379 3760 τοὺς
3398 3695 3584 3764 γονέας
3607 3694 3746 3745 ἐπανα

2213 3781 2372 3844 ιέναι,
2405 3781 2437 3853 ἢ
2473 3781 2566 3833 καὶ
2604 3780 2780 3844 ἄλλως
2805 3780 2930 3835 καθ’
2961 3777 3102 3853 αἷμα
3149 3785 3326 3857 ταύτῃ
3375 3785 3743 3856 προσήκοντας·

2209 3869 2313 3924 κᾶν
2342 3871 2442 3939 μὲν
2487 3870 2717 3924 ἕλωνται
2765 3863 2935 3935 οὗτοι,
2967 3873 3333 3946 ωναινοὺσης
3368 3875 3632 3944 κάκείνης,
3667 3869 3745 3938 τὴν

2216 3959 2439 4027 κηδείαν
2467 3958 2564 4012 τοῦ
2590 3959 2862 4030 ἀρπαγος,
2889 3960 2951 4013 τὺ
2981 3962 3321 4018 συνοικέσιον
3351 3963 3590 4018 ἵστασθαι
3614 3979 3626 3992 ’
3653 3956 3748 4011 εἶδ’

2212 4041 2332 4114 οὖν,
2374 4050 2450 4120 μὴ
2487 4050 2797 4120 βιάζεσθαι.
2836 4052 2897 4104 '0
2936 4052 3123 4121 μέντοι
3179 4055 3526 4125 συμφθαρεὶς
3565 4052 3746 4122 γυναικὶ

2207 4139 2306 4194 εἶτ’
2335 4139 2428 4194 οὖν
2482 4142 2760 4211 λαθραίως
2791 4143 3018 4214 ἑκούσῃ,
3055 4142 3154 4197 εἶτ’
3194 4142 3292 4200 οὖν
3327 4148 3656 4218 βιασάμενος,
3685 4141 3746 4209 τῷ

2205 4233 2316 4288 τῶν
2375 4235 2752 4303 πορνευόντων
2789 4236 3053 4305 ἐπιτιμίῳ
3106 4237 3496 4291 ὑποϐαλλέσθω
3521 4253 3534 4267 ·
3571 4235 3651 4289 καὶ
3700 4233 3746 4282 ἐν

2205 4325 2469 4396 τέσσαρσι
2501 4325 2716 4395 χρόνοις
2748 4326 2875 4388 τοὺς
2917 4325 3194 4396 τέσσαρας
3239 4330 3441 4392 τόπους
3489 4322 3746 4395 διερχέσθω

532 4409 779 4453 transeat
817 4415 971 4452 :uno
1012 4400 1233 4469 quidem
1271 4416 1416 4455 anno
1458 4417 1568 4470 pra:
1609 4403 1820 4458 foribus
1853 4407 2101 4460 ecclesiae

2207 4415 2304 4481 τῆς
2329 4413 2638 4481 μετανοίας,
2672 4413 2753 4466 ἐνὶ
2781 4414 2878 4484 μὲν
2901 4413 3007 4480 ἐξω
3035 4417 3135 4484 τῆς
3157 4415 3330 4487 θΰρας
3361 4417 3455 4470 τοῦ
3485 4413 3584 4470 νεὼ
3608 4426 3745 4482 προσ.

523 4492 745 4559 lugens,
778 4506 884 4543 uno
910 4491 1049 4544 inter
1093 4492 1371 4546 auditores
1413 4503 1590 4560 stans,
1629 4495 1800 4551 altero
1830 4496 1895 4550 ad
1928 4499 2102 4565 ι)ωηί-

525 4581 762 4635 tentiam
805 4591 1134 4650 prostratus,
1168 4591 1221 4638 et
1245 4595 1440 4654 quarto
1487 4597 1639 4640 stans
1667 4602 1792 4640 cum
1827 4588 2101 4656 ﬁdelibus,

527 4672 624 4726 Sed
665 4688 692 4725 a
743 4673 920 4728 sacris
973 4675 1248 4744 mysteriis
1291 4678 1612 4742 abstinens;
1661 4695 1838 4749 eoque
1885 4681 2103 4735 demum

524 4772 744 4828 exacto,
769 4765 888 4834 ejus
917 4766 1062 4836 quod
1094 4767 1396 4836 perfectum
1429 4779 1512 4823 est
1544 4773 1820 4841 particeps
1853 4785 1993 4829 esto.

593 4944 788 4999 'Canon
813 4955 995 5000 autem
1025 4942 1097 5000 30
1139 4961 1233 5001 eos
1259 4947 1351 5016 qui
1387 4949 1645 5003 mulieres
1685 4953 1923 5020 rapiunt,
1977 4955 2106 5024 qui-

523 5052 641 5104 que
690 5037 837 5104 ipsos
885 5039 1092 5093 auxilio
1142 5039 1358 5108 juvant,
1403 5040 1641 5096 triennio
1702 5053 1856 5097 extra
1911 5062 2106 5116 preca-

525 5127 706 5182 tiones
752 5145 892 5190 esse.
927 5139 982 5184 et
1011 5130 1153 5184 inter
1201 5130 1479 5188 auditores
1526 5134 1828 5189 consistere
1890 5140 2102 5194 statuit.

525 5220 689 5284 Quod
723 5221 767 5275 si
813 5222 1029 5285 mulier,
1078 5222 1276 5291 inquit,
1303 5225 1494 5279 volens
1526 5225 1763 5295 seipsam
1797 5229 2106 5297 tradiderit,

527 5328 655 5365 cum
684 5328 786 5368 nec
807 5322 1058 5382 stuprum
1087 5318 1450 5382 praecesserit,
1473 5319 1620 5387 quod
1653 5322 1873 5389 proprie
1904 5323 1972 5377 de
1996 5324 2109 5377 vir~

517 5403 756 5471 sinibus
803 5405 1027 5466 dicitur,
1057 5420 1158 5460 nec
1188 5408 1418 5473 furtum,
1471 5411 1572 5465 hoc
1608 5421 1691 5466 est
1732 5413 2108 5472 clandestinus

524 5497 879 5562 concubitus,
927 5496 1020 5563 qui
1084 5497 1226 5552 hanc
1270 5503 1561 5570 acceperit.
1613 5507 1790 5572 poenis
1828 5522 1858 5560 a
1899 5523 2108 5565 canone

531 5588 758 5644 inﬂictis
795 5605 909 5644 non
951 5590 1054 5644 erit
1085 5591 1378 5659 obnoxius,
1419 5595 1618 5665 quippe
1649 5599 1797 5665 quod
1840 5601 1984 5655 nulla
2025 5604 2107 5656 vis

535 5681 910 5738 intercesserit
940 5699 952 5736 :
980 5692 1032 5736 et
1073 5686 1343 5756 praecipue
1377 5686 1418 5741 si
1465 5688 1546 5741 sui
1581 5688 1743 5754 juris,
1784 5691 1944 5746 vidua
1987 5693 2101 5750 ior-

2165 4565 2170 4571 _
2210 4507 2430 4571 κλαίων,
2463 4505 2544 4559 ἐνὶ
2572 4507 2618 4559 δ’
2656 4506 3028 4578 ἀκροώμενος,
3067 4510 3241 4580 ἑτέρῳ
3289 4510 3336 4562 δ’
3364 4511 3443 4572 είς
3494 4508 3744 4578 μετάνοιαν

2209 4599 2557 4662 ὑποπίπτων,
2589 4599 2665 4668 τῷ
2694 4599 2751 4651 δέ
2784 4599 3031 4670 τετάρτῳ
3081 4604 3196 4664 τοῖς
3231 4603 3335 4670 μὲν
3391 4603 3594 4660 πιστοῖς
3627 4609 3745 4647 συνι-

2209 4693 2497 4762 στάμενος,
2560 4692 2668 4745 τῶν
2719 4693 2776 4746 δέ
2827 4693 2989 4746 θείων
3043 4693 3384 4764 ἀπεχόμενος
3428 4692 3741 4764 μυστηρίων·

2206 4785 2497 4854 ἐξήκοντος
2558 4785 2616 4838 δέ
2679 4788 2776 4839 καὶ
2826 4786 3044 4853 τούτου,
3083 4788 3389 4858 τηνικαῦτα
3433 4787 3524 4838 τοῦ
3570 4783 3740 4837 τελείου

2206 4879 2547 4947 τυγχανέτω.

2289 4967 2350 5020 Ὀ
2381 4967 2438 5021 δὲ
2473 4966 2518 5019 λ’
2542 4969 2668 5031 τοὺς
2695 4968 3039 5038 ἁρπάζοντας
3064 4971 3355 5036 γυναῖκας,
3386 4971 3476 5022 καὶ
3503 4969 3618 5028 τοὺς
3642 4977 3738 5015 συν-

2208 5060 2510 5129 εργοῦντας
2568 5061 2775 5124 αὐτοῖς,
2820 5061 2915 5113 ἐπὶ
2965 5062 3213 5130 τριετίαν
3268 5061 3462 5131 πόρρω
3515 5059 3607 5129 μὲν
3655 5051 3740 5105 τῶν

2207 5153 2404 5225 εὐχῶν,
2442 5153 2578 5224 μετά
2632 5153 2690 5206 δέ
2719 5153 2828 5206 τῶν
2865 5153 3235 5224 ἀκροωμένων
3295 5153 3545 5207 ἵστασθαι
3571 5143 3741 5202 κατεδί-

2209 5261 2398 5298 κασεν.
2442 5245 2503 5296 Ei
2530 5245 2716 5313 μέντοι
2750 5243 2977 5310 ἑκοῦσα,
3008 5245 3192 5315 φησὶν,
3223 5244 3548 5297 ἐπιδέδωκεν
3577 5235 3740 5301 ἑαυτὴν

2208 5336 2240 5404 ἢ
2271 5333 2429 5404 γονὴν
2463 5337 2600 5403 μήτε
2643 5333 2849 5404 φθορᾶς
2877 5334 3367 5406 προηγησαμένης,
3398 5335 3518 5404 ἥτις
3545 5331 3628 5384 ἐπὶ
3656 5323 3739 5377 τῶν

2211 5426 2496 5493 παρθένων
2532 5425 2738 5496 κυρίως
2788 5425 3032 5493 λέγεται,
3087 5428 3222 5498 μήτε
3259 5427 3372 5496 μὴν
3422 5424 3632 5490 κλοπῆς,
3671 5417 3740 5468 λα·

2210 5518 2404 5588 θραίας
2427 5520 2595 5572 οἱονεὶ
2621 5518 2841 5589 μίξεως,
2873 5519 3167 5582 ἀνεύθυνος
3189 5520 3217 5571 ό
3237 5521 3448 5590 ταύτην
3473 5515 3638 5570 λαϐὼν
3656 5508 3736 5561 τῶν

2210 5607 2274 5658 ἐκ
2303 5606 2397 5658 τοῦ
2431 5608 2655 5669 κανόνος
2684 5608 2999 5677 ἐπιτιμίων,
3040 5604 3128 5662 οἷα
3163 5610 3234 5680 μὴ
3273 5610 3396 5680 βίας
3447 5597 3736 5679 μεσολαϐοὕ-

2212 5715 2311 5767 σῇς
2338 5716 2350 5730 ο
2405 5701 2494 5753 καὶ
2549 5701 2802 5769 μάλιστα,
2855 5703 2903 5755 εἰ
2939 5701 3261 5767 αὑτεξουσία
3294 5701 3581 5771 ἐτύγχανεν
3610 5689 3732 5751 οὖσα,
