  <div class='ocr_page' id='page_1' title='image "/cluster/home/n/w/nwhite01/storage/ocr_20150623/144:no.2/coo.31924054870492/550.png"; bbox 0 0 4016 6384; ppageno 0'>
   <div class='ocr_carea' id='block_1_1' title="bbox 306 379 445 444">
    <p class='ocr_par' dir='ltr' id='par_1_1' title="bbox 306 379 445 444">
     <span class='ocr_line' id='line_1_1' title="bbox 306 379 445 444; baseline -0.029 0"><span class='ocrx_word' id='word_1_1' title='bbox 306 379 445 444; x_wconf 78' lang='grc'><strong>1089</strong></span> 
     </span>
    </p>
   </div>
   <div class='ocr_carea' id='block_1_2' title="bbox 1260 376 2548 443">
    <p class='ocr_par' dir='ltr' id='par_1_2' title="bbox 1260 376 2548 443">
     <span class='ocr_line' id='line_1_2' title="bbox 1260 376 2548 443; baseline -0.008 0"><span class='ocrx_word' id='word_1_2' title='bbox 1260 378 1670 443; x_wconf 73' lang='grc' dir='ltr'><strong>ΞΥΝΤΑῦΜΑ</strong></span> <span class='ocrx_word' id='word_1_3' title='bbox 1709 376 2336 438; x_wconf 72' lang='lat' dir='ltr'><strong>ALPIIABETICUM.</strong></span> <span class='ocrx_word' id='word_1_4' title='bbox 2373 403 2441 411; x_wconf 88' lang='lat'><strong><em>—</em></strong></span> <span class='ocrx_word' id='word_1_5' title='bbox 2477 378 2548 435; x_wconf 85' lang='lat' dir='ltr'><strong>A.</strong></span> 
     </span>
    </p>
   </div>
   <div class='ocr_carea' id='block_1_3' title="bbox 3427 383 3562 445">
    <p class='ocr_par' dir='ltr' id='par_1_3' title="bbox 3427 383 3562 445">
     <span class='ocr_line' id='line_1_3' title="bbox 3427 383 3562 445; baseline 0 -1"><span class='ocrx_word' id='word_1_6' title='bbox 3427 385 3478 444; x_wconf 62' lang='grc'><strong>1(</strong></span> <span class='ocrx_word' id='word_1_7' title='bbox 3491 383 3562 445; x_wconf 83' lang='grc'>90</span> 
     </span>
    </p>
   </div>
   <div class='ocr_carea' id='block_1_4' title="bbox 303 487 1873 563">
    <p class='ocr_par' dir='ltr' id='par_1_4' title="bbox 303 487 1872 563">
     <span class='ocr_line' id='line_1_4' title="bbox 303 487 1872 563; baseline 0 -20"><span class='ocrx_word' id='word_1_8' title='bbox 303 489 556 545; x_wconf 79' lang='grc' dir='ltr'><strong>ΚΕΦΛΛ.</strong></span> <span class='ocrx_word' id='word_1_9' title='bbox 595 487 696 546; x_wconf 83' lang='grc' dir='ltr'><strong>1Ε¹.</strong></span> <span class='ocrx_word' id='word_1_10' title='bbox 732 491 864 562; x_wconf 81' lang='grc' dir='ltr'>Περὶ</span> <span class='ocrx_word' id='word_1_11' title='bbox 896 492 1224 563; x_wconf 73' lang='grc' dir='ltr'>ἀρχόντων,</span> <span class='ocrx_word' id='word_1_12' title='bbox 1275 496 1523 559; x_wconf 75' lang='grc' dir='ltr'>ὁποίους</span> <span class='ocrx_word' id='word_1_13' title='bbox 1587 491 1680 544; x_wconf 81' lang='grc' dir='ltr'>δεῖ</span> <span class='ocrx_word' id='word_1_14' title='bbox 1719 489 1872 544; x_wconf 76' lang='grc' dir='ltr'>εἶναι</span> 
     </span>
    </p>
   </div>
   <div class='ocr_carea' id='block_1_5' title="bbox 1985 487 3559 563">
    <p class='ocr_par' dir='ltr' id='par_1_5' title="bbox 1985 488 3559 563">
     <span class='ocr_line' id='line_1_5' title="bbox 1985 488 3559 563; baseline 0 -19"><span class='ocrx_word' id='word_1_15' title='bbox 1985 488 2131 545; x_wconf 73' lang='lat' dir='ltr'><strong>CAP.</strong></span> <span class='ocrx_word' id='word_1_16' title='bbox 2154 488 2364 546; x_wconf 79' lang='lat' dir='ltr'><strong>XV.De</strong></span> <span class='ocrx_word' id='word_1_17' title='bbox 2395 491 2817 563; x_wconf 67' lang='lat' dir='ltr'><strong>magistratibus,</strong></span> <span class='ocrx_word' id='word_1_18' title='bbox 2853 491 3032 560; x_wconf 71' lang='lat' dir='ltr'><strong>quales</strong></span> <span class='ocrx_word' id='word_1_19' title='bbox 3055 506 3138 546; x_wconf 78' lang='lat' dir='ltr'><strong>eos</strong></span> <span class='ocrx_word' id='word_1_20' title='bbox 3176 507 3285 545; x_wconf 79' lang='lat' dir='ltr'><strong>esse</strong></span> <span class='ocrx_word' id='word_1_21' title='bbox 3300 502 3559 562; x_wconf 76' lang='lat' dir='ltr'><strong>oporteat.</strong></span> 
     </span>
    </p>
   </div>
   <div class='ocr_carea' id='block_1_6' title="bbox 820 566 1344 634">
    <p class='ocr_par' dir='ltr' id='par_1_6' title="bbox 820 566 1344 634">
     <span class='ocr_line' id='line_1_6' title="bbox 820 566 1344 634; baseline 0 -18"><span class='ocrx_word' id='word_1_22' title='bbox 820 566 1094 630; x_wconf 80' lang='grc' dir='ltr'><strong>τούτους.</strong></span> <span class='ocrx_word' id='word_1_23' title='bbox 1136 567 1344 634; x_wconf 75' lang='grc' dir='ltr'>Νόμοι.</span> 
     </span>
    </p>
   </div>
   <div class='ocr_carea' id='block_1_7' title="bbox 293 672 1880 748">
    <p class='ocr_par' dir='ltr' id='par_1_7' title="bbox 293 672 1880 748">
     <span class='ocr_line' id='line_1_7' title="bbox 293 672 1880 748; baseline 0 -24"><span class='ocrx_word' id='word_1_24' title='bbox 293 735 295 738; x_wconf 11' lang='grc' dir='ltr'><strong>ς</strong></span> <span class='ocrx_word' id='word_1_25' title='bbox 371 673 466 725; x_wconf 83' lang='grc' dir='ltr'><strong>Δεί</strong></span> <span class='ocrx_word' id='word_1_26' title='bbox 487 672 578 725; x_wconf 79' lang='grc' dir='ltr'>τὸν</span> <span class='ocrx_word' id='word_1_27' title='bbox 604 675 842 746; x_wconf 76' lang='grc' dir='ltr'>ἄρχοντα</span> <span class='ocrx_word' id='word_1_28' title='bbox 884 676 982 748; x_wconf 80' lang='grc' dir='ltr'>τὴν</span> <span class='ocrx_word' id='word_1_29' title='bbox 1014 677 1186 744; x_wconf 89' lang='grc' dir='ltr'>θείαν,</span> <span class='ocrx_word' id='word_1_30' title='bbox 1214 677 1288 741; x_wconf 84' lang='grc' dir='ltr'><strong>ὡς</strong></span> <span class='ocrx_word' id='word_1_31' title='bbox 1319 673 1430 730; x_wconf 76' lang='grc' dir='ltr'>οἷον</span> <span class='ocrx_word' id='word_1_32' title='bbox 1458 693 1538 739; x_wconf 88' lang='grc' dir='ltr'>τε,</span> <span class='ocrx_word' id='word_1_33' title='bbox 1589 673 1752 743; x_wconf 81' lang='grc' dir='ltr'>φύσιν</span> <span class='ocrx_word' id='word_1_34' title='bbox 1794 691 1880 742; x_wconf 89' lang='grc' dir='ltr'>μι-</span> 
     </span>
    </p>
   </div>
   <div class='ocr_carea' id='block_1_8' title="bbox 300 763 1879 841">
    <p class='ocr_par' dir='ltr' id='par_1_8' title="bbox 300 763 1879 841">
     <span class='ocr_line' id='line_1_8' title="bbox 300 763 1879 841; baseline -0.004 -19"><span class='ocrx_word' id='word_1_35' title='bbox 300 770 544 838; x_wconf 82' lang='grc' dir='ltr'>μεῖσθαι,</span> <span class='ocrx_word' id='word_1_36' title='bbox 571 770 666 822; x_wconf 74' lang='grc' dir='ltr'>καὶ</span> <span class='ocrx_word' id='word_1_37' title='bbox 701 763 842 822; x_wconf 80' lang='grc' dir='ltr'>εἶναι</span> <span class='ocrx_word' id='word_1_38' title='bbox 892 769 1030 841; x_wconf 78' lang='grc' dir='ltr'>πρὸς</span> <span class='ocrx_word' id='word_1_39' title='bbox 1066 769 1279 824; x_wconf 74' lang='grc' dir='ltr'>ἅπαντα</span> <span class='ocrx_word' id='word_1_40' title='bbox 1325 767 1616 837; x_wconf 84' lang='grc' dir='ltr'>συμπαθῆ,</span> <span class='ocrx_word' id='word_1_41' title='bbox 1650 765 1879 835; x_wconf 85' lang='grc' dir='ltr'>ἀμνησί-</span> 
     </span>
    </p>
   </div>
   <div class='ocr_carea' id='block_1_9' title="bbox 297 857 1878 930">
    <p class='ocr_par' dir='ltr' id='par_1_9' title="bbox 297 857 1878 930">
     <span class='ocr_line' id='line_1_9' title="bbox 297 857 1878 930; baseline -0.003 -17"><span class='ocrx_word' id='word_1_42' title='bbox 297 878 490 921; x_wconf 85' lang='grc' dir='ltr'>κακον,</span> <span class='ocrx_word' id='word_1_43' title='bbox 513 859 860 925; x_wconf 78' lang='grc' dir='ltr'>ἀνεξίκακον,</span> <span class='ocrx_word' id='word_1_44' title='bbox 899 861 1193 930; x_wconf 83' lang='grc' dir='ltr'>ἀόργητον,</span> <span class='ocrx_word' id='word_1_45' title='bbox 1217 858 1708 930; x_wconf 74' lang='grc' dir='ltr'>ἀπροσωπδλητον,</span> <span class='ocrx_word' id='word_1_46' title='bbox 1743 857 1878 908; x_wconf 88' lang='grc' dir='ltr'>ἀδω-</span> 
     </span>
    </p>
   </div>
   <div class='ocr_carea' id='block_1_10' title="bbox 298 946 1882 1025">
    <p class='ocr_par' dir='ltr' id='par_1_10' title="bbox 298 946 1882 1025">
     <span class='ocr_line' id='line_1_10' title="bbox 298 946 1882 1025; baseline -0.006 -19"><span class='ocrx_word' id='word_1_47' title='bbox 298 951 618 1025; x_wconf 83' lang='grc' dir='ltr'>ροδόκητον,</span> <span class='ocrx_word' id='word_1_48' title='bbox 649 950 746 1003; x_wconf 75' lang='grc' dir='ltr'>καὶ</span> <span class='ocrx_word' id='word_1_49' title='bbox 776 951 852 1022; x_wconf 75' lang='grc' dir='ltr'>μὴ</span> <span class='ocrx_word' id='word_1_50' title='bbox 875 951 1116 1020; x_wconf 81' lang='grc' dir='ltr'><strong>εὐχερῶς</strong></span> <span class='ocrx_word' id='word_1_51' title='bbox 1149 952 1284 1021; x_wconf 82' lang='grc' dir='ltr'>μηδὲ</span> <span class='ocrx_word' id='word_1_52' title='bbox 1306 950 1681 1016; x_wconf 77' lang='grc' dir='ltr'><strong>ἀνεξετάστως</strong></span> <span class='ocrx_word' id='word_1_53' title='bbox 1704 946 1882 999; x_wconf 80' lang='grc' dir='ltr'>διαϐο-</span> 
     </span>
    </p>
   </div>
   <div class='ocr_carea' id='block_1_11' title="bbox 296 1038 1878 1111">
    <p class='ocr_par' dir='ltr' id='par_1_11' title="bbox 296 1038 1878 1111">
     <span class='ocr_line' id='line_1_11' title="bbox 296 1038 1878 1111; baseline -0.003 -17"><span class='ocrx_word' id='word_1_54' title='bbox 296 1042 420 1106; x_wconf 76' lang='grc' dir='ltr'>λαῖς</span> <span class='ocrx_word' id='word_1_55' title='bbox 453 1043 548 1095; x_wconf 76' lang='grc' dir='ltr'>καὶ</span> <span class='ocrx_word' id='word_1_56' title='bbox 573 1041 866 1111; x_wconf 79' lang='grc' dir='ltr'><strong>λοιδορίαις</strong></span> <span class='ocrx_word' id='word_1_57' title='bbox 898 1041 1184 1096; x_wconf 87' lang='grc' dir='ltr'>πείθεσθαι</span> <span class='ocrx_word' id='word_1_58' title='bbox 1204 1055 1220 1071; x_wconf 86' lang='grc'>⁶</span> <span class='ocrx_word' id='word_1_59' title='bbox 1245 1044 1310 1096; x_wconf 81' lang='grc' dir='ltr'>ὲκ</span> <span class='ocrx_word' id='word_1_60' title='bbox 1339 1041 1448 1111; x_wconf 82' lang='grc' dir='ltr'><strong>γὰρ</strong></span> <span class='ocrx_word' id='word_1_61' title='bbox 1481 1039 1573 1093; x_wconf 83' lang='grc' dir='ltr'>τοῦ</span> <span class='ocrx_word' id='word_1_62' title='bbox 1604 1038 1878 1097; x_wconf 81' lang='grc' dir='ltr'><strong>δουλεύειν</strong></span> 
     </span>
    </p>
   </div>
   <div class='ocr_carea' id='block_1_12' title="bbox 293 1127 1878 1204">
    <p class='ocr_par' dir='ltr' id='par_1_12' title="bbox 293 1127 1878 1204">
     <span class='ocr_line' id='line_1_12' title="bbox 293 1127 1878 1204; baseline -0.003 -20"><span class='ocrx_word' id='word_1_63' title='bbox 293 1132 390 1186; x_wconf 81' lang='grc' dir='ltr'><strong>τὸν</strong></span> <span class='ocrx_word' id='word_1_64' title='bbox 456 1133 692 1204; x_wconf 76' lang='grc' dir='ltr'>ἄρχοντα</span> <span class='ocrx_word' id='word_1_65' title='bbox 743 1133 856 1194; x_wconf 86' lang='grc' dir='ltr'>τοῖς</span> <span class='ocrx_word' id='word_1_66' title='bbox 909 1131 1180 1195; x_wconf 74' lang='grc' dir='ltr'><strong>ἐναντίοις</strong></span> <span class='ocrx_word' id='word_1_67' title='bbox 1226 1131 1333 1184; x_wconf 84' lang='grc' dir='ltr'><strong>τῶν</strong></span> <span class='ocrx_word' id='word_1_68' title='bbox 1399 1127 1878 1201; x_wconf 83' lang='grc' dir='ltr'>ἀπηριθμημένων</span> 
     </span>
    </p>
   </div>
   <div class='ocr_carea' id='block_1_13' title="bbox 293 1216 1879 1292">
    <p class='ocr_par' dir='ltr' id='par_1_13' title="bbox 293 1216 1879 1292">
     <span class='ocr_line' id='line_1_13' title="bbox 293 1216 1879 1292; baseline -0.005 -14"><span class='ocrx_word' id='word_1_69' title='bbox 293 1226 511 1292; x_wconf 83' lang='grc' dir='ltr'><strong>ἀρετῶν</strong></span> <span class='ocrx_word' id='word_1_70' title='bbox 573 1223 805 1291; x_wconf 69' lang='grc' dir='ltr'>πάθεσι,</span> <span class='ocrx_word' id='word_1_71' title='bbox 858 1222 1050 1276; x_wconf 71' lang='grc' dir='ltr'>πολλοὶ</span> <span class='ocrx_word' id='word_1_72' title='bbox 1105 1221 1370 1288; x_wconf 82' lang='grc' dir='ltr'><strong>πολλάκις</strong></span> <span class='ocrx_word' id='word_1_73' title='bbox 1429 1221 1631 1281; x_wconf 80' lang='grc' dir='ltr'><strong>ἀδίκως</strong></span> <span class='ocrx_word' id='word_1_74' title='bbox 1699 1216 1879 1276; x_wconf 86' lang='grc' dir='ltr'>κινδυ-</span> 
     </span>
    </p>
   </div>
   <div class='ocr_carea' id='block_1_14' title="bbox 292 1315 548 1370">
    <p class='ocr_par' dir='ltr' id='par_1_14' title="bbox 292 1315 548 1370">
     <span class='ocr_line' id='line_1_14' title="bbox 292 1315 548 1370; baseline 0 -1"><span class='ocrx_word' id='word_1_75' title='bbox 292 1315 548 1370; x_wconf 76' lang='grc' dir='ltr'><strong>νεύουσι.</strong></span> 
     </span>
    </p>
   </div>
   <div class='ocr_carea' id='block_1_15' title="bbox 363 1495 1877 1568">
    <p class='ocr_par' dir='ltr' id='par_1_15' title="bbox 363 1495 1877 1568">
     <span class='ocr_line' id='line_1_15' title="bbox 363 1495 1877 1568; baseline 0 -19"><span class='ocrx_word' id='word_1_76' title='bbox 363 1496 502 1568; x_wconf 85' lang='grc' dir='ltr'>Τρία</span> <span class='ocrx_word' id='word_1_77' title='bbox 529 1495 923 1567; x_wconf 78' lang='grc' dir='ltr'><strong>χαρακτηρίζει</strong></span> <span class='ocrx_word' id='word_1_78' title='bbox 967 1496 1060 1551; x_wconf 72' lang='grc' dir='ltr'>τὸν</span> <span class='ocrx_word' id='word_1_79' title='bbox 1091 1496 1268 1568; x_wconf 82' lang='grc' dir='ltr'>ἀληθῆ</span> <span class='ocrx_word' id='word_1_80' title='bbox 1299 1496 1558 1568; x_wconf 74' lang='grc' dir='ltr'>ἄρχοντα,</span> <span class='ocrx_word' id='word_1_81' title='bbox 1597 1495 1657 1548; x_wconf 77' lang='grc' dir='ltr'><strong>τὸ</strong></span> <span class='ocrx_word' id='word_1_82' title='bbox 1682 1513 1877 1550; x_wconf 87' lang='grc' dir='ltr'>ταπει-</span> 
     </span>
    </p>
   </div>
   <div class='ocr_carea' id='block_1_16' title="bbox 291 1587 1877 1660">
    <p class='ocr_par' dir='ltr' id='par_1_16' title="bbox 291 1587 1877 1660">
     <span class='ocr_line' id='line_1_16' title="bbox 291 1587 1877 1660; baseline -0.002 -18"><span class='ocrx_word' id='word_1_83' title='bbox 291 1587 382 1642; x_wconf 76' lang='grc' dir='ltr'><strong>νὸν</strong></span> <span class='ocrx_word' id='word_1_84' title='bbox 411 1589 548 1656; x_wconf 81' lang='grc' dir='ltr'>πρὸς</span> <span class='ocrx_word' id='word_1_85' title='bbox 575 1589 701 1648; x_wconf 76' lang='grc' dir='ltr'>τοὺς</span> <span class='ocrx_word' id='word_1_86' title='bbox 728 1588 850 1656; x_wconf 78' lang='grc' dir='ltr'>ἀφιε</span> <span class='ocrx_word' id='word_1_87' title='bbox 862 1589 1140 1660; x_wconf 82' lang='grc' dir='ltr'>ρωμένους</span> <span class='ocrx_word' id='word_1_88' title='bbox 1164 1589 1305 1659; x_wconf 84' lang='grc' dir='ltr'>Θεῷ,</span> <span class='ocrx_word' id='word_1_89' title='bbox 1345 1589 1407 1642; x_wconf 76' lang='grc' dir='ltr'>τὸ</span> <span class='ocrx_word' id='word_1_90' title='bbox 1433 1587 1644 1642; x_wconf 80' lang='grc' dir='ltr'>ἁπλοῦν</span> <span class='ocrx_word' id='word_1_91' title='bbox 1669 1590 1728 1641; x_wconf 78' lang='grc' dir='ltr'>ὲν</span> <span class='ocrx_word' id='word_1_92' title='bbox 1755 1591 1877 1652; x_wconf 79' lang='grc' dir='ltr'>ταῖς</span> 
     </span>
    </p>
   </div>
   <div class='ocr_carea' id='block_1_17' title="bbox 289 1679 1876 1750">
    <p class='ocr_par' dir='ltr' id='par_1_17' title="bbox 289 1679 1876 1750">
     <span class='ocr_line' id='line_1_17' title="bbox 289 1679 1876 1750; baseline -0.001 -18"><span class='ocrx_word' id='word_1_93' title='bbox 289 1679 596 1748; x_wconf 66' lang='grc' dir='ltr'>τραπέζαις</span> <span class='ocrx_word' id='word_1_94' title='bbox 644 1680 738 1732; x_wconf 72' lang='grc' dir='ltr'><strong>καὶ</strong></span> <span class='ocrx_word' id='word_1_95' title='bbox 774 1680 1202 1749; x_wconf 79' lang='grc' dir='ltr'>εὐμετάϐλητον,</span> <span class='ocrx_word' id='word_1_96' title='bbox 1237 1679 1333 1732; x_wconf 82' lang='grc' dir='ltr'>καὶ</span> <span class='ocrx_word' id='word_1_97' title='bbox 1373 1679 1433 1732; x_wconf 76' lang='grc' dir='ltr'><strong>τὸ</strong></span> <span class='ocrx_word' id='word_1_98' title='bbox 1477 1679 1876 1750; x_wconf 59' lang='grc' dir='ltr'>ἀπροσωπόληι</span> 
     </span>
    </p>
   </div>
   <div class='ocr_carea' id='block_1_18' title="bbox 292 1770 1486 1842">
    <p class='ocr_par' dir='ltr' id='par_1_18' title="bbox 292 1770 1486 1842">
     <span class='ocr_line' id='line_1_18' title="bbox 292 1770 1486 1842; baseline 0.003 -20"><span class='ocrx_word' id='word_1_99' title='bbox 292 1786 427 1824; x_wconf 84' lang='grc' dir='ltr'>πτον</span> <span class='ocrx_word' id='word_1_100' title='bbox 460 1771 518 1822; x_wconf 82' lang='grc' dir='ltr'>ὲν</span> <span class='ocrx_word' id='word_1_101' title='bbox 546 1773 664 1834; x_wconf 85' lang='grc' dir='ltr'>ταῖς</span> <span class='ocrx_word' id='word_1_102' title='bbox 692 1770 912 1840; x_wconf 88' lang='grc' dir='ltr'>κρίσεσι</span> <span class='ocrx_word' id='word_1_103' title='bbox 937 1773 1032 1824; x_wconf 76' lang='grc' dir='ltr'>καὶ</span> <span class='ocrx_word' id='word_1_104' title='bbox 1054 1771 1486 1842; x_wconf 81' lang='grc' dir='ltr'><strong>ἀδωροδόκητον.</strong></span> 
     </span>
    </p>
   </div>
   <div class='ocr_carea' id='block_1_19' title="bbox 374 1861 1875 1934">
    <p class='ocr_par' dir='ltr' id='par_1_19' title="bbox 374 1861 1875 1934">
     <span class='ocr_line' id='line_1_19' title="bbox 374 1861 1875 1934; baseline 0 -19"><span class='ocrx_word' id='word_1_105' title='bbox 374 1861 433 1914; x_wconf 86' lang='lat'><strong>&#39;0</strong></span> <span class='ocrx_word' id='word_1_106' title='bbox 483 1861 669 1932; x_wconf 79' lang='grc' dir='ltr'>ἄρχων</span> <span class='ocrx_word' id='word_1_107' title='bbox 731 1863 1084 1926; x_wconf 83' lang='grc' dir='ltr'>εύέντευκτος</span> <span class='ocrx_word' id='word_1_108' title='bbox 1148 1862 1291 1916; x_wconf 79' lang='grc' dir='ltr'>ἔστω</span> <span class='ocrx_word' id='word_1_109' title='bbox 1346 1865 1462 1925; x_wconf 78' lang='grc' dir='ltr'>τοῖς</span> <span class='ocrx_word' id='word_1_110' title='bbox 1528 1862 1875 1934; x_wconf 82' lang='grc' dir='ltr'><strong>προσιοῦσιν,</strong></span> 
     </span>
    </p>
   </div>
   <div class='ocr_carea' id='block_1_20' title="bbox 288 1953 1882 2025">
    <p class='ocr_par' dir='ltr' id='par_1_20' title="bbox 288 1953 1882 2025">
     <span class='ocr_line' id='line_1_20' title="bbox 288 1953 1882 2025; baseline -0.001 -17"><span class='ocrx_word' id='word_1_111' title='bbox 288 1953 429 2008; x_wconf 79' lang='grc' dir='ltr'>ἀλλὰ</span> <span class='ocrx_word' id='word_1_112' title='bbox 464 1953 540 2023; x_wconf 78' lang='grc' dir='ltr'>μὴ</span> <span class='ocrx_word' id='word_1_113' title='bbox 571 1953 1080 2024; x_wconf 80' lang='grc' dir='ltr'>εὐκαταφρόνητος,</span> <span class='ocrx_word' id='word_1_114' title='bbox 1131 1953 1226 2008; x_wconf 76' lang='grc' dir='ltr'>καὶ</span> <span class='ocrx_word' id='word_1_115' title='bbox 1283 1955 1358 2025; x_wconf 81' lang='grc' dir='ltr'>μὴ</span> <span class='ocrx_word' id='word_1_116' title='bbox 1395 1953 1578 2021; x_wconf 79' lang='grc' dir='ltr'>ἐξίσου</span> <span class='ocrx_word' id='word_1_117' title='bbox 1615 1956 1882 2023; x_wconf 82' lang='grc' dir='ltr'>ἀναστρε-</span> 
     </span>
    </p>
   </div>
   <div class='ocr_carea' id='block_1_21' title="bbox 289 2043 1877 2117">
    <p class='ocr_par' dir='ltr' id='par_1_21' title="bbox 289 2043 1877 2117">
     <span class='ocr_line' id='line_1_21' title="bbox 289 2043 1877 2117; baseline 0 -19"><span class='ocrx_word' id='word_1_118' title='bbox 289 2043 476 2116; x_wconf 69' lang='grc' dir='ltr'>φισθω</span> <span class='ocrx_word' id='word_1_119' title='bbox 521 2047 634 2108; x_wconf 74' lang='grc' dir='ltr'>τοῖς</span> <span class='ocrx_word' id='word_1_120' title='bbox 672 2045 1020 2115; x_wconf 71' lang='grc' dir='ltr'><strong>ἀρχομένοις,</strong></span> <span class='ocrx_word' id='word_1_121' title='bbox 1080 2045 1175 2098; x_wconf 74' lang='grc' dir='ltr'>καὶ</span> <span class='ocrx_word' id='word_1_122' title='bbox 1222 2046 1297 2117; x_wconf 80' lang='grc' dir='ltr'>μὴ</span> <span class='ocrx_word' id='word_1_123' title='bbox 1346 2046 1588 2116; x_wconf 76' lang='grc' dir='ltr'><strong>δηλούτω</strong></span> <span class='ocrx_word' id='word_1_124' title='bbox 1641 2048 1709 2117; x_wconf 78' lang='grc' dir='ltr'>τῇ</span> <span class='ocrx_word' id='word_1_125' title='bbox 1757 2045 1877 2115; x_wconf 73' lang='grc' dir='ltr'>ὄψει</span> 
     </span>
    </p>
   </div>
   <div class='ocr_carea' id='block_1_22' title="bbox 291 2137 1876 2217">
    <p class='ocr_par' dir='ltr' id='par_1_22' title="bbox 291 2137 1876 2217">
     <span class='ocr_line' id='line_1_22' title="bbox 291 2137 1876 2217; baseline 0.002 -26"><span class='ocrx_word' id='word_1_126' title='bbox 291 2138 460 2191; x_wconf 75' lang='grc' dir='ltr'>ἐλεῶν</span> <span class='ocrx_word' id='word_1_127' title='bbox 499 2137 532 2207; x_wconf 73' lang='grc' dir='ltr'><strong>ἢ</strong></span> <span class='ocrx_word' id='word_1_128' title='bbox 580 2138 941 2208; x_wconf 74' lang='grc' dir='ltr'>ὀργιζόμενος</span> <span class='ocrx_word' id='word_1_129' title='bbox 966 2153 983 2169; x_wconf 86' lang='grc'>⁶</span> <span class='ocrx_word' id='word_1_130' title='bbox 1019 2140 1162 2210; x_wconf 84' lang='grc' dir='ltr'><strong>μετά</strong></span> <span class='ocrx_word' id='word_1_131' title='bbox 1200 2142 1522 2210; x_wconf 85' lang='grc' dir='ltr'>φρονήσεως</span> <span class='ocrx_word' id='word_1_132' title='bbox 1553 2142 1696 2199; x_wconf 81' lang='grc' dir='ltr'>ἔστω</span> <span class='ocrx_word' id='word_1_133' title='bbox 1732 2143 1876 2217; x_wconf 79' lang='grc' dir='ltr'>πρὸς</span> 
     </span>
    </p>
   </div>
   <div class='ocr_carea' id='block_1_23' title="bbox 289 2231 1878 2304">
    <p class='ocr_par' dir='ltr' id='par_1_23' title="bbox 289 2231 1878 2304">
     <span class='ocr_line' id='line_1_23' title="bbox 289 2231 1878 2304; baseline 0.002 -20"><span class='ocrx_word' id='word_1_134' title='bbox 289 2231 418 2294; x_wconf 81' lang='grc' dir='ltr'>τοὺς</span> <span class='ocrx_word' id='word_1_135' title='bbox 477 2232 842 2301; x_wconf 67' lang='grc' dir='ltr'>συνηγδρους,</span> <span class='ocrx_word' id='word_1_136' title='bbox 893 2233 984 2284; x_wconf 70' lang='grc' dir='ltr'>καὶ</span> <span class='ocrx_word' id='word_1_137' title='bbox 1045 2231 1122 2302; x_wconf 78' lang='grc' dir='ltr'>μὴ</span> <span class='ocrx_word' id='word_1_138' title='bbox 1163 2233 1402 2304; x_wconf 80' lang='grc' dir='ltr'><strong>δεχέσθω</strong></span> <span class='ocrx_word' id='word_1_139' title='bbox 1455 2236 1581 2297; x_wconf 78' lang='grc' dir='ltr'>τοὺς</span> <span class='ocrx_word' id='word_1_140' title='bbox 1636 2235 1878 2292; x_wconf 86' lang='grc' dir='ltr'>κεκωλυ-</span> 
     </span>
    </p>
   </div>
   <div class='ocr_carea' id='block_1_24' title="bbox 294 2324 514 2399">
    <p class='ocr_par' dir='ltr' id='par_1_24' title="bbox 294 2324 514 2399">
     <span class='ocr_line' id='line_1_24' title="bbox 294 2324 514 2399; baseline 0.014 -24"><span class='ocrx_word' id='word_1_141' title='bbox 294 2324 514 2399; x_wconf 75' lang='grc' dir='ltr'>μένους.</span> 
     </span>
    </p>
   </div>
   <div class='ocr_carea' id='block_1_25' title="bbox 391 2413 1878 2488">
    <p class='ocr_par' dir='ltr' id='par_1_25' title="bbox 391 2413 1878 2488">
     <span class='ocr_line' id='line_1_25' title="bbox 391 2413 1878 2488; baseline 0.003 -23"><span class='ocrx_word' id='word_1_142' title='bbox 391 2413 642 2484; x_wconf 82' lang='grc' dir='ltr'>Υπαρχοι</span> <span class='ocrx_word' id='word_1_143' title='bbox 681 2415 738 2468; x_wconf 84' lang='grc' dir='ltr'>δὲ</span> <span class='ocrx_word' id='word_1_144' title='bbox 785 2418 1034 2484; x_wconf 78' lang='grc' dir='ltr'>λέγονται</span> <span class='ocrx_word' id='word_1_145' title='bbox 1069 2417 1118 2468; x_wconf 84' lang='grc' dir='ltr'>οἱ</span> <span class='ocrx_word' id='word_1_146' title='bbox 1158 2416 1268 2471; x_wconf 86' lang='grc' dir='ltr'><strong>τῶν</strong></span> <span class='ocrx_word' id='word_1_147' title='bbox 1311 2417 1590 2486; x_wconf 81' lang='grc' dir='ltr'><strong>ἐπαρχιῶν</strong></span> <span class='ocrx_word' id='word_1_148' title='bbox 1621 2417 1878 2488; x_wconf 69' lang='grc' dir='ltr'>ἐξάρχον-</span> 
     </span>
    </p>
   </div>
   <div class='ocr_carea' id='block_1_26' title="bbox 290 2503 1659 2576">
    <p class='ocr_par' dir='ltr' id='par_1_26' title="bbox 290 2503 1659 2576">
     <span class='ocr_line' id='line_1_26' title="bbox 290 2503 1659 2576; baseline 0.006 -23"><span class='ocrx_word' id='word_1_149' title='bbox 290 2516 381 2564; x_wconf 80' lang='grc' dir='ltr'>τες</span> <span class='ocrx_word' id='word_1_150' title='bbox 404 2518 416 2532; x_wconf 88' lang='grc'><strong>·</strong></span> <span class='ocrx_word' id='word_1_151' title='bbox 451 2503 692 2573; x_wconf 75' lang='grc' dir='ltr'>ἔπαρχος</span> <span class='ocrx_word' id='word_1_152' title='bbox 719 2505 796 2570; x_wconf 88' lang='grc' dir='ltr'>δὲ,</span> <span class='ocrx_word' id='word_1_153' title='bbox 826 2505 854 2556; x_wconf 80' lang='grc' dir='ltr'>ὁ</span> <span class='ocrx_word' id='word_1_154' title='bbox 881 2508 975 2576; x_wconf 83' lang='grc' dir='ltr'>τῆς</span> <span class='ocrx_word' id='word_1_155' title='bbox 1004 2506 1659 2571; x_wconf 81' lang='grc' dir='ltr'>Κωνσταντινουπόλεως.</span> 
     </span>
    </p>
   </div>
   <div class='ocr_carea' id='block_1_27' title="bbox 363 2615 1802 2690">
    <p class='ocr_par' dir='ltr' id='par_1_27' title="bbox 363 2615 1802 2690">
     <span class='ocr_line' id='line_1_27' title="bbox 363 2615 1802 2690; baseline 0.003 -17"><span class='ocrx_word' id='word_1_156' title='bbox 363 2615 615 2673; x_wconf 75' lang='grc' dir='ltr'><strong>ΚΕΦΔΛ.</strong></span> <span class='ocrx_word' id='word_1_157' title='bbox 650 2618 769 2689; x_wconf 70' lang='grc' dir='ltr'>ις’.</span> <span class='ocrx_word' id='word_1_158' title='bbox 798 2618 940 2686; x_wconf 76' lang='grc' dir='ltr'>Περὶ</span> <span class='ocrx_word' id='word_1_159' title='bbox 965 2615 1082 2672; x_wconf 83' lang='grc' dir='ltr'><strong>τῶν</strong></span> <span class='ocrx_word' id='word_1_160' title='bbox 1108 2618 1178 2672; x_wconf 83' lang='grc' dir='ltr'><strong>ἐν</strong></span> <span class='ocrx_word' id='word_1_161' title='bbox 1209 2617 1448 2688; x_wconf 61' lang='grc' dir='ltr'>ἀφέδρῳ</span> <span class='ocrx_word' id='word_1_162' title='bbox 1477 2621 1802 2690; x_wconf 77' lang='grc' dir='ltr'>γυναικῶν.</span> 
     </span>
    </p>
   </div>
   <div class='ocr_carea' id='block_1_28' title="bbox 374 2731 1876 2805">
    <p class='ocr_par' dir='ltr' id='par_1_28' title="bbox 374 2731 1876 2805">
     <span class='ocr_line' id='line_1_28' title="bbox 374 2731 1876 2805; baseline -0.002 -18"><span class='ocrx_word' id='word_1_163' title='bbox 374 2731 434 2787; x_wconf 84' lang='lat'><strong>&#39;0</strong></span> <span class='ocrx_word' id='word_1_164' title='bbox 460 2732 620 2802; x_wconf 71' lang='grc' dir='ltr'>ἅγιος</span> <span class='ocrx_word' id='word_1_165' title='bbox 659 2734 993 2804; x_wconf 84' lang='grc' dir='ltr'>ίερομάρτυς</span> <span class='ocrx_word' id='word_1_166' title='bbox 1033 2733 1470 2805; x_wconf 70' lang='grc' dir='ltr'>’Δλεξανδρείας,</span> <span class='ocrx_word' id='word_1_167' title='bbox 1494 2735 1562 2790; x_wconf 75' lang='grc' dir='ltr'>,ἐν</span> <span class='ocrx_word' id='word_1_168' title='bbox 1591 2736 1668 2804; x_wconf 85' lang='grc' dir='ltr'><strong>τῷ</strong></span> <span class='ocrx_word' id='word_1_169' title='bbox 1703 2734 1747 2804; x_wconf 85' lang='grc' dir='ltr'><strong>β’</strong></span> <span class='ocrx_word' id='word_1_170' title='bbox 1780 2751 1876 2788; x_wconf 72' lang='grc' dir='ltr'>καιρ</span> 
     </span>
    </p>
   </div>
   <div class='ocr_carea' id='block_1_29' title="bbox 289 2823 1873 2896">
    <p class='ocr_par' dir='ltr' id='par_1_29' title="bbox 289 2823 1873 2896">
     <span class='ocr_line' id='line_1_29' title="bbox 289 2823 1873 2896; baseline -0.001 -17"><span class='ocrx_word' id='word_1_171' title='bbox 289 2823 426 2888; x_wconf 81' lang='grc' dir='ltr'>νόνι,</span> <span class='ocrx_word' id='word_1_172' title='bbox 465 2825 560 2888; x_wconf 78' lang='grc' dir='ltr'><strong>τὰς</strong></span> <span class='ocrx_word' id='word_1_173' title='bbox 607 2826 666 2876; x_wconf 78' lang='grc' dir='ltr'>ἐν</span> <span class='ocrx_word' id='word_1_174' title='bbox 715 2825 934 2896; x_wconf 77' lang='grc' dir='ltr'>ἀφέδρῳ</span> <span class='ocrx_word' id='word_1_175' title='bbox 965 2823 1134 2888; x_wconf 75' lang='grc' dir='ltr'>οὔσας</span> <span class='ocrx_word' id='word_1_176' title='bbox 1185 2826 1295 2882; x_wconf 84' lang='grc' dir='ltr'><strong>τῶν</strong></span> <span class='ocrx_word' id='word_1_177' title='bbox 1345 2826 1627 2893; x_wconf 81' lang='grc' dir='ltr'>γυναικῶν</span> <span class='ocrx_word' id='word_1_178' title='bbox 1663 2826 1873 2880; x_wconf 79' lang='grc' dir='ltr'><strong>κελεύει</strong></span> 
     </span>
    </p>
   </div>
   <div class='ocr_carea' id='block_1_30' title="bbox 294 2915 1874 2988">
    <p class='ocr_par' dir='ltr' id='par_1_30' title="bbox 294 2915 1874 2988">
     <span class='ocr_line' id='line_1_30' title="bbox 294 2915 1874 2988; baseline 0.001 -20"><span class='ocrx_word' id='word_1_179' title='bbox 294 2915 371 2985; x_wconf 75' lang='grc' dir='ltr'><strong>μὴ</strong></span> <span class='ocrx_word' id='word_1_180' title='bbox 399 2916 687 2985; x_wconf 82' lang='grc' dir='ltr'>προσιέναι</span> <span class='ocrx_word' id='word_1_181' title='bbox 715 2920 785 2987; x_wconf 73' lang='grc' dir='ltr'>τῇ</span> <span class='ocrx_word' id='word_1_182' title='bbox 811 2917 934 2988; x_wconf 80' lang='grc' dir='ltr'>θείᾳ</span> <span class='ocrx_word' id='word_1_183' title='bbox 971 2916 1244 2988; x_wconf 77' lang='grc' dir='ltr'>τραπέζῃ,</span> <span class='ocrx_word' id='word_1_184' title='bbox 1278 2919 1414 2988; x_wconf 76' lang='grc' dir='ltr'>μηδὲ</span> <span class='ocrx_word' id='word_1_185' title='bbox 1447 2917 1554 2975; x_wconf 85' lang='grc' dir='ltr'><strong>τῶν</strong></span> <span class='ocrx_word' id='word_1_186' title='bbox 1586 2918 1874 2987; x_wconf 84' lang='grc' dir='ltr'>ἀχράντων</span> 
     </span>
    </p>
   </div>
   <div class='ocr_carea' id='block_1_31' title="bbox 291 3009 1875 3082">
    <p class='ocr_par' dir='ltr' id='par_1_31' title="bbox 291 3009 1875 3082">
     <span class='ocr_line' id='line_1_31' title="bbox 291 3009 1875 3082; baseline 0.002 -20"><span class='ocrx_word' id='word_1_187' title='bbox 291 3011 572 3062; x_wconf 73' lang='grc' dir='ltr'>κοινωνεῖν</span> <span class='ocrx_word' id='word_1_188' title='bbox 598 3009 914 3079; x_wconf 76' lang='grc' dir='ltr'>μυστηρίων</span> <span class='ocrx_word' id='word_1_189' title='bbox 935 3025 947 3038; x_wconf 79' lang='grc'><strong><em>⁸</em></strong></span> <span class='ocrx_word' id='word_1_190' title='bbox 979 3010 1102 3064; x_wconf 80' lang='grc' dir='ltr'>οὐδὲ</span> <span class='ocrx_word' id='word_1_191' title='bbox 1126 3015 1237 3080; x_wconf 81' lang='grc' dir='ltr'>γὰρ</span> <span class='ocrx_word' id='word_1_192' title='bbox 1273 3012 1307 3081; x_wconf 81' lang='grc' dir='ltr'><strong>ή</strong></span> <span class='ocrx_word' id='word_1_193' title='bbox 1331 3011 1708 3082; x_wconf 77' lang='grc' dir='ltr'>αἱμορροοῦσα</span> <span class='ocrx_word' id='word_1_194' title='bbox 1735 3011 1875 3081; x_wconf 76' lang='grc' dir='ltr'>ψαῦ-</span> 
     </span>
    </p>
   </div>
   <div class='ocr_carea' id='block_1_32' title="bbox 291 3098 1871 3173">
    <p class='ocr_par' dir='ltr' id='par_1_32' title="bbox 291 3098 1871 3173">
     <span class='ocr_line' id='line_1_32' title="bbox 291 3098 1871 3173; baseline 0.002 -19"><span class='ocrx_word' id='word_1_195' title='bbox 291 3117 384 3154; x_wconf 87' lang='grc' dir='ltr'><strong>σαι</strong></span> <span class='ocrx_word' id='word_1_196' title='bbox 406 3098 502 3152; x_wconf 77' lang='grc' dir='ltr'>τοῦ</span> <span class='ocrx_word' id='word_1_197' title='bbox 528 3100 734 3170; x_wconf 79' lang='grc' dir='ltr'>Κυρίου</span> <span class='ocrx_word' id='word_1_198' title='bbox 765 3101 1089 3172; x_wconf 81' lang='grc' dir='ltr'><strong>τετόλμηκε,</strong></span> <span class='ocrx_word' id='word_1_199' title='bbox 1124 3101 1263 3173; x_wconf 84' lang='grc' dir='ltr'>πλὴν</span> <span class='ocrx_word' id='word_1_200' title='bbox 1293 3101 1389 3155; x_wconf 76' lang='grc' dir='ltr'><strong>τοῦ</strong></span> <span class='ocrx_word' id='word_1_201' title='bbox 1420 3104 1730 3173; x_wconf 80' lang='grc' dir='ltr'>κρασπέδου</span> <span class='ocrx_word' id='word_1_202' title='bbox 1764 3104 1871 3157; x_wconf 84' lang='grc' dir='ltr'><strong>τῶν</strong></span> 
     </span>
    </p>
   </div>
   <div class='ocr_carea' id='block_1_33' title="bbox 290 3193 1872 3266">
    <p class='ocr_par' dir='ltr' id='par_1_33' title="bbox 290 3193 1872 3266">
     <span class='ocr_line' id='line_1_33' title="bbox 290 3193 1872 3266; baseline 0.003 -21"><span class='ocrx_word' id='word_1_203' title='bbox 290 3193 458 3246; x_wconf 76' lang='grc' dir='ltr'>αὐτοῦ</span> <span class='ocrx_word' id='word_1_204' title='bbox 500 3194 767 3260; x_wconf 85' lang='grc' dir='ltr'>ίματίων·</span> <span class='ocrx_word' id='word_1_205' title='bbox 823 3195 1141 3266; x_wconf 82' lang='grc' dir='ltr'>μεμνῆσθαι</span> <span class='ocrx_word' id='word_1_206' title='bbox 1187 3195 1246 3252; x_wconf 74' lang='grc' dir='ltr'>δὲ</span> <span class='ocrx_word' id='word_1_207' title='bbox 1281 3195 1378 3249; x_wconf 81' lang='grc' dir='ltr'>τοῦ</span> <span class='ocrx_word' id='word_1_208' title='bbox 1424 3197 1723 3262; x_wconf 81' lang='grc' dir='ltr'>Δεσπότου,</span> <span class='ocrx_word' id='word_1_209' title='bbox 1777 3199 1872 3251; x_wconf 72' lang='grc' dir='ltr'>καὶ</span> 
     </span>
    </p>
   </div>
   <div class='ocr_carea' id='block_1_34' title="bbox 292 3283 1875 3359">
    <p class='ocr_par' dir='ltr' id='par_1_34' title="bbox 292 3283 1875 3359">
     <span class='ocr_line' id='line_1_34' title="bbox 292 3283 1875 3359; baseline 0.004 -24"><span class='ocrx_word' id='word_1_210' title='bbox 292 3283 544 3356; x_wconf 76' lang='grc' dir='ltr'>βοηθείας</span> <span class='ocrx_word' id='word_1_211' title='bbox 577 3286 786 3343; x_wconf 84' lang='grc' dir='ltr'>δεῖσθαι</span> <span class='ocrx_word' id='word_1_212' title='bbox 813 3289 997 3356; x_wconf 79' lang='grc' dir='ltr'>τυχεῖν</span> <span class='ocrx_word' id='word_1_213' title='bbox 1023 3287 1144 3341; x_wconf 87' lang='grc' dir='ltr'>καθ’</span> <span class='ocrx_word' id='word_1_214' title='bbox 1175 3288 1398 3352; x_wconf 79' lang='grc' dir='ltr'>ἑαυτὰς,</span> <span class='ocrx_word' id='word_1_215' title='bbox 1433 3288 1576 3342; x_wconf 80' lang='grc' dir='ltr'>οὕτω</span> <span class='ocrx_word' id='word_1_216' title='bbox 1595 3289 1875 3359; x_wconf 66' lang='grc' dir='ltr'>διακειμές-</span> 
     </span>
    </p>
   </div>
   <div class='ocr_carea' id='block_1_35' title="bbox 293 3377 1872 3450">
    <p class='ocr_par' dir='ltr' id='par_1_35' title="bbox 293 3377 1872 3450">
     <span class='ocr_line' id='line_1_35' title="bbox 293 3377 1872 3450; baseline 0.001 -20"><span class='ocrx_word' id='word_1_217' title='bbox 293 3391 408 3439; x_wconf 79' lang='grc' dir='ltr'>νας,</span> <span class='ocrx_word' id='word_1_218' title='bbox 439 3377 830 3446; x_wconf 79' lang='grc' dir='ltr'>ἀνεπίφθονον·</span> <span class='ocrx_word' id='word_1_219' title='bbox 858 3380 970 3441; x_wconf 86' lang='grc' dir='ltr'>τοῖς</span> <span class='ocrx_word' id='word_1_220' title='bbox 997 3378 1055 3433; x_wconf 74' lang='grc' dir='ltr'>δὲ</span> <span class='ocrx_word' id='word_1_221' title='bbox 1083 3378 1192 3436; x_wconf 85' lang='grc' dir='ltr'>τῶν</span> <span class='ocrx_word' id='word_1_222' title='bbox 1225 3379 1399 3447; x_wconf 82' lang='grc' dir='ltr'>ἁγίων</span> <span class='ocrx_word' id='word_1_223' title='bbox 1435 3379 1662 3446; x_wconf 81' lang='grc' dir='ltr'>Ἀγίοις,</span> <span class='ocrx_word' id='word_1_224' title='bbox 1689 3380 1767 3449; x_wconf 84' lang='grc' dir='ltr'><strong>τῷ</strong></span> <span class='ocrx_word' id='word_1_225' title='bbox 1797 3380 1872 3450; x_wconf 76' lang='grc' dir='ltr'>μὴ</span> 
     </span>
    </p>
   </div>
   <div class='ocr_carea' id='block_1_36' title="bbox 296 3469 1868 3540">
    <p class='ocr_par' dir='ltr' id='par_1_36' title="bbox 296 3469 1868 3540">
     <span class='ocr_line' id='line_1_36' title="bbox 296 3469 1868 3540; baseline 0 -18"><span class='ocrx_word' id='word_1_226' title='bbox 296 3469 466 3538; x_wconf 81' lang='grc' dir='ltr'>πάντη</span> <span class='ocrx_word' id='word_1_227' title='bbox 496 3469 744 3539; x_wconf 77' lang='grc' dir='ltr'>καθαρῷ,</span> <span class='ocrx_word' id='word_1_228' title='bbox 768 3470 1063 3538; x_wconf 72' lang='grc' dir='ltr'>ἐπισφαλὲς</span> <span class='ocrx_word' id='word_1_229' title='bbox 1086 3473 1370 3540; x_wconf 76' lang='grc' dir='ltr'>προσιέναι</span> <span class='ocrx_word' id='word_1_230' title='bbox 1389 3474 1484 3523; x_wconf 76' lang='grc' dir='ltr'>καὶ</span> <span class='ocrx_word' id='word_1_231' title='bbox 1508 3471 1868 3526; x_wconf 80' lang='grc' dir='ltr'>ἐπικίνδυνον-</span> 
     </span>
    </p>
   </div>
   <div class='ocr_carea' id='block_1_37' title="bbox 290 3557 1869 3632">
    <p class='ocr_par' dir='ltr' id='par_1_37' title="bbox 290 3557 1869 3632">
     <span class='ocr_line' id='line_1_37' title="bbox 290 3557 1869 3632; baseline 0.001 -18"><span class='ocrx_word' id='word_1_232' title='bbox 290 3561 348 3619; x_wconf 74' lang='grc' dir='ltr'>ἑν</span> <span class='ocrx_word' id='word_1_233' title='bbox 381 3561 598 3631; x_wconf 82' lang='grc' dir='ltr'>ἁφέδρῳ</span> <span class='ocrx_word' id='word_1_234' title='bbox 643 3561 698 3618; x_wconf 79' lang='grc' dir='ltr'>δέ</span> <span class='ocrx_word' id='word_1_235' title='bbox 725 3577 890 3630; x_wconf 75' lang='grc' dir='ltr'>φησιν</span> <span class='ocrx_word' id='word_1_236' title='bbox 919 3557 1060 3617; x_wconf 76' lang='grc' dir='ltr'>εἶναι</span> <span class='ocrx_word' id='word_1_237' title='bbox 1110 3562 1210 3626; x_wconf 79' lang='grc' dir='ltr'><strong>τὰς</strong></span> <span class='ocrx_word' id='word_1_238' title='bbox 1247 3563 1356 3620; x_wconf 75' lang='grc' dir='ltr'><strong>ὑπὸ</strong></span> <span class='ocrx_word' id='word_1_239' title='bbox 1381 3563 1480 3632; x_wconf 83' lang='grc' dir='ltr'>τῆς</span> <span class='ocrx_word' id='word_1_240' title='bbox 1523 3564 1732 3632; x_wconf 78' lang='grc' dir='ltr'>ῥύσεως</span> <span class='ocrx_word' id='word_1_241' title='bbox 1761 3564 1869 3618; x_wconf 84' lang='grc' dir='ltr'><strong>τῶν</strong></span> 
     </span>
    </p>
   </div>
   <div class='ocr_carea' id='block_1_38' title="bbox 292 3653 1872 3724">
    <p class='ocr_par' dir='ltr' id='par_1_38' title="bbox 292 3653 1872 3724">
     <span class='ocr_line' id='line_1_38' title="bbox 292 3653 1872 3724; baseline 0.003 -21"><span class='ocrx_word' id='word_1_242' title='bbox 292 3653 554 3721; x_wconf 69' lang='grc' dir='ltr'>ἐμμήνων</span> <span class='ocrx_word' id='word_1_243' title='bbox 583 3655 997 3720; x_wconf 79' lang='grc' dir='ltr'>ἐνοχλουμένας,</span> <span class='ocrx_word' id='word_1_244' title='bbox 1030 3653 1181 3724; x_wconf 89' lang='grc' dir='ltr'><strong>παρά</strong></span> <span class='ocrx_word' id='word_1_245' title='bbox 1215 3655 1273 3709; x_wconf 82' lang='grc' dir='ltr'><strong>τὸ</strong></span> <span class='ocrx_word' id='word_1_246' title='bbox 1318 3655 1666 3724; x_wconf 86' lang='grc' dir='ltr'>κεχωρῆσθαι</span> <span class='ocrx_word' id='word_1_247' title='bbox 1702 3657 1872 3720; x_wconf 76' lang='grc' dir='ltr'>αὐτὰς</span> 
     </span>
    </p>
   </div>
   <div class='ocr_carea' id='block_1_39' title="bbox 287 3740 1870 3813">
    <p class='ocr_par' dir='ltr' id='par_1_39' title="bbox 287 3740 1870 3813">
     <span class='ocr_line' id='line_1_39' title="bbox 287 3740 1870 3813; baseline 0.003 -22"><span class='ocrx_word' id='word_1_248' title='bbox 287 3742 388 3809; x_wconf 77' lang='grc' dir='ltr'><strong>τῆς</strong></span> <span class='ocrx_word' id='word_1_249' title='bbox 415 3740 525 3792; x_wconf 77' lang='grc' dir='ltr'>τῶν</span> <span class='ocrx_word' id='word_1_250' title='bbox 550 3740 754 3793; x_wconf 72' lang='grc' dir='ltr'>λοιπῶν</span> <span class='ocrx_word' id='word_1_251' title='bbox 781 3740 964 3811; x_wconf 69' lang='grc' dir='ltr'>ἕδρας,</span> <span class='ocrx_word' id='word_1_252' title='bbox 997 3742 1071 3804; x_wconf 82' lang='grc' dir='ltr'>ὡς</span> <span class='ocrx_word' id='word_1_253' title='bbox 1100 3744 1474 3812; x_wconf 70' lang='grc' dir='ltr'>ἀκαθάρτους*</span> <span class='ocrx_word' id='word_1_254' title='bbox 1512 3746 1569 3795; x_wconf 85' lang='grc' dir='ltr'><strong>αί</strong></span> <span class='ocrx_word' id='word_1_255' title='bbox 1613 3743 1723 3813; x_wconf 82' lang='grc' dir='ltr'><strong>γὰρ</strong></span> <span class='ocrx_word' id='word_1_256' title='bbox 1763 3745 1870 3796; x_wconf 81' lang='grc' dir='ltr'>τῶν</span> 
     </span>
    </p>
   </div>
   <div class='ocr_carea' id='block_1_40' title="bbox 299 3829 1872 3905">
    <p class='ocr_par' dir='ltr' id='par_1_40' title="bbox 299 3829 1872 3905">
     <span class='ocr_line' id='line_1_40' title="bbox 299 3829 1872 3905; baseline 0.003 -23"><span class='ocrx_word' id='word_1_257' title='bbox 299 3829 569 3900; x_wconf 73' lang='grc' dir='ltr'>Ἑϐραίων</span> <span class='ocrx_word' id='word_1_258' title='bbox 597 3836 878 3899; x_wconf 83' lang='grc' dir='ltr'>γυναῖκες,</span> <span class='ocrx_word' id='word_1_259' title='bbox 905 3833 1063 3886; x_wconf 84' lang='grc' dir='ltr'>τοῦτο</span> <span class='ocrx_word' id='word_1_260' title='bbox 1107 3837 1434 3904; x_wconf 85' lang='grc' dir='ltr'>πάσχουσαι,</span> <span class='ocrx_word' id='word_1_261' title='bbox 1480 3835 1537 3887; x_wconf 81' lang='grc' dir='ltr'>ἐν</span> <span class='ocrx_word' id='word_1_262' title='bbox 1574 3834 1688 3904; x_wconf 83' lang='grc' dir='ltr'>ἰδίῳ</span> <span class='ocrx_word' id='word_1_263' title='bbox 1722 3837 1872 3905; x_wconf 84' lang='grc' dir='ltr'>τόπῳ</span> 
     </span>
    </p>
   </div>
   <div class='ocr_carea' id='block_1_41' title="bbox 291 3924 1872 4000">
    <p class='ocr_par' dir='ltr' id='par_1_41' title="bbox 291 3924 1872 4000">
     <span class='ocr_line' id='line_1_41' title="bbox 291 3924 1872 4000; baseline 0.005 -25"><span class='ocrx_word' id='word_1_264' title='bbox 291 3925 600 3991; x_wconf 81' lang='grc' dir='ltr'>καθήμεναι</span> <span class='ocrx_word' id='word_1_265' title='bbox 627 3924 1019 3994; x_wconf 78' lang='grc' dir='ltr'>ἡσυχάζουσιν,</span> <span class='ocrx_word' id='word_1_266' title='bbox 1051 3925 1154 3988; x_wconf 73' lang='grc' dir='ltr'>ἓως</span> <span class='ocrx_word' id='word_1_267' title='bbox 1185 3924 1251 3986; x_wconf 79' lang='grc' dir='ltr'>ἂν</span> <span class='ocrx_word' id='word_1_268' title='bbox 1283 3927 1487 3996; x_wconf 78' lang='grc' dir='ltr'>ἡμέραι</span> <span class='ocrx_word' id='word_1_269' title='bbox 1526 3926 1872 4000; x_wconf 74' lang='grc' dir='ltr'>παρέλθωσιν</span> 
     </span>
    </p>
   </div>
   <div class='ocr_carea' id='block_1_42' title="bbox 289 4014 1873 4086">
    <p class='ocr_par' dir='ltr' id='par_1_42' title="bbox 289 4014 1873 4086">
     <span class='ocr_line' id='line_1_42' title="bbox 289 4014 1873 4086; baseline 0.003 -20"><span class='ocrx_word' id='word_1_270' title='bbox 289 4014 452 4077; x_wconf 72' lang='grc' dir='ltr'>ἑπτὰ,</span> <span class='ocrx_word' id='word_1_271' title='bbox 486 4015 580 4066; x_wconf 71' lang='grc' dir='ltr'><strong>καὶ</strong></span> <span class='ocrx_word' id='word_1_272' title='bbox 627 4017 660 4084; x_wconf 73' lang='grc' dir='ltr'>ἡ</span> <span class='ocrx_word' id='word_1_273' title='bbox 705 4015 815 4068; x_wconf 83' lang='grc' dir='ltr'><strong>τῶν</strong></span> <span class='ocrx_word' id='word_1_274' title='bbox 867 4016 1132 4086; x_wconf 69' lang='grc' dir='ltr'>ἐμμήνων</span> <span class='ocrx_word' id='word_1_275' title='bbox 1184 4018 1460 4086; x_wconf 86' lang='grc' dir='ltr'>παύσηται</span> <span class='ocrx_word' id='word_1_276' title='bbox 1505 4019 1693 4086; x_wconf 77' lang='grc' dir='ltr'>ῥύσις·</span> <span class='ocrx_word' id='word_1_277' title='bbox 1735 4016 1873 4070; x_wconf 85' lang='grc' dir='ltr'><strong>ἀλλά</strong></span> 
     </span>
    </p>
   </div>
   <div class='ocr_carea' id='block_1_43' title="bbox 289 4102 1869 4177">
    <p class='ocr_par' dir='ltr' id='par_1_43' title="bbox 289 4102 1869 4177">
     <span class='ocr_line' id='line_1_43' title="bbox 289 4102 1869 4177; baseline 0.004 -20"><span class='ocrx_word' id='word_1_278' title='bbox 289 4105 400 4174; x_wconf 79' lang='grc' dir='ltr'><strong>γὰρ</strong></span> <span class='ocrx_word' id='word_1_279' title='bbox 431 4105 760 4164; x_wconf 82' lang='grc' dir='ltr'>αἱτοιαῦται</span> <span class='ocrx_word' id='word_1_280' title='bbox 799 4105 861 4164; x_wconf 76' lang='grc' dir='ltr'>τὸ</span> <span class='ocrx_word' id='word_1_281' title='bbox 908 4107 1002 4159; x_wconf 83' lang='grc' dir='ltr'>νῦν</span> <span class='ocrx_word' id='word_1_282' title='bbox 1032 4102 1192 4172; x_wconf 76' lang='grc' dir='ltr'>εἶναι,</span> <span class='ocrx_word' id='word_1_283' title='bbox 1229 4107 1329 4177; x_wconf 80' lang='grc' dir='ltr'>οὐχ</span> <span class='ocrx_word' id='word_1_284' title='bbox 1357 4109 1503 4171; x_wconf 83' lang='grc' dir='ltr'>ὅπως</span> <span class='ocrx_word' id='word_1_285' title='bbox 1538 4109 1632 4162; x_wconf 83' lang='grc' dir='ltr'><strong>τοῦ</strong></span> <span class='ocrx_word' id='word_1_286' title='bbox 1677 4109 1869 4164; x_wconf 87' lang='grc' dir='ltr'>θυσια-</span> 
     </span>
    </p>
   </div>
   <div class='ocr_carea' id='block_1_44' title="bbox 289 4197 1870 4271">
    <p class='ocr_par' dir='ltr' id='par_1_44' title="bbox 289 4197 1870 4271">
     <span class='ocr_line' id='line_1_44' title="bbox 289 4197 1870 4271; baseline 0.004 -23"><span class='ocrx_word' id='word_1_287' title='bbox 289 4197 538 4267; x_wconf 79' lang='grc' dir='ltr'>στηρίου,</span> <span class='ocrx_word' id='word_1_288' title='bbox 574 4200 653 4252; x_wconf 76' lang='grc' dir='ltr'><strong>είς</strong></span> <span class='ocrx_word' id='word_1_289' title='bbox 679 4199 816 4268; x_wconf 77' lang='grc' dir='ltr'>ὅπερ</span> <span class='ocrx_word' id='word_1_290' title='bbox 847 4199 1016 4253; x_wconf 83' lang='grc' dir='ltr'>πάλαι</span> <span class='ocrx_word' id='word_1_291' title='bbox 1039 4199 1262 4261; x_wconf 83' lang='grc' dir='ltr'>ταύταις</span> <span class='ocrx_word' id='word_1_292' title='bbox 1293 4202 1473 4268; x_wconf 70' lang='grc' dir='ltr'>ἐφεῖτο</span> <span class='ocrx_word' id='word_1_293' title='bbox 1503 4201 1870 4271; x_wconf 82' lang='grc' dir='ltr'>είσέρχεσθαι,</span> 
     </span>
    </p>
   </div>
   <div class='ocr_carea' id='block_1_45' title="bbox 286 4293 1870 4362">
    <p class='ocr_par' dir='ltr' id='par_1_45' title="bbox 286 4293 1870 4362">
     <span class='ocr_line' id='line_1_45' title="bbox 286 4293 1870 4362; baseline 0.003 -18"><span class='ocrx_word' id='word_1_294' title='bbox 286 4294 426 4346; x_wconf 81' lang='grc' dir='ltr'>ἀλλὰ</span> <span class='ocrx_word' id='word_1_295' title='bbox 457 4295 550 4352; x_wconf 70' lang='grc' dir='ltr'>καὶ</span> <span class='ocrx_word' id='word_1_296' title='bbox 582 4293 676 4351; x_wconf 81' lang='grc' dir='ltr'><strong>τοῦ</strong></span> <span class='ocrx_word' id='word_1_297' title='bbox 703 4296 826 4355; x_wconf 87' lang='grc' dir='ltr'>νεὼ,</span> <span class='ocrx_word' id='word_1_298' title='bbox 859 4297 952 4348; x_wconf 75' lang='grc' dir='ltr'>καὶ</span> <span class='ocrx_word' id='word_1_299' title='bbox 977 4295 1070 4352; x_wconf 79' lang='grc' dir='ltr'><strong>τοῦ</strong></span> <span class='ocrx_word' id='word_1_300' title='bbox 1097 4294 1200 4362; x_wconf 81' lang='grc' dir='ltr'>πρὸ</span> <span class='ocrx_word' id='word_1_301' title='bbox 1235 4295 1327 4351; x_wconf 80' lang='grc' dir='ltr'>τοῦ</span> <span class='ocrx_word' id='word_1_302' title='bbox 1356 4295 1459 4348; x_wconf 85' lang='grc' dir='ltr'><strong>νεὼ</strong></span> <span class='ocrx_word' id='word_1_303' title='bbox 1485 4298 1648 4355; x_wconf 80' lang='grc' dir='ltr'>τόπου</span> <span class='ocrx_word' id='word_1_304' title='bbox 1675 4297 1870 4352; x_wconf 64' lang='grc' dir='ltr'><strong>ὲκὸἀλη</strong></span> 
     </span>
    </p>
   </div>
   <div class='ocr_carea' id='block_1_46' title="bbox 287 4381 494 4444">
    <p class='ocr_par' dir='ltr' id='par_1_46' title="bbox 287 4381 494 4444">
     <span class='ocr_line' id='line_1_46' title="bbox 287 4381 494 4444; baseline 0.019 -6"><span class='ocrx_word' id='word_1_305' title='bbox 287 4381 494 4444; x_wconf 78' lang='grc' dir='ltr'>λονται.</span> 
     </span>
    </p>
   </div>
   <div class='ocr_carea' id='block_1_47' title="bbox 362 4477 1870 4550">
    <p class='ocr_par' dir='ltr' id='par_1_47' title="bbox 362 4477 1870 4550">
     <span class='ocr_line' id='line_1_47' title="bbox 362 4477 1870 4550; baseline 0.005 -19"><span class='ocrx_word' id='word_1_306' title='bbox 362 4478 471 4531; x_wconf 75' lang='grc' dir='ltr'>Καὶ</span> <span class='ocrx_word' id='word_1_307' title='bbox 494 4479 522 4530; x_wconf 83' lang='grc' dir='ltr'><strong>ὁ</strong></span> <span class='ocrx_word' id='word_1_308' title='bbox 567 4483 621 4541; x_wconf 80' lang='grc' dir='ltr'>ς’</span> <span class='ocrx_word' id='word_1_309' title='bbox 655 4477 942 4548; x_wconf 83' lang='grc' dir='ltr'>Τιμοθέου,</span> <span class='ocrx_word' id='word_1_310' title='bbox 979 4477 1089 4540; x_wconf 69' lang='grc' dir='ltr'><strong>Τὰς</strong></span> <span class='ocrx_word' id='word_1_311' title='bbox 1119 4477 1290 4541; x_wconf 78' lang='grc' dir='ltr'>οὕτως</span> <span class='ocrx_word' id='word_1_312' title='bbox 1319 4479 1546 4550; x_wconf 72' lang='grc' dir='ltr'>ἐχούσας</span> <span class='ocrx_word' id='word_1_313' title='bbox 1592 4480 1702 4534; x_wconf 84' lang='grc' dir='ltr'><strong>τῶν</strong></span> <span class='ocrx_word' id='word_1_314' title='bbox 1769 4496 1837 4550; x_wconf 85' lang='grc' dir='ltr'><strong>γυ</strong></span> <span class='ocrx_word' id='word_1_315' title='bbox 1858 4511 1870 4523; x_wconf 78' lang='grc' dir='ltr'><strong>ι</strong></span> 
     </span>
    </p>
   </div>
   <div class='ocr_carea' id='block_1_48' title="bbox 287 4569 1872 4642">
    <p class='ocr_par' dir='ltr' id='par_1_48' title="bbox 287 4569 1872 4642">
     <span class='ocr_line' id='line_1_48' title="bbox 287 4569 1872 4642; baseline 0.004 -22"><span class='ocrx_word' id='word_1_316' title='bbox 287 4569 516 4634; x_wconf 83' lang='grc' dir='ltr'>ναικῶν,</span> <span class='ocrx_word' id='word_1_317' title='bbox 574 4569 707 4636; x_wconf 73' lang='grc' dir='ltr'>πρὶν</span> <span class='ocrx_word' id='word_1_318' title='bbox 743 4569 1116 4640; x_wconf 77' lang='grc' dir='ltr'>καθαρθῆναι,</span> <span class='ocrx_word' id='word_1_319' title='bbox 1171 4571 1462 4641; x_wconf 75' lang='grc' dir='ltr'>ἀθέμιτον,</span> <span class='ocrx_word' id='word_1_320' title='bbox 1533 4574 1691 4642; x_wconf 69' lang='grc' dir='ltr'>φησι,</span> <span class='ocrx_word' id='word_1_321' title='bbox 1762 4571 1872 4629; x_wconf 79' lang='grc' dir='ltr'>τῶν</span> 
     </span>
    </p>
   </div>
   <div class='ocr_carea' id='block_1_49' title="bbox 287 4660 1136 4731">
    <p class='ocr_par' dir='ltr' id='par_1_49' title="bbox 287 4660 1136 4731">
     <span class='ocr_line' id='line_1_49' title="bbox 287 4660 1136 4731; baseline 0.004 -18"><span class='ocrx_word' id='word_1_322' title='bbox 287 4660 453 4714; x_wconf 76' lang='grc' dir='ltr'>θείων</span> <span class='ocrx_word' id='word_1_323' title='bbox 489 4662 767 4714; x_wconf 79' lang='grc' dir='ltr'>κοινωνεῖν</span> <span class='ocrx_word' id='word_1_324' title='bbox 800 4662 1136 4731; x_wconf 81' lang='grc' dir='ltr'>μυστηρίων.</span> 
     </span>
    </p>
   </div>
   <div class='ocr_carea' id='block_1_50' title="bbox 974 4776 1192 4845">
    <p class='ocr_par' dir='ltr' id='par_1_50' title="bbox 974 4776 1192 4845">
     <span class='ocr_line' id='line_1_50' title="bbox 974 4776 1192 4845; baseline 0 -15"><span class='ocrx_word' id='word_1_325' title='bbox 974 4776 1192 4845; x_wconf 81' lang='grc' dir='ltr'>Νόμος.</span> 
     </span>
    </p>
   </div>
   <div class='ocr_carea' id='block_1_51' title="bbox 374 4913 1868 4986">
    <p class='ocr_par' dir='ltr' id='par_1_51' title="bbox 374 4913 1868 4986">
     <span class='ocr_line' id='line_1_51' title="bbox 374 4913 1868 4986; baseline 0.001 -19"><span class='ocrx_word' id='word_1_326' title='bbox 374 4914 435 4968; x_wconf 82' lang='grc' dir='ltr'><strong>Ἦ</strong></span> <span class='ocrx_word' id='word_1_327' title='bbox 467 4915 523 4968; x_wconf 76' lang='grc' dir='ltr'>δὲ</span> <span class='ocrx_word' id='word_1_328' title='bbox 555 4914 620 4985; x_wconf 72' lang='grc' dir='ltr'><strong>ιζ’</strong></span> <span class='ocrx_word' id='word_1_329' title='bbox 642 4915 832 4982; x_wconf 87' lang='grc' dir='ltr'>Νεαρά</span> <span class='ocrx_word' id='word_1_330' title='bbox 870 4915 964 4968; x_wconf 82' lang='grc' dir='ltr'><strong>τοῦ</strong></span> <span class='ocrx_word' id='word_1_331' title='bbox 1000 4915 1264 4986; x_wconf 82' lang='grc' dir='ltr'>βασιλέως</span> <span class='ocrx_word' id='word_1_332' title='bbox 1301 4916 1526 4978; x_wconf 81' lang='grc' dir='ltr'>Λέοντος</span> <span class='ocrx_word' id='word_1_333' title='bbox 1559 4915 1651 4970; x_wconf 79' lang='grc' dir='ltr'>τοῦ</span> <span class='ocrx_word' id='word_1_334' title='bbox 1679 4913 1868 4983; x_wconf 74' lang='grc' dir='ltr'>σοφοῦ,</span> 
     </span>
    </p>
   </div>
   <div class='ocr_carea' id='block_1_52' title="bbox 300 5004 1869 5078">
    <p class='ocr_par' dir='ltr' id='par_1_52' title="bbox 300 5004 1869 5078">
     <span class='ocr_line' id='line_1_52' title="bbox 300 5004 1869 5078; baseline 0.001 -20"><span class='ocrx_word' id='word_1_335' title='bbox 300 5004 611 5076; x_wconf 78' lang='grc' dir='ltr'>ὐρίζομεν,</span> <span class='ocrx_word' id='word_1_336' title='bbox 642 5005 799 5075; x_wconf 66' lang='grc' dir='ltr'>φησὶ,</span> <span class='ocrx_word' id='word_1_337' title='bbox 823 5005 951 5078; x_wconf 62' lang='grc' dir='ltr'><strong>περ)⁸</strong></span> <span class='ocrx_word' id='word_1_338' title='bbox 974 5007 1079 5060; x_wconf 85' lang='grc' dir='ltr'>τῶν</span> <span class='ocrx_word' id='word_1_339' title='bbox 1101 5006 1372 5062; x_wconf 84' lang='grc' dir='ltr'>τεκουσῶν</span> <span class='ocrx_word' id='word_1_340' title='bbox 1399 5005 1694 5074; x_wconf 80' lang='grc' dir='ltr'>γυναικῶν,</span> <span class='ocrx_word' id='word_1_341' title='bbox 1724 5007 1779 5058; x_wconf 78' lang='grc' dir='ltr'>αἳ</span> <span class='ocrx_word' id='word_1_342' title='bbox 1803 5008 1869 5076; x_wconf 73' lang='grc' dir='ltr'><strong>τῇ</strong></span> 
     </span>
    </p>
   </div>
   <div class='ocr_carea' id='block_1_53' title="bbox 291 5097 1869 5169">
    <p class='ocr_par' dir='ltr' id='par_1_53' title="bbox 291 5097 1869 5169">
     <span class='ocr_line' id='line_1_53' title="bbox 291 5097 1869 5169; baseline -0.001 -21"><span class='ocrx_word' id='word_1_343' title='bbox 291 5101 500 5168; x_wconf 78' lang='grc' dir='ltr'>φυσικῇ</span> <span class='ocrx_word' id='word_1_344' title='bbox 533 5097 894 5167; x_wconf 80' lang='grc' dir='ltr'>καθαίρεσθαι</span> <span class='ocrx_word' id='word_1_345' title='bbox 919 5097 1144 5151; x_wconf 78' lang='grc' dir='ltr'>εἰώθασι</span> <span class='ocrx_word' id='word_1_346' title='bbox 1179 5097 1357 5169; x_wconf 78' lang='grc' dir='ltr'>ῥύσει,</span> <span class='ocrx_word' id='word_1_347' title='bbox 1395 5097 1585 5165; x_wconf 78' lang='grc' dir='ltr'>ἑτέρας</span> <span class='ocrx_word' id='word_1_348' title='bbox 1639 5097 1713 5166; x_wconf 80' lang='grc' dir='ltr'>μὴ</span> <span class='ocrx_word' id='word_1_349' title='bbox 1747 5099 1869 5150; x_wconf 65' lang='grc' dir='ltr'>ἐπι-</span> 
     </span>
    </p>
   </div>
   <div class='ocr_carea' id='block_1_54' title="bbox 289 5187 1871 5262">
    <p class='ocr_par' dir='ltr' id='par_1_54' title="bbox 289 5187 1871 5262">
     <span class='ocr_line' id='line_1_54' title="bbox 289 5187 1871 5262; baseline -0.002 -20"><span class='ocrx_word' id='word_1_350' title='bbox 289 5191 552 5262; x_wconf 80' lang='grc' dir='ltr'>κειμένης</span> <span class='ocrx_word' id='word_1_351' title='bbox 601 5189 792 5252; x_wconf 75' lang='grc' dir='ltr'>αὑταῖς</span> <span class='ocrx_word' id='word_1_352' title='bbox 842 5189 1184 5244; x_wconf 66' lang='grc' dir='ltr'>ἐπικινδύνου</span> <span class='ocrx_word' id='word_1_353' title='bbox 1234 5188 1540 5252; x_wconf 87' lang='grc' dir='ltr'>ἀσθενείας,</span> <span class='ocrx_word' id='word_1_354' title='bbox 1603 5187 1764 5258; x_wconf 84' lang='grc' dir='ltr'>μέχρι</span> <span class='ocrx_word' id='word_1_355' title='bbox 1815 5192 1871 5256; x_wconf 84' lang='grc' dir='ltr'>μ’</span> 
     </span>
    </p>
   </div>
   <div class='ocr_carea' id='block_1_55' title="bbox 289 5278 1868 5352">
    <p class='ocr_par' dir='ltr' id='par_1_55' title="bbox 289 5278 1868 5352">
     <span class='ocr_line' id='line_1_55' title="bbox 289 5278 1868 5352; baseline -0.001 -19"><span class='ocrx_word' id='word_1_356' title='bbox 289 5281 516 5350; x_wconf 77' lang='grc' dir='ltr'>ἡμερῶν</span> <span class='ocrx_word' id='word_1_357' title='bbox 541 5282 952 5352; x_wconf 85' lang='grc' dir='ltr'>ὑπερτίθεσθαι,</span> <span class='ocrx_word' id='word_1_358' title='bbox 983 5283 1081 5342; x_wconf 76' lang='grc' dir='ltr'>τὰς</span> <span class='ocrx_word' id='word_1_359' title='bbox 1115 5282 1216 5352; x_wconf 78' lang='grc' dir='ltr'>μὲν</span> <span class='ocrx_word' id='word_1_360' title='bbox 1245 5280 1570 5343; x_wconf 82' lang='grc' dir='ltr'>ἀτελέστους</span> <span class='ocrx_word' id='word_1_361' title='bbox 1597 5281 1654 5331; x_wconf 78' lang='grc' dir='ltr'>τὸ</span> <span class='ocrx_word' id='word_1_362' title='bbox 1698 5278 1868 5349; x_wconf 78' lang='grc' dir='ltr'>φώτι-</span> 
     </span>
    </p>
   </div>
   <div class='ocr_carea' id='block_1_56' title="bbox 291 5371 1868 5444">
    <p class='ocr_par' dir='ltr' id='par_1_56' title="bbox 291 5371 1868 5444">
     <span class='ocr_line' id='line_1_56' title="bbox 291 5371 1868 5444; baseline -0.002 -19"><span class='ocrx_word' id='word_1_363' title='bbox 291 5391 431 5442; x_wconf 87' lang='grc' dir='ltr'>σμα,</span> <span class='ocrx_word' id='word_1_364' title='bbox 460 5373 558 5435; x_wconf 81' lang='grc' dir='ltr'><strong>τὰς</strong></span> <span class='ocrx_word' id='word_1_365' title='bbox 581 5373 636 5424; x_wconf 74' lang='grc' dir='ltr'>δὲ</span> <span class='ocrx_word' id='word_1_366' title='bbox 668 5373 1258 5444; x_wconf 77' lang='grc' dir='ltr'>μεμυσταγωγημένας</span> <span class='ocrx_word' id='word_1_367' title='bbox 1307 5372 1404 5444; x_wconf 82' lang='grc' dir='ltr'>τὴν</span> <span class='ocrx_word' id='word_1_368' title='bbox 1435 5371 1542 5424; x_wconf 85' lang='grc' dir='ltr'><strong>τῶν</strong></span> <span class='ocrx_word' id='word_1_369' title='bbox 1575 5371 1734 5423; x_wconf 84' lang='grc' dir='ltr'>θείων</span> <span class='ocrx_word' id='word_1_370' title='bbox 1767 5389 1868 5440; x_wconf 84' lang='grc' dir='ltr'>μυ-</span> 
     </span>
    </p>
   </div>
   <div class='ocr_carea' id='block_1_57' title="bbox 293 5463 1868 5535">
    <p class='ocr_par' dir='ltr' id='par_1_57' title="bbox 293 5463 1868 5535">
     <span class='ocr_line' id='line_1_57' title="bbox 293 5463 1868 5535; baseline -0.003 -17"><span class='ocrx_word' id='word_1_371' title='bbox 293 5466 535 5533; x_wconf 80' lang='grc' dir='ltr'>στηρίων</span> <span class='ocrx_word' id='word_1_372' title='bbox 600 5464 935 5535; x_wconf 68' lang='grc' dir='ltr'>μετάληψινο</span> <span class='ocrx_word' id='word_1_373' title='bbox 998 5465 1306 5535; x_wconf 80' lang='grc' dir='ltr'>νοσήματος</span> <span class='ocrx_word' id='word_1_374' title='bbox 1365 5464 1420 5516; x_wconf 78' lang='grc' dir='ltr'>δέ</span> <span class='ocrx_word' id='word_1_375' title='bbox 1477 5480 1618 5525; x_wconf 83' lang='grc' dir='ltr'>τινος</span> <span class='ocrx_word' id='word_1_376' title='bbox 1677 5463 1868 5526; x_wconf 73' lang='grc' dir='ltr'>αὐταῖς</span> 
     </span>
    </p>
   </div>
   <div class='ocr_carea' id='block_1_58' title="bbox 289 5553 1868 5628">
    <p class='ocr_par' dir='ltr' id='par_1_58' title="bbox 289 5553 1868 5628">
     <span class='ocr_line' id='line_1_58' title="bbox 289 5553 1868 5628; baseline -0.003 -17"><span class='ocrx_word' id='word_1_377' title='bbox 289 5558 771 5628; x_wconf 76' lang='grc' dir='ltr'>κατασκήψαντος,</span> <span class='ocrx_word' id='word_1_378' title='bbox 817 5559 910 5610; x_wconf 76' lang='grc' dir='ltr'>καὶ</span> <span class='ocrx_word' id='word_1_379' title='bbox 945 5556 1042 5628; x_wconf 77' lang='grc' dir='ltr'>τὴν</span> <span class='ocrx_word' id='word_1_380' title='bbox 1079 5555 1465 5626; x_wconf 73' lang='grc' dir='ltr'>καταστροφὴν</span> <span class='ocrx_word' id='word_1_381' title='bbox 1516 5553 1868 5620; x_wconf 82' lang='grc' dir='ltr'>ἀπειλοῦντος</span> 
     </span>
    </p>
   </div>
   <div class='ocr_carea' id='block_1_59' title="bbox 287 5647 1865 5720">
    <p class='ocr_par' dir='ltr' id='par_1_59' title="bbox 287 5647 1865 5720">
     <span class='ocr_line' id='line_1_59' title="bbox 287 5647 1865 5720; baseline -0.003 -17"><span class='ocrx_word' id='word_1_382' title='bbox 287 5652 384 5703; x_wconf 75' lang='grc' dir='ltr'>τοῦ</span> <span class='ocrx_word' id='word_1_383' title='bbox 439 5651 576 5720; x_wconf 67' lang='grc' dir='ltr'>βίον,</span> <span class='ocrx_word' id='word_1_384' title='bbox 633 5651 728 5712; x_wconf 86' lang='grc' dir='ltr'>τὰς</span> <span class='ocrx_word' id='word_1_385' title='bbox 784 5649 881 5718; x_wconf 82' lang='grc' dir='ltr'>μὲν</span> <span class='ocrx_word' id='word_1_386' title='bbox 936 5650 1030 5703; x_wconf 77' lang='grc' dir='ltr'>τοῦ</span> <span class='ocrx_word' id='word_1_387' title='bbox 1085 5649 1434 5719; x_wconf 77' lang='grc' dir='ltr'>φωτίτματος</span> <span class='ocrx_word' id='word_1_388' title='bbox 1477 5648 1570 5710; x_wconf 74' lang='grc' dir='ltr'>τὰς</span> <span class='ocrx_word' id='word_1_389' title='bbox 1633 5647 1712 5713; x_wconf 79' lang='grc' dir='ltr'>δὲ,</span> <span class='ocrx_word' id='word_1_390' title='bbox 1757 5647 1865 5700; x_wconf 75' lang='grc' dir='ltr'>τῶν</span> 
     </span>
    </p>
   </div>
   <div class='ocr_carea' id='block_1_60' title="bbox 288 5739 1160 5810">
    <p class='ocr_par' dir='ltr' id='par_1_60' title="bbox 288 5739 1160 5810">
     <span class='ocr_line' id='line_1_60' title="bbox 288 5739 1160 5810; baseline -0.001 -15"><span class='ocrx_word' id='word_1_391' title='bbox 288 5742 647 5810; x_wconf 68' lang='grc' dir='ltr'>ἁγιασμὰτων</span> <span class='ocrx_word' id='word_1_392' title='bbox 676 5741 832 5804; x_wconf 64' lang='grc' dir='ltr'>εὐθὺς</span> <span class='ocrx_word' id='word_1_393' title='bbox 861 5739 1160 5804; x_wconf 64' lang='grc' dir='ltr'>ἀξιοῦσθαι.</span> 
     </span>
    </p>
   </div>
   <div class='ocr_carea' id='block_1_61' title="bbox 2686 561 2864 630">
    <p class='ocr_par' dir='ltr' id='par_1_61' title="bbox 2686 561 2864 630">
     <span class='ocr_line' id='line_1_61' title="bbox 2686 561 2864 630; baseline 0.022 -18"><span class='ocrx_word' id='word_1_394' title='bbox 2686 561 2864 630; x_wconf 71' lang='lat' dir='ltr'><strong>Leges.</strong></span> 
     </span>
    </p>
   </div>
   <div class='ocr_carea' id='block_1_62' title="bbox 2052 669 3556 740">
    <p class='ocr_par' dir='ltr' id='par_1_62' title="bbox 2052 669 3556 740">
     <span class='ocr_line' id='line_1_62' title="bbox 2052 669 3556 740; baseline 0.001 -18"><span class='ocrx_word' id='word_1_395' title='bbox 2052 671 2227 725; x_wconf 84' lang='lat' dir='ltr'><strong>Debet</strong></span> <span class='ocrx_word' id='word_1_396' title='bbox 2275 669 2629 740; x_wconf 70' lang='lat' dir='ltr'><strong>magistratus</strong></span> <span class='ocrx_word' id='word_1_397' title='bbox 2675 669 2919 724; x_wconf 80' lang='lat' dir='ltr'><strong>divinam</strong></span> <span class='ocrx_word' id='word_1_398' title='bbox 2970 680 3244 733; x_wconf 86' lang='lat' dir='ltr'><strong>naturam.</strong></span> <span class='ocrx_word' id='word_1_399' title='bbox 3286 680 3556 740; x_wconf 88' lang='lat' dir='ltr'><strong>quantum</strong></span> 
     </span>
    </p>
   </div>
   <div class='ocr_carea' id='block_1_63' title="bbox 1981 760 3554 833">
    <p class='ocr_par' dir='ltr' id='par_1_63' title="bbox 1981 760 3554 833">
     <span class='ocr_line' id='line_1_63' title="bbox 1981 760 3554 833; baseline 0.001 -17"><span class='ocrx_word' id='word_1_400' title='bbox 1981 762 2243 832; x_wconf 78' lang='lat' dir='ltr'><strong>possibile</strong></span> <span class='ocrx_word' id='word_1_401' title='bbox 2282 771 2386 827; x_wconf 88' lang='lat' dir='ltr'><strong>est,</strong></span> <span class='ocrx_word' id='word_1_402' title='bbox 2435 760 2659 825; x_wconf 83' lang='lat' dir='ltr'><strong>imitari,</strong></span> <span class='ocrx_word' id='word_1_403' title='bbox 2715 771 2768 815; x_wconf 91' lang='lat' dir='ltr'><strong>et</strong></span> <span class='ocrx_word' id='word_1_404' title='bbox 2808 777 2935 833; x_wconf 80' lang='lat' dir='ltr'><strong>erga</strong></span> <span class='ocrx_word' id='word_1_405' title='bbox 2988 777 3178 819; x_wconf 87' lang='lat' dir='ltr'><strong>omnes</strong></span> <span class='ocrx_word' id='word_1_406' title='bbox 3239 762 3554 817; x_wconf 80' lang='lat' dir='ltr'><strong>misericors</strong></span> 
     </span>
    </p>
   </div>
   <div class='ocr_carea' id='block_1_64' title="bbox 1981 853 3554 925">
    <p class='ocr_par' dir='ltr' id='par_1_64' title="bbox 1981 853 3554 925">
     <span class='ocr_line' id='line_1_64' title="bbox 1981 853 3554 925; baseline 0 -17"><span class='ocrx_word' id='word_1_407' title='bbox 1981 870 2127 916; x_wconf 88' lang='lat' dir='ltr'><strong>esse,</strong></span> <span class='ocrx_word' id='word_1_408' title='bbox 2174 855 2502 923; x_wconf 89' lang='lat' dir='ltr'><strong>iujuriarum</strong></span> <span class='ocrx_word' id='word_1_409' title='bbox 2537 853 2771 924; x_wconf 71' lang='lat' dir='ltr'><strong>patiens,</strong></span> <span class='ocrx_word' id='word_1_410' title='bbox 2799 871 2906 909; x_wconf 89' lang='lat' dir='ltr'><strong>non</strong></span> <span class='ocrx_word' id='word_1_411' title='bbox 2939 871 3245 925; x_wconf 86' lang='lat' dir='ltr'><strong>propensus</strong></span> <span class='ocrx_word' id='word_1_412' title='bbox 3277 857 3341 908; x_wconf 88' lang='lat' dir='ltr'><strong>ad</strong></span> <span class='ocrx_word' id='word_1_413' title='bbox 3395 856 3554 918; x_wconf 87' lang='lat' dir='ltr'><strong>iram,</strong></span> 
     </span>
    </p>
   </div>
   <div class='ocr_carea' id='block_1_65' title="bbox 1983 947 3560 1017">
    <p class='ocr_par' dir='ltr' id='par_1_65' title="bbox 1983 947 3560 1017">
     <span class='ocr_line' id='line_1_65' title="bbox 1983 947 3560 1017; baseline 0.002 -19"><span class='ocrx_word' id='word_1_414' title='bbox 1983 961 2343 1017; x_wconf 87' lang='lat' dir='ltr'><strong>personarum</strong></span> <span class='ocrx_word' id='word_1_415' title='bbox 2381 959 2490 1000; x_wconf 89' lang='lat' dir='ltr'><strong>non</strong></span> <span class='ocrx_word' id='word_1_416' title='bbox 2522 956 2800 1017; x_wconf 88' lang='lat' dir='ltr'><strong>acceptor,</strong></span> <span class='ocrx_word' id='word_1_417' title='bbox 2844 947 3164 1002; x_wconf 78' lang='lat' dir='ltr'><strong>muneribus</strong></span> <span class='ocrx_word' id='word_1_418' title='bbox 3197 963 3253 1000; x_wconf 87' lang='lat' dir='ltr'><strong>se</strong></span> <span class='ocrx_word' id='word_1_419' title='bbox 3277 947 3560 1016; x_wconf 87' lang='lat' dir='ltr'><strong>corrumpi</strong></span> 
     </span>
    </p>
   </div>
   <div class='ocr_carea' id='block_1_66' title="bbox 1983 1033 3561 1105">
    <p class='ocr_par' dir='ltr' id='par_1_66' title="bbox 1983 1033 3561 1105">
     <span class='ocr_line' id='line_1_66' title="bbox 1983 1033 3561 1105; baseline 0 -17"><span class='ocrx_word' id='word_1_420' title='bbox 1983 1051 2088 1088; x_wconf 82' lang='lat' dir='ltr'><strong>non</strong></span> <span class='ocrx_word' id='word_1_421' title='bbox 2123 1036 2336 1101; x_wconf 75' lang='lat' dir='ltr'><strong>sinetis,</strong></span> <span class='ocrx_word' id='word_1_422' title='bbox 2373 1045 2426 1090; x_wconf 86' lang='lat' dir='ltr'><strong>et</strong></span> <span class='ocrx_word' id='word_1_423' title='bbox 2460 1037 2910 1093; x_wconf 71' lang='lat' dir='ltr'><strong>accusationibus</strong></span> <span class='ocrx_word' id='word_1_424' title='bbox 2939 1033 3304 1105; x_wconf 72' lang='lat' dir='ltr'><strong>comitiisque</strong></span> <span class='ocrx_word' id='word_1_425' title='bbox 3337 1054 3442 1090; x_wconf 85' lang='lat' dir='ltr'><strong>non</strong></span> <span class='ocrx_word' id='word_1_426' title='bbox 3478 1036 3561 1089; x_wconf 73' lang='lat' dir='ltr'><strong>ia-</strong></span> 
     </span>
    </p>
   </div>
   <div class='ocr_carea' id='block_1_67' title="bbox 1980 1124 3567 1184">
    <p class='ocr_par' dir='ltr' id='par_1_67' title="bbox 1980 1124 3567 1184">
     <span class='ocr_line' id='line_1_67' title="bbox 1980 1124 3567 1184; baseline 0.003 -6"><span class='ocrx_word' id='word_1_427' title='bbox 1980 1124 2084 1179; x_wconf 88' lang='lat' dir='ltr'><strong>cile</strong></span> <span class='ocrx_word' id='word_1_428' title='bbox 2118 1135 2173 1180; x_wconf 90' lang='lat' dir='ltr'><strong>et</strong></span> <span class='ocrx_word' id='word_1_429' title='bbox 2200 1126 2320 1180; x_wconf 87' lang='lat' dir='ltr'><strong>sine</strong></span> <span class='ocrx_word' id='word_1_430' title='bbox 2351 1127 2757 1181; x_wconf 75' lang='lat' dir='ltr'><strong>examinatione</strong></span> <span class='ocrx_word' id='word_1_431' title='bbox 2811 1128 2970 1182; x_wconf 86' lang='lat' dir='ltr'><strong>[idem</strong></span> <span class='ocrx_word' id='word_1_432' title='bbox 3011 1129 3170 1183; x_wconf 86' lang='lat' dir='ltr'><strong>dans.</strong></span> <span class='ocrx_word' id='word_1_433' title='bbox 3207 1129 3278 1181; x_wconf 64' lang='lat' dir='ltr'><strong>Ex</strong></span> <span class='ocrx_word' id='word_1_434' title='bbox 3317 1145 3381 1182; x_wconf 91' lang='lat' dir='ltr'><strong>eo</strong></span> <span class='ocrx_word' id='word_1_435' title='bbox 3410 1130 3567 1184; x_wconf 81' lang='lat' dir='ltr'><strong>enim.</strong></span> 
     </span>
    </p>
   </div>
   <div class='ocr_carea' id='block_1_68' title="bbox 1980 1218 3560 1290">
    <p class='ocr_par' dir='ltr' id='par_1_68' title="bbox 1980 1218 3560 1290">
     <span class='ocr_line' id='line_1_68' title="bbox 1980 1218 3560 1290; baseline 0.003 -21"><span class='ocrx_word' id='word_1_436' title='bbox 1980 1218 2126 1287; x_wconf 87' lang='lat' dir='ltr'><strong>quod</strong></span> <span class='ocrx_word' id='word_1_437' title='bbox 2157 1219 2520 1288; x_wconf 74' lang='lat' dir='ltr'><strong>magistratus</strong></span> <span class='ocrx_word' id='word_1_438' title='bbox 2553 1221 2932 1290; x_wconf 77' lang='lat' dir='ltr'><strong>passionibus,</strong></span> <span class='ocrx_word' id='word_1_439' title='bbox 2967 1236 3089 1290; x_wconf 59' lang='lat' dir='ltr'><strong>qua!</strong></span> <span class='ocrx_word' id='word_1_440' title='bbox 3108 1221 3403 1274; x_wconf 78' lang='lat' dir='ltr'><strong>\‘irtulibus</strong></span> <span class='ocrx_word' id='word_1_441' title='bbox 3423 1235 3560 1273; x_wconf 80' lang='lat' dir='ltr'><strong>enu-</strong></span> 
     </span>
    </p>
   </div>
   <div class='ocr_carea' id='block_1_69' title="bbox 1980 1283 3562 1381">
    <p class='ocr_par' dir='ltr' id='par_1_69' title="bbox 1980 1283 3562 1381">
     <span class='ocr_line' id='line_1_69' title="bbox 1980 1283 3562 1381; baseline 0.002 -20"><span class='ocrx_word' id='word_1_442' title='bbox 1980 1309 2206 1367; x_wconf 87' lang='lat' dir='ltr'><strong>nteratis</strong></span> <span class='ocrx_word' id='word_1_443' title='bbox 2237 1312 2526 1366; x_wconf 69' lang='lat' dir='ltr'><strong>contrariae</strong></span> <span class='ocrx_word' id='word_1_444' title='bbox 2557 1321 2712 1377; x_wconf 90' lang='lat' dir='ltr'><strong>sunt,</strong></span> <span class='ocrx_word' id='word_1_445' title='bbox 2746 1283 3022 1369; x_wconf 73' lang='lat' dir='ltr'><strong>obnoxius</strong></span> <span class='ocrx_word' id='word_1_446' title='bbox 3055 1313 3149 1381; x_wconf 87' lang='lat' dir='ltr'><strong>sil,</strong></span> <span class='ocrx_word' id='word_1_447' title='bbox 3175 1313 3330 1366; x_wconf 89' lang='lat' dir='ltr'><strong>multi</strong></span> <span class='ocrx_word' id='word_1_448' title='bbox 3361 1312 3562 1381; x_wconf 80' lang='lat' dir='ltr'><strong>injuste</strong></span> 
     </span>
    </p>
   </div>
   <div class='ocr_carea' id='block_1_70' title="bbox 1979 1403 3224 1475">
    <p class='ocr_par' dir='ltr' id='par_1_70' title="bbox 1979 1403 3224 1475">
     <span class='ocr_line' id='line_1_70' title="bbox 1979 1403 3224 1475; baseline 0.002 -17"><span class='ocrx_word' id='word_1_449' title='bbox 1979 1417 2359 1471; x_wconf 64' lang='lat' dir='ltr'><strong>saepenumero</strong></span> <span class='ocrx_word' id='word_1_450' title='bbox 2396 1403 2446 1457; x_wconf 93' lang='lat' dir='ltr'><strong>in</strong></span> <span class='ocrx_word' id='word_1_451' title='bbox 2481 1405 2785 1475; x_wconf 89' lang='lat' dir='ltr'><strong>periculum</strong></span> <span class='ocrx_word' id='word_1_452' title='bbox 2821 1405 3042 1460; x_wconf 90' lang='lat' dir='ltr'><strong>adducti</strong></span> <span class='ocrx_word' id='word_1_453' title='bbox 3077 1419 3224 1461; x_wconf 88' lang='lat' dir='ltr'><strong>sunt.</strong></span> 
     </span>
    </p>
   </div>
   <div class='ocr_carea' id='block_1_71' title="bbox 2051 1493 3560 1566">
    <p class='ocr_par' dir='ltr' id='par_1_71' title="bbox 2051 1493 3560 1566">
     <span class='ocr_line' id='line_1_71' title="bbox 2051 1493 3560 1566; baseline 0.007 -17"><span class='ocrx_word' id='word_1_454' title='bbox 2051 1493 2190 1549; x_wconf 85' lang='lat' dir='ltr'><strong>Tres</strong></span> <span class='ocrx_word' id='word_1_455' title='bbox 2233 1504 2363 1552; x_wconf 90' lang='lat' dir='ltr'><strong>sunt</strong></span> <span class='ocrx_word' id='word_1_456' title='bbox 2403 1495 2532 1552; x_wconf 84' lang='lat' dir='ltr'><strong>boni</strong></span> <span class='ocrx_word' id='word_1_457' title='bbox 2567 1496 2924 1566; x_wconf 79' lang='lat' dir='ltr'><strong>magistratus</strong></span> <span class='ocrx_word' id='word_1_458' title='bbox 2950 1499 3298 1555; x_wconf 81' lang='lat' dir='ltr'><strong>characteres</strong></span> <span class='ocrx_word' id='word_1_459' title='bbox 3327 1520 3340 1556; x_wconf 90' lang='lat'><strong>:</strong></span> <span class='ocrx_word' id='word_1_460' title='bbox 3375 1504 3560 1560; x_wconf 63' lang='lat' dir='ltr'><strong>humi.</strong></span> 
     </span>
    </p>
   </div>
   <div class='ocr_carea' id='block_1_72' title="bbox 1981 1583 3557 1658">
    <p class='ocr_par' dir='ltr' id='par_1_72' title="bbox 1981 1583 3557 1658">
     <span class='ocr_line' id='line_1_72' title="bbox 1981 1583 3557 1658; baseline 0.008 -22"><span class='ocrx_word' id='word_1_461' title='bbox 1981 1583 2111 1637; x_wconf 85' lang='lat' dir='ltr'><strong>litas</strong></span> <span class='ocrx_word' id='word_1_462' title='bbox 2155 1597 2285 1654; x_wconf 69' lang='lat' dir='ltr'><strong>erga</strong></span> <span class='ocrx_word' id='word_1_463' title='bbox 2319 1583 2432 1638; x_wconf 91' lang='lat' dir='ltr'><strong>Deo</strong></span> <span class='ocrx_word' id='word_1_464' title='bbox 2474 1596 2848 1650; x_wconf 91' lang='lat' dir='ltr'><strong>consecratos,</strong></span> <span class='ocrx_word' id='word_1_465' title='bbox 2897 1587 3228 1658; x_wconf 85' lang='lat' dir='ltr'><strong>simplicitas</strong></span> <span class='ocrx_word' id='word_1_466' title='bbox 3279 1592 3332 1646; x_wconf 94' lang='lat' dir='ltr'><strong>in</strong></span> <span class='ocrx_word' id='word_1_467' title='bbox 3368 1596 3557 1648; x_wconf 80' lang='lat' dir='ltr'><strong>convi-</strong></span> 
     </span>
    </p>
   </div>
   <div class='ocr_carea' id='block_1_73' title="bbox 1980 1673 3555 1748">
    <p class='ocr_par' dir='ltr' id='par_1_73' title="bbox 1980 1673 3555 1748">
     <span class='ocr_line' id='line_1_73' title="bbox 1980 1673 3555 1748; baseline 0.013 -25"><span class='ocrx_word' id='word_1_468' title='bbox 1980 1673 2104 1737; x_wconf 83' lang='lat' dir='ltr'><strong>viis,</strong></span> <span class='ocrx_word' id='word_1_469' title='bbox 2126 1673 2189 1740; x_wconf 76' lang='lat' dir='ltr'><strong>in</strong></span> <span class='ocrx_word' id='word_1_470' title='bbox 2232 1675 2459 1743; x_wconf 88' lang='lat' dir='ltr'><strong>judiciis</strong></span> <span class='ocrx_word' id='word_1_471' title='bbox 2502 1692 2610 1730; x_wconf 91' lang='lat' dir='ltr'><strong>non</strong></span> <span class='ocrx_word' id='word_1_472' title='bbox 2638 1678 2912 1746; x_wconf 83' lang='lat' dir='ltr'><strong>respicere</strong></span> <span class='ocrx_word' id='word_1_473' title='bbox 2941 1693 3226 1748; x_wconf 84' lang='lat' dir='ltr'><strong>personas,</strong></span> <span class='ocrx_word' id='word_1_474' title='bbox 3273 1695 3324 1736; x_wconf 88' lang='lat' dir='ltr'><strong>ct</strong></span> <span class='ocrx_word' id='word_1_475' title='bbox 3360 1701 3555 1742; x_wconf 90' lang='lat' dir='ltr'><strong>mune-</strong></span> 
     </span>
    </p>
   </div>
   <div class='ocr_carea' id='block_1_74' title="bbox 1983 1764 2604 1838">
    <p class='ocr_par' dir='ltr' id='par_1_74' title="bbox 1983 1764 2604 1838">
     <span class='ocr_line' id='line_1_74' title="bbox 1983 1764 2604 1838; baseline 0.011 -22"><span class='ocrx_word' id='word_1_476' title='bbox 1983 1764 2132 1818; x_wconf 82' lang='lat' dir='ltr'><strong>ribus</strong></span> <span class='ocrx_word' id='word_1_477' title='bbox 2166 1781 2274 1821; x_wconf 92' lang='lat' dir='ltr'><strong>non</strong></span> <span class='ocrx_word' id='word_1_478' title='bbox 2306 1769 2604 1838; x_wconf 85' lang='lat' dir='ltr'><strong>corrumpi.</strong></span> 
     </span>
    </p>
   </div>
   <div class='ocr_carea' id='block_1_75' title="bbox 2050 1858 3557 1933">
    <p class='ocr_par' dir='ltr' id='par_1_75' title="bbox 2050 1858 3557 1933">
     <span class='ocr_line' id='line_1_75' title="bbox 2050 1858 3557 1933; baseline 0.007 -21"><span class='ocrx_word' id='word_1_479' title='bbox 2050 1858 2400 1929; x_wconf 72' lang='lat' dir='ltr'><strong>Magistratus</strong></span> <span class='ocrx_word' id='word_1_480' title='bbox 2456 1863 2524 1916; x_wconf 93' lang='lat' dir='ltr'><strong>iis</strong></span> <span class='ocrx_word' id='word_1_481' title='bbox 2552 1862 2646 1933; x_wconf 90' lang='lat' dir='ltr'><strong>qui</strong></span> <span class='ocrx_word' id='word_1_482' title='bbox 2699 1861 2762 1914; x_wconf 88' lang='lat' dir='ltr'><strong>ad</strong></span> <span class='ocrx_word' id='word_1_483' title='bbox 2799 1877 2921 1917; x_wconf 90' lang='lat' dir='ltr'><strong>eum</strong></span> <span class='ocrx_word' id='word_1_484' title='bbox 2959 1865 3274 1930; x_wconf 88' lang='lat' dir='ltr'><strong>adveniunt,</strong></span> <span class='ocrx_word' id='word_1_485' title='bbox 3323 1867 3557 1923; x_wconf 70' lang='lat' dir='ltr'><strong>affabilis</strong></span> 
     </span>
    </p>
   </div>
   <div class='ocr_carea' id='block_1_76' title="bbox 1981 1951 3557 2025">
    <p class='ocr_par' dir='ltr' id='par_1_76' title="bbox 1981 1951 3557 2025">
     <span class='ocr_line' id='line_1_76' title="bbox 1981 1951 3557 2025; baseline 0.006 -21"><span class='ocrx_word' id='word_1_486' title='bbox 1981 1951 2071 2012; x_wconf 72' lang='lat' dir='ltr'><strong>sit,</strong></span> <span class='ocrx_word' id='word_1_487' title='bbox 2138 1951 2231 2006; x_wconf 88' lang='lat' dir='ltr'><strong>sed</strong></span> <span class='ocrx_word' id='word_1_488' title='bbox 2291 1969 2391 2008; x_wconf 87' lang='lat' dir='ltr'><strong>nec</strong></span> <span class='ocrx_word' id='word_1_489' title='bbox 2440 1953 2512 2008; x_wconf 88' lang='lat' dir='ltr'><strong>ita</strong></span> <span class='ocrx_word' id='word_1_490' title='bbox 2566 1963 2705 2008; x_wconf 88' lang='lat' dir='ltr'><strong>utse</strong></span> <span class='ocrx_word' id='word_1_491' title='bbox 2746 1956 3020 2009; x_wconf 90' lang='lat' dir='ltr'><strong>contemni</strong></span> <span class='ocrx_word' id='word_1_492' title='bbox 3070 1958 3335 2025; x_wconf 81' lang='lat' dir='ltr'><strong>patiatur;</strong></span> <span class='ocrx_word' id='word_1_493' title='bbox 3385 1970 3437 2011; x_wconf 88' lang='lat' dir='ltr'><strong>et</strong></span> <span class='ocrx_word' id='word_1_494' title='bbox 3489 1976 3557 2014; x_wconf 91' lang='lat' dir='ltr'><strong>ne</strong></span> 
     </span>
    </p>
   </div>
   <div class='ocr_carea' id='block_1_77' title="bbox 1979 2044 3555 2114">
    <p class='ocr_par' dir='ltr' id='par_1_77' title="bbox 1979 2044 3555 2114">
     <span class='ocr_line' id='line_1_77' title="bbox 1979 2044 3555 2114; baseline 0.004 -20"><span class='ocrx_word' id='word_1_495' title='bbox 1979 2044 2172 2109; x_wconf 66' lang='lat' dir='ltr'><strong>mquali</strong></span> <span class='ocrx_word' id='word_1_496' title='bbox 2217 2044 2643 2099; x_wconf 85' lang='lat' dir='ltr'><strong>conversatione</strong></span> <span class='ocrx_word' id='word_1_497' title='bbox 2692 2060 2818 2100; x_wconf 91' lang='lat' dir='ltr'><strong>cum</strong></span> <span class='ocrx_word' id='word_1_498' title='bbox 2867 2045 3299 2114; x_wconf 82' lang='lat' dir='ltr'><strong>provincialibus</strong></span> <span class='ocrx_word' id='word_1_499' title='bbox 3337 2058 3555 2111; x_wconf 87' lang='lat' dir='ltr'><strong>utatur;</strong></span> 
     </span>
    </p>
   </div>
   <div class='ocr_carea' id='block_1_78' title="bbox 1981 2133 3556 2207">
    <p class='ocr_par' dir='ltr' id='par_1_78' title="bbox 1981 2133 3556 2207">
     <span class='ocr_line' id='line_1_78' title="bbox 1981 2133 3556 2207; baseline 0.006 -23"><span class='ocrx_word' id='word_1_500' title='bbox 1981 2148 2155 2207; x_wconf 72' lang='lat' dir='ltr'><strong>neque</strong></span> <span class='ocrx_word' id='word_1_501' title='bbox 2202 2133 2357 2195; x_wconf 83' lang='lat' dir='ltr'><strong>vultu</strong></span> <span class='ocrx_word' id='word_1_502' title='bbox 2411 2135 2847 2196; x_wconf 84' lang='lat' dir='ltr'><strong>miscricordiam</strong></span> <span class='ocrx_word' id='word_1_503' title='bbox 2902 2147 2997 2190; x_wconf 87' lang='lat' dir='ltr'><strong>aut</strong></span> <span class='ocrx_word' id='word_1_504' title='bbox 3047 2139 3556 2193; x_wconf 75' lang='lat' dir='ltr'><strong>cxcandcscentiaru</strong></span> 
     </span>
    </p>
   </div>
   <div class='ocr_carea' id='block_1_79' title="bbox 1981 2223 3560 2300">
    <p class='ocr_par' dir='ltr' id='par_1_79' title="bbox 1981 2223 3560 2300">
     <span class='ocr_line' id='line_1_79' title="bbox 1981 2223 3560 2300; baseline 0.008 -25"><span class='ocrx_word' id='word_1_505' title='bbox 1981 2223 2205 2292; x_wconf 66' lang='lat' dir='ltr'><strong>p&#39;odat;</strong></span> <span class='ocrx_word' id='word_1_506' title='bbox 2234 2237 2358 2278; x_wconf 86' lang='lat' dir='ltr'><strong>cum</strong></span> <span class='ocrx_word' id='word_1_507' title='bbox 2393 2227 2682 2300; x_wconf 76' lang='lat' dir='ltr'><strong>prudentia</strong></span> <span class='ocrx_word' id='word_1_508' title='bbox 2717 2239 2964 2292; x_wconf 76' lang='lat' dir='ltr'><strong>versetur</strong></span> <span class='ocrx_word' id='word_1_509' title='bbox 3000 2229 3145 2292; x_wconf 82' lang='lat' dir='ltr'><strong>circa</strong></span> <span class='ocrx_word' id='word_1_510' title='bbox 3166 2234 3480 2296; x_wconf 81' lang='lat' dir='ltr'><strong>advocatos,</strong></span> <span class='ocrx_word' id='word_1_511' title='bbox 3505 2242 3560 2287; x_wconf 88' lang='lat' dir='ltr'><strong>et</strong></span> 
     </span>
    </p>
   </div>
   <div class='ocr_carea' id='block_1_80' title="bbox 1979 2315 2690 2382">
    <p class='ocr_par' dir='ltr' id='par_1_80' title="bbox 1979 2315 2690 2382">
     <span class='ocr_line' id='line_1_80' title="bbox 1979 2315 2690 2382; baseline 0.011 -18"><span class='ocrx_word' id='word_1_512' title='bbox 1979 2315 2290 2382; x_wconf 79' lang='lat' dir='ltr'><strong>prohibitos</strong></span> <span class='ocrx_word' id='word_1_513' title='bbox 2324 2331 2390 2370; x_wconf 92' lang='lat' dir='ltr'><strong>ne</strong></span> <span class='ocrx_word' id='word_1_514' title='bbox 2416 2319 2690 2377; x_wconf 84' lang='lat' dir='ltr'><strong>admittat.</strong></span> 
     </span>
    </p>
   </div>
   <div class='ocr_carea' id='block_1_81' title="bbox 2049 2407 3555 2488">
    <p class='ocr_par' dir='ltr' id='par_1_81' title="bbox 2049 2407 3555 2488">
     <span class='ocr_line' id='line_1_81' title="bbox 2049 2407 3555 2488; baseline 0.005 -28"><span class='ocrx_word' id='word_1_515' title='bbox 2049 2407 2320 2464; x_wconf 66' lang='lat' dir='ltr'><strong>Praetores</strong></span> <span class='ocrx_word' id='word_1_516' title='bbox 2341 2417 2521 2464; x_wconf 86' lang='lat' dir='ltr'><strong>autem</strong></span> <span class='ocrx_word' id='word_1_517' title='bbox 2544 2412 2822 2474; x_wconf 84' lang='lat' dir='ltr'><strong>dicuntur,</strong></span> <span class='ocrx_word' id='word_1_518' title='bbox 2845 2411 2938 2484; x_wconf 91' lang='lat' dir='ltr'><strong>qui</strong></span> <span class='ocrx_word' id='word_1_519' title='bbox 2965 2413 3257 2480; x_wconf 72' lang='lat' dir='ltr'><strong>provinciis</strong></span> <span class='ocrx_word' id='word_1_520' title='bbox 3279 2424 3555 2488; x_wconf 75' lang='lat' dir='ltr'><strong>pra-sunt;</strong></span> 
     </span>
    </p>
   </div>
   <div class='ocr_carea' id='block_1_82' title="bbox 1980 2495 3103 2570">
    <p class='ocr_par' dir='ltr' id='par_1_82' title="bbox 1980 2495 3103 2570">
     <span class='ocr_line' id='line_1_82' title="bbox 1980 2495 3103 2570; baseline 0.007 -22"><span class='ocrx_word' id='word_1_521' title='bbox 1980 2495 2272 2565; x_wconf 60' lang='lat' dir='ltr'><strong>praefectus</strong></span> <span class='ocrx_word' id='word_1_522' title='bbox 2296 2514 2450 2562; x_wconf 85' lang='lat' dir='ltr'><strong>vero,</strong></span> <span class='ocrx_word' id='word_1_523' title='bbox 2487 2500 2579 2569; x_wconf 89' lang='lat' dir='ltr'><strong>qui</strong></span> <span class='ocrx_word' id='word_1_524' title='bbox 2605 2501 3103 2570; x_wconf 77' lang='lat' dir='ltr'><strong>Constantinopoli.</strong></span> 
     </span>
    </p>
   </div>
   <div class='ocr_carea' id='block_1_83' title="bbox 1981 2607 3553 2698">
    <p class='ocr_par' dir='ltr' id='par_1_83' title="bbox 1981 2607 3553 2698">
     <span class='ocr_line' id='line_1_83' title="bbox 1981 2607 3553 2698; baseline 0.008 -37"><span class='ocrx_word' id='word_1_525' title='bbox 1981 2607 2132 2698; x_wconf 56' lang='lat' dir='ltr'><strong>CAP.</strong></span> <span class='ocrx_word' id='word_1_526' title='bbox 2192 2607 2334 2671; x_wconf 70' lang='lat' dir='ltr'><strong>XVI.</strong></span> <span class='ocrx_word' id='word_1_527' title='bbox 2383 2611 2457 2665; x_wconf 84' lang='lat' dir='ltr'><strong>De</strong></span> <span class='ocrx_word' id='word_1_528' title='bbox 2502 2614 2810 2670; x_wconf 77' lang='lat' dir='ltr'><strong>mulieribus</strong></span> <span class='ocrx_word' id='word_1_529' title='bbox 2858 2631 2976 2685; x_wconf 78' lang='lat' dir='ltr'><strong>qua:</strong></span> <span class='ocrx_word' id='word_1_530' title='bbox 3017 2627 3141 2676; x_wconf 81' lang='lat' dir='ltr'><strong>sunt</strong></span> <span class='ocrx_word' id='word_1_531' title='bbox 3183 2618 3236 2671; x_wconf 85' lang='lat' dir='ltr'><strong>iu</strong></span> <span class='ocrx_word' id='word_1_532' title='bbox 3287 2619 3553 2675; x_wconf 72' lang='lat' dir='ltr'><strong>abscessu.</strong></span> 
     </span>
    </p>
   </div>
   <div class='ocr_carea' id='block_1_84' title="bbox 2049 2724 3557 2802">
    <p class='ocr_par' dir='ltr' id='par_1_84' title="bbox 2049 2724 3557 2802">
     <span class='ocr_line' id='line_1_84' title="bbox 2049 2724 3557 2802; baseline 0.006 -25"><span class='ocrx_word' id='word_1_533' title='bbox 2049 2724 2286 2779; x_wconf 84' lang='lat' dir='ltr'><strong>Sanctus</strong></span> <span class='ocrx_word' id='word_1_534' title='bbox 2324 2724 2612 2797; x_wconf 83' lang='lat' dir='ltr'><strong>Dionysius</strong></span> <span class='ocrx_word' id='word_1_535' title='bbox 2649 2729 3055 2787; x_wconf 79' lang='lat' dir='ltr'><strong>Alexandrinus</strong></span> <span class='ocrx_word' id='word_1_536' title='bbox 3081 2733 3380 2802; x_wconf 90' lang='lat' dir='ltr'><strong>martyr,in</strong></span> <span class='ocrx_word' id='word_1_537' title='bbox 3406 2733 3557 2790; x_wconf 71' lang='lat' dir='ltr'><strong>2co-</strong></span> 
     </span>
    </p>
   </div>
   <div class='ocr_carea' id='block_1_85' title="bbox 1977 2817 3552 2887">
    <p class='ocr_par' dir='ltr' id='par_1_85' title="bbox 1977 2817 3552 2887">
     <span class='ocr_line' id='line_1_85' title="bbox 1977 2817 3552 2887; baseline 0.004 -19"><span class='ocrx_word' id='word_1_538' title='bbox 1977 2829 2145 2879; x_wconf 90' lang='lat' dir='ltr'><strong>none,</strong></span> <span class='ocrx_word' id='word_1_539' title='bbox 2171 2817 2426 2874; x_wconf 84' lang='lat' dir='ltr'><strong>mulieres</strong></span> <span class='ocrx_word' id='word_1_540' title='bbox 2467 2834 2588 2887; x_wconf 75' lang='lat' dir='ltr'><strong>qua:</strong></span> <span class='ocrx_word' id='word_1_541' title='bbox 2623 2827 2753 2873; x_wconf 89' lang='lat' dir='ltr'><strong>sunt</strong></span> <span class='ocrx_word' id='word_1_542' title='bbox 2797 2819 2850 2874; x_wconf 93' lang='lat' dir='ltr'><strong>in</strong></span> <span class='ocrx_word' id='word_1_543' title='bbox 2900 2821 3182 2885; x_wconf 82' lang='lat' dir='ltr'><strong>abscessu,</strong></span> <span class='ocrx_word' id='word_1_544' title='bbox 3213 2821 3279 2876; x_wconf 91' lang='lat' dir='ltr'><strong>ad</strong></span> <span class='ocrx_word' id='word_1_545' title='bbox 3309 2832 3552 2880; x_wconf 82' lang='lat' dir='ltr'><strong>sanctam</strong></span> 
     </span>
    </p>
   </div>
   <div class='ocr_carea' id='block_1_86' title="bbox 1975 2907 3561 2981">
    <p class='ocr_par' dir='ltr' id='par_1_86' title="bbox 1975 2907 3561 2981">
     <span class='ocr_line' id='line_1_86' title="bbox 1975 2907 3561 2981; baseline 0.006 -25"><span class='ocrx_word' id='word_1_546' title='bbox 1975 2919 2220 2958; x_wconf 85' lang='lat' dir='ltr'><strong>mensam</strong></span> <span class='ocrx_word' id='word_1_547' title='bbox 2251 2907 2528 2972; x_wconf 87' lang='lat' dir='ltr'><strong>accedere,</strong></span> <span class='ocrx_word' id='word_1_548' title='bbox 2548 2915 2602 2964; x_wconf 86' lang='lat' dir='ltr'><strong>et</strong></span> <span class='ocrx_word' id='word_1_549' title='bbox 2619 2907 2820 2963; x_wconf 83' lang='lat' dir='ltr'><strong>divinis</strong></span> <span class='ocrx_word' id='word_1_550' title='bbox 2837 2911 3111 2980; x_wconf 86' lang='lat' dir='ltr'><strong>mysteriis</strong></span> <span class='ocrx_word' id='word_1_551' title='bbox 3126 2909 3236 2981; x_wconf 57' lang='lat'><strong>35</strong></span> <span class='ocrx_word' id='word_1_552' title='bbox 3258 2913 3561 2966; x_wconf 80' lang='lat' dir='ltr'><strong>communi-</strong></span> 
     </span>
    </p>
   </div>
   <div class='ocr_carea' id='block_1_87' title="bbox 1976 2997 3558 3070">
    <p class='ocr_par' dir='ltr' id='par_1_87' title="bbox 1976 2997 3558 3070">
     <span class='ocr_line' id='line_1_87' title="bbox 1976 2997 3558 3070; baseline 0.003 -21"><span class='ocrx_word' id='word_1_553' title='bbox 1976 3011 2100 3064; x_wconf 83' lang='lat' dir='ltr'><strong>care</strong></span> <span class='ocrx_word' id='word_1_554' title='bbox 2117 2998 2388 3065; x_wconf 80' lang='lat' dir='ltr'><strong>proltibet.</strong></span> <span class='ocrx_word' id='word_1_555' title='bbox 2413 2997 2600 3068; x_wconf 83' lang='lat' dir='ltr'><strong>Neque</strong></span> <span class='ocrx_word' id='word_1_556' title='bbox 2623 3000 2768 3056; x_wconf 88' lang='lat' dir='ltr'><strong>enim</strong></span> <span class='ocrx_word' id='word_1_557' title='bbox 2787 3016 2905 3070; x_wconf 67' lang='lat' dir='ltr'><strong>quae</strong></span> <span class='ocrx_word' id='word_1_558' title='bbox 2923 3004 3212 3070; x_wconf 79' lang='lat' dir='ltr'><strong>sanguinis</strong></span> <span class='ocrx_word' id='word_1_559' title='bbox 3230 3001 3377 3058; x_wconf 74' lang='lat' dir='ltr'><strong>ﬂuxu</strong></span> <span class='ocrx_word' id='word_1_560' title='bbox 3401 3003 3558 3056; x_wconf 79' lang='lat' dir='ltr'><strong>labo-</strong></span> 
     </span>
    </p>
   </div>
   <div class='ocr_carea' id='block_1_88' title="bbox 1975 3087 3558 3162">
    <p class='ocr_par' dir='ltr' id='par_1_88' title="bbox 1975 3087 3558 3162">
     <span class='ocr_line' id='line_1_88' title="bbox 1975 3087 3558 3162; baseline 0.004 -21"><span class='ocrx_word' id='word_1_561' title='bbox 1975 3090 2150 3156; x_wconf 63' lang='lat' dir='ltr'><strong>rebat,</strong></span> <span class='ocrx_word' id='word_1_562' title='bbox 2174 3087 2466 3146; x_wconf 87' lang='lat' dir='ltr'><strong>Dominum</strong></span> <span class='ocrx_word' id='word_1_563' title='bbox 2496 3091 2765 3161; x_wconf 76' lang='lat' dir='ltr'><strong>attingere</strong></span> <span class='ocrx_word' id='word_1_564' title='bbox 2785 3109 2917 3148; x_wconf 87' lang='lat' dir='ltr'><strong>ausa</strong></span> <span class='ocrx_word' id='word_1_565' title='bbox 2936 3103 3038 3162; x_wconf 88' lang='lat' dir='ltr'><strong>est,</strong></span> <span class='ocrx_word' id='word_1_566' title='bbox 3064 3096 3158 3150; x_wconf 92' lang='lat' dir='ltr'><strong>sed</strong></span> <span class='ocrx_word' id='word_1_567' title='bbox 3183 3095 3357 3149; x_wconf 87' lang='lat' dir='ltr'><strong>solam</strong></span> <span class='ocrx_word' id='word_1_568' title='bbox 3389 3095 3558 3150; x_wconf 82' lang='lat' dir='ltr'><strong>vesti-</strong></span> 
     </span>
    </p>
   </div>
   <div class='ocr_carea' id='block_1_89' title="bbox 1901 3160 3560 3251">
    <p class='ocr_par' dir='ltr' id='par_1_89' title="bbox 1901 3160 3560 3251">
     <span class='ocr_line' id='line_1_89' title="bbox 1901 3160 3560 3251; baseline 0.007 -20"><span class='ocrx_word' id='word_1_569' title='bbox 1901 3160 1946 3220; x_wconf 64' lang='grc' dir='ltr'><strong>(ἶ</strong></span> <span class='ocrx_word' id='word_1_570' title='bbox 1977 3190 2287 3238; x_wconf 88' lang='lat' dir='ltr'><strong>mentorum</strong></span> <span class='ocrx_word' id='word_1_571' title='bbox 2318 3181 2612 3243; x_wconf 73' lang='lat' dir='ltr'><strong>ﬁmbriam.</strong></span> <span class='ocrx_word' id='word_1_572' title='bbox 2658 3183 2874 3240; x_wconf 89' lang='lat' dir='ltr'><strong>Domini</strong></span> <span class='ocrx_word' id='word_1_573' title='bbox 2915 3196 3096 3244; x_wconf 89' lang='lat' dir='ltr'><strong>autem</strong></span> <span class='ocrx_word' id='word_1_574' title='bbox 3134 3186 3472 3251; x_wconf 81' lang='lat' dir='ltr'><strong>meminisse,</strong></span> <span class='ocrx_word' id='word_1_575' title='bbox 3503 3196 3560 3242; x_wconf 86' lang='lat' dir='ltr'><strong>et</strong></span> 
     </span>
    </p>
   </div>
   <div class='ocr_carea' id='block_1_90' title="bbox 1981 3271 3557 3347">
    <p class='ocr_par' dir='ltr' id='par_1_90' title="bbox 1981 3271 3557 3347">
     <span class='ocr_line' id='line_1_90' title="bbox 1981 3271 3557 3347; baseline 0.004 -22"><span class='ocrx_word' id='word_1_576' title='bbox 1981 3271 2248 3326; x_wconf 80' lang='lat' dir='ltr'><strong>auxilium</strong></span> <span class='ocrx_word' id='word_1_577' title='bbox 2286 3289 2384 3339; x_wconf 87' lang='lat' dir='ltr'><strong>pro</strong></span> <span class='ocrx_word' id='word_1_578' title='bbox 2413 3291 2486 3339; x_wconf 36' lang='lat' dir='ltr'><strong>se.</strong></span> <span class='ocrx_word' id='word_1_579' title='bbox 2507 3292 2574 3330; x_wconf 89' lang='lat' dir='ltr'><strong>eo</strong></span> <span class='ocrx_word' id='word_1_580' title='bbox 2603 3278 2764 3331; x_wconf 88' lang='lat' dir='ltr'><strong>modo</strong></span> <span class='ocrx_word' id='word_1_581' title='bbox 2789 3277 2998 3333; x_wconf 71' lang='lat' dir='ltr'><strong>affectis</strong></span> <span class='ocrx_word' id='word_1_582' title='bbox 3029 3279 3345 3347; x_wconf 86' lang='lat' dir='ltr'><strong>implorare,</strong></span> <span class='ocrx_word' id='word_1_583' title='bbox 3374 3293 3557 3347; x_wconf 89' lang='lat' dir='ltr'><strong>repre-</strong></span> 
     </span>
    </p>
   </div>
   <div class='ocr_carea' id='block_1_91' title="bbox 1981 3363 3556 3442">
    <p class='ocr_par' dir='ltr' id='par_1_91' title="bbox 1981 3363 3556 3442">
     <span class='ocr_line' id='line_1_91' title="bbox 1981 3363 3556 3442; baseline 0.006 -26"><span class='ocrx_word' id='word_1_584' title='bbox 1981 3363 2234 3418; x_wconf 90' lang='lat' dir='ltr'><strong>hensioni</strong></span> <span class='ocrx_word' id='word_1_585' title='bbox 2283 3384 2392 3422; x_wconf 90' lang='lat' dir='ltr'><strong>non</strong></span> <span class='ocrx_word' id='word_1_586' title='bbox 2447 3377 2531 3422; x_wconf 88' lang='lat' dir='ltr'><strong>est</strong></span> <span class='ocrx_word' id='word_1_587' title='bbox 2576 3370 2896 3426; x_wconf 81' lang='lat' dir='ltr'><strong>obnoxium.</strong></span> <span class='ocrx_word' id='word_1_588' title='bbox 2942 3370 3005 3428; x_wconf 88' lang='lat' dir='ltr'><strong>Ei</strong></span> <span class='ocrx_word' id='word_1_589' title='bbox 3047 3385 3254 3438; x_wconf 85' lang='lat' dir='ltr'><strong>autem,</strong></span> <span class='ocrx_word' id='word_1_590' title='bbox 3303 3373 3397 3442; x_wconf 87' lang='lat' dir='ltr'><strong>qui</strong></span> <span class='ocrx_word' id='word_1_591' title='bbox 3445 3386 3556 3426; x_wconf 88' lang='lat' dir='ltr'><strong>non</strong></span> 
     </span>
    </p>
   </div>
   <div class='ocr_carea' id='block_1_92' title="bbox 1977 3458 3558 3528">
    <p class='ocr_par' dir='ltr' id='par_1_92' title="bbox 1977 3458 3558 3528">
     <span class='ocr_line' id='line_1_92' title="bbox 1977 3458 3558 3528; baseline 0.008 -20"><span class='ocrx_word' id='word_1_592' title='bbox 1977 3458 2296 3513; x_wconf 87' lang='lat' dir='ltr'><strong>omnimodo</strong></span> <span class='ocrx_word' id='word_1_593' title='bbox 2335 3475 2505 3528; x_wconf 88' lang='lat' dir='ltr'><strong>purus</strong></span> <span class='ocrx_word' id='word_1_594' title='bbox 2533 3473 2634 3525; x_wconf 88' lang='lat' dir='ltr'><strong>est,</strong></span> <span class='ocrx_word' id='word_1_595' title='bbox 2673 3464 2740 3516; x_wconf 88' lang='lat' dir='ltr'><strong>ad</strong></span> <span class='ocrx_word' id='word_1_596' title='bbox 2781 3464 2978 3518; x_wconf 84' lang='lat' dir='ltr'><strong>Saneta</strong></span> <span class='ocrx_word' id='word_1_597' title='bbox 3032 3475 3350 3520; x_wconf 83' lang='lat' dir='ltr'><strong>sanctorum</strong></span> <span class='ocrx_word' id='word_1_598' title='bbox 3399 3481 3558 3520; x_wconf 85' lang='lat' dir='ltr'><strong>acce-</strong></span> 
     </span>
    </p>
   </div>
   <div class='ocr_carea' id='block_1_93' title="bbox 1980 3549 3557 3622">
    <p class='ocr_par' dir='ltr' id='par_1_93' title="bbox 1980 3549 3557 3622">
     <span class='ocr_line' id='line_1_93' title="bbox 1980 3549 3557 3622; baseline 0.005 -19"><span class='ocrx_word' id='word_1_599' title='bbox 1980 3549 2127 3614; x_wconf 86' lang='lat' dir='ltr'><strong>dere.</strong></span> <span class='ocrx_word' id='word_1_600' title='bbox 2163 3551 2436 3608; x_wconf 83' lang='lat' dir='ltr'><strong>lubricum</strong></span> <span class='ocrx_word' id='word_1_601' title='bbox 2457 3566 2542 3609; x_wconf 88' lang='lat' dir='ltr'><strong>est</strong></span> <span class='ocrx_word' id='word_1_602' title='bbox 2574 3565 2629 3610; x_wconf 90' lang='grc' dir='ltr'><strong>ει</strong></span> <span class='ocrx_word' id='word_1_603' title='bbox 2661 3556 3048 3622; x_wconf 88' lang='lat' dir='ltr'><strong>periculosum.</strong></span> <span class='ocrx_word' id='word_1_604' title='bbox 3080 3557 3186 3619; x_wconf 81' lang='lat' dir='ltr'><strong>Eas</strong></span> <span class='ocrx_word' id='word_1_605' title='bbox 3210 3570 3394 3612; x_wconf 79' lang='lat' dir='ltr'><strong>autent</strong></span> <span class='ocrx_word' id='word_1_606' title='bbox 3420 3557 3557 3612; x_wconf 88' lang='lat' dir='ltr'><strong>dicit</strong></span> 
     </span>
    </p>
   </div>
   <div class='ocr_carea' id='block_1_94' title="bbox 1978 3643 3560 3716">
    <p class='ocr_par' dir='ltr' id='par_1_94' title="bbox 1978 3643 3560 3716">
     <span class='ocr_line' id='line_1_94' title="bbox 1978 3643 3560 3716; baseline 0.004 -21"><span class='ocrx_word' id='word_1_607' title='bbox 1978 3657 2099 3697; x_wconf 90' lang='lat' dir='ltr'><strong>csse</strong></span> <span class='ocrx_word' id='word_1_608' title='bbox 2121 3643 2173 3698; x_wconf 92' lang='lat' dir='ltr'><strong>in</strong></span> <span class='ocrx_word' id='word_1_609' title='bbox 2199 3645 2479 3710; x_wconf 86' lang='lat' dir='ltr'><strong>abscessu,</strong></span> <span class='ocrx_word' id='word_1_610' title='bbox 2508 3663 2632 3716; x_wconf 72' lang='lat' dir='ltr'><strong>qua:</strong></span> <span class='ocrx_word' id='word_1_611' title='bbox 2669 3658 3075 3702; x_wconf 86' lang='lat' dir='ltr'><strong>menstruorum</strong></span> <span class='ocrx_word' id='word_1_612' title='bbox 3110 3647 3258 3702; x_wconf 80' lang='lat' dir='ltr'><strong>ﬂuxu</strong></span> <span class='ocrx_word' id='word_1_613' title='bbox 3295 3649 3560 3703; x_wconf 77' lang='lat' dir='ltr'><strong>divexan-</strong></span> 
     </span>
    </p>
   </div>
   <div class='ocr_carea' id='block_1_95' title="bbox 1981 3739 3559 3812">
    <p class='ocr_par' dir='ltr' id='par_1_95' title="bbox 1981 3739 3559 3812">
     <span class='ocr_line' id='line_1_95' title="bbox 1981 3739 3559 3812; baseline 0.004 -23"><span class='ocrx_word' id='word_1_614' title='bbox 1981 3747 2090 3801; x_wconf 91' lang='lat' dir='ltr'><strong>tur,</strong></span> <span class='ocrx_word' id='word_1_615' title='bbox 2137 3739 2282 3807; x_wconf 91' lang='lat' dir='ltr'><strong>quod</strong></span> <span class='ocrx_word' id='word_1_616' title='bbox 2318 3754 2348 3793; x_wconf 89' lang='lat' dir='ltr'><strong>a</strong></span> <span class='ocrx_word' id='word_1_617' title='bbox 2380 3741 2722 3808; x_wconf 88' lang='lat' dir='ltr'><strong>reliquorum</strong></span> <span class='ocrx_word' id='word_1_618' title='bbox 2779 3739 2910 3795; x_wconf 85' lang='lat' dir='ltr'><strong>sede</strong></span> <span class='ocrx_word' id='word_1_619' title='bbox 2940 3750 2997 3794; x_wconf 91' lang='lat' dir='ltr'><strong>ut</strong></span> <span class='ocrx_word' id='word_1_620' title='bbox 3050 3742 3348 3796; x_wconf 66' lang='lat' dir='ltr'><strong>immunda:</strong></span> <span class='ocrx_word' id='word_1_621' title='bbox 3394 3757 3559 3812; x_wconf 76' lang='lat' dir='ltr'><strong>sepa~</strong></span> 
     </span>
    </p>
   </div>
   <div class='ocr_carea' id='block_1_96' title="bbox 1980 3830 3554 3902">
    <p class='ocr_par' dir='ltr' id='par_1_96' title="bbox 1980 3830 3554 3902">
     <span class='ocr_line' id='line_1_96' title="bbox 1980 3830 3554 3902; baseline 0.003 -21"><span class='ocrx_word' id='word_1_622' title='bbox 1980 3838 2192 3883; x_wconf 88' lang='lat' dir='ltr'><strong>rentur.</strong></span> <span class='ocrx_word' id='word_1_623' title='bbox 2232 3830 2447 3887; x_wconf 86' lang='lat' dir='ltr'><strong>Etenim</strong></span> <span class='ocrx_word' id='word_1_624' title='bbox 2498 3832 2777 3887; x_wconf 74' lang='lat' dir='ltr'><strong>llebraicze</strong></span> <span class='ocrx_word' id='word_1_625' title='bbox 2813 3833 3077 3888; x_wconf 81' lang='lat' dir='ltr'><strong>mulieres</strong></span> <span class='ocrx_word' id='word_1_626' title='bbox 3113 3833 3220 3887; x_wconf 89' lang='lat' dir='ltr'><strong>hoc</strong></span> <span class='ocrx_word' id='word_1_627' title='bbox 3261 3848 3454 3902; x_wconf 63' lang='lat' dir='ltr'><strong>passas,</strong></span> <span class='ocrx_word' id='word_1_628' title='bbox 3500 3835 3554 3887; x_wconf 91' lang='lat' dir='ltr'><strong>in</strong></span> 
     </span>
    </p>
   </div>
   <div class='ocr_carea' id='block_1_97' title="bbox 1981 3921 3558 3994">
    <p class='ocr_par' dir='ltr' id='par_1_97' title="bbox 1981 3921 3558 3994">
     <span class='ocr_line' id='line_1_97' title="bbox 1981 3921 3558 3994; baseline 0.004 -20"><span class='ocrx_word' id='word_1_629' title='bbox 1981 3921 2101 3974; x_wconf 81' lang='lat' dir='ltr'><strong>loco</strong></span> <span class='ocrx_word' id='word_1_630' title='bbox 2132 3923 2344 3990; x_wconf 82' lang='lat' dir='ltr'><strong>privato</strong></span> <span class='ocrx_word' id='word_1_631' title='bbox 2368 3923 2644 3989; x_wconf 77' lang='lat' dir='ltr'><strong>sedentes,</strong></span> <span class='ocrx_word' id='word_1_632' title='bbox 2665 3926 2901 3994; x_wconf 78' lang='lat' dir='ltr'><strong>quietem</strong></span> <span class='ocrx_word' id='word_1_633' title='bbox 2934 3935 3125 3992; x_wconf 80' lang='lat' dir='ltr'><strong>agunt,</strong></span> <span class='ocrx_word' id='word_1_634' title='bbox 3150 3925 3324 3981; x_wconf 82' lang='lat' dir='ltr'><strong>donec</strong></span> <span class='ocrx_word' id='word_1_635' title='bbox 3347 3935 3558 3994; x_wconf 81' lang='lat' dir='ltr'><strong>septem</strong></span> 
     </span>
    </p>
   </div>
   <div class='ocr_carea' id='block_1_98' title="bbox 1978 4011 3555 4082">
    <p class='ocr_par' dir='ltr' id='par_1_98' title="bbox 1978 4011 3555 4082">
     <span class='ocr_line' id='line_1_98' title="bbox 1978 4011 3555 4082; baseline 0.005 -18"><span class='ocrx_word' id='word_1_636' title='bbox 1978 4011 2097 4066; x_wconf 90' lang='lat' dir='ltr'><strong>dies</strong></span> <span class='ocrx_word' id='word_1_637' title='bbox 2124 4014 2512 4082; x_wconf 66' lang='lat' dir='ltr'><strong>praeterierint,</strong></span> <span class='ocrx_word' id='word_1_638' title='bbox 2570 4027 2625 4071; x_wconf 91' lang='lat' dir='ltr'><strong>et</strong></span> <span class='ocrx_word' id='word_1_639' title='bbox 2659 4027 3068 4072; x_wconf 87' lang='lat' dir='ltr'><strong>menstruorum</strong></span> <span class='ocrx_word' id='word_1_640' title='bbox 3115 4017 3297 4074; x_wconf 74' lang='lat' dir='ltr'><strong>ﬂuxus</strong></span> <span class='ocrx_word' id='word_1_641' title='bbox 3331 4019 3555 4073; x_wconf 89' lang='lat' dir='ltr'><strong>stiterit.</strong></span> 
     </span>
    </p>
   </div>
   <div class='ocr_carea' id='block_1_99' title="bbox 1985 4103 3558 4179">
    <p class='ocr_par' dir='ltr' id='par_1_99' title="bbox 1985 4103 3558 4179">
     <span class='ocr_line' id='line_1_99' title="bbox 1985 4103 3558 4179; baseline 0.002 -18"><span class='ocrx_word' id='word_1_642' title='bbox 1985 4103 2270 4172; x_wconf 85' lang='lat' dir='ltr'><strong>Ejusmodi</strong></span> <span class='ocrx_word' id='word_1_643' title='bbox 2299 4115 2482 4164; x_wconf 86' lang='lat' dir='ltr'><strong>autem</strong></span> <span class='ocrx_word' id='word_1_644' title='bbox 2518 4107 2778 4164; x_wconf 90' lang='lat' dir='ltr'><strong>mulieres</strong></span> <span class='ocrx_word' id='word_1_645' title='bbox 2821 4123 2969 4164; x_wconf 88' lang='lat' dir='ltr'><strong>nunc</strong></span> <span class='ocrx_word' id='word_1_646' title='bbox 2995 4108 3225 4164; x_wconf 84' lang='lat' dir='ltr'><strong>seorsim</strong></span> <span class='ocrx_word' id='word_1_647' title='bbox 3256 4118 3447 4179; x_wconf 78' lang='lat' dir='ltr'><strong>agunt,</strong></span> <span class='ocrx_word' id='word_1_648' title='bbox 3500 4120 3558 4164; x_wconf 88' lang='lat' dir='ltr'><strong>et</strong></span> 
     </span>
    </p>
   </div>
   <div class='ocr_carea' id='block_1_100' title="bbox 1985 4196 3558 4270">
    <p class='ocr_par' dir='ltr' id='par_1_100' title="bbox 1985 4196 3558 4270">
     <span class='ocr_line' id='line_1_100' title="bbox 1985 4196 3558 4270; baseline 0.004 -21"><span class='ocrx_word' id='word_1_649' title='bbox 1985 4211 2094 4250; x_wconf 91' lang='lat' dir='ltr'><strong>non</strong></span> <span class='ocrx_word' id='word_1_650' title='bbox 2138 4196 2314 4250; x_wconf 85' lang='lat' dir='ltr'><strong>solum</strong></span> <span class='ocrx_word' id='word_1_651' title='bbox 2360 4196 2430 4251; x_wconf 83' lang='lat' dir='ltr'><strong>ab</strong></span> <span class='ocrx_word' id='word_1_652' title='bbox 2469 4197 2628 4252; x_wconf 85' lang='lat' dir='ltr'><strong>altari</strong></span> <span class='ocrx_word' id='word_1_653' title='bbox 2663 4199 2754 4270; x_wconf 82' lang='lat' dir='ltr'><strong>(ad</strong></span> <span class='ocrx_word' id='word_1_654' title='bbox 2798 4197 2944 4267; x_wconf 86' lang='lat' dir='ltr'><strong>quod</strong></span> <span class='ocrx_word' id='word_1_655' title='bbox 2981 4199 3115 4252; x_wconf 89' lang='lat' dir='ltr'><strong>olim</strong></span> <span class='ocrx_word' id='word_1_656' title='bbox 3163 4202 3425 4254; x_wconf 84' lang='lat' dir='ltr'><strong>accedere</strong></span> <span class='ocrx_word' id='word_1_657' title='bbox 3486 4199 3558 4256; x_wconf 90' lang='lat' dir='ltr'><strong>iis</strong></span> 
     </span>
    </p>
   </div>
   <div class='ocr_carea' id='block_1_101' title="bbox 1976 4291 3557 4364">
    <p class='ocr_par' dir='ltr' id='par_1_101' title="bbox 1976 4291 3557 4364">
     <span class='ocr_line' id='line_1_101' title="bbox 1976 4291 3557 4364; baseline 0.002 -20"><span class='ocrx_word' id='word_1_658' title='bbox 1976 4291 2305 4360; x_wconf 83' lang='lat' dir='ltr'><strong>permissum</strong></span> <span class='ocrx_word' id='word_1_659' title='bbox 2343 4296 2453 4360; x_wconf 85' lang='lat' dir='ltr'><strong>est)</strong></span> <span class='ocrx_word' id='word_1_660' title='bbox 2487 4292 2582 4346; x_wconf 90' lang='lat' dir='ltr'><strong>sed</strong></span> <span class='ocrx_word' id='word_1_661' title='bbox 2631 4303 2684 4347; x_wconf 86' lang='lat' dir='ltr'><strong>et</strong></span> <span class='ocrx_word' id='word_1_662' title='bbox 2715 4307 2745 4347; x_wconf 78' lang='grc' dir='ltr'><strong>ε</strong></span> <span class='ocrx_word' id='word_1_663' title='bbox 2788 4293 2991 4364; x_wconf 86' lang='lat' dir='ltr'><strong>templo</strong></span> <span class='ocrx_word' id='word_1_664' title='bbox 3017 4304 3072 4350; x_wconf 88' lang='lat' dir='ltr'><strong>et</strong></span> <span class='ocrx_word' id='word_1_665' title='bbox 3128 4293 3314 4364; x_wconf 87' lang='lat' dir='ltr'><strong>templi</strong></span> <span class='ocrx_word' id='word_1_666' title='bbox 3340 4296 3557 4364; x_wconf 90' lang='lat' dir='ltr'><strong>porticu</strong></span> 
     </span>
    </p>
   </div>
   <div class='ocr_carea' id='block_1_102' title="bbox 1975 4383 2298 4453">
    <p class='ocr_par' dir='ltr' id='par_1_102' title="bbox 1975 4383 2298 4453">
     <span class='ocr_line' id='line_1_102' title="bbox 1975 4383 2298 4453; baseline -0.003 -16"><span class='ocrx_word' id='word_1_667' title='bbox 1975 4383 2298 4453; x_wconf 85' lang='lat' dir='ltr'><strong>ejiciuntur.</strong></span> 
     </span>
    </p>
   </div>
   <div class='ocr_carea' id='block_1_103' title="bbox 2050 4476 3555 4550">
    <p class='ocr_par' dir='ltr' id='par_1_103' title="bbox 2050 4476 3555 4550">
     <span class='ocr_line' id='line_1_103' title="bbox 2050 4476 3555 4550; baseline -0.003 -16"><span class='ocrx_word' id='word_1_668' title='bbox 2050 4476 2117 4534; x_wconf 82' lang='lat' dir='ltr'><strong>Et</strong></span> <span class='ocrx_word' id='word_1_669' title='bbox 2147 4477 2420 4532; x_wconf 85' lang='lat' dir='ltr'><strong>Timothei</strong></span> <span class='ocrx_word' id='word_1_670' title='bbox 2465 4491 2639 4532; x_wconf 86' lang='lat' dir='ltr'><strong>canon</strong></span> <span class='ocrx_word' id='word_1_671' title='bbox 2691 4476 2766 4534; x_wconf 87' lang='lat'><strong>6:</strong></span> <span class='ocrx_word' id='word_1_672' title='bbox 2801 4479 2904 4534; x_wconf 83' lang='lat' dir='ltr'><strong>Eas</strong></span> <span class='ocrx_word' id='word_1_673' title='bbox 2937 4494 3061 4550; x_wconf 67' lang='lat' dir='ltr'><strong>qua:</strong></span> <span class='ocrx_word' id='word_1_674' title='bbox 3090 4480 3169 4534; x_wconf 89' lang='lat' dir='ltr'><strong>sic</strong></span> <span class='ocrx_word' id='word_1_675' title='bbox 3217 4493 3278 4534; x_wconf 87' lang='lat' dir='ltr'><strong>se</strong></span> <span class='ocrx_word' id='word_1_676' title='bbox 3331 4476 3555 4540; x_wconf 46' lang='lat' dir='ltr'><strong>habent,</strong></span> 
     </span>
    </p>
   </div>
   <div class='ocr_carea' id='block_1_104' title="bbox 1981 4568 3559 4643">
    <p class='ocr_par' dir='ltr' id='par_1_104' title="bbox 1981 4568 3559 4643">
     <span class='ocr_line' id='line_1_104' title="bbox 1981 4568 3559 4643; baseline -0.001 -17"><span class='ocrx_word' id='word_1_677' title='bbox 1981 4569 2180 4640; x_wconf 82' lang='lat' dir='ltr'><strong>inquit,</strong></span> <span class='ocrx_word' id='word_1_678' title='bbox 2236 4585 2346 4624; x_wconf 88' lang='lat' dir='ltr'><strong>non</strong></span> <span class='ocrx_word' id='word_1_679' title='bbox 2400 4571 2547 4636; x_wconf 90' lang='lat' dir='ltr'><strong>licet,</strong></span> <span class='ocrx_word' id='word_1_680' title='bbox 2607 4580 2898 4641; x_wconf 82' lang='lat' dir='ltr'><strong>antequam</strong></span> <span class='ocrx_word' id='word_1_681' title='bbox 2957 4573 3339 4643; x_wconf 78' lang='lat' dir='ltr'><strong>puriﬁcenlur,</strong></span> <span class='ocrx_word' id='word_1_682' title='bbox 3384 4568 3559 4625; x_wconf 83' lang='lat' dir='ltr'><strong>sacris</strong></span> 
     </span>
    </p>
   </div>
   <div class='ocr_carea' id='block_1_105' title="bbox 1980 4660 2724 4728">
    <p class='ocr_par' dir='ltr' id='par_1_105' title="bbox 1980 4660 2724 4728">
     <span class='ocr_line' id='line_1_105' title="bbox 1980 4660 2724 4728; baseline 0.001 -14"><span class='ocrx_word' id='word_1_683' title='bbox 1980 4660 2260 4728; x_wconf 73' lang='lat' dir='ltr'><strong>mysteriis</strong></span> <span class='ocrx_word' id='word_1_684' title='bbox 2289 4663 2724 4716; x_wconf 86' lang='lat' dir='ltr'><strong>communicare.</strong></span> 
     </span>
    </p>
   </div>
   <div class='ocr_carea' id='block_1_106' title="bbox 2705 4775 2839 4832">
    <p class='ocr_par' dir='ltr' id='par_1_106' title="bbox 2705 4775 2839 4832">
     <span class='ocr_line' id='line_1_106' title="bbox 2705 4775 2839 4832; baseline 0.022 -3"><span class='ocrx_word' id='word_1_685' title='bbox 2705 4775 2839 4832; x_wconf 74' lang='lat' dir='ltr'><strong>Lex.</strong></span> 
     </span>
    </p>
   </div>
   <div class='ocr_carea' id='block_1_107' title="bbox 2051 4907 3557 4978">
    <p class='ocr_par' dir='ltr' id='par_1_107' title="bbox 2051 4907 3557 4978">
     <span class='ocr_line' id='line_1_107' title="bbox 2051 4907 3557 4978; baseline -0.003 -17"><span class='ocrx_word' id='word_1_686' title='bbox 2051 4907 2274 4964; x_wconf 63' lang='lat' dir='ltr'><strong>Nexella</strong></span> <span class='ocrx_word' id='word_1_687' title='bbox 2309 4920 2489 4964; x_wconf 76' lang='lat' dir='ltr'><strong>autem</strong></span> <span class='ocrx_word' id='word_1_688' title='bbox 2528 4909 2592 4962; x_wconf 83' lang='lat' dir='ltr'><strong>l7</strong></span> <span class='ocrx_word' id='word_1_689' title='bbox 2645 4909 2786 4978; x_wconf 78' lang='lat' dir='ltr'><strong>regis</strong></span> <span class='ocrx_word' id='word_1_690' title='bbox 2828 4907 3025 4962; x_wconf 79' lang='lat' dir='ltr'><strong>Leonis</strong></span> <span class='ocrx_word' id='word_1_691' title='bbox 3071 4908 3368 4977; x_wconf 78' lang='lat' dir='ltr'><strong>Sapientis,</strong></span> <span class='ocrx_word' id='word_1_692' title='bbox 3429 4909 3557 4962; x_wconf 81' lang='lat' dir='ltr'><strong>Sta.</strong></span> 
     </span>
    </p>
   </div>
   <div class='ocr_carea' id='block_1_108' title="bbox 1975 5000 3556 5070">
    <p class='ocr_par' dir='ltr' id='par_1_108' title="bbox 1975 5000 3556 5070">
     <span class='ocr_line' id='line_1_108' title="bbox 1975 5000 3556 5070; baseline -0.001 -15"><span class='ocrx_word' id='word_1_693' title='bbox 1975 5001 2204 5067; x_wconf 79' lang='lat' dir='ltr'><strong>luimus,</strong></span> <span class='ocrx_word' id='word_1_694' title='bbox 2241 5002 2438 5070; x_wconf 83' lang='lat' dir='ltr'><strong>inquit,</strong></span> <span class='ocrx_word' id='word_1_695' title='bbox 2481 5000 2548 5054; x_wconf 86' lang='lat' dir='ltr'><strong>de</strong></span> <span class='ocrx_word' id='word_1_696' title='bbox 2582 5001 2908 5054; x_wconf 85' lang='lat' dir='ltr'><strong>mulieribus</strong></span> <span class='ocrx_word' id='word_1_697' title='bbox 2939 5014 3061 5068; x_wconf 75' lang='lat' dir='ltr'><strong>qua:</strong></span> <span class='ocrx_word' id='word_1_698' title='bbox 3111 5009 3462 5070; x_wconf 83' lang='lat' dir='ltr'><strong>pepererunt,</strong></span> <span class='ocrx_word' id='word_1_699' title='bbox 3499 5009 3556 5054; x_wconf 82' lang='lat' dir='ltr'><strong>ut</strong></span> 
     </span>
    </p>
   </div>
   <div class='ocr_carea' id='block_1_109' title="bbox 1972 5091 3545 5164">
    <p class='ocr_par' dir='ltr' id='par_1_109' title="bbox 1972 5091 3545 5164">
     <span class='ocr_line' id='line_1_109' title="bbox 1972 5091 3545 5164; baseline -0.002 -16"><span class='ocrx_word' id='word_1_700' title='bbox 1972 5110 2092 5164; x_wconf 78' lang='lat' dir='ltr'><strong>quae</strong></span> <span class='ocrx_word' id='word_1_701' title='bbox 2123 5094 2353 5148; x_wconf 86' lang='lat' dir='ltr'><strong>naturali</strong></span> <span class='ocrx_word' id='word_1_702' title='bbox 2391 5091 2655 5160; x_wconf 83' lang='lat' dir='ltr'><strong>proﬂuvio</strong></span> <span class='ocrx_word' id='word_1_703' title='bbox 2683 5091 2973 5160; x_wconf 78' lang='lat' dir='ltr'><strong>expurgari</strong></span> <span class='ocrx_word' id='word_1_704' title='bbox 3006 5091 3203 5155; x_wconf 85' lang='lat' dir='ltr'><strong>solent,</strong></span> <span class='ocrx_word' id='word_1_705' title='bbox 3254 5091 3545 5162; x_wconf 85' lang='lat' dir='ltr'><strong>siquidem</strong></span> 
     </span>
    </p>
   </div>
   <div class='ocr_carea' id='block_1_110' title="bbox 1973 5183 3554 5255">
    <p class='ocr_par' dir='ltr' id='par_1_110' title="bbox 1973 5183 3554 5255">
     <span class='ocr_line' id='line_1_110' title="bbox 1973 5183 3554 5255; baseline 0 -16"><span class='ocrx_word' id='word_1_706' title='bbox 1973 5185 2277 5254; x_wconf 84' lang='lat' dir='ltr'><strong>periculosa</strong></span> <span class='ocrx_word' id='word_1_707' title='bbox 2313 5184 2416 5238; x_wconf 86' lang='lat' dir='ltr'><strong>alia</strong></span> <span class='ocrx_word' id='word_1_708' title='bbox 2457 5183 2771 5238; x_wconf 83' lang='lat' dir='ltr'><strong>inﬁrmitate</strong></span> <span class='ocrx_word' id='word_1_709' title='bbox 2801 5199 2908 5244; x_wconf 91' lang='lat' dir='ltr'><strong>non</strong></span> <span class='ocrx_word' id='word_1_710' title='bbox 2957 5183 3237 5248; x_wconf 82' lang='lat' dir='ltr'><strong>laborent,</strong></span> <span class='ocrx_word' id='word_1_711' title='bbox 3275 5201 3449 5255; x_wconf 85' lang='lat' dir='ltr'><strong>usque</strong></span> <span class='ocrx_word' id='word_1_712' title='bbox 3487 5187 3554 5242; x_wconf 83' lang='lat' dir='ltr'><strong>ad</strong></span> 
     </span>
    </p>
   </div>
   <div class='ocr_carea' id='block_1_111' title="bbox 1973 5275 3551 5341">
    <p class='ocr_par' dir='ltr' id='par_1_111' title="bbox 1973 5275 3551 5341">
     <span class='ocr_line' id='line_1_111' title="bbox 1973 5275 3551 5341; baseline 0.001 -10"><span class='ocrx_word' id='word_1_713' title='bbox 1973 5277 2043 5331; x_wconf 72' lang='grc'><strong>40</strong></span> <span class='ocrx_word' id='word_1_714' title='bbox 2099 5277 2216 5332; x_wconf 89' lang='lat' dir='ltr'><strong>dies</strong></span> <span class='ocrx_word' id='word_1_715' title='bbox 2278 5275 2572 5338; x_wconf 68' lang='lat' dir='ltr'><strong>differant,</strong></span> <span class='ocrx_word' id='word_1_716' title='bbox 2632 5292 2739 5341; x_wconf 84' lang='lat' dir='ltr'><strong>non</strong></span> <span class='ocrx_word' id='word_1_717' title='bbox 2792 5276 3015 5331; x_wconf 70' lang='lat' dir='ltr'><strong>initiatae</strong></span> <span class='ocrx_word' id='word_1_718' title='bbox 3075 5278 3551 5338; x_wconf 87' lang='lat' dir='ltr'><strong>illuminatiouem.</strong></span> 
     </span>
    </p>
   </div>
   <div class='ocr_carea' id='block_1_112' title="bbox 1979 5369 3553 5441">
    <p class='ocr_par' dir='ltr' id='par_1_112' title="bbox 1979 5369 3553 5441">
     <span class='ocr_line' id='line_1_112' title="bbox 1979 5369 3553 5441; baseline 0 -16"><span class='ocrx_word' id='word_1_719' title='bbox 1979 5372 2208 5430; x_wconf 66' lang='lat' dir='ltr'><strong>initiates</strong></span> <span class='ocrx_word' id='word_1_720' title='bbox 2257 5385 2386 5424; x_wconf 75' lang='lat' dir='ltr'><strong>vero</strong></span> <span class='ocrx_word' id='word_1_721' title='bbox 2436 5369 2748 5424; x_wconf 88' lang='lat' dir='ltr'><strong>divinorum</strong></span> <span class='ocrx_word' id='word_1_722' title='bbox 2809 5371 3193 5441; x_wconf 87' lang='lat' dir='ltr'><strong>mysteriorum</strong></span> <span class='ocrx_word' id='word_1_723' title='bbox 3246 5371 3553 5440; x_wconf 86' lang='lat' dir='ltr'><strong>perceptio-</strong></span> 
     </span>
    </p>
   </div>
   <div class='ocr_carea' id='block_1_113' title="bbox 1978 5461 3552 5532">
    <p class='ocr_par' dir='ltr' id='par_1_113' title="bbox 1978 5461 3552 5532">
     <span class='ocr_line' id='line_1_113' title="bbox 1978 5461 3552 5532; baseline -0.001 -17"><span class='ocrx_word' id='word_1_724' title='bbox 1978 5478 2125 5523; x_wconf 78' lang='lat' dir='ltr'><strong>nem.</strong></span> <span class='ocrx_word' id='word_1_725' title='bbox 2150 5461 2306 5532; x_wconf 77' lang='lat' dir='ltr'><strong>Quod</strong></span> <span class='ocrx_word' id='word_1_726' title='bbox 2351 5462 2397 5515; x_wconf 92' lang='lat' dir='ltr'><strong>si</strong></span> <span class='ocrx_word' id='word_1_727' title='bbox 2437 5461 2672 5520; x_wconf 37' lang='lat' dir='ltr'><strong>easdem.</strong></span> <span class='ocrx_word' id='word_1_728' title='bbox 2694 5461 2920 5515; x_wconf 87' lang='lat' dir='ltr'><strong>morbus</strong></span> <span class='ocrx_word' id='word_1_729' title='bbox 2954 5461 3152 5529; x_wconf 86' lang='lat' dir='ltr'><strong>aliquis</strong></span> <span class='ocrx_word' id='word_1_730' title='bbox 3185 5462 3464 5527; x_wconf 80' lang='lat' dir='ltr'><strong>invaserit,</strong></span> <span class='ocrx_word' id='word_1_731' title='bbox 3498 5474 3552 5514; x_wconf 79' lang='lat' dir='ltr'><strong>et</strong></span> 
     </span>
    </p>
   </div>
   <div class='ocr_carea' id='block_1_114' title="bbox 1981 5553 3551 5623">
    <p class='ocr_par' dir='ltr' id='par_1_114' title="bbox 1981 5553 3551 5623">
     <span class='ocr_line' id='line_1_114' title="bbox 1981 5553 3551 5623; baseline -0.001 -15"><span class='ocrx_word' id='word_1_732' title='bbox 1981 5555 2102 5610; x_wconf 67' lang='lat' dir='ltr'><strong>vitae</strong></span> <span class='ocrx_word' id='word_1_733' title='bbox 2139 5555 2520 5623; x_wconf 85' lang='lat' dir='ltr'><strong>abruptionem</strong></span> <span class='ocrx_word' id='word_1_734' title='bbox 2550 5554 2951 5620; x_wconf 26' lang='lat' dir='ltr'><strong>minctur,.i|l;e</strong></span> <span class='ocrx_word' id='word_1_735' title='bbox 3001 5553 3422 5617; x_wconf 75' lang='lat' dir='ltr'><strong>illuminationu,</strong></span> <span class='ocrx_word' id='word_1_736' title='bbox 3471 5555 3551 5616; x_wconf 69' lang='lat' dir='ltr'><strong>lue</strong></span> 
     </span>
    </p>
   </div>
   <div class='ocr_carea' id='block_1_115' title="bbox 1978 5648 3368 5719">
    <p class='ocr_par' dir='ltr' id='par_1_115' title="bbox 1978 5648 3368 5719">
     <span class='ocr_line' id='line_1_115' title="bbox 1978 5648 3368 5719; baseline -0.001 -16"><span class='ocrx_word' id='word_1_737' title='bbox 1978 5659 2159 5704; x_wconf 81' lang='lat' dir='ltr'><strong>autem</strong></span> <span class='ocrx_word' id='word_1_738' title='bbox 2212 5651 2570 5705; x_wconf 79' lang='lat' dir='ltr'><strong>sacramentis</strong></span> <span class='ocrx_word' id='word_1_739' title='bbox 2609 5649 2788 5719; x_wconf 75' lang='lat' dir='ltr'><strong>dignae</strong></span> <span class='ocrx_word' id='word_1_740' title='bbox 2816 5651 2998 5702; x_wconf 82' lang='lat' dir='ltr'><strong>statim</strong></span> <span class='ocrx_word' id='word_1_741' title='bbox 3049 5648 3368 5701; x_wconf 77' lang='lat' dir='ltr'><strong>habeantur.</strong></span> 
     </span>
    </p>
   </div>
  </div>
