4016 6386
271 434 413 497 109.!

1227 440 1637 501 SYNTAGMA
1681 439 2311 508 ALPHABETICUM.
2349 471 2411 480 --
2454 449 2523 506 Λ.

3375 444 3392 506 ί
3406 444 3514 509 094

269 548 477 612 τελείας
521 547 888 616 διαγνώσεως,
923 549 982 602 οὐ
1030 549 1148 603 δέον
1193 551 1392 621 ἀνέδην
1432 551 1714 621 προσιέναι
1750 552 1834 604 τὸν

1943 560 2123 604 autem
2153 554 2391 622 perfecta
2436 555 2512 607 rei
2543 552 2781 621 cognitio
2814 552 3099 615 habeatur,
3139 568 3244 606 non
3299 565 3514 624 oportet

269 639 634 708 ἀφορισθέντα
656 642 722 710 τῇ
751 640 1028 710 κοινωνίᾳ,
1064 641 1201 695 ἀλλά
1228 643 1464 708 καὶτοὺς
1495 642 1714 706 λοιποὺς
1734 642 1843 696 τῶν

268 727 547 796 κληρικῶν
572 729 632 780 τὸ
656 730 932 799 προσῆκον
959 733 1219 797 νέμοντας
1239 733 1405 796 σέϐας
1434 735 1511 804 τῷ
1538 735 1840 806 ὲπισκόπῳ,

268 819 344 883 ὥς
379 838 442 888 γε
487 821 544 874 δὲ
585 821 680 874 καὶ
725 814 876 884 οὗτος
901 824 1085 885 αὐτοῖς
1126 824 1194 876 τὰ
1237 824 1336 893 τῆς
1369 825 1588 893 ἀγάπης
1632 825 1839 893 δίκαια,

267 909 625 977 ἐπιπλήττειν
675 910 754 980 τῷ
799 911 1179 981 ὲπιτιμηθέντι
1231 912 1367 978 πρὸς
1413 913 1512 982 τὴν
1560 914 1842 983 ἐπιτιμίαν

267 998 644 1066 ἀφηνιάζοντι,
681 1001 873 1069 μέχρις
899 1000 964 1053 ἂν
1003 1002 1034 1070 ή
1062 1001 1310 1065 ἐξέτασις
1341 1003 1400 1055 τδ
1426 1005 1547 1057 δέον
1577 1006 1664 1057 ἐπ’
1693 1004 1841 1073 αὐτῷ

267 1091 604 1161 ψηφίσηται*
634 1093 661 1144 ὂ
693 1093 751 1144 δὲ
775 1093 1130 1162 προστίθησιν
1161 1096 1189 1147 6
1221 1094 1422 1161 κανὼν,
1453 1097 1512 1148 τὸ
1548 1097 1645 1166 μὴ,
1682 1099 1842 1167 ἐνδη-

267 1181 497 1249 μοῦντος
517 1181 609 1234 τοῦ
631 1183 832 1235 οἰκείου
859 1183 1277 1253 μητροπολίτου,
1304 1187 1614 1240 ἀνατιθέναι
1645 1187 1710 1240 τὰ
1735 1188 1841 1257 τῆς

266 1271 578 1336 ὑποθέσεως
612 1274 686 1343 τῷ
711 1273 1099 1346 πλησιοχὼρῳ,
1130 1276 1191 1331 τὸ
1223 1279 1647 1349 πολιτευόμενον
1672 1280 1840 1334 τανῦν

266 1362 384 1424 ἑθος
414 1363 477 1415 οὐ
514 1364 830 1432 προσίεται.

335 1455 524 1524 Τούτῳ
549 1458 764 1527 συνᾴδει
819 1462 912 1514 καὶ
941 1463 968 1515 6
1008 1461 1108 1531 τῆς
1139 1463 1197 1514 έν
1229 1463 1557 1536 Καρθαγένῃ
1605 1465 1740 1533 ρλθ¹.
1776 1465 1844 1517 Et

267 1563 346 1609 τις
407 1547 540 1616 γὰρ,
590 1549 747 1614 φησὶ,
790 1551 902 1602 τῶν
945 1552 1282 1619 ἐπισκόπων,
1311 1554 1526 1624 ὀργίλος
1563 1555 1657 1617 ὢν,
1701 1557 1837 1628 ὅπερ

265 1637 364 1690 οὐκ
395 1638 523 1703 ἔδει,
549 1640 794 1710 τραχέως
823 1642 1067 1712 κινηθεὶς
1098 1643 1298 1711 ἐξέωσέ
1324 1663 1447 1700 τινα
1472 1647 1580 1699 τῶν
1615 1649 1704 1700 ὑπ’
1741 1650 1840 1702 αὐ-

271 1729 352 1782 τὸν
373 1729 654 1799 κληρικῶν
689 1733 904 1802 καὶτῆς
940 1735 1256 1804 ἐκκλησίας.
1282 1736 1376 1790 καὶ
1401 1738 1501 1808 τῆς
1530 1741 1835 1807 κοινωνίας,

264 1821 596 1890 προνοητέον
644 1824 846 1892 μήπως
881 1825 1082 1890 ἀδίκως
1120 1829 1149 1879 6
1198 1828 1542 1898 ἐπιτιμηθεὶς
1575 1832 1836 1903 ἐκδέδλη-
1869 1877 1911 1933 Β

264 1929 352 1965 ται
375 1928 387 1941 ’
429 1911 610 1966 ἄδειαν
638 1914 928 1985 τοιγαροῦν
958 1918 1130 1986 ἐχέτω
1155 1919 1270 1982 τοῖς
1298 1920 1523 1990 ὁμόροις
1553 1924 1838 1994 προσιέναι

270 2003 371 2057 τῶν
417 2007 756 2070 ἐπισκόπων,
793 2009 925 2076 παρ’
953 2005 1027 2062 ὧν
1057 2009 1154 2064 καὶ
1181 2011 1249 2065 τὰ
1278 2013 1378 2081 τῆς
1407 2014 1588 2079 αἰτίας
1618 2017 1841 2087 ἀκριϐεῖ

263 2095 474 2162 δοθήτω
502 2096 754 2167 βασάνῳο
784 2099 922 2153 ἀλλά
959 2101 1056 2153 καὶ
1084 2101 1177 2156 τὸν
1212 2102 1512 2158 ἐπίσκοπον
1536 2107 1728 2176 πράως
1759 2108 1843 2162 δεῖ

263 2186 458 2254 φέρειν
485 2187 580 2239 καὶ
607 2187 810 2258 ἱλαρῶς
832 2189 932 2260 τὴν
956 2189 1226 2259 ἐξέτασιν,
1265 2195 1358 2247 καὶ
1373 2195 1494 2258 ταῖς
1515 2196 1623 2248 τῶν
1653 2197 1841 2251 πλειόο

266 2296 371 2332 νων
423 2282 713 2349 προσηνῶς
756 2281 1003 2338 τίθεσθαι
1037 2284 1260 2354 ψήφοις,
1297 2286 1391 2356 ὑφ’
1421 2281 1498 2354 ὧν
1535 2288 1568 2359 ἢ
1603 2289 1768 2363 κυρία
1805 2291 1838 2363 ἦ

263 2375 466 2445 ἂκυρος
495 2376 526 2443 ἡ
557 2375 724 2428 αὐτοῦ
754 2375 948 2447 γνώμη
976 2382 1288 2452 γενήσεται.

343 2463 401 2518 '0
429 2463 486 2518 δὲ
510 2461 547 2517 ε’
571 2466 670 2536 τῆς
696 2466 920 2540 πρώτης
950 2470 1195 2538 συνόδου,
1220 2473 1340 2542 Χρὴ
1373 2473 1494 2538 μὲν.
1521 2473 1678 2544 φησὶ,
1697 2475 1840 2530 κατά

262 2555 369 2608 τῶν
411 2555 722 2625 γενομένων
765 2559 1172 2632 ἀκοινωνήτων,
1220 2564 1373 2633 παρὰ
1406 2565 1517 2618 τῶν
1553 2565 1677 2621 καθ’
1712 2568 1840 2622 ἑκά·

264 2660 398 2714 στην
448 2645 718 2722 ἐπαρχίαν
767 2649 1104 2714 ἐπισκόπων,
1149 2652 1259 2707 εἴτε
1305 2654 1400 2708 τοῦ
1453 2655 1655 2727 κλήρου
1702 2652 1838 2724 εἶεν,

261 2735 372 2788 εἴτε
414 2735 509 2788 τοῦ
556 2735 713 2800 λαοῦ,
757 2738 849 2792 τὸν
890 2739 1280 2813 διαγορεύοντα
1324 2749 1550 2817 κρατεῖν
1611 2752 1838 2816 κανόνα,

261 2825 388 2888 τοὺς
414 2829 544 2897 παρ’
567 2828 722 2881 ἐνίων
747 2830 1174 2902 ἀποόληθέντας,
1199 2836 1408 2906 ἑτέροις
1433 2841 1730 2908 προσιτοὺς
1762 2843 1838 2914 μὴ

265 2915 406 2973 εἶναι
430 2936 448 2953 ο
476 2923 901 2993 προνενυηκέναι
945 2925 1126 2991 μέντοι
1156 2942 1220 2996 γε
1253 2927 1352 2991 δεῖ,
1390 2928 1464 2998 μὴ
1501 2930 1611 3001 ἄρα
1643 2950 1838 3004 μικροη

260 3009 452 3082 ψυχίᾳ,
516 3012 550 3082 ἢ
605 3013 996 3086 φιλονεικίᾳ,ἢ
1045 3017 1228 3090 ἀηδίᾳ,
1277 3019 1308 3089 ἢ
1361 3021 1524 3092 ἑτέρᾳ
1575 3024 1838 3094 οίᾳδήτινι

263 3101 540 3173 ὲμπαθείᾳ
577 3102 672 3156 τοῦ
704 3106 1025 3171 ἐπισκόπου,
1053 3110 1515 3179 ἀποσυναγώγους
1561 3117 1840 3186 συμϐεϐή-

1942 655 2070 696 eum
2102 642 2194 710 qui
2227 652 2563 711 segregatnr,
2596 643 2661 696 ad
2691 642 3136 696 communionem
3172 643 3514 711 impudentrt‘

1943 733 2222 787 accedere.
2255 731 2455 802 Utique
2487 744 2537 786 ct
2562 733 2756 802 reliqui
2785 733 2970 786 clerici
2995 735 3252 801 episcopo
3275 734 3511 788 debitam
3587 796 3592 800 ,

1942 823 2305 874 reverentiam
2338 823 2687 885 exhibentes,
2724 823 2864 877 sicut
2888 833 2943 878 et
2975 825 3091 892 ipse
3126 825 3194 878 iis
3228 827 3515 880 charitatis

1937 911 2086 980 jura,
2117 927 2243 966 cum
2281 914 2372 982 qui
2414 915 2639 982 punitur
2671 924 2724 969 et
2763 915 3016 970 excussis
3060 916 3290 970 ltabenis
3323 929 3506 970 contn-

1944 1003 2174 1060 maciter
2206 1019 2334 1073 erga
2385 1020 2601 1074 pmnam
2656 1022 2714 1060 se
2762 1008 2923 1076 gerit,
2972 1008 3292 1076 corripiant,
3339 1009 3515 1061 donec

1941 1095 2276 1150 examinatio
2299 1096 2367 1150 de
2388 1111 2455 1151 eo
2482 1107 2687 1152 statuat
2719 1099 2863 1166 quod
2887 1110 3122 1168 oportet.
3149 1100 3302 1166 Quod
3331 1112 3514 1153 autem

1942 1185 2092 1239 addit
2128 1201 2329 1253 canon,
2377 1188 2566 1252 licere,
2611 1190 2838 1243 absente
2883 1192 3332 1260 metropolitano,
3384 1191 3509 1244 vici-

1943 1278 2081 1332 niori
2104 1280 2364 1351 episcopo
2389 1297 2500 1336 rem
2525 1283 2591 1336 de
2609 1300 2715 1349 qua
2753 1285 2933 1352 agitur
2952 1285 3313 1349 committere,
3341 1286 3512 1339 nostri

1942 1369 2207 1437 temperis
2241 1371 2585 1426 consuetudo
2625 1388 2733 1427 non
2762 1374 3024 1427 admittit.

2012 1458 2148 1516 Huic
2173 1465 2415 1518 concinit
2444 1466 2608 1520 etiam
2647 1466 2747 1520 159
2782 1481 2906 1520 catt.
2942 1481 3068 1533 syn.
3099 1467 3418 1536 Carthagin.
3458 1466 3512 1521 Si

1940 1553 2067 1621 quis
2098 1554 2268 1621 enim,
2300 1557 2494 1626 inquit,
2532 1559 2825 1628 episcopus
2873 1559 2937 1613 ad
2988 1560 3329 1614 iracundiam
3390 1575 3512 1627 pro-

1939 1661 2166 1714 pensus,
2205 1649 2348 1718 quod
2397 1650 2510 1703 ﬁeri
2546 1666 2649 1704 non
2684 1659 2919 1719 oportet,
2965 1651 3148 1704 subito
3177 1660 3510 1713 commotus,

1941 1737 2180 1806 aliquem
2221 1756 2283 1793 ex
2342 1741 2557 1796 clericis
2609 1743 2712 1796 sibi
2751 1741 3014 1812 subjectis
3065 1742 3134 1796 ab
3184 1741 3414 1796 ecclesia
3459 1751 3514 1795 ct

1940 1831 2326 1886 communione
2355 1833 2645 1900 expulerit,
2683 1834 2984 1888 cavendum
3017 1843 3123 1900 est,
3164 1849 3231 1889 ne
3279 1834 3372 1903 qui
3408 1848 3511 1901 pu-

1943 1926 2111 1991 nitur,
2137 1926 2338 1994 injuste
2362 1927 2655 1995 ejiciatur;
2691 1928 2906 1983 veniam
2957 1929 3124 1998 igitur
3155 1928 3354 1982 haheat
3402 1930 3515 1997 epi-

1942 2031 2140 2086 sc0pos
2169 2018 2385 2074 vicinos
2409 2017 2670 2084 adeundi,
2700 2035 2731 2074 a
2767 2021 2968 2090 quibus
2999 2021 3281 2074 accusatio
3311 2020 3516 2074 strictze

1942 2108 2338 2164 examinationi
2366 2110 2729 2179 subjiciatur;
2755 2112 2887 2180 quin
2913 2120 2966 2164 et
2995 2111 3284 2178 episcOpus
3309 2111 3518 2162 eranti-

1942 2199 2218 2254 nationem
2243 2217 2402 2271 aequo
2433 2202 2618 2258 animo
2652 2211 2707 2258 et
2734 2203 3044 2258 humaniter
3079 2203 3223 2257 ferre
3270 2203 3434 2257 debet
3462 2211 3518 2255 et

1942 2290 2184 2360 plurium
2212 2293 2488 2363 suffragiis
2525 2310 2638 2349 rem
2673 2294 2884 2363 placide
2915 2294 3263 2357 submittere,
3314 2293 3517 2363 quibus

1942 2379 2189 2448 ejusdem
2223 2384 2498 2440 sententia
2523 2385 2605 2438 vel
2639 2395 2758 2439 rata
2781 2385 2862 2439 vel
2888 2385 3046 2440 irrita
3081 2387 3194 2439 (let.

2014 2471 2254 2538 Quintus
2284 2481 2464 2528 autem
2494 2476 2686 2543 primae
2708 2474 2899 2546 synodi
2925 2490 3120 2540 canon,
3164 2475 3366 2530 Contra
3396 2489 3514 2541 eos,

1945 2563 2150 2632 inquit,
2175 2565 2269 2633 qui
2301 2566 2418 2621 sive
2450 2565 2636 2621 clerici
2663 2566 2793 2631 sint,
2819 2567 2934 2620 sive
2966 2566 3114 2628 laici.
3141 2566 3211 2620 ab
3240 2567 3516 2643 episcOpis

1946 2657 2042 2727 qui
2097 2666 2230 2712 sunt
2280 2657 2333 2710 in
2391 2672 2721 2726 unaquaque
2773 2658 3081 2726 provincia,
3137 2670 3514 2729 segregantur,

1946 2749 2125 2805 valeat
2160 2757 2377 2818 Oportet
2415 2764 2618 2812 canon,
2654 2749 2746 2818 qui
2793 2750 3131 2818 pronuntiat,
3166 2764 3263 2804 eos
3302 2751 3394 2820 qui
3446 2752 3517 2803 ab

1941 2839 2065 2892 aliis
2098 2838 2258 2908 ejecti
2297 2848 2449 2902 sunt,
2507 2854 2614 2895 non
2651 2854 2776 2894 esse
2820 2840 2888 2894 ab
2939 2841 3061 2894 aliis
3116 2841 3512 2896 admittendos.

1940 2929 2262 3000 Prospicere
2293 2940 2476 2986 autem
2509 2940 2728 3000 oportet
2757 2947 2940 2986 annon
2984 2933 3066 2986 vel
3099 2933 3400 2994 simultate,
3431 2933 3513 2986 vel

1941 3030 2317 3086 contentione,
2335 3023 2844 3078 excommunicatos
2863 3024 2979 3078 ﬁeri
2999 3024 3310 3094 contigerit.
3332 3025 3516 3091 Quare

1941 3128 1970 3167 a
1999 3114 2221 3184 synodis
2241 3115 2440 3169 annuis
2475 3130 2595 3182 quas
2627 3116 2692 3170 iis
2715 3116 2929 3184 objecta
2953 3127 3083 3172 sunt
3110 3118 3514 3182 examinentur,

263 3205 352 3240 κει
384 3191 512 3250 τοὺς
553 3192 876 3261 ἀνθρώπους
900 3196 1154 3264 γενέσθαι
1180 3213 1195 3230 ο
1225 3198 1400 3273 ταύτῃ
1440 3219 1524 3254 τοι
1556 3206 1650 3258 καὶ
1681 3207 1833 3275 παρά

1938 3215 1991 3260 et
2012 3206 2094 3259 vel
2127 3209 2173 3259 is
2200 3207 2294 3276 qui
2322 3207 2526 3277 injuste
2547 3209 2868 3278 segregavit,
2894 3209 3042 3278 juste
3063 3210 3513 3280 reprehendatur,

261 3279 383 3340 ταῖς
424 3279 656 3348 ἐτησίως
685 3283 998 3351 γινομέναις
1050 3286 1289 3351 συνόδοις
1327 3288 1570 3353 ἐξετάσει
1603 3291 1672 3346 τὰ
1709 3296 1830 3348 κατ’

261 3365 458 3430 αὐτοὺς
500 3367 758 3434 δίδοσθαι,
793 3372 884 3424 καὶ
911 3372 944 3440 ἢ
991 3373 1082 3426 τὸν
1127 3375 1470 3444 ἁφορίσαντα
1505 3383 1834 3451 παραλόγως

259 3457 498 3524 εὐλόγως
520 3458 863 3524 εὐθύνεσθαι,
887 3460 920 3532 ἦ
943 3462 1035 3515 τὸν
1064 3465 1388 3535 παραλόγως
1412 3467 1832 3540 δυσχεραίνοντα

258 3547 336 3617 τῷ
364 3549 698 3618 ἀφωρίσθαι,
727 3552 1085 3622 εὐγνωμόνως
1113 3555 1215 3627 τὴν
1237 3557 1522 3628 ἐπιτιμίαν
1552 3562 1827 3632 δέχεσθαι.

343 3639 502 3692 Ἀλλά
534 3641 628 3722 καὶ
673 3643 699 3694 6
732 3642 774 3694 δ’
806 3643 907 3714 τῆς
947 3645 1183 3717 ἑϐδόμης
1232 3649 1475 3715 συνόδου,
1516 3647 1578 3705 Ὅ
1607 3655 1835 3724 αἰσχρος-

257 3730 486 3801 κερδῶς,
517 3733 701 3802 φησιν,
743 3727 1088 3804 είσπράττων
1130 3738 1429 3804 ἐπίσκοπος
1459 3742 1585 3806 τοὺς
1613 3745 1708 3796 ὑπ’
1735 3747 1832 3798 αὖ·

254 3823 350 3875 τὸν
384 3824 740 3889 ἐπισκόπους,
773 3826 805 3896 ἢ
850 3827 1169 3898 κληρικοῦς,
1204 3832 1237 3902 ἢ
1278 3837 1566 3904 μοναχοὺς,
1605 3839 1829 3907 χρυσὸν,

253 3913 288 3981 ἦ
320 3915 573 3985 ἄργυρον,
601 3915 633 3985 ἦ
661 3916 977 3987 οίονδήποτε
1003 3915 1164 3985 εἶδος,
1197 3921 1667 3995 προφασιζόμενος
1699 3945 1833 3998 προ-

253 4008 448 4074 φάσεις
483 4008 540 4059 ὲν
590 4009 911 4079 ἁμαρτίαις,
961 4011 1038 4082 μὴ
1072 4017 1184 4076 τοῖς
1231 4015 1394 4078 θείοις
1432 4016 1632 4089 δηλαδὴ
1661 4021 1832 4090 ἐμπε-

257 4096 652 4167 ριειλημμένας
684 4100 894 4166 κανόσι,
930 4105 1022 4156 καὶ
1064 4104 1192 4167 τοὺς
1219 4105 1295 4176 μὴ
1333 4108 1531 4178 ῥᾳδίως
1573 4113 1828 4181 πορίζον-

251 4204 352 4248 τας
418 4188 478 4240 τὸ
537 4189 829 4259 ἐπιταχθὲν
884 4193 1178 4266 ἀφορισμῷ
1231 4197 1608 4268 ἀμυνόμενος,
1667 4203 1700 4271 ἢ
1760 4203 1833 4256 δι’

251 4275 447 4344 ἑτέραν
489 4277 797 4345 ἐμπάθειαν
845 4283 942 4350 τῆς
989 4282 1332 4354 λειτουργίας
1375 4288 1657 4357 ἀπείργων
1707 4293 1830 4346 τινὰ

247 4366 361 4420 τῶν
414 4367 504 4427 ὑπ’
545 4371 708 4425 αὐτὸν
761 4373 1127 4444 κληρικῶν,ῆ
1181 4377 1377 4431 σεπτὸν
1427 4379 1624 4437 κλείων
1678 4382 1826 4450 ναὸν,

250 4461 396 4512 ὥστε
426 4463 522 4525 τὰς
552 4465 608 4516 έν
639 4463 750 4522 ἔθει
798 4465 894 4522 τοῦ
928 4466 1061 4520 Θεοῦ
1094 4469 1435 4539 λειτουργίας
1479 4474 1714 4544 ὲν“αὐτῷ
1751 4478 1824 4548 μὴ

1942 3297 2024 3352 vel
2057 3298 2149 3367 qui
2179 3298 2496 3369 indignatur
2530 3301 2674 3368 quod
2715 3311 3036 3370 segregatus
3072 3301 3258 3360 fuerit.
3292 3317 3510 3372 pugnam

1939 3404 2098 3458 aequo
2120 3389 2304 3446 animo
2343 3391 2501 3447 ferat.

2007 3652 2117 3724 36
2161 3651 2333 3710 Porro
2359 3669 2478 3710 can.
2507 3658 2541 3710 Ιι
2564 3672 2683 3728 syn.
2709 3675 2808 3722 vtt,
2833 3658 3160 3727 Episcopus,
3195 3660 3389 3729 inquit,
3417 3663 3510 3731 qui

1937 3746 2113 3813 turpis
2177 3746 2312 3798 lucri
2368 3749 2562 3815 gratia,
2622 3765 2839 3810 aurum,
2909 3750 2990 3802 vel
3055 3761 3365 3819 argentum,
3427 3753 3509 3805 vel

1936 3835 2140 3905 aliquid
2164 3837 2310 3891 aliud
2350 3837 2417 3891 ab
2441 3840 2736 3909 episcopis,
2768 3841 2848 3894 vel
2895 3842 3136 3902 clericis,
3183 3844 3267 3896 vel
3315 3859 3512 3898 mona-

1936 3928 2078 3993 chis,
2113 3929 2204 3998 qui
2235 3930 2337 3984 sibi
2370 3932 2628 3997 subsunt,
2655 3933 2845 4002 exigit,
2871 3938 3257 3992 excusationes
3300 3937 3352 3990 in
3389 3953 3512 4004 pec-

1937 4021 2073 4076 catis
2103 4022 2421 4090 excogitans
2449 4027 2594 4093 (qua:
2619 4040 2814 4092 nempe
2841 4025 3040 4080 divinis
3062 4029 3367 4082 canonibus
3399 4045 3507 4081 nun

1936 4111 2312 4182 continentur)
2344 4127 2573 4182 eosque,
2602 4115 2694 4184 qui
2730 4115 2780 4170 id
2805 4116 2947 4185 qttod
2967 4117 3326 4186 cxigiturnon
3349 4119 3508 4173 fat-ile

1935 4204 2088 4268 dant,
2122 4205 2502 4274 segregatione
2525 4206 2832 4281 ulciscens;
2861 4210 2942 4262 vel
2980 4211 3048 4264 ob
3078 4210 3318 4280 aliquam
3340 4213 3504 4266 aliam

1934 4295 2100 4350 animi
2140 4297 2610 4365 perturbationem
2649 4315 2981 4370 quemquam
3016 4302 3341 4358 clericorum
3378 4320 3508 4358 suu-

1933 4401 2054 4439 rutn
2091 4400 2122 4438 a
2155 4387 2466 4441 ministerio
2505 4400 2676 4455 arcet,
2712 4391 2794 4444 vel
2837 4393 3204 4447 venerandum
3242 4397 3504 4464 templum

1932 4476 2154 4540 claudit,
2186 4491 2253 4534 ne
2289 4478 2341 4530 in
2375 4492 2439 4532 eo
2479 4477 2724 4532 divinum
2777 4481 3140 4536 ministerium
3203 4500 3300 4554 pro
3353 4502 3506 4541 more

249 4553 546 4620 τελεῖσθαι,
578 4559 660 4618 εἰς
692 4557 1018 4625 ἀναίσθητον
1041 4559 1138 4631 τὴν
1165 4561 1360 4616 ἑαυτοῦ
1392 4566 1589 4634 μανίαν
1613 4568 1820 4638 ἐκπέμκ

1937 4569 2264 4638 perﬁciatur,
2323 4570 2376 4624 in
2439 4570 2490 4624 id
2539 4570 2686 4640 quod
2741 4588 2849 4626 non
2885 4584 2968 4629 est
3015 4591 3181 4631 sensu
3218 4579 3504 4646 praeditum

249 4663 396 4708 πων,
431 4647 756 4716 ἀναίσθητος
787 4650 954 4715 ὄντως
983 4653 1121 4718 ἐστὶ,
1172 4655 1330 4723 φησὶ,
1359 4657 1457 4712 καὶ
1483 4661 1602 4720 ταῖς
1636 4660 1825 4725 αὐταῖς

247 4738 608 4790 ὐποπεσεῖται
665 4743 896 4806 ποιναῖς,
947 4745 975 4794 6
1021 4743 1122 4812 μὲν
1171 4746 1471 4810 ἐπίσκοπος
1517 4750 1668 4820 παρὰ
1731 4751 1825 4804 τοῦ

247 4827 650 4897 μητροπολίτου
714 4833 1128 4902 ἀφοριζόμενος,
1177 4835 1206 4886 ὁ
1249 4835 1305 4887 δὲ
1377 4839 1528 4907 παρά
1578 4840 1672 4892 τοῦ
1719 4857 1825 4894 πα-

245 4918 512 4988 τριάρχου
536 4922 772 4992 εὐλόγως
805 4925 1170 4996 ὑφιστάμενος
1198 4929 1224 4982 ὃ
1258 4931 1581 5000 παραλόγως
1615 4934 1826 5004 ἑτέροις

246 5011 542 5078 ἐπήνεγκε.

321 5099 526 5162 Παῦλος
577 5101 706 5168 γοῦν
758 5106 785 5155 ό
841 5103 982 5168 θεῖος
1028 5107 1372 5175 Ἀπόστολος,
1414 5113 1577 5168 οἱονεὶ
1626 5115 1826 5168 κανόνα

243 5190 438 5252 τιθεὶς,
480 5196 588 5256 τοῖς
621 5193 883 5263 Ἐφεσίων
918 5200 1109 5268 είρηκε
1163 5201 1554 5274 πρεσϐυτέροις
1578 5220 1592 5233 ⁸
1626 5206 1824 5276 Ἀργυο

247 5283 452 5353 ρίου,ἢ
503 5287 812 5357 χρυσίου,ἣ
867 5290 1162 5358 ἱματισμοῦ
1213 5291 1426 5357 οὐδενὸς
1472 5293 1820 5365 ἐπεθύμησα,

243 5373 342 5425 καὶ
372 5374 436 5426 τὰ
472 5375 597 5444 ἑξῆς
625 5391 639 5408 ⁸
671 5379 764 5434 καὶ
795 5375 950 5444 αὖθις
976 5397 993 5413 ο
1029 5383 1141 5435 Οὐκ
1171 5383 1378 5452 ὀφείλει
1406 5386 1475 5438 τὰ
1512 5386 1679 5439 τέκνα
1707 5390 1821 5450 τοῖς

243 5465 481 5529 γονεῦσι·
513 5468 888 5540 θησαυρίζειν,
935 5473 1071 5528 ἀλλὰ
1123 5476 1173 5527 οἱ
1220 5479 1396 5543 γονεῖς
1437 5481 1547 5541 τοῖς
1588 5481 1822 5541 τέκνοις.

255 5554 420 5609 Ἀλλά
444 5561 537 5612 καὶ
565 5560 788 5630 Πέτρος,
821 5565 853 5634 ὴ
884 5569 1156 5633 κορυφαία
1187 5569 1292 5620 τῶν
1319 5569 1633 5623 ἀποστόλων
1656 5573 1824 5643 ἀκρό-

240 5663 368 5712 της,
404 5665 422 5698 ι
458 5649 802 5720 Ποιμαίνετε,
857 5657 1008 5722 φησὶ,
1063 5657 1122 5708 τὸ
1156 5659 1212 5709 ὲν
1245 5660 1376 5730 ὑμῖν
1429 5662 1678 5732 ποίμνιον
1728 5664 1821 5716 τοῦ

241 5733 407 5796 Θεοῦ,
454 5736 528 5806 μὴ
579 5741 964 5808 ἀναγκαστῶς,
998 5745 1112 5796 ἀλλ’
1161 5747 1448 5814 ἑκουσίως,
1480 5754 1618 5805 κατὰ
1648 5753 1780 5807 Θεόν
1806 5770 1819 5782 '

247 5823 336 5897 μὴ
367 5827 792 5901 αἰσχροκερδῶς,
823 5835 960 5890 ἀλλὰ
1001 5838 1302 5909 προθύμως
1329 5858 1342 5872 ⁸
1378 5842 1452 5912 μὴ
1483 5844 1557 5906 ὡς
1586 5862 1823 5898 κατακυ-

1934 4677 2087 4716 suam
2119 4663 2388 4724 insaniant
2413 4663 2760 4732 immittens;
2796 4666 2910 4736 ipse
2925 4684 3136 4732 revera,
3159 4671 3356 4740 inquit,
3386 4674 3505 4727 sine

1933 4767 2096 4808 sensu
2127 4763 2230 4818 est,
2258 4755 2560 4826 iisdemque
2592 4760 2767 4826 pmnis
2807 4761 3129 4828 subjiciatur
3163 4780 3177 4816 :
3211 4765 3504 4833 episcopus

1932 4844 2194 4898 ninirum
2232 4862 2262 4900 a
2297 4847 2716 4916 metropolitano
2749 4851 3157 4919 segregahitur;
3193 4854 3284 4907 ille
3312 4866 3494 4909 autem

1931 4948 1960 4986 a
2018 4937 2324 5013 patriarcha
2370 4937 2520 5007 juste
2578 4939 2786 4993 subibit
2842 4942 2985 5008 quod
3039 4942 3094 4995 in
3127 4943 3266 4998 alios
3300 4945 3503 5013 injuste

1930 5011 2146 5078 inﬂiait.

2002 5117 2204 5172 Paulus
2235 5119 2402 5188 igitur
2423 5121 2644 5179 divinus
2679 5125 3001 5193 Apostolus,
3039 5132 3195 5199 quasi
3232 5149 3502 5190 canonem

1933 5210 2224 5279 imponens
2249 5212 2607 5282 Ephesiorum
2638 5219 2994 5288 presbyteris,
3023 5221 3163 5278 dixit
3195 5243 3208 5278 :
3246 5245 3263 5276 ι
3293 5228 3504 5296 Argen-

1933 5307 2072 5365 tum,
2101 5303 2182 5354 vel
2214 5317 2431 5368 aurum,
2461 5306 2546 5360 vel
2576 5317 2781 5364 vestem
2812 5312 3017 5366 nullius
3042 5318 3353 5386 coneupivi.
3394 5340 3410 5370 ι
3453 5331 3504 5373 t-t

1929 5406 2052 5460 qua:
2095 5405 2418 5461 sequuntur.
2472 5396 2538 5452 Et
2586 5415 2830 5460 rursus:
2884 5425 2901 5456 ι
2939 5403 3058 5461 Non
3108 5409 3307 5466 debent
3348 5411 3502 5476 Ιίὺιϊῑ

1932 5485 2252 5551 parentibus
2309 5488 2599 5547 thesauros
2631 5495 2950 5563 recondere,
2996 5501 3090 5553 sed
3127 5512 3380 5568 parentes
3435 5505 3502 5557 liv

1928 5574 2099 5630 beris.
2156 5596 2175 5627 ι
2233 5578 2374 5644 Quin
2437 5593 2490 5635 et
2535 5582 2728 5640 Petrus
2795 5591 3168 5656 apostolorum
3227 5609 3499 5654 summus.

1935 5685 1953 5716 ι
1981 5665 2213 5732 Pascite,
2244 5673 2439 5739 inquit,
2463 5691 2680 5743 gregem
2710 5678 2805 5732 Dei
2834 5681 2926 5748 qni
2951 5695 3118 5748 penes
3149 5698 3242 5736 vos
3266 5695 3367 5746 est,
3395 5701 3501 5739 non

1931 5775 2026 5828 per
2073 5763 2204 5823 vim,
2260 5765 2354 5818 sed
2411 5767 2717 5823 voluntarie
2767 5775 3067 5826 secundum
3127 5774 3330 5842 Deum;
3395 5794 3500 5833 non

1931 5853 2105 5921 turpis
2127 5857 2262 5908 lucri
2291 5859 2488 5927 gratia,
2511 5861 2602 5914 sed
2633 5861 2915 5931 alat-riter;
2949 5880 3055 5918 non
3081 5867 3501 5927 utdominatutn
