3992 6418
525 367 665 428 1οἸ5

1723 360 2088 422 ΜᾹΤΤΠ.³ΕΙ
2131 358 2556 418 BLAS’I‘ARIS

3601 361 3705 426 1096

522 481 578 534 in
608 479 811 532 clerum
838 483 1180 539 exercentes,
1205 474 1296 528 sed
1324 475 1502 545 gregis
1524 474 1856 545 exemplaria
1889 473 2040 528 facti.
2075 492 2091 523 ι

2220 472 2476 535 >ιεύοντες
2529 470 2638 524 τῶν
2689 469 2930 540 κλήρων,
2963 469 3098 524 ἀλλὰ
3151 470 3310 525 τύποι
3351 471 3599 544 γενόμενοι
3636 480 3706 531 rei

523 571 642 625 Non
669 571 812 624 enim
842 569 1061 623 clericis
1100 575 1157 620 ut
1188 568 1362 620 servis
1391 577 1442 618 et
1477 567 1744 620 ministris
1791 567 1867 620 uti
1923 566 2095 634 jubet,

526 664 618 716 sed
661 663 870 728 absque
915 660 1083 713 animi
1124 658 1532 728 perturbatione
1572 668 1626 713 et
1676 657 1726 712 vi
1783 657 1967 726 aliqua
2001 671 2100 711 eos

527 769 750 824 pascere
785 763 839 806 et
871 752 1184 804 emendare.

599 849 786 903 Canon
814 855 993 900 autem
1031 845 1100 899 ‘29
1123 861 1244 914 syn.
1264 843 1543 912 Carthag.,
1559 841 1660 908 Qui
1681 849 1902 912 propter
1920 857 2106 897 socor-

530 938 699 997 diam,
723 937 917 1004 inquit,
943 939 1057 987 sive
1095 941 1382 1002 peccatum
1416 932 1634 1000 aliquod
1662 946 1689 983 a
1717 929 2106 999 communione

535 1036 849 1099 Segregatus
879 1025 1066 1089 fuerit,
1104 1025 1220 1078 sive
1260 1023 1574 1094 episcopus,
1607 1021 1724 1076 sive
1767 1018 2106 1090 cujusmodi-

535 1134 751 1186 cunque
810 1117 1067 1176 clericus,
1120 1115 1376 1184 quamvis
1426 1127 1550 1170 sese
1604 1110 1804 1180 injuria
1852 1110 2103 1164 alfectum

535 1208 833 1271 existimet,
884 1221 991 1259 non
1030 1205 1190 1258 debet
1222 1204 1698 1272 reprehensionem
1733 1209 2103 1266 contemnere,

536 1299 712 1351 donec
741 1311 803 1351 ea
835 1311 958 1366 quae
989 1295 1092 1364 ipsi
1125 1295 1463 1363 objiciuntur
1489 1290 1720 1362 pleniori
1747 1291 1956 1360 judicio
1979 1305 2110 1344 cou-

537 1389 749 1442 tirmata
785 1388 1009 1441 fuerint.
1054 1387 1210 1452 Quod
1245 1387 1290 1441 si
1329 1395 1453 1439 ante
1506 1376 1972 1438 examinationem
2006 1382 2109 1439 alio

537 1481 742 1549 quibus
808 1479 1247 1533 communicasse
1307 1477 1682 1545 deprehensus
1742 1475 1929 1539 fuerit,
1992 1474 2109 1542 ipse

539 1572 751 1640 plenam
789 1569 1152 1638 depositionis
1195 1569 1527 1624 sententiam
1576 1567 1802 1639 jamjam
1845 1567 2110 1620 adversus

538 1663 777 1730 scipsum
809 1663 954 1716 tulit.

545 1771 851 1827 Theodorus
911 1772 1231 1836 Balsamon,
1290 1773 1444 1840 Quod
1485 1790 1588 1828 non
1645 1781 1880 1841 oporteat
1915 1771 2112 1841 absque

695 1858 858 1896 causa
890 1845 1194 1897 rationabili
1223 1846 1451 1914 aliquem
1477 1847 1953 1898 excommunicare.

618 1933 758 1988 llinc
785 1935 976 1989 dicunt
1013 1939 1289 2005 nonnulli,
1320 1939 1463 2007 quod
1504 1938 1597 2007 qui
1643 1952 1753 1992 non
1791 1937 1862 1992 ub
1892 1950 2115 1991 causam

538 2027 841 2080 cinonibus
872 2027 1089 2081 vetitam
1120 2017 1828 2098 excommunicatusjuerit,
1865 2028 1958 2084 sed
1990 2042 2120 2098 pro-

545 2130 662 2189 pter
697 2120 1127 2175 irrationabilem
1164 2122 1337 2190 ipsius
1365 2121 1886 2178 excommunicantis
1928 2121 2123 2176 volun-

545 2218 738 2271 tatem,
769 2224 963 2264 secure
999 2214 1440 2283 segregationem
1480 2223 1816 2282 contemnet,
1857 2223 1912 2268 et
1947 2215 1992 2267 is
2020 2228 2122 2283 po-

547 2299 656 2353 tius
699 2299 794 2367 qui
839 2304 1151 2369 segregavit
1201 2317 1374 2372 pana:
1410 2305 1681 2360 obnoxius
1706 2305 1836 2360 erit.
1873 2303 1927 2359 Si
1975 2303 2120 2358 enim

548 2392 810 2460 episcopo
843 2391 1116 2447 indultum
1156 2395 1344 2460 fuerit,
1379 2413 1474 2452 seu
1513 2409 1660 2451 recte
1696 2413 1790 2451 seu
1829 2411 2120 2467 perperam

548 2483 778 2537 clericos
804 2497 857 2538 et
889 2486 1057 2539 lalcos
1090 2502 1398 2558 segregare,
1437 2497 1492 2543 et
1535 2504 1759 2544 necesse
1807 2490 2045 2545 habeant
2081 2491 2117 2544 ii

548 2574 641 2642 qui
674 2575 978 2643 puniuntur
994 2582 1428 2646 segregationem
1450 2579 1710 2648 injustam
1738 2581 2124 2648 pertimescere

547 2675 604 2717 et
657 2681 899 2730 servare,
961 2668 1306 2735 tyrannidem
1361 2671 1697 2725 exercebunt
1748 2672 2013 2742 episcopi,
2068 2680 2126 2728 et

547 2756 735 2824 pietati
806 2757 1171 2825 insultabunt,
1231 2769 1283 2821 et
1336 2761 1512 2816 divini
1552 2779 1792 2820 canones
1849 2766 2119 2820 malorum

551 2848 846 2904 multorum
876 2861 1130 2907 anetorcs
1151 2861 1345 2920 erant;
1382 2853 1528 2922 quod
1563 2865 1646 2908 est
1678 2857 1914 2911 maxime
1930 2858 2124 2911 absur-

547 2938 702 2992 dum.
763 2940 945 3004 Quare
998 2957 1124 2996 cum
1179 2945 1580 3006 niodiiicatioue
1611 2947 1743 3009 dicit
1777 2962 1953 3005 canon
2001 2965 2016 3004 :
2065 2947 2123 3004 Si

546 3029 674 3098 quis
701 3043 924 3100 propter
957 3034 1270 3090 socordiam
1296 3047 1634 3106 segregetur,
1671 3039 1857 3103 forsan
1901 3052 2126 3119 propter

547 3132 858 3189 peccaturo,
901 3126 1049 3193 quod
1092 3127 1271 3181 sancti
1320 3127 1507 3184 Patres
1550 3139 1604 3184 et
1646 3145 1886 3186 canones
1921 3143 2120 3187 vetant.

622 3302 686 3358 Et
715 3304 818 3359 hoc
849 3304 1072 3362 divinus
1119 3307 1408 3375 Dionysius
1443 3312 1764 3382 Ai'cnpngita
1801 3313 1856 3366 in
1894 3314 2118 3383 epistola

547 3395 680 3451 dicit
718 3416 730 3450 :
763 3397 876 3451 Non
912 3401 1056 3452 enim
1109 3402 1359 3470 probabit
1390 3401 1464 3456 De
1506 3420 1531 3458 s
1567 3407 1912 3460 sacerdotum
1943 3417 2122 3462 motus

543 3489 975 3546 irrationabiles.

623 3583 808 3635 (lanou
879 3594 1057 3638 autem
1131 3585 1238 3639 l05
1289 3586 1533 3655 ejusdem
1588 3607 1708 3660 syn.
1758 3591 2015 3647 clericum
2069 3591 2122 3644 in

551 3671 729 3727 Mrica
749 3677 1300 3740 esconuminicatiun,
1349 3681 1392 3732 si
1427 3680 1491 3731 ad
1533 3680 1759 3734 Ruinam
1793 3692 1943 3738 trans
1971 3698 2122 3737 mare

551 3774 758 3828 vectus,
783 3780 936 3819 sacra
962 3767 1239 3822 celebrare
1262 3785 1430 3824 ausus
1475 3774 1656 3838 tuerit,
1688 3784 1978 3845 antequam
2015 3776 2124 3844 ple-

554 3869 683 3908 num
714 3858 781 3913 de
812 3872 875 3909 eo
898 3857 1161 3924 judicium
1201 3861 1482 3933 habeatur,
1522 3863 1845 3932 depositioni
1879 3866 2121 3934 subjicit.

623 3946 811 4010 canon
846 3957 1031 4013 autem
1069 3949 1170 4013 155
1205 3965 1301 4004 uec
1346 3966 1451 4012 non
1503 3951 1623 4014 154,
1663 3953 1987 4026 Episcopus,
2043 3957 2128 4018 in-

551 4038 689 4117 quit,
739 4041 829 4108 qui
893 4041 1024 4092 dicit
1081 4056 1410 4111 quemquam
1466 4045 1568 4098 sibi
1630 4048 1837 4100 crimen
1903 4047 2124 4116 aliquod

551 4129 861 4199 confessum
897 4147 1036 4196 esse,
1068 4134 1140 4187 ob
1169 4135 1314 4201 quod
1364 4151 1392 4193 a
1422 4137 1816 4193 communione
1849 4141 1973 4208 ejici
1996 4123 2125 4203 uie.-

552 4235 724 4283 retur,
781 4224 918 4281 alter
978 4233 1158 4286 autem
1214 4225 1446 4294 aﬂirmat
1499 4245 1557 4283 se
1607 4231 1743 4283 nibil
1771 4231 2039 4300 ejusmodi
2073 4233 2122 4290 ei

550 4316 1012 4385 communicasse,
1061 4316 1352 4386 cpiscopus
1410 4321 1586 4386 solus,
1634 4331 1825 4377 contra
1869 4339 1991 4376 eum
2028 4324 2121 4392 qui

551 4404 842 4471 confessus
879 4416 964 4473 est
1016 4408 1385 4469 testimonium
1423 4409 1627 4474 ferens,
1685 4427 1790 4466 non
1830 4415 2119 4479 credetur;

2208 563 2519 634 ποιμνίου.ι
2563 561 2641 616 Οὐ
2673 561 2782 632 γὰρ
2820 564 2894 625 ὡς
2928 561 3137 626 δούλοις
3167 564 3260 616 και
3297 564 3571 635 ὑπηρέταις
3607 572 3711 640 χρῆ-

2209 653 2335 707 σθαι
2386 658 2501 716 τοῖς
2551 654 2859 723 κληρικοῖς,
2915 653 3053 706 ἀλλὰ
3103 655 3270 729 χωρὶς
3327 656 3600 725 ὲμπαθείας
3641 663 3712 713 καὶ

2207 743 2454 814 ἀνάγκης
2481 743 2696 798 κελεύει
2727 744 3038 812 ποιμαίνειν
3058 743 3277 806 τούτους
3297 747 3386 796 καὶ
3406 743 3713 815 διορθοῦσθαι,

2289 836 2351 888 '0
2391 836 2447 888 δὲ
2483 834 2566 888 κθ⁹
2600 835 2704 904 τῆς
2752 836 2810 887 ὲν
2844 835 3199 904 Καροαγένῃ,
3252 835 3311 888 Ὀ
3341 835 3425 888 διὰ
3468 837 3712 907 ρᾳθυμίαν,

2211 925 2397 996 φησιν,
2425 926 2543 997 ἦτοι
2568 925 2953 994 πλημμέλειαν
2997 927 3095 995 τῆς
3125 926 3402 990 κοινωνίας
3433 928 3717 998 ἀφορισθεὶς,

2212 1011 2310 1068 εἶτ’
2335 1014 2426 1068 οὖν
2456 1015 2774 1080 ἐπίσκοπος,
2803 1014 2914 1069 εἴτε
2948 1015 3270 1086 οίοσδίιποτε
3298 1017 3562 1085 κληρικὸς,
3588 1022 3628 1069 εἰ
3649 1022 3720 1076 καὶ

2211 1107 2596 1171 ἀναξιοπαθετν
2628 1109 2815 1173 οἴοιτο,
2849 1109 2909 1161 οὐ
2934 1109 3040 1180 χρὴ
3077 1108 3459 1177 κατολιγωρείν
3485 1110 3626 1163 αὑτὸν
3646 1111 3722 1182 τῆς

2216 1199 2516 1268 ἐπιτιμίας,
2575 1199 2769 1268 μέχρις
2823 1198 2890 1252 ἂν
2921 1199 3104 1269 κρίσει
3143 1199 3212 1252 τὰ
3263 1198 3383 1252 κατ’
3441 1199 3589 1252 αὑτὸν
3625 1201 3723 1274 δοθῇ

2213 1291 2448 1345 τελειοτέ
2459 1309 2528 1362 pa
2546 1309 2561 1324 ο
2592 1293 2700 1362 πρὸ
2723 1292 2782 1344 δέ
2811 1308 2877 1361 γε
2901 1291 3008 1361 τῆς
3027 1292 3349 1360 εξετάσεως,
3369 1277 3421 1345 ἐί
3451 1291 3725 1363 κοινωνῆσαί

2214 1400 2322 1436 τινι
2352 1384 2637 1458 φυραθείη,
2684 1385 2785 1440 οὐκ
2816 1384 2882 1439 ἂν
2913 1383 3108 1452 φθάνοι
3147 1383 3270 1436 κατ’
3301 1384 3461 1438 αὐτοῦ
3499 1386 3636 1449 αὐτὸς
3654 1385 3729 1458 τὴν

2215 1472 2396 1542 ψῆφον
2436 1470 2751 1540 ἐπενεγκὼν
2782 1472 2880 1543 τῆς
2905 1473 3122 1536 τελείας
3149 1472 3538 1545 καθαιρέσεως.

2223 1761 2527 1829 Θεόδωρος
2580 1761 2940 1831 Βαλσαμὼν,
2973 1761 3096 1815 Ὅτι
3125 1764 3198 1817 οὐ
3231 1761 3324 1817 δεῖ
3361 1762 3495 1831 δίχα
3524 1762 3736 1832 εὐλόγου

2657 1836 2854 1898 αἰτίας
2881 1833 3186 1900 ἀφορίζειν
3205 1833 3360 1886 τινά.

2297 1925 2398 1979 Ἐκ
2436 1925 2630 1978 τούτου
2665 1925 2799 1992 φασί
2845 1941 3016 1988 τινες,
3051 1925 3127 1987 ὡς
3148 1927 3193 1977 6‘
3213 1927 3313 1994 μὲν
3342 1925 3409 1977 δι’
3441 1925 3602 1982 αἰτίαν
3629 1923 3736 1990 dpo-

2223 2017 2531 2089 ριξόμενος,
2557 2019 2669 2082 τοῖς
2710 2017 2876 2080 θείοις
2904 2017 3292 2087 ἀπειρημένην
3319 2017 3525 2082 κανόσι,
3558 2015 3616 2068 δι’
3640 2015 3737 2068 ἁλό-

2221 2128 2408 2181 γιστον
2443 2110 2629 2176 μέντοι
2667 2109 2761 2162 τοῦ
2807 2108 3171 2178 ἀφορίσαντος
3215 2109 3447 2178 θέλημα,
3494 2107 3739 2168 ἀκινδύνως

2223 2204 2630 2273 καταφρονήσει
2677 2200 2776 2254 τοῦ
2811 2201 3145 2270 ἁφορισμοῦ,
3184 2201 3278 2253 καὶ
3327 2201 3518 2270 μᾶλλον
3547 2199 3741 2268 οὰφορίν

2223 2311 2323 2358 σας
2371 2293 2624 2356 ὑπόδικος
2679 2292 2833 2346 ἔσται
2887 2292 3146 2350 κολάσειο
3188 2293 3240 2346 εί
3295 2293 3401 2362 γὰρ
3457 2288 3740 2360 εὐκαίρωςῆ

2223 2385 2471 2454 ἀκαίρως
2511 2385 2666 2437 ἄδεια
2717 2384 2899 2454 δοθείη
2929 2384 3010 2454 τῷ
3061 2385 3352 2454 ὲπισκόπῳ
3394 2382 3660 2453 κληρικοὺς
3697 2397 3743 2432 τε

2223 2478 2315 2530 καὶ
2342 2476 2567 2542 λαῖκοὺς
2592 2475 2902 2545 ἀφορίζειν,
2937 2477 3031 2528 καὶ
3065 2481 3206 2546 πρὸς
3228 2477 3476 2548 ἀνάγκην
3500 2476 3630 2546 ἔχειν
3650 2473 3744 2534 τοὺς

2222 2567 2664 2637 ἐπιτιμωμένους
2693 2568 2786 2620 τὸν
2833 2568 3064 2636 ἄκαιρον
3095 2569 3406 2638 ἁφορισμὸν
3449 2567 3658 2624 δεδιέναι
3676 2565 3745 2616 καὶ

2225 2659 2538 2730 φυλάττειν,
2583 2661 2688 2714 κᾶν
2731 2661 3046 2732 τυραννίδος
3077 2659 3553 2730 κατατολμήσαιεν
3580 2660 3623 2712 οί
3653 2658 3747 2710 ιπε-

2223 2768 2441 2816 σκοποι,
2473 2753 2571 2806 καὶ
2599 2753 2697 2822 τῆς
2729 2751 3015 2814 εὐσεϐείας
3046 2753 3506 2822 κατορχήσαιντο,
3543 2751 3628 2803 καὶ
3645 2747 3746 2801 πολ·

2224 2843 2332 2896 λῶν
2365 2843 2548 2896 κακῶν
2574 2843 2818 2911 γένοιντο
2845 2844 2894 2895 oi
2924 2841 3058 2894 θείοι
3081 2844 3312 2906 κανόνες
3342 2843 3623 2914 παραίτιοι,
3644 2843 3748 2914 ὅπερ

2223 2935 2454 2996 ἀτοπίας
2501 2934 2760 3004 οὐδεμίαν
2814 2934 3125 3005 ὑπερϐολὴν
3171 2935 3522 2987 καταλείπει’
3570 2933 3646 2986 διά
3688 2947 3747 2992 τοι

2225 3027 2404 3090 τοῦτο,
2439 3028 2532 3080 καὶ
2586 3027 2729 3095 μετὰ
2779 3027 3234 3099 προσδιορισμοῦ,
3269 3029 3333 3081 Εἰ
3383 3029 3467 3082 διὰ
3523 3028 3748 3098 ῥᾳθυμίαν

2225 3121 2535 3198 ἀφώρισταί
2563 3136 2669 3183 τις,
2700 3124 2865 3188 φησιν
2890 3122 2918 3173 ὀ
2949 3122 3151 3184 κανὼν,
3187 3121 3259 3173 δι’
3290 3122 3584 3190 ἁμάρτημα
3605 3117 3747 3198 τυχὸν,

2227 3196 2366 3283 ὅπερ
2404 3215 2455 3268 οί
2492 3214 2624 3264 Ocior.
2675 3213 2901 3274 κανόνες
2950 3213 3382 3282 ἀπαγορεύουσι.

2306 3305 2474 3357 Τοῦτο
2520 3305 2613 3357 καὶ
2641 3306 2669 3357 ὁ
2707 3306 2846 3367 θεῖος
2882 3305 3152 3369 Διονύσιος
3207 3310 3239 3360 ὁ
3299 3305 3684 3377 Ἀρειοπαγέτης
3709 3303 3751 3354 ὲν

2230 3401 2486 3471 ἐπιστολῇ
2557 3400 2737 3466 λέγειθ
2773 3401 2846 3453 Οὐ
2874 3402 2984 3469 γὰρ
3017 3401 3235 3456 ἕλκεται
3268 3404 3329 3457 τὸ
3360 3404 3508 3456 Θεῖον
3543 3404 3644 3464 ταῖς
3670 3401 3752 3458 τῶν

2232 3496 2423 3568 ἱερέων
2468 3495 2793 3564 παραλόγοις
2817 3496 3036 3566 ὁρμαῖς.

2314 3589 2373 3640 ’t)
2409 3587 2466 3638 δὲ
2505 3585 2575 3660 ρε¹
2618 3586 2787 3654 αὐτῆς
2837 3569 2927 3652 τδν
2979 3588 3036 3638 ὲν
3071 3587 3313 3659 Ἀφρεκῇ
3371 3590 3468 3660 τῆς
3521 3585 3751 3646 κοινωνίας

2225 3659 2584 3749 ἀφορισθέντα
2606 3664 2886 3748 κληρικὸν,
2913 3681 2962 3731 εί
2986 3681 3066 3741 είς
3095 3680 3194 3748 τὴν
3229 3659 3451 3751 Ῥώμην
3475 3677 3750 3751 περαιωθεὶς

2226 3771 2578 3841 ίερουργῆσαι
2612 3768 2908 3840 τολμήσειε
2966 3771 3075 3840 πρὸ
3128 3773 3350 3836 τελείας
3397 3774 3495 3843 τῆς
3522 3772 3604 3825 ἐπ’
3633 3769 3749 3842 αὑτῴ

2227 3862 2482 3934 κρίσεως,
2508 3861 2689 3930 τελείᾳ
2722 3847 3123 3926 καθυποσᾴλλει
3152 3866 3220 3934 τῇ
3264 3864 3595 3936 καθαιρέσει.

2313 3955 2370 4007 Ὀ
2395 3955 2451 4008 δὲ
2489 3955 2625 4024 ρλβ’,
2661 3953 2742 4007 tu
2781 3954 2838 4007 δι
2878 3957 2972 4018 καὶ
3008 3957 3036 4008 6
3077 3938 3221 4028 ρλγί,
3266 3960 3328 4013 ’0
3362 3961 3550 4028 λέγων,
3600 3957 3748 4028 φησιν,

2229 4045 2546 4111 ἐπίσκοπος,
2601 4046 2676 4109 ὡς
2717 4046 3142 4122 ὲξομολργηθείη
3193 4067 3281 4114 τις
3335 4050 3480 4123 αὐτῷ
3526 4053 3748 4119 πταῖσμα,

2227 4132 2339 4203 οἷον
2365 4137 2465 4206 τῆς
2493 4139 2780 4201 κοινωνίας
2816 4139 2982 4204 αὑτὸν
3014 4141 3293 4210 ἐκϐαλεῖν,
3331 4147 3360 4197 ὁ
3387 4144 3441 4205 δὲ
3477 4143 3749 4198 διατείνεται

2231 4228 2501 4296 μηδέποτε
2540 4229 2747 4282 τοιοῦτό
2798 4246 2850 4282 τι
2900 4231 3078 4301 τούτῳ
3112 4235 3558 4302 προσαναθείναι,
3585 4233 3639 4286 οὐ
3680 4247 3750 4291 τι·

2227 4319 2582 4388 στευθήσεται
2620 4321 2795 4390 μόνος,
2831 4325 2970 4384 κατὰ
3002 4323 3095 4376 τοῦ
3125 4324 3287 4394 δῆθεν
3328 4321 3752 4396 ἐξομολογησσμέο

2224 4425 2318 4462 νου
2352 4411 2646 4481 μαρτυρῶν
2672 4413 2700 4464 ὀ
2727 4413 3047 4477 ἐπίσκοπος,
3078 4415 3139 4467 οὐ
3172 4416 3282 4486 μὴν
3306 4419 3443 4470 ἀλλὰ
3466 4421 3554 4470 καὶ
3572 4429 3749 4482 συγκοιρ

551 4496 662 4549 inio
693 4505 746 4549 et
792 4497 842 4550 ei
883 4500 1292 4565 communicare
1324 4513 1569 4572 cogetur.
1620 4503 1775 4575 Quod
1813 4505 1857 4558 si
1907 4506 1960 4559 in
1993 4519 2117 4560 con-

2225 4503 2413 4553 νωνεῑν
2461 4503 2655 4579 ἐκείνῳ
2703 4503 3224 4577 ἀναγκασθήσεται·
3281 4509 3331 4561 εί
3373 4508 3430 4561 δὲ
3461 4500 3748 4561 δεινοπαθῶν

552 4587 778 4640 scientia
808 4586 915 4657 37
946 4600 1045 4653 sua
1077 4604 1218 4657 aegre
1257 4589 1462 4661 ferens,
1499 4602 1554 4646 et
1585 4594 1652 4646 de
1681 4608 1748 4646 eo
1778 4593 2121 4648 scandaliza-

554 4687 668 4742 tus,
691 4691 812 4732 eum
834 4665 911 4734 ad
942 4682 1380 4747 communionem
1419 4696 1527 4741 non
1558 4697 1679 4738 esse
1715 4684 2114 4738 admittendum

550 4771 782 4839 juilicet;
826 4773 1067 4842 quandiu
1101 4775 1214 4846 ipse
1246 4785 1530 4842 segregato
1575 4789 1679 4828 non
1726 4775 2118 4841 communicat,

554 4883 724 4923 neque
769 4867 864 4927 illi,
898 4869 988 4936 qui
1024 4870 1309 4937 segregat-it
1346 4867 1570 4931 scilicet,
1619 4867 1709 4920 alii
1745 4869 2120 4925 communica-

554 4960 690 5014 bunt
744 4961 1024 5028 episcopi;
1085 4968 1141 5012 ut
1201 4959 1375 5027 magis
1437 4968 1625 5012 caveat
1687 4959 1999 5028 episcopus,
2056 4974 2122 5014 ne

552 5051 817 5103 adversus
859 5051 1097 5118 aliquem
1132 5049 1279 5104 dicat
1303 5051 1354 5104 id
1386 5050 1529 5118 quod
1557 5050 2121 5104 demonsrrationibus

551 5143 691 5209 apud
751 5143 892 5196 alios
940 5144 1172 5212 probare
1223 5158 1329 5196 non
1380 5151 1580 5211 potest.
1629 5142 1823 5207 Quaere
1865 5143 2027 5195 etiam
2066 5143 2119 5194 in

551 5246 674 5300 cap.
724 5233 756 5284 υ
813 5235 1100 5301 praesentis
1145 5233 1340 5286 littera:
1386 5249 1624 5304 canones
1666 5234 1998 5304 apostolicos
2029 5233 2118 5294 12,

558 5324 643 5389 15,
680 5324 766 5389 16,
813 5334 866 5378 et
899 5326 951 5377 in
992 5326 1057 5377 li
1093 5341 1214 5394 cap.
1248 5327 1328 5377 lit.
1368 5326 1436 5387 Π,
1459 5326 1762 5386 Neocwsar.
1792 5341 1912 5394 syn.
1939 5341 2061 5380 can.
2087 5324 2120 5377 9

553 5429 606 5469 ct
640 5417 722 5482 10,
756 5427 807 5470 et
838 5418 1126 5486 Theophili
1161 5421 1427 5471 ianon'em
1471 5420 1523 5472 8.

1243 5577 1424 5648 Leges.

625 5670 760 5726 Dirit
795 5680 977 5725 autem
1027 5670 1323 5728 Justiniani
1355 5672 1580 5728 Novella
1621 5690 1634 5727 :
1687 5673 1957 5728 Omnibus
2001 5673 2120 5742 epi—

548 5767 731 5832 scopis
772 5780 827 5820 et
891 5766 1221 5835 presbyteris
1271 5766 1678 5832 interdicimus,
1733 5766 2042 5836 quempiam
2090 5781 2117 5818 a

2221 4593 2320 4660 τὴν
2353 4593 2682 4664 συνείδησιν,
2703 4594 2796 4646 καὶ
2828 4596 3321 4672 σκανδαλιζόμενος
3369 4599 3457 4652 ἐπ’
3485 4597 3638 4664 αὐτῷ,
3669 4593 3746 4645 οὐκ

2219 4681 2386 4733 οίεται
2416 4681 2528 4735 δεῖν
2551 4686 2632 4746 εἰς
2661 4685 2946 4737 κοινωνίαν
2971 4686 3322 4756 προσίεσθαι,
3352 4687 3436 4756 ἐφ’
3457 4689 3572 4740 ὅσον
3593 4683 3746 4759 χρόνον

2219 4774 2278 4825 οὐ
2334 4778 2580 4828 κοινωνεί
2627 4776 2708 4846 τῷ
2746 4778 3121 4849 ἀφορισθέντι,
3153 4772 3313 4850 ’μηδὲ
3355 4781 3406 4834 οἱ
3436 4780 3578 4837 ἄλλοι
3607 4775 3742 4838 τούτῳ

2220 4866 2509 4919 ἐπίσκοποι
2531 4871 2992 4924 κοινωνείτωσαν·
3025 4871 3166 4924 ὥστε
3200 4873 3405 4942 μᾶλλον
3443 4866 3742 4939 παραφυλάτ-

2219 4955 2407 5009 τεσθαι
2455 4957 2547 5009 τὸν
2603 4959 2919 5025 ἐπίσκοπον,
2970 4963 3044 5031 μὴ
3104 4963 3288 5030 λέγειν
3319 4966 3458 5017 κατά
3486 4977 3616 5033 τινος
3638 4960 3740 5023 ὅπερ

2220 5046 2556 5110 ἀποδείξεσιν
2589 5049 2806 5116 ἐλέγξαι
2840 5050 2972 5122 παρ’
2997 5054 3204 5122 ἑτέροις
3251 5055 3314 5108 οὑ
3355 5055 3589 5108 δύναται.
3618 5049 3740 5114 liii“

2221 5135 2314 5187 καὶ
2338 5139 2394 5187 ἐν
2424 5136 2499 5206 τῷ
2523 5134 2567 5188 θ’
2609 5155 2734 5205 κεφ.
2777 5139 2870 5193 τοῦ
2929 5144 3195 5210 παρόντος
3236 5147 3500 5214 ποιχεὲου
3554 5139 3738 5196 κανόνας

2221 5229 2614 5294 ἁποστολικοὺς
2660 5229 2750 5297 ιβ’,
2787 5231 2877 5300 ιγ’,
2915 5233 3011 5298 ις’,
3041 5238 3133 5288 καὶ
3156 5238 3214 5289 ὲν
3244 5237 3320 5308 τῷ
3359 5236 3423 5306 ιβ’
3456 5253 3572 5304 κεφ.
3600 5231 3676 5286 τοῦ
3707 5227 3737 5279 Π

2223 5319 2510 5386 στοιχείου,
2545 5320 2773 5381 κανόνας
2819 5323 2922 5390 τῆς
2961 5327 3018 5375 ὲν
3047 5326 3449 5398 Νεοκαισαρείᾳ
3501 5323 3688 5378 συνόδου
3706 5316 3738 5366 θ’

2222 5413 2312 5472 καὶ
2347 5409 2376 5462 ι’
2405 5413 2498 5464 καὶ
2519 5411 2778 5480 Θεοφίλου
2808 5411 2875 5483 η’.
3195 5409 3200 5416 ’
3333 5401 3339 5408 ’

2905 5595 3109 5661 Νόμοι.

2304 5679 2369 5729 Ἦ
2393 5678 2449 5731 δὲ
2492 5680 2919 5748 Ἰουστινιάνειος
2978 5687 3188 5759 Νεαρά,
3239 5689 3403 5751 nan,
3460 5688 3600 5756 φησὶ,
3650 5682 3732 5742 τοῖς

2225 5771 2541 5834 ἐπισκόποις
2561 5773 2653 5836 καὶ
2671 5775 3062 5848 πρεσϐυτέροις
3090 5779 3499 5850 ἀπα-ὄιορεὺομεν
3522 5772 3732 5847 longum
