3992 6458
334 321 478 390 1097

1303 332 1716 393 ΞΥΝΤΑΟΜᾹ
1761 336 1800 391 Λ
1813 326 2505 393 Ῑ.ΡΗΛΒΕΤΙΟΠΜ.”-·
2548 331 2613 391 Β.

3485 324 3622 389 1098

322 445 429 514 ,τῆς
460 441 626 510 ἁγίας
655 446 962 507 κοινωνίας,
996 447 1127 515 πρὶν
1151 445 1272 515 ἂνῆ
1306 447 1459 499 αἰτία
1510 446 1718 517 δειχθῇ,
1750 446 1817 498 δι’
1851 445 1916 515 ἢν

2032 454 2211 499 sancta
2260 445 2656 501 communione
2703 455 2987 513 separare,
3014 439 3344 512 priusquam
3392 448 3620 496 ostensa

321 534 379 585 οἱ
412 534 861 603 ὲκκλησιαστικοὶ
893 539 1120 600 κανόνες
1151 537 1308 589 τοῦτο
1364 536 1614 606 γίνεσθαι
1664 535 1922 590 κελεύου-

325 643 445 680 σιν.
488 626 550 681 Ei
575 625 633 679 δέ
662 645 745 691 τις
773 630 924 698 παρά
950 629 1124 682 ταῦτα
1146 632 1249 700 τῆς
1283 629 1446 697 ἁγίας
1488 628 1776 691 κοινωνίας
1814 646 1920 699 χω-

324 717 477 787 ρίσει
535 719 682 781 τινὰ,
736 721 943 783 ἐκεῖνος
1008 720 1128 789 μὲν,
1156 720 1214 782 ὃς
1247 719 1450 781 ἀδίκως
1497 717 1598 785 τῆς
1632 718 1921 781 κοινωνίας

323 809 630 881 ἐχωρίσθη,
668 812 927 880 λυόμενος
958 813 1051 866 τοῦ
1082 811 1366 882 χωρισμοῦ
1402 809 1509 865 ὑπὸ
1533 811 1629 864 τοῦ
1664 810 1917 880 μείζονος

327 902 547 973 ἱερέως,
576 904 676 972 τῆς
698 905 859 971 ἁγίας
894 903 1167 969 ἀξιούσθω
1200 901 1484 966 κοινωνίας
1506 918 1519 933 ⁶
1572 904 1600 955 ό
1630 902 1686 955 δὲ
1716 900 1921 962 ἀδίκως

322 994 484 1057 τινὰς
512 994 718 1064 ταύτης
742 994 974 1064 χωρίσαι
1003 994 1307 1063 τολμήσας,
1336 993 1442 1047 ὑπὸ
1470 992 1564 1046 τοῦ
1591 992 1803 1063 ἱερέως,
1826 989 1920 1059 ὑφ’

321 1087 389 1140 ὃν
413 1087 699 1151 τέτακται,
728 1088 1137 1158 χωρισθήσεται
1190 1087 1291 1154 τῆς
1323 1085 1638 1150 κοινωνίας,
1674 1083 1759 1154 ἐφ’
1795 1085 1919 1139 ὅσον

324 1179 397 1233 ἂν
428 1179 620 1250 χρόνον
655 1181 856 1242 ἐκεῖνος
895 1178 1105 1250 συνίδη,
1136 1178 1244 1242 ἴνα,
1270 1178 1408 1248 ὅπερ
1437 1177 1640 1240 ἀδίκως
1668 1176 1912 1247 ἐποίησε,

322 1270 560 1333 δικαίως
584 1271 880 1342 ὑπομείνῃ.

403 1364 481 1416 Οὐ
508 1366 589 1417 δεῖ
617 1365 746 1427 τοὺς
800 1365 1138 1427 ἐπισκόπους
1167 1364 1202 1434 ἦ
1234 1363 1533 1436 κληρικοὺς
1583 1363 1917 1432 ἀναγκάζειν

321 1456 484 1519 τινάς
544 1460 919 1527 καρποφορεῖν
956 1457 989 1526 ἢ
1040 1456 1319 1527 ἀγγαρίας
1363 1456 1589 1521 διδόναι,
1618 1456 1653 1526 ἢ
1682 1458 1809 1518 τοὺς
1840 1455 1917 1528 μὴ

254 1612 260 1616 ,
323 1547 472 1601 οὕτω
510 1547 797 1612 ποιοῦντας
836 1550 1158 1619 ἀφορίζειν,
1194 1548 1230 1619 ἢ
1285 1546 1734 1618 ἀναθεματίζειν,
1772 1547 1806 1618 ἢ
1839 1546 1917 1619 μὴ

324 1640 532 1695 διδόναι
558 1640 875 1709 κοινωνίαν,
908 1643 943 1714 ἦ
981 1643 1055 1712 μὴ
1082 1641 1396 1710 βαπτίζειν·
1431 1638 1695 1711 ἀθέμιτον
1718 1641 1848 1712 γάρ.

679 1819 872 1872 ΑΡΧΗ
912 1817 1050 1873 ΤΟΥ
1086 1818 1129 1869 Β
1167 1814 1564 1871 ΣΤΟῙΧΕΙΟΥ.

437 1910 692 1965 ΚΕΦΑΑ.
734 1908 812 1989 Λξ.
849 1910 990 1978 Περὶ
1023 1909 1132 1965 τοῦ
1156 1909 1333 1975 ἁγίου
1358 1908 1810 1978 βαπτίσματος.

422 2001 582 2055 Ἀλλά
609 2001 720 2074 γὰρ
745 2000 838 2054 ἐπὶ
871 2002 938 2055 τὸ
972 1999 1101 2071 ἑξῆς
1144 2000 1247 2070 ήδη
1312 2000 1592 2069 μετιόντες
1630 1998 1916 2072 στοιχεῖον,

323 2093 399 2147 τὰ
428 2094 560 2164 περὶ
579 2093 675 2146 τοῦ
702 2094 864 2161 ἁγίου
902 2093 1285 2164 βαπτίσματος
1317 2090 1594 2161 προῦργου
1627 2087 1785 2163 οἶμαι
1834 2090 1914 2146 δι-

325 2186 550 2249 εξιέναι.
792 2234 799 2239 ,

412 2277 474 2331 't')
499 2276 587 2346 ρξ’
620 2277 730 2330 τῶν
759 2277 935 2346 ἁγίων
965 2277 1281 2331 ἀποστόλων
1325 2278 1506 2332 κανὼν
1547 2279 1638 2329 τὸν
1682 2277 1783 2346 μὲν
1824 2275 1919 2329 τοῦ

324 2366 564 2435 ἀληθοῦς
594 2367 899 2437 ⁴ἠξιωμένον
949 2366 1350 2437 βαπτίσματος,
1391 2360 1467 2431 ὡς
1496 2368 1557 2420 τὸ
1587 2365 1682 2420 τοῦ
1712 2367 1921 2438 Κυρίου

327 2459 616 2529 ἐπίταγμα
667 2462 759 2512 καὶ
787 2462 822 2530 ἡ
845 2459 953 2513 τῶν
977 2459 1293 2515 ἀποστόλων
1323 2460 1437 2530 ἔχει
1480 2459 1803 2531 παράδοσις,
1845 2461 1921 2531 μὴ

325 2550 724 2615 ἀναϐαπτίξειν
760 2553 976 2604 κελεύει
1000 2566 1015 2581 ·
1037 2552 1126 2604 τδν
1149 2551 1206 2605 δέ
1231 2568 1296 2619 γε
1336 2550 1614 2614 δυσσεϐῶς
1645 2551 1784 2621 πρὸς
1812 2552 1922 2604 τῶν

325 2641 543 2697 ἀσεϐῶν
602 2641 937 2719 μολυνθέντα
991 2642 1196 2711 μᾶλλον
1247 2641 1281 2711 ἦ
1318 2640 1709 2710 βαπτισθέντα,
1751 2644 1924 2713 μηδὲν

329 2733 739 2797 ὲπιδοιάζοντας
787 2732 1205 2798 ἀναϐαπτίζειν,
1240 2734 1302 2786 Et
1353 2733 1409 2786 δὲ
1447 2732 1511 2786 τὸ
1540 2733 1640 2804 μὲν
1667 2735 1923 2805 ἀληθινὸν

337 2824 437 2894 ήδη
462 2823 867 2894 βαπτισάμενος
901 2823 1084 2895 ἔτυχε,
1114 2823 1251 2895 πρὸς
1289 2823 1344 2876 δὲ
1378 2825 1487 2878 τῶν
1512 2826 1726 2879 ἀσεϐῶν
1756 2827 1926 2896 μεμόι

331 2915 524 2969 λυνται
549 2914 798 2986 ὕστερον,
826 2916 985 2986 μύρῳ
1011 2915 1262 2987 χρίεσθαι
1289 2915 1451 2984 μόνον
1473 2934 1486 2947 '
1519 2919 1786 2972 καὶτοῦτο
1813 2921 1924 2992 γάρ

335 3010 496 3078 μέρος
527 3005 666 3061 εἶναι
696 3011 1015 3062 πιστεύεται
1046 3007 1139 3062 τοῦ
1191 3008 1336 3062 θείου
1379 3009 1788 3080 βαπτίσματος·
1829 3012 1923 3066 τοῦ

2026 528 2196 585 fuerit
2224 542 2391 588 causa
2417 541 2647 604 propter
2665 546 2833 602 quam
2854 530 3221 599 ecclesiastici
3241 544 3488 586 canones
3515 530 3621 584 boc

2023 619 2144 675 ﬁeri
2209 621 2558 692 praecipiunt.
2621 620 2680 675 Si
2738 621 2865 691 quis
2925 628 3111 675 autem
3165 628 3366 689 praeter
3418 619 3539 674 haec
3587 634 3620 673 a

2025 720 2214 767 sancta
2277 712 2670 768 communione
2724 712 3044 783 quempiam
3111 711 3472 781 separaverit.
3528 711 3665 767 ille

2024 802 2246 871 quidem
2276 804 2370 872 qui
2413 803 2617 874 injuste
2645 818 2676 857 a
2706 803 3099 857 communione
3131 811 3426 869 separatus
3454 809 3558 865 est,
3589 816 3619 855 a

2024 894 2221 965 majori
2251 896 2543 951 sacerdote
2579 895 2930 965 separatione
2955 895 3197 959 solutus,
3237 902 3432 948 sancta
3465 908 3623 948 com-

2024 988 2292 1043 munione
2349 989 2549 1059 dignus
2627 989 2933 1052 habeatur;
2992 987 3089 1057 qui
3154 994 3339 1042 autem
3414 986 3621 1056 injuste

2023 1079 2258 1149 aliquem
2307 1080 2378 1134 ab
2414 1095 2475 1135 ea
2522 1082 2785 1149 separare
2820 1088 2992 1132 ausus
3041 1076 3229 1141 fuerit,
3266 1091 3296 1130 a
3330 1079 3620 1131 sacerdote

2022 1170 2112 1225 cui
2158 1170 2369 1235 subest,
2434 1170 2826 1233 communione
2881 1167 3215 1233 movebitur,
3263 1166 3515 1236 quandiu
3565 1167 3614 1221 ei

2022 1262 2201 1318 visum
2236 1262 2423 1326 fuerit,
2457 1263 2690 1331 utquod
2721 1261 2925 1330 injuste
2953 1260 3101 1324 fecit,
3129 1261 3277 1330 juSIc
3310 1261 3609 1315 sustineat.

2092 1356 2214 1409 Non
2244 1364 2465 1425 oportet
2488 1355 2782 1426 episcopos
2805 1354 2886 1409 vel
2915 1354 3149 1409 clericos
3176 1368 3372 1423 cogere
3397 1354 3615 1422 aliquos

2022 1449 2237 1504 fructus
2269 1448 2487 1512 oil‘erre,
2526 1449 2608 1503 vel
2639 1448 2893 1517 angarias
2928 1446 3081 1512 dare,
3116 1446 3199 1501 vel
3233 1461 3329 1499 eos
3362 1445 3458 1515 qui
3503 1460 3615 1499 non

2022 1540 2097 1594 ita
2128 1540 2339 1595 faciunt
2364 1553 2679 1609 segregare,
2714 1538 2798 1591 vel
2823 1538 3317 1603 anatliematizare,
3351 1536 3437 1590 vel
3459 1551 3616 1590 com-

2022 1634 2291 1689 munione
2348 1647 2590 1700 movere,
2642 1631 2726 1685 vel
2757 1645 2866 1685 non
2899 1629 3214 1700 baptizare;
3266 1626 3419 1681 nefas
3463 1628 3614 1681 enim

2023 1735 2128 1780 est.

2371 1809 2483 1888 33
2520 1808 2787 1872 mtrqu
2830 1809 3159 1870 uncum
3189 1812 3254 1869 B.

2372 1908 2529 1964 CAP.
2562 1909 2606 1964 1.
2656 1908 2733 1963 De
2765 1924 2922 1964 sacro
2971 1907 3257 1977 baptismo.

2088 1994 2209 2060 Jam
2242 2017 2376 2060 vero
2409 2018 2537 2060 cum
2562 2001 2630 2057 ad
2654 2001 2967 2071 proximam
3004 2000 3244 2056 litteram
3284 2008 3611 2071 perventum

2021 2096 2119 2161 sit,
2136 2111 2317 2167 opera:
2341 2097 2578 2167 pretium
2596 2094 2705 2150 erit
2731 2093 2800 2150 de
2826 2108 2987 2149 sacro
3015 2092 3292 2163 baptismo
3314 2093 3610 2150 disserere.

2094 2273 2284 2329 Canon
2315 2284 2634 2338 sanctorum
2662 2272 3041 2344 apostolorum
3073 2272 3143 2327 47
3172 2288 3298 2328 eum
3331 2275 3426 2343 qui
3452 2274 3611 2344 juxta

2023 2365 2243 2421 Domini
2269 2377 2604 2436 praeceptum
2629 2375 2679 2420 et
2705 2365 3062 2434 apostolicam
3092 2365 3447 2421 traditionem
3474 2381 3609 2422 vero

2024 2459 2297 2530 baptismo
2327 2459 2529 2529 dignus
2571 2459 2793 2513 habitus
2843 2457 3029 2520 fuerit,
3082 2473 3189 2513 non
3218 2459 3400 2515 denuo
3434 2460 3616 2531 bapti-

1979 2568 2001 2581 '
2025 2566 2153 2607 zare
2178 2551 2379 2621 jubet;
2424 2558 2559 2607 eum
2588 2560 2770 2606 autem
2809 2552 2902 2621 qui
2931 2551 3001 2607 ab
3040 2551 3225 2622 impiis
3263 2551 3474 2609 nefarie
3500 2554 3617 2625 pol-

2025 2644 2174 2697 Intus
2217 2642 2401 2713 potius
2460 2658 2623 2713 quam
2662 2642 2978 2712 baptizatus
3026 2641 3217 2706 fuerit,
3269 2645 3389 2699 sine
3425 2645 3610 2716 aliqua

2026 2739 2350 2795 dilIicultate
2378 2740 2748 2807 rebaptizarc.
2787 2739 2943 2805 Quod
2989 2737 3034 2792 si
3084 2737 3377 2808 quisquam
3420 2752 3611 2790 verum

2025 2830 2364 2901 baptismum
2422 2839 2734 2893 assecutus,
2778 2830 2847 2884 ab
2911 2827 3095 2897 impiis
3133 2836 3323 2896 postea
3369 2827 3612 2896 pollutus

2031 2923 2217 2987 fuerit,
2239 2934 2521 2993 unguento
2544 2924 2809 2978 duntaxat
2837 2923 3141 2992 inungatur
3166 2940 3180 2976 :
3210 2922 3261 2975 id
3288 2923 3435 2976 enim
3466 2924 3611 2977 sacri

2032 3017 2284 3086 baptismi
2309 3032 2435 3087 pars
2466 3032 2589 3071 esse
2621 3017 2884 3072 creditur.
2922 3016 3054 3070 Eum
3078 3017 3167 3085 qui
3204 3030 3366 3070 secus
3392 3015 3608 3081 iecerit,

329 3101 386 3153 δὲ
420 3102 494 3169 μὴ
520 3100 664 3153 οὕτω
692 3100 992 3165 ποιοῦντος,
1023 3099 1122 3153 εἴτ’
1147 3099 1241 3152 οὗν
1284 3102 1608 3165 ἐπισκόπου,
1635 3103 1746 3155 εἴτε
1783 3120 1916 3174 πρε-

2032 3108 2144 3164 sivo
2183 3109 2478 3179 episcopus
2508 3110 2600 3171 sit,
2633 3109 2747 3163 sive
2780 3106 3082 3178 presbyter,
3129 3107 3357 3161 omnino
3389 3107 3614 3177 deposio

330 3192 617 3261 σϐυτέρου,
680 3192 894 3245 τελείαν
943 3190 1385 3261 καταψηφίζεται
1426 3190 1525 3263 τὴν
1572 3192 1911 3262 καθαίρεσιν,

327 3284 404 3347 ὡς
433 3284 767 3353 ἐγγελῶντος
792 3282 883 3336 τὸν
916 3285 1150 3354 σταυρὸν
1182 3283 1276 3337 τοῦ
1303 3284 1532 3353 Κυρίου,
1564 3286 1660 3338 καὶ
1686 3285 1777 3338 τὸν
1810 3303 1915 3340 σω-

330 3378 518 3450 τήριον
564 3374 730 3429 αὐτοῦ
760 3376 1246 3447 διακωμῳδοῢντος
1295 3375 1549 3431 θάνατον.
1584 3378 1723 3448 Φησὶ
1747 3379 1857 3451 γὰρ
1887 3380 1915 3430 ὁ

329 3472 471 3533 θεῖος
494 3468 850 3532 Ἀπόστολος’
921 3469 1217 3532 Ἑκουσίως
1277 3469 1705 3539 ἁμαρτανόντων
1753 3471 1917 3540 ἡμῶν

333 3563 473 3633 μετά
490 3561 587 3633 τὴν
610 3563 909 3626 ὲπῖγνωσιν
930 3560 1031 3631 τῆς
1053 3559 1334 3631 ἀληθείας,
1353 3561 1453 3613 οὐκ
1474 3560 1553 3613 ἔτι
1581 3560 1710 3630 περὶ
1733 3561 1917 3631 ἀμαρ-

327 3659 460 3711 τιῶν
491 3658 849 3711 ἀπολείπεται
878 3657 1062 3722 θυσία,
1094 3657 1216 3726 ἦτοι
1250 3655 1337 3711 διὰ
1374 3654 1753 3726 βαπτίσματος
1778 3656 1917 3710 κάθ-

328 3764 521 3823 αρσιςι
582 3747 664 3816 εἷς
720 3753 833 3824 γὰρ
873 3754 903 3805 ὁ
950 3752 1046 3805 τοῦ
1094 3750 1331 3818 Χριστοῦ
1356 3750 1607 3814 θάνατος,
1634 3750 1729 3804 καὶ
1757 3749 1815 3804 ἓν
1853 3751 1916 3804 τὺ

331 3843 699 3914 καθαρτήριον
737 3842 1044 3913 βάπτισμα.
1668 3836 1675 3841 ’

400 3935 484 3987 Τά
511 3935 651 3988 αὐτά
680 3936 770 3989 καὶ
797 3938 825 3989 ὁ
849 3939 944 4008 τῆς
987 3938 1045 3990 ἐν
1101 3937 1435 4010 Καρθαγένῃ
1462 3939 1683 3992 συνόδου
1717 3944 1759 3990 ν’
1795 3938 1915 3992 διασ-

328 4028 607 4082 τάττεται.
1044 4014 1055 4021 ’

415 4112 473 4168 ’0
500 4114 557 4168 δὲ
584 4116 671 4186 μο’
710 4117 869 4180 αὖθις
895 4118 1004 4172 τῶν
1023 4119 1199 4187 ἁγίων
1223 4119 1541 4174 ἀποστόλων
1583 4121 1666 4185 είς
1693 4120 1916 4193 Πατέρα

332 4206 424 4259 καὶ
460 4207 587 4259 Υἱὸν
616 4209 708 4261 καὶ
729 4207 885 4277 ἅγιον
926 4210 1153 4279 Πνεῦμα
1197 4209 1485 4281 βαπτίζειν
1530 4210 1675 4265 κατά
1722 4212 1783 4264 τὸ
1820 4214 1914 4267 τοῦ

335 4300 541 4370 Κυρίου
565 4304 946 4370 παρεγγυᾶται
971 4303 1177 4372 λόγιον,
1206 4304 1344 4358 ἀλλά
1374 4306 1449 4377 μὴ
1477 4307 1557 4369 είς
1578 4307 1729 4375 τρεῖς
1748 4307 1916 4376 ἀνάρ-

334 4409 485 4463 χους,
508 4394 540 4463 ἢ
569 4399 718 4462 τρεῖς
749 4396 922 4460 υἱοὺς,
953 4397 987 4466 ἢ
1014 4399 1166 4467 τρεῖς
1194 4398 1603 4470 παρακλήτους.
1631 4393 1728 4464 Εἷς
1752 4400 1862 4471 γὰρ
1887 4402 1915 4453 ὁ

2033 3202 2183 3256 tione
2216 3201 2592 3258 mulctandum
2630 3202 2856 3266 statuit;
2911 3210 2974 3255 ut
3005 3203 3097 3271 qui
3140 3215 3362 3256 crucem
3391 3200 3609 3257 Domini

2032 3292 2278 3359 irrideat,
2324 3303 2380 3349 et
2421 3294 2768 3349 salutiferam
2810 3293 2934 3364 ejus
2963 3282 3196 3348 mortEm
3232 3308 3332 3363 pro
3364 3292 3608 3347 Iudibtio

2030 3384 2245 3440 habeat.
2284 3384 2425 3440 Dicit
2463 3386 2611 3441 enim
2650 3384 2872 3440 divinus
2915 3385 3213 3456 Apostolus
3264 3401 3282 3440 :
3319 3404 3340 3438 ι
3383 3384 3517 3440 Nam
3562 3387 3609 3441 si

2029 3476 2175 3531 ultro
2235 3480 2652 3547 pcccaverimus
2704 3487 2827 3548 post
2890 3487 3171 3563 acceptam
3238 3478 3609 3548 cognitionem

2030 3570 2297 3636 veritatis,
2366 3587 2477 3626 non
2535 3573 2715 3626 adhuc
2784 3585 2885 3640 pro
2954 3570 3193 3639 peccatis
3250 3570 3464 3641 reliqua
3527 3582 3615 3628 est
3718 3616 3725 3623 .

2027 3665 2229 3731 hostia,
2268 3683 2286 3715 ι
2334 3666 2446 3721 sive
2475 3680 2572 3735 per
2603 3664 2940 3735 baptismum
2976 3663 3273 3729 lustratio;
3319 3680 3427 3719 una
3462 3666 3609 3721 enim

2026 3770 2109 3815 est
2138 3757 2339 3813 Christi
2392 3773 2561 3821 mors,
2594 3766 2647 3813 et
2681 3772 2843 3823 unus,
2876 3756 2970 3826 qui
3024 3765 3245 3827 purgat,
3276 3756 3610 3827 baptismus.

2099 3934 2299 3991 Eadem
2333 3936 2496 3988 etiam
2531 3931 2725 3988 statuit
2756 3946 2932 3984 canon
2967 3929 3036 3984 50
3090 3930 3281 3999 synodi
3318 3927 3611 4000 Carthagi-

2026 4030 2251 4087 niensis.

2095 4119 2283 4175 Ca'non
2320 4125 2502 4172 autem
2553 4121 2730 4169 sanet.
2764 4123 2942 4183 apost.
2978 4114 3047 4168 d9
3080 4116 3129 4168 in
3158 4113 3380 4168 nomine
3430 4115 3612 4169 Patris

2026 4224 2081 4270 et
2107 4212 2234 4266 Filii
2271 4219 2326 4265 et
2372 4207 2611 4278 Spiritus
2644 4208 2846 4270 sancti,
2891 4206 3047 4275 juxta
3101 4206 3347 4260 divinum
3392 4207 3610 4261 Domini

2027 4321 2362 4369 sermonem,
2398 4301 2679 4373 baptizare
2699 4301 2878 4371 jubet,
2917 4315 3022 4353 non
3054 4308 3236 4354 autem
3280 4301 3334 4353 in
3383 4301 3609 4356 nomine

2026 4398 2191 4454 trium
2220 4395 2476 4468 principii
2507 4394 2840 4463 expertium,
2876 4392 2959 4447 vel
2994 4392 3161 4447 trium
3204 4390 3494 4457 Filiorum,
3522 4397 3607 4450 vel

330 4488 564 4558 ἄναρχος
597 4487 808 4559 Πατὴρ,
840 4489 929 4542 διὰ
961 4489 1022 4542 τὸ
1047 4491 1313 4556 ἀναίτιον,
1349 4492 1445 4545 καὶ
1474 4486 1553 4555 είς
1585 4493 1614 4545 ὁ
1644 4492 1793 4559 Υίὺς,
1829 4493 1916 4547 διὰ

2032 4490 2194 4546 trium
2223 4490 2665 4554 Paracletorum;
2697 4500 2842 4540 unus
2864 4485 3013 4540 enim
3045 4495 3130 4540 est
3177 4486 3300 4541 sine
3335 4486 3609 4556 principio

330 4580 428 4649 τὴν
488 4581 729 4652 ἄῤῥητον
784 4582 1066 4653 γέννησιν,
1108 4585 1205 4637 καὶ
1233 4578 1314 4647 εἷς
1359 4584 1388 4635 ὁ
1442 4584 1824 4656 Παράκλητος,
1856 4585 1918 4637 τὸ

336 4672 561 4743 Πνεῦμα
590 4674 650 4726 τὸ
680 4674 860 4741 ἅγιον,
891 4673 981 4728 διὰ
1029 4674 1131 4746 τὴν
1161 4676 1227 4728 ὲκ
1269 4676 1365 4728 τοῦ
1414 4676 1715 4745 ἀγεννήτου
1750 4676 1918 4729 exne.

337 4781 545 4834 ρευσιν.
589 4768 652 4820 Οἱ
673 4766 730 4819 δὲ
764 4766 840 4838 μὴ
888 4765 1032 4820 οὕτω
1065 4767 1370 4841 ποιοῦντες,
1404 4769 1695 4822 ἐπίσκοποι
1726 4769 1760 4838 ἢ
1788 4785 1920 4838 πρε-

336 4859 609 4928 σϐύτεροι,
636 4862 931 4932 ’ἐπιτιμίαν
967 4862 1293 4931 ὑφίστανται
1322 4862 1421 4934 τὴν
1461 4863 1805 4932 καθαίρεσιν.

418 5043 478 5098 ’0
500 5044 558 5098 δέ
591 5062 654 5113 γε
686 5037 751 5108 ν’,
799 5059 916 5115 ιρια
943 5045 1298 5115 βαπτίσματα
1332 5047 1460 5115 μιᾶς
1502 5047 1756 5115 μυήσεως
1792 5048 1918 5101 ἐπι-

335 5137 529 5201 τελεῖν,
564 5140 713 5208 τρεῖς
743 5137 948 5207 δηλαδὴ
991 5136 1317 5200 καταδύσεις
1353 5139 1412 5189 ὲν
1443 5138 1524 5190 ἐνὶ
1555 5137 1913 5207 βαπτίσματι,

337 5230 430 5281 καὶ
456 5230 663 5299 ἑκάστῃ
690 5229 800 5281 τῶν
825 5229 1175 5282 καταδύσεων
1203 5228 1262 5282 ἓν
1292 5229 1465 5299 ὄνομα
1492 5231 1590 5300 τῆς
1614 5230 1776 5299 ἁγίας
1798 5231 1920 5284 ἐπι-

334 5320 511 5387 λέγειν
538 5321 769 5391 Τριάδος
794 5336 807 5349 ·
838 5319 977 5373 ἀλλά
1016 5319 1091 5390 μὴ
1113 5319 1174 5373 ἓν
1210 5319 1497 5390 βάπτισμα
1532 5322 1614 5383 είς
1639 5321 1729 5375 τὸν
1752 5321 1919 5376 θάνα-

334 5430 422 5467 τον
452 5414 543 5467 τοῦ
569 5412 779 5481 Κυρίου
812 5413 1112 5483 διδόμενον,
1164 5413 1284 5484 ἦτοι
1311 5413 1460 5476 ἅπαξ
1495 5413 1788 5467 καταδύειν
1826 5416 1919 5468 τὸν

338 5507 758 5576 βαπτιζόμενον,
799 5507 897 5558 καὶ
945 5508 1025 5569 είς
1050 5505 1180 5575 μίαν
1225 5505 1525 5559 κατάδυσιν
1557 5505 1650 5559 τὸν
1675 5504 1769 5558 τοῦ
1804 5508 1918 5559 Ku-

340 5599 455 5669 ρίου
503 5600 861 5669 ἐπιφημίζειν
922 5598 1175 5661 θάνατον,
1216 5598 1292 5662 ὡς
1318 5601 1353 5670 ἠ
1405 5596 1793 5670 παραπληξίας
1823 5600 1918 5666 γέλ-

340 5708 515 5759 μουσα
542 5693 650 5745 τῶν
671 5690 1022 5761 Εὐνομιανῶν
1045 5690 1256 5757 αἵρεσις
1287 5690 1639 5744 ὑποτίθεται·
1669 5685 1737 5762 ἦς
1768 5692 1862 5744 καὶ
1889 5692 1918 5742 ό

339 5787 380 5849 ζ’
408 5785 506 5855 τῆς
539 5784 582 5854 β’
625 5783 844 5838 συνόδου
879 5780 1060 5835 κανὼν
1108 5783 1405 5852 μέμνηται.
1437 5783 1512 5835 Οὐ
1558 5781 1668 5852 γὰρ
1709 5777 1860 5836 εἶπεν
1889 5784 1917 5834 ὁ

663 5881 929 5938 Pyrum.
974 5879 1093 5938 Gn.
1144 5877 1425 5938 CXLIV.’

2024 4584 2211 4647 Pater,
2230 4592 2453 4653 propter
2470 4581 2933 4642 incausalitatem,
2953 4587 3006 4633 et
3028 4595 3173 4634 unus
3192 4579 3363 4634 Filius
3385 4588 3610 4649 propter

2024 4674 2353 4732 ineffabilem
2388 4674 2823 4745 generationem,
2863 4681 2919 4729 et
2949 4688 3091 4727 unus
3117 4669 3439 4725 Paracletus
3488 4671 3601 4741 Spi-

2024 4767 2164 4822 ritus
2204 4775 2430 4821 sanctus
2476 4775 2697 4835 prapter
2726 4778 2882 4819 suam
2915 4764 2983 4817 ab
3021 4762 3267 4831 ingenito
3301 4765 3611 4831 processio-

2024 4876 2170 4915 nem.
2206 4859 2461 4929 Episcopi
2497 4868 2678 4912 autem
2710 4865 2766 4910 et
2796 4855 3098 4925 presbyteri
3124 4855 3219 4923 qui
3262 4868 3424 4909 secus
3456 4855 3606 4910 fece-

2026 4953 2361 5022 rint,pmna’.
2384 4950 2754 5020 depositionis
2793 4947 3022 5000 obnoxii
3063 4954 3211 5001 sunt.

2094 5045 2283 5101 Canon
2315 5053 2496 5099 autem
2530 5042 2599 5096 50
2640 5042 2743 5096 tria
2778 5040 2945 5095 unius
2978 5040 3226 5111 mysterii
3271 5040 3607 5111 baptismate

2026 5141 2293 5211 perlicere
2328 5140 2479 5209 jubet
2528 5141 2680 5207 (tres
2722 5151 2921 5207 nempe
2964 5135 3352 5192 immersiones
3397 5138 3452 5193 in
3496 5155 3638 5199 uno.

2025 5231 2344 5301 baptismo,
2410 5237 2466 5284 et
2524 5228 2590 5282 ad
2660 5242 3114 5296 unamquamque
3191 5228 3605 5286 immersionem

2024 5335 2193 5375 unum
2226 5316 2593 5373 S.Trinitatis
2616 5333 2816 5373 nomen
2845 5319 3253 5389 pronuntiare),
3281 5335 3390 5376 non
3417 5332 3603 5378 autem

2023 5429 2194 5469 unum
2218 5413 2553 5482 baptismum
2579 5412 2671 5481 qui
2699 5412 2863 5466 datur
2884 5412 2938 5465 in
2963 5420 3195 5468 mortem
3221 5411 3472 5469 Domini:
3500 5415 3606 5471 hoc

2022 5516 2128 5571 est,
2173 5521 2299 5561 eum
2340 5505 2433 5575 qui
2466 5506 2798 5576 baptizatur,
2838 5504 3011 5560 semel
3043 5504 3397 5573 immergere,
3428 5516 3480 5561 et
3510 5509 3605 5563 uni

2022 5596 2370 5651 immersioni
2415 5606 2647 5650 mortem
2689 5595 2908 5649 Domini
2945 5594 3243 5659 ascribere,
3291 5596 3369 5649 uti
3401 5611 3606 5651 vesana

2024 5687 2498 5745 Eunomianorum
2531 5686 2758 5742 lintresis
2788 5686 3036 5741 decernit
3064 5702 3077 5740 :
3110 5686 3273 5755 cujus
3303 5686 3381 5741 rei
3413 5690 3608 5743 menti-

2026 5782 2104 5836 nit
2148 5782 2176 5833 7
2233 5796 2357 5835 can.
2406 5779 2442 5832 θ
2495 5796 2614 5850 syn.
2675 5777 2792 5833 Non
2836 5780 2981 5833 enim
3026 5777 3166 5833 dixit
3219 5778 3507 5851 Dominus,
3534 5781 3601 5840 In

3126 5871 3204 5933 35
