3992 6402
252 342 400 403 "1201

1200 345 1609 408 SYNTAGMA
1651 342 2282 404 ALPHABETICUM.
2323 343 2386 379 -λ-
2428 342 2493 402 Β.

3396 337 3534 405 1102

259 460 364 529 τὴν
390 458 672 515 είσέπειτα
699 462 827 533 περὶ
854 462 954 534 τὴν
990 462 1174 516 πίστιν
1200 462 1443 533 σπουδὴν
1499 462 1592 513 καὶ
1625 459 1725 530 τὴν
1750 460 1860 511 τῶν

1981 459 2201 528 μεῖεεεις
2235 459 2340 511 ηἰςί
2373 474 2595 528 propter
2645 472 2884 528 sequens
2926 458 2981 514 in
3047 460 3150 514 fide
3184 459 3455 521 studium,
3483 470 3539 515 et

269 551 576 621 ivOpu'mwv
606 556 805 617 σπάνιν
838 558 1252 625 συγκατάϐασις
1285 558 1516 623 γένοιτο.

350 644 410 697 '0
436 644 494 698 δὲ
527 646 624 716 τῆς
648 647 708 699 ὲν
755 650 1085 725 Καρθαγένῃ
1121 651 1203 722 με’
1259 638 1542 721 βαπτίζειν
1583 650 1853 720 ἀπείρηκε

259 733 358 789 τὸν
378 736 555 801 νόσοις
586 739 619 809 ἢ
660 741 869 810 ἑτέροις
898 743 1269 813 συμπτώμασι
1296 743 1356 796 τὸ
1384 743 1535 811 ὑγιὲς
1563 742 1856 814 ἀφῃρημέ-

258 844 356 880 νον
390 827 487 881 τοῦ
543 829 675 882 νοῦο
732 833 780 884 εί
815 833 891 904 μή
926 836 1120 904 ῥαΐσας
1165 835 1386 909 μικρὸν,
1412 836 1509 905 τὴν
1567 835 1707 905 ὑπὲρ
1755 835 1855 903 τῆς

260 918 511 984 πίστεως
553 923 881 994 προαίρεσιν
930 925 1138 978 καὶτὸν
1188 922 1534 997 προσήκοντα
1559 926 1723 980 πόθον
1757 942 1856 995 ση-

266 1010 460 1080 μήνειε
485 1014 552 1084 τῇ
583 1018 760 1085 φωνῇ.
798 1015 862 1070 Εἰ
896 1016 954 1070 δὲ
985 1019 1091 1088 πρὸ
1122 1018 1219 1081 τῆς
1251 1017 1535 1080 ἀσθενείας
1572 1033 1857 1089 μαρτυρη-

265 1099 388 1174 θείη
427 1103 490 1155 τδ
529 1104 812 1177 βάπτισμα
860 1108 1157 1180 ἐπιζητῶν,
1210 1111 1305 1162 καὶ
1359 1109 1427 1163 δι’
1460 1110 1641 1171 αἰτίας
1702 1109 1856 1170 τινὰς

269 1194 725 1266 ὑπερτιθέμενος,
776 1199 1166 1271 ἀναμφιδόλως
1199 1201 1660 1271 βαπτισθήσεται.
1694 1201 1859 1270 Ζήτει

265 1287 363 1339 καὶ
392 1289 452 1339 ἐν
474 1289 552 1357 τῷ
576 1296 624 1344 α’
656 1308 782 1360 κεφ.
814 1292 912 1346 τοῦ
935 1292 979 1347 Α
1013 1294 1281 1365 στοιχείου
1325 1295 1528 1346 κανόνα
1563 1292 1633 1363 ιβ’
1664 1294 1765 1363 τῆς
1800 1294 1860 1345 ὲν

282 1379 452 1448 Ἀγκύ
463 1399 531 1454 ρᾳ
561 1383 811 1440 συνὸδου.

351 1472 412 1524 ’0
434 1472 492 1525 δὲ
520 1479 575 1537 ς’
594 1477 693 1544 τῆς
717 1477 774 1528 ἐν
787 1475 1441 1548 Νεοκαισαρειᾳ’συνόδου
1458 1476 1568 1528 τῶν
1586 1475 1862 1543 γυναικῶν

263 1563 365 1627 τὰς
390 1564 702 1634 ἐγκύμονας
757 1568 859 1620 οὐκ
887 1568 1145 1638 ἀπείργει
1202 1567 1540 1636 βουλομένας
1595 1566 1864 1637 βαπτίσα-

1961 549 2246 603 hominum
2273 552 2536 620 inopiam,
2564 550 2617 604 id
2640 552 2688 604 ei
2723 550 2993 605 indultum
3032 550 3222 606 fuerit.

2033 643 2226 697 Canon
2251 658 2381 696 vero
2412 643 2482 698 45
2506 656 2630 714 syn.
2656 643 2915 713 Carthag.
2947 655 3072 697 eum
3094 636 3322 712 qui'pra:
3352 643 3542 699 morbo

1961 733 2141 789 aliove
2167 748 2298 789 casu
2336 739 2577 790 sanitate
2608 735 2811 790 utentis
2847 735 3095 804 privatus
3130 724 3319 797 fuerit,
3352 736 3534 805 bapti-
3616 782 3623 789 .

1963 839 2090 878 zare
2122 824 2398 892 prohibet,
2458 825 2566 879 nisi
2602 839 2796 893 parum
2827 827 3226 880 convalescens
3291 827 3537 880 volunta-

1966 923 2070 967 tem
2107 930 2266 968 suam
2299 917 2444 971 circa
2471 917 2630 971 fidem
2669 927 2724 971 et
2754 917 2999 971 debitum
3052 918 3389 974 desiderium
3416 934 3545 974 voce

1962 1003 2258 1073 signiﬁcet.
2318 1007 2472 1071 Quod
2544 1008 2589 1061 si
2646 1022 2796 1071 eum,
2862 1019 3156 1079 antequam
3225 1020 3542 1079 aegrotaret.

1963 1095 2298 1163 baptismum
2331 1098 2656 1174 quaesivisse
2680 1114 2916 1169 eumque
2975 1101 3194 1170 aliquas
3230 1104 3300 1156 ob
3341 1117 3544 1158 causas

1960 1190 2268 1257 distulisSe,
2329 1192 2651 1247 teStimonio
2724 1195 3019 1262 probatum
3077 1192 3269 1258 fuerit,
3333 1195 3545 1258 absque

1961 1285 2113 1340 omni
2147 1285 2464 1341 difﬁcultate
2486 1287 2876 1356 baptizabitur.
2912 1285 3111 1353 Quaere
3140 1287 3307 1341 etiam
3344 1289 3396 1341 in
3431 1289 3546 1357 pri-

1963 1391 2056 1431 mo
2088 1392 2212 1448 cap.
2246 1378 2445 1433 litterae
2490 1380 2534 1433 A
2567 1392 2836 1433 canonem
2906 1378 2974 1433 12
3029 1392 3155 1450 syu.
3218 1380 3545 1451 Ancyranae.

2035 1469 2225 1524 Canou
2285 1480 2467 1525 autem
2503 1469 2536 1525 6
2582 1487 2704 1542 syn.
2755 1469 3069 1525 Neocaesar.
3112 1472 3375 1527 mulieres
3406 1489 3549 1542 pra:-

1963 1569 2221 1631 gnantes,
2243 1564 2462 1636 quando
2496 1563 2797 1626 voluerint,
2828 1562 3098 1632 baptismi
3134 1579 3246 1617 non
3266 1564 3546 1633 prohibet.

268 1658 414 1711 c’Jat.
448 1658 526 1711 Οὐ
568 1660 676 1732 γὰρ
723 1662 974 1714 κοινωνεῖ
998 1662 1226 1725 ταύταις
1255 1660 1352 1714 τοῦ
1393 1661 1745 1731 φωτίσματος
1772 1661 1864 1714 καὶ

1981 1650 2244 1722 meryou
2296 1652 2443 1707 enim
2494 1652 2549 1706 in
2608 1652 2884 1722 baptismo
2934 1667 3059 1707 cum
3106 1652 3174 1707 iis
3213 1653 3349 1706 nihil
3385 1656 3550 1709 habet

264 1749 329 1801 τὸ
356 1748 617 1817 ἔμϐρυον,
657 1751 826 1821 μήπω
848 1751 999 1823 παρὰ
1025 1751 1124 1820 τῆς
1155 1752 1374 1821 φύσεως
1414 1750 1711 1821 δεξάμενον
1758 1750 1861 1820 τὴν

1981 1759 2283 1810 :omntune,
2340 1745 2544 1815 quippe
2572 1746 2721 1815 quod
2783 1761 2812 1798 a
2869 1753 3064 1800 natura
3132 1746 3260 1800 boni
3311 1756 3366 1801 et
3419 1748 3547 1801 mali

265 1839 363 1893 τοῦ
394 1841 604 1908 ἀγαθοῦ
633 1841 954 1912 προαίρεσιν
985 1845 1081 1897 καὶ
1106 1843 1203 1897 τοῦ
1231 1844 1496 1914 χείρονος,
1529 1841 1638 1896 οὐδ’
1657 1836 1770 1896 οἷόν
1794 1859 1855 1896 τε

1981 1835 2293 1890 electionem
2320 1851 2429 1891 non
2458 1835 2680 1899 habeat,
2703 1843 2757 1890 et
2786 1835 3133 1904 impossibile
3149 1836 3220 1892 sit
3243 1847 3304 1891 ut
3322 1848 3548 1907 praestet

265 1930 439 1989 ταῦτα
469 1934 943 2003 περιεργάσασθαι
983 1937 1136 1999 ὅπως
1175 1936 1361 2006 ἔχουσι
1416 1935 1709 1997 διαθέσεως
1735 1952 1750 1966 ο
1786 1935 1856 1989 τὰ

1981 1940 2022 1979 ει
2056 1940 2179 1994 quae
2212 1925 2266 1979 in
2294 1925 2569 1996 baptismo
2603 1926 2846 1995 polliceri
2870 1926 3050 1981 debet.
3081 1922 3326 1984 Infantes
3362 1939 3544 1983 autem

265 2025 324 2077 δέ
345 2041 411 2094 γε
435 2025 629 2089 νήπια,
662 2026 750 2080 διὰ
788 2027 911 2080 τῶν
956 2027 1237 2098 ἀναδόχων
1294 2027 1727 2096 κατατιθέμενα,
1760 2026 1855 2079 καὶ

1981 2033 2057 2073 ter
2093 2024 2447 2089 suseeptores'
2500 2032 2631 2073 suos
2688 2018 2982 2088 assumpti,
3009 2034 3315 2091 eorumque
3366 2020 3546 2090 operi-

268 2114 455 2186 ἔργοις
508 2117 691 2181 αὐτοῖς
732 2117 1121 2190 φωτιζόμενα,
1176 2120 1278 2191 τῆς
1320 2119 1473 2184 θείας
1504 2114 1857 2174 κοινωνοῦσιν

267 2208 613 2279 manem.

352 2300 414 2354 Ὀ
440 2301 497 2354 δὲ
527 2307 581 2366 ς’
606 2304 700 2355 τοῦ
736 2302 1009 2373 Τιμοθέου
1035 2302 1469 2373 Ἀλεξανδρείας.
1487 2304 1551 2356 Ἦ
1583 2319 1857 2374 κατηχου-

273 2395 407 2462 μένη
439 2393 605 2463 γυνὴ,
640 2394 799 2462 φησὶ,
831 2395 880 2447 εί
911 2395 1052 2446 κατὰ
1082 2395 1183 2465 τὴν
1227 2394 1448 2464 ἡμέραν
1478 2395 1537 2447 ὲν
1663 2395 1862 2463 βαπτι-

273 2485 464 2555 σθῆναι
503 2486 787 2553 προέθετο,
821 2486 890 2538 si
923 2489 1046 2541 κατ’
1094 2486 1217 2549 ἔθος
1271 2487 1425 2558 αὐτῇ
1452 2488 1720 2559 συμϐαίη,
1777 2487 1857 2551 είς

270 2576 368 2648 τὴν
400 2578 661 2631 ἐπιοῦσαν
693 2577 1077 2649 ὑπερτιθέσθω
1102 2580 1164 2631 τὸ
1192 2577 1472 2648 φώτισμα.

352 2671 413 2722 'O
440 2670 498 2722 δὲ
527 2667 574 2722 α’
605 2671 796 2735 αὐτοῦ,
852 2672 915 2724 Εἰ
945 2671 1183 2731 παιδίον,
1233 2675 1390 2741 φησὶ,
1422 2669 1661 2742 κατηχού
1671 2687 1854 2740 μενον,

272 2762 304 2833 ἢ
335 2765 430 2818 καὶ
463 2762 603 2834 ἀνὴρ
631 2764 732 2831 τῆς
759 2764 913 2834 ἱερᾶς
935 2763 1266 2834 τελουμένης
1298 2763 1514 2826 θυσίας,
1546 2764 1859 2836 προσελθὼν

272 2856 584 2926 ἁπονήρως,
615 2856 721 2910 τῶν
754 2857 915 2911 θείων
945 2857 1320 2926 μεταλήψεται
1351 2856 1565 2927 δώρων,
1596 2856 1857 2927 ἀγνοοῦν-

271 2966 364 3013 τος
408 2948 501 3003 τοῦ
557 2950 748 3019 ἱερέως
782 2938 924 3003 εἶναι
982 2950 1171 3003 τοῦτον
1206 2951 1639 3020 κατηχούμενον,
1695 2951 1860 3015 εὐθὺς

259 3042 642 3114 ,βαπτιζέσθωσ
678 3045 783 3096 ὑπὸ
808 3044 914 3112 γὰρ
949 3043 1043 3097 τοῦ
1079 3043 1286 3114 Κυρίου
1318 3043 1749 3114 προσκέκληται.

355 3133 417 3186 ὐ
444 3133 502 3185 δὲ
541 3140 589 3185 κ’
634 3132 728 3186 τοῦ
788 3133 1028 3203 μεγάλου
1062 3133 1371 3197 Βασιλείου,
1407 3133 1521 3196 Τὰς
1574 3133 1862 3204 αἱρετικὰς
1886 3177 1931 3235 c

270 3227 540 3295 γυναῖκας
577 3225 674 3279 καὶ
715 3225 884 3295 μήπω
906 3222 1003 3278 τοῦ
1033 3224 1180 3278 θείου
1201 3225 1517 3295 ἠξιωμένας
1554 3225 1863 3295 βαπτίσμαέ

266 3334 387 3383 τίς,
418 3318 536 3371 ἀλλ’
560 3319 617 3371 ὲν
643 3322 711 3389 τῇ
735 3317 849 3371 τῶν
877 3320 1307 3388 κατηχουμένων
1334 3317 1488 3385 τάξει
1517 3315 1866 3389 παραμενού-

275 3428 373 3476 σας
399 3412 544 3464 είσέτ
556 3431 594 3479 ι,
621 3412 670 3463 εί
694 3412 995 3482 παρθενίαν
1023 3409 1441 3480 ὁμολογήσαιεν,
1460 3406 1581 3463 εἶτα
1605 3410 1865 3478 ἀνδράσιν

252 3500 475 3565 ἑαυτὰς
498 3504 728 3567 ἐκδοῖεν,
774 3502 848 3573 μὴ
881 3502 1351 3567 καταδικάζεσθαι
1388 3502 1464 3566 ὡς
1516 3490 1865 3573 ψευσαμένας

272 3597 373 3667 τὴν
411 3595 731 3667 ὁμολογίαν.
768 3595 913 3648 Ὅσα
943 3594 1054 3667 γὰρ
1092 3596 1120 3648 ὁ
1152 3595 1316 3663 νόμος
1358 3595 1533 3663 λέγει,
1562 3597 1673 3658 τοῖς
1704 3597 1762 3648 ὲν
1788 3594 1866 3664 τῷ

274 3666 427 3759 νόμῳ
450 3687 604 3742 λαλεῖ
624 3704 639 3718 ο
666 3666 1085 3758 ⁵βαιττισιάμεναι
1117 3687 1226 3758 γάρ
1253 3687 1360 3739 τῶν
1400 3687 1509 3758 πρὸ
1538 3685 1636 3740 τοῦ
1669 3685 1868 3756 βαπτί-

278 3788 487 3851 σματος
538 3778 877 3850 σφαλμάτων
937 3779 1197 3833 ἁπάντων
1247 3778 1600 3850 συγχώρησιν
1626 3772 1895 3848 ἐχουιιιν,¹

276 3874 402 3928 ἐπεὶ
422 3873 520 3926 καὶ
544 3871 882 3943 ,σύμπαντες
907 3871 957 3924 oi
985 3869 1381 3934 πιστεύσαντες
1407 3871 1504 3923 καὶ
1531 3869 1873 3942 βαπτισάμε-

275 3983 360 4019 νοι
393 3965 504 4019 οὐδ’
551 3964 845 4035 ἡντιναοῦν
876 3963 1143 4034 ὑπέχουσι
1182 3963 1341 4035 δίκην
1368 3963 1487 4017 ἀνθ’
1529 3958 1606 4017 ὢν
1637 3963 1745 4033 πρὸ
1774 3962 1870 4017 τοῦ

280 4054 661 4125 βαπτίσματος
703 4054 958 4124 ἥμαρτον
979 4068 993 4083 ·
1044 4051 1219 4106 ταῦτα
1247 4053 1357 4123 γὰρ
1381 4056 1451 4106 τά
1475 4053 1745 4124 πρεσΰεῖα
1773 4054 1872 4107 καὶ

280 4146 536 4217 ἑξαίρετα
565 4144 664 4214 τῆς
697 4144 1080 4214 πνευματικῆς
1109 4144 1550 4215 ἀναγεννὴσεως.

364 4237 425 4291 '0
455 4236 512 4290 δὲ
542 4236 585 4289 δ’
619 4234 717 4288 τοῦ
746 4235 1010 4304 Θεοφίλου
1043 4234 1481 4305 Ἀλεξανδρείας,
1540 4234 1671 4305 περί
1723 4251 1870 4299 τινος

277 4332 349 4401 τῇ
380 4328 487 4399 ιδία
510 4327 926 4399 συμφθαρέντος
969 4326 1249 4396 άδελφιδῇ,
1293 4326 1360 4379 ΕΙ
1396 4326 1496 4396 μὲν
1524 4325 1631 4398 πρὸ
1656 4325 1752 4378 τοῦ
1779 4314 1875 4396 βα-ιὲ

280 4421 610 4489 πτίσματος,
655 4420 812 4488 φησὶ,
860 4418 1033 4489 ταύτῃ
1080 4417 1371 4488 ἐμίγνυτο,
1418 4419 1514 4471 καὶ
1544 4416 1685 4487 μετά
1713 4416 1874 4469 τοῦτο

1961 2107 2062 2161 bus
2124 2107 2460 2175 illuminati,
2520 2109 2857 2164 sacrosancti
2925 2109 3185 2180 baptismi
3246 2111 3544 2180 participes

1962 2195 2120 2251 ﬁunL

2033 2286 2221 2342 Canon
2265 2299 2448 2377 autem
2479 2290 2512 2345 6
2545 2290 2819 2346 Timothei
2883 2294 3271 2360 Alexandrini,
3314 2293 3507 2351 Mulier
3533 2336 3548 2361 ,

1962 2382 2160 2452 inquit,
2188 2383 2616 2448 catecbutnena.
2640 2385 2686 2439 si
2725 2400 2792 2439 eo
2811 2386 2901 2439 die
2934 2384 2988 2438 in
3025 2401 3132 2453 quo
3157 2386 3419 2457 baptizari
3450 2390 3550 2443 de-

1964 2475 2458 2545 alinaverat,’quod
2484 2477 2808 2531 mulieribus
2830 2479 2969 2532 solet
2996 2479 3041 2531 ei
3071 2481 3308 2544 accidat,
3344 2484 3551 2552 baptis-

1963 2583 2111 2622 mum
2152 2569 2207 2621 in
2244 2568 2393 2622 diem
2420 2579 2743 2639 sequentem
2777 2569 3020 2624 differat.

2033 2657 2289 2728 Ejusdem
2323 2673 2500 2714 canon
2528 2658 2580 2721 l,
2610 2659 2665 2712 Si
2704 2660 2940 2728 puellus,
2962 2661 3163 2729 inquit,
3194 2666 3547 2720 catechume-

1963 2767 2088 2816 nus,
2141 2753 2226 2806 vel
2286 2750 2389 2813 vir,
2431 2753 2561 2806 dum
2620 2767 2775 2805 sacra
2824 2751 2885 2806 ﬂt
2932 2754 3163 2818 oblatio,
3221 2756 3549 2824 adveniens,

1963 2857 2249 2898 sacrorum
2284 2840 2556 2897 donorum
2591 2843 2864 2913 particeps
2900 2842 3081 2901 factus
3121 2844 3310 2910 fuerit,
3354 2861 3545 2901 sacer-

1962 2936 2088 2992 dote
2151 2935 2450 2999 aest-iente,
2492 2951 2560 2989 au
2599 2936 2909 3006 baptizatus
2954 2937 3043 2999 sit.
3109 2952 3305 3003 necne.
3363 2942 3550 2995 statim

1965 3028 2314 3096 baptizetur;
2351 3043 2379 3081 a
2405 3026 2518 3081 Deo
2545 3028 2689 3081 enim
2719 3037 2979 3082 vocatur.
3218 3025 3220 3028 ’

2033 3119 2143 3191 40
2159 3118 2470 3175 Vicesimus
2488 3129 2669 3174 autem
2691 3121 2869 3190 magni
2895 3120 3073 3174 Basilii
3100 3135 3300 3185 canon,
3323 3121 3521 3176 lltzereti
3542 3152 3554 3160 -

1968 3228 2068 3278 cm,
2097 3212 2296 3282 inquit,
2328 3213 2610 3280 mulieres,
2645 3228 2768 3283 qum
2804 3214 3050 3268 nomium
3073 3214 3347 3283 baptismo
3375 3216 3553 3284 dignm

1968 3306 2169 3362 habitae
2198 3313 2346 3370 sunt,
2380 3306 2474 3360 sed
2512 3305 2566 3358 in
2604 3305 2798 3359 ordine
2814 3304 2995 3359 adhuc
3026 3306 3550 3359 catechumeuorutn

1968 3404 2212 3462 manent,
2247 3397 2294 3452 si
2327 3395 2699 3466 virginitatem
2730 3393 2994 3465 professae
3017 3410 3140 3450 sese
3174 3406 3360 3466 postea
3421 3396 3557 3451 viris

1971 3493 2214 3557 tradant,
2254 3499 2313 3545 ut
2357 3488 2520 3544 fidem
2577 3487 2835 3543 fallentes
2890 3498 3002 3542 non
3057 3499 3185 3543 sunt
3238 3488 3552 3559 punienda.

1970 3583 2323 3654 Quaecunque
2358 3580 2505 3638 enim
2542 3581 2678 3635 dicit
2709 3579 2818 3642 lex.
2871 3579 2941 3634 iis
2973 3578 3106 3634 dicit
3158 3579 3253 3649 qui
3302 3580 3406 3635 sub
3433 3578 3559 3649 lege

1971 3682 2141 3739 sunt;
2204 3671 2494 3742 baptizata!
2548 3678 2733 3724 autem
2782 3668 3108 3722 delictorum
3141 3669 3389 3721 omnium
3430 3679 3559 3721 ante

1971 3764 2309 3836 baptismum
2344 3761 2717 3818 admissurum
2740 3762 2961 3817 veniam
2995 3768 3433 3829 consequuntur,
3480 3757 3558 3813 sic

1972 3857 2193 3930 quidem
2233 3870 2427 3915 omnes
2481 3855 2575 3926 qui
2619 3855 2851 3910 credunt
2904 3863 2959 3908 et
3007 3852 3382 3924 baptizantur,
3447 3866 3548 3922 pro

1973 3949 2218 4022 peccatis
2250 3949 2585 4017 baptismum
2621 3945 3066 4015 praecedentibus
3131 3945 3269 4000 nulli
3328 3944 3559 3999 omnino

1974 4056 2150 4111 pinnae
2183 4041 2405 4096 obnoxii
2431 4049 2580 4095 Sunt.
2623 4039 2754 4093 llaec
2779 4039 2924 4093 enim
2972 4050 3103 4093 sunt
3134 4039 3406 4108 praecipua
3440 4038 3559 4107 spi-

1975 4134 2193 4189 titualis
2226 4132 2660 4205 regenerationis
2687 4132 2995 4203 privilegia.

1982 4270 1987 4276 .
2046 4227 2292 4293 Quartus
2322 4235 2505 4279 autem
2532 4224 2820 4294 Theophili
2853 4223 3205 4278 Alexandrini
3224 4223 3292 4280 de
3323 4223 3558 4294 quodam

1976 4332 2102 4376 cum
2124 4316 2453 4372 consobrina
2474 4331 2572 4371 sua
2594 4316 2806 4386 polluto
2834 4331 2849 4370 :
2881 4316 2961 4386 Si,
2982 4315 3185 4386 inquit,
3204 4324 3333 4370 ante
3352 4316 3563 4387 baptiso

1977 4423 2128 4463 mum
2156 4422 2283 4463 cum
2324 4406 2414 4461 illa
2449 4407 2602 4470 coiit,
2663 4415 2718 4460 et
2774 4415 2969 4476 postea
3023 4405 3097 4461 ab
3136 4420 3198 4460 ea
3250 4406 3559 4469 abstinuit,

279 4512 487 4584 ταύτης
539 4512 836 4582 ἀπέσχετο,
877 4511 1087 4581 μενέτω
1139 4510 1388 4572 διάκονος
1412 4526 1429 4543 ο
1483 4509 1545 4561 τὸ
1572 4508 1682 4580 γάρ
1715 4508 1867 4578 ἅγιον

1981 4509 2198 4556 maneat
2230 4499 2539 4564 diaconus;
2583 4510 2980 4555 sacrosanctus
3035 4498 3187 4554 enim
3251 4499 3563 4569 baptismus

283 4604 571 4675 βάπτισμα
589 4604 658 4657 τὰ
690 4602 893 4674 πρώην
917 4602 1084 4658 αὑτοῦ
1111 4602 1443 4673 ἐκαθάρισεν
1465 4603 1868 4672 ἁμαρτήματα·

281 4698 333 4750 εί
376 4696 433 4751 δὲ
461 4697 599 4768 μετὰ
624 4695 684 4748 τὸ
715 4695 1002 4767 βάπτισμα
1024 4695 1149 4766 ἔσχε
1172 4693 1400 4766 ταύτην,
1425 4692 1750 4764 ἐκϐληθήτω
1778 4693 1873 4748 τοῦ

281 4787 528 4859 κλήρου·
586 4787 666 4857 τῷ
700 4787 758 4841 δὲ
814 4787 872 4853 ἐξ
911 4788 1136 4855 ἀγνοίας
1198 4786 1363 4839 αὑτὸν
1427 4784 1874 4856 χειροτονήσαντι

281 4881 437 4935 οὐδὲν
478 4880 678 4951 βλάϐος
699 4881 767 4932 ὲκ
798 4879 992 4933 τούτου
1021 4879 1331 4948 γενήσεταιε

364 4973 426 5026 '0
455 4972 510 5025 δὲ
539 4970 580 5026 δ’
612 4972 706 5025 τοῦ
739 4971 897 5039 ἁγίου
947 4971 1221 5041 Κυρίλλου
1276 4970 1483 5035 κανὼν,
1535 4969 1661 5038 Κᾶν
1708 4985 1875 5041 χωριι-

287 5065 444 5133 σμξν,
472 5068 663 5135 φησὶν,
717 5063 1060 5135 ὑπομείνωσί
1091 5080 1239 5127 τινες
1283 5062 1393 5116 τῶν
1417 5064 1872 5134 κατηχουμένων,

285 5160 650 5228 πταισμάτων
678 5158 865 5211 ἕνεκεν
896 5155 1344 5225 ἐπιτιμηθέντες,
1376 5156 1472 5209 καὶ
1515 5153 1755 5225 μέλλωσι
1781 5165 1875 5207 τε-

286 5248 504 5319 λευτᾷν,
539 5244 1017 5317 βαπτιζέσθωσαν,
1053 5248 1143 5297 καὶ
1179 5245 1253 5314 μὴ
1278 5243 1543 5314 ἀμέτοχοι
1589 5243 1689 5312 τῆς
1719 5244 1875 5314 χάρι-

286 5356 380 5404 τος
401 5338 511 5392 τῶν
543 5337 906 5409 ἀνθρωπίνων
927 5336 1104 5407 ἁποδη
1114 5335 1410 5406 μείτωσαν.

374 5431 435 5484 '0
467 5431 522 5484 δὲ
552 5429 597 5501 β’
626 5421 726 5484 τοῦ
761 5428 1032 5498 Τιμοθέου
1077 5426 1487 5496 Ἀλεξανδρείας
1530 5426 1879 5507 κατηχούμε-

291 5538 382 5573 νον
427 5519 793 5590 δαιμονῶντα,
842 5520 976 5587 πρὶν
1032 5517 1066 5588 ἢ
1129 5515 1225 5569 τοῦ
1275 5515 1592 5586 ἀκαθάρτου
1623 5516 1878 5585 δαίμονος

1977 4598 2161 4666 priora
2220 4594 2343 4664 ejus
2373 4604 2595 4665 peccata
2627 4592 2977 4663 expurgavit.
3031 4592 3130 4648 Sin
3189 4602 3375 4647 autem
3436 4607 3559 4654 eam

1978 4697 2101 4759 post
2132 4679 2480 4759 baptismutn'
2516 4691 2681 4743 etiam
2720 4687 2997 4749 habuerit,
3026 4701 3056 4740 e
3083 4686 3232 4742 clero
3272 4683 3558 4755 ejiciatur;

1976 4782 2024 4835 ei
2048 4789 2228 4836 autem
2256 4780 2620 4851 quieumdem
2648 4796 2714 4835 ex
2736 4779 3052 4859 ignorantia
3080 4778 3382 4841 ordinavit,
3418 4777 3562 4831 nihil

1977 4874 2176 4929 exinde
2206 4872 2392 4928 damni
2426 4872 2719 4927 inferetur.

2049 4967 2293 5031 Quartus
2326 4973 2509 5019 autem
2572 4963 2751 5018 sancti
2811 4962 3006 5034 Cyrilli
3040 4976 3265 5025 canon,
3319 4961 3376 5016 Si
3439 4961 3560 5032 qui,

1978 5057 2178 5127 inquit,
2202 5055 2587 5112 catechumcni
2621 5055 2959 5110 cxsistentes
2981 5055 3356 5126 segregationi
3386 5054 3564 5125 subji-

1978 5149 2220 5211 ciantur,
2279 5157 2506 5217 propter
2558 5146 2755 5200 delicta
2806 5159 3030 5215 pcenam
3117 5144 3423 5200 subeuntes
3457 5184 3475 5209 ,
3508 5153 3565 5199 et

1979 5239 2293 5296 moribundi
2325 5238 2457 5304 sint,
2504 5238 2876 5307 baptizentur,
2931 5247 2987 5293 et
3021 5239 3214 5309 gratia:
3243 5255 3353 5295 non
3387 5238 3527 5309 parti
3550 5270 3564 5281 ο

1980 5331 2128 5401 cipes
2159 5345 2191 5385 e
2218 5329 2357 5384 vivis
2388 5342 2460 5383 ne
2484 5329 2778 5384 excedant.

2057 5421 2347 5477 Secundus
2413 5433 2600 5479 autem
2655 5421 2927 5479 Timothei
2974 5423 3329 5480 Alexandrini
3384 5436 3560 5477 canon

1981 5516 2439 5570 catechumeuum
2459 5531 2486 5569 τι
2511 5519 2761 5571 (Ιαυπιοιιο
2779 5516 3070 5572 obsessum
3095 5516 3358 5586 baptizari
3389 5523 3563 5583 vetat,

288 5613 657 5684 καθαρθῆναι,
682 5611 883 5665 κωλύει
912 5610 1306 5683 βαπτίζεσθαιο
1335 5610 1599 5681 ἀθέμιτον
1645 5608 1755 5678 γὰρ
1786 5610 1867 5661 τοι

1985 5613 2280 5677 antequam
2309 5608 2610 5678 abimpuro
2630 5608 2882 5664 daemone
2904 5617 3189 5679 purgetur.
3226 5605 3393 5661 Nefas
3412 5608 3559 5661 enim

291 5707 647 5779 παρασχόντα
680 5706 874 5777 ἑαυτὸν
901 5702 980 5775 τῷ
1001 5703 1224 5775 πονηρῷ
1252 5702 1469 5774 δαίμονι
1500 5702 1581 5764 είς
1605 5701 1867 5772 ἒνοίκησιι

1986 5711 2090 5765 est,
2128 5713 2185 5756 ut
2217 5702 2310 5772 qui
2349 5717 2405 5757 se
2439 5703 2656 5772 impuro
2710 5703 2949 5758 daemoni
2983 5718 3084 5775 pro
3129 5702 3412 5757 ἁοιιιίρὶιίο
3470 5702 3564 5756 dat

293 5805 360 5871 τῇ
401 5800 537 5871 πρὸς
558 5801 626 5855 τὰ
657 5800 838 5869 φαῦλα
864 5800 1033 5872 ῥοπῇ,
1059 5797 1154 5851 κιιῖ⁹
1184 5796 1244 5849 τὸ
1273 5796 1388 5865 φῶς
1408 5794 1504 5851 τοῦ
1529 5795 1689 5864 ἁγίου
1714 5795 1867 5849 Πνεύ·

1990 5810 2090 5849 sua
2132 5795 2198 5849 ad
2228 5796 2435 5850 malum
2499 5795 2872 5865 prepensione
2902 5836 2918 5863 ,
2947 5796 3127 5850 lucem
3170 5796 3334 5851 etiam
3396 5792 3568 5860 divini
