3992 6410
480 330 620 398 1103

1671 328 1726 386 Μ
1739 326 2047 385 ATTIl/EI
2092 324 2332 385 BL'AST
2348 325 2385 382 A
2403 325 2447 383 Β
2461 324 2533 383 IS

3571 321 3686 386 ιιιι

477 447 720 518 Spiritus
794 441 1082 514 suscipiat,
1119 458 1147 496 a
1214 441 1503 496 tenebroso
1531 448 1584 495 et
1641 441 1789 494 malo
1846 442 2048 511 spiritu

2173 458 2326 506 ιατος
2375 439 2759 510 ὑποδέχεσθαι,
2801 440 2876 509 μὴ
2930 436 3130 500 τελέως
3187 435 3563 504 ἀπαλλαγέντα
3611 439 3690 493 τοῦ

440 553 587 594 ‘non
615 537 833 608 penitus
865 536 1151 591 liberatus.
1204 533 1342 588 Eum
1404 542 1586 588 autem
1654 533 2049 588 moribundum

488 631 767 699 baptizare
798 628 976 698 jubet,
1011 643 1079 683 ne
1100 641 1310 681 vacuus
1335 641 1364 681 e
1394 626 1501 679 vita
1564 626 1818 690 excedat,
1854 625 2058 681 divime

477 723 666 791 gratiae
697 721 960 776 viaticum
995 734 1183 776 secum
1216 733 1324 773 non
1353 726 1678 789 exportans.

563 897 818 967 Ejusdem
856 906 1035 949 autem
1065 909 1242 949 canon
1270 895 1325 960 4,
1353 893 1410 948 Si
1446 909 1574 949 vero
1599 894 2054 960 catechumcnus,

479 991 677 1062 inquit,
709 1004 816 1044 non
850 1002 880 1041 a
913 988 1163 1043 daemone
1194 985 1450 1042 obsessus
1479 988 1572 1049 sit,
1604 988 1696 1042 sed
1728 1002 1837 1056 pra:
1863 988 2057 1041 morbo

480 1091 661 1138 mente
682 1079 923 1145 excidat,
959 1080 1121 1133 itaut
1157 1092 1288 1133 voce
1326 1077 1540 1133 sublata
1576 1078 1915 1147 respondere
1943 1092 2055 1131 non

479 1173 677 1244 possit,
732 1171 995 1242 quoniam
1073 1172 1231 1241 prius
1286 1170 1622 1226 voluntatem
1690 1170 2057 1239 amplectendi

483 1265 642 1319 tidem
677 1262 1021 1328 OSIenderat,
1080 1276 1146 1316 ex
1175 1260 1433 1316 instituto
1491 1275 1597 1315 suo
1641 1262 2058 1317 catechumenis

482 1357 903 1423 adnumeratus,
922 1355 1132 1423 absque
1150 1354 1299 1407 omni
1320 1352 1640 1409 diﬂicultate
1663 1352 2056 1423 baptizabitur.

563 1540 815 1594 Canoncs
843 1547 1025 1593 autem
1046 1537 1240 1608 synodi
1267 1535 1724 1606 Carthaginiensis
1746 1534 1848 1591 109
1874 1543 1927 1590 et
1957 1536 2061 1590 ΗΟ

481 1647 578 1687 cos
608 1632 955 1686 anathemate
980 1629 1189 1686 feriunt
1224 1629 1318 1698 qui
1374 1628 1586 1692 dicunt,
1623 1628 1767 1697 quod
1790 1626 1963 1682 Adam
1991 1629 2063 1684 ab

486 1721 646 1776 initio
666 1720 848 1777 factus
878 1718 982 1775 fuit
1017 1719 1291 1782 mortalis,
1315 1726 1367 1774 et
1396 1718 1700 1773 moriturus
1741 1727 1907 1786 esset,
1932 1718 2063 1774 licet

481 1815 803 1870 mandatum
833 1828 942 1868 non
976 1820 1362 1883 transgressus
1393 1811 1537 1866 foret
1565 1827 1579 1877 ;
1613 1811 1876 1882 quodque
1909 1825 2060 1866 mors
2093 1803 2134 1859 Β

482 1923 579 1976 per
611 1915 895 1977 peccatum
947 1920 1058 1960 non
1120 1903 1559 1975 ingrediebatur.
1622 1903 1868 1958 Ecclesia
1913 1904 2061 1958 enim

484 2016 609 2054 eum
643 2014 747 2055 nec
775 1998 1058 2054 mortalem
1092 2012 1193 2051 nec
1251 1996 1618 2052 immortalem
1646 2012 1677 2050 a
1713 1994 1821 2051 Deo
1855 1994 2060 2051 factum

483 2109 610 2149 esse
660 2091 859 2155 credit,
923 2089 1016 2144 sed
1056 2088 1297 2143 medium
1355 2088 1497 2145 inter
1546 2088 1979 2159 magnitudinem
2011 2097 2066 2143 et

484 2185 884 2245 humilitatem,
928 2182 1221 2250 utriusque
1254 2181 1463 2237 scilicet
1489 2196 1767 2252 capacem,
1807 2180 1882 2234 uti
1922 2195 2063 2250 prte-

483 2279 670 2335 clarus
691 2274 1016 2343 il‘heologus
1044 2272 1206 2339 dicit,
1245 2275 1327 2328 vel
1362 2283 1572 2327 naturae
1610 2272 1895 2326 rationalis
1944 2285 2063 2326 ma-

485 2367 853 2435 gnitudinem,
884 2377 938 2421 et
969 2365 1250 2422 sensitiva:
1294 2365 1665 2420 humilitatem
1735 2363 2062 2429 habentem;

484 2461 668 2516 anima
704 2459 850 2514 enim
904 2458 1151 2514 hominis
1188 2474 1217 2513 a
1263 2458 1451 2513 divina
1511 2457 1877 2527 inspiratione
1904 2471 2064 2511 suum

490 2569 615 2609 esse
665 2553 858 2607 sortita
890 2592 904 2617 ,
971 2566 1203 2622 corpore
1262 2551 1412 2604 lntco
1470 2550 1827 2605 excellentior
1870 2549 2066 2604 evasit.

490 2647 702 2701 Donum
730 2654 908 2700 autem
943 2643 1099 2699 liberi
1135 2643 1352 2698 arbitrii
1409 2644 1712 2713 accipiens,
1749 2651 1805 2696 et
1856 2642 2064 2695 malum

487 2761 586 2813 pro
604 2745 750 2799 bono
770 2742 1129 2813 amplectens,
1155 2741 1322 2795 vitam
1347 2756 1448 2810 pro
1470 2748 1651 2794 morte
1677 2737 2064 2793 commutavit.

485 2833 756 2901 Quoniam
785 2847 917 2902 ergo
952 2850 970 2883 ι
1004 2846 1107 2901 per
1163 2846 1333 2885 unum
1379 2838 1842 2900 transgressorem
1878 2842 2070 2897 pecca-

485 2937 625 2990 tum,
666 2934 726 2979 ut
758 2923 941 2992 inquit
986 2921 1307 2990 Apostolus.
1342 2921 1397 2974 in
1428 2921 1698 2974 mundum
1735 2920 1980 2983 intravit,
2015 2926 2071 2973 et

484 3034 582 3087 per
613 3022 899 3087 peccatum
953 3028 1125 3079 mors,
1187 3022 1236 3066 et
1280 3011 1359 3065 sic
1400 3026 1498 3080 per
1558 3026 1753 3066 omnes
1810 3012 2071 3066 homines

488 3123 640 3163 mors
671 3105 916 3177 pervasit

487 3202 554 3254 al
612 3206 864 3268 posteros
914 3196 1243 3251 descendit:
1276 3213 1296 3247 ι
1352 3194 1435 3249 Ιη-
1472 3210 1585 3265 quo
1645 3194 1793 3249 enim
1843 3209 2064 3257 omnes,

490 3290 686 3360 inquit,
748 3293 1141 3358 peccaverunt,
1174 3303 1191 3338 ι
1231 3301 1409 3358 neque
1477 3285 1718 3341 infantes
1751 3300 1780 3340 a
1841 3294 2069 3355 peccato

491 3380 683 3436 Adami
705 3379 982 3433 immunes
1008 3387 1161 3443 sunt,
1190 3377 1244 3431 in
1271 3386 1537 3448 quantum
1561 3392 1754 3433 eorum
1781 3377 2070 3447 conceptio

491 3478 546 3527 in
579 3470 1021 3541 transgressione
1046 3469 1187 3524 facta
1221 3470 1293 3524 sit
1326 3486 1341 3525 :
1374 3485 1442 3525 ex
1473 3471 1757 3540 voluptate
1786 3470 1932 3525 enim
1986 3479 2073 3523 est

490 3564 672 3619 coitus
699 3572 756 3618 et
786 3577 1023 3632 sequens
1056 3563 1352 3631 conceptio
1374 3601 1389 3625 ,
1425 3571 1480 3617 et
1515 3564 1623 3618 nisi
1660 3563 1743 3617 lex
1779 3561 2073 3617 matrimo-

493 3656 904 3725 nio-suppetias
927 3653 1119 3717 ferret,
1147 3655 1196 3708 id
1233 3655 1400 3708 etiam
1462 3662 1751 3724 peccatum
1790 3663 2075 3724 reputare-

498 3759 611 3811 tur,
645 3762 768 3803 cum
792 3760 950 3801 amor
979 3745 1281 3817 voluptatis
1313 3755 1368 3800 et
1390 3746 1634 3800 carnalis
1667 3746 1944 3814 appetitus
1998 3744 2063 3799 ad

500 3841 638 3896 illud
694 3839 909 3906 incitet,
947 3838 1656 3909 quantumvisliberorum
1704 3838 2074 3907 procreationi

494 3932 784 3988 inserviat.
822 3930 880 3986 Si
914 3930 1079 4002 igitur
1133 3930 1423 3985 hominum
1474 3929 1787 3998 procreatio
1846 3944 2073 3984 causam

501 4025 701 4080 habeat
720 4023 904 4079 carnis
926 4021 1457 4092 concupiscentiam,
1483 4018 1725 4075 infantes
1744 4034 1937 4075 recens
1957 4017 2074 4074 nati

494 4132 526 4171 a
563 4115 721 4185 primi
754 4115 995 4185 parentis
1030 4121 1259 4185 peccato
1304 4128 1413 4166 non
1455 4111 1560 4184 41
1606 4121 1738 4168 sunt
1767 4112 2073 4178 immunes,

497 4207 691 4276 utique
724 4206 868 4276 quod
901 4206 1090 4261 divino
1116 4204 1559 4273 regenerationis
1593 4203 1816 4258 lavacro
1847 4203 2075 4272 purgari

496 4298 677 4354 debet.
736 4297 998 4363 Quamvis
1078 4299 1224 4349 enim
1299 4292 1539 4349 infantes
1596 4303 1818 4364 propter
1868 4303 2078 4349 naturae

496 4386 962 4457 imperfectionem
1018 4399 1244 4439 sensum
1277 4397 1385 4436 non
1443 4383 1671 4443 habent,
1731 4398 1832 4452 per
1900 4383 2058 4438 fidem

974 3119 988 3156 :
1026 3121 1045 3155 ι
1083 3102 1344 3157 nimirum
1393 3114 1455 3157 ut
1494 3103 1788 3157 haeretlitas
1842 3111 2067 3171 paterna
2095 3142 2139 3199 ε

2158 531 2432 585 σκοτεινοῦ
2475 529 2567 583 καὶ
2609 547 2744 599 πονη
2756 528 2849 599 ροῢ
2891 527 3206 597 πνεύματος
3226 543 3240 556 ο
3291 529 3339 580 εί
3387 527 3442 580 δὲ
3464 528 3600 597 καὶὴ
3623 547 3696 583 τε-

2156 626 2321 696 λευτὴ
2346 626 2520 695 τούτῳ
2541 624 2817 694 ἐπισταίη,
2851 623 3067 676 κελεύει
3096 621 3454 691 βαπτίζεσθαι
3475 660 3489 682 ,
3521 622 3599 676 ἵνα
3634 625 3698 693 μὴ

2159 719 2315 781 κενὸς
2344 716 2551 779 ἐξέλθοι
2580 717 2673 770 τοῦ
2708 716 2849 786 βίου,
2879 717 2941 769 τὸ
2972 715 3185 784 ἐφόδιον
3208 714 3285 785 μὴ
3315 714 3414 784 τῆς
3459 713 3598 779 Θείας
3623 717 3702 784 φέο

2163 827 2271 879 ρων
2297 810 2542 880 χάριτος.

2240 900 2303 954 ’0
2332 900 2389 953 δὲ
2417 897 2481 965 6',
2515 900 2578 952 El
2632 899 2728 953 καὶ
2779 898 2853 968 μὴ
2880 897 2986 950 ὑπὸ
3019 896 3296 957 δαίμονος,
3320 899 3502 967 φησιν,
3533 899 3560 948 6
3591 912 3703 950 κατα

2157 990 2457 1062 ηχούμενος
2503 989 2824 1058 ἐνοχλεῖται.
2880 986 2997 1041 ἀλλ’
3047 986 3150 1038 ὑπὸ
3183 986 3343 1039 νόσου
3376 985 3484 1038 τῶν
3523 985 3705 1054 φρενῶν

2160 1081 2515 1152 ἐξεκρούσθη,
2576 1082 2653 1145 ὡς
2703 1081 2840 1151 μηδὲ
2896 1080 3292 1150 ἀποκρίνεσθαι
3345 1072 3455 1141 οἷός
3482 1095 3539 1131 τε
3568 1073 3704 1143 εῖναι,

2161 1173 2517 1246 ἀφῃρημένος
2538 1174 2632 1226 καὶ
2655 1174 2753 1240 τὴν
2783 1171 3051 1251 φθογγὴν,
3075 1170 3197 1224 ἀλλ’
3220 1172 3343 1223 ἐπεὶ
3367 1169 3570 1239 φθάσας
3593 1169 3707 1251 ἔδει·

2164 1262 2255 1330 ξεν
2286 1266 2352 1317 ἐκ
2400 1264 2779 1333 προαιρέσεως
2811 1262 2911 1332 τὴν
2951 1261 3136 1316 πίστιν
3180 1260 3557 1326 ἀσπάζεσθαι,
3587 1245 3708 1314 ἑκῶν

2161 1360 2242 1421 είς
2273 1358 2400 1419 τοὺς
2451 1359 2898 1426 κατηχουμένους
2949 1355 3293 1424 καταλεγεὶς,
3356 1353 3709 1422 ἀναμφιϐόλως

2165 1448 2617 1519 βαπτισθήσεται.

2247 1541 2308 1595 Ὀ
2327 1541 2384 1595 δὲ
2413 1542 2515 1608 τῆς
2566 1542 2625 1594 ὲν
2688 1541 3020 1612 Καρθαγένη
3076 1539 3157 1612 ρθ⁹
3183 1540 3280 1594 καὶ
3310 1542 3338 1593 6
3395 1537 3460 1610 pt'
3492 1539 3708 1608 ἀνάθεμα

2166 1630 2609 1702 κατεψηφίσαντο
2644 1632 2750 1684 τῶν
2797 1633 3090 1699 λεγόντων,
3121 1634 3206 1685 ὅτι
3259 1630 3453 1701 θνητὸς
3480 1630 3534 1698 ἐξ
3565 1632 3712 1701 ἀρχῆς

2164 1726 2193 1777 6
2220 1723 2398 1792 Ἀδάμ
2430 1722 2701 1794 ἐπλάσθη,
2735 1726 2830 1780 καὶ
2877 1723 3231 1794 τεθνήξεσθαι
3281 1723 3495 1793 ἔμελλε,
3555 1723 3648 1776 κᾶν
3672 1724 3712 1774 εί

2165 1813 2241 1884 μὴ
2275 1814 2493 1885 παρέϐη
2519 1814 2618 1885 τὴν
2646 1815 2888 1884 ἐντολὴν,
2923 1816 3019 1869 καὶ
3049 1816 3173 1885 οὐχὶ
3205 1814 3297 1869 διὰ
3329 1816 3430 1885 τὴν
3468 1814 3713 1885 ἁμαρτίαν

2166 1904 2494 1976 ὑπεισῆλθεν
2515 1908 2543 1959 6
2564 1906 2813 1971 Θάνατος.
2859 1908 2925 1961 Ἠ
2954 1908 3375 1979 γάρἘκκλησία
3406 1906 3526 1961 οὔτε
3552 1906 3716 1976 θνητὸν

2165 1998 2326 2051 αὑτὸν
2359 1998 2572 2065 δοξάζει
2600 1999 2913 2069 πλασθῆναι
2953 2000 3105 2070 παρὰ
3122 2000 3285 2067 Θεοῦ,
3308 2000 3433 2055 οὔτε
3456 1999 3712 2065 ἀθάνατον,

2164 2090 2302 2143 ἀλλὰ
2352 2091 2519 2159 μέσον
2581 2092 2846 2163 μεγέθους
2904 2094 3000 2145 καὶ
3057 2094 3471 2162 ταπεινότητος,
3500 2091 3715 2145 δεκτικὸν

2164 2182 2363 2253 δηλαδὴ
2401 2183 2493 2236 τὸν
2552 2184 2714 2235 αὑτὸν
2767 2184 3120 2254 ἀμφοτέρων,
3176 2184 3254 2248 ὡς
3291 2186 3319 2237 ὁ
3341 2188 3439 2254 τῆς
3472 2182 3715 2250 θεολογίας

2166 2274 2453 2345 ἐπώνυμος
2491 2274 2618 2345 ἔφη,
2666 2275 2699 2344 ἢ
2753 2276 2828 2339 ὡς
2864 2280 3162 2347 μετέχοντα
3211 2278 3312 2331 καὶ
3357 2277 3450 2330 τοῦ
3487 2276 3718 2347 μεγέθους

2167 2368 2265 2437 τῆς
2292 2367 2483 2437 νοερᾶς
2508 2367 2745 2436 φύσεως,
2771 2368 2983 2438 καὶτῆς
3011 2368 3408 2439 ταπεινότητος
3436 2370 3530 2439 τῆς
3553 2368 3718 2436 αἰσθη-

2166 2457 2265 2526 τῆς
2299 2457 2533 2524 φύσεως,
2595 2459 2758 2528 Ψυχὴ
2815 2459 2924 2529 γάρ
2969 2460 3262 2531 ἀνθρώπου
3323 2461 3414 2514 διὰ
3466 2459 3556 2514 τοῦ
3594 2459 3718 2513 θείου

2169 2547 2566 2616 ἑμφυσήματος
2602 2547 2663 2599 τὸ
2685 2545 2825 2602 εἶναι
2858 2546 3122 2612 λαϐοῦσα,
3162 2549 3369 2617 μείζων
3398 2549 3493 2603 τοῦ
3529 2547 3720 2618 πηλίνου

2168 2638 2357 2692 τούτου
2392 2638 2701 2709 καθέστηκε
2740 2639 2995 2710 σώματος
3017 2656 3034 2675 ’
3093 2640 3271 2711 δῶρον
3299 2641 3358 2698 δὲ
3388 2640 3613 2711 εἰληφὼς
3644 2639 3722 2692 καὶ

2169 2732 2230 2783 τὸ
2259 2731 2624 2795 αὐτεξούσιον,
2656 2732 2750 2785 καὶ
2781 2732 2850 2785 τά
2888 2732 2989 2800 τῆς
3022 2733 3222 2796 κακίας
3264 2735 3387 2787 ἀντὶ
3432 2735 3526 2805 τῆς
3547 2733 3723 2803 ἀρετῆς

2173 2824 2450 2894 ἐλόμενος,
2490 2825 2579 2877 τὸν
2605 2823 2834 2877 θάνατον
2876 2824 3149 2895 ἠλλάξατο
3176 2825 3284 2893 τῆς
3312 2827 3478 2896 ζωῆς.
3531 2823 3722 2891 Ἐπειδὴ

2171 2917 2353 2969 τοίνυν
2382 2916 2476 2969 «δι’
2501 2916 2618 2978 ἐνὸς
2645 2917 2740 2970 τοῦ
2769 2916 3221 2988 παραϐεϐηκότος
3248 2918 3545 2988 ἠάμαρτία
3561 2918 3632 2980 εἰς
3650 2915 3725 2970 τὸν

2175 3009 2383 3078 κόσμον
2433 3008 2706 3077 εἰσῆλθεν,
2741 3009 2816 3073 ὡς
2870 3009 3092 3080 εἴρηκεν
3117 3011 3145 3061 6
3172 3009 3519 3074 Ἀπόστολος,
3549 3010 3631 3061 καὶ
3654 3006 3745 3081 δή,

2173 3102 2271 3170 τῆς
2299 3102 2579 3171 ἁμαρτίας
2602 3102 2631 3153 6
2655 3100 2907 3164 θάνατος,
2932 3104 3027 3157 καὶ
3062 3102 3237 3165 οὕτως
3281 3103 3363 3166 είς
3414 3104 3611 3159 πάντας
3646 3100 3722 3151 άν-

2173 3194 2422 3263 θρὼπους
2453 3195 2480 3242 6
2522 3195 2750 3257 θάνατος
2800 3196 3035 3261 διῆλθεν,
3077 3216 3089 3244 ι
3119 3195 3317 3266 ὥσπερ
3338 3213 3425 3260 τις⁹
3445 3194 3628 3263 κλῆρος
3650 3191 3723 3259 δησ

2171 3285 2304 3355 λοιδῆ
2331 3285 2582 3355 πατρῷος
2597 3285 2786 3346 διαϐὰς
2809 3288 2901 3340 ἐπὶ
2917 3288 3043 3347 τοὺς
3077 3288 3363 3354 ἐγγόνους.
3391 3306 3411 3339 ς
3431 3278 3607 3355 Ἐφ’ᾧ
3634 3282 3722 3351 γὰρ

2173 3377 2393 3441 πάντες,
2417 3379 2604 3448 φησιν,
2654 3378 2927 3450 ἥμαρτον,
2980 3398 2999 3431 ι
3042 3380 3164 3433 οὐδὲ
3196 3382 3269 3434 τὰ
3295 3382 3464 3449 νήπια
3504 3377 3598 3447 τῆς
3646 3373 3722 3427 τοῦ

2186 3469 2357 3537 Ἀδὰμ
2390 3468 2497 3536 ἄρα
2551 3470 2823 3540 ἁμαρτίας
2858 3470 3142 3541 ἐλεύθερα,
3174 3471 3252 3535 ὡς
3283 3473 3381 3538 τῆς
3433 3467 3721 3538 συλλήψεως

2175 3557 2359 3610 αὐτῶν
2391 3559 2448 3612 ὲν
2478 3558 2735 3627 ἀνομίαις
2761 3559 3066 3629 γινομένης
3092 3577 3107 3591 ο
3136 3561 3193 3626 ἐξ
3221 3562 3418 3632 ἡδονῆς
3443 3561 3546 3629 γὰρ
3572 3560 3602 3629 ἡ
3624 3573 3724 3608 συν-

2177 3651 2340 3718 άφεια
2367 3649 2463 3702 καὶ
2495 3651 2526 3718 ἡ
2556 3650 2798 3720 ἑπομένη
2830 3648 3093 3721 σύλληψις
3113 3690 3128 3712 ,
3161 3654 3261 3706 καὶ
3307 3653 3355 3704 εί
3384 3648 3484 3720 ’μὴ
3528 3650 3554 3701 6
3584 3647 3722 3714 νόμος

2177 3738 2473 3809 ἐπεκούρει
2499 3739 2576 3811 τῷ
2608 3740 2793 3809 γάμῳ,
2819 3740 3072 3810 ἁμαρτία
3100 3740 3165 3793 ἂν
3198 3741 3501 3809 ὲλογέζετο,
3536 3735 3723 3808 φιληδο-

2177 3832 2296 3894 νίας
2351 3831 2538 3900 σαςρῶς
2563 3832 2657 3884 καὶ
2676 3831 2919 3901 ὀρέξεως
2953 3833 3228 3902 σαρκικῆς
3271 3832 3527 3900 κινούσης
3549 3832 3620 3891 είς
3643 3825 3723 3878 αὖ·

2176 3923 2291 3987 τὸν,
2323 3922 2424 3975 κᾶν
2446 3922 2530 3975 διὰ
2554 3923 2900 3976 παιδοποιίαν
2936 3923 3179 3993 γίνηται.
3227 3924 3288 3975 El
3315 3925 3407 3978 οὖν
3437 3922 3603 3976 αἰτίαν
3625 3917 3720 3985 ἔχει

2176 4013 2278 4081 τῆς
2312 4013 2513 4083 σαρκὸς
2544 4013 2643 4083 τὴν
2667 4014 2827 4066 ἐπιθυ
2838 4014 2967 4084 μίαν
2996 4015 3105 4067 τῶν
3132 4014 3439 4086 ἀνθρώπων
3465 4016 3495 4083 ἡ
3522 4012 3720 4079 γένεσις.

2181 4105 2283 4157 οὐκ
2318 4105 2588 4175 ἐλεύθερα
2613 4105 2796 4160 καὶτὰ
2838 4108 3031 4175 νεογνὰ
3068 4110 3167 4177 τῆς
3200 4107 3524 4179 προγονικῆς
3572 4103 3724 4170 ἀμαρ-

2180 4203 2323 4264 τίας,
2355 4203 2421 4272 ἥν
2451 4202 2793 4274 καθαρθῆναι
2822 4203 2902 4255 δεῖ
2940 4202 3017 4271 τῷ
3045 4202 3175 4273 θείῳ
3197 4204 3299 4272 τῆς
3344 4195 3722 4266 παλιγγενεσίας

2181 4294 2412 4363 λουτρῷ.
2454 4294 2518 4347 El
2553 4296 2661 4364 γὰρ
2691 4297 2784 4349 καὶ
2816 4296 3162 4365 ἀναισθήτως
3214 4295 3293 4365 τῷ
3324 4294 3501 4349 ἀτελεῖ
3528 4291 3613 4359 τῆς
3640 4283 3722 4351 qli-

2186 4399 2325 4446 σεως
2343 4382 2456 4453 ἔχει
2484 4381 2553 4435 τὰ
2581 4385 2771 4453 νήπια,
2796 4384 2934 4437 ἀλλά
2957 4384 3110 4455 παρά
3128 4384 3229 4451 τὴν
3257 4384 3440 4436 πίστιν
3462 4379 3562 4432 τῶν
3579 4388 3722 4445 προσο

499 4488 683 4533 tanten
719 4484 1103 4545 susceptorum
1163 4475 1624 4529 illuminationem
1658 4475 1899 4545 Spiritus
1934 4475 2069 4530 acci-

2185 4476 2428 4544 αγόντων
2452 4474 2544 4527 τὸν
2577 4475 2862 4545 φωτισμὸν
2892 4474 2987 4528 τοῦ
3020 4474 3161 4528 Πνεύ
3171 4492 3339 4545 ματος
3390 4473 3614 4541 δέχεται,
3645 4460 3723 4516 καὶ

497 4569 673 4637 piunt.
709 4566 882 4632 llujtts
910 4565 1074 4620 etiam
1102 4563 1177 4618 rei
1212 4564 1471 4620 Christus
1505 4574 1690 4634 ψει-ιο
1748 4573 2075 4635 argumenta

501 4658 756 4730 praebuit,
787 4655 1009 4725 quando
1044 4670 1138 4724 per
1155 4655 1392 4710 aliorum
1419 4655 1584 4710 fidem
1642 4655 1804 4721 alios,
1843 4656 1936 4723 qui
1967 4670 2079 4723 prae

501 4751 696 4806 morbo
729 4748 933 4801 mentis
957 4758 1187 4817 expotes
1220 4747 1347 4802 facti
1399 4757 1579 4811 erant,
1618 4762 1725 4801 non
1776 4748 1954 4802 solum
2008 4747 2077 4800 ab

502 4842 817 4895 infirmitate
844 4837 1145 4908 corporali,
1177 4854 1369 4891 verum
1415 4838 1577 4901 etiam
1612 4853 1640 4890 a
1675 4838 1950 4906 Spirituali
2011 4853 2075 4891 ex

500 4932 803 4989 abundanti
835 4931 1112 4985 liberavit.
1150 4929 1391 4985 Infantes
1428 4930 1595 5000 igitur
1654 4930 1723 4984 ad
1799 4931 2080 4985 remissio-

505 5039 627 5079 nem
654 5032 1006 5093 peccatorum
1040 5014 1319 5091 bapitzarc
1340 5029 1578 5090 oportet.
1612 5019 1745 5074 Eum
1771 5031 1952 5075 autem
1986 5022 2077 5090 qui

506 5131 669 5170 secus
689 5114 1064 5168 credideritct
1095 5114 1306 5176 fecerit,
1347 5112 1692 5182 formamque
1726 5114 1981 5183 baptismi
2023 5115 2078 5168 in

504 5207 893 5261 remissionem
953 5216 1305 5275 peccatorum
1372 5205 1553 5259 fictam
1608 5214 1663 5259 et
1717 5222 1824 5261 non
1897 5222 2078 5260 veram

506 5301 560 5351 in
620 5298 923 5352 infantibus
976 5298 1397 5358 existimaverit.
1431 5312 1671 5351 canones
1730 5298 2081 5353 anathemate

503 5385 727 5442 feriunt.

576 5476 767 5532 Canon
812 5486 991 5532 autem
1048 5476 1186 5540 1H,
1244 5475 1450 5539 Gratia,
1506 5477 1702 5548 inquit,
1753 5495 1874 5547 qua!
1923 5481 2079 5534 nobis

507 5582 604 5636 per
645 5567 977 5637 bapti:mum
1038 5567 1442 5636 suppeditatur,
1494 5586 1600 5623 non
1658 5571 1833 5625 solum
1890 5588 2080 5642 pecca-

505 5668 682 5713 torum
711 5658 1095 5713 remissionem
1149 5658 1400 5728 largitur,
1454 5661 1547 5715 sed
1577 5670 1630 5712 ct
1661 5672 1983 5731 potestatem
2014 5679 2082 5719 ne

506 5749 738 5819 amplius
770 5765 1078 5820 peccemus,
1127 5750 1230 5804 nisi
1286 5762 1506 5819 propter
1541 5753 1845 5809 socordiam
1880 5757 2079 5809 volun-

2183 4568 2373 4620 τούτου
2396 4566 2493 4629 τάς
2526 4568 2741 4630 πίστεις
2774 4567 2989 4634 ιρθάσας
3026 4567 3274 4637 ἐναργῶς
3302 4565 3563 4635 παρέσχεν
3582 4559 3607 4609 ὁ
3631 4554 3721 4609 Κύ-

2187 4676 2323 4730 ριος,
2362 4659 2525 4727 ἡνίκα
2546 4659 2634 4712 διὰ
2662 4659 2760 4730 τὴν
2804 4659 3001 4731 ἑτέραν
3052 4660 3262 4723 πίστιν,
3290 4658 3506 4727 ἐτέρους
3536 4653 3589 4706 τὸ
3613 4663 3720 4717 φρο-

2185 4755 2293 4806 νεῖν
2325 4754 2431 4805 ύπὸ
2465 4755 2789 4822 νοσημάτων
2819 4753 3231 4823 ἀφῃρημένους,
3283 4753 3342 4805 οὐ
3381 4750 3533 4819 μόνον
3561 4756 3718 4811 σωμα-

2184 4845 2363 4913 τικῆς,
2386 4844 2501 4898 ἀλλ’
2535 4845 2636 4915 ἤδη
2663 4845 2756 4897 καὶ
2784 4845 3023 4915 ψυγικῆς
3052 4845 3365 4915 ἀρρωστίας
3391 4840 3524 4910 μετά
3555 4827 3717 4888 πολλοῦ

2184 4933 2277 4986 τοῦ
2301 4934 2585 5003 περιόντος
2610 4930 2946 5002 ἀπήλλαττε.
2975 4933 3097 5004 Χρὴ
3124 4934 3302 4986 τοίνυν
3336 4930 3431 4986 καὶ
3466 4927 3623 4980 ταῦτα
3655 4920 3717 4975 εἰς

2184 5022 2380 5090 ἄφεσίν
2437 5023 2719 5094 βαπτίζειν
2775 5024 3098 5095 ἁμαρτιῶν·
3156 5026 3247 5077 τὸν
3277 5023 3335 5077 δὲ
3379 5022 3451 5092 μὴ
3491 5018 3620 5072 οὔτω
3640 5025 3709 5063 καί

2186 5114 2488 5186 φρονοῦντα
2541 5116 2637 5169 καὶ
2674 5116 2921 5188 «δρῶντα,
2953 5117 3090 5171 ἀλλά
3132 5117 3369 5171 πλαστὸν
3391 5114 3617 5182 οίόμενον
3642 5100 3716 5156 καὶ

2184 5206 2283 5258 οὐκ
2313 5207 2487 5277 ἀληθῆ
2522 5208 2615 5260 τὸν
2643 5208 2722 5269 είς
2749 5207 2946 5277 ἄφεσιν
2981 5207 3269 5278 ἁμαρτιῶν
3287 5206 3378 5259 ἐπὶ
3402 5203 3504 5256 τῶν
3538 5196 3715 5265 νηπὶίιν

2186 5298 2279 5351 τοῦ
2318 5298 2689 5367 βαπτίσματος
2719 5299 2913 5361 τύπον,
2945 5301 3036 5353 τοῦ
3069 5301 3406 5371 ἁναθέματος
3433 5292 3668 5357 ἀξιοῦσιν.

2270 5480 2329 5534 Ὀ
2358 5480 2413 5533 δὲ
2439 5481 2566 5550 ρια’,
2614 5482 2677 5535 Ἠ
2715 5480 2806 5535 διὰ
2833 5483 2925 5536 τοῦ
2969 5482 3368 5554 βαπτίσματος,
3401 5479 3543 5547 φησὶν
3573 5486 3712 5541 κορη·

2187 5572 2426 5643 γουμένη
2466 5575 2625 5644 χάρις
2669 5577 2826 5646 ἡμῖν,
2896 5577 2957 5628 οὺ
2994 5578 3154 5645 μόνον
3198 5576 3304 5630 τῶν
3357 5564 3713 5643 ἡμαρτημένων

2186 5667 2399 5732 ἄφεσιν,
2454 5664 2588 5719 ἀλλά
2642 5666 2737 5721 καὶ
2792 5666 3025 5735 δύναμιν
3073 5668 3282 5735 ἐνίησιν
3337 5667 3413 5725 είς
3452 5661 3510 5713 τὸ
3544 5650 3711 5725 μηκέτι

2190 5758 2529 5827 ἁμαρτάνειν
2592 5758 2763 5828 ἡμᾶς,
2800 5760 2847 5812 εἰ
2904 5759 2978 5831 μὴ
3027 5759 3116 5813 διὰ
3150 5757 3419 5830 ρᾳθυμίαν
3442 5752 3634 5806 ἑκόντες
3658 5738 3708 5793 τά
