3992 6398
313 387 455 454 1105

1256 388 1667 450 SYNTAGMA
1705 379 2423 445 ALPHABETICUM.‘<‘
2464 377 2531 438 B.

3432 359 3569 427 1106

306 504 409 573 τῆς
435 499 714 572 ἁμαρτίας
745 499 1172 570 ἀσπασαίμεθαθ
1203 503 1331 565 τοὺς
1358 502 1415 555 δὲ
1443 503 1519 573 μὴ
1563 499 1707 554 οὕτω
1747 514 1876 567 φρο-

2018 495 2128 549 atie
2177 500 2397 563 peccata
2460 488 2875 559 amplectamur.
2927 480 3033 536 Eos
3080 489 3264 534 autem
3314 476 3411 547 qui
3456 488 3569 529 non

308 591 560 658 νοῦντας,
598 590 676 663 τῷ
706 591 872 647 ἀναθέ
880 611 1011 661 ματι
1034 595 1425 664 παραπέμπει.

394 762 455 817 '0
487 762 543 818 δὲ
582 761 708 832 ριβ’,
751 765 815 818 Ἦ
844 765 936 819 διὰ
967 766 1063 820 τοῦ
1096 767 1476 837 βαπτίσματος
1521 770 1704 838 χάρις,
1733 770 1888 836 φησὶ,

313 855 412 926 τὴν
442 857 643 924 γνῶσιν
665 858 796 927 ἡμῖν
820 860 933 913 τῶν
955 860 1370 931 ἁμαρτημάτων
1399 861 1888 926 ἀποκαλύπτουσα,

1994 584 2068 640 ita
2129 586 2358 648 faciunt,
2418 591 2475 638 et
2529 577 2878 651 potissimum
2935 573 3029 643 qui
3093 585 3254 628 secus
3304 567 3572 629 sentiunt,

1991 678 2343 733 anathemate
2372 674 2519 730 ferit.

2064 770 2254 826 Canon
2310 767 2438 831 112,
2503 764 2716 829 Gratia,
2770 761 2977 830 inquit,
3039 734 3146 827 perT
3214 751 3574 824 baptismum,

1997 860 2349 936 peccatorum
2426 856 2792 929 cognitionem
2862 850 3251 914 manifestans,
3308 842 3572 899 auxilium

312 946 572 1020 βοήθειαν
601 952 681 1012 είς
707 950 767 1002 τὸ
818 950 892 1021 μὴ
914 952 1258 1021 ἁμαρτάνειν
1291 953 1546 1022 παρέχει,
1574 951 1652 1022 τῷ
1687 953 1891 1021 γνῶναι

2018 959 2219 1022 Iraebet,
2252 967 2440 1012 utnon
2465 952 2704 1023 amplius
2732 957 3010 1019 peccetur,
3039 952 3096 999 et
3126 952 3184 999 ut
3215 945 3579 1011 cognoscatur

311 1039 435 1093 τίνα
457 1040 540 1095 δεῖ
564 1042 865 1110 ἐπιζητεῖν,
901 1046 995 1096 καὶ
1023 1044 1144 1098 τίνα
1169 1045 1331 1097 παντὶ
1361 1045 1535 1097 σθένει
1556 1044 1804 1115 φεύγειν⁸
1829 1043 1891 1098 οὗ

320 1129 428 1200 μὴν
464 1130 600 1185 ἀλλά
628 1135 720 1185 καὶ
746 1134 979 1204 δύναμιν
1006 1134 1241 1204 παρέχει
1268 1136 1550 1202 κρυπτῶς,
1582 1136 1727 1189 ὥστε
1751 1137 1892 1204 ἀγα-

317 1223 425 1294 πᾷν
459 1223 561 1303 καὶ
584 1225 988 1296 προθυμεῖσθαι
1014 1228 1279 1297 πράττειν
1302 1227 1363 1279 τὸ
1384 1230 1640 1296 ποιητέον
1661 1244 1676 1260 θ
1704 1229 1897 1296 ἑκάτε-

316 1330 409 1381 ρον
438 1315 568 1382 γὰρ,
598 1316 630 1385 ἦ
664 1333 723 1368 τε
756 1317 957 1383 γνῶσις
983 1318 1078 1371 καὶ
1107 1319 1141 1388 ἡ
1167 1319 1377 1386 ἀγάπη,
1401 1317 1575 1388 δῶρον
1606 1317 1763 1371 Θεοῦ.
1792 1317 1897 1371 Τὸν

313 1405 371 1457 δὲ
409 1407 484 1476 μὴ
523 1406 667 1460 οὕτω
727 1408 883 1480 δόξης
942 1410 1156 1480 ἔχοντα,
1210 1410 1347 1463 ἀλλά
1377 1410 1438 1462 τὸ
1491 1410 1694 1464 εἰδέναι
1732 1410 1783 1464 τί
1816 1410 1900 1463 δεῖ

315 1503 493 1554 ποιεῖν
518 1502 681 1572 μόνον
701 1503 801 1574 τὴν
825 1506 986 1574 χάριν
1017 1506 1149 1575 ἡμῖν
1177 1505 1375 1559 διδόναι
1407 1505 1674 1575 οἰόμενον,
1704 1506 1764 1559 οὐ
1790 1507 1898 1576 μὴν

315 1595 411 1647 καὶ
445 1593 505 1647 τὸ
535 1595 758 1667 ἀγαπᾷν
789 1596 818 1649 ὃ
860 1598 942 1650 δεῖ
978 1600 1176 1661 ποιεῖν,
1230 1599 1344 1661 τοῖς
1375 1598 1740 1670 κληρονόμοις
1770 1614 1898 1651 συν-

315 1685 502 1738 τάττει
525 1685 618 1738 τοῦ
649 1687 992 1758 ἀναθέματος
1016 1705 1032 1720 ·
1066 1688 1200 1742 διότι
1230 1692 1263 1759 ἡ
1291 1690 1494 1759 γνῶσις
1527 1690 1661 1760 μόνη
1689 1690 1896 1759 φυσιοῖ,

315 1777 351 1846 ή
385 1776 442 1829 δὲ
464 1777 653 1847 ἀγάπη
675 1778 972 1848 οἰκοδομεῖ.

1997 1029 2247 1121 quaenam
2301 1061 2551 1118 quaerere
2608 1052 2983 1112 enimat-nam
3050 1034 3308 1091 omnibus
3370 1029 3581 1084 viribus

1998 1146 2191 1215 fugere
2216 1150 2496 1214 oporteat;
2520 1138 2654 1209 quin
2677 1144 2733 1191 et
2754 1132 3057 1205 potentiam
3079 1135 3295 1185 secreto
3322 1121 3579 1192 largitur,

1998 1209 2355 1300 ut—atnem—us,
2388 1241 2442 1287 et
2467 1231 2523 1285 id
2569 1228 2714 1299 quod
2763 1223 3079 1280 faciendum
3109 1227 3194 1274 est
3222 1223 3484 1286 prastare
3523 1209 3581 1263 in

1999 1328 2186 1383 animo
2216 1326 2544 1380 habeamus.
2584 1320 2951 1375 Eum’autem
3000 1312 3096 1384 qui
3126 1325 3234 1365 non
3279 1308 3354 1362 ita
3381 1300 3581 1362 credit,

2000 1421 2093 1478 sed
2128 1419 2317 1482 sentit,
2362 1417 2594 1488 gratiam
2645 1413 2821 1467 solum
2873 1411 3007 1464 dare
3052 1415 3113 1461 ut
3161 1402 3406 1458 sciamus
3451 1394 3587 1466 quid

1999 1514 2311 1571 faciendum
2345 1511 2598 1571 sitnnou
2637 1514 2822 1561 autem
2873 1514 3064 1558 amare
3111 1497 3172 1552 id.
3218 1491 3365 1565 quod
3404 1489 3586 1544 facere

2000 1610 2238 1678 oportet,
2307 1604 2452 1658 inter
2520 1597 2890 1678 anathematis
2944 1589 3188 1649 haeredes
3247 1579 3583 1642 constituit;

2000 1677 2260 1769 quoniam
2318 1691 2548 1750 scientia
2617 1690 2733 1746 sola
2798 1677 2995 1749 inflat,
3074 1677 3318 1738 eharitas
3396 1679 3584 1725 autem

2001 1788 2255 1845 aedificat.

398 1866 459 1921 '0
484 1868 541 1921 δὲ
599 1866 704 1939 ριγ⁰
751 1873 865 1933 τοῖς
896 1869 1114 1939 λέγουσι
1158 1871 1422 1925 δύνασθαι
1453 1874 1603 1943 ἡμᾶς
1640 1872 1734 1926 καὶ
1771 1873 1894 1943 δίχα

2074 1883 2264 1938 Canon
2320 1893 2502 1933 autem
2560 1874 2664 1930 H5
2718 1887 2815 1929 eos
2859 1871 2954 1943 qui
3003 1867 3216 1930 dicunt,
3269 1870 3431 1932 posse
3479 1864 3589 1908 nos

313 1960 415 2029 τῆς
437 1958 526 2012 διὰ
550 1960 641 2014 τοῦ
683 1960 1066 2033 βαπτίσματος
1099 1964 1322 2034 χάριτος
1346 1965 1442 2028 τὰς
1469 1965 1688 2028 mm;
1715 1965 1891 2035 πράτο

313 2068 433 2105 τειν
496 2053 616 2122 μὲν,
668 2053 1097 2124 δυσχερέστερον
1151 2059 1232 2119 δὲ,
1292 2055 1431 2124 αὕτη
1468 2058 1575 2128 γάρ
1612 2058 1895 2129 εὐχέρειαν

318 2141 491 2212 μόνην
514 2145 597 2206 είς
622 2144 685 2197 τὸ
717 2145 924 2210 ταύτας
950 2146 1205 2201 ἀνύττειν
1227 2148 1435 2213 δίδωσι,
1477 2148 1574 2201 τοῦ
1617 2149 1897 2218 ἀναθεμα-

314 2251 407 2299 τος
437 2237 666 2306 τιμᾶται
710 2239 897 2308 σαφῶς
917 2254 932 2269 ο
968 2238 1029 2293 τὺ
1059 2242 1167 2294 πᾶν
1194 2241 1302 2311 γάρ
1339 2245 1453 2294 ἐστι
1482 2241 1585 2312 τῆς
1627 2240 1777 2304 θείας
1800 2242 1897 2311 χά-

316 2343 491 2398 ριτος,
521 2329 783 2400 κάκείνης
814 2331 944 2385 ἄνευ
972 2331 1127 2385 οὐδὲν
1160 2332 1268 2387 τῶν
1290 2332 1519 2386 δεόντων
1539 2332 1896 2403 -κατορθῶσαι

313 2419 615 2489 δυνάμεθα.
638 2420 711 2475 Οὐ
743 2423 851 2491 γὰρ
873 2418 1016 2489 εἷπε,
1039 2427 1227 2495 φησιν,
1255 2426 1282 2477 ό
1306 2425 1530 2495 Κύριος,
1553 2426 1738 2495 Χωρὶς
1762 2423 1897 2495 ἐμοῦ

315 2512 562 2583 εὐχερῶς
588 2515 647 2566 οὐ
682 2514 911 2569 δύνασθε
936 2519 1130 2582 ποιεῖν,
1162 2517 1315 2583 ἀλλά,
1362 2534 1387 2573 ο
1430 2520 1614 2589 Χωρὶς
1648 2518 1782 2591 ἐμοῦ
1834 2518 1897 2571 ού

316 2605 549 2661 δύνασθε
585 2610 759 2661 ποιεῖν
791 2609 968 2663 οὐδέν.
1011 2628 1030 2662 ι

409 2700 467 2753 '0
505 2700 562 2753 δὲ
585 2701 790 2767 ταύτης
840 2701 911 2773 ιη’
967 2705 1091 2767 τοὺς
1121 2704 1220 2775 ἤδη
1262 2705 1718 2777 τετελευτηκότας
1773 2704 1901 2761 οὔτε

326 2790 637 2862 βαπτίζειν,
677 2793 801 2847 οὗτε
829 2796 939 2848 τῶν
968 2794 1131 2850 θείων
1168 2796 1384 2850 κελεύει
1420 2799 1763 2869 μεταδιδόναι
1800 2819 1905 2870 μυ-

218 2936 228 2947 ,
330 2886 595 2959 στηρίων.
630 2889 723 2961 Μὴ
752 2893 1031 2956 συνιέντες
1057 2893 1166 2965 γάρ
1191 2911 1335 2959 τινες
1365 2895 1475 2948 τῶν
1522 2896 1902 2950 ἀποστολικῶν

326 2978 589 3047 ῥημάτων
609 2979 708 3052 τὴν
741 2981 992 3053 δύναμιν,
1027 2986 1087 3039 ἐν
1110 2988 1176 3055 τῇ
1215 2987 1352 3056 πρὸς
1400 2988 1726 3057 Κορινθίους
1769 2991 1905 3060 γρά-

326 3084 520 3135 φοντος
549 3069 763 3145 πρώτῃ,
794 3071 983 3127 (Erret
1007 3075 1063 3128 τί
1088 3078 1409 3147 ποιήσουσιν
1436 3079 1486 3130 οἱ
1516 3076 1906 3150 βαπτιζόμενοι

325 3160 470 3232 ὑπὲρ
502 3163 611 3216 τῶν
637 3167 869 3233 νεκρῶν,
932 3168 981 3221 εί
1020 3168 1160 3234 ὅλως
1193 3170 1379 3241 νεκροὶ
1423 3172 1523 3225 οὐκ
1557 3171 1904 3242 ἑγείρονται;

325 3253 382 3306 τί
420 3254 517 3307 καὶ
539 3254 894 3325 βαπτίζονται
936 3260 1076 3332 ὑπὲρ
1103 3263 1211 3316 τῶν
1238 3263 1479 3332 νεκρῶν;
1518 3282 1536 3316 ι
1568 3266 1616 3317 oi
1654 3266 1753 3336 μὲν
1784 3267 1910 3328 τοὺς

326 3348 555 3418 νεκροὺς
606 3350 791 3404 αὐτῶν
837 3352 1153 3420 ἐὸἀπτιζον,
1204 3357 1253 3409 oi
1306 3356 1365 3410 δὲ
1411 3355 1604 3421 ἄλλους
1632 3359 1773 3428 ὑπὲρ
1800 3357 1910 3411 τῶν

331 3439 542 3509 νεκρῶν
598 3441 807 3506 ζῶντας
834 3464 846 3477 ·
894 3445 1012 3498 ἀλλ’
1072 3449 1099 3499 ὁ
1132 3445 1315 3500 κανὼν
1353 3449 1514 3501 τοῦτο
1535 3449 1736 3503 κωλύει
1764 3450 1911 3518 γίνε-

334 3531 484 3588 σθαι.
553 3534 629 3587 Οὐ
686 3535 796 3606 γάρ
839 3538 967 3600 τοὺς
1011 3537 1110 3608 ἤδη
1151 3539 1487 3611 τεθνηκότας
1517 3543 1546 3594 ὁ
1584 3542 1914 3606 Ἀπόστολος

334 3622 549 3677 κελεύει
581 3624 886 3694 βαπτίζειν,
919 3629 953 3699 ἦ
992 3630 1109 3683 ἀντ’
1135 3628 1362 3685 ἐκείνων
1395 3632 1618 3696 ἄλλους’
1651 3632 1768 3686 ἀλλ’
1791 3626 1915 3686 ἐπεὶ

332 3717 384 3770 oi
423 3717 833 3790 βαπτιζόμενοι,
868 3721 1234 3791 μανθάνοντες
1265 3722 1358 3776 τοῦ
1387 3722 1507 3777 καθ’
1530 3724 1680 3794 ἡμᾶς
1706 3740 1915 3794 μυστη-

239 3882 251 3892 .
338 3812 459 3882 ρίου
502 3812 602 3882 τὴν
648 3812 898 3883 δύναμιν,
938 3813 1077 3884 μετὰ
1120 3814 1229 3870 τῶν
1272 3814 1451 3870 ἄλλων
1491 3815 1585 3869 καὶ
1614 3816 1916 3870 ἀνάστασιν

337 3903 550 3973 νεκρῶν
582 3904 703 3975 ἦτοι
732 3906 1004 3977 σωμάτων
1024 3906 1274 3972 ἐλπίζειν,
1295 3908 1665 3977 διδάσκονται,
1690 3910 1785 3963 καὶ
1819 3910 1918 3979 τὴν

334 3996 395 4047 ἐν
426 3999 493 4067 τῇ
523 3996 883 4070 κολυμϐήθρᾳ
917 3982 1215 4053 κατάδυσιν
1254 4001 1351 4054 καὶ
1404 4001 1666 4055 ἀνάδυσιν
1700 4001 1791 4055 τὸν
1823 4000 1919 4054 θά-

338 4098 498 4141 νατον
526 4089 891 4159 ὑπεμφαίνειν
929 4091 1024 4144 καὶ
1078 4091 1176 4163 τὴν
1209 4093 1544 4157 οᾶνάστασιν,
1608 4093 1746 4163 πρὸς
1791 4096 1918 4157 τοὺς

340 4182 469 4251 περ).
494 4182 698 4253 ταύτην
722 4182 1042 4253 ἀμφιῦόλως
1068 4184 1312 4254 ἔχοντας,
1339 4185 1505 4255 φησὶν
1525 4186 1917 4250 όἈπόστολος,

337 4276 420 4327 ὅτι
443 4275 504 4327 Εἰ
539 4274 614 4344 μὴ
644 4274 946 4339 ἀνάστασίς
972 4276 1112 4335 ἐστι,
1145 4275 1200 4328 τί
1227 4276 1631 4346 ποιήσουσιν-οἱ
1662 4273 1921 4345 βαπτιζό-

343 4386 493 4441 μενοι
525 4369 614 4422 ἐπ’
648 4367 822 4421 ἐλπίδι
872 4368 967 4421 τοῦ
1012 4370 1314 4440 ἀναστῆναι
1362 4368 1493 4432 τοὺς
1518 4368 1783 4438 νεκρούςς
1822 4386 1924 4438 μα-

340 4460 758 4522 ταιοπονοῦντες
817 4459 1027 4524 λοιπὸν,
1063 4459 1117 4512 εῐ
1170 4476 1235 4528 γε
1269 4458 1399 4531 περὶ
1425 4457 1526 4528 τῆς
1569 4458 1923 4521 ἀναστάσεως

2003 1976 2217 2044 absque
2261 1972 2436 2042 gratia
2482 1983 2579 2039 per
2617 1968 2952 2037 baptismum
3001 1962 3138 2018 data-
3169 1952 3428 2011 mandata
3461 1960 3590 2018 per-

2003 2066 2187 2130 ficere,
2223 2061 2504 2118 difﬁcilius
2544 2075 2676 2114 vero
2704 2097 2722 2126 ,
2766 2057 2971 2129 quippe
3014 2053 3162 2126 quod
3217 2063 3278 2104 ea
3326 2046 3593 2099 duntaxat

2004 2159 2385 2213 mandatorum
2441 2153 2853 2209 exsecutionem
2887 2146 3193 2204 faciliorem
3223 2137 3437 2203 reddat,
3461 2146 3596 2188 ana-

2005 2250 2246 2305 themate
2298 2248 2489 2321 punit;
2523 2247 2707 2301 omnia
2739 2242 2887 2299 enitn
2933 2257 2963 2294 a
2998 2237 3181 2295 divina
3239 2228 3416 2303 gratia
3459 2222 3598 2279 deri-

2003 2351 2221 2406 vantur,
2253 2349 2308 2397 et
2339 2341 2459 2397 sine
2493 2340 2583 2393 illa
2629 2337 2764 2392 nihil
2794 2352 2861 2390 ex
2897 2335 2969 2389 iis
2998 2345 3122 2401 qua:
3153 2339 3320 2397 agere
3354 2326 3595 2390 oportet,

2006 2445 2263 2506 praestare
2314 2447 2629 2504 possumus.
2658 2429 2780 2483 Non
2812 2426 2957 2482 enim
2988 2422 3126 2478 dixit
3154 2416 3439 2475 Dominus,
3466 2408 3599 2462 Sine

2008 2542 2101 2582 me
2142 2526 2277 2582 nihil
2315 2524 2476 2580 facile
2524 2521 2787 2594 perficere
2848 2514 3096 2587 potestis,
3136 2512 3254 2573 sed,
3290 2525 3309 2560 ι
3336 2504 3469 2560 Sino
3512 2516 3600 2554 nte

2008 2619 2147 2675 nihil
2197 2617 2423 2671 omnino
2455 2613 2682 2687 potestis
2709 2610 2912 2665 facere.
2952 2628 2970 2659 ι

2081 2709 2342 2781 Ejusdem
2389 2720 2573 2762 autem
2639 2721 2759 2778 syn.
2817 2717 2996 2757 Canun
3064 2698 3131 2755 18
3185 2711 3279 2750 cos
3339 2692 3435 2763 qui
3486 2690 3600 2781 jam

2013 2780 2213 2860 mortui
2248 2809 2400 2864 sunt,
2433 2815 2535 2854 nec
2565 2797 2868 2867 baptizare,
2895 2806 2997 2847 nec
3028 2789 3213 2845 divina
3242 2786 3311 2841 iis
3336 2780 3600 2853 mysteria

2012 2893 2429 2952 communicare
2457 2892 2634 2963 jubet.
2666 2887 2900 2956 Quidam
2931 2884 3081 2939 enim
3127 2882 3421 2936 verborum
3471 2887 3606 2942 apo-

2013 2988 2331 3044 stolicorum
2369 2985 2501 3048 vim,
2553 2983 2607 3037 in
2637 2980 2812 3052 prima
2843 2979 2911 3033 ad
2957 2973 3274 3032 Corinthios
3316 2965 3603 3039 Epistola:

2020 3098 2039 3133 ι
2070 3078 2205 3134 Nam
2252 3077 2382 3148 quid
2420 3075 2624 3130 facient
2658 3072 2753 3143 qui
2799 3070 3149 3141 baptizantur
3195 3079 3297 3136 pro
3343 3055 3603 3120 mortuis,

2017 3174 2062 3230 si
2095 3173 2322 3229 omnino
2358 3169 2561 3227 mortui
2590 3183 2700 3223 non
2734 3164 3064 3237 resurgunt?
3088 3163 3221 3234 quid
3263 3158 3430 3215 etiam
3460 3157 3606 3228 bap-

2017 3262 2258 3316 tizantur
2338 3274 2439 3329 pro
2523 3256 2806 3313 mortuis?
2863 3274 2881 3307 ι
2971 3269 3081 3309 non
3163 3250 3533 3319 intelligentes
3587 3293 3606 3313 .

2016 3361 2262 3409 mortuos
2304 3366 2459 3413 suos.
2502 3349 2596 3404 alii
2625 3358 2808 3404 autem
2846 3347 2987 3401 alios
3040 3345 3196 3399 vivos
3244 3358 3344 3413 pro
3375 3352 3533 3398 mort:
3558 3342 3607 3397 is

2014 3444 2388 3515 baptizabant.
2440 3442 2644 3498 Verum
2700 3456 2809 3496 non
2835 3439 2993 3510 jubet
3026 3437 3324 3509 Apostolus
3365 3450 3464 3492 eos
3513 3437 3610 3506 qui

2015 3532 2218 3587 mortui
2248 3541 2403 3597 sunt,
2437 3529 2742 3600 baptizare,
2780 3527 2867 3583 vel
2899 3527 3038 3582 alios
3064 3541 3165 3597 pro
3212 3524 3280 3581 iis
3308 3543 3322 3592 ;
3355 3526 3447 3581 sed
3477 3524 3609 3595 quia

2016 3623 2111 3694 qui
2167 3624 2523 3693 baptizantur
2549 3621 2659 3674 vim
2709 3611 2959 3690 mysterii
3012 3617 3187 3683 nostri
3233 3616 3605 3681 addiscentes,

2021 3716 2166 3770 inter
2192 3715 2668 3769 aliamortuorum
2703 3726 2925 3782 quoque
2962 3725 3059 3765 seu
3091 3723 3387 3779 corporum
3421 3723 3610 3763 resur-

2020 3809 2314 3865 rectidnem
2360 3823 2588 3878 sperare
2637 3806 2931 3869 docentur,
2966 3802 3226 3874 quodque
3300 3803 3357 3856 in
3390 3800 3613 3856 lavacro

2020 3901 2299 3958 demersio
2354 3909 2410 3956 et
2455 3899 2698 3954 emersio
2747 3907 2977 3954 mortem
3029 3908 3085 3951 et.
3140 3894 3612 3950 resurrectionem

2022 3997 2305 4060 denotent,
2358 3992 2427 4047 iis
2465 3992 2557 4061 qui
2605 3993 2670 4045 de
2712 3987 3119 4045 resurrectione
3161 3984 3437 4049 dubitant,
3479 3984 3614 4039 dicit

2023 4085 2345 4158 Apostolus,
2396 4084 2456 4138 Si
2512 4098 2621 4137 non
2665 4090 2751 4137 est
2833 4078 3191 4142 resurrectio,
3234 4076 3365 4148 quid
3404 4075 3612 4132 facient

2023 4180 2118 4251 qui
2166 4177 2271 4234 sub
2313 4177 2418 4231 huc
2474 4189 2591 4244 spe,
2643 4171 2790 4244 quod
2824 4171 3023 4227 mortui
3075 4177 3391 4240 resurgeut,
3426 4167 3611 4238 bapti-

2025 4271 2271 4328 zantur?
2329 4269 2601 4339 Deinceps
2681 4267 2889 4322 frustra
2921 4266 3215 4336 jlaborant,
3251 4263 3298 4318 si
3332 4262 3397 4317 de
3423 4277 3613 4317 resur-

2027 4365 2279 4422 rectione
2313 4362 2608 4429 dubitant;
2662 4374 2761 4437 per
2808 4375 2872 4414 ea
2925 4357 3071 4413 enim
3113 4374 3236 4427 qua:
3286 4355 3518 4421 faciunt,
3553 4372 3616 4411 se

2028 4456 2493 4514 resurrectionem
2523 4434 2847 4524 exspectare
2874 4451 3136 4516 fatentur,
3181 4459 3236 4503 et
3270 4465 3368 4519 per
3394 4464 3459 4504 ea
3492 4434 3615 4518 qua:

341 4553 800 4625 ἀμφιϐάλλουσιν.
835 4546 931 4615 Οἷς
953 4550 1053 4620 μὲν
1084 4550 1192 4621 γὰρ
1215 4550 1569 4622 πράττουσιν,
1593 4538 1910 4619 ὁμολογοῦσι

2025 4551 2138 4619 jam
2190 4548 2383 4604 dicunt
2429 4546 2677 4602 eamdem
2727 4546 3021 4614 denegant.
3065 4540 3421 4610 Baptizantur
3467 4539 3615 4593 enim

342 4647 655 4717 προσδοκᾷν
680 4645 780 4715 τὴν
811 4644 1110 4696 ἀνάστασιν
1133 4658 1145 4673 ·
1179 4638 1259 4705 οἷς
1290 4642 1345 4695 δὲ
1387 4643 1482 4696 νῦν
1517 4642 1790 4710 λέγουσιν,
1823 4645 1923 4711 ἁρ-

342 4739 563 4794 νοῦνται
589 4737 762 4807 αὐτήν
784 4752 797 4765 ’
833 4735 1190 4806 βαπτίζονται
1241 4734 1351 4805 γάρ
1386 4734 1528 4805 ὑπὲρ
1555 4735 1666 4788 τῶν
1715 4735 1924 4805 νεκρῶν

344 4833 410 4903 τῇ
441 4831 601 4899 φύσει
631 4829 924 4899 σωμάτων,
968 4829 1049 4891 είς
1082 4827 1392 4898 ἀφθαρσίαν
1445 4828 1537 4881 καὶ
1572 4827 1713 4881 αὐτὰ
1755 4843 1925 4898 μετα-

347 4920 711 4990 σκευασθῆναι
746 4918 1093 4982 πιστεύοντες
1117 4933 1133 4949 ο
1185 4917 1310 4969 ἐπεί
1332 4918 1414 4970 τοί
1448 4932 1511 4985 γε
1543 4917 1576 4986 ἡ
1606 4916 1757 4988 ψυχὴ
1787 4917 1923 4971 ἁθά-

347 5029 503 5075 νατος
521 5010 683 5081 φύσει
704 5009 913 5078 πέφυκε
935 5008 1027 5061 καὶ
1054 5006 1404 5077 ἀτελεύτητος
1427 5025 1440 5038 ·
1468 5007 1641 5060 ταῦτα
1668 5007 1723 5060 δὲ
1749 5007 1933 5078 φθορᾷ*

344 5106 440 5160 καὶ
477 5102 765 5158 ἀλλοιώσει
814 5082 1120 5155 ὑπόκειται.
1178 5102 1277 5153 Διά
1314 5102 1422 5170 γὰρ
1472 5099 1634 5152 τοῦτο
1669 5098 1812 5170 ἅπερ
1843 5116 1928 5162 τις

342 5198 434 5253 διὰ
467 5196 728 5267 ῥημάτων
768 5193 1022 5264 ὁμολογεῖ
1052 5190 1355 5255 πιστεύειν,
1390 5190 1478 5243 διὰ
1508 5189 1623 5241 τῶν
1671 5189 1929 5259 πραγμά-

343 5308 454 5344 των
477 5290 752 5343 δείκνυσιν
783 5288 810 5341 ὁ
860 5286 1061 5355 ἱερεὺς,
1113 5284 1393 5347 εἰκονίζων
1424 5284 1480 5334 ἐν
1511 5281 1591 5353 τῷ
1625 5280 1777 5334 ὕδατι
1828 5279 1928 5350 τὴν

347 5385 624 5455 ἀλήθειαν.
1629 5428 1635 5433 .

345 5498 601 5555 ΚΕΦΑΛ.
635 5499 711 5552 B'.
742 5497 879 5564 Περὶ
922 5494 1039 5548 τῶν
1090 5490 1637 5563 ἀμφιϐαλλομένων
1671 5492 1928 5560 νηπίων,

458 5570 471 5584 ’
846 5570 896 5619 εὶ
944 5566 1426 5629 ἐϐαπτίσθησαν.

429 5661 488 5715 ⁸0
520 5659 602 5716 πδ¹
629 5662 727 5730 τῆς
768 5659 934 5727 ἕκτης
971 5656 1215 5722 συνόδου,
1248 5655 1328 5709 ἔτι
1361 5656 1417 5709 δὲ
1458 5656 1554 5709 καὶ
1583 5657 1611 5708 ὁ
1641 5654 1716 5726 οβ’
1740 5654 1841 5725 τῆς
1871 5656 1928 5708 ἐν

349 5754 706 5825 Καρθαγὲνῃ,
744 5752 812 5804 τὰ
843 5749 1300 5820 ἀμφιϐαλλόμενα
1326 5749 1517 5820 νήπια,
1566 5748 1633 5801 εἰΔ
1662 5748 1755 5801 τοῦ
1785 5749 1930 5803 θείου

351 5847 644 5907 τετννῆκει
704 5843 1103 5909 βαπτίσματος,
1154 5841 1279 5901 μήτ’
1313 5840 1488 5895 ἄλλων
1524 5826 1778 5904 saepe;
1810 5842 1930 5897 επι-

2031 4657 2131 4712 pro
2167 4639 2495 4710 corporibus
2543 4645 2744 4691 natura
2792 4634 3053 4701 mortuis,
3103 4635 3295 4688 eadem
3342 4632 3397 4686 in
3426 4632 3617 4685 incor-
3693 4670 3697 4675 .

2031 4733 2449 4804 ruptibilitatem
2521 4727 2881 4785 transmutari
2949 4727 3274 4791 credentes;
3352 4724 3617 4794 quoniam

2031 4826 2215 4901 anima
2247 4834 2441 4879 natura
2473 4820 2804 4877 immortalis
2850 4830 2935 4874 est
2967 4826 3024 4872 et
3055 4817 3176 4872 sine
3209 4817 3340 4882 fine,
3378 4830 3615 4885 corpora

2030 4929 2211 4974 autem
2252 4913 2594 4985 corruptioni
2627 4923 2681 4967 et
2732 4908 3022 4966 mutationi
3068 4906 3303 4987 obnoxia
3354 4915 3501 4961 sunt.
3553 4906 3619 4963 Et

2030 5019 2323 5080 propterea
2370 5023 2491 5076 quae
2543 5005 2834 5076 quisquam
2887 5017 2947 5057 se
2992 5001 3219 5056 credere
3268 5014 3401 5055 voce
3446 4999 3617 5077 confi-

2033 5112 2197 5166 tetur,
2253 5099 2514 5156 sacerdos
2561 5114 2621 5153 re
2688 5095 2949 5161 ostendit,
3014 5093 3068 5148 in
3123 5108 3268 5164 aqua
3324 5092 3615 5149 veritatem

2033 5202 2453 5265 repraesentans.

2032 5486 2141 5561 42
2166 5485 2320 5543 CAP.
2360 5484 2425 5539 ll.
2488 5484 2597 5561 De_
2631 5482 2923 5561 infantibus
2952 5482 3018 5561 de
3071 5479 3262 5549 quibus
3318 5477 3617 5543 dubitatur,

2367 5566 2544 5610 utrum
2581 5554 2839 5624 baptizau‘
2870 5552 3088 5624 fuerint,
3126 5564 3305 5604 necne.

2105 5652 2293 5707 Canon
2336 5649 2406 5707 84
2439 5665 2561 5721 syn.
2607 5664 2655 5701 VI
2697 5661 2942 5701 necnon
2987 5643 3056 5697 82
3086 5640 3283 5713 synodi
3330 5638 3620 5711 Carthagi-

2039 5744 2225 5799 nensis
2309 5742 2549 5796 infantes
2615 5738 2683 5794 de
2765 5736 2965 5807 quibus
3030 5733 3357 5797 dubitatur,
3434 5741 3617 5785 utrum

2038 5845 2455 5897 sacrosanctum
2486 5832 2816 5905 baptismum
2872 5829 3109 5887 assecuti
3144 5827 3381 5890 fuerint,
3424 5841 3658 5899 necne...
