3992 6398
329 356 465 421 1109

1269 367 1672 431 SYNTAGMA
1708 371 2333 433 ALPHABETICUM.
2370 396 2437 405 —
2476 373 2548 435 Β.

3432 369 3567 434 1110

320 468 611 570 aiqptxobg-
666 470 759 523 καὶ
800 474 940 543 μετὰ
973 474 1049 570 ’τὸ
1078 466 1433 548 φωραθηνᾶι·
1475 480 1612 548 ὅπερ
1664 480 1885 543 ἄτοπον,

1991 512 2145 568 nato,
2177 502 2418 570 seipsum
2464 509 2647 554 autem
2693 499 3014 569 episcopum
3065 513 3192 557 esse
3241 500 3564 565 simulante,

318 559 450 612 ἀλλὰ
470 560 565 614 καὶ
591 560 908 619 ὑπεναντίον
936 560 1011 634 τῷ
1044 568 1084 622 δ’
1115 570 1300 622 κανόνι
1326 570 1426 638 τῆς
1461 569 1504 639 β’
1539 571 1783 634 συνόδου,
1809 571 1886 643 τῷ

316 651 446 721 περὶ
479 653 735 723 Μαξίμου
762 654 853 709 τοῦ
879 658 1104 712 κυνικοῦ
1143 660 1568 730 δια-ταττομένῳ,
1622 663 1759 730 μήτε
1786 662 1883 715 αύ-

319 742 404 796 τὸν
430 744 683 811 γενέσθαι
706 746 739 816 ἢ
765 742 905 801 εἶναι
946 748 1264 812 ἐπίσκοπον,
1298 750 1390 802 καὶ
1437 750 1563 813 τοὺς
1593 751 1684 804 ὑπ’
1719 751 1884 804 αὐτοῦ

314 835 793 905 χειροτονηθέντας
843 838 1008 908 μηδὲν
1056 839 1220 892 πλέον
1263 840 1512 894 ἐντεῦθεν
1560 841 1883 907 ἀπόνασθαι,

313 923 530 978 πάντων
558 927 961 994 ἀκυρωθέντων
997 923 1073 983 ὧν
1106 929 1364 999 ἀθέσμως
1406 932 1613 994 ἐκεῖνος
1636 931 1881 1003 ἔδρασεν.

316 1013 441 1069 Ἔτι
472 1017 581 1088 μὴν
608 1021 704 1072 καὶ
728 1020 806 1088 τῷ
829 1027 900 1092 ιη’
922 1021 1019 1092 τῆς
1050 1023 1109 1075 ἐν
1128 1023 1391 1094 Σαρδ.κῇ,
1415 1026 1542 1085 τοὺς
1565 1027 1716 1093 παρὰ
1739 1025 1887 1077 Moc-

315 1106 466 1159 σαίου
492 1110 584 1162 καὶ
603 1111 931 1180 Εὖτυχιανοῦ
948 1113 1180 1184 ἀνιέρων
1199 1114 1368 1167 ὄντων
1385 1115 1883 1185 χειροτονηθέντας,

309 1199 404 1252 τοῦ
428 1200 633 1271 κλήρου
664 1203 865 1267 τελέως
893 1203 1230 1271 ἐκϐάλλοντι,
1257 1207 1351 1259 καὶ
1384 1207 1465 1270 είς
1494 1208 1592 1277 τήν
1626 1206 1738 1259 τῶν
1772 1207 1883 1260 λαῖο

311 1289 424 1357 κῶν
456 1293 746 1361 κατάγοντι
772 1293 974 1364 χώραν.
1012 1297 1224 1368 Ὥσπερ
1251 1293 1346 1350 οὖν
1376 1299 1573 1351 ἐκεῖνοι
1604 1297 1883 1365 ἀχειροτό-

311 1400 482 1451 νητοι,
522 1383 665 1437 οὕτω
711 1387 803 1437 καὶ
852 1383 999 1441 οὗτοι
1052 1388 1377 1442 ἁϐἀπτιστοι
1435 1389 1880 1460 λογισθήσονται·

312 1473 406 1526 καὶ
434 1473 621 1545 ὥσπερ
677 1476 726 1527 οί
780 1476 889 1528 τῶν
918 1478 1238 1547 Ἀγαρηνῶν
1270 1479 1661 1548 βαπτιζόμενοι
1695 1481 1881 1543 παῖδες

311 1563 388 1634 τῷ
426 1565 500 1633 μὴ
532 1565 797 1630 δυσωδίας
825 1569 1068 1633 ἀπόζειν,
1098 1570 1415 1640 Χριστιανοὶ
1466 1574 1526 1623 οὑ
1553 1571 1879 1639 λογίζονται,

310 1653 483 1717 οὕτως
515 1656 635 1709 οὐδὲ
662 1659 709 1709 οί
768 1660 929 1730 μύρῳ
977 1659 1254 1730 χριόμενοι
1317 1661 1452 1733 πρὸς
1486 1662 1595 1714 τῶν
1627 1664 1881 1731 ἀνιέρων,

310 1748 396 1800 ὅτι
422 1748 555 1815 μηδὲ
581 1748 790 1801 δέδοται
822 1751 933 1812 τοῖς
957 1750 1222 1815 τοιούτοις
1250 1753 1528 1822 ἀγιασμοῦ
1574 1771 1719 1814 τινος
1746 1754 1883 1818 ὅλως

314 1838 672 1908 μεταδιδόναι.
706 1826 770 1893 Εἰ
803 1840 860 1892 δέ
883 1858 967 1903 τις
1004 1842 1372 1913 ἀνθυποφέρει
1399 1846 1458 1897 τὸ
1486 1846 1636 1916 παρα
1660 1845 1752 1898 τοῦ
1783 1863 1880 1914 μεο
1913 1851 1953 1905 Β

308 1928 476 1996 γάλου
506 1927 851 1989 Ἀθανασίου,
882 1929 960 1983 ἔτι
989 1931 1176 1994 παιδὸς
1230 1933 1404 1997 ὄντος,
1441 1938 1689 2003 γεγονὸς,
1726 1938 1885 1990 ἐνθυιι

313 2019 544 2089 μηθήτω
573 2019 664 2074 τὸν
686 2019 1012 2086 θεσπίζοντα
1042 2024 1316 2078 πολιτικὸν
1338 2028 1521 2097 νόμον,
1545 2029 1624 2080 ὅτι
1647 2030 1709 2081 τὸ
1736 2030 1885 2099 παρὰ

311 2110 540 2173 κανόνας
585 2112 684 2180 οὐχ
746 2112 962 2165 ἕλκεται
992 2115 1072 2178 είς
1126 2115 1455 2186 ὑπόδειγμα,
1492 2121 1586 2172 καὶ
1611 2120 1671 2172 οὐ
1722 2121 1897 2189 νόμος-

322 2200 649 2271 Ἐκκλησίας
680 2203 740 2255 τὸ
776 2206 1025 2258 σπάνιον.

311 2593 559 2648 ΚΕΦΑΛ.
588 2593 656 2650 Δ’.
681 2596 813 2661 Περὶ
844 2594 1428 2665 τῶνβαπτιζομέγων
1453 2596 1521 2659 ἐξ
1548 2596 1875 2651 Ἰουδαίων.

381 2686 515 2754 Περὶ
533 2687 589 2738 δέ
611 2704 673 2754 γε
723 2688 814 2740 τοῦ
846 2687 1324 2758 σκληροτροιχὴλου
1375 2690 1468 2741 καὶ
1501 2689 1878 2758 ἁπεριτμήτου

309 2780 371 2846 τῇ
399 2778 596 2848 καρδίᾳ
627 2779 810 2844 γένους
838 2783 945 2831 τῶν
966 2779 1259 2844 Ἰουδαίων,
1289 2780 1462 2841 οὕτως
1489 2783 1517 2832 ὁ
1542 2781 1640 2847 τῆς
1685 2777 1730 2843 ζ’
1754 2797 1880 2831 συν-

305 2866 426 2918 όδου
462 2872 509 2934 η’
528 2866 787 2934 γινώσκει
817 2868 1017 2921 κανών.
1056 2868 1116 2921 Ei
1148 2869 1255 2935 γάρ
1285 2886 1368 2932 τις
1405 2868 1605 2933 αὐτῶν,
1639 2869 1794 2938 φησὶ,
1821 2869 1879 2932 ἐξ

307 2955 632 3025 ιιλικρινοῦς
662 2956 883 3026 καρδίας
912 2956 979 3008 τὰ
1009 2957 1351 3025 Χριστιανῶν
1400 2956 1596 3018 ἅλοιτο,
1627 2956 1721 3009 καὶ
1749 2957 1879 3026 ἡμῖν

308 3046 370 3110 ἐξ
397 3047 524 3117 ὅλης
545 3046 768 3117 καρδίας
797 3047 1178 3117 ὁμολογήσειε,
1206 3046 1559 3117 θριαμϐεύων
1587 3047 1690 3100 ὅσα
1710 3046 1880 3115 πράτ-

307 3155 423 3191 τειν
481 3138 555 3207 τῷ
605 3139 714 3191 τῶν
764 3138 1031 3208 Ἐϐραίων
1081 3139 1314 3191 εἴθισται
1368 3138 1537 3206 γένει,
1595 3138 1680 3232 ἔφ’
1713 3132 1757 3206 ᾦ
1786 3138 1949 3232 κοιὶο

308 3230 528 3298 ἑτέρους
580 3229 909 3299 ἐλεγχθῆναι
960 3231 1057 3283 καὶ
1113 3229 1519 3299 διορθωθῆναι,
1573 3221 1731 3291 οὗτος
1785 3228 1879 3281 καὶ

308 3322 719 3393 προσδεκθήτω,
746 3324 842 3376 καὶ
861 3321 956 3375 τοῦ
992 3321 1135 3374 θείου
1161 3321 1446 3389 ἁξιωθήτω
1482 3319 1877 3390 βαπτίσματος,

306 3412 444 3485 πρὸς
471 3411 529 3466 δὲ
562 3414 656 3466 καὶ
682 3414 731 3466 οἱ
781 3413 947 3466 αὐτοῦ
977 3413 1166 3474 παῖδες
1187 3429 1199 3441 ·
1231 3413 1324 3465 καὶ
1349 3410 1733 3476 ἀσφαλιζέσθω
1772 3411 1880 3465 τῶν

214 3506 221 3511 ’
320 3504 625 3557 Ἰουδαϊκῶν
652 3505 1103 3573 ἐπιτηδευμάτων
1128 3502 1561 3556 ἀποδιίστασθαι.
1616 3502 1681 3553 Εἰ
1710 3502 1765 3554 δὲ
1806 3502 1880 3569 μή

304 3596 449 3650 οὕτω
477 3595 725 3666 φρονοίη,
759 3596 895 3665 μηδὲ
916 3595 985 3649 δι’
1018 3596 1150 3648 αὐτὸ
1176 3596 1236 3647 τὸ
1269 3595 1432 3648 καλὸν
1457 3595 1547 3646 τὸν
1569 3596 1880 3662 Χριστιανι-

308 3688 446 3756 σμὸν
485 3690 710 3756 αἱροῖτο,
774 3688 888 3740 ἀλλ’
950 3688 984 3759 ἧ
1042 3704 1195 3751 τινας
1250 3687 1570 3758 βουλόμενος
1623 3687 1881 3753 ἐκφυγεῖν

306 3778 573 3846 ἐπηρείας
631 3779 665 3850 ἢ
691 3778 850 3847 δτὶξης
880 3779 1173 3848 ἐπικαίρου
1198 3780 1291 3832 καὶ
1325 3777 1676 3848 ἀνθρωπίνης
1706 3778 1884 3830 εὐδαι-

306 3868 500 3939 μονίας
528 3869 689 3932 ἁλοὺς
723 3869 909 3940 ἔρωτι,
942 3873 1011 3940 τῇ
1043 3871 1224 3925 πίστει
1258 3872 1555 3938 σκήπτοιτο
1580 3869 1881 3940 προσιέναι,

305 3960 399 4012 τόν
419 3976 483 4025 γε
525 3960 591 4030 δὴ
635 3959 876 4013 τοιοῦτον
914 3961 1197 4029 βαπτίζειν
1245 3962 1345 4014 οὐκ
1376 3960 1680 4030 ἐπιτρέπει.
1722 3961 1785 4014 El
1819 3961 1879 4014 δὲ

300 4051 403 4107 ,καὶ
429 4048 574 4103 οὕτω
603 4049 825 4120 γνώμης
849 4050 1065 4123 ἔχοντες
1086 4034 1277 4105 ἔλαθόν
1299 4067 1442 4113 τινες
1460 4051 1881 4119 βαπτισάμενοι,

306 4140 405 4194 καὶ
434 4140 823 4212 ὑποκρίνονται
862 4140 960 4210 μὲν
989 4142 1056 4194 τὰ
1078 4141 1438 4211 Χριστιανῶν,
1474 4140 1659 4213 κρύφα
1697 4142 1754 4193 δὲ
1776 4141 1883 4194 τῶν

322 4232 635 4287 Ἰουδαϊκῶν
668 4232 810 4287 ὲθῶν
838 4235 932 4287 καὶ
957 4233 1395 4304 παρατηρήσεων
1429 4232 1731 4301 φωραθεῖεν
1766 4232 1885 4301 ὲχό-

311 4339 486 4393 μενοι,
527 4324 667 4393 μήτε
698 4326 778 4387 εἰς
829 4323 1126 4392 ἐκκλησίαν
1173 4321 1462 4375 είσίτωσαν
1492 4362 1508 4387 ,
1542 4323 1696 4391 φησὶ,
1748 4323 1884 4392 μήτε

306 4414 646 4485 οἱασδήτινος
675 4414 1048 4479 ἀξιούσθωσαν
1087 4413 1394 4475 κοινωνίας,
1433 4413 1566 4483 μηδὲ
1611 4413 1660 4465 oi
1697 4416 1885 4475 παῖδες

1988 593 2342 655 ordinantur,
2411 591 2600 645 clerici
2662 604 2783 646 esse
2834 592 3058 655 debent,
3123 602 3409 661 postquam
3474 607 3566 648 res

1991 683 2203 737 detecta
2238 681 2447 737 fuerit:
2486 683 2633 750 quod
2681 691 2766 738 est
2812 681 3138 745 absurdum,
3182 691 3237 741 et
3294 683 3491 738 canoni
3530 684 3566 739 4

1992 789 2116 843 syn.
2151 789 2185 827 ll
2221 772 2552 829 contrarium
2582 789 2598 837 ;
2629 772 2720 841 qui
2750 771 2972 841 quidem
3001 773 3067 826 de
3091 771 3328 826 Maximo
3361 771 3566 843 Cynico

1992 865 2258 930 decernit,
2293 879 2415 918 eum
2446 878 2545 918 nec
2580 862 2697 918 fieri
2727 878 2831 918 nec
2878 877 3003 919 esse
3034 863 3396 934 episcopum;
3438 878 3564 920 eos-

1991 970 2099 1024 que
2147 955 2242 1025 qui
2293 955 2361 1008 ab
2418 970 2484 1009 eo
2537 955 2955 1020 ordinabantur,
3007 954 3146 1008 nihil
3198 954 3325 1007 inde
3359 953 3563 1023 juvari,

1989 1046 2247 1102 omnibus
2272 1063 2395 1116 qua:
2424 1048 2539 1117 ipse
2570 1047 2797 1113 fecerat,
2846 1047 3023 1102 irritis
3069 1045 3249 1101 factis.
3283 1045 3484 1115 Utique
3509 1054 3565 1100 et

1993 1139 2061 1194 l8
2099 1138 2309 1194 canoni-
2355 1155 2477 1210 syn.
2530 1139 2742 1195 Sat-dic.
2810 1138 3201 1203 contrariatur,
3279 1154 3473 1194 omnes
3532 1153 3567 1193 a

1990 1230 2195 1285 Musaeo
2242 1239 2295 1284 et
2327 1231 2693 1301 Eutychiano,
2719 1246 2825 1288 non
2872 1231 3164 1291 ordinatis,
3197 1231 3483 1284 ordinatos
3535 1245 3565 1285 a

1991 1320 2138 1375 clero
2192 1331 2420 1390 prorsus
2469 1322 2785 1391 expellenti,
2841 1332 2896 1377 et
2956 1322 3012 1375 in
3060 1322 3240 1377 locum
3295 1321 3564 1376 laicorum

1991 1412 2319 1474 deducenti;
2371 1413 2515 1466 sicut
2547 1414 2693 1467 enim
2729 1414 2807 1467 illi
2851 1428 2958 1467 non
2989 1412 3253 1477 ordinati,
3303 1410 3380 1466 ita
3427 1419 3481 1464 et
3509 1409 3565 1463 bi

1988 1514 2098 1556 non
2165 1502 2419 1572 baptizati
2504 1504 2877 1559 habebuntur.
2961 1504 3027 1560 Et
3105 1502 3565 1573 quemadmodum

1986 1594 2361 1664 Agarenorum
2396 1596 2634 1651 infantes
2658 1595 2920 1666 baptizati
2946 1605 3005 1651 ut
3029 1611 3140 1653 non
3163 1596 3306 1652 male
3330 1596 3564 1658 olerent,

1987 1689 2288 1744 Christiani
2325 1706 2434 1745 non
2467 1690 2810 1760 judicantur,
2844 1690 2919 1744 ita
2954 1704 3133 1759 neque
3162 1689 3221 1753 il,
3256 1689 3350 1757 qui
3390 1702 3423 1741 a
3452 1700 3561 1740 non

1986 1780 2257 1836 ordinatis
2291 1782 2592 1836 chrismate
2626 1782 2999 1851 inunguntur;
3036 1781 3162 1851 quia
3206 1779 3409 1835 talibus
3451 1792 3564 1834 non

1987 1882 2071 1927 est
2137 1872 2409 1926 indultum
2474 1872 2717 1942 aliquam
2772 1871 3000 1926 omnino
3070 1868 3561 1924 sanctificationem

1987 1964 2339 2034 participare.
2398 1962 2553 2030 Quod
2613 1963 2661 2019 si
2724 1963 3018 2032 quisquam
3083 1961 3138 2016 in
3223 1958 3561 2014 contrarium

1985 2056 2242 2117 adducat.
2305 2055 2451 2125 quod
2513 2072 2542 2107 a
2602 2069 2800 2124 magno
2862 2053 3189 2117 Athanasio,
3246 2066 3372 2107 cum
3429 2064 3564 2118 puer

1986 2146 2165 2203 adhuc
2220 2156 2389 2211 esset,
2461 2145 2665 2200 factum
2730 2154 2868 2210 erat,
2940 2145 3187 2199 attendat
3258 2143 3325 2197 ad
3389 2141 3562 2211 legem

1987 2239 2205 2293 civilem
2250 2246 2606 2298 slatucntem,
2655 2235 2803 2306 quod
2835 2235 3042 2304 aliquid
3078 2243 3278 2305 praater
3322 2245 3564 2287 canones

1987 2330 2188 2383 factum
2220 2345 2325 2383 non
2361 2330 2596 2383 trahitur
2634 2329 2686 2383 in
2721 2329 3055 2396 cxvmplum,
3101 2337 3151 2382 et
3184 2325 3264 2380 lex
3310 2322 3564 2377 Ecclesia:

1986 2437 2093 2474 uou
2122 2431 2204 2476 est
2232 2421 2377 2490 quod
2408 2437 2529 2476 raro
2559 2420 2637 2474 fit.

2065 2592 2218 2647 CAP.
2251 2592 2339 2647 IV.
2382 2590 2454 2647 De
2489 2593 2557 2646 iis
2623 2594 2715 2661 qui
2750 2607 2815 2645 ex
2868 2591 3073 2645 Ιιιιιαιὶε
3129 2592 3492 2657 buptizaulur.

2060 2686 2132 2738 De
2173 2685 2373 2739 Judzeis
2424 2694 2630 2749 autem,
2660 2683 2811 2738 dum
2860 2683 3089 2738 cervicis
3141 2695 3194 2736 et
3243 2683 3426 2737 cordis
3478 2683 3562 2735 in-

1980 2778 2292 2833 circumcisi
2326 2785 2509 2847 gente,
2555 2792 2679 2833 can.
2721 2777 2754 2831 8
2795 2791 3009 2847 syn.vn
3068 2777 3141 2829 ita
3190 2774 3435 2829 decernit
3468 2773 3561 2827 :Si

1980 2869 2154 2938 quis,.
2189 2867 2392 2939 inquit,
2447 2884 2640 2923 eorum
2700 2884 2764 2924 ex
2827 2883 2966 2938 puro
3024 2867 3190 2923 corde
3238 2865 3562 2936 religionem

1981 2959 2348 3016 Christianam
2378 2962 2663 3030 amplexus
2707 2961 2800 3024 sit,
2845 2970 2899 3016 et
2930 2959 3091 3014 nobis
3131 2975 3198 3013 ex
3243 2966 3357 3012 toto
3396 2956 3564 3011 corde

1980 3046 2333 3113 confiteatur,
2387 3047 2457 3104 iis
2507 3064 2630 3118 qua:
2670 3048 2739 3103 ab
2788 3046 3145 3103 Hebraeorum
3195 3062 3393 3117 genere
3446 3045 3563 3100 fieri

1982 3142 2160 3195 solent
2217 3140 2514 3206 insultans,
2548 3149 2607 3195 ut
2643 3150 2694 3197 et
2726 3139 2818 3194 alii
2863 3141 3266 3195 convincantur
3305 3147 3360 3192 et
3389 3139 3565 3193 corri-

1981 3240 2211 3301 gantur,
2241 3232 2364 3286 talis
2417 3232 2757 3301 suscipiatur
2800 3242 2854 3286 et
2910 3231 3097 3285 divino
3147 3229 3426 3298 baptismo
3482 3230 3564 3283 di-

1981 3338 2121 3393 gnus
2178 3324 2439 3379 habeatur
2485 3338 2609 3378 cuni
2661 3324 2854 3379 liberis
2914 3321 3075 3388 suis;
3109 3329 3443 3390 maneatque
3496 3317 3565 3372 ab

1983 3414 2331 3468 Hebraeorum
2386 3415 2582 3470 studiis
2624 3414 2859 3470 alienus.
2892 3413 3048 3480 Quod
3097 3413 3142 3468 si
3187 3413 3256 3468 ita
3297 3428 3408 3466 non
3440 3427 3565 3465 sen-

1984 3502 2101 3560 tiat.
2135 3519 2233 3557 nec
2290 3502 2762 3557 Christianitatem
2834 3517 2899 3556 ex
2958 3504 3100 3558 bono
3169 3502 3419 3557 instituto
3451 3516 3567 3554 am-

1983 3595 2168 3662 plexus
2203 3595 2294 3657 sit.
2345 3595 2439 3650 sed
2496 3603 2553 3650 ut
2607 3596 2809 3650 damna
2852 3594 3037 3663 aliqua
3086 3593 3329 3663 elfugiat,
3356 3593 3440 3646 vel
3482 3607 3567 3646 ra-

1983 3687 2136 3741 ducae
2186 3687 2372 3756 gloriae
2404 3697 2457 3741 et
2518 3687 2774 3740 humanm
2833 3684 3110 3741 fclicitatis
3158 3700 3345 3739 amore
3370 3693 3565 3752 captus

1985 3779 2051 3832 ad
2094 3779 2253 3831 fidem
2287 3776 2551 3831 accedere
2578 3776 2819 3841 simulet,
2865 3778 3023 3832 talem
3070 3792 3248 3831 canon
3295 3775 3564 3844 baptizari

1987 3887 2094 3926 non
2121 3871 2409 3941 permittit.
2442 3871 2595 3939 Quod
2628 3872 2675 3926 si
2726 3872 2899 3942 aliqui
2940 3872 3013 3927 ita
3050 3872 3346 3927 sentientes
3378 3871 3571 3939 bapti-

1986 3963 2095 4017 τειιί
2123 3963 2347 4026 fuerint,
2367 3968 2421 4017 et
2442 3962 2909 4017 Christianitatem
2936 3963 3284 4028 simulantes,
3310 3960 3566 4030 privatim

1986 4055 2126 4109 ritus
2155 4053 2416 4109 Iudaicos
2458 4064 2513 4108 et
2552 4053 2966 4108 observationes
3011 4055 3192 4107 colere
3239 4049 3566 4121 deprehensi

1989 4146 2216 4209 iuerint,
2249 4160 2426 4214 neque
2465 4144 2521 4198 in
2560 4138 2874 4208 ecclesiam,
2920 4142 3120 4213 inquit,
3158 4141 3565 4212 ingrediantur,

1988 4250 2089 4290 nec
2147 4235 2335 4304 aliqua
2392 4233 2780 4288 communione
2832 4232 2984 4303 digni
3050 4231 3399 4297 habeantur;
3465 4243 3567 4282 nec

1979 4323 2147 4378 liberi
2204 4339 2391 4377 eorum
2451 4337 2610 4377 sacro
2670 4322 2946 4392 baptismo
3011 4321 3337 4392 signentur,
3392 4332 3569 4388 neque

1991 4429 2211 4468 Servum
2272 4413 2646 4468 Christianum
2725 4428 2909 4469 emere
2968 4413 3395 4483 permittuntur,
3470 4409 3568 4464 sed

307 4504 489 4558 αὐτῶν
535 4505 612 4575 τῷ
652 4505 780 4576 θείῳ
829 4506 1169 4575 βαπτίσματι
1216 4503 1687 4575 σημειούσθωσαν,
1739 4505 1877 4575 μήτε

1991 4513 2167 4575 aperte
2187 4505 2343 4574 juxta
2377 4503 2727 4560 Hebraeorum
2757 4505 2962 4561 cultum
2990 4505 3100 4560 sint
3126 4502 3325 4559 Judaei.

306 4599 489 4654 δοῦλον
524 4601 1064 4673 παραχωρείσθωσαν
1097 4602 1326 4654 κτᾶσθαι
1367 4601 1711 4669 Χριστιανὸν,
1746 4600 1880 4655 ἀλλὰ
1919 4603 2169 4672 φανερῶς
2191 4602 2329 4655 κατὰ
2360 4601 2454 4672 τὴν
2524 4601 2631 4655 τῶν
2669 4601 2941 4673 Ἐϐραίων
2986 4600 3287 4671 θρησκείαν
3351 4601 3572 4667 ἐπιτρε-

311 4698 603 4752 πέσθωσαν
632 4697 1038 4752 πολιτεύεσθαι.

993 4790 1197 4855 Νόμοι.

394 4880 455 4935 Ὃ
476 4880 533 4935 δὲ
560 4881 722 4949 νόμος
753 4878 948 4949 φησίνο
986 4878 1236 4941 Ἰουδαῖος
1269 4878 1330 4929 τὸ
1375 4877 1547 4929 θέλειν
1578 4873 1718 4929 εἶναι
1751 4877 1885 4944 Χρισ-

312 4974 527 5038 στιανὸς
556 4971 1047 5043 προσποιούμενος,
1071 4972 1141 5032 ὡς
1169 4971 1234 5023 ἂν
1257 4971 1354 5039 τὴν
1388 4969 1507 5022 κατ’
1541 4968 1708 5022 αὐτοῦ
1749 4985 1883 5021 κατ-

292 5067 561 5138 υηγορίαν,
598 5066 632 5137 ἢ
665 5063 764 5133 τήν
789 5063 898 5116 ἀπὸ
926 5062 1120 5133 χρέους
1144 5061 1367 5131 ἀγωγὴν
1421 5060 1782 5131 παραμένων,
1816 5062 1880 5131 τῇ

292 5160 582 5229 -ὶκκλησίᾳ
630 5157 802 5228 φύγῃ,
857 5158 904 5208 εἰ
939 5154 1014 5224 μὴ
1050 5154 1271 5224 ἀποδοίη
1303 5155 1370 5205 τὰ
1404 5151 1621 5222 χρέα,ἢ
1669 5151 1886 5204 ἐλευθε-

314 5252 517 5325 ρωθείη
549 5248 642 5304 τοῦ
672 5249 1042 5318 ἐγκλήματος,
1077 5245 1152 5315 μὴ
1184 5245 1443 5314 δεχέσθω.

400 5340 650 5403 Ἰουδαῖος
683 5337 1008 5410 Χριστιανὸν
1036 5336 1369 5406 ἀνδράποδον
1401 5336 1476 5407 μὴ
1512 5337 1704 5407 ἰχέτω,
1739 5336 1888 5407 μήτε

314 5428 727 5503 κατηχούμενον
771 5426 1170 5499 περιτεμνέτω,
1228 5428 1366 5497 μήτε
1395 5426 1556 5489 ἄλλος
1605 5426 1886 5497 αἱρετικδς

315 5526 476 5579 τοῦτο
506 5536 624 5577 ποις
635 5525 645 5573 ἔ
651 5540 747 5576 τω.

546 5682 549 5687 η
652 5616 901 5671 ΚΕΦΑΛ.
930 5616 1012 5670 Ε’.
1042 5613 1185 5684 Περὶ
1207 5610 1561 5676 βασιλέως..

858 5689 872 5695 ’
1000 5708 1205 5774 Νόμοι.

354 5812 362 5817 ’
394 5798 654 5861 llas-.1523;
692 5800 837 5850 ἐστιν
872 5798 1094 5865 ἔννομος
1132 5797 1446 5865 ἐπιστασία,
1486 5796 1661 5849 κοινὸν
1688 5791 1891 5859 ἀγαθὸν

2690 4782 2870 4852 Leges.

2064 4878 2174 4933 Lex
2229 4888 2411 4934 autem
2469 4874 2898 4932 dicitzludwus
2933 4873 3029 4943 qui
3085 4888 3145 4928 se
3192 4872 3570 4928 Christianum

1991 4984 2115 5023 esse
2141 4970 2274 5024 velle
2300 4984 2409 5038 pra:
2441 4982 2501 5024 se
2533 4968 2736 5031 ferens,
2764 4976 2821 5021 ut
2845 4964 2941 5035 qui
2963 4964 3231 5019 adversus
3256 4978 3318 5018 se
3346 4979 3573 5020 accusa-

1995 5061 2197 5115 tionem
2230 5062 2315 5115 vel
2339 5058 2515 5114 mutui
2543 5057 2815 5111 actionem
2851 5065 3150 5126 exspectet,
3184 5055 3249 5109 ad
3282 5055 3569 5110 ecclesiam

1994 5148 2297 5218 confugiat,
2353 5148 2458 5202 nisi
2500 5145 2742 5201 debitum
2781 5145 2991 5209 reddat,
3025 5144 3111 5199 vel
3152 5158 3211 5200 se
3256 5158 3288 5196 a
3338 5142 3573 5198 crimine

1988 5238 2258 5303 absolvat,
2286 5253 2353 5290 ne
2386 5237 2729 5291 admittatur.

2061 5330 2284 5385 Iudaeus
2305 5328 2679 5383 Christianum
2705 5328 3034 5399 mancipium
3060 5342 3129 5382 ne
3149 5326 3371 5391 habent,
3396 5339 3572 5394 neque

1991 5421 2448 5477 catechumenum
2478 5418 2861 5483 circumcidat,
2905 5432 3084 5488 neque
3110 5416 3252 5472 alius
3282 5414 3572 5469 haereticus

1997 5515 2097 5568 hoc
2124 5511 2305 5567 facere
2345 5519 2659 5582 praesumat.

2515 5605 2666 5660 CAP.
2687 5602 2753 5660 ν.
2784 5604 2867 5661 .De
2907 5619 3039 5673 rege.

2658 5694 2845 5765 Leges.

2076 5789 2182 5843 llex
2239 5799 2339 5853 est,
2389 5788 2625 5859 legitima
2675 5785 3020 5856 przefectura,
3066 5781 3311 5836 omnium
3374 5778 3572 5834 subdi-
