3992 6404
326 396 464 462 1113

1331 390 1733 455 SYNTAGMA
1765 383 2119 447 ALPHABE
2140 372 2500 444 Πευκέ-
2527 377 2596 437 Β.

3462 365 3601 433 illi

319 515 408 567 ὅτε
447 510 657 569 τούτων
689 510 1017 565 καθάπτοιτό
1055 525 1160 573 τις,
1191 508 1336 560 ἐστιν
1363 506 1401 559 ὃ.
1438 504 1591 574 παρά
1632 503 1695 554 τὸ
1733 516 1903 569 προσο

2042 492 2413 564 eprebendere
2457 494 2637 559 potest
2667 486 2987 556 quisquam,
3023 499 3085 538 ea
3131 497 3254 553 quae
3308 495 3415 535 non
3446 480 3605 534 decet

318 605 457 674 ἧκον
482 604 759 675 δρώντων,
789 602 889 656 κᾶν
915 604 993 664 εἰς
1025 601 1185 672 ὓϐριν
1218 600 1401 660 αὐτοῖς
1431 600 1479 650 οἱ
1512 596 1726 664 ἔλεγχοι
1749 594 1898 661 λόγοι

319 690 665 761 λογίςωνται.

1006 802 1214 871 Νόμοι.

404 917 466 970 '0
494 916 587 969 τον
647 914 872 985 βασιλέα
904 913 1140 981 ὑϐρίζων
1181 912 1279 964 οὐκ
1337 909 1501 972 εὐθὺς
1551 908 1900 977 τιμωρεῖται,

327 1010 451 1063 οὗτε
483 1027 535 1061 τι
561 1007 692 1062 ἄλλο
726 1006 964 1077 σκληρὸν
998 1005 1031 1073 ἢ
1061 1003 1233 1074 τραχὺ
1267 1000 1530 1069 ὑπομένει
1555 1015 1569 1029 ’
1599 998 1632 1069 ἢ
1659 1000 1765 1066 γὰρ
1799 996 1907 1050 ἀπὸ

327 1100 672 1169 κουφότητος
722 1093 866 1162 εἶπε,
909 1096 1004 1149 καὶ
1050 1090 1551 1163 περιφρονεῖταιοῆ
1596 1089 1654 1155 ἐξ
1698 1088 1906 1153 ἀνοίας,

330 1190 424 1241 καὶ
473 1189 727 1240 ἐλεείται·
775 1187 809 1258 ἥ
846 1186 921 1249 ὡς
955 1185 1337 1255 ἀδικούμενος,
1378 1183 1471 1233 καὶ
1517 1181 1905 1249 συγχωρεῖται.

330 1279 695 1350 Ἀναφέρεται
721 1278 778 1331 δὲ
797 1280 868 1331 τὰ
897 1295 963 1331 πε
975 1278 1027 1349 pi.
1050 1276 1242 1330 τούτου
1267 1275 1350 1346 τῷ
1374 1276 1605 1346 βασιλεῖ,
1628 1273 1724 1327 καὶ
1748 1271 1909 1334 αὐτὸς

334 1376 397 1425 ἐκ
447 1371 545 1441 τῆς
575 1372 859 1443 ποιότητος
885 1370 980 1424 τοῦ
1023 1368 1321 1441 προσώπου
1368 1369 1564 1440 κρίνει,
1609 1369 1659 1420 εί
1705 1364 1912 1436 ὀφείλει

335 1465 759 1536 συγχωρηθῆναι
792 1465 825 1537 ἦ
868 1464 1271 1536 τιμωρηθῆναι.

413 1557 478 1613 Ὀ
518 1558 844 1612 καθοσίωσιν
878 1557 1239 1627 πλημμελῶν,
1272 1557 1391 1626 ἢτοι
1420 1553 1740 1623 φατριάζων
1773 1551 1916 1605 κατά

336 1650 622 1720 βασιλέως,
662 1649 806 1717 ξίφει
845 1647 1217 1719 τιμωρείσθω.

410 1744 524 1802 Πᾶς
548 1744 575 1792 ὁ
605 1742 876 1811 εὑρίσκων
903 1742 1171 1811 φλυαρίαν
1195 1741 1335 1794 κατὰ
1369 1738 1633 1809 βασιλέως
1660 1739 1718 1789 ἐν
1740 1733 1917 1805 χάρτῃ

335 1836 854 1906 ἐσφραγισμένηνῆ
892 1836 1292 1906 ἀσφράγιστον,
1317 1837 1417 1919 ’καὶ
1452 1834 1527 1905 μὴ
1573 1830 1921 1902 παραχρῆμα
1956 1866 1996 1920 Β

339 1929 531 1993 καίων,
586 1929 722 1980 ἀλλὰ
776 1925 1193 1996 ἀναγινώσκων,
1243 1912 1553 1979 ὑποκείσθω
1581 1914 1921 1993 τιμωρίᾳ,ᾗ

339 2038 450 2076 τινι
480 2020 740 2077 ὑπέκειτο
768 2020 863 2074 καὶ
888 2023 916 2073 ὁ
946 2019 1306 2084 συχτεθεικὼς
1337 2020 1436 2089 τὴν
1471 2016 1764 2087 φλυαρίαν.

445 2221 700 2275 ΚΕΦΛΛ.
733 2216 817 2275 H'.
848 2220 989 2288 Περὶ
1020 2217 1141 2273 τῶν
1176 2217 1285 2272 τοῦ
1313 2216 1507 2286 γάμου
1539 2213 1820 2284 βαθμῶν.

430 2333 590 2387 Ἀλλά
616 2333 726 2404 γὰρ
772 2333 874 2386 οὐκ
913 2333 980 2388 ἄν
1009 2348 1094 2394 τις
1133 2326 1288 2400 οἶμαι
1315 2329 1424 2383 τῶν
1451 2327 1514 2382 εὖ
1582 2324 1928 2397 φρονούντων

343 2428 554 2497 ἀωρίας
603 2427 752 2497 ἡμᾶς
804 2425 1102 2495 γράψαιτο,
1141 2424 1283 2478 κατά
1315 2438 1380 2491 γε
1416 2422 1476 2474 τὸ
1505 2418 1601 2472 νῦν
1629 2417 1927 2482 διεξιόντας

345 2523 445 2575 καὶ
473 2520 541 2573 τά
573 2519 683 2572 τῶν
713 2518 1024 2588 λεγομένων
1057 2515 1152 2570 τοῦ
1192 2516 1375 2584 γάμου
1416 2511 1665 2584 βαθμῶν,
1697 2512 1795 2564 καί¹
1827 2511 1929 2578 τῆς

344 2612 529 2669 αὐτῶν
557 2610 884 2679 συγγενείας
907 2611 1006 2680 τήν
1038 2626 1096 2661 τε
1137 2606 1416 2677 ἐγγύτητα
1448 2607 1543 2658 καὶ
1583 2602 1887 2656 ἀπόστασιν
1910 2615 1925 2629 ”

344 2705 470 2759 ὅθεν
496 2704 562 2774 δὴ
594 2703 704 2755 τῶν
736 2702 1254 2772 συγκεχωρημένων
1282 2699 1329 2751 οξ
1365 2696 1463 2767 τὴν
1504 2693 1743 2748 κώλυσιν
1775 2691 1929 2759 ἔχον-

343 2812 437 2874 τες
474 2795 660 2862 σαφῶς
714 2793 1090 2859 διακρίνονται
1126 2792 1220 2843 καὶ
1256 2789 1595 2858 ἐλέγχονται.
1645 2785 1787 2848 Τοὺς
1832 2785 1930 2854 μέν

344 2886 440 2944 οὖν
471 2888 715 2958 βαθμοὺς
742 2886 851 2940 ἀπὸ
882 2884 1198 2955 μεταφορᾶς
1221 2880 1475 2951 εἰρῆσθαί
1501 2877 1634 2948 φασί
1659 2893 1802 2939 τινες
1821 2876 1930 2928 τῶν

346 2985 443 3054 τῆς
480 2982 750 3054 κλίμακος
804 2976 1162 3049 ἀναϐαθμῶν.
1221 2974 1310 3037 Ὠς
1343 2974 1454 3042 γάρ
1503 2972 1571 3024 δι’
1618 2969 1843 3023 ἐκείνων
1895 2968 1930 3039 ἡ

347 3075 537 3137 ἄνοδος
587 3075 678 3125 καὶ
720 3073 755 3141 ἡ
785 3070 1013 3132 κάθοδος
1067 3068 1301 3135 γίνεται,
1355 3062 1500 3117 οὕτω
1534 3060 1624 3115 διὰ
1675 3059 1784 3112 τῶν
1831 3059 1933 3126 τῆς

348 3166 673 3235 συγγενείας
705 3164 935 3235 βαθμῶν
983 3162 1039 3214 οἵ
1070 3177 1132 3213 τε
1162 3158 1405 3218 ἀνιόντες
1438 3158 1535 3210 καὶ
1563 3156 1611 3208 οἱ
1648 3153 1933 3216 κατιόντες

348 3255 732 3325 εὑρίσκονται·
765 3253 814 3305 oi
851 3251 911 3304 δὲ
956 3249 1033 3321 μὴ
1083 3248 1257 3310 οὕτως
1305 3246 1521 3316 ἔχοντες
1580 3245 1646 3296 ἐκ
1699 3241 1933 3308 πλαγίου

348 3348 736 3418 γνωρίζονται.
770 3344 1099 3414 Προὸαίνειν
1133 3340 1318 3411 μέντοι
1345 3338 1623 3408 πεφύκασι
1656 3335 1801 3390 κατὰ
1836 3335 1935 3405 τὴν

347 3439 457 3492 τῶν
505 3440 817 3507 γεννήσεων
848 3433 999 3498 τάξιν
1026 3449 1039 3462 ο
1072 3432 1313 3502 ἑκάστην
1358 3434 1468 3500 γὰρ
1506 3430 1765 3498 γέννησιν
1801 3426 1934 3498 βαθ-

352 3528 455 3597 μδν
497 3526 785 3580 ἀποτελεῖν
821 3524 922 3586 Eva.
966 3524 1305 3592 νενόμισται.
1342 3522 1563 3578 Τούτων
1609 3522 1659 3574 οἱ
1710 3520 1811 3589 μὲν
1856 3521 1939 3582 είς

352 3620 578 3683 πλάτος,
611 3619 661 3673 οἱ
691 3618 748 3672 δέ
787 3620 863 3680 είς
894 3615 1057 3687 βάθος
1089 3615 1423 3669 ἐκτείνονται
1443 3628 1457 3643 ·
1505 3615 1600 3669 καὶ
1625 3614 1674 3664 οἱ
1711 3613 1811 3680 μὲν
1840 3609 1936 3664 τοῦ

353 3714 594 3776 πλάτους
645 3711 748 3780 τὴν
787 3709 959 3781 αὐτὴν
991 3710 1127 3780 πρὸς
1163 3707 1429 3776 ἀλλήλους
1461 3704 1808 3771 ἀποσώζουσι
1836 3703 1935 3757 τά·

352 3807 458 3873 ξιν.
494 3804 616 3858 Υἱοὶ
647 3802 748 3872 μὲν
788 3801 896 3871 γὰρ
935 3799 1110 3863 ὄντες,
1152 3799 1246 3857 τὸν
1275 3797 1493 3868 πρῶτον
1526 3796 1765 3857 ἆπαντες
1799 3796 1939 3864 πλη-

355 3897 512 3969 ροῦσι
555 3895 799 3966 βαθμόνο
832 3894 1056 3965 ἀδελφοὶ
1087 3891 1165 3956 δὲ,
1211 3890 1349 3963 πρὸς
1384 3888 1650 3957 ἀλλήλους
1683 3887 1772 3940 τὸν
1819 3885 1941 3938 δεύ-

352 4006 535 4060 τερον,
568 3987 674 4041 κᾶν
699 3985 958 4039 ἐπέκεινα
990 3977 1093 4037 ὦσι
1125 3980 1233 4035 τῶν
1256 3981 1388 4037 δέκα
1416 3996 1431 4011 ·
1460 3979 1594 4035 διότι
1618 3980 1744 4042 τοὺς
1771 3995 1942 4049 γαμι-

356 4080 466 4144 κῶς
501 4077 949 4148 συναπτομένους
977 4076 1042 4129 ἐκ
1091 4073 1186 4131 τοῦ
1223 4070 1391 4128 αὐτοῦ
1446 4070 1680 4148 αἵματος
1722 4070 1940 4140 ἀνάγκη

357 4176 512 4229 πᾶσα
566 4171 642 4248 μὴ
677 4170 897 4235 πλείους
950 4166 1094 4222 εἶναι
1148 4163 1258 4220 τῶν
1309 4164 1443 4218 δύο·
1481 4142 1657 4236 ταύτῂ
1708 4180 1792 4216 τοι
1845 4163 1941 4219 καὶ

357 4264 546 4320 τούσδε
596 4262 796 4334 μόνους
835 4262 900 4314 ἐκ
931 4259 1044 4313 τῶν
1073 4256 1320 4326 ἀδελφῶν
1357 4255 1718 4326 θεωροῦντες,
1759 4253 1943 4306 δευτέ-

359 4373 457 4428 ρου
506 4355 688 4427 φαμὲν
740 4348 882 4407 εἶναι
922 4350 1158 4422 βαθμοῦ,
1211 4349 1351 4402 κατά
1380 4347 1480 4418 τὴν
1536 4346 1731 4415 διπλῆν
1758 4344 1941 4400 αὐτῶν

357 4443 576 4505 πάντως
632 4442 923 4510 γέννησινο
952 4437 1217 4500 ὡσαύτως
1270 4439 1320 4491 οἱ
1362 4435 1577 4511 ἀνεψιοὶ
1620 4434 1712 4488 τὸν
1757 4434 1942 4505 τρίτον

2010 588 2299 649 facientes,
2354 582 2574 639 etiamsi
2634 579 2926 636 acerbiora
2986 577 3150 632 verba
3206 576 3274 630 iis
3332 574 3601 645 iniuriosa

2006 681 2322 736 videantur.
2720 659 2739 665 ’

2715 785 2897 855 Leges.

2077 901 2182 968 Qui
2211 915 2394 971 regem
2418 897 2755 968 contumelia
2787 893 2974 959 allicit,
2999 905 3107 946 non
3137 889 3320 944 statim
3355 886 3605 956 punitur,

2009 1005 2105 1049 aut
2142 993 2342 1047 durum
2379 989 2606 1059 aliquod
2657 988 2849 1048 subit;
2902 985 2986 1038 vel
3032 982 3181 1037 enim
3240 994 3350 1048 prm
3390 978 3610 1031 levitate

2012 1088 2231 1140 locutus
2260 1092 2362 1146 est,
2396 1092 2449 1136 et
2489 1079 2902 1140 contemnitur;
2937 1075 3023 1127 vel
3070 1088 3135 1125 ex
3180 1067 3512 1141 ignorantia.
3558 1078 3611 1119 et

2012 1176 2368 1231 miseratione
2399 1174 2600 1242 dignus
2629 1180 2715 1224 est
2743 1188 2758 1235 ;
2794 1169 2877 1222 vel
2924 1173 2983 1219 ut
3015 1164 3220 1234 injuria
3270 1160 3523 1222 aﬂ‘ectus,
3555 1166 3613 1210 et

2014 1269 2386 1325 condonatur.
2422 1264 2547 1318 ll;cc
2604 1272 2790 1316 autem
2842 1256 2911 1312 ad
2959 1271 3138 1325 regem
3187 1252 3523 1320 referuntur,
3560 1258 3616 1302 rt

2016 1362 2136 1431 ipse
2185 1357 2489 1414 secundum
2567 1353 2895 1425 qualitatem
2966 1362 3217 1418 persona:
3266 1343 3481 1414 judicat
3539 1355 3611 1394 an

2016 1451 2219 1506 remitti
2253 1450 2334 1503 vel
2369 1446 2548 1518 puniri
2579 1446 2798 1500 debeat.

2091 1542 2196 1607 Qui
2235 1541 2379 1595 laesae
2420 1537 2726 1607 maiestatis
2774 1534 2857 1590 vel
2882 1528 3291 1603 conjurationis
3333 1540 3463 1581 reus
3504 1534 3610 1591 est,

2020 1634 2202 1703 gladio
2247 1632 2529 1701 puniatur.

2089 1723 2198 1795 45
2234 1722 2496 1790 QuiSquis
2521 1718 2790 1774 invenerit
2827 1717 3096 1769 famosum
3146 1709 3388 1766 libellum
3421 1715 3612 1761 contra

2025 1830 2229 1884 regem,
2263 1815 2318 1867 in
2359 1815 2548 1866 charta
2579 1809 2928 1878 obsignatum
2963 1805 3043 1858 vel
3071 1818 3177 1856 non
3220 1799 3572 1865 obsignatum
3595 1836 3610 1856 ,

2026 1918 2214 1962 etnon
2265 1905 2451 1960 statim
2478 1899 2873 1963 combusserit,
2905 1895 2999 1952 sed
3031 1891 3245 1963 legerit,
3292 1904 3468 1959 poenae
3514 1886 3616 1939 ob-

2006 1980 2229 2054 ἰιοιίυιι
2282 1998 2354 2052 sit
2380 1996 2469 2051 cui
2501 1995 2549 2050 is
2590 1993 2688 2063 qni
2745 1985 2991 2045 libellum
3043 1984 3306 2040 infamem
3372 1976 3619 2035 conscri-

2029 2095 2143 2164 psit

2173 2204 2330 2261 CAP.
2386 2200 2525 2257 Vill.
2568 2199 2640 2252 De
2692 2194 2951 2267 gradibus
2990 2193 3046 2246 in
3102 2190 3473 2244 matrimonio.

2106 2319 2277 2375 Nemo
2320 2334 2417 2372 nos
2451 2313 2823 2373 aceusavcrit,
2874 2308 3094 2380 opinor,
3145 2305 3240 2376 qui
3285 2303 3504 2373 quidem
3533 2315 3622 2356 sa-

2033 2416 2167 2487 piat,
2211 2412 2379 2467 veluti
2443 2424 2556 2463 rem
2609 2405 2846 2460 alienam
2927 2409 3180 2471 agentes,
3236 2398 3284 2453 si
3342 2397 3446 2451 hoc
3500 2394 3624 2450 low

2033 2510 2299 2580 graduum
2335 2499 2702 2563 matrimonii,
2745 2511 2887 2566 quos
2940 2500 3163 2558 vocant,
3191 2502 3246 2546 et
3274 2488 3622 2559 cognationis

2034 2600 2353 2659 eorumdem
2415 2604 2520 2649 tam
2555 2589 3019 2663 propinquitatem
3049 2600 3215 2655 quam
3254 2581 3620 2637 remotionem

2035 2705 2419 2758 exponamus;
2480 2684 2624 2738 unde
2672 2683 2763 2736 fiet
2797 2693 2854 2735 ut
2887 2679 2980 2749 qui
3037 2675 3246 2746 aliquid
3291 2673 3493 2727 habent
3521 2671 3626 2724 im-
3718 2720 3725 2726 ,

2037 2783 2357 2859 pedimenti,
2392 2795 2425 2831 δ
2473 2775 2760 2846 permissis
2794 2773 2941 2826 clare
2999 2767 3236 2823 discerni
3311 2765 3528 2833 possint
3571 2772 3628 2814 et
3696 2788 3703 2795 ί

2038 2856 2393 2947 deprehendi.
2427 2870 2724 2926 Enimvero
2767 2866 2974 2936 gradus
3015 2862 3187 2931 aliqui
3228 2861 3409 2914 dictos
3442 2856 3628 2927 perbi-

2039 2974 2170 3029 bent
2197 2988 2227 3024 a
2254 2966 2615 3024 translatione
2651 2962 2917 3034 graduum
2972 2956 3153 3013 scalae.
3192 2953 3409 3023 Quippe
3458 2951 3626 3006 sicuti

2043 3080 2140 3135 per
2185 3078 2279 3118 eos
2312 3059 2632 3115 ascenditur
2662 3065 2717 3109 et
2769 3050 3143 3107 descenditur.
3181 3049 3253 3101 ita
3298 3060 3392 3102 uer
3424 3043 3628 3113 gradus

1990 3206 2002 3226 ,
2041 3155 2385 3227 cognationis
2434 3160 2545 3206 tam
2589 3147 2954 3204 ascendentes
3012 3156 3176 3212 quam
3232 3137 3630 3193 descendentes

2038 3249 2415 3304 inveniuntur.
2477 3242 2579 3309 Qui
2650 3254 2779 3293 vero
2824 3234 2916 3292 sic
2964 3234 3143 3290 affecti
3190 3247 3300 3284 non
3352 3235 3503 3295 sunt,
3562 3241 3630 3280 ex

2041 3348 2357 3395 transverso
2384 3343 2814 3405 ceguoscuntur.
2847 3329 3119 3384 Caeterum
3140 3322 3344 3394 gradus
3372 3321 3446 3373 ita
3472 3334 3595 3374 com
3612 3347 3630 3361 ο

2039 3435 2215 3507 parati
2254 3442 2408 3495 sunt,
2467 3441 2527 3485 ut
2556 3428 2861 3485 secundum
2898 3422 3149 3478 ordinem
3198 3415 3630 3488 generationum

2042 3528 2366 3598 procedant.
2406 3523 2620 3592 Quippe
2654 3529 2935 3587 receptum
2961 3524 3064 3578 est,
3096 3521 3155 3567 ut
3182 3510 3440 3580 quzelibet
3469 3520 3633 3598 gensb

2042 3622 2184 3678 ratio
2229 3620 2457 3690 gradum
2516 3629 2685 3667 unum
2733 3609 3003 3665 absolvat.
3047 3604 3253 3659 Deinde
3294 3599 3518 3670 quidam
3556 3590 3628 3650 ‘in

2045 3711 2422 3774 latitudinem,
2459 3706 2684 3778 quidam
2717 3705 2973 3757 deorsum
3005 3698 3395 3753 extenduntur.
3437 3693 3540 3760 Qui
3578 3693 3631 3743 in

2042 3805 2430 3865 latitudinem,
2456 3798 2708 3853 eumdem
2749 3796 2891 3849 inter
2918 3808 2976 3847 se
3007 3792 3186 3845 locum
3224 3797 3464 3843 servant.
3496 3784 3632 3838 Nam

2043 3899 2137 3971 qui
2170 3896 2325 3952 liberi
2362 3890 2789 3961 sunt,-primum
2834 3901 3030 3942 omnes
3085 3884 3315 3957 gradum
3357 3879 3633 3947 implent:

2043 3970 2137 4060 qui
2177 3988 2406 4049 fratres,
2461 3982 2703 4040 secundo
2737 3980 2879 4033 inter
2908 3994 2967 4034 se
2997 3979 3165 4047 gradu
3199 3976 3533 4043 junguntur,
3570 3970 3638 4023 li-

2043 4092 2129 4138 cet
2157 4081 2347 4151 plures
2397 4089 2627 4131 numero
2659 4074 2770 4129 sint
2809 4086 2977 4142 quam
3037 4070 3249 4124 decem.
3298 4067 3510 4135 Quippe
3540 4067 3633 4134 qui

2044 4168 2387 4228 matrimonii
2441 4167 2562 4235 lege
2616 4164 2761 4219 inter
2813 4179 2873 4217 se
2925 4161 3258 4230 copulantur
3312 4172 3381 4212 ex
3441 4157 3634 4211 eodem

2044 4261 2335 4334 sanguine,
2383 4258 2611 4313 omnino
2643 4244 3026 4310 necessarium
3061 4258 3146 4305 cst
3185 4258 3246 4304 ut
3273 4249 3459 4319 plures
3491 4246 3632 4301 duo-

2046 4359 2148 4412 bus
2181 4370 2291 4408 non
2325 4352 2457 4409 sint.
2492 4350 2612 4415 Qua
2669 4348 2836 4403 etiam
2871 4346 2938 4402 de
2984 4360 3153 4400 causa
3196 4345 3310 4398 bos
3361 4340 3510 4397 solos
3566 4354 3632 4393 ex

2045 4446 2308 4503 fratribus
2337 4443 2772 4502 considerantes,
2803 4437 3033 4493 secundi
3067 4436 3267 4506 gradus
3296 4449 3420 4489 esse
3489 4431 3631 4486 dici-

356 4536 641 4605 ἐπέχουσι,
689 4536 785 4588 καὶ
836 4532 886 4585 oi
920 4528 1365 4602 πρωτεξάδελφοι
1409 4528 1499 4581 τὸν
1524 4527 1818 4597 πέταρτον,
1848 4525 1933 4578 καὶ

2054 4556 2195 4604 mus,
2234 4537 2462 4592 omnino
2496 4538 2711 4588 ratione
2749 4530 2986 4601 duplicis
3017 4544 3208 4583 eorum
3240 4521 3631 4596 generationis.

356 4629 448 4682 τὸν
482 4629 642 4681 ἕκτον
693 4625 745 4678 οἱ
793 4623 1191 4691 δισεξάδελφοι,
1238 4622 1336 4674 καὶ
1384 4619 1586 4688 ἐφεξῆς
1640 4617 1944 4684 ἀναλόγως.

358 4724 423 4778 Οἱ
450 4723 508 4775 δὲ
540 4721 684 4774 κατὰ
714 4718 879 4790 βάθος
929 4717 992 4769 ού
1014 4717 1217 4777 πάντες
1240 4714 1334 4766 τὸν
1359 4712 1524 4766 αὐτὸν
1556 4710 1768 4782 βαθμὸν
1796 4711 1951 4781 ἔχου-

360 4832 473 4878 σιν,
498 4812 615 4868 ἀλλ’
649 4815 697 4865 οἱ
725 4813 826 4882 μὲν
850 4813 959 4867 υἱοὶ
986 4811 1079 4865 τὸν
1113 4809 1356 4879 πρῶτον,
1390 4810 1439 4862 οἱ
1465 4808 1683 4877 ἔγγονοι
1710 4807 1801 4860 τὸν
1827 4805 1950 4858 δεύ-

358 4924 543 4978 τερον,
598 4909 695 4961 καὶ
745 4904 799 4957 οἱ
851 4904 1155 4972 δισέγγονοι
1197 4902 1293 4954 τὸν
1331 4900 1538 4972 τρίτον,
1589 4901 1685 4952 καὶ
1745 4895 1950 4965 ἐφεξῆς

358 4998 599 5067 ὁμοίως·
637 4996 772 5065 παρ’
796 4993 839 5051 Δὃ
887 4994 983 5047 καὶ
1031 4994 1094 5046 οὐ
1147 4992 1291 5046 κατὰ
1322 4992 1422 5054 τὰς
1470 4989 1736 5059 γενέσεις,
1773 4987 1849 5051 ὥς
1883 5002 1949 5054 γε

360 5089 509 5154 ἔδοξε
538 5088 653 5149 τοῖς
703 5086 1108 5155 ἀρχαιοτέροις,
1156 5082 1292 5137 ἀλλὰ
1323 5081 1467 5135 κατὰ
1508 5081 1608 5150 τὴν
1632 5079 1951 5148 οἰκειότητα

361 5186 457 5237 καὶ
510 5184 610 5254 τὴν
643 5182 739 5236 τοῦ
786 5180 981 5250 γένους
1011 5177 1314 5248 ἐγγύτητα,
1346 5178 1439 5231 καὶ
1485 5176 1586 5246 τὴν
1646 5175 1951 5227 ἀπόστασιν

362 5275 522 5338 αὖθις
550 5275 689 5343 πρὸς
729 5273 830 5345 τὴν
868 5273 1095 5344 πρώτην
1129 5271 1223 5324 τοῦ
1250 5269 1444 5337 γένους
1477 5268 1678 5338 ἀρχὴν,
1728 5265 1951 5319 κάλλιον

363 5371 491 5432 τοὺς
523 5370 766 5441 βαθμοὺς
798 5364 1188 5436 ὀνομάζεσθαι.
1219 5362 1439 5427 Μεταξὺ
1468 5363 1578 5433 γὰρ
1617 5360 1822 5441 πατρὸς
1858 5362 1954 5414 καὶ

366 5463 487 5515 υίοῦ
524 5436 722 5533 ’μυέρά
747 5477 831 5523 τις
857 5458 1138 5520 διάστασις
1169 5474 1182 5488 ·
1221 5456 1453 5509 πάππου
1485 5454 1544 5507 δὲ
1579 5436 1948 5521 καὶέγγόνου,

370 5556 577 5625 μείζων
604 5570 619 5585 ο
652 5552 970 5621 δισεγγόνου
1003 5549 1060 5603 δὲ
1085 5549 1222 5620 πρὸς
1254 5547 1347 5602 τὸν
1372 5545 1559 5611 αὐτὸν,
1595 5545 1677 5598 ἐτι
1709 5543 1947 5614 μείζωνο

368 5647 513 5702 οὕτω
545 5646 789 5718 σχέσεως
815 5643 1004 5714 ἔχουσι
1026 5643 1125 5697 καὶ
1144 5643 1194 5695 οἱ
1227 5641 1294 5695 ἐκ
1335 5639 1591 5710 πλαγίου.

2055 4630 2435 4689 Consimiliter
2489 4627 2724 4681 fratrum
2782 4637 3113 4680 sororumve
3172 4619 3329 4674 liberi
3404 4616 3632 4688 gradum

2052 4741 2178 4795 erga
2219 4734 2441 4793 patruos
2473 4731 2523 4776 et
2570 4716 3147 4789 avunculosﬂertium
3198 4714 3475 4777 obtinent,
3504 4725 3636 4763 con—

2053 4818 2263 4873 sobrini
2293 4826 2550 4885 quartum
2610 4815 2753 4867 inter
2783 4824 2865 4876 se,
2904 4808 3117 4863 sobrini
3144 4814 3386 4868 sextum,
3441 4802 3635 4857 eadem

2054 4910 2109 4964 in
2134 4908 2350 4963 caeteris
2374 4906 2585 4959 ratione
2606 4902 2917 4955 observata.
2951 4897 3055 4962 Qui
3084 4909 3214 4947 vero
3246 4910 3304 4948 se
3348 4892 3636 4961 porrigunt

2053 4999 2311 5054 deorsum
2347 5010 2455 5049 non
2479 5005 2674 5046 omnes
2701 4988 2952 5043 eumdem
2985 4985 3213 5056 gradum
3258 4982 3501 5043 habent;
3538 4980 3635 5033 sed

2056 5094 2152 5147 lilii
2176 5091 2440 5160 primum,
2468 5093 2698 5154 nepotes
2732 5082 2987 5145 alterum,
3025 5086 3360 5148 pronepotes
3388 5075 3634 5138 tertium,

2053 5192 2107 5238 et
2156 5179 2336 5235 caeteri
2388 5175 2768 5232 consimiliter.
2832 5170 3069 5239 Ideoque
3127 5184 3233 5220 non
3317 5164 3627 5219 secundum

2053 5273 2455 5344 generationes,
2525 5268 2601 5322 uti
2639 5265 2840 5337 priscis
2893 5263 3138 5332 placuit,
3206 5261 3299 5317 sed
3337 5260 3637 5314 secundum

2056 5363 2542 5424 necessitudinem,
2567 5368 2622 5415 et
2660 5357 2877 5429 generis
2909 5360 3399 5426 propinquitatem,
3435 5349 3639 5420 gradus

2056 5461 2221 5513 hosce
2245 5452 2521 5510 numerari
2544 5461 2787 5522 praestat.
2816 5448 2949 5504 Nam
2972 5449 3115 5502 inter
3156 5453 3362 5516 patrem
3391 5452 3443 5497 et
3467 5440 3637 5494 lilium

2053 5550 2313 5618 exiguum
2374 5544 2650 5616 quoddam
2721 5541 3071 5597 intervallum
3135 5545 3239 5592 est.
3274 5532 3446 5600 Majas
3500 5530 3641 5584 inter

2056 5657 2215 5697 avum
2248 5651 2326 5715 et.
2350 5646 2624 5707 nepotem.
2656 5636 2803 5689 inter
2835 5650 2995 5688 avum
3033 5642 3089 5686 et
3144 5635 3504 5699 pronepotem
3543 5621 3641 5675 ad-

2058 5735 2165 5787 huc
2221 5731 2422 5799 majus.
2460 5728 2664 5783 Eadem
2714 5727 2767 5780 in
2827 5726 2937 5781 illis
2990 5723 3155 5779 etiam
3210 5720 3424 5775 obtinet
3476 5717 3639 5784 ratio,

2058 5826 2149 5895 qui
2198 5835 2326 5882 sunt
2355 5841 2420 5880 ex
2455 5832 2797 5881 transverso.
