3992 6404
315 378 449 444 ΗΠ

594 496 734 565 Περὶ
774 498 1073 554 ἀνιόντων
1104 502 1203 556 καί
1249 503 1595 559 κατιόντων.

314 680 392 753 μὴ
429 683 488 750 ἐξ
523 684 766 753 ἐννόμων
790 677 902 738 ὦσι
933 686 1155 756 γάμων,
1189 687 1278 741 ἐπ’
1307 688 1539 757 ἄπειρον
1565 689 1891 744 κωλύονται.

304 776 382 833 Οὐ
411 781 521 849 γὰρ
557 773 673 833 οἷόν
705 797 764 833 τε
797 781 889 834 τὸν
931 781 1163 836 πάππον
1187 782 1253 851 τῇ
1291 780 1461 834 αὑτοῦ
1498 781 1699 852 ἐγγόνῃ
1727 797 1894 834 συνα-

304 870 511 941 φθῆναι
538 889 551 902 ο
581 872 816 938 ἄπειρον
846 873 904 927 δέ
943 890 1124 943 φαμεν
1152 873 1297 927 κατὰ
1344 873 1407 927 τὸ
1438 873 1692 940 δυνατὸν,
1732 876 1793 927 ού
1833 876 1896 928 τὸ

305 963 466 1031 φύσει
492 964 721 1037 ἄπειρον
745 983 759 998 ο
797 967 859 1019 οὐ
892 966 1002 1036 γὰρ
1033 967 1284 1021 ἀθάνατα
1324 969 1392 1020 τὰ
1422 968 1578 1039 γένη.

483 1238 623 1306 Περὶ
654 1237 762 1292 τοῦ
786 1238 856 1302 ἐξ
887 1238 1142 1304 αἵματος
1164 1236 1423 1308 ἑϐδόμου
1453 1236 1718 1306 βαθμοῦ.

377 1330 504 1394 Τοῖς
553 1329 610 1382 δὲ
643 1332 707 1382 ὲκ
754 1329 1013 1398 πλαγίου,
1057 1328 1086 1382 ὁ
1115 1330 1303 1396 ὅγῗοος
1357 1330 1547 1399 ἐφίησι
1578 1328 1671 1382 τὸν
1718 1329 1898 1396 γάμον

305 1420 542 1491 βαθμὺς,
574 1420 669 1473 τοῦ
721 1420 764 1484 ζ’
811 1419 1006 1474 τοῦτον
1058 1420 1412 1473 παντάπασιν
1465 1420 1769 1489 εἴργοντος.
1820 1418 1897 1472 Οὐ

305 1515 418 1584 γὰρ
449 1514 676 1566 δύναταί
707 1530 793 1575 τις
822 1513 925 1586 τὴν
963 1514 1060 1570 τοῦ
1087 1512 1478 1583 δισεξαδέλφου
1507 1512 1787 1582 θυγατέρα
1812 1511 1901 1565 λα-

301 1605 420 1660 6εῐν
442 1623 453 1636 ·
489 1607 629 1661 ἀλλὰ
653 1607 929 1678 πρότερον
957 1608 1057 1677 μὲν
1076 1606 1141 1672 τρ
1176 1605 1274 1660 τοῦ
1305 1606 1349 1670 ζ’
1383 1604 1597 1677 βαθμοῦ
1634 1605 1694 1671 ἐξ
1724 1604 1900 1673 αἵμα-

300 1718 417 1766 τος,
443 1700 805 1771 ἐρωτώμενον
839 1699 943 1768 μὲν
970 1697 1269 1761 ἐκωλύετο,
1297 1697 1653 1767 ὁπωσδήποτε
1676 1696 1736 1748 δὲ
1764 1711 1899 1766 προ-

304 1791 492 1845 ϐαῖνον
548 1793 650 1844 ούκ
708 1790 986 1844 ἐκωλύετο
1040 1791 1164 1861 μὲν,
1222 1790 1525 1859 ὲπετιμᾶτο
1574 1787 1652 1851 δὲ,
1694 1786 1782 1838 διὰ
1834 1785 1898 1837 τὸ

1309 392 1727 453 SYNTAGMA
1770 392 2409 453 ALPHABE'HCUM.
2439 419 2507 429 --
2550 393 2612 455 Β.

594 509 734 565 Περὶ
774 509 1073 554 ἀνιόντων
1104 509 1203 556 καὶ
1249 509 1595 559 κατιόντων.
1920 509 1969 567 Α

392 588 534 642 Ἀλλ’
578 590 631 643 οἱ
680 592 780 661 μὲν
815 592 1059 656 ἀνιόντες
1091 595 1229 664 πρὸς
1277 596 1405 658 τοὺς
1448 595 1759 661 κατιόντας,
1790 598 1895 650 κᾶν

3434 390 3572 461 1118

2212 499 2289 552 De
2331 502 2733 555 ascendentibus
2785 510 2835 555 et
2882 501 3342 559 descendentibus.

2074 594 2371 647 Enimvero
2420 595 2783 649 ascendentes
2822 608 2854 646 a
2897 593 3387 658 descendentibus,
3446 594 3579 651 licet

1997 702 2065 739 ex
2097 685 2359 756 legitimis
2392 700 2503 740 non
2537 685 2652 739 nati
2685 685 2795 740 sint
2830 686 3061 757 nuptiis,
3092 685 3148 740 in
3188 686 3460 740 inﬁnitum
3493 701 3581 740 ar—

1996 779 2212 831 centur.
2240 775 2359 831 Non
2390 777 2538 830 enim
2581 777 2695 831 ﬁeri
2754 788 2953 847 potest,
2993 786 3053 831 ut
3078 791 3216 833 avus
3259 793 3384 832 cum
3418 789 3581 845 nepte

1994 885 2098 926 sua
2130 871 2470 925 matrimonii
2522 871 2641 941 lege
2679 871 2993 938 c0pnletnr.
3026 870 3303 924 Inﬁnitum
3335 884 3463 923 vero
3494 868 3582 922 di-

1998 961 2175 1017 cimus
2205 963 2325 1030 ejus
2358 964 2589 1028 ratione,
2635 963 2781 1033 quod
2812 963 2926 1018 ﬁeri
2979 971 3177 1032 potest,
3232 977 3337 1015 non
3395 961 3586 1015 inﬁnio

1999 1062 2113 1107 tum
2178 1063 2396 1110 natura.
2464 1055 2676 1125 Quippe
2723 1070 2926 1125 genera
3006 1070 3119 1108 non
3179 1064 3313 1110 sunt
3352 1054 3586 1107 immor-

1999 1145 2149 1199 talia.

2249 1239 2323 1290 De
2351 1251 2522 1306 gradu
2553 1239 2780 1307 septimo
2816 1240 3331 1310 consanguinitatis.

2066 1328 2139 1384 lis
2165 1329 2260 1398 qui
2286 1338 2413 1383 sunt
2451 1345 2517 1384 ex
2548 1341 2864 1384 transverso
2900 1332 3102 1399 gradus
3139 1341 3366 1386 octavus
3398 1329 3589 1385 matri-

1999 1419 2243 1473 monium
2318 1421 2603 1489 permittit,
2641 1437 2763 1475 cum
2808 1410 3075 1491 septimus
3137 1423 3207 1477 ab
3260 1438 3326 1477 eo
3355 1438 3591 1492 prorsus

1998 1521 2202 1566 arceat.
2238 1510 2451 1582 Quippe
2506 1530 2615 1568 non
2674 1522 2852 1582 potest
2891 1515 3089 1584 aliquis
3143 1516 3355 1571 soln'ini
3420 1514 3586 1570 ﬁliam

2000 1618 2228 1659 uxorem
2281 1607 2504 1660 ducere.
2550 1606 2822 1661 Caeterum
2879 1617 3042 1662 antea
3093 1608 3297 1679 gradus
3345 1621 3586 1662 consan-

2000 1695 2290 1764 guinitatis
2338 1699 2628 1767 septimus,
2662 1699 2707 1752 si
2745 1699 2812 1753 de
2841 1714 2908 1753 eo
2941 1701 3355 1765 consuleretur,
3390 1700 3586 1768 probi-

1999 1785 2237 1840 bcbatur
2289 1788 2382 1841 ille
2411 1788 2674 1856 quidem;
2746 1790 2841 1845 sed
2867 1790 2913 1844 si
2946 1806 3053 1860 quo
3091 1789 3255 1844 modo
3322 1804 3411 1844 res
3444 1800 3585 1844 esset

304 1883 658 1954 σιωπηθῆναι
692 1881 774 1953 τῷ
803 1882 975 1953 νόμῳ,
1005 1882 1170 1952 μέχρι
1193 1880 1290 1934 τοῦ
1326 1885 1381 1945 ς’
1417 1878 1682 1932 κωλύοντι
1710 1877 1896 1945 μόνον.

2018 1887 2147 1945 tota,
2180 1896 2285 1934 non
2319 1881 2738 1950 prohibebatur,
2772 1898 2936 1952 poena
2966 1893 3148 1938 tamen
3187 1882 3542 1952 irrogabatur
3570 1899 3585 1948 ;

304 1976 470 2046 idque
525 1986 812 2047 prepterea
851 1975 1001 2046 quod
1035 1975 1286 2046 ,silentio
1315 1973 1402 2029 lex
1435 1972 1487 2026 id
1522 1970 1870 2041 pra'terierit,
1912 1986 2039 2042 quae
2092 1973 2367 2028 duntaxat
2420 1972 2490 2028 ad
2547 1982 2764 2029 sextum
2833 1988 3035 2044 ,usque
3108 1973 3342 2045 gradum

306 2069 479 2125 hibet.

934 2233 943 2241 _
984 2162 1204 2231 Νόμος.

377 2251 520 2319 Φησὶ
550 2254 659 2323 γάρ
686 2270 701 2285 ·
745 2254 858 2324 Τὴν
893 2254 988 2307 τοῦ
1016 2252 1251 2324 ἁδελφοῦ
1301 2270 1425 2323 μου,
1460 2254 1492 2322 ἢ
1528 2251 1628 2322 τῆς
1655 2249 1897 2320 ἀδελφῆς

310 2360 418 2414 μου
468 2343 750 2413 θυγατέρα
780 2345 1088 2414 λαμδάνειν
1128 2347 1210 2407 είς
1232 2345 1412 2414 γάμον
1442 2344 1504 2396 οὐ
1560 2343 1740 2412 θέμις,
1773 2340 1895 2394 οὐδὲ

309 2436 410 2506 τὴν
437 2436 647 2491 τούτων
682 2438 935 2510 ὲγγόνην,
971 2439 1237 2507 τετάρτου
1288 2436 1458 2491 οὖσαν
1491 2435 1700 2507 βαθμοῦ
1729 2451 1743 2466 ·
1773 2431 1895 2484 οὐδὲ

309 2530 411 2599 τὴν
449 2531 726 2603 θυγατέρα
775 2533 871 2584 τοῦ
920 2532 1091 2594 θείου,
1124 2532 1294 2601 ἤγουν
1340 2530 1642 2598 ἐξαδέὶφην
1667 2543 1681 2555 ⁸
1718 2524 1838 2577 οὐδὲ
1869 2525 1897 2576 ὁ

313 2624 429 2685 υἱός
463 2641 566 2695 μου
599 2625 699 2696 τὴν
723 2624 956 2697 ἐγγόνην
991 2625 1193 2687 αὐτῶν,
1220 2624 1419 2686 οἵτινες
1444 2623 1694 2689 λέγονται
1718 2616 1895 2682 διο-εξ·-

313 2715 553 2783 ἁδελφοι.

400 2810 554 2863 Ἐπεὶ
588 2809 646 2863 δέ
693 2827 840 2873 τινες
886 2807 966 2879 τῷ
1014 2808 1174 2880 βάρει
1222 2808 1332 2862 τῶν
1376 2805 1671 2874 ἐπιτιμίων
1711 2801 1898 2872 κρύφα

313 2906 444 2967 τοὺς
473 2902 755 2965 τοιούτους
782 2902 1078 2956 ἐπετέλουν
1106 2903 1340 2971 γάμους,
1367 2896 1638 2967 ἀνηνέχθη
1668 2894 1739 2946 τὰ
1768 2893 1902 2961 περὶ

298 2986 510 3063 ’τούτου
539 3000 604 3067 τῇ
641 2997 867 3067 συνόδῳ,
903 2997 1093 3051 Λουκᾶ
1121 2995 1214 3048 τοῦ
1257 2992 1402 3047 θείου
1432 2991 1523 3044 τὸν
1565 3003 1901 3058 πατριαρχιο

316 3090 415 3143 xiv
470 3087 746 3152 ίθύνοντος
787 3088 1011 3157 θρόνον,
1053 3087 1148 3142 κοιλ⁸
1210 3085 1272 3153 ἐξ
1325 3083 1537 3137 ἐκείνου
1594 3079 1764 3150 ὥρισε
1804 3079 1903 3130 καὶ

313 3181 546 3252 ἔστησεν
578 3182 610 3251 ἡ
641 3180 773 3247 ἁγία
813 3178 1054 3244 σύνοδος,
1087 3176 1332 3249 μηδόλως
1361 3175 1452 3227 τὸν
1492 3171 1735 3226 τοιοῦτον
1765 3184 1895 3238 προ-

315 3273 502 3325 σαίνεν
536 3272 570 3345 ἢ
606 3271 862 3325 ἵστασθαι
893 3270 1093 3341 γάμον,
1128 3268 1246 3324 ἀλλ’
1274 3263 1633 3339 ἐρωτώμενον
1670 3262 1770 3332 μὲν
1797 3276 1904 3312 κω-

312 3366 566 3429 λύεσθαι,
623 3365 990 3434 προῦαίνοντα
1070 3363 1126 3416 δὲ
1181 3360 1553 3421 διασπᾶσθαι,
1622 3356 1717 3408 καὶ
1776 3351 1907 3414 τοὺς

315 3460 637 3526 ’πράξαντας
694 3454 1097 3526 ἀφορίζεσθαι,
1159 3456 1254 3506 καὶ
1324 3451 1419 3504 τὸν
1478 3447 1905 3517 ίερολογήσαντα

318 3553 495 3623 ίερέα,
528 3554 576 3605 εί
612 3551 688 3621 μὴ
724 3548 918 3618 ἀγνοίᾳ
964 3547 1199 3615 ὲκλάπη,
1229 3541 1637 3610 καθαιρεῖσθαι.
1671 3534 1906 3591 Ἐπεκύ-

322 3662 466 3713 prosa
495 3642 552 3696 δὲ
583 3643 684 3713 τὴν
713 3642 998 3710 συνοδικὴν
1034 3638 1241 3707 ταύτην
1272 3634 1476 3706 πρᾶξιν
1504 3634 1597 3685 καὶ
1626 3631 1905 3698 θέσπισμα

317 3735 412 3790 τοῦ
440 3737 498 3787 ὲν
541 3733 856 3806 βασιλεῦσιν
891 3732 1136 3801 ἀοιδίμου
1165 3729 1431 3799 Μανουὴλ
1474 3727 1570 3780 τοῦ
1621 3726 1905 3798 Πορφυρο-

318 3830 605 3898 γεννήτου.
644 3826 831 3897 Ταύτῃ
875 3841 958 3878 τοι
987 3823 1081 3878 καὶ
1130 3822 1234 3876 οὑκ
1267 3819 1481 3889 ἐφεῖται
1515 3835 1624 3871 τινι
1673 3816 1775 3887 τὴν
1809 3812 1905 3867 τοῦ

318 3921 708 3989 δισεξαδέλφου
739 3917 909 3971 αὑτοῦ
951 3918 1235 3986 θυγατέρα
1265 3914 1472 3976 λαὸεἶν,
1520 3909 1751 3979 ἀνεψιὰν
1785 3907 1910 3961 τού-

321 4031 417 4067 του
447 4014 822 4082 τυγχάνουσαν
847 4026 860 4040 ’
890 4011 950 4064 τὸ
982 4010 1090 4078 γὰρ
1123 4006 1285 4074 φύσει
1316 4005 1546 4068 δίκαιον,
1576 4004 1670 4055 καὶ
1709 4001 1912 4071 εὐπρε-

324 4104 443 4165 πὲς,
479 4106 575 4156 καὶ
613 4102 833 4171 σεμνὸν,
870 4099 1063 4168 ὥσπερ
1093 4098 1214 4151 τινὰ
1243 4097 1485 4169 χαλινὸν,
1515 4096 1545 4146 ὁ
1582 4093 1746 4164 νόμος
1792 4093 1909 4153 τοῖς

322 4197 390 4263 γά
401 4212 525 4264 μοις
557 4193 850 4265 ἐπέθηκεν.

602 4374 741 4441 Περὶ
777 4373 884 4428 τοῦ
914 4378 966 4439 η’
991 4372 1234 4441 ,βαθμοῦ
1263 4371 1331 4433 ἐξ
1363 4370 1634 4438 αἵματος.

398 4473 492 4535 Εἲς
524 4488 588 4540 γε
628 4470 734 4540 μὴν
759 4467 925 4537 mnf
955 4466 1163 4536 βαθμὸν
1196 4464 1507 4534 προόαίνων
1535 4463 1563 4514 ὁ
1596 4464 1655 4527 tg
1679 4460 1911 4529 αἵματος

326 4566 503 4636 γάμος
563 4561 1025 4631 συγκεχώρηταιο
1073 4557 1173 4628 τὴν
1220 4559 1330 4627 γὰρ
1395 4553 1841 4627 τρισεξαδέλφην,
1873 4550 1907 4620 ἢ
1943 4599 1988 4655 D

325 4660 425 4728 τὴν
454 4657 689 4725 ἑγγὸνην
712 4653 807 4707 τοῦ
838 4651 1225 4718 δισεξαδέλφου
1259 4647 1583 4718 λαμϐάνειν,
1617 4645 1725 4698 οὐδ’
1751 4646 1908 4714 ἠντιο

326 4747 491 4801 ναοῦν
523 4746 637 4817 ἔχει
674 4742 938 4798 κώλυσιν.
980 4739 1257 4794 ιΙλατῦναι
1288 4739 1397 4809 γὰρ
1424 4738 1473 4789 οἱ
1517 4735 1789 4788 πολιτικοὶ
1820 4733 1910 4785 νό-

332 4855 426 4909 μοι
472 4839 574 4906 τὴν
623 4836 733 4889 τῶν
767 4834 1028 4905 ὑπηκόων
1065 4830 1378 4901 βουλόμενοι
1427 4827 1782 4897 γνησιότητα,
1815 4824 1911 4876 καὶ

334 4933 409 5002 μὴ
445 4932 578 5000 περὶ
610 4929 780 4999 μόνην
819 4922 1229 4996 περικλείεςθαι
1270 4921 1370 4990 τὴν
1406 4919 1751 4986 συγγένειαν,
1783 4915 1910 4980 τοὺς

336 5024 541 5095 μεταξὺ
574 5024 684 5075 τῶν
716 5024 780 5074 ὲκ
825 5017 1060 5087 πλαγίου
1092 5013 1427 5070 διεκώλυσαν
1473 5016 1706 5080 γάμους,
1738 5009 1815 5073 ὡς
1847 5008 1913 5061 ἂν

332 5119 446 5179 τοῖς
476 5115 676 5180 ἔξωθεν
704 5112 807 5181 τῆς
841 5108 1047 5164 ἑαυτῶν
1067 5102 1389 5173 συγγενείας
1419 5102 1479 5168 ἐξ
1515 5099 1765 5167 ἀνάγκης
1789 5113 1915 5150 συν-

334 5208 658 5277 απτόμεναι,
685 5203 787 5274 τὴν
822 5199 957 5271 πρὸς
984 5195 1185 5258 αὐτοὺς
1222 5195 1404 5265 σχοῖεν
1453 5190 1791 5261 γνησιότητα
1820 5188 1916 5241 καὶ

335 5298 574 5353 εὔνοιαν.
1318 5342 1337 5348 -

552 5387 694 5456 Περι
724 5384 845 5440 τῶν
869 5384 938 5438 ἐκ
966 5381 1254 5451 πορνείας
1286 5376 1701 5451 γεννωμένων.

411 5483 484 5538 To
511 5484 568 5537 δὲ
599 5484 666 5535 ὲκ
710 5476 970 5552 πορνείας
1000 5476 1100 5529 ούκ
1148 5473 1264 5544 ἔχει
1293 5472 1440 5528 ἆπαν
1485 5471 1657 5531 ὄνομα
1686 5466 1765 5532 ἓν,
1797 5462 1917 5519 ἀλλ’

337 5576 741 5646 ύποδιαιρεῖται
791 5571 886 5624 καὶ
934 5568 1116 5624 τοῦτο.
1148 5568 1211 5621 El
1262 5566 1363 5637 μὲν
1403 5566 1512 5636 γὰρ
1557 5565 1621 5616 ὲκ
1654 5559 1916 5629 γυναικὸς

339 5667 701 5736 συνοικούσης
729 5663 836 5717 τινὶ
883 5660 1136 5732 φανερῶς
1177 5658 1276 5712 καὶ
1322 5657 1497 5711 διόλου
1529 5654 1719 5724 γέγονε
1751 5655 1914 5718 παῖς,

341 5760 574 5836 φυσικὸς
604 5752 761 5821 οὗτος
808 5754 1157 5825 ὀνομάζεται,
1193 5752 1290 5805 καὶ
1322 5751 1436 5820 ἔχει
1471 5749 1733 5819 δευτέραν
1761 5745 1917 5811 τάξιν

346 5861 423 5924 ὡς
453 5853 587 5927 πρὸς
612 5852 670 5907 τὸ
706 5850 866 5920 φύσει
895 5848 1142 5919 νόμιμον,
1181 5846 1272 5901 καὶ
1304 5845 1638 5918 προτιμᾶται
1680 5846 1756 5908 εἰς
1790 5842 1920 5913 7.7.1;-
1962 5914 1983 5922 ~

3456 1985 3582 2045 pro-

2741 2151 2871 2206 Lex.

2077 2247 2238 2320 Legis
2266 2248 2384 2304 haec
2430 2249 2592 2304 verba
2627 2260 2792 2304 sunt:
2827 2247 3040 2304 Fratris
3085 2248 3215 2312 mei,
3256 2246 3343 2301 vel
3383 2243 3592 2302 sororis

2006 2354 2140 2395 meae
2177 2340 2344 2393 tiliam
2385 2353 2611 2393 uxorem
2663 2337 2867 2392 ducere
2922 2335 3006 2390 fas
3047 2350 3158 2391 non
3198 2342 3317 2398 est;
3348 2347 3450 2387 nec
3485 2331 3591 2385 ho.

2005 2448 2126 2488 rum
2163 2440 2401 2500 neptem,
2431 2445 2553 2501 quae
2588 2432 2759 2501 gradu
2794 2438 2994 2498 quarto
3019 2438 3118 2483 est.
3167 2427 3281 2480 Nec
3332 2427 3461 2479 item
3494 2437 3594 2493 pa-

2006 2526 2109 2579 trui
2142 2524 2330 2586 ﬁliam,
2361 2537 2480 2593 quae
2509 2522 2835 2578 cmisobrina
2870 2529 2992 2583 est;
3030 2534 3206 2587 neque
3234 2518 3384 2572 ﬁlius
3437 2529 3593 2570 meus

2003 2629 2196 2671 eorum
2228 2624 2443 2683 neptem
2475 2612 2647 2678 ducit,
2677 2612 2769 2681 qui
2793 2612 3001 2666 sobrini
3033 2611 3311 2664 dicuntur.

2077 2794 2185 2850 Sed
2219 2793 2350 2862 quia
2376 2791 2631 2846 nonnulli
2662 2799 2889 2859 propter
2916 2787 3241 2858 gravitatem
3294 2796 3585 2854 pinnarum

2003 2887 2145 2943 clam
2175 2884 2489 2954 huiusmodi
2536 2885 2763 2952 nuptias
2810 2878 3236 2942 contrahebant,
3277 2877 3447 2931 relata
3500 2889 3590 2929 res

2002 2990 2088 3035 est
2113 2981 2179 3034 ad
2204 2995 2327 3050 syn.
2354 2992 2464 3047 quo
2497 2986 2741 3044 tempore
2772 2974 2993 3028 divinus
3016 2971 3104 3025 ille
3132 2970 3313 3024 Lucas
3350 2966 3591 3038 patriar-

2006 3072 2217 3127 cbalem
2278 3071 2535 3124 thronum
2570 3066 2812 3138 regebat,
2846 3079 2912 3119 ac
2957 3064 3216 3132 deinceps
3242 3058 3495 3114 deﬁnivit
3537 3064 3595 3111 et

2009 3165 2206 3220 statuit
2233 3171 2426 3218 sancta
2461 3160 2727 3232 synodus,
2771 3172 3123 3227 nequaquam
3179 3151 3451 3225 ejusmodi
3481 3165 3591 3204 nu-

2007 3259 2152 3331 ptias
2181 3259 2382 3313 debere
2410 3256 2708 3328 procedere
2736 3252 2820 3307 vel
2849 3251 3176 3313 consistere,
3210 3246 3309 3301 sed
3335 3244 3382 3299 si
3415 3243 3485 3298 de
3517 3241 3590 3296 iis

2007 3352 2350 3414 consulatur,
2386 3347 2762 3419 prohibendus
2792 3359 2937 3408 esse;
2972 3342 3056 3397 sin
3088 3338 3388 3410 procedant
3415 3378 3430 3399 ,
3457 3335 3594 3390 diri—

2007 3447 2275 3511 mendas;
2314 3455 2370 3500 et
2401 3443 2771 3513 segregandos
2802 3438 2894 3508 qui
2934 3433 3362 3497 contraxerint,
3406 3446 3473 3486 ac
3497 3445 3592 3484 sa-

2008 3539 2310 3602 eerdmem,
2345 3538 2438 3606 qui
2476 3536 2735 3605 precibus
2768 3532 2946 3586 sacris
2978 3527 3236 3590 initiarit,
3301 3525 3403 3578 nisi
3445 3521 3592 3576 forte

2006 3646 2105 3701 per
2164 3626 2531 3698 ignorantiam
2582 3631 2870 3691 surreptus
2928 3617 3119 3680 fuerit,
3184 3613 3591 3684 deponendum.

2008 3726 2189 3790 Atque
2210 3724 2352 3774 hanc
2375 3732 2487 3773 rem
2507 3723 2685 3770 actam
2709 3712 2765 3766 in
2789 3726 2907 3782 syn.
2927 3706 3276 3765 conﬁrmavit
3293 3703 3398 3776 47
3423 3702 3591 3757 etiam

2010 3809 2339 3867 constitutio
2386 3807 2522 3862 clari
2552 3804 2697 3858 inter
2735 3803 3103 3871 imperatores
3132 3795 3403 3850 Manuelis
3440 3792 3591 3846 illius

2011 3903 2066 3957 in
2103 3901 2384 3973 porphyra
2417 3896 2566 3951 rnati.
2600 3893 2757 3949 Hanc
2787 3893 2858 3947 ob
2893 3904 3120 3947 causam
3179 3902 3286 3942 non
3316 3885 3597 3955 permitti-

2010 4005 2122 4059 tur,
2156 4002 2217 4048 ut
2244 3993 2370 4062 quis
2418 3986 2742 4044 consobrini
2778 3986 2861 4039 sui
2907 3984 3075 4038 ﬁliam
3117 3982 3282 4035 ducat
3341 3990 3593 4040 uxorem,

2012 4105 2136 4160 qua:
2175 4086 2277 4156 ipsi
2306 4086 2430 4139 loco
2458 4081 2694 4137 sobrina:
2724 4087 2830 4133 est.
2860 4077 3075 4146 Quippe
3105 4073 3360 4127 naturale
3390 4072 3484 4140 jus
3529 4078 3586 4124 et

2014 4184 2382 4243 honestatem,
2419 4185 2475 4231 et
2509 4174 2798 4244 pudorem,
2833 4170 2990 4241 quasi
3026 4169 3240 4223 frenum
3289 4164 3590 4235 quoddam,

2015 4274 2223 4345 nuptiis
2260 4272 2346 4326 lex
2392 4267 2675 4337 imposuit.

2283 4360 2359 4414 De
2396 4358 2567 4429 gradu
2594 4354 3075 4425 consanguinitatis
3106 4360 3308 4404 octavo.

2086 4456 2325 4526 Nuptiae,
2365 4470 2487 4524 quat
2510 4453 2653 4507 inter
2683 4450 3125 4518 coasanguineos
3173 4444 3596 4503 contrahuntur,

2016 4552 2060 4606 si
2095 4550 2162 4603 ad
2206 4556 2460 4603 octavum
2506 4560 2678 4614 usque
2707 4544 2935 4614 gradum
2967 4539 3285 4611 procedant,
3317 4532 3597 4605 permissa:

2018 4653 2172 4700 sunt.
2202 4641 2416 4710 Quippe
2450 4639 2561 4693 nati
2591 4612 2660 4693 ex
2695 4612 2922 4692 sobrino
2959 4634 3121 4688 ﬁliam
3147 4631 3228 4684 vel
3259 4612 3473 4699 neptuni
3508 4641 3598 4680 so-

2018 4735 2162 4792 brini
2217 4734 2418 4789 ducere
2462 4731 2611 4787 nullo
2660 4730 2823 4784 modo
2854 4727 2978 4798 quis
3026 4723 3364 4794 prohibetur.
3430 4719 3602 4789 chcs

2020 4842 2151 4884 vero
2181 4827 2369 4881 civiles
2417 4823 2675 4894 legitima:
2711 4820 2882 4890 prolis
2932 4814 3370 4886 procreationem
3417 4812 3602 4877 subje-

2020 4924 2125 4978 ctis
2154 4922 2385 4999 dilatare
2412 4918 2680 4977 volentes,
2715 4926 2947 4980 eamque
2982 4909 3099 4963 sola
3132 4905 3457 4974 cognatione
3491 4917 3598 4956 non

2021 4997 2502 5073 circttntsctibere,
2569 5004 2790 5074 nuptias
2859 5001 3003 5054 inter
3040 5013 3133 5051 eos
3187 4997 3469 5065 qui,sunt
3529 5009 3594 5048 cx

2026 5118 2345 5162 transverso
2405 5099 2842 5170 prohibuerunt,
2884 5104 2944 5147 ut
2985 5091 3055 5146 iis
3092 5090 3182 5160 qui
3216 5098 3371 5143 extra
3405 5102 3597 5140 eorum

2022 5192 2405 5266 cognationem
2444 5188 2573 5251 sint,
2629 5183 2940 5239 necessario
2992 5180 3294 5250 conjuncti,
3361 5179 3505 5232 inter
3539 5192 3601 5231 se

2024 5287 2257 5345 invicem
2287 5295 2603 5355 germanam
2635 5276 3071 5333 benevolentiam
3112 5275 3374 5329 colerent.

2540 5373 2618 5426 De
2658 5369 2812 5441 vulgo
2847 5368 3107 5440 qutcsitis.

2097 5467 2274 5539 Vulgo
2304 5465 2522 5536 quaesiti
2560 5479 2666 5521 non
2718 5463 2861 5517 idem
2910 5475 3104 5516 omnes
3144 5472 3341 5511 nomen
3377 5455 3602 5518 habent,

2027 5563 2122 5620 sed
2151 5560 2600 5617 subdividuntur.
2626 5555 2766 5612 Nam
2811 5554 2856 5609 si
2890 5554 2977 5607 cui
3018 5551 3299 5607 mulierem
3324 5550 3375 5603 in
3405 5558 3607 5603 contu-

2026 5657 2218 5735 bernio
2266 5651 2488 5708 habenti
2546 5651 2725 5720 palam
2769 5657 2931 5702 natus
2990 5646 3063 5702 sit
3105 5644 3288 5706 ﬁlius,
3340 5639 3608 5696 naturalis

2027 5732 2281 5813 vocatur,
2336 5754 2392 5802 et
2444 5745 2744 5800 secundum
2798 5742 2978 5797 lacum
3012 5739 3223 5796 obtinet
3280 5735 3348 5790 ab
3395 5748 3462 5788 eo
3508 5732 3606 5802 qui

2027 5852 2224 5901 natura
2270 5838 2542 5912 legitimus
2574 5845 2678 5904 cst,
2712 5845 2764 5892 ct
2799 5834 2852 5891 in
2906 5831 3260 5891 successione
3319 5824 3609 5905 praefertur
