3992 6432
450 389 507 453 tl
528 391 591 453 19
1651 380 2021 441 MATTHA‘II
2063 378 2487 439 BLAS'I‘ARIS
3559 376 3673 439 1120

449 500 614 554 ιιιῑειιιι
671 495 1119 561 ascendentibus,
1153 493 1350 550 nedum
1407 508 1472 547 ex
1527 500 1845 547 transverso
1893 506 2025 544 con-

2137 491 2401 561 ρονομίαν
2424 492 2522 545 καὶ
2556 489 2675 544 τῶν
2704 489 2990 553 ἀνιόντων,
3028 488 3129 558 οὐχ
3159 487 3307 549 ὅπως
3347 486 3455 540 τῶν
3478 489 3539 541 ὲκ
3563 489 3677 543 πλα-

448 594 676 648 stitutis.
714 589 809 644 Sin
854 587 1176 644 manifestus
1222 586 1436 657 quidem
1465 595 1571 649 est,
1610 599 1717 639 non
1751 593 1933 638 tamen
1958 598 2026 637 ex

2130 583 2277 652 γίου.
2312 584 2375 636 Et
2402 584 2461 637 δὲ
2488 582 2724 653 φανερὸς
2768 582 2871 651 μέν
2902 583 3077 647 ἐστιν,
3109 580 3171 633 ού
3215 581 3400 651 μέντοι
3429 580 3491 632 ὲκ
3523 596 3678 633 συνοι-

455 687 684 738 muliere
722 693 883 738 natus
942 698 1065 751 qua:
1113 680 1167 734 in
1208 662 1570 734 contubernio
1620 676 1719 730 viri
1754 675 1871 742 sit,
1923 690 2026 729 no-

2132 678 2336 746 κούσης
2370 676 2449 748 τῷ
2503 678 2656 748 ἀνδρὶ
2709 676 2998 745 γυναικὸς,
3045 676 3377 746 ὀνομάζεται
3438 673 3680 737 νόθοςέῑ

447 778 572 830 thus
620 776 736 830 sive
788 774 1010 844 spurius
1065 773 1390 842 appellatur.
1429 768 1527 823 Sin
1585 768 1812 822 omnino
1845 766 2026 819 incer-

2130 769 2189 821 δὲ
2247 769 2529 832 παντελῶς
2573 768 2810 839 ἀφανὴς,
2855 768 3075 837 λέγεται
3132 768 3371 830 σκότιος,
3415 763 3488 828 ῶς
3539 782 3681 834 φησιν

448 877 535 920 tus
566 878 619 921 et
644 868 934 931 obscurus,
988 864 1315 919 tenebrosus
1365 861 1589 927 dicitur,
1637 859 1720 915 uti
1767 873 1894 913 cum
1927 856 2033 910 llo-

446 974 634 1014 mcrus
706 960 785 1011 ait
819 975 833 1010 :

657 1053 832 1104 Mater
861 1050 1060 1119 peperit
1103 1050 1455 1103 tenebrosum.

448 1142 527 1196 Ac
569 1142 635 1195 de
686 1143 790 1195 boc
840 1140 1059 1209 quidem
1091 1140 1277 1194 nullus
1330 1141 1488 1193 nobis
1543 1148 1628 1193 est
1659 1151 1864 1192 sermo.
1917 1131 2030 1189 Nec

451 1232 600 1285 enim
657 1232 742 1286 vel
805 1231 1021 1285 ratione
1069 1239 1454 1285 contractuum
1516 1227 2027 1289 matrimonialium,

449 1322 535 1374 vel
611 1321 1029 1386 successionis,
1129 1321 1301 1375 ullum
1376 1322 1431 1375 in
1486 1321 1685 1376 talibus
1767 1326 1853 1374 est
1923 1316 2030 1372 du-

450 1406 625 1460 bium.

1179 1497 1308 1553 Lex.

525 1587 697 1642 Etiam
732 1589 815 1643 lex
865 1589 943 1644 ait
977 1609 992 1646 :
1036 1589 1206 1661 Vulgo
1238 1593 1527 1661 quaesitam
1582 1604 1828 1646 sororem
1867 1607 2039 1647 nemo

450 1678 600 1733 ducit
631 1696 880 1735 uxorem.
917 1680 1073 1748 Item,
1109 1684 1212 1750 Qui
1241 1693 1520 1738 scortatus
1562 1693 1646 1736 est
1676 1683 1861 1753 aliqua
1900 1699 2028 1738 cum

448 1770 699 1847 muliere,
733 1774 1005 1842 siquidem
1053 1777 1316 1829 scortaiio
1359 1776 1649 1829 manifesta
1701 1784 1804 1839 est,
1837 1783 1896 1829 ut
1922 1790 2030 1829 no-

2135 862 2406 932 Ὅμηρος.

2484 1042 2735 1095 Σκότιον
2768 1038 2822 1093 δ’
2848 1038 3121 1107 ἐγείνατο
3146 1046 3365 1105 μητηρ.

2133 1134 2262 1201 περὶ
2287 1124 2348 1185 οὗ
2400 1132 2559 1200 λόγος
2601 1133 2735 1201 ἡμῖν
2786 1130 3001 1192 οὐδείς·
3051 1128 3178 1182 οὒτε
3212 1128 3321 1197 γὰρ
3372 1128 3451 1188 εἰς
3495 1125 3686 1194 γαμικὰ

2133 1222 2576 1292 συναλλάγματα,
2636 1220 2761 1275 οὔτε
2800 1222 2909 1291 μὴν
2952 1222 3035 1284 εις
3086 1218 3457 1290 κληρονομίαν
3505 1215 3560 1268 ἐν
3591 1215 3685 1277 τοῖς

2130 1317 2397 1379 τοιούτοις
2429 1317 2580 1368 ἐστὶν
2607 1313 3032 1385 ἀμφισϐήτησις

2799 1501 3023 1555 Νόαοε.

2799 1518 2883 1555 tvo
2931 1518 2963 1553 0
3008 1539 3023 1555 .

2156 1595 2341 1663 τΦησὶ
2367 1594 2423 1647 δὲ
2468 1594 2564 1646 καὶ
2596 1595 2624 1646 ὁ
2663 1593 2828 1662 νόμος
2855 1518 3023 1662 ’μΤίῑν
3076 1593 3143 1646 ὲκ
3174 1591 3438 1662 πορνείας
3479 1588 3686 1659 ἀδελφὴν

2130 1687 2307 1749 οὐδεὶς
2334 1686 2605 1755 λαμϐάνει
2630 1703 2643 1716 °
2676 1686 2772 1739 καί
2795 1701 2810 1717 ⁸
2853 1686 2911 1739 '0
2936 1685 3249 1756 πορνεύσας
3284 1684 3429 1754 μετά
3448 1700 3585 1746 τινος
3603 1700 3688 1749 γυ-

2132 1780 2341 1844 ναικὸς,
2382 1778 2544 1848 εἴπερ
2584 1778 2703 1831 ἐστὶ
2737 1778 2951 1847 φανερά
2978 1782 3011 1846 η
3049 1776 3305 1847 πορνεία,
3347 1776 3448 1844 τὴν
3482 1774 3575 1844 μὲν
3600 1791 3688 1843 μη-

449 1876 664 1915 vercam
699 1863 820 1928 ejus
849 1866 1053 1919 ducere
1082 1866 1434 1935 prohibetur,
1467 1866 1539 1919 ita
1570 1864 1852 1920 sobrinam
1878 1863 2026 1934 ejus-

2136 1873 2327 1940 τουιὰν
2385 1870 2556 1939 αὐτῆς
2608 1870 2879 1923 κωλύεται
2936 1867 3145 1934 λαϐεῖν,
3191 1867 3466 1939 λαμϐάνει
3501 1866 3554 1920 δὲ
3601 1865 3687 1935 τὴν

447 1953 568 2006 dent
593 1955 794 2010 ducere
835 1965 1037 2025 potest.

1032 2047 1106 2103 De
1171 2049 1460 2119 afﬁnitate.

521 2137 797 2195 Hactenus
830 2141 1034 2194 dictum
1066 2143 1133 2195 de
1165 2142 1664 2211 consanguinitate.
1731 2138 2029 2194 Afﬁnitatis

448 2243 629 2284 autem
665 2232 904 2288 rationes
936 2233 1113 2303 magis
1140 2243 1271 2289 sunt
1299 2234 1364 2288 ad
1395 2232 1787 2288 inveniendum
1834 2234 2023 2287 varize.

448 2319 584 2373 Nam
646 2323 700 2375 in
761 2322 847 2375 his
909 2323 1179 2391 graduum
1227 2325 1595 2393 quantitatem
1642 2324 1866 2378 omnino
1914 2339 2027 2379 non

447 2413 802 2480 quazrendam
862 2428 985 2469 esse
1018 2415 1192 2469 visum
1225 2426 1309 2469 est
1355 2416 1593 2484 priscis;
1648 2415 1742 2469 sed
1778 2416 2025 2484 nuptias,

448 2520 570 2572 qua:
597 2504 976 2561 confusionem
1028 2506 1445 2562 introducerent
1498 2509 1553 2561 in
1610 2509 2026 2576 appellationem

447 2597 684 2665 generis,
714 2612 904 2666 quaeve
948 2598 1256 2653 inhonestae
1306 2607 1514 2661 essent.
1569 2599 1772 2655 diserte
1834 2610 2029 2655 vetan-

451 2699 567 2753 les,
627 2690 866 2760 reliquas
918 2693 1147 2747 minime
1225 2694 1595 2762 reprehensas
1653 2695 2026 2764 reliquerunt.

452 2778 803 2837 Recentiores
835 2799 965 2837 vero
991 2784 1156 2839 etiam
1190 2786 1389 2854 gradus
1418 2786 1471 2839 in
1497 2785 1583 2840 his
1620 2786 2026 2856 excogitarunl,

448 2884 502 2930 et
533 2891 654 2944 quae
685 2876 915 2946 gradum
947 2888 1160 2931 sextum
1190 2880 1545 2944 excederent,
1598 2879 1779 2933 locum
1827 2880 2028 2933 habere

446 2967 759 3022 voluerunt.
784 2969 950 3039 Atqui
979 2969 1185 3023 diserte
1210 2970 1521 3027 invenimus
1553 2973 1778 3039 gradum
1812 2978 2026 3025 sextum

449 3060 804 3127 permissum,
849 3072 904 3116 et
935 3061 1228 3130 septimum
1265 3061 1602 3131 prohibitum
1639 3078 1652 3116 :
1688 3061 1862 3127 illum,
1898 3061 2025 3116 vel-

449 3158 509 3203 ut
554 3160 831 3219 expertem
879 3151 1262 3217 confusionis,
1320 3151 1467 3207 hunc
1524 3160 1780 3220 tanquam
1831 3152 2027 3206 e0nl‘u-

448 3241 593 3295 sioni
629 3241 953 3296 obnoxium.
994 3241 1116 3308 Quo
1152 3242 1228 3304 lit,
1259 3251 1319 3297 ut
1351 3243 1406 3297 in
1433 3243 1518 3298 his
1546 3242 1748 3313 gradus
1798 3243 2027 3298 minime

449 3332 832 3388 introducendi
862 3334 1012 3399 sint;
1045 3334 1139 3389 sed
1172 3335 1318 3403 quod
1348 3334 1550 3389 diserte
1599 3334 1682 3389 lex
1714 3334 1907 3400 vetuit,
1941 3334 2026 3387 luo

448 3426 730 3494 giendum,
792 3427 940 3495 quod
986 3442 1093 3481 non
1127 3428 1298 3482 vetuit
1359 3426 1780 3483 admittendum.
1842 3424 2028 3482 Vetuit

447 3526 627 3571 autem
663 3517 841 3586 prisca
870 3517 954 3573 lex
980 3518 1396 3587 prepinquiora.

528 3657 540 3674 ,
1170 3608 1301 3667 Lex.

519 3699 661 3753 Sunt
705 3700 850 3753 enim
891 3699 1009 3766 ejus
1054 3699 1372 3767 haec‘verba
1409 3716 1423 3753 :
1460 3699 1666 3755 Socrus
1703 3711 1789 3756 est
1838 3700 2027 3757 uxoris

450 3800 585 3839 meae
635 3796 832 3851 mater,
880 3795 936 3840 et
979 3787 1121 3851 avia,
1149 3799 1201 3841 et
1238 3788 1498 3856 proavia,
1530 3805 1766 3858 quarum
1817 3790 2024 3845 nullam

447 3879 609 3933 duco.
644 3877 828 3934 Nurus
869 3880 1032 3934 etiam
1063 3880 1264 3934 dicitur
1299 3896 1438 3936 uxor
1475 3881 1602 3956 lilii,
1629 3890 1686 3938 et
1728 3884 1942 3951 nepotis
1972 3892 2022 3938 et

451 3972 790 4042 pronepotis.
820 3972 1075 4042 Privigna
1113 3989 1338 4044 quoque
1365 3974 1588 4037 dicitur,
1631 3990 1696 4029 ex
1730 3976 1840 4029 alio
1891 3987 2026 4031 nata

450 4058 649 4111 marito
687 4061 874 4116 uxoris
926 4076 1060 4115 meae
1110 4060 1242 4127 tilia,
1304 4071 1358 4116 et
1393 4063 1592 4131 neptis,
1636 4070 1690 4118 et
1721 4066 2024 4134 proneptis,

449 4165 685 4220 quarum
723 4151 926 4206 nullam
979 4152 1143 4207 duco.
1180 4152 1293 4208 Nec
1325 4153 1451 4207 item
1489 4169 1788 4209 novercam
1818 4172 2023 4222 meam,

453 4245 580 4300 licet
608 4247 792 4315 plures
825 4258 981 4317 pater
1012 4264 1168 4304 meus
1195 4250 1469 4315 habuerit,
1492 4255 1754 4320 quoniam
1784 4263 2023 4307 matrum

451 4336 570 4391 loco
614 4346 759 4392 sunt.
792 4339 906 4393 Nec
940 4354 1170 4395 noverca
1205 4342 1358 4395 nubit
1386 4342 1434 4395 ei
1464 4342 1601 4413 48.
1635 4345 1728 4413 qui
1758 4345 2022 4414 privignm

450 4441 584 4480 mea:
610 4428 838 4481 maritus
879 4426 1001 4481 fuit.
1036 4427 1145 4483 Nec
1168 4429 1329 4482 tiliam
1368 4431 1611 4491 mulieris
1651 4432 1816 4496 duco,
1840 4449 1964 4502 quae
1995 4451 2023 4488 a

449 4534 535 4573 nte
574 4518 813 4583 divertit,
838 4534 903 4573 ex
933 4520 1040 4573 alio
1064 4522 1258 4575 marito
1290 4533 1407 4590 post
1442 4523 1735 4579 divortium
1763 4541 2023 4594 procrea-
2058 4545 2100 4598 υ

447 4615 581 4662 tam.
610 4605 813 4662 Tomus
835 4620 1016 4662 autem
1047 4608 1270 4662 Sisinnii
1301 4612 1574 4680 prohibet,
1597 4628 1664 4667 ne
1694 4614 1801 4668 duo
1824 4613 2024 4671 fratres

446 4699 666 4751 amitam
714 4707 767 4751 et
800 4698 1044 4767 ejusdem
1103 4699 1287 4756 fratris
1341 4682 1508 4757 tiliam
1561 4706 1768 4759 ducant
1800 4721 2020 4772 uxores,

448 4804 513 4841 ac
561 4788 679 4842 vice
708 4803 884 4843 versa.
922 4789 1191 4845 Prmtcrca
1218 4792 1408 4856 vetuit,
1438 4808 1505 4846 ne
1538 4794 1647 4848 duo
1688 4794 1886 4850 fratres
1922 4798 2025 4850 du-

446 4886 575 4932 rant
605 4880 740 4933 duas
764 4881 1146 4945 consobrinus,
1186 4884 1240 4936 in
1273 4900 1506 4953 quorum
1562 4887 1738 4951 primo
1772 4888 2021 4955 quintus,

448 4971 501 5022 in
560 4970 806 5023 si-cundo
871 4980 1061 5024 sextus
1119 4973 1323 5040 gradus
1383 4982 1683 5042 spectatur.
1744 4975 1913 5045 Igitur
1957 4979 2022 5032 ad

446 5058 699 5126 quintum
748 5051 929 5128 usque
972 5064 1200 5129 gradum
1258 5062 1543 5130 prohibitze
1588 5074 1719 5118 sunt
1749 5067 1819 5120 ob
1849 5067 2024 5121 afﬁni-

448 5163 613 5207 tatem
680 5157 905 5222 nuptiae,
959 5159 1231 5224 siquidem
1286 5160 1341 5212 in
1372 5160 1457 5214 his
1507 5162 1669 5214 etiam
1700 5164 2020 5217 numerandi

446 5255 577 5299 sunt
607 5247 834 5313 gradus.
865 5247 997 5312 Quae
1034 5263 1161 5301 vero
1194 5249 1332 5303 sexti
1367 5251 1571 5319 gradus
1601 5260 1752 5309 sunt.
1794 5252 1838 5306 si
1873 5254 2023 5309 nulla

447 5336 776 5392 interveniat
822 5342 1078 5396 confusio
1124 5343 1269 5396 circa
1314 5346 1540 5412 generis.
1600 5345 2019 5412 appellationes,

446 5442 552 5481 non
618 5429 999 5497 prohibentur,
1051 5429 1145 5483 Sin
1205 5439 1450 5500 emergat
1498 5431 1684 5500 aliqua
1740 5431 2020 5499 conlusio,

447 5531 725 5576 vetantur.

762 5612 972 5667 Gradus
1007 5624 1190 5665 sextus
1232 5628 1332 5665 non
1362 5614 1675 5681 prohibitus.

523 5701 626 5757 Eas
668 5704 829 5757 etiam
868 5705 1102 5772 nuptias,
1138 5719 1258 5772 qua:
1283 5705 1686 5760 contrahuntur
1729 5722 1793 5761 ex
1833 5725 1942 5763 uno
1968 5718 2021 5762 (ιε

447 5809 687 5867 quinque
732 5796 1013 5863 graililim,
1073 5810 1262 5850 omnes
1299 5796 1724 5867 aliiprohibent.
1772 5801 1837 5853 At
1888 5817 2016 5855 vero

2127 1961 2515 2031 δισεξαδέλφην
2561 1962 2754 2030 αὐτῆς.

2519 2054 2659 2122 Περὶ
2682 2053 2805 2108 τῶν
2842 2050 2913 2117 ἐξ
2947 2051 3323 2121 ἀγχιστείας.

2199 2148 2309 2200 Καὶ
2334 2145 2476 2215 αὕτη
2512 2146 2611 2214 μὲν
2637 2147 2668 2215 ἡ
2695 2146 2803 2198 τῶν
2832 2145 2891 2209 ἐξ
2914 2144 3147 2213 αἵματος
3170 2158 3185 2173 ·
3216 2143 3328 2196 τῶν
3359 2142 3417 2197 δὲ
3449 2142 3508 2207 ἐξ
3540 2142 3682 2211 ἀγχι-

2131 2239 2316 2301 στείας
2375 2237 2727 2307 πικιλοτέρα
2763 2238 2797 2307 ἠ
2838 2234 3077 2305 εὕρεσις.
3115 2235 3207 2288 Ἐν
3229 2233 3445 2298 τούτοις
3473 2233 3574 2301 γὰρ
3600 2231 3685 2301 βα-

2130 2330 2157 2382 θ
2167 2330 2282 2399 μῶν
2304 2329 2580 2400 ποσότητα
2612 2329 2797 2395 ζητεῖν
2834 2326 3066 2389 οὐδόλως
3092 2327 3211 2390 τοῖς
3243 2326 3497 2388 παλαιοῖς
3536 2323 3685 2387 ἔδοξε,

2128 2420 2266 2473 ἀλλὰ
2297 2423 2363 2473 τά
2398 2419 2779 2490 συγκεχυμένα
2825 2419 2970 2473 κατά
3015 2418 3117 2488 τὴν
3148 2418 3249 2472 τοῦ
3299 2419 3490 2487 γένους
3515 2417 3685 2483 κλῆσιν

2129 2514 2225 2567 καὶ
2248 2512 2473 2582 ἀπρεπῆ
2500 2511 2678 2582 ῥητῶς
2711 2512 3084 2578 κωλύσαντες,
3108 2510 3177 2565 τὰ
3207 2508 3378 2565 λοιπά
3406 2509 3686 2577 ἀνέγκλητα

2128 2604 2320 2665 εἴασαν
2341 2619 2355 2633 ’
2386 2603 2435 2655 ot
2457 2602 2515 2655 δὲ
2540 2602 2796 2671 νεώτεροι
2834 2604 2928 2655 καὶ
2964 2596 3213 2672 βαθμοὺς
3247 2602 3436 2663 αὐτοῖς
3480 2597 3686 2666 ἐπενόη-

2130 2712 2252 2758 σαν,
2290 2694 2483 2749 καὶτὰ
2518 2695 2660 2765 ὑπὲρ
2701 2694 2791 2748 τὸν
2819 2694 2980 2748 ἕκτον
3024 2694 3231 2765 βαθμδν
3283 2693 3590 2763 προϐαίνειν
3612 2691 3687 2744 δεο

2127 2786 2358 2840 δῶκασι.
2389 2786 2497 2839 Καί
2523 2803 2606 2838 τοι
2640 2785 2821 2856 ῥητῶς
2847 2787 3181 2857 εὑρίσκομεν
3207 2788 3306 2840 καὶ
3329 2787 3486 2840 ἕκτον
3510 2800 3684 2852 συγκε-

2128 2877 2474 2946 χωρημένον,
2505 2878 2601 2929 καὶ
2631 2875 2863 2945 ἕϐδομον
2894 2876 3311 2945 κεκωλυμένον,
3356 2875 3451 2928 τὸν
3484 2873 3577 2945 μὲν
3620 2871 3686 2932 ὡς

2127 2967 2455 3037 ὰσύγχυτον,
2484 2968 2577 3020 τὸν
2627 2966 2684 3020 δὲ
2718 2966 2794 3028 ὡς
2842 2965 3261 3037 συγκεχυμένον
3287 2982 3302 2997 ⁸
3335 2966 3477 3020 ὥστε
3503 2962 3561 3016 οὐ
3592 2960 3685 3031 χρὴ

2128 3057 2373 3130 βαθμοὺς
2410 3060 2773 3129 παρεισάγειν
2794 3063 2876 3125 εἰς
2902 3061 3077 3115 ταῦτα
3096 3077 3111 3091 ’
3145 3059 3267 3115 ἀλλ’
3298 3060 3327 3114 ὃ
3368 3058 3465 3129 μὲν
3487 3058 3515 3110 6
3542 3055 3684 3125 νόμος

2132 3150 2312 3219 ῥητῶς
2346 3149 2614 3215 ἐκώλυσε,
2658 3150 2883 3219 φεύγειν
2906 3167 2920 3180 ο
2955 3149 2984 3203 ὂ
3010 3149 3070 3203 δὲ
3110 3150 3188 3220 μὴ
3229 3147 3497 3213 ἐκώλυσε,
3528 3159 3686 3213 παραι-

2128 3226 2419 3308 δέχεσθαι·
2471 3240 2713 3295 ἐκώλυσε
2744 3241 2803 3295 δὲ
2830 3242 2859 3293 ὁ
2902 3240 3005 3310 μὲν
3048 3240 3412 3311 παλαιότερος
3453 3238 3604 3307 νόμος
3625 3230 3685 3284 τὰ

2129 3331 2545 3404 προσεχέστερα
2578 3333 2674 3389 καὶ
2701 3333 3000 3403 ὲγγύτερα.

2813 3602 3030 3669 Νόμος.

2198 3693 2335 3765 Φησὶ
2364 3694 2472 3765 γάρ
2496 3711 2510 3724 '
2544 3693 2795 3765 Πενθερά
2833 3695 2980 3746 ἐστιν
3010 3694 3043 3763 η
3092 3693 3283 3764 μήτηρ
3309 3695 3402 3747 καὶ
3424 3694 3455 3764 ἡ
3481 3691 3678 3761 μάμμη.

2128 3784 2223 3839 καὶ
2246 3785 2280 3855 ἡ
2312 3785 2627 3855 προμάμμη
2654 3785 2752 3857 τῆς
2774 3784 3031 3853 γαμετῆς
3056 3800 3181 3853 μου,
3206 3785 3308 3838 καὶ
3334 3783 3579 3854 οὐδεμίαν
3600 3781 3680 3833 αύ-

2126 3877 2236 3932 τῶν
2274 3878 2574 3947 λαμϐάνω·
2629 3879 2726 3933 καὶ
2761 3877 2949 3949 νύμφη
2993 3878 3215 3947 λέγεται
3260 3880 3297 3948 ἡ
3329 3877 3422 3931 τοῦ
3465 3874 3572 3929 υἱοῦ
3597 3872 3678 3926 καὶ

2127 3971 2220 4026 τοῦ
2245 3972 2494 4041 ὲγγόνου,
2527 3974 2622 4025 καὶ
2646 3974 2679 4041 ἡ
2697 3972 2792 4025 τοῦ
2813 3974 3148 4041 προεγγόνου
3172 3975 3390 4043 γαμετὴ
3413 3988 3428 4003 ·
3460 3970 3549 4023 καὶ
3564 3983 3677 4036 προ-

2127 4064 2259 4132 γονὴ
2276 4064 2489 4132 λέγεται
2513 4064 2545 4134 ή
2564 4064 2620 4129 ἐξ
2637 4062 2794 4118 ἄλλον
2817 4062 3087 4133 θυγάτηρ,
3105 4066 3201 4116 καὶ
3219 4063 3440 4132 ἐγγόνη,
3459 4062 3547 4115 καὶ
3564 4075 3678 4127 apo-

2126 4155 2325 4224 εγγὸνη
2355 4155 2452 4224 τῆς
2491 4155 2738 4226 γαμετῆς
2763 4171 2886 4225 μου,
2924 4155 3018 4208 καὶ
3064 4154 3324 4224 οὐδεμίαν
3363 4155 3535 4207 αὐτῶν
3556 4151 3679 4218 λαμ.-

2128 4246 2296 4300 ϐάνω.
2322 4246 2457 4301 Οὐδὲ
2478 4248 2579 4317 τὴν
2605 4248 2877 4317 μητρυιάν
2906 4264 3032 4317 μου,
3068 4249 3117 4299 et
3138 4249 3234 4301 καὶ
3265 4247 3464 4308 πολλὰς
3485 4245 3624 4314 ἔσχεν
3651 4241 3675 4291 ὀ

2128 4338 2312 4406 πατήρ
2342 4354 2466 4407 μου,
2511 4336 2698 4407 ἐπειδὴ
2725 4337 2981 4407 μητέρων
3007 4337 3192 4406 ἔχουσι
3224 4338 3408 4403 τάξιν·
3431 4335 3548 4389 οὔτε
3581 4350 3674 4402 μη-

2128 4426 2289 4496 τρυιὰ
2310 4426 2402 4478 τὸν
2432 4425 2724 4495 γενόμενον
2753 4424 2923 4494 ἄνδρα
2966 4424 3069 4493 τῆς
3103 4426 3383 4496 προγονῆς
3413 4441 3534 4494 μου,
3571 4419 3674 4474 οὐδὲ

2128 4520 2227 4587 τὴν
2254 4517 2534 4587 θυγατέρα
2563 4519 2665 4587 τῆς
2689 4516 3128 4586 ἀποζευχθείσης
3162 4534 3257 4585 μοι
3297 4516 3567 4586 γυναικὸς,
3587 4513 3671 4577 τὴν

2129 4610 2269 4677 μετὰ
2296 4610 2394 4678 τὴν
2422 4608 2719 4673 ἀπόζευξιν
2750 4610 3037 4678 τεχθείσαν
3063 4607 3121 4672 ἐξ
3168 4610 3355 4680 ἐτέρου
3384 4607 3586 4677 ἀνδρός.
3623 4604 3671 4654 ὐ

2124 4701 2179 4754 δὲ
2210 4700 2303 4754 τοῦ
2347 4702 2618 4755 Σισιννίου
2656 4701 2824 4770 τόμος
2877 4698 2971 4753 δύο
2998 4700 3263 4768 ἀδελφοὺς
3288 4700 3523 4755 ἐκώλυσε
3550 4697 3673 4765 λαμ·

2126 4792 2313 4845 ϐάνειν
2349 4792 2501 4845 θείαν
2534 4792 2631 4845 καὶ
2656 4792 2908 4857 ἀνεψιὰν,
2945 4791 3039 4843 καὶ
3067 4791 3342 4845 ἀνάπαλιν
3365 4807 3379 4821 ο
3416 4790 3492 4842 ἔτι
3522 4788 3573 4840 δὲ
3591 4785 3670 4839 δύο

2125 4882 2391 4951 ἀδελφοὺς
2422 4881 2725 4951 λαμϐάνειν
2755 4881 2849 4935 δύο
2880 4882 3337 4953 πρωτεξαδέλφας
3361 4899 3376 4915 ο
3410 4876 3671 4947 ἐνθεωρεῐ-

2123 4990 2213 5026 ται
2247 4972 2304 5024 δὲ
2332 4972 2411 5042 τῷ
2443 4973 2543 5040 μὲν
2568 4971 2774 5041 πρώτῳ
2805 4972 2833 5024 ὁ
2858 4972 3109 5041 πέμπτος
3141 4971 3366 5041 βαθμὸς,
3392 4969 3466 5039 τῷ
3492 4968 3544 5019 δὲ
3571 4966 3670 5017 δευ-

2123 5064 2287 5134 τέρῳ,
2313 5065 2341 5116 ὁ
2374 5063 2552 5126 ἕκτος.
2582 5064 2761 5133 Μέχρι
2799 5064 2900 5134 μὲν
2932 5062 3025 5116 οὖν
3052 5063 3147 5116 τοῦ
3176 5065 3425 5133 πέμπτου
3479 5054 3664 5130 βαθμοῦ

2125 5156 2302 5225 πάντη
2339 5155 2400 5207 τὸ
2443 5155 2503 5220 ἐξ
2529 5156 2851 5224 ἀγχιστείας
2883 5155 3213 5222 κεκώλυται,
3247 5156 3296 5207 εἰ
3335 5154 3412 5206 δεῖ
3437 5153 3530 5204 κᾶν
3562 5144 3667 5200 τού-

2123 5263 2237 5307 τοις
2274 5244 2518 5315 βαθμοὺς
2548 5248 2810 5316 ἀριθμεῖν
2834 5261 2846 5272 ·
2888 5249 2956 5300 τὰ
3007 5246 3064 5299 δὲ
3089 5246 3184 5300 τοῦ
3216 5247 3374 5301 ἕκτου
3410 5239 3599 5315 βαθμοῦ
3622 5235 3662 5288 εὶ

2128 5339 2225 5407 μὲν
2263 5339 2403 5391 αὐτᾶ
2428 5339 2528 5392 οὐκ
2555 5339 2672 5409 ἔχει
2703 5338 2969 5407 σύγχυσιν
2995 5338 3127 5408 περὶ
3154 5338 3225 5391 τά
3246 5336 3337 5391 τοῦ
3360 5336 3540 5403 γένους
3560 5326 3660 5381 ὀνό-

2128 5446 2294 5499 ματα,
2353 5429 2414 5482 οὑ
2464 5428 2766 5483 κωλύεται·
2809 5430 2856 5481 εἰ
2913 5428 2970 5481 δέ
3018 5445 3103 5489 τις
3160 5430 3352 5497 ὁρᾶται
3404 5424 3659 5490 σύγχυσιὶν

2124 5521 2390 5589 εἴργεται.
2722 5572 2729 5581 ,
3072 5576 3077 5577 ,

2318 5656 2322 5663 .
2509 5614 2745 5679 Βαθμὸς
2782 5613 2961 5679 ἕκτος
2984 5612 3314 5673 ἀκώλυτος.

2199 5704 2308 5756 Καὶ
2359 5703 2424 5773 δὴ
2454 5704 2546 5756 τὸν
2588 5705 2687 5773 μὲν
2718 5705 2776 5768 ἐξ
2821 5704 2939 5768 ἑνὸς
2980 5706 3073 5757 καὶ
3100 5707 3262 5774 πέντε
3294 5697 3501 5774 βαθμῶν
3528 5687 3654 5761 γινὸ-

2131 5816 2289 5872 μενον
2318 5798 2496 5868 γάμον
2529 5800 2575 5853 οἱ
2627 5799 2723 5868 μὲν
2771 5798 2917 5853 ἄλλοι
2961 5801 3165 5862 πάντες
3202 5798 3487 5853 κωλύουσιν
3508 5805 3521 5820 ’
3552 5789 3579 5840 ά
3601 5781 3648 5836 δέ
