3992 6404
313 340 443 407 1121

312 554 571 627 φίτματι,
620 557 904 611 ἀκώλυτον
946 558 1266 628 ἀποφαίνει,
1307 554 1442 623 οἷον,
1485 560 1535 611 εί
1594 558 1780 629 πατὴρ
1811 559 1906 612 καὶ

316 649 455 711 υἱὸς,
490 648 708 718 πρώτου
741 651 895 714 ὅντες
927 651 1165 721 βαθμοῦ,
1200 652 1524 720 συναφθεῖεν
1576 655 1754 724 μικρᾷ
1784 652 1907 726 θείᾳ

311 745 407 798 καὶ
438 743 661 816 ἀνεψιᾲ,
706 745 960 814 πέμπτου
993 743 1183 807 οὔσαις
1214 743 1451 814 βαθμοῦ.

766 945 988 1012 Ἕκτος
1013 945 1461 1016 κεκωλυμένος.

390 1036 453 1089 Εἰ
503 1036 559 1090 δὲ
606 1037 635 1090 6
662 1036 996 1108 ζητούμενος
1031 1037 1191 1100 ἕκτος
1231 1038 1291 1103 ἐξ
1333 1038 1654 1109 ἀγχιστείας
1699 1039 1907 1110 βαθμὸς

307 1129 376 1181 ἑκ
407 1128 501 1182 δύο
539 1128 827 1197 σύγκειται
856 1132 953 1183 καὶ
986 1130 1296 1201 τεσσάρων,
1332 1132 1380 1182 εί
1413 1132 1512 1202 μὲν
1540 1133 1750 1199 γίνεται
1779 1133 1910 1201 σύγ-

307 1237 491 1293 χυσις,
529 1223 558 1276 ὁ
600 1222 853 1294 δεύτερος
904 1222 1237 1285 κεκώλυται.
1294 1225 1370 1278 Οὐ
1404 1224 1513 1294 γὰρ
1562 1225 1788 1279 δυνατὸν
1815 1227 1908 1280 δύο

308 1316 680 1387 αὖταδέλφους
727 1316 848 1369 δυσὶ
899 1316 1243 1387 συναφθῆναι
1295 1318 1780 1388 πρωτεξαδέλφαις
1810 1360 1825 1383 ,
1871 1318 1904 1389 ἢ

307 1408 369 1461 τὸ
420 1409 725 1464 ἀνάπαλινο
783 1409 1034 1479 γίνονται
1061 1410 1172 1481 γὰρ
1207 1410 1330 1465 ἀντὶ
1376 1410 1736 1480 αὐταδέλφων
1774 1411 1907 1480 σύγ-

307 1502 580 1571 γαμὸροι,
602 1505 699 1556 καὶ⁵
728 1503 1051 1574 συγχέονται
1080 1502 1334 1557 ἐντεῦθεν
1352 1504 1422 1557 τά
1447 1505 1547 1573 τῆς
1581 1505 1907 1573 συγγενείας

307 1594 575 1662 ὀνόματα.
603 1594 743 1664 Φησὶ
774 1594 831 1647 δὲ
862 1597 889 1648 ό
917 1594 1062 1665 ἱερὸς
1094 1596 1191 1649 καὶ
1232 1595 1407 1663 μέγας
1445 1594 1763 1659 Β;ιιο’ίλειος⁸
1815 1595 1906 1649 Ἐν

309 1679 393 1746 οἷς
419 1686 488 1738 τὰ
518 1684 614 1738 τοῦ
642 1686 835 1753 γένους
872 1686 1118 1757 ὀνόματα
1152 1685 1498 1756 συγχέονται,
1548 1684 1606 1738 ὲν
1638 1684 1849 1749 τούτοις
1875 1685 1905 1739 ὁ

309 1777 489 1847 γάμος
523 1777 810 1847 άθέμιτος.

806 1957 1030 2024 ’Ἕκτος
1064 1954 1406 2022 ἀκώλυτος.

384 2052 448 2105 Ei
475 2050 533 2105 δὲ
577 2050 638 2105 οὐ
662 2050 876 2119 γίνεται
907 2051 1198 2118 σύγχυσις,
1229 2049 1326 2102 καὶ
1356 2049 1385 2102 6
1422 2046 1585 2111 ἕκτος
1626 2045 1907 2111 ἀκώλυτός

311 2145 498 2196 ἐστιν’
532 2142 762 2195 πάππον
813 2140 923 2210 γὰρ
948 2140 1043 2193 καὶ
1085 2139 1310 2208 ἔγγονον
1352 2138 1637 2193 ἅκώλυτὸν
1668 2141 1783 2191 ἐστι
1817 2155 1911 2191 συ-

309 2235 586 2305 ναφθῆναι
639 2232 851 2303 μεγάλῃ
903 2232 1026 2303 θείᾳ.
1053 2232 1152 2284 καὶ⁸
1192 2229 1395 2300 ἀνεψιᾷ
1418 2246 1433 2261 ’
1467 2230 1629 2283 ἕκτου
1673 2229 1782 2299 γὰρ
1815 2230 1911 2283 καὶ

270 2310 475 2382 ’τοῦτο
534 2326 769 2399 βαθμοῦ,
805 2325 922 2378 ἀλλ’
977 2323 1127 2377 ἔστιν
1188 2322 1540 2393 ἀούγχυτον·
1588 2321 1753 2375 πάλιν
1800 2321 1910 2392 γάρ

313 2422 459 2491 μετὰ
488 2422 615 2484 τοὺς
644 2421 860 2490 γάμους
885 2418 1115 2473 πάππου
1162 2416 1257 2470 καὶ
1289 2416 1518 2486 ὲγγόνου
1556 2414 1907 2480 άποσώζουσι

309 2511 535 2576 τόπους.
560 2511 674 2583 Τὴν
696 2510 805 2582 γὰρ
831 2510 1079 2580 μεγάλην
1107 2507 1284 2575 θείαν,
1306 2508 1405 2561 καὶ
1430 2506 1522 2562 τδν
1550 2510 1724 2578 μέγαν
1744 2507 1908 2571 θεῖον,

309 2604 449 2675 ἦτοι·
486 2602 581 2656 τοῦ
629 2604 857 2657 πάππου
888 2601 986 2672 τὴν
1039 2600 1298 2672 ἀδελφὴν,
1346 2600 1442 2652 καὶ
1498 2601 1589 2653 τὸν
1647 2599 1906 2668 ἀδελφὸν,

314 2695 554 2766 μάμμην
576 2697 673 2750 καὶ
694 2695 923 2750 πάππον
947 2695 996 2747 oi
1026 2694 1212 2747 πολλοὶ
1237 2691 1594 2763 ὀνομάζουσι.
1624 2692 1726 2745 Διά
1749 2691 1909 2745 τοῦτο

310 2784 440 2839 οὔτε.
473 2786 583 2840 ἀπὸ
632 2785 727 2840 τοῦ
766 2787 937 2857 νόμου
969 2786 1031 2840 τὸ
1079 2787 1252 2856 παρὸν
1288 2784 1601 2839 κεκώλυται
1660 2783 1904 2855 ζήτημα,

313 2877 412 2931 καὶ
444 2878 521 2950 τῷ
555 2879 710 2950 τόμῳ
742 2881 998 2949 παρεῖται
1027 2877 1124 2932 τοῦ
1149 2878 1441 2942 Σισιννίου,
1470 2877 1545 2940 ὼς
1583 2875 1863 2930 ἀκώλυτον
1888 2890 1902 2906 °

312 2972 492 3025 ἐκεῖνο
522 2968 601 3036 δὲ,
632 2968 708 3033 ὡς
736 2968 1003 3040 σύγχυσιν
1044 2968 1190 3038 ἕχον,
1228 2965 1564 3020 κεκώλυται.

808 3171 1031 3236 "Eatth
1074 3168 1410 3236 ἀκώλυτος.

387 3265 448 3318 Ei
477 3248 536 3318 δὲ
572 3266 635 3317 ἐκ
665 3264 833 3334 τριῶν
868 3266 985 3316 ἐστι
1032 3264 1129 3318 καὶ
1179 3264 1372 3333 τριῶν,
1410 3264 1461 3316 εί
1514 3261 1616 3334 μὲν
1644 3261 1743 3316 οὐκ
1789 3261 1907 3332 ἔχει

315 3353 607 3423 σύγχυσιν,
647 3353 928 3406 ἀκώλυτον
958 3355 1104 3407 ἐστιν
1125 3370 1139 3384 ο
1169 3348 1303 3419 οἷον,
1332 3354 1464 3407 ὅταν
1504 3353 1604 3420 μὲν
1639 3352 1783 3417 θεῖος
1810 3352 1904 3406 καὶ

314 3443 539 3513 ἀνεψιὸς
589 3443 741 3497 θείαν
797 3444 938 3515 λάϐῃ
987 3445 1085 3497 καὶ
1134 3443 1386 3513 ἀνεψιὰν,
1421 3442 1649 3514 οὐδεμία
1692 3444 1905 3512 γίνεται

318 3537 607 3608 σύγχυσις.
638 3536 811 3589 Πάλιν
843 3537 953 3607 γὰρ
983 3536 1132 3589 θείου
1161 3537 1255 3591 καὶ
1276 3535 1502 3607 ἀνεψιοῦ
1536 3535 1777 3600 σώζουσι
1814 3537 1903 3590 τό·

316 3646 422 3682 πον
441 3644 458 3660 ο
484 3627 576 3681 διὰ
602 3626 764 3681 τοῦτο
795 3629 891 3681 καὶ
921 3628 1201 3682 ἀκώλυτον
1226 3628 1368 3681 εἶναι
1400 3628 1768 3694 παντάπασιν,
1788 3628 1823 3699 ἦ
1848 3646 1908 3683 τε

315 3720 412 3772 τοῦ
447 3719 706 3791 ῥηθέντος
748 3719 913 3791 νόμου
949 3720 1154 3787 σιωπὴ,
1180 3720 1242 3773 οὐ
1279 3721 1387 3792 μὴν
1417 3721 1555 3774 ἀλλὰ
1588 3722 1683 3773 καὶ
1718 3720 1910 3774 θεσπί-

319 3830 504 3882 σματα
524 3813 809 3885 βασιλικά,
846 3818 942 3869 καὶ
972 3813 1209 3884 πράξεις
1240 3813 1526 3868 συνοδικαὶ
1550 3815 1717 3869 πᾶσιν
1740 3812 1912 3883 ἐγνώ-

319 3920 504 3975 ρισαν.

772 4022 985 4087 Ἕκτος
1016 4020 1461 4090 κεκωλυμένος.

392 4113 563 4169 Ὅταν
585 4113 641 4168 δὲ
676 4116 704 4168 ὁ
738 4115 843 4185 μὲν
877 4113 1019 4175 θεῖος
1055 4111 1347 4183 προλαϐὼν
1378 4113 1506 4182 ἔσχε
1530 4113 1632 4181 τὴν
1661 4109 1909 4181 ἀνεψιὰν,

1321 343 1731 406 SYNTAGMA
1769 343 2402 409 ALPHABETICUM.
2448 373 2516 383 -·
2550 349 2622 411 Β.

310 480 374 531 γε
413 462 817 534 Θεσσαλονίκης
858 450 1079 535 Μιχαὴλ
1129 463 1159 516 6
1205 464 1475 535 Χοῦμνος,
1527 468 1586 519 ἐν
1643 466 1758 536 ἰδίῳ
1804 466 1908 535 ψη-

2022 464 2529 522 Thessalonicensis
2578 466 2813 522 antistes
2854 464 2945 521 ille
2989 464 3278 519 Chumnus
3330 479 3426 519 sua
3474 482 3601 520 sen-
3691 452 3701 463 ’

3462 344 3599 412 1122

2013 554 2186 609 tentia
2218 556 2599 625 pronuntiavit
2644 556 2874 611 minime
2924 556 3143 610 vetitas.
3198 555 3445 624 Exempli
3473 570 3601 623 gra-

2011 644 2109 706 tia.
2138 644 2183 698 si
2218 656 2374 715 pater
2418 654 2481 721 et_
2514 646 2681 707 ﬁlius.
2725 646 2818 715 qui
2876 647 3057 715 primo
3097 655 3226 699 sunt
3275 648 3473 716 gradu,
3503 661 3598 699 eo.

2010 736 2183 805 pulati
2214 734 2424 793 fuerint
2478 737 2661 792 amitae
2701 753 2906 806 parva),
2948 752 3013 792 ac
3058 736 3241 792 fratris
3291 738 3411 807 ejus
3454 738 3599 800 tiliae,

2010 842 2134 897 quae
2168 828 2339 897 gradu
2373 829 2567 899 quinto
2593 844 2651 884 se
2673 830 3024 899 contingunt.

2403 921 2616 975 Gradus
2654 933 2834 976 sextus
2869 922 3203 991 "prohibitus.

2088 1010 2186 1066 Sin
2222 1014 2428 1080 gradus
2472 1029 2539 1067 ex
2590 1012 2864 1068 affinitate
2898 1022 3112 1077 sextus,
3139 1014 3207 1067 tle
3252 1028 3362 1082 quo
3401 1014 3603 1084 quari—

2012 1108 2124 1165 tur,
2173 1116 2243 1155 ex
2290 1102 2508 1156 duobus
2538 1111 2592 1156 et
2645 1112 2883 1171 quatuor
2929 1110 3171 1167 constat,
3232 1102 3501 1170 siquidem
3542 1103 3602 1156 fit

2011 1194 2289 1255 confusio,
2320 1196 2528 1264 nuptiae
2550 1196 2887 1265 posteriores
2909 1194 3294 1263 prohibentur.
3318 1194 3454 1248 Nam
3484 1194 3602 1248 fieri

2012 1287 2227 1356 nequit,
2257 1294 2319 1341 ut
2345 1286 2458 1341 duo
2491 1287 2736 1356 germani
2762 1285 2961 1340 fratres
2995 1285 3209 1340 duabus
3243 1286 3603 1342 consobrinis

2013 1378 2363 1447 cepolentur,
2406 1387 2503 1432 aut
2545 1379 2663 1432 vice
2721 1392 2900 1432 versa.
2932 1375 3099 1432 Fiunt
3142 1378 3289 1432 enim
3336 1379 3456 1433 loco
3488 1360 3602 1431 ira;

2011 1479 2160 1525 trum
2185 1470 2483 1540 congeneri
2516 1469 2599 1523 vel
2619 1467 2887 1524 coaftines
2915 1484 2932 1534 ;
2968 1479 3022 1523 et
3052 1469 3156 1523 hoc
3177 1471 3342 1523 modo
3373 1467 3602 1523 nomina

2010 1563 2357 1635 cognationis
2412 1561 2854 1618 confunduntur.
2911 1560 3005 1614 Ait
3052 1561 3199 1614 enim
3270 1573 3495 1615 sanctus
3548 1572 3603 1614 et

2013 1670 2247 1726 magnus
2303 1655 2393 1710 ille
2438 1654 2676 1710 Basilius
2725 1672 2739 1709 :
2780 1654 2839 1708 In
2885 1653 3087 1723 quibus
3142 1654 3360 1722 generis
3417 1655 3602 1723 appel-

2011 1750 2246 1805 lationes
2301 1748 2740 1813 confunduntur,
2802 1749 2860 1802 in
2933 1748 3021 1803 his
3082 1748 3288 1801 illicitae
3323 1755 3453 1802 sunt
3499 1762 3603 1800 nu-

1935 1825 1982 1884 B
2014 1845 2160 1915 ptite.

2445 1933 2640 1990 Sex-tus
2697 1950 2802 1986 non
2850 1932 3165 2001 prohibitus.

2088 2028 2184 2085 Sin
2206 2029 2462 2086 confusio
2495 2029 2642 2084 nulla
2672 2028 2767 2092 fit,
2798 2028 2964 2083 etiam
2987 2033 3177 2081 sextus
3210 2039 3314 2079 non
3344 2024 3602 2094 prohibe-

2015 2132 2124 2177 tur.
2156 2121 2370 2192 Quippe
2402 2137 2510 2176 non
2551 2129 2788 2184 vetatnr,
2821 2118 3125 2188 quominus
3161 2132 3297 2172 avus
3326 2126 3408 2193 et_
3431 2130 3608 2184 nepos

2013 2217 2342 2288 cepolentur
2371 2229 2496 2270 cum
2518 2214 2686 2268 amita
2714 2227 2931 2283 magna.
2965 2219 3018 2267 et
3050 2211 3294 2279 ejusdem
3327 2224 3406 2265 ex.
3434 2208 3604 2264 fratre

2014 2321 2195 2378 nepte.
2219 2305 2379 2362 'Nam
2431 2308 2535 2362 hoc
2570 2320 2791 2376 quoque
2821 2305 2960 2360 sexti
2990 2305 3193 2375 gradus
3235 2312 3341 2370 est,
3378 2310 3435 2356 at
3465 2317 3604 2357 con-

2014 2400 2247 2456 fusionis
2275 2414 2490 2469 expers.
2532 2400 2752 2453 Rursus
2799 2397 2948 2452 enim
2979 2399 3222 2465 peractis
3270 2395 3479 2465 nuptiis
3514 2394 3600 2449 avi

2011 2501 2067 2547 et
2112 2493 2330 2561 nepotis
2356 2492 2480 2547 loca
2519 2497 2765 2547 servant.
2811 2489 3029 2558 Quippe
3079 2502 3338 2558 magnam
3373 2486 3605 2540 amitam

2010 2595 2067 2641 et
2098 2595 2354 2655 patruum
2405 2599 2689 2655 magnum,
2722 2582 2827 2637 hoc
2851 2589 2959 2647 est,
2998 2580 3085 2635 avi
3134 2595 3380 2635 sororem
3417 2589 3470 2634 et
3489 2580 3601 2633 fra-

2012 2686 2176 2745 trem,
2227 2679 2476 2750 plerique
2528 2677 2709 2730 aviam
2750 2684 2805 2729 et
2854 2688 3017 2727 avum
3053 2673 3339 2727 nominare
3388 2671 3592 2727 solent.

2010 2772 2224 2828 Idcirco
2258 2785 2356 2825 nec
2384 2770 2600 2839 legibus
2657 2768 2749 2821 hic
2780 2780 2947 2821 casus
2983 2774 3068 2820 est
3123 2765 3456 2834 prohibitus,
3486 2772 3541 2817 et
3570 2778 3603 2817 a

2012 2874 2162 2918 tomo
2222 2862 2451 2918 Sisiunii
2506 2861 2844 2930 permitt‘tur
2911 2873 3010 2911 ceu
3065 2857 3289 2910 minime
3363 2855 3598 2918 vetitus;

2011 2970 2135 3011 cum
2167 2955 2301 3008 illud
2334 2953 2572 3008 alterum
2601 2951 2673 3006 sit
2703 2948 3069 3020 prohibitum,
3102 2948 3251 3002 velut
3290 2946 3601 3000 obnoxium

2011 3043 2325 3100 confusioni

2439 3152 2633 3208 Sextus
2693 3168 2797 3207 non
2852 3150 3168 3222 prohibitus.

2084 3246 2179 3303 Sin
2210 3262 2275 3302 ex
2315 3247 2489 3301 tribus
2528 3256 2582 3301 et
2616 3246 2791 3301 tribus
2818 3252 3055 3310 constat,
3087 3241 3359 3311 siquidem
3397 3240 3595 3296 confu-

2010 3342 2184 3399 sionis
2215 3358 2409 3411 expers
2437 3350 2541 3405 est,
2570 3354 2680 3395 non
2732 3346 2971 3392 velatur.
3014 3334 3179 3390 Verbi
3234 3335 3432 3403 gratia,
3472 3348 3597 3390 cum

2010 3444 2242 3505 patruus
2270 3443 2326 3488 et
2382 3433 2565 3487 fratris
2625 3430 2748 3498 ejus
2804 3428 2949 3483 filius
3003 3428 3227 3482 amitam
3282 3425 3508 3490 ducunt,
3547 3436 3602 3481 et

2011 3527 2261 3600 ejusdem
2305 3527 2497 3581 fratris
2556 3524 2747 3587 filiam,
2785 3522 2932 3576 nulla
2985 3522 3043 3574 lit
3078 3519 3348 3576 c0nfusio.
3388 3519 3601 3575 Rursus

2011 3618 2156 3673 enim
2190 3618 2367 3687 patrui
2397 3627 2451 3672 et
2473 3615 2661 3671 fratris
2685 3615 2778 3669 filii
2808 3616 2991 3670 locum
3022 3620 3264 3669 servant.
3298 3611 3601 3682 Propterea

2012 3712 2119 3766 hoc
2149 3711 2308 3780 plane
2341 3724 2447 3763 non
2486 3708 2785 3778 prohiberi,
2816 3722 2927 3762 non
2968 3707 3132 3760 modo
3165 3705 3303 3776 legis
3345 3705 3602 3759 iudicata!

2013 3802 2315 3867 silentium,
2345 3801 2437 3856 sed
2477 3800 2640 3855 etiam
2668 3799 2977 3869 principum
3029 3798 3364 3861 sanctiones,
3396 3805 3451 3852 et
3479 3806 3601 3852 acta

2013 3892 2298 3964 synodalia
2325 3892 2539 3946 cunctis
2572 3890 2974 3961 significarunt.

2531 4002 2722 4058 Sextus
2781 4000 3103 4069 prohibitus.

2085 4101 2158 4156 At
2186 4113 2318 4155 vero
2381 4112 2507 4151 cum
2559 4104 2792 4164 patruus
2822 4093 2936 4162 jam
2980 4099 3141 4144 antea
3196 4086 3387 4143 fratris
3437 4086 3603 4142 habet

317 4207 346 4259 6
375 4206 432 4262 δὲ
463 4206 684 4277 ἀνεψιὸς
710 4178 963 4278 βούλεται
1009 4178 1331 4275 συνοικῆσαι
1362 4178 1620 4276 τῇηθεία,
1651 4204 1710 4258 τὸ
1734 4178 1908 4273 ἐπιγι-

2022 4193 2182 4248 filiam
2210 4233 2226 4259 ,
2265 4190 2570 4259 fratrisque
2621 4185 2765 4240 filius
2808 4198 2937 4238 cum
2991 4181 3159 4235 amita
3189 4179 3340 4235 coire
3387 4178 3503 4232 vult
3544 4179 3600 4232 in

318 4300 547 4370 νόμενον
573 4302 664 4355 διὰ
708 4300 818 4370 τῆν’
842 4301 1108 4370 σύγχυσιν
1139 4298 1466 4352 κεκώλυται.
1505 4297 1754 4351 Γίνονται
1793 4299 1906 4368 γὰρ

317 4393 395 4455 ὡς
448 4395 559 4446 ἀπὸ
588 4392 699 4446 τῶν
725 4394 940 4462 γάμων,
971 4394 999 4445 6
1032 4391 1131 4461 μὲν
1161 4390 1304 4453 θεῖος
1357 4388 1600 4458 ἀνεψιὸς,
1639 4388 1669 4440 6
1700 4388 1757 4440 δὲ
1787 4390 1910 4442 ἁνε-

324 4483 451 4552 ψιδς
486 4485 657 4547 θεῖος·
691 4486 787 4539 καὶ
814 4484 929 4538 ἐστι
961 4483 1122 4537 τοῦτο
1154 4483 1332 4553 σαφὴς
1359 4482 1468 4536 τῶν
1498 4480 1783 4549 ὀνομάτων
1816 4480 1911 4533 τοῦ

320 4577 517 4655 γένους
542 4576 830 4647 σύγχυσις.

740 4786 1035 4855 Ἕϐδομος
1066 4779 1509 4850 κεκωλυμένος.

426 4882 578 4936 me
607 4882 701 4936 καὶ
731 4884 758 4935 ὁ
796 4881 992 4950 μέχρις
1021 4876 1255 4945 ἑὸδόμου
1291 4873 1503 4945 βαθμοῦ
1535 4871 1912 4939 θεωρούμενος

2017 4285 2433 4343 matrimonium
2463 4298 2479 4347 ;
2513 4277 2846 4350 posteriores
2881 4276 2964 4330 hae
2990 4273 3195 4343 nuptiae
3249 4270 3600 4326 confusionis

2017 4395 2184 4438 causa
2227 4377 2614 4447 prohibentur.
2650 4372 2865 4439 Quippe
2896 4368 3041 4422 velut
3069 4367 3188 4435 ipso
3217 4365 3344 4435 jure
3370 4374 3602 4431 patruus

2022 4474 2079 4526 fit
2130 4471 2318 4525 fratris
2378 4469 2545 4529 filius,
2626 4474 2682 4521 et
2744 4462 2931 4518 fratris
3013 4460 3157 4514 [ilius
3206 4457 3264 4512 fit
3323 4467 3599 4525 patruus:

1948 4557 1990 4606 ί)
2020 4567 2265 4633 adeoque
2334 4563 2625 4616 manifesta
2704 4556 2924 4628 generis
2998 4550 3428 4623 appellationum
3487 4547 3603 4602 haec

2019 4658 2273 4715 confusio
2301 4664 2406 4711 est.

2421 4767 2532 4839 5,9
2562 4766 2832 4834 Septimus
2859 4760 3182 4829 prohibitus.

2090 4863 2232 4929 Quin
2266 4861 2429 4916 etiam
2473 4859 2886 4912 matrimonium
2920 4854 3065 4906 inter
3097 4849 3306 4910 aflint-s,
3340 4846 3406 4899 ad
3433 4843 3603 4912 septi-

326 4977 385 5043 ἒξ
419 4974 741 5047 ἀγχιστείας
768 4940 1050 5043 γ’άμοςάί
1085 4940 1184 5041 μὲν
1216 4940 1425 5034 ὲξ-ἐνὸς
1466 4967 1550 5034 εῐη
1585 4965 1678 5017 καὶ
1710 4964 1790 5028 ἓξ.
1827 4979 1908 5016 κε-

2022 4971 2169 5008 mum
2210 4969 2385 5022 usque
2416 4952 2642 5020 gradum
2680 4963 2800 5002 sese
2854 4942 3159 5013 porrigens,
3199 4940 3244 4993 si
3276 4942 3493 4992 constet
3539 4950 3604 4990 ex

327 5036 592 5122 κώλυται.
631 5067 705 5121 Οὐ
723 5036 988 5136 γάρ-οἷόν
1014 5036 1317 5131 τενπατέρα
1345 5057 1442 5111 καὶ
1471 5057 1587 5113 υἱὸν
1619 5055 1908 5121 δισεξαδὲλ-

2022 5062 2131 5102 υηο
2162 5057 2214 5099 et
2245 5060 2364 5106 sex,
2400 5042 2740 5112 prohibetur.
2775 5037 2910 5091 Nam
2964 5036 3079 5088 fieri
3128 5036 3320 5101 nequit
3365 5037 3426 5083 ιιι
3452 5037 3607 5098 pater

328 5177 455 5226 φαις
507 5155 850 5226 συναφθῆναι
887 5154 1037 5209 δυσίο
1077 5152 1323 5222 γίνονται
1372 5148 1502 5219 γὰρ,
1537 5147 1660 5202 ἀντὶ
1710 5145 1919 5215 πατρὸς

329 5252 423 5306 καὶ
453 5249 598 5316 υἱοῦ,
633 5247 1007 5319 σύγγαμὸροι.

784 5360 1082 5430 Ἕϐδομος
1127 5357 1460 5423 ἀκώλυτος.

408 5459 541 5514 Εἰδὲ
571 5461 635 5512 ὲκ
666 5457 759 5510 ὃῦο
786 5456 880 5510 καὶ
901 5456 1089 5516 πέντε,
1112 5452 1398 5522 οὐδαμῶς·
1418 5451 1530 5505 εἴτε
1564 5431 1681 5521 γὰρ’
1694 5451 1919 5511 πάππος

2020 5148 2074 5193 et
2107 5139 2252 5193 ﬁlius
2299 5135 2514 5191 duabus
2547 5131 2793 5188 sobrinis
2829 5128 3176 5199 copulentur.
3233 5122 3415 5177 Patris
3460 5120 3608 5176 enim

2020 5242 2069 5288 et
2097 5232 2192 5287 filii
2230 5230 2372 5295 loco,
2429 5228 2567 5281 fiunt
2601 5221 2892 5296 congcneri
2923 5220 3006 5274 vel
3042 5216 3322 5274 coaﬂines.

2432 5338 2699 5407 Septimus
2740 5352 2842 5391 non
2875 5331 3195 5403 prohibitus.

2095 5436 2450 5506 Nequaquam
2485 5433 2588 5486 hoc
2619 5447 2719 5485 usu
2749 5428 2915 5492 Venit,
2941 5428 2983 5480 si
3021 5440 3084 5479 ex
3114 5422 3330 5478 duobus
3362 5427 3415 5474 et
3447 5418 3610 5489 quin-

362 5556 442 5607 ιαὶ
476 5554 718 5622 ἔγγονος,
750 5550 862 5603 είτε
889 5548 981 5601 δύο
1013 5546 1339 5615 αὑτάδελφοι
1385 5544 1709 5614 συναφθεῖεν
1746 5545 1908 5615 μικρᾷ

2023 5545 2131 5600 que
2159 5536 2394 5583 constet.
2419 5524 2554 5580 Nam
2584 5525 2699 5580 sive
2726 5537 2863 5576 avus
2894 5533 2944 5575 et
2977 5532 3172 5587 nepos,
3203 5517 3319 5570 sive
3349 5515 3456 5568 duo
3480 5528 3610 5582 ger-

335 5647 453 5717 θείᾳ
511 5647 605 5699 καὶ
654 5642 882 5714 ἀνεψιᾷ,
953 5644 981 5695 6
1036 5639 1291 5710 δεύτερος
1347 5639 1526 5709 γάμος
1583 5638 1920 5709 ἀνέγκλητός

333 5740 506 5793 ἐστιν.

2024 5621 2170 5675 mani
2209 5617 2409 5673 fratres
2455 5614 2694 5687 c0pulati
2756 5612 2961 5667 fuerint
3010 5625 3136 5664 cum
3191 5606 3356 5661 amita
3394 5620 3560 5673 parva
3591 5642 3608 5669 ,

2024 5729 2078 5774 et
2133 5717 2325 5771 fratris
2380 5714 2501 5785 ejus
2559 5712 2667 5767 lilia
2708 5753 2723 5778 ,
2774 5709 3030 5767 secundae
3084 5703 3286 5775 nuptia:
3336 5701 3466 5755 vitio
3520 5715 3611 5777 cas

2029 5821 2175 5867 rent.
