3992 6442
1640 351 2005 415 ΜΛΤΤΙῘᾹΞῙ
2042 352 2046 359 “

2150 347 2474 409 ASTARIS
3550 334 3665 401 llQl

861 468 1127 535 Septimus
1162 482 1266 522 non
1298 464 1614 535 prohibitus.

2578 456 2871 524 Ἕϐδομος
2908 451 3239 519 ἀκώλυτος.

526 567 623 622 Sin
653 562 922 621 extribus
939 570 994 616 et
1019 568 1280 629 quatuor.
1307 572 1520 620 rursus,
1545 555 1813 624 siquidem
1836 551 2026 607 confu-

2202 553 2263 606 Εἰ
2292 552 2350 605 δὲ
2380 552 2442 604 ἐκ
2462 550 2629 619 τριῶν
2667 550 2757 601 καὶ
2786 547 3090 617 τεσσάρων,
3122 543 3307 603 πάλιν,
3341 542 3389 595 εί
3421 539 3517 611 μέν
3545 541 3675 593 ἐστιν

456 660 541 713 sio
574 658 722 712 nulla
758 654 1074 719 intervenit,
1115 653 1470 721 permittitur.
1505 649 1745 702 Patruus
1792 649 1934 699 enim
1974 656 2026 699 et

2150 644 2454 712 ίσύγχυτον,
2502 641 2958 710 συγκεχώρηταιο
2992 638 3135 698 θεῖος
3183 634 3292 704 γὰρ
3340 633 3437 686 καὶ
3480 631 3677 698 ἀνεψιὸς

456 364 593 432 1123

456 750 647 806 fratris
678 751 799 817 ejus
833 746 978 801 ﬁlius
1028 744 1163 798 duas
1202 742 1561 797 consobrinas
1601 740 1734 794 citra
1785 737 2028 808 prohibi-

459 847 663 900 tionem
703 844 936 898 ducunt.

946 930 1209 997 Septimus
1245 924 1560 995 prohibitus.

534 1022 653 1077 Non
706 1023 860 1088 item,
891 1021 934 1075 si
965 1020 1217 1075 confusio
1268 1016 1517 1086 quaedam
1571 1024 1829 1082 emergat.
1884 1012 2033 1064 Arus

459 1116 609 1172 enim
632 1123 686 1169 et
715 1128 985 1184 pronepos
1033 1127 1062 1165 a
1096 1109 1445 1165 matrimonio
1479 1092 1712 1161 duarum
1752 1103 2037 1158 consobri-

463 1221 659 1261 narum
683 1213 963 1268 arcentur,
1007 1216 1078 1257 ne
1100 1198 1385 1269 eongeneri
1412 1197 1494 1250 vel
1518 1195 1774 1251 coaﬂines
1798 1194 2037 1246 habean-

465 1310 577 1351 tur.
609 1297 879 1350 Nimirum
912 1295 1065 1364 prius
1093 1300 1438 1347 contractum
1473 1287 1883 1345 matrimonium
1921 1300 2036 1338 ma-

467 1399 559 1444 net
583 1391 898 1448 immotum,
936 1387 1206 1455 posterius
1231 1382 1572 1452 prohibetur,
1602 1379 1687 1434 vel
1717 1379 1762 1434 si
1780 1378 1891 1447 jam
1916 1389 2039 1445 pro-

465 1479 716 1543 cesserit,
758 1478 1056 1532 dirimitur.
1089 1476 1223 1539 Quae
1266 1488 1396 1527 vero
1427 1469 1777 1526 matrimonia
1807 1467 2036 1535 gradum

463 1571 743 1625 aliinitatis
774 1569 1069 1638 septimum
1120 1567 1414 1625 excedunt.
1466 1564 1519 1617 in
1564 1578 1628 1617 ea
1662 1562 1882 1618 curiose
1927 1574 2039 1613 non

464 1662 858 1731 inquirendum
881 1671 985 1724 est,
1011 1673 1110 1719 nec
1134 1658 1402 1713 faciundze
1432 1655 1850 1726 prohibitiones,
1878 1652 2038 1708 sicuti

465 1753 580 1808 fieri
608 1754 855 1808 videmus
884 1760 940 1806 et
979 1753 1034 1805 in
1072 1751 1140 1805 iis
1170 1750 1264 1820 qui
1293 1749 1505 1803 ratione
1542 1746 2039 1816 consanguinitatis

2131 737 2222 790 δύο
2261 734 2714 806 πρωτεξ,.δέλφας
2736 731 3033 793 ἀκωλύτως
3058 727 3452 798 λαμϐάνουσιν.

2531 913 2823 979 “Εϐδομος
2868 910 3312 977 κεκωλυμένος.

2206 1004 2270 1058 El
2293 1004 2349 1058 δὲ
2377 1003 2639 1075 σύγχυσιν
2667 1005 2860 1071 ὁρᾶται
2888 1002 3030 1070 ἔχον,
3057 1001 3116 1052 οὐ
3140 998 3274 1067 δῆτα
3299 1013 3314 1027 ο
3348 994 3565 1052 πάππος
3589 990 3679 1058 γὰρ

2138 1099 2231 1151 καὶ
2262 1098 2573 1165 δισέγγονος
2619 1095 2716 1149 δύο
2776 1091 3224 1163 πρωτεξαδέλφας
3260 1086 3452 1140 λαϐεῖν
3499 1084 3688 1153 εἴργον-

2138 1208 2250 1253 ται,
2290 1188 2375 1241 ἵνα
2413 1190 2487 1259 μὴ
2520 1188 2613 1241 καὶ
2634 1182 2778 1241 οὗτοι
2819 1183 3163 1254 σύγγαμϐροι
3201 1178 3534 1247 λογισθεῖεν.
3566 1173 3688 1227 Ἀλλ’

2138 1284 2166 1334 ὁ
2201 1283 2299 1353 μὲν
2331 1279 2616 1350 προλαϐὼν
2645 1279 2797 1348 μένει
2828 1276 3111 1344 ἀκίνητος,
3141 1272 3419 1326 κωλύεται
3456 1268 3510 1320 δὲ
3540 1269 3567 1320 ὁ
3590 1269 3691 1319 ἑπι-

2138 1374 2446 1445 γινόμενος,
2497 1372 2774 1443 ἢπροϐὰς
2819 1368 3155 1424 διασπᾶταιο
3206 1364 3279 1421 τὰ
3327 1364 3388 1419 δὲ
3442 1360 3577 1428 ὑπὲρ
3613 1362 3691 1409 τὸν

2138 1468 2366 1538 ἕϐδομον
2421 1467 2479 1533 ἐξ
2510 1463 2827 1535 ἀγχιστείας
2877 1455 3424 1529 ἀπολυπραγμόνητά
3465 1455 3569 1505 εἱσι
3608 1450 3690 1502 καὶ

2139 1560 2415 1624 ἀκώλυτα,
2458 1558 2648 1626 ὥσπερ
2679 1559 2736 1609 ὲν
2773 1555 2882 1616 τοῖς
2937 1552 2998 1616 ἐξ
3052 1551 3291 1621 αἵματος
3325 1547 3396 1605 τὰ
3436 1545 3574 1613 ὑπὲρ
3613 1543 3693 1595 τὸν

2141 1651 2348 1719 ὃγδοον.
2383 1650 2458 1703 Οὐ
2489 1647 2672 1710 καλῶς
2694 1647 2749 1700 δέ
2779 1662 2920 1698 τισιν
2954 1642 3195 1712 εἴρηται,
3231 1640 3319 1693 ὅτι
3364 1637 3433 1692 τὰ
3465 1633 3695 1705 εὖρισκὲο

2147 1760 2284 1812 μενα
2313 1741 2373 1805 ἐξ
2407 1738 2722 1808 ἀγχιστείας
2764 1735 2929 1789 ἕκτου
2967 1733 3202 1803 βαθμοῦ,
3237 1732 3327 1784 ὅτε
3365 1730 3463 1800 μὲν
3498 1728 3553 1791 ἐξ
3586 1727 3696 1795 ἴσης

464 1851 717 1896 octavum
752 1840 1043 1895 excedunt.
1077 1838 1345 1895 Caeterum
1394 1853 1501 1891 non
1533 1846 1675 1890 recte
1714 1835 1973 1889 traditum
2009 1850 2041 1905 ιε

2150 1836 2306 1899 εἰσὶν,
2334 1833 2409 1898 ὡς
2437 1833 2495 1896 ἐξ
2544 1830 2806 1899 ἐκατέρου
2842 1828 3045 1897 μέρους
3077 1827 3230 1895 τρεῖς
3266 1819 3413 1875 εἶναι
3448 1819 3692 1891 βαθμοὺς.

470 1933 751 1988 nonnullis
780 1940 883 1997 est,
934 1930 1281 1986 matrimonia
1315 1931 1456 1985 sexti
1509 1944 1573 1984 ex
1626 1927 1886 1985 affinitate
1915 1941 2039 1996 gra-

2143 1925 2399 1981 ἀκώλυτά
2429 1925 2536 1977 εἰσι
2563 1939 2575 1952 ·
2610 1920 2972 1988 κεκωλυμένα
2997 1918 3075 1982 δὲ,
3109 1917 3197 1969 ὅτε
3234 1916 3378 1967 εἰσὶν
3424 1913 3580 1965 ἄνισα
3602 1926 3614 1937 ·
3644 1912 3697 1961 ὲκ

469 2026 572 2080 dus
594 2065 609 2091 ,
641 2039 761 2078 eum
801 2039 960 2093 pares
990 2025 1250 2091 utrinque
1277 2023 1477 2090 gradus
1515 2020 1739 2081 habent,
1777 2033 1883 2072 non
1917 2030 2044 2087 pro-

2150 2018 2252 2089 γὰρ
2281 2016 2389 2071 τῶν
2431 2012 2736 2086 εἰρημένων
2766 2009 3023 2079 ἀνωτέρω
3052 2008 3350 2070 δέδεικται,
3400 2004 3475 2075 μὴ
3517 2004 3575 2093 τδ
3599 2001 3698 2053 itm

469 2117 668 2179 ltiberi;
696 2092 820 2169 cum
849 2117 1107 2183 impares,
1139 2113 1440 2183 prohiberi.
1472 2111 1765 2169 Ostensnm
1791 2120 1874 2168 est
1895 2110 2041 2167 enim

2150 2108 2241 2160 Ita".
2266 2106 2327 2159 τὸ
2381 2104 2587 2169 ἄνισον,
2619 2100 2755 2154 ἀλλὰ
2786 2100 2849 2152 τὸ
2887 2096 3294 2168 συγκεχυμένον
3344 2096 3440 2149 καὶ
3484 2092 3700 2159 ἀσύγχυ-

468 2225 534 2263 ex
570 2207 826 2263 indicatis
857 2206 1131 2274 superius,
1168 2222 1275 2260 non
1311 2207 1676 2275 mqualitatem
1717 2217 1769 2261 et
1800 2205 2045 2275 inaequa-

2150 2215 2255 2262 τον,
2283 2194 2318 2268 ἢ
2345 2196 2579 2265 ἐφιέναι,
2612 2195 2646 2267 ἢ
2680 2197 2965 2266 ἀπείργειν
2994 2196 3055 2246 τὸ
3091 2192 3281 2246 συνάλ)
3297 2209 3477 2259 αγμα.

471 2302 704 2365 litatem,
753 2302 845 2354 sed
877 2298 1259 2353 confusionem
1292 2309 1347 2352 et
1371 2298 1714 2353 confusionis
1739 2298 2043 2353 absentiam

470 2390 552 2442 vel
583 2390 919 2457 permittere,
947 2388 1029 2442 vel
1060 2388 1324 2462 impedire
1358 2395 1724 2442 contractum.

2147 2492 2279 2546 Ὀτι
2311 2492 2384 2546 οὐ
2422 2488 2519 2543 δεῖ
2543 2488 2650 2545 τὸν
2674 2488 2864 2610 αὐτόέ
2899 2485 3012 2611 ἑὲηο
3061 2484 3353 2559 δευτέρας
3386 2482 3700 2550 ἑξαδέλφας

2858 2574 2894 2611 a
2968 2573 3042 2609 ιν.
3618 2604 3623 2611 _

2858 2568 3042 2611 αὔειν.
3618 2604 3623 2611 _

547 2651 837 2708 Probibuit
862 2651 1028 2707 etiam
1070 2651 1337 2717 Ecclesia,
1374 2669 1443 2708 ne
1473 2670 1618 2709 unus
1650 2662 1705 2709 et
1736 2655 1877 2709 idem
1910 2654 2046 2710 duas

2218 2652 2552 2710 Κεκώλυκεν
2600 2654 2633 2721 ἡ
2684 2649 2986 2722 Ἐκκλησία
3015 2650 3107 2703 τὴν
3159 2649 3326 2705 αὐτὴν
3362 2650 3455 2703 καὶ
3504 2648 3596 2701 ἕνα
3621 2645 3701 2701 δύο

473 2748 727 2801 sobrinas
763 2745 930 2800 ducat
966 2758 1187 2800 uxores.
1228 2743 1347 2799 Non
1387 2746 1535 2801 enim
1563 2747 1653 2801 hic
1683 2747 1951 2817 septimus
1980 2763 2046 2802 ex

2150 2747 2409 2817 δευτέρας
2456 2744 2751 2812 ὲξαδέλφας
2786 2741 3105 2809 λαμϐάνειν.
3151 2742 3226 2794 Ού
3259 2741 3374 2811 γὰρ
3408 2740 3627 2809 ἕϐδομος
3654 2737 3703 2800 ἐξ

479 2838 764 2901 affinitate,
800 2853 899 2892 ceu
950 2838 1199 2908 plerique
1246 2847 1462 2907 putant.
1508 2838 1710 2908 gradus
1752 2838 2046 2907 colligitur,

2151 2838 2498 2908 ἀγχιστείας,
2539 2836 2614 2898 ὡς
2653 2833 2856 2888 οἴονταί
2910 2850 3073 2897 τινες,
3130 2832 3433 2900 συνάγεται
3492 2831 3701 2901 βαθμὸς,

476 2929 572 2983 sed
616 2934 841 2983 Sextus:
877 2937 1160 2996 propterea
1209 2928 1353 2996 quod
1403 2928 1634 2982 maritus
1664 2938 1717 2983 et
1760 2943 1899 2982 uxor
1938 2944 2046 2983 uno

2150 2930 2287 2984 ἀλλὰ
2316 2929 2496 2992 ἕκτος,
2524 2926 2612 2980 διὰ
2644 2926 2703 2979 τὸ
2732 2925 2852 2988 ὲνός
2895 2923 3104 2995 βαθμοῦ
3152 2923 3472 2991 λογίζεσθαι
3499 2923 3584 2977 τὸν
3620 2923 3701 2977 ἄνα

475 3020 646 3087 gradu
679 3019 945 3072 contineri
982 3017 1276 3073 ducantur.
1315 3017 1430 3073 lloe
1470 3020 1616 3073 enim
1652 3035 1775 3073 eum
1821 3020 1875 3074 in
1915 3035 2046 3074 con-

2152 3022 2254 3092 δρα
2311 3020 2448 3090 μετὰ
2501 3020 2599 3089 τῆς
2640 3017 2902 3087 γυναικός
2926 3032 2956 3056 ⁸-
2992 3018 3148 3069 τοῦτο
3186 3018 3302 3087 γὰρ
3357 3016 3586 3087 ζητηοὲν
3626 3016 3704 3066 ἐπὶ

477 3111 830 3166 sultationem
873 3110 1113 3164 venisset
1152 3119 1397 3179 tempore
1444 3107 1649 3165 Nicolai
1697 3113 2046 3180 patriarchae,

2155 3113 2263 3168 τῶν
2314 3111 2540 3183 ἡμερῶν
2571 3110 2665 3163 τοῦ
2716 3109 3060 3180 πατριάρχου
3112 3108 3427 3169 Νικολάου,
3481 3105 3705 3169 ἐκωλύθη

477 3201 814 3269 prohibitum
852 3201 919 3255 ab
960 3199 1199 3256 Ecclesia
1239 3200 1374 3255 fuit:
1414 3201 1683 3272 simulque
1709 3203 2046 3273 promulgata

2157 3202 2311 3276 παρὰ
2338 3204 2435 3273 τῆς
2458 3200 2788 3271 Ἐκκλησίας
2816 3217 2829 3231 ο
2870 3198 3083 3270 προύϐη
3110 3199 3164 3251 δὲ
3197 3200 3295 3251 καὶ
3328 3199 3602 3266 θέσπισμα
3625 3193 3703 3251 τού

477 3292 577 3346 fuit
607 3291 818 3346 sanctio
850 3291 983 3344 clari
1024 3292 1285 3362 principis
1326 3287 1620 3358 Manuelis,
1669 3309 1790 3362 qua:
1837 3295 2046 3360 statuit,

2157 3297 2215 3347 ἐν
2246 3292 2559 3364 βασιλεῦσιν
2589 3292 2830 3361 ἀοιδίμου
2875 3290 3157 3361 Μανουὴλ,
3191 3290 3265 3359 μὴ
3312 3288 3558 3359 γίνεσθαί
3591 3301 3705 3339 ποτε

477 3398 544 3438 ne
576 3383 683 3437 tale
711 3381 841 3452 quid
875 3396 1116 3451 unquam
1150 3381 1261 3436 flat.
1293 3381 1398 3436 Sed
1427 3397 1532 3451 qua
1575 3388 1642 3436 de
1673 3398 1840 3438 causa
1882 3382 1962 3447 fit.
1996 3393 2046 3438 ul

2157 3386 2317 3439 τοῦτο
2348 3385 2745 3457 διοριζόμενον.
2772 3384 2871 3437 Διὰ
2898 3384 2950 3436 τί
2978 3384 3035 3436 δὲ
3068 3385 3136 3436 τὰ
3160 3383 3219 3448 ἐξ
3241 3382 3582 3453 ἀγχιστείας,
3607 3382 3703 3433 εἴτ⁹

476 3476 619 3529 inter
646 3471 829 3528 aliines
862 3473 943 3528 vel
986 3473 1095 3527 duo
1120 3473 1336 3529 diversa
1385 3489 1584 3543 genera
1628 3483 1922 3531 contractas
1951 3491 2046 3530 nu-

2157 3489 2251 3530 ουν
2299 3476 2566 3544 διγενεῐας
2588 3515 2601 3539 ,
2639 3476 2718 3537 είς
2754 3474 2845 3527 τὸν
2884 3474 3113 3545 ἕϐδομον
3143 3472 3336 3526 λύεται
3371 3470 3611 3543 βαθμὸνς
3639 3465 3705 3520 Τὸ

478 3564 628 3633 ptitu,
656 3566 825 3633 gradu
877 3564 1110 3633 septimo
1153 3563 1339 3618 liberte
1372 3564 1519 3620 sint?
1551 3563 1703 3630 Quod
1752 3581 1920 3619 unum
1951 3578 2046 3633 est1

2157 3569 2216 3621 ἓν
2266 3568 2299 3638 ἢ
2335 3569 2494 3637 φύσει
2542 3569 2714 3627 ἐστὶν,
2748 3565 2780 3636 ἢ
2816 3565 2995 3619 θέσει’
3028 3566 3123 3619 καὶ
3168 3565 3335 3633 φύσει
3388 3565 3507 3634 μὲν,
3538 3562 3606 3625 ὠς
3635 3555 3703 3623 εἷς

478 3655 565 3711 vel
602 3667 686 3710 est
716 3665 935 3722 natura,
964 3655 1050 3709 vel
1087 3656 1457 3724 adrogatione.
1498 3654 1703 3710 Natura
1735 3673 1901 3711 unum
1949 3667 2046 3722 est,

2157 3659 2447 3729 ἄνθρωπος
2471 3673 2485 3688 ο
2516 3657 2663 3710 θέσει
2704 3656 2785 3722 δὲ,
2827 3656 2903 3719 ὡς
2941 3658 2969 3709 ὁ
2998 3655 3139 3728 ἀνὴρ
3174 3656 3316 3725 μετὰ
3363 3656 3463 3725 τῆς
3493 3653 3703 3723 νομίμου

477 3761 533 3799 v.
569 3762 621 3815 g.
650 3762 793 3800 unus
822 3747 1010 3800 homo.
1038 3745 1216 3801 Unum
1249 3746 1625 3817 adrogatione,
1648 3758 1703 3801 ut
1728 3750 1809 3802 vir
1835 3758 1890 3804 et
1919 3766 2046 3805 uxor

2159 3749 2439 3819 γυναικδς,
2466 3748 2561 3813 οὒς
2591 3747 2776 3819 σχέσις
2808 3748 2987 3819 ῆνωσε
3019 3750 3113 3800 καὶ
3160 3747 3434 3815 συνάφεια
3466 3743 3702 3816 σαρκικὴ,

478 3837 749 3908 legitima,
780 3852 922 3907 quos
964 3838 1137 3890 univit
1166 3837 1385 3911 alfeetio
1417 3846 1471 3892 et
1502 3839 1822 3909 conjunctio
1858 3855 2046 3895 carna-

2158 3841 2235 3905 ὡς
2273 3841 2486 3912 εἴρηται
2507 3857 2520 3872 ο
2557 3857 2577 3891 ι
2611 3840 2718 3891 Καὶ
2758 3837 2971 3890 ἔσονται
2996 3839 3046 3890 οί
3065 3837 3157 3890 δύο
3184 3838 3263 3900 είς
3296 3839 3481 3906 σάρκα
3518 3836 3654 3905 μίαν,
3681 3849 3697 3881 ι

483 3929 571 3994 lis,
600 3928 764 3984 sicuti
796 3931 1154 3998 perscriptum
1191 3930 1452 4000 legimus:
1493 3951 1511 3983 ι
1551 3930 1614 3985 Ει
1661 3942 1822 3988 erunt
1864 3933 1918 3989 lii
1948 3934 2046 3989 dun

2162 3933 2335 3986 Ὅταν
2364 3931 2463 4001 μὲν
2488 3925 2585 3982 οὖν
2617 3930 2677 3993 ἐξ
2706 3930 2940 3999 αἵματος
3034 3931 3067 3998 ὴ
3099 3929 3380 3994 οἰκείωσις
3412 3930 3503 3982 καὶ
3537 3929 3703 3997 γένους

481 4019 536 4073 in
573 4036 793 4074 carnem
832 4018 1027 4074 unam.
1069 4037 1087 4070 ι
1128 4020 1312 4090 Itaque
1344 4038 1467 4075 cum
1518 4024 1864 4077 necessitudo
1908 4026 2046 4079 exsi-

2159 4024 2302 4089 ὲνδς,
2328 4024 2390 4076 τὸ
2423 4024 2625 4076 οἰκεῖόν
2657 4038 2718 4074 τε
2745 4022 2837 4075 καὶ
2869 4022 2933 4074 τὸ
2982 4022 3041 4075 ἓν
3091 4023 3256 4091 φύσει
3295 4023 3447 4075 ἐστίν
3468 4040 3481 4053 ·
3512 4023 3629 4073 ὅταν
3655 4017 3703 4069 δὲ

480 4112 576 4165 stit
599 4127 665 4165 ex
692 4110 977 4182 sanguine,
1008 4120 1061 4165 ct
1092 4126 1158 4165 ex
1185 4112 1376 4166 eodem
1410 4128 1609 4183 genere
1629 4154 1644 4177 ,
1679 4115 1948 4170 naturalis
1973 4125 2046 4170 est

2159 4115 2219 4180 ἐξ
2248 4114 2568 4185 ἀγχιστείας
2596 4114 2693 4167 καὶ
2723 4112 2819 4165 δύο
2840 4113 3036 4181 γενῶν,
3070 4112 3220 4167 θέσει
3246 4114 3309 4166 τδ
3339 4114 3418 4177 ἓν,
3453 4113 3541 4165 καὶ
3573 4111 3603 4181 ή
3634 4105 3699 4159 ol-

481 4205 835 4259 necessitudo
884 4213 941 4258 et
971 4205 1189 4259 unitas:
1227 4219 1352 4258 eum
1384 4219 1449 4259 ex
1490 4206 1767 4272 afﬁnitate,
1811 4224 1874 4263 ac
1914 4208 2046 4263 duo-

2159 4210 2377 4279 κειότης
2410 4206 2595 4270 αὐτοῖς
2622 4206 2681 4260 οὐ
2709 4206 2854 4260 κατὰ
2882 4205 2981 4275 τὴν
3010 4204 3072 4270 ἐξ
3105 4205 3343 4276 αἵματος
3366 4206 3664 4271 οἰκειότητα
3685 4213 3697 4226 °

483 4294 591 4349 bus
616 4296 906 4361 generibus
928 4332 943 4356 ,
980 4295 1333 4364 adrogatione
1371 4297 1429 4350 lit
1459 4298 1640 4353 unitas
1677 4300 1817 4354 inter
1851 4315 1972 4362 eos.
2003 4310 2046 4355 et

2157 4299 2237 4352 διδ
2262 4300 2354 4355 καὶ
2390 4297 2471 4368 τῷ
2498 4296 2863 4367 ὑποϐεϐηκότι
2886 4296 3104 4366 βαθμῷ,
3126 4296 3224 4350 καὶ
3247 4283 3361 4367 «ipa
3386 4296 3482 4349 τοῦ
3512 4294 3699 4363 ὀγδόου.

485 4387 831 4441 necessitudo
849 4401 877 4439 a
896 4389 1382 4455 consanguinitatis
1401 4391 1800 4445 necessitudine
1819 4393 2046 4469 diversa.

2159 4390 2319 4453 εὐθὺς
2352 4388 2387 4459 ἠ
2434 4386 2659 4457 τοιαύτη
2691 4388 2968 4456 οίκειότης
3014 4403 3077 4439 τε
3107 4388 3205 4441 καὶ
3258 4387 3459 4450 ἓνωσις
3496 4386 3700 4439 λύεταιο

483 4479 781 4547 Propterea
803 4492 927 4530 mox
949 4477 1206 4531 inferiore
1228 4480 1418 4547 gradu.
1438 4491 1490 4533 et
1510 4493 1635 4535 ante
1656 4493 1930 4548 octavum,
1956 4485 2046 4537 liu-

2156 4485 2223 4534 τὰ
2250 4481 2369 4553 γὰρ,
2389 4480 2593 4551 μᾶλλον
2620 4482 2724 4550 τὴν
2748 4479 2944 4534 ἕνωσιν
2968 4480 3162 4551 ἔχοντα
3213 4479 3463 4543 πλείονος
3500 4477 3587 4529 καὶ
3613 4472 3698 4540 τῆς

478 4567 724 4639 jusmodi
770 4568 1115 4623 necessitudo
1160 4581 1213 4624 et
1261 4571 1575 4640 conjunctio
1618 4574 1873 4628 solvitur.
1905 4575 2046 4640 Quo-

2158 4574 2514 4635 ἀποστάσεως
2562 4573 2701 4642 πρὸς
2725 4571 2829 4642 τὴν
2873 4571 3119 4625 διάλυσιν
3161 4571 3400 4639 δέονται,
3442 4571 3620 4638 ὥσπερ
3645 4566 3702 4619 τὰ

485 4676 607 4715 rum
635 4660 779 4713 cnim
809 4661 1055 4715 strictior
1082 4673 1165 4716 est
1186 4663 1524 4731 conjunctio,
1552 4680 1613 4718 ea
1640 4665 1864 4735 majoris
1886 4667 2046 4722 etiam

2156 4660 2322 4736 ἦττον
2346 4664 2629 4735 ⁴ίλνωμένα,
2661 4662 2966 4726 ἐλάττονος.

484 4750 726 4820 indigent
747 4751 1020 4805 intervalli
1044 4752 1109 4806 ad
1145 4752 1269 4818 hoc,
1302 4762 1361 4807 ut
1382 4756 1662 4823 exspiret:
1695 4755 1855 4809 sicuti
1883 4756 2058 4810 mino-

484 4840 582 4907 ris,
610 4857 731 4911 qua:
762 4841 943 4897 minus
976 4844 1128 4897 unita
1162 4853 1316 4899 sunt.

594 4929 668 4983 De
691 4932 1047 4984 matrimoniis
1086 4948 1150 4986 ex
1190 4933 1365 4986 tribus
1400 4934 1622 4987 diversis
1654 4936 1950 5002 generibus.

596 2503 859 2555 Eumdcm
895 2517 998 2554 non
1028 2499 1217 2554 debere
1253 2500 1391 2553 duas
1427 2498 1668 2554 sobrinus
1703 2499 1914 2554 dueere.

2560 4924 2698 4990 Περὶ
2727 4919 2847 4976 τῶν
2865 4921 2937 4977 ἐκ
2966 4922 3311 4992 τριτεγειας.

553 5021 902 5076 Matrimonia
939 5038 1004 5077 ex
1056 5026 1229 5080 tribus
1279 5026 1519 5080 diversis
1555 5028 1846 5096 generibus
1886 5026 2059 5096 perti-

486 5120 617 5166 nent
642 5122 697 5165 et
725 5111 833 5182 50
863 5113 978 5183 ipsa
1000 5131 1220 5184 queque
1241 5116 1308 5169 ad
1341 5118 1583 5170 rationes
1610 5115 1932 5172 affinitatis:
1963 5116 2055 5172 sed

485 5204 631 5259 tertii
657 5206 873 5274 generis
905 5207 1215 5260 interventu
1250 5206 1469 5263 facilius
1496 5209 1665 5262 libera
1701 5210 1861 5273 fiunt,
1893 5223 2057 5279 quam

484 5311 550 5351 ex
585 5295 802 5351 duobus
855 5313 1150 5365 connexa;
1200 5300 1402 5370 quippe
1447 5300 1593 5353 sicut
1640 5301 1755 5355 haec
1799 5300 2061 5370 gradibus

485 5388 702 5455 duobus
729 5389 987 5444 inf-riora
1013 5402 1143 5445 sunt
1173 5392 1473 5446 contractis
1498 5407 1563 5445 ex
1587 5392 2062 5461 consanguinitate

488 5477 647 5548 (quae
676 5481 847 5550 gradu
888 5491 1090 5536 octavo
1127 5481 1295 5535 libera
1346 5484 1504 5545 fiunt,
1539 5497 1663 5535 cum
1698 5498 1792 5551 per
1825 5482 2060 5536 aliinita-

486 5581 595 5624 tem
636 5587 704 5627 ex
740 5573 957 5628 duobus
994 5585 1274 5627 contracta
1318 5576 1613 5644 generibus
1661 5589 2057 5643 nonnunquam

488 5665 657 5733 gradu
696 5673 852 5718 sexto
902 5666 1071 5719 libere
1119 5666 1527 5736 permittantur)
1574 5684 1586 5719 :
1630 5668 1699 5720 ita
1742 5683 1939 5721 rursus
1989 5682 2055 5719 ex

491 5754 667 5809 tribus
713 5756 1009 5809 constituta
1060 5756 1373 5825 generibus,
1418 5759 1581 5809 etiam
1618 5758 1833 5810 duobus
1877 5757 2057 5824 gradi-

2232 5020 2313 5075 Τὰ
2342 5021 2400 5073 δὲ
2446 5022 2512 5072 ὲκ
2561 5016 2869 5087 τριγενείας
2902 5017 3118 5086 γαμικὰ
3164 5010 3459 5084 ζητήματά
3488 5011 3587 5062 εἰσι
3620 5005 3700 5073 μὲν

2163 5116 2257 5170 καὶ
2286 5113 2462 5168 ταῦτα
2494 5111 2555 5178 ἐξ
2582 5110 2925 5181 ἀγχιστείας,
2951 5107 3086 5161 ἀλλὰ
3107 5109 3173 5176 τῇ
3204 5107 3299 5159 τοῦ
3328 5104 3509 5174 τρίτου
3536 5102 3699 5170 γένους

2162 5208 2434 5275 ὲπιπλοκῇ
2472 5206 2603 5277 ῥᾷον
2634 5204 2668 5275 ἢ
2704 5203 2772 5255 τὰ
2805 5202 2868 5253 ὲκ
2905 5200 3000 5253 δύο
3046 5195 3514 5269 συμπεπλεγμένα
3546 5188 3698 5258 γενῶν

2160 5299 2380 5352 λύονται
2405 5313 2419 5329 ’
2449 5295 2639 5364 ὥσπερ
2672 5294 2782 5363 γὰρ
2808 5292 2990 5345 ταῦτα
3018 5289 3140 5342 δυσὶ
3167 5288 3395 5358 βαθμοῖς
3419 5279 3696 5348 ὑποϐέϐηκε

2159 5390 2270 5443 τῶν
2299 5388 2359 5452 ἐξ
2381 5387 2635 5457 αἵματος⁴
2668 5384 2759 5455 (τὰ
2802 5383 2902 5453 μὲν
2952 5381 3062 5452 γὰρ
3091 5381 3173 5443 εἱς
3217 5378 3308 5431 τὸν
3338 5377 3535 5445 θγδοον,
3568 5387 3628 5423 τι
3651 5365 3697 5419 δὲ

2162 5479 2223 5543 ἐξ
2253 5479 2573 5549 ἀγχιστείας
2621 5476 2686 5527 ὲκ
2711 5475 2857 5526 δυοῖν
2903 5473 3084 5541 γενοῖν
3126 5470 3239 5525 ἐσθ’
3266 5471 3352 5524 ὅτε
3393 5472 3481 5521 καὶ
3510 5464 3584 5525 είς
3623 5464 3698 5511 rw

2160 5573 2321 5625 ἕκτον
2346 5567 2610 5640 λύονται),
2647 5568 2790 5621 οὕτω
2821 5566 2982 5621 πάλιν
3021 5567 3090 5618 τὰ
3117 5567 3181 5617 ὲκ
3212 5560 3530 5631 τριγενειας,
3568 5549 3697 5605 δυσὶν

2165 5660 2604 5716 ὑποϐιϐασοὲντα
2642 5657 2871 5728 βαθμοῖς
2904 5657 3015 5709 τῶν
3047 5657 3112 5709 ὲκ
3145 5655 3239 5707 δύο
3270 5651 3457 5721 γενῶν,
3488 5645 3577 5715 τὴν
3607 5642 3692 5707 ἀρ·

2164 5756 2264 5827 κῆν
2298 5756 2395 5823 τῆς
2426 5750 2629 5812 λύσεως
2663 5748 2803 5802 κατὰ
2849 5747 2939 5800 τὸν
2968 5745 3232 5816 τέταρτον
3262 5742 3418 5802 εὐθὺς
3450 5732 3685 5806 λαμϐάνει
