3992 6410
479 318 617 388 1127

1674 319 2058 383 -ΜᾹΤΤΠΧΕΙ
2110 318 2535 379 BLASTARIS

3516 273 3520 277 ’
3591 308 3698 375 nas

476 435 807 498 sideremus,
837 431 1042 503 gradus
1068 430 1122 487 in
1147 432 1257 497 his,
1291 446 1390 487 ceu
1435 431 1698 495 diximus,
1733 438 1965 497 quartus
1993 444 2073 483 rc-

2178 428 2439 496 τέταρτον
2470 427 2529 478 ἐν
2571 424 2781 486 τούτοις
2834 423 3045 493 βαθμὸν
3081 424 3334 475 ἀπαιτεῖ·
3363 422 3436 474 δεῖ
3481 422 3578 491 γὰρ
3620 427 3701 493 τὴν

475 524 740 590 quiritur.
782 524 884 593 51
922 523 1134 591 Quippe
1185 523 1650 578 necessitudinem
1700 520 1978 589 aﬂinitatis
2010 525 2065 577 in

476 624 854 669 transversum
880 632 988 670 non
1017 617 1383 685 nihilfoportet
1401 616 1646 678 extendi,
1665 624 1830 685 atque
1853 617 1926 671 ita
1950 616 2067 670 licio

476 716 591 759 Iunt
622 708 729 761 erit
776 709 1219 764 matrimonium.
1257 706 1321 762 ν.
1350 723 1402 770 α.
1432 707 1632 776 conjux
1658 706 1846 761 fratris
1874 708 2066 761 uxoris

477 810 613 850 mea:
648 796 953 865 propinqua
993 796 1406 851 necessitudine
1455 796 1705 866 jungitur
1741 796 2067 850 intermedio

477 889 690 956 generi,
712 890 854 942 sicut
869 899 921 942 et
940 905 1041 959 ego
1059 895 1185 959 Ipsi.
1208 894 1359 943 Hanc
1399 889 1567 943 frater
1588 904 1768 952 meus,
1804 888 2066 943 defuncto

478 980 742 1049 conjugis
788 996 925 1034 mem
958 979 1148 1045 fratre,
1180 981 1386 1036 dueere
1406 981 1545 1035 citra
1579 981 2065 1050 reprehensionem

480 1082 682 1142 potest,
702 1073 782 1126 vel
803 1073 1087 1142 ipsiusego
1107 1087 1383 1139 sororem;
1407 1072 1501 1128 sed
1521 1085 1628 1125 non
1650 1071 1735 1125 fas
1757 1080 1840 1125 est
1863 1079 1923 1124 ut
1950 1070 2068 1138 ipsa

481 1163 616 1217 mihi
636 1162 828 1216 nnbat.
856 1162 1069 1217 Rursus
1086 1161 1300 1218 afﬁnem
1326 1172 1521 1217 nactus
1539 1175 1911 1225 sum,sororts
1936 1175 2068 1214 mea:

485 1258 664 1310 virum
696 1272 712 1322 ;
761 1255 916 1321 cujus
946 1255 1221 1319 fratriam,
1269 1253 1423 1307 fratri
1451 1254 1666 1308 scilicet
1692 1254 1863 1321 ipsius
1890 1267 2069 1321 quon-

478 1348 605 1402 dam
631 1357 885 1416 nuptam,
907 1363 1131 1402 uxorem
1159 1349 1273 1416 ipse
1285 1340 1429 1400 duco
1449 1347 1587 1400 citra
1608 1344 2061 1413 prohibitionem,

478 1444 741 1512 quoniam
791 1455 844 1496 et
890 1445 1072 1511 quarti
1122 1424 1325 1512 gradus
1354 1456 1476 1496 esse
1506 1440 1965 1510 deprehenditur,
2016 1451 2068 1494 et

482 1534 698 1605 longius
719 1535 1005 1604 aliquanto
1032 1545 1346 1590 removetur
1366 1551 1396 1590 a
1424 1534 1833 1591 necessitudine
1853 1533 2071 1603 generis

482 1626 815 1681 intermedii.
837 1625 971 1693 Quae
990 1627 1138 1682 enim
1160 1642 1400 1698 persona
1425 1642 1592 1698 prope
1617 1642 1744 1682 eum
1778 1627 1899 1696 ipso
1938 1641 2071 1681 con-

474 1717 750 1789 jungitur,
782 1734 943 1775 soror
989 1736 1109 1775 mea
1151 1729 1277 1777 est:
1312 1722 1428 1790 ipse
1460 1734 1592 1776 vero
1634 1735 1756 1774 sum
1781 1736 1847 1775 ex
1888 1731 2067 1775 trans-

481 1828 663 1879 verso,
693 1822 750 1868 et
769 1814 932 1884 paulo
962 1815 1233 1869 remotior
1258 1815 1329 1869 ab
1353 1813 1680 1869 iutermedia
1710 1827 1969 1883 persona.

551 1906 767 1961 Rursus
814 1916 1012 1961 nactus
1063 1922 1187 1962 sum
1241 1922 1533 1978 generum,
1569 1908 1833 1961 maritum
1888 1906 2066 1961 tiliae:

482 1999 644 2069 cujus
699 1999 994 2066 fratriam,
1046 2008 1273 2070 nuptam
1331 2000 1549 2055 scilicet
1605 1998 1883 2068 quondam
1946 1996 2068 2065 ejus

481 2092 665 2157 fratri,
690 2091 823 2146 mihi
845 2092 1067 2161 quidem
1091 2107 1256 2146 omne
1293 2090 1449 2146 nefas
1472 2101 1550 2145 est
1582 2104 1811 2144 uxorem
1842 2083 2069 2154 ducere,

483 2186 650 2240 veluti
683 2199 854 2255 prope
899 2184 1250 2251 coniunctam
1296 2184 1625 2239 intermedio
1668 2182 1878 2253 generi;
1911 2197 2070 2237 soro-

486 2291 599 2331 rem
631 2287 813 2330 tameu
847 2275 967 2345 ejus
1000 2276 1147 2330 licite
1171 2276 1335 2329 duco.

560 2367 704 2434 Quin
729 2368 894 2422 etiam
931 2382 1097 2438 gener
1122 2376 1177 2422 et
1215 2367 1408 2421 uxoris
1444 2365 1631 2428 frater,
1677 2365 1722 2421 si
1759 2368 1908 2422 vidui
1944 2367 2069 2422 facti

487 2460 635 2523 sint,
697 2460 921 2514 amitam
980 2468 1034 2514 et
1085 2458 1275 2513 fratris
1326 2458 1443 2527 ejus
1497 2458 1663 2512 ﬁliam
1722 2474 2071 2528 nequaquam

487 2555 720 2606 ducunt.
747 2551 919 2617 Cujus
950 2560 1133 2605 autem
1170 2550 1426 2604 defuncta
1456 2559 1540 2605 est
1575 2565 1740 2615 uxor,
1771 2551 1819 2603 ei
1850 2551 2076 2620 permit-

490 2645 652 2711 titur,
678 2654 738 2699 ut
772 2659 999 2699 uxorem
1037 2644 1203 2699 ducat
1241 2644 1537 2713 eongeneri
1570 2642 1653 2696 vel
1685 2640 1933 2696 coaﬂiuis
1986 2642 2071 2696 sui

485 2751 758 2803 sororem,
840 2728 845 2733 ’
973 2714 987 2727 ’

557 2826 737 2895 Atque
768 2825 932 2880 etiam
965 2825 1133 2879 filiam
1176 2824 1415 2879 sobrium
1447 2823 1649 2894 prioris
1684 2838 1937 2889 uxorem,
1971 2840 2074 2881 nec

488 2930 598 2969 non
633 2918 833 2986 prioris
877 2919 1069 2970 uxoris
1117 2916 1341 2968 amitam
1385 2931 1633 2983 parvam,
1659 2916 1762 2970 hoc
1796 2925 1912 2980 cst,
1942 2931 2075 2969 cou-

484 3010 766 3063 sobriuam
799 3024 994 3063 socrus
1027 3025 1160 3063 sum.

570 3103 775 3158 Verum
802 3101 966 3155 tiliam
999 3101 1345 3156 consobrina:
1368 3099 1566 3170 prioris
1593 3096 1846 3167 conjugis
1872 3098 2074 3153 ducere

485 3196 833 3269 prohibetur.

560 3290 810 3345 Fratrem
869 3294 926 3341 et
979 3301 1227 3343 sororem
1298 3286 1536 3341 duarum
1595 3288 2078 3356 mnlierum,qua:

489 3384 706 3439 duobus
751 3378 1013 3435 fratribus
1045 3388 1228 3449 nupta:
1258 3387 1410 3445 sunt,
1434 3378 1576 3433 inter
1606 3394 1666 3434 se
1707 3380 1956 3450 copulari
1989 3381 2071 3435 fas

485 3484 593 3531 est.

562 3556 847 3624 Sententia
872 3580 1003 3620 vero
1033 3562 1579 3633 patriarchaaLeonis
1603 3561 1788 3634 Stupae
1800 3565 2074 3629 concedit,

490 3672 551 3716 ut
570 3676 738 3733 gener
765 3668 819 3713 et
851 3658 1043 3713 uxoris
1077 3655 1246 3710 frater
1277 3668 1500 3709 sorores
1525 3655 1666 3708 duas
1688 3657 1919 3719 ducant,
1946 3669 2073 3709 cum

492 3755 695 3823 gradus
720 3750 948 3820 quintus
973 3748 1366 3804 constituatur.

564 3846 710 3901 Idem
764 3846 1068 3907 decretum,
1115 3859 1182 3897 ac
1214 3853 1477 3912 prreterca
1533 3844 1810 3895 decretum
1859 3839 2074 3896 Arsenii

489 3938 843 4009 patriarchae,
878 3945 1127 3992 statuunt
1163 3936 1391 3990 minime
1419 3935 1756 4005 prohibitum
1787 3949 1938 4000 esse,
1962 3950 2076 4004 quo

493 4032 677 4085 minus
703 4033 813 4085 duo
839 4030 1035 4083 fratres
1060 4030 1262 4082 ducant
1292 4042 1493 4081 nurum
1526 4042 1589 4081 ac
1607 4040 1855 4081 sororem
1895 4028 2075 4081 mariti

491 4124 636 4194 ejus.
1122 4166 1127 4171 .

567 4218 804 4271 Patruus
861 4225 916 4269 et
976 4213 1210 4267 maritus
1258 4211 1380 4283 filim
1443 4210 1631 4266 fratris
1680 4210 1821 4279 ejus,
1852 4225 2077 4268 sorores

494 4315 627 4367 duas
670 4313 876 4364 ducere
918 4323 1028 4362 non
1068 4305 1451 4370 prohibentur,
1490 4302 1619 4359 licet
1659 4305 1861 4375 gradus
1887 4313 2075 4359 sextus

493 4402 784 4457 constituat
797 4414 882 4453 ur.

561 4515 702 4583 Quin
738 4515 901 4569 etiam
948 4525 1114 4579 gener
1161 4518 1215 4564 et
1250 4509 1418 4564 frater
1479 4510 1666 4565 uxoris
1706 4511 1845 4565 duas
1878 4524 2078 4566 conso-
2112 4526 2154 4576 ι)

494 4611 681 4664 brinas
714 4608 917 4662 ducere
949 4621 1056 4659 non
1091 4604 1484 4674 prohibentur,
1516 4602 1641 4658 licet
1677 4602 1879 4673 gradus
1910 4602 2079 4672 septi-

498 4718 619 4756 mus
655 4708 919 4767 emergat.

570 4816 851 4871 Michaelis
883 4822 1063 4868 autem
1109 4813 1439 4883 patriarcha
1480 4812 1748 4865 sententia
1790 4780 2077 4881 permiitit,

493 4919 551 4962 ut
576 4906 805 4961 Joannis
837 4905 967 4965 lilia,
992 4914 1044 4957 ct
1075 4905 1318 4970 ejusdem
1363 4904 1554 4959 uxoris
1583 4918 1649 4956 ex
1679 4901 1851 4955 fratre
1876 4902 2075 4971 neptis,

495 5002 762 5057 fratribus
794 4999 1002 5051 duobus
1035 4997 1384 5066 clvpulentur.

570 5201 822 5257 Nonnulli
869 5212 1050 5255 tamen
1083 5202 1331 5270 qumdam
1367 5215 1431 5256 ex
1476 5200 1735 5255 tndieatis
1780 5198 1933 5257 hisce
1965 5219 2081 5257 ma-

502 5295 776 5351 trimoniis
808 5296 996 5351 illicita
1034 5294 1468 5360 pronuntiarunt
1506 5311 1522 5348 :
1556 5294 1812 5349 videlicet
1845 5306 1905 5348 ut
1949 5311 2079 5349 con-

503 5403 669 5455 ,qencr
716 5387 972 5457 deinceps
1020 5399 1269 5439 sororem
1301 5385 1424 5453 ejus
1463 5384 1648 5447 ducat,
1681 5383 1775 5452 qui
1806 5398 2079 5450 congener

500 5481 673 5551 ipsius
701 5480 881 5534 fuerit.

569 5597 643 5651 Ac
687 5602 947 5664 praeterea
1009 5593 1182 5646 frater
1229 5590 1436 5655 uxoris,
1471 5599 1533 5646 ut
1565 5607 1685 5646 eam
1736 5592 1920 5655 ducat,
1952 5608 2074 5660 qua:

496 5688 683 5757 generi
735 5702 836 5741 suo
886 5685 1111 5740 fratrem
1151 5684 1204 5737 in
1255 5684 1611 5738 matrimonio
1644 5684 1847 5738 habeat
1884 5701 1899 5735 :
1934 5685 2074 5738 sicut

497 5780 632 5836 illud
690 5778 878 5843 etiam,
939 5777 1082 5843 quod
1125 5776 1445 5847 episcopum
1478 5772 1887 5833 Thessalonica
1929 5773 2078 5827 Chu-

2169 520 2483 588 οἰκειότητα
2505 518 2602 586 τῆς
2625 518 2943 586 ἀγχιστείας
2970 515 3376 584 πλαγιασθῆναι
3411 516 3608 583 μικρδν,
3628 518 3703 571 καὶ

2170 612 2476 681 τηνικαῦτα
2501 613 2656 667 ἔσται
2688 612 2911 680 θεμιτδς
2944 615 2970 665 ὁ
3003 612 3203 681 γάμος.
3233 607 3380 675 Οἷον,
3405 610 3483 663 ὃτι
3513 610 3597 663 τοῦ
3627 628 3704 678 γν-

2171 706 2534 774 ναικαδέλφου
2572 724 2672 776 μου
2724 708 2758 775 ὴ
2787 703 2929 774 γυνὴ
2978 701 3259 774 προσεχῶς
3289 701 3554 771 ᾤκείωται
3595 702 3705 770 πρδς

2171 799 2232 850 τὸ
2270 798 2436 867 μέσον
2465 798 2646 864 γένος,
2674 797 2863 866 ὥσπερ
2887 795 3044 863 κάγὼ
3068 794 3205 864 πρὸς
3228 794 3415 847 αὐτόν·
3443 793 3469 845 ὁ
3489 788 3573 845 οὖν
3600 794 3707 862 ἡμέ-

2171 907 2331 960 τερος
2366 891 2598 959 ἀδελφὸς
2645 891 2873 945 δύναται
2914 892 3126 960 ταύτην
3179 889 3480 957 ἀμέμπτως
3533 886 3706 944 λαϐεῖν,

2172 982 2428 1045 Θανόντος
2461 984 2555 1035 τοῦ
2585 982 3020 1050 γυναικαδέλφου
3055 998 3182 1050 μου,
3214 977 3381 1049 ἢὲγὼ
3406 979 3499 1046 τὴν
3530 975 3708 1044 ἐκείνης

2169 1074 2436 1144 ἀδελφὴν,
2469 1076 2641 1143 αὐτὴν
2693 1075 2749 1128 δὲ
2793 1076 2854 1128 ού
2895 1074 3055 1143 θέμις
3105 1071 3315 1124 λαϐεῖν.
3348 1070 3512 1124 Πάλιν
3552 1067 3710 1119 ἔλαϐον

2171 1170 2252 1229 εἰς
2303 1168 2403 1237 τὴν
2434 1169 2669 1239 ἀδελφήν
2705 1184 2808 1239 μου
2861 1165 3140 1236 γαμϐρὸν,
3172 1158 3233 1216 οὗ
3274 1162 3374 1234 τὴν
3399 1162 3483 1214 ἐπ’
3526 1158 3710 1228 ἀδελφῷ

2173 1260 2307 1312 ποτὲ
2336 1260 2563 1330 νύμφην
2598 1260 2762 1319 αὐτὸς
2810 1258 3006 1312 ἔλαϐον
3051 1259 3135 1321 εἰς
3159 1258 3420 1324 γυναῖκα.
3454 1253 3542 1306 καὶ
3591 1251 3710 1305 ἔστιν

2170 1353 2478 1413 ἀκώλυτον.
2517 1356 2642 1407 ἐπεὶ
2686 1355 2789 1408 καὶ
2829 1354 3095 1423 τετάρτου
3151 1350 3362 1420 βαθμοῦ
3411 1347 3710 1417 εὑρίσκεται,

2172 1447 2269 1499 καὶ
2302 1446 2646 1515 μακρύνεται
2678 1445 2878 1518 μικρὸν
2911 1446 3008 1499 καὶ
3035 1446 3139 1513 τῆς
3173 1444 3500 1512 οἰκειότητος
3523 1439 3609 1491 τοῦ
3639 1438 3715 1507 μὲ-

2173 1553 2269 1591 σου
2304 1539 2495 1606 γένους
2517 1556 2531 1570 ο
2569 1540 2631 1592 τὸ
2674 1540 2783 1609 γὰρ
2814 1540 2968 1609 πρὸς·
2993 1539 3131 1591 αὐτὸ
3174 1534 3457 1607 πρωεχῶς
3489 1529 3716 1585 συναπτό-

2174 1648 2339 1699 μενον
2385 1633 2767 1704 πρόσωπον,ή
2820 1634 3024 1704 ἀδελφή
3075 1632 3177 1703 μού
3224 1635 3399 1692 ἐστιν,
3445 1624 3547 1694 ἐγὼ
3579 1625 3626 1677 δὲ
3664 1624 3715 1676 ix

2172 1723 2430 1792 πλαγίου,
2473 1728 2569 1779 καὶ
2603 1727 2800 1797 μικρὸν
2829 1726 3104 1796 ἀπωτέρω
3131 1724 3225 1778 τοῦ
3258 1724 3445 1793 μέσου.

2248 1901 2422 1954 Πάλιν
2460 1902 2557 1955 ἐπὶ
2581 1905 2647 1973 τῇ
2683 1902 2917 1973 θυγατρὶ
2943 1902 3162 1971 ἐγένετό
3189 1920 3281 1972 μοι
3315 1900 3583 1969 γαμϐρός·
3620 1896 3720 1949 τού-

2177 2006 2273 2047 του
2305 1993 2403 2064 τὴν
2444 1994 2578 2048 ποτὲ
2616 1996 2715 2063 μὲν
2739 1995 2958 2066 νύμφην
2990 1996 3078 2047 ἐπ’
3117 1994 3337 2064 ἀδελφῷ
3367 1993 3541 2045 λαϐεῖν
3572 2007 3629 2060 με
3655 1989 3718 2048 εἰς

2180 2086 2421 2151 γυναῖκα
2446 2084 2507 2136 οὐ
2532 2085 2713 2155 θέμις,
2744 2086 2818 2148 ὡς
2849 2086 3136 2156 προσεχῶς
3165 2084 3575 2151 συναπτομένην
3608 2078 3720 2147 πρὸς

2180 2176 2241 2229 τδ
2284 2176 2452 2245 μέσον
2492 2177 2679 2246 γένος·
2716 2181 2817 2247 τὴν
2871 2178 2927 2231 δὲ
2956 2178 3130 2248 αὐτῆς
3178 2177 3439 2244 ἀδελφὴν,
3486 2176 3577 2227 οὐκ
3617 2170 3720 2224 ἀθέ-

2185 2287 2363 2338 μιτον.

2263 2364 2426 2418 Ἀλλά
2453 2365 2549 2419 καὶ
2581 2379 2652 2434 γα
2662 2365 2851 2435 μϐρδς,
2892 2365 2988 2418 καὶ
3004 2364 3434 2433 γυναικάδελφος
3460 2357 3720 2432 χηρεύσσν-

2181 2472 2293 2522 τες,
2329 2457 2481 2510 θείαν
2504 2458 2598 2510 καὶ
2630 2458 2858 2528 ἀνεψιὰν
2894 2458 3150 2528 οὐδαμῶς
3180 2458 3546 2526 λαμϐάνουσιν
3564 2470 3577 2484 ·
3603 2447 3655 2505 οἵ)
3678 2448 3722 2501 δὲ

2180 2548 2570 2619 τετελεύτηκεν
2598 2551 2630 2621 ἡ
2662 2553 2827 2620 γυνὴ,
2855 2549 3160 2620 λαμϐάνειν
3198 2549 3379 2619 τούτῳ
3416 2548 3615 2615 ἐφεῖται
3644 2541 3723 2610 τὴν

2180 2637 2277 2692 τοῦ
2306 2640 2668 2711 σύγγάμϐρον
2700 2639 2866 2694 αὐτοῦ
2900 2640 3157 2711 ἀδελφήν.

2266 2827 2523 2899 mna-ai,
2551 2828 2648 2881 καὶ
2672 2828 2771 2900 τὴν
2800 2827 3075 2896 θυγατέρα
3104 2830 3205 2895 τῆς
3237 2820 3617 2892 δισεξαδέλφης
3642 2819 3723 2886 τῆς

2184 2920 2460 2989 προτέρας
2510 2919 2677 2973 αὑτοῦ
2709 2921 2989 2987 γυναικὸς,
3017 2921 3136 2990 ἦτοι
3164 2919 3271 2990 τὴν
3310 2912 3723 2988 πρωτεξαδέλςην

2182 3009 2284 3079 τῆς
2312 3010 2584 3080 πενθερᾶς
2614 3011 2804 3065 αὐτοῦ.

2255 3103 2578 3157 Κεκὼλυται
2618 3104 2675 3157 δὲ
2711 3104 2900 3157 λαϐεῖν
2923 3102 3024 3174 τὴν
3064 3096 3371 3174 θυγατέρα
3394 3102 3489 3171 τῆς
3519 3093 3723 3167 πρωτεξι

2181 3193 2422 3264 αδέλφης
2465 3194 2566 3264 τῆς
2599 3196 2873 3266 προτέρας
2911 3194 3078 3249 αὑτοῦ
3103 3195 3392 3262 γυναικός.

2256 3285 2361 3339 Δύο
2414 3285 2474 3342 δὲ
2527 3286 2775 3354 ἀδελφῶν
2800 3287 3238 3355 γυναικάδελφον
3287 3287 3383 3340 καὶ
3416 3274 3726 3354 γυναικαδέλη

2183 3397 2290 3450 φην
2326 3380 2699 3434 συνάπτεσθαι
2727 3381 2968 3452 θεμιτόν.

2252 3567 2327 3620 Τδ
2346 3565 2403 3620 δὲ
2426 3566 2688 3637 ψήφισμα
2711 3566 2806 3621 τοῦ
2828 3569 3173 3637 πατριάρχου
3202 3568 3436 3630 Λέοντος
3460 3567 3549 3621 τοῦ
3573 3555 3724 3629 Στνπῆ

2183 3658 2370 3731 ἐφίησι
2401 3659 2590 3713 λαϐεῖν
2624 3661 2878 3731 γαμϐρὸν
2908 3662 3003 3715 καὶ
3028 3662 3466 3731 γυναικάδελφον
3484 3659 3571 3713 δύο
3597 3655 3723 3711 ἀδελ·

2181 3753 2289 3823 φὰς
2325 3751 2415 3808 οἷα
2447 3754 2702 3825 πέμπτου
2731 3755 3023 3824 γινομένου
3068 3755 3307 3825 βαθμοῦ.

2251 3849 2327 3902 Τὸ
2355 3849 2416 3901 δὲ
2446 3848 2583 3903 αὐτὸ
2612 3848 2898 3917 ψήφισμα,
2939 3848 3019 3901 ἔτι
3049 3848 3106 3901 δὲ
3138 3848 3233 3901 καὶ
3274 3848 3370 3902 τοῦ
3419 3845 3723 3916 πατριέρχηυ

2193 3943 2500 4013 Ἀρσενίου,
2534 3940 2629 3995 δύο
2670 3942 2933 4008 ἀδελφοὺς
2961 3941 3182 4011 νύμφην
3213 3942 3408 3995 λαϐεῖν
3446 3940 3534 3993 καὶ
3560 3937 3726 4004 ἀνδρα·

2179 4036 2403 4105 δέλφην,
2435 4033 2718 4087 ἀκώλυτον
2757 4026 2898 4085 εἶναι
2931 4034 3230 4103 κρίνουσιν.
3322 4098 3333 4103 -

2187 4218 2191 4231 '
2262 4213 2324 4265 Ὁ
2359 4213 2503 4273 θεῖος
2543 4213 2638 4265 καὶ
2671 4209 2919 4282 γαμϐρὸς
2951 4210 3042 4263 ἐπ’
3065 4210 3267 4281 ἁνεψιᾷ
3300 4209 3510 4281 πρώτῃ,
3538 4204 3622 4261 δύο
3645 4202 3724 4255 1a-

2180 4307 2297 4360 ϐεῖν
2326 4303 2562 4373 ἀδελφὰς
2619 4304 2681 4356 οὐ
2732 4302 3065 4368 κωλύονται,
3101 4304 3149 4355 εί
3196 4304 3293 4356 καὶ
3339 4308 3394 4367 ς’
3428 4301 3619 4369 γίνεται
3648 4293 3723 4363 βαι

2178 4399 2210 4451 θ
2218 4399 2336 4469 μός.

2253 4512 2415 4567 Ἀλλὰ
2448 4513 2545 4567 καὶ
2576 4512 2827 4583 γαμϐρδς
2875 4512 2972 4564 καὶ
3004 4508 3434 4578 γυναικάδελφος
3484 4504 3571 4558 δύο
3599 4494 3724 4570 πρῶσ

2184 4624 2281 4670 τας
2313 4603 2609 4674 ὲξαδέλφας
2638 4604 2825 4657 λαϐεῖν
2847 4603 2905 4657 οὗ
2932 4602 3255 4668 κωλύονται,
3282 4603 3330 4653 εξ
3367 4599 3460 4653 καὶ
3485 4592 3528 4661 ζ’
3548 4594 3722 4659 γίνεται

2188 4698 2416 4769 βαθμός.

2253 4812 2325 4867 Τὸ
2380 4814 2440 4867 δὲ
2498 4813 2760 4885 ψήφισμα
2811 4811 2907 4864 τοῦ
2952 4811 3297 4878 πατριάρχου
3360 4804 3591 4876 Μιχαὴλ.
3640 4796 3720 4863 ’κῆν

2185 4909 2467 4977 θυγατέρα
2494 4907 2589 4959 τοῦ
2636 4907 2886 4959 Ἰωάννου
2916 4903 3101 4972 τυχὸν,
3139 4903 3235 4954 καὶ
3259 4902 3361 4970 τὴν
3401 4894 3618 4965 ἀνεψιὰν
3642 4888 3721 4955 τῆς

2183 4998 2445 5065 γυναικὸς
2491 4996 2680 5059 αὐτοῦ,
2732 4996 2886 5049 δυσὶν
2940 4994 3193 5062 ἀδελφοῖς
3244 4988 3529 5061 ἐπιτρέπει
3564 4981 3720 5045 συζευ·

2185 5089 2398 5159 χθῆναι.

2266 5200 2525 5268 ’Λθέμιτα
2560 5199 2743 5267 μέντοι
2772 5198 2879 5249 τῶν
2926 5197 3233 5267 εἰρημένων
3280 5193 3397 5248 ἔνιά
3441 5205 3576 5249 τινες
3613 5182 3717 5251 ἔφη’

2183 5293 2435 5360 φίσαντο,
2470 5292 2530 5344 τό
2564 5309 2620 5343 τε
2651 5290 2837 5342 λαϐεῖν
2877 5289 2969 5341 τὸν
3002 5288 3361 5357 σύγγαμϐρον
3392 5285 3489 5354 τὴν
3521 5271 3717 5342 ἀδελφὴν

2185 5383 2420 5455 ὕστερον
2448 5382 2541 5435 τοῦ
2567 5383 2927 5451 συγγάμϐρου
2967 5381 3158 5433 αὐτοῦ.

2256 5587 2378 5638 Ἔτι
2422 5584 2476 5635 δὲ
2530 5586 2621 5635 καὶ
2667 5583 2760 5635 τόν
2802 5583 3236 5649 γυναικάδελφον
3269 5580 3369 5649 τὴν
3423 5576 3508 5630 ἐπ’
3539 5564 3715 5635 ἀδελφῷ

2178 5679 2403 5747 νύμφην
2455 5677 2551 5729 τοῦ
2603 5677 2734 5730 ἰδίου
2785 5676 2952 5729 αὑτοῦ
3009 5673 3305 5744 γαμϐροῦ·
3339 5672 3520 5739 ὥσπερ
3556 5667 3614 5733 δὴ
3639 5661 3714 5714 καὶ

2182 5773 2379 5837 ἐκεῖνο,
2407 5772 2544 5839 ὅπερ
2575 5769 2666 5822 τὸν
2692 5768 2944 5838 Χοῦμνον
2969 5765 3371 5836 Θεσσαλονίκης
3402 5762 3509 5833 ἰδίῳ
3536 5758 3715 5826 ἔφημεν
