3992 6392
232 465 377 534 ῙῙΞΘ
1208 444 1614 511 SYNTAGMA
1645 439 1808 502 ALPl

1883 429 2274 496 tBETICUM.
2303 451 2371 464 --
2414 426 2480 484 Β.
3324 407 3459 473 H30

233 583 399 635 λῦσαι
429 577 761 650 ψηφίσματι,
787 572 849 628 τδ
877 569 1087 641 πατέρα
1117 567 1211 620 καὶ
1235 566 1348 618 υίδν
1373 562 1560 616 λαϐεῖν
1591 555 1796 629 μικρὰν

1900 563 2084 604 mnum
2117 542 2385 601 sententia
2413 552 2514 594 sua
2555 533 2780 592 solvisse
2809 530 3082 594 diximus;
3115 526 3366 581 videlicet
3399 532 3460 577 ut

2121 645 2134 650 -
2169 635 2238 650 ιιι·
2373 633 2558 650 ιη----
2616 624 2834 650 ---.:......
2877 620 3142 650 mam...“
3194 626 3242 650 ..ι
3274 615 3457 650 τηυξ..

237 616 399 635 nos...
431 616 761 650 γ.,γ.ν,.υ...,
799 616 848 628 ,ν
883 616 1087 641 ..-ητ-
1245 616 1255 618 ,
1303 616 1338 617 η
1591 616 1605 629 ,
1694 616 1707 629 ,

237 672 390 726 θείαν
424 671 520 724 καὶ
557 669 804 738 ἀνεψιάν.

1903 653 2058 712 pater
2087 645 2141 690 et
2168 635 2310 689 ﬁlius
2359 633 2563 686 ducant
2615 624 2834 682 amitam
2877 616 3457 682 minorem,etiratris

1903 732 2020 800 ejus
2052 729 2238 783 ﬁliam.

899 843 1116 909 Νόμος.
2232 905 2244 909 _
2325 907 2332 909 Α

2629 806 2757 862 Lex.

315 941 454 1010 Φησὶ
492 939 600 1008 γὰρ
639 937 668 990 6
693 937 874 1006 νόμος·
1174 927 1375 997 γάμοις
1418 922 1478 976 οὐ
1531 920 1692 1010 μόνον
1743 915 1804 967 τὸ

1975 910 2188 980 Quippe
2231 905 2369 988 legis
2395 900 2560 957 verba
2595 908 2763 953 sunt:
2791 897 2848 951 ln
2885 891 3096 964 nuptiis
3140 905 3248 945 non
3283 890 3460 946 solum

1982 1003 2033 1010 --
2216 998 2229 1010 -
2443 997 2475 1010 .-
2545 991 2942 1010 unum“---
3003 986 3098 1010 --Α
3238 983 3366 1010 ML,
3405 981 3460 1010 ηε,

245 983 918 1102 ἔπιτὲτραιμμένονῗάλλὰ
935 983 1039 1076 Ῑιᾴι
1186 983 1466 1088 εὐπρεπὲς
1510 983 1803 1082 έητοῦμεν.

1907 1003 2035 1075 quid
2061 983 2383 1072 permissum
2410 997 2504 1060 sit,
2533 991 2970 1054 consideramus,
3002 986 3098 1041 sed
3152 991 3207 1039 et
3235 983 3366 1052 quid
3404 983 3477 1037 sit

1907 1094 2218 1150 honestum.

774 1199 915 1268 Περὶ
953 1194 1281 1258 υἱοθεσίας.

2436 1199 2540 1270 52
2568 1196 2640 1250 De
2660 1194 2962 1264 adoptione.

319 1299 429 1352 Kal.
459 1296 602 1350 οὕτω
635 1310 732 1365 μεν
771 1291 840 1344 τὰ
873 1293 936 1344 ὲκ
967 1287 1292 1360 τριγενείας·
1324 1283 1423 1349 τήν
1459 1295 1521 1347 γε
1555 1276 1660 1346 μὴν
1692 1274 1808 1329 δια-

1984 1294 2054 1350 Ει
2106 1293 2221 1347 haac
2270 1289 2489 1361 quidem
2542 1296 2626 1342 est
2679 1285 2821 1340 ratio
2876 1281 3353 1338 matrimoniorum
3409 1293 3477 1334 ex

247 1393 411 1461 δοχῆς
467 1388 630 1440 ἓνεκα
675 1382 964 1450 γινομένην
1010 1375 1281 1434 υἱοθεσίαν
1339 1368 1805 1443 παραφυλάττειν,

1917 1387 2092 1443 tribus
2117 1385 2350 1441 diversis
2381 1381 2625 1436 familiis.
2649 1378 2918 1434 Caeterum
2952 1374 3264 1445 adoptionis
3290 1374 3478 1435 etiam,

425 1481 491 1550 δὴ
529 1479 620 1533 καὶ
654 1475 752 1545 τὴν
780 1473 841 1538 ἐξ
867 1471 1118 1539 αἵματος,
1156 1469 1290 1536 πρὸς
1317 1463 1426 1518 τῶν
1457 1459 1619 1532 ἱερῶν
1645 1460 1810 1512 κανό-

1915 1491 2038 1546 quae
2089 1472 2450 1530 successionis
2523 1481 2686 1522 causa
2773 1465 2868 1528 ﬁt,
2923 1464 3148 1533 perinde
3210 1461 3478 1516 rationem

253 1591 360 1628 νων
390 1547 490 1625 καλ.⁷
514 1569 619 1622 τῶν
663 1563 997 1635 φιλευσεϐῶν
1019 1557 1378 1627 δεδιδάγμεθα
1408 1553 1590 1623 νόμων
1622 1567 1636 1581 ⁸
1670 1547 1816 1604 κατά

1917 1563 2218 1620 habendam
2242 1574 2306 1614 ac
2337 1553 2849 1625 consanguinitatis,
2877 1569 2973 1623 per
3006 1567 3194 1606 sacros
3244 1566 3483 1606 canones

249 1679 313 1714 τε
344 1660 470 1720 τοὺς
499 1654 769 1725 γαμικοὺς
800 1651 1001 1721 δηλαδὴ
1033 1647 1295 1721 βαθμοὺς,
1336 1643 1432 1699 καὶ
1459 1643 1559 1713 τὴν
1586 1641 1694 1694 τῶν
1723 1654 1817 1714 γο-

1917 1664 1972 1712 et
2007 1653 2290 1723 religiosas
2339 1650 2486 1718 leges
2523 1647 2701 1703 edocti
2735 1661 2927 1701 sumus
2961 1662 2975 1698 :
3018 1645 3181 1713 idque
3232 1652 3350 1698 tum
3391 1658 3480 1699 re-

251 1754 392 1808 νέων
432 1752 533 1820 κλη
542 1745 820 1820 ρονομίαν.

1919 1755 2104 1817 spectu
2151 1743 2415 1816 graduum
2467 1737 2990 1802 matrimonialium,
3042 1744 3156 1791 tum
3219 1737 3483 1792 adeundae

1842 1873 1894 1934 Β
1920 1843 2205 1909 parentum
2248 1832 2601 1890 lnereditatis.

918 1940 1135 2006 Νόμος.

2633 1944 2763 2000 Lex.

330 2039 472 2110 Φησὶ
518 2039 626 2107 γὰρ
665 2035 692 2088 6
721 2034 905 2104 νόμοςο
937 2033 1010 2084 Οὐ
1043 2030 1276 2097 δύναμαι
1322 2027 1420 2097 τὴν
1454 2027 1588 2098 πρὸς
1613 2025 1820 2095 πατρὸς

1993 2040 2155 2110 Ιιεείε
2205 2039 2350 2096 enim
2400 2037 2519 2093 haec
2565 2037 2730 2092 verba
2765 2044 2935 2091 sunt:
2986 2032 3105 2089 Non
3149 2047 3370 2103 possum
3403 2035 3490 2088 vel

256 2135 291 2206 ἢ
337 2129 540 2204 μητρὸς
567 2127 720 2182 θείαν
748 2125 930 2180 λαϐεῖν
960 2123 1041 2185 είς
1076 2123 1329 2190 γυναῖκα,
1362 2121 1411 2173 εί
1459 2123 1554 2174 καὶ
1586 2118 1694 2171 είσὶ
1731 2119 1824 2172 θε-

1924 2133 2146 2188 amitam
2165 2130 2251 2186 vel
2269 2139 2616 2185 materteram
2639 2142 2860 2182 uxorem
2882 2126 3378 2194 ducere,siquidem
3401 2142 3497 2196 per

257 2230 374 2292 ταὶ,
406 2225 594 2293 ἐπειδὴ
647 2224 902 2294 μητέρων
945 2216 1098 2280 τάξιν
1130 2217 1367 2284 ἔχουσιν,
1409 2213 1529 2285 ἥτις
1554 2213 1718 2282 τυχὸν
1746 2211 1824 2280 τῷ

1927 2227 2269 2296 adoptionem
2299 2221 2433 2276 mihi
2469 2221 2776 2292 conjunctae
2831 2220 2976 2287 sint;
3023 2222 3225 2290 quippe
3259 2229 3493 2274 matrum

260 2320 476 2388 πάππῳ
515 2316 612 2386 μὲν
665 2311 977 2380 υἱοθετήθη,
1031 2308 1262 2375 ἀδελφῆς
1311 2305 1368 2358 δὲ
1423 2305 1588 2358 τόπον
1641 2305 1824 2372 ἐπεῖχε

1925 2317 2103 2372 vicem
2121 2314 2368 2369 obtinent
2393 2329 2550 2367 :cum
2569 2313 2752 2368 abavo
2778 2312 2988 2368 scilicet
3005 2312 3273 2382 adoptata
3295 2312 3426 2374 sint,
3446 2321 3501 2365 et

256 2411 399 2481 πρὸς
452 2407 543 2461 τὸν
572 2405 808 2474 πατέρα,
839 2403 973 2471 πρὸς
1004 2399 1104 2468 ἐμὲ
1146 2398 1204 2451 δὲ
1237 2396 1384 2459 θείας
1407 2414 1424 2430 ο
1450 2396 1576 2450 οὕτε
1607 2397 1636 2449 6
1674 2394 1827 2458 θετὸς

1926 2411 2066 2481 patri
2101 2423 2222 2463 meo
2254 2422 2506 2463 sororum
2537 2405 2656 2460 loco
2687 2404 2910 2469 fuerint,
2959 2405 3092 2458 mihi
3125 2405 3418 2458 amitarum
3448 2416 3502 2460 et

261 2502 447 2573 πατὴρ
481 2501 578 2570 τὴν
617 2497 711 2552 τοῦ
745 2494 900 2548 θετοῦ
929 2492 1048 2547 υίοῦ
1101 2491 1404 2560 θυγατέρα,
1448 2488 1482 2560 ἢ
1535 2487 1635 2558 τὴν
1667 2486 1828 2556 ἐγγό-

1929 2510 2367 2561 materterarum.
2428 2499 2540 2556 Nec
2583 2507 2782 2571 pater,
2819 2499 2916 2570 qui
2967 2497 3136 2552 ﬁlium
3197 2499 3498 2568 adoptavit,

265 2611 386 2666 νην·
427 2592 552 2646 οὔτε
605 2592 632 2644 6
665 2589 817 2649 θετὸς
851 2587 966 2649 υίδς
1013 2589 1114 2654 τὴν
1159 2588 1252 2637 τοῦ
1307 2580 1464 2635 θετοῦ
1497 2578 1703 2650 πατρὸς
1735 2595 1830 2646 γα-

1930 2596 2027 2651 ﬁlii
2053 2594 2294 2664 adoptivi
2333 2593 2520 2658 ﬁliam,
2558 2593 2639 2646 vel
2671 2602 2887 2662 neptem
2915 2591 3113 2645 ducere
3152 2599 3372 2660 potest:
3402 2609 3505 2646 nec

277 2685 471 2756 μετὴν.
504 2685 537 2754 ἢ
571 2682 669 2751 τὴν
719 2679 957 2751 μητέρα,
1000 2675 1034 2748 ἢ
1059 2675 1160 2748 τὴν
1189 2672 1425 2743 ἀδελφὴν
1447 2670 1643 2740 αὐτῆς,
1671 2669 1704 2739 ἢ
1731 2669 1831 2739 τὴν

1930 2685 2078 2741 ﬁlius
2114 2683 2422 2754 adoptivus,
2471 2680 2711 2752 adoptivi
2746 2680 2918 2750 patris
2962 2695 3211 2748 uxorem,
3266 2683 3350 2736 vel
3387 2697 3503 2737 ma-

265 2775 378 2830 ἁπδ
412 2773 528 2826 υίοῦ
567 2772 819 2839 ἑγγόνην.

1935 2789 2092 2842 trem,
2133 2777 2215 2832 vel
2244 2790 2491 2832 sororem
2528 2775 2742 2839 matris,
2775 2773 2862 2828 vel
2891 2783 3109 2844 neptem
3142 2791 3207 2830 ex
3238 2775 3373 2830 ﬁlio.

357 2865 482 2918 Ἐὰν
529 2857 651 2916 δὲ’ὁ
701 2860 1016 2930 ἐπίτροπος,
1073 2857 1107 2927 ἢ
1149 2859 1178 2910 6
1216 2856 1501 2926 γενόμενος
1547 2850 1833 2923 κουράτωρ

2005 2865 2161 2933 Quod
2188 2864 2236 2920 si
2281 2873 2452 2928 tutor,
2479 2862 2566 2918 vel
2614 2861 2709 2932 qui
2748 2870 2971 2916 curator
3014 2860 3200 2924 fuerit,
3244 2861 3506 2931 adoptare

270 2955 584 3025 υίοθετῆσαι
621 2953 853 3024 βουληθῇ
885 2951 976 3004 τὸν
1008 2948 1174 3020 ἄνδρα
1207 2946 1303 3017 τῆς
1331 2942 1836 3014 ὲπιτροπευομένης

1937 2958 2170 3016 voluerit
2222 2955 2478 3012 maritum
2523 2955 2679 3026 ejus,
2718 2952 2878 3021 cuius
2929 2954 3152 3008 tutelam
3180 2953 3267 3009 vel
3320 2969 3505 3008 curam

283 3052 320 3121 ἢ
360 3046 926 3118 κουρατορευομένης,
949 3044 983 3114 ἢ
1012 3042 1104 3095 τὸν
1140 3040 1351 3110 πατέρα
1397 3038 1590 3107 αὐτῆς,
1627 3039 1660 3107 ἡ
1691 3036 1838 3098 θέσις

1939 3049 2098 3120 gerit,
2134 3047 2287 3102 irrita
2323 3045 2541 3116 quidem
2581 3055 2662 3100 est
2687 3044 2926 3112 adoptio,
2954 3059 3063 3098 non
3095 3053 3274 3098 tamen
3307 3045 3511 3114 nuptiae

276 3138 482 3206 άκυρός
530 3138 712 3189 ἐστιν·
761 3133 824 3186 οὐ
853 3134 959 3203 μὴν
1007 3132 1037 3184 6
1087 3130 1260 3200 γάμος
1288 3127 1504 3181 λύεταιο
1546 3125 1732 3179 λύεται
1759 3123 1837 3191 δὲ,

1941 3141 2253 3197 solvuntur.
2306 3137 2605 3193 Solvuntur
2650 3145 2832 3192 autem
2888 3151 3013 3192 cum
3075 3137 3201 3206 quis
3250 3153 3509 3207 generum

272 3232 439 3302 ἡνίκα
462 3246 546 3292 τις
577 3227 670 3281 τὸν
709 3227 838 3280 ίδιον
862 3223 1109 3295 γαμϐρὸν
1135 3223 1526 3290 είσποιήσαιτο.

913 3223 1109 3295 ιμϐρὸν
1135 3223 1526 3290 είσποιήσαιτο.
1867 3213 1912 3268 C
1943 3245 2106 3288 suum
2136 3227 2489 3299 adoptaverit.

360 3322 427 3374 Ἦ
482 3320 538 3373 δὲ
593 3318 667 3371 κδ’
702 3315 873 3386 νεαρὰ
912 3314 1004 3368 τοῦ
1055 3312 1314 3384 βασιλέως
1350 3309 1576 3374 Λέοντος
1604 3305 1699 3362 τοῦ
1735 3307 1838 3360 Σο·

2012 3319 2280 3376 Caeterum
2314 3316 2527 3372 novella
2580 3330 2709 3370 xxrv
2757 3315 3022 3385 principis
3053 3313 3274 3381 Leonis,
3311 3332 3511 3388 cogno-

277 3411 402 3482 φοῦ,
437 3409 726 3465 κωλύουσα
771 3409 898 3470 τοὺς
956 3402 1401 3474 είσποιουμένους
1443 3403 1578 3472 πρὸς
1601 3399 1844 3470 γαμικὴν

1946 3411 2094 3468 mine
2127 3407 2422 3478 Sapientis,
2447 3421 2572 3462 cum
2609 3405 2882 3474 prohibet,
2931 3421 2998 3460 ne
3036 3406 3132 3476 qui
3163 3405 3513 3476 adoptantur,

275 3502 498 3574 ὁμιλίαν
534 3497 907 3554 συνάπτεσθαι
941 3497 1050 3558 τοῖς
1094 3495 1188 3546 τοῦ
1225 3490 1688 3561 εἰσποιησαμένου
1720 3505 1849 3542 παι-

1948 3515 2076 3560 cum
2110 3497 2300 3554 liberis
2329 3497 2469 3566 ejus,
2497 3495 2592 3564 qui
2620 3493 2919 3562 adoptavit,
2953 3493 3306 3549 matrimonio
3345 3509 3518 3564 copu-

284 3611 395 3656 σιν,
431 3592 646 3656 ἐπάγει·
685 3587 847 3642 Ἀλλὰ
895 3585 1064 3640 πάλαι
1107 3584 1204 3655 μὲν
1241 3582 1316 3652 μὴ
1364 3580 1506 3634 κατὰ
1537 3579 1716 3647 λόγον,
1753 3577 1849 3633 νῦν

1949 3592 2152 3655 lentur,
2191 3590 2304 3643 haec
2329 3587 2590 3658 subiicit:
2625 3586 2731 3646 Sed
2768 3585 2897 3640 olim
2929 3585 3150 3654 quidem
3187 3600 3300 3640 non
3323 3599 3513 3640 secun-

284 3685 343 3738 δὲ
392 3682 536 3736 κατὰ
574 3680 666 3733 τὸν
716 3679 995 3749 πρέποντα
1031 3675 1230 3744 θεσμὸν
1259 3672 1353 3725 καὶ
1382 3670 1586 3724 δίκαιον
1611 3671 1706 3738 τῆς
1741 3669 1850 3720 uio-

1952 3681 2080 3737 dum
2132 3679 2422 3740 rationem,
2485 3693 2631 3732 nunc
2669 3691 2800 3732 vero
2849 3691 2973 3732 cum
3019 3674 3234 3731 decenti
3279 3685 3334 3731 et
3373 3675 3519 3742 iusta

291 3773 480 3834 θεσίας
512 3769 825 3839 γινομένης,
861 3767 956 3820 καὶ
987 3765 1078 3818 διὰ
1123 3762 1341 3828 τελετῆς
1378 3761 1565 3828 ίερᾶς,
1596 3758 1704 3812 τῶν
1753 3756 1852 3827 μὲν

1953 3772 2073 3844 lege
2105 3771 2200 3828 ﬁat
2230 3770 2472 3840 adoptio,
2518 3783 2789 3837 sacroque
2833 3767 2936 3822 ritu
2988 3766 3066 3821 illi
3098 3777 3410 3838 parentum,
3465 3769 3524 3824 ht

291 3868 375 3928 εἰς
411 3863 614 3934 γονέων
643 3861 794 3926 τάξιν
823 3855 1260 3926 καθισταμένων,
1296 3853 1402 3906 τῶν
1431 3852 1488 3906 δὲ
1519 3851 1597 3914 είς
1625 3850 1722 3920 τὴν
1746 3847 1855 3902 τῶν

1957 3861 2193 3917 ﬁliorum
2221 3861 2276 3916 in
2307 3861 2485 3916 locum
2507 3857 2935 3923 constituantur,
2994 3875 3101 3913 non
3145 3859 3383 3926 amplius
3417 3859 3524 3913 ulla

292 3953 521 4017 παίδων,
556 3950 741 4004 οὐκέτι
773 3944 1146 4018 περιλείπεται
1192 3941 1351 4010 λόγος
1394 3941 1472 4003 είς
1519 3938 1696 4008 γάμον
1729 3954 1854 3992 συν-

1957 3954 2167 4024 reliqua
2197 3952 2340 4008 ratio
2369 3961 2474 4016 est,
2501 3966 2606 4020 qua
2636 3951 2733 4006 ﬁlii
2763 3951 3001 4018 adoptivi
3031 3966 3156 4006 cum
3187 3951 3528 4005 naturalibus

295 4044 566 4098 άπτεσθαι
594 4045 706 4106 τοῖς
729 4039 868 4095 κατὰ
907 4037 1068 4106 φύσιν
1089 4035 1183 4090 τοῦ
1210 4032 1668 4103 εἰσποιησαμένου
1700 4033 1858 4085 παισὶ

1959 4044 2148 4100 liberis
2181 4042 2318 4110 eius,
2350 4041 2447 4111 qui
2471 4040 2716 4110 adoptat,
2753 4039 3107 4095 matrimonio
3154 4039 3479 4104 c0pulentur
3513 4056 3527 4090 :

293 4139 422 4200 τοὺς
468 4125 812 4204 εξσποιητοὺς
857 4131 1085 4192 παῖδας,
1149 4126 1287 4198 μηδὲ
1345 4127 1407 4179 τὸ
1451 4123 1561 4178 τῶν
1616 4122 1860 4192 ἀδελφῶν

1961 4151 2060 4192 nec
2086 4142 2147 4189 ut
2197 4133 2428 4190 fratrum
2478 4146 2678 4187 nomen
2725 4145 2848 4186 cum
2897 4130 3120 4185 nomine
3151 4129 3396 4199 conjugii
3449 4128 3532 4184 sic

291 4228 464 4298 ὄνομα
493 4227 630 4297 πρὸς
661 4226 721 4277 τὸ
761 4224 863 4291 τῆς
916 4220 1176 4290 συζυγίας
1228 4213 1692 4288 μεθαρμόζεσθαι,
1719 4213 1859 4268 ὥστε

1795 4231 1859 4268 ’τε
1963 4234 2352 4291 commutctur,
2391 4233 2450 4280 nt
2477 4222 2707 4279 fratrum
2737 4223 2860 4278 loco
2890 4222 3078 4293 generi
3107 4231 3371 4278 vocentur

296 4321 580 4391 γαμϐροὺς
614 4319 736 4371 ἀντὶ
759 4313 1004 4381 ἀδελφῶν
1036 4309 1341 4364 καλεῖσθαι.

584 4429 714 4484 Ὅτι
741 4424 1086 4483 υίοθετοῦσι
1127 4422 1226 4475 καί
1274 4417 1582 4487 εὐνοῦχοι.

1567 4455 1582 4471 ο
2341 4424 2520 4478 Etiam
2559 4424 2822 4484 eunuchos
2863 4425 3057 4492 adopta
3067 4439 3137 4477 re.

373 4525 484 4580 Τοῦ
529 4523 585 4576 δὲ
621 4521 785 4590 νόμου
812 4519 1078 4585 λέγοντος.
1107 4515 1189 4566 ὅτι
1217 4512 1252 4582 ὴ
1298 4508 1446 4573 θέσις
1479 4509 1728 4578 μιμεῖται
1764 4507 1864 4579 τὴν
1890 4531 1945 4593 D

2039 4517 2172 4573 Cum
2199 4524 2380 4571 autem
2413 4516 2498 4570 lex
2529 4515 2680 4570 dicat
2723 4514 3068 4585 adoptionem
3109 4515 3314 4571 imitari
3371 4527 3535 4574 natu-

302 4617 489 4688 φύσιν,
518 4615 614 4668 καὶ
646 4611 736 4666 διὰ
764 4609 922 4663 τοῦτο
957 4603 1256 4664 κωλύοντος
1287 4601 1413 4662 τοὺς
1438 4598 1727 4669 εὐνούχους
1758 4600 1868 4652 εισ-

1969 4623 2119 4674 ram,
2148 4607 2379 4676 ideoque
2409 4606 2717 4677 prohibeat,
2772 4621 2840 4662 ne
2894 4619 3055 4676 quem
3097 4609 3335 4662 eunuchi
3368 4611 3538 4680 adop-

302 4709 477 4761 ποιεῖν
500 4720 645 4764 τινα,
669 4701 764 4755 καὶ
785 4700 929 4768 ἔχειν
955 4694 1167 4750 αὐτδν“ύ
1178 4690 1482 4759 πεξούσιον,
1511 4692 1545 4761 ἡ
1572 4695 1667 4756 κζ’
1695 4690 1870 4758 νεαρὰ

1973 4708 2108 4761 tem,
2143 4709 2204 4752 ιιι
2227 4711 2416 4751 eorum
2463 4696 2518 4749 in
2547 4703 2814 4765 potestate
2861 4694 2952 4758 sit,
2998 4693 3244 4758 ejusdem
3279 4699 3541 4769 principis

304 4797 399 4851 τοῦ
434 4794 596 4849 αὐτοῦ
638 4789 904 4864 βασιλέως
945 4785 1204 4839 ἐθέσπισε
1261 4782 1360 4834 καὶ
1418 4777 1578 4832 τοῦτο
1625 4778 1872 4832 γίνεσθαι

1971 4790 2183 4844 novella
2215 4805 2340 4844 xxv:
2381 4787 2590 4851 statuit,
2629 4795 2690 4842 ut
2731 4787 2836 4841 hoc
2877 4799 3099 4855 quoque
3154 4787 3292 4842 citra
3352 4792 3542 4858 pt'ohi-

302 4885 624 4947 ἀκωλύτως.

1975 4879 2238 4934 hitionem
2280 4879 2442 4932 ullam
2481 4878 2593 4930 ﬁat.

586 4994 710 5048 Ὅτι
743 4989 1085 5046 υίοθετοῦσι
1129 4987 1227 5041 καὶ
1288 4985 1571 5054 παρθένοι

1565 5005 1571 5037 ι
2386 4988 2625 5059 Virgines
2662 4988 2822 5042 etiam
2862 4990 3141 5060 adoptare.

390 5087 454 5140 Ἦ
508 5086 566 5139 δὲ
619 5083 702 5147 κζ’
753 5083 850 5136 καὶ
882 5083 1006 5144 ταῖς
1045 5085 1336 5148 παρθενοις
1373 5079 1636 5132 εἰσποιεῖν
1663 5076 1874 5140 δίδωσι.
2047 5083 2306 5152 Ejusdem
2349 5082 2417 5135 ‘27
2472 5083 2795 5137 constitutio
2835 5085 3138 5155 virginibus
3196 5103 3414 5159 quoque
3455 5103 3552 5159 po.

309 5182 407 5235 καὶ
435 5181 560 5241 τοὺς
592 5173 1005 5243 είσποιηθέντας
1030 5170 1382 5234 ὑπεξουσίους
1409 5169 1442 5239 ἢ
1473 5169 1877 5236 αὑτεξουσίους,

1980 5182 2229 5228 testatem
2289 5171 2582 5242 adoptandi
2638 5175 2912 5242 concedit,
2947 5186 3001 5231 et
3041 5189 3100 5232 ut
3143 5179 3408 5247 adoptati,
3438 5189 3543 5235 tam

309 5273 496 5324 δίκαια
531 5265 898 5338 κληρονομίας
951 5263 1096 5332 ἔχειν
1151 5260 1238 5314 ἐπ’
1265 5261 1478 5322 αὑταϊςο
1513 5260 1608 5314 καὶ
1662 5260 1736 5328 μὴ
1768 5259 1879 5313 δεί-

1984 5263 2340 5327 ﬁliifamilias,
2417 5278 2580 5333 quam
2631 5266 2962 5337 emancipati
3004 5269 3308 5340 virginibus
3363 5287 3551 5327 succe-

314 5363 442 5414 σθαι
491 5357 774 5430 βασιλικοῦ
810 5356 1211 5423 ἐπιτάγματος,
1241 5353 1276 5422 ἢ
1305 5350 1560 5423 πράξεως
1587 5350 1878 5405 δικαστῶν.

1984 5357 2147 5412 dendi
2180 5357 2268 5425 jus
2299 5357 2568 5422 habeant,
2611 5373 2710 5413 nec
2741 5359 2804 5414 ad
2835 5361 2939 5416 hoc
2971 5361 3253 5434 indigeant
3287 5363 3552 5434 principis

1987 5447 2272 5518 rescripto,
2308 5448 2388 5500 vel
2424 5456 2546 5501 actu
2576 5449 2846 5518 judicum.

319 5581 460 5650 Περὶ
487 5581 597 5648 τῆς
623 5579 742 5635 ἀπὸ
768 5577 874 5632 τοῦ
902 5579 1075 5648 ἁγίου
1099 5577 1522 5646 βαπτίσματος
1553 5575 1882 5646 ἀναδοχῆς.

1739 5575 1882 5646 ιχῆς.
2225 5581 2300 5636 De
2341 5585 2664 5653 susceptione
2701 5602 2766 5639 ea:
2803 5602 2954 5639 sacro
2986 5587 3315 5652 baptismate.

409 5715 472 5768 Ἦ
499 5713 554 5768 δὲ
583 5713 690 5767 άπδ
719 5710 814 5766 τοῦ
846 5711 1006 5780 ἁγίου
1052 5711 1425 5782 βαπτίσματος
1459 5711 1602 5764 κατὰ
1623 5711 1889 5780 ἀναδοχὴν

2061 5713 2290 5782 Adoptio
2333 5728 2455 5783 quae
2508 5715 2567 5768 lit
2635 5730 2732 5784 per
2781 5717 3184 5785 susceptionem
3264 5733 3329 5772 ex
3399 5732 3557 5771 sacro

324 5808 585 5878 γνομένη
611 5805 874 5870 υἱοθεσία,
914 5806 1014 5859 οὐκ
1049 5807 1126 5867 εἰς
1160 5803 1526 5876 κληρονομίαν
1559 5802 1886 5867 είσέογεται,

2009 5806 2337 5878 iaptismate,
2391 5822 2498 5861 non
2567 5808 2660 5862 ad"
2702 5808 3072 5863 hmrcditatem
3135 5810 3437 5864 adeundam
3498 5811 3585 5867 se’

547 5905 798 5960 l’nnor.
852 5900 969 5960 Gn.
1001 5899 1265 5959 CXLIV.
2031 5950 2038 5958 .
3006 5901 3083 5962 36
