3992 6404
307 382 448 449 H33
1262 369 1672 437 SYNTAGMA
1715 363 1921 426 ALPH.

2045 360 2332 422 ETICUM.
2378 380 2446 394 -·-
2487 358 2555 416 Β.
3357 429 3375 449 δ
3428 340 3569 410 1134

305 497 414 567 πρδ
447 494 542 549 τοῦ
564 493 806 562 -λυθῆναι
850 492 951 566 τὴν
986 467 1311 561 ἐπιτροπήν.
1349 489 1553 542 Λύεται
1605 486 1662 536 δὲ
1693 484 1726 552 ή
1757 481 1877 533 ἐπι·
1910 488 1921 538 i

2045 493 2125 539 ns,
2154 490 2319 544 quam
2378 473 2546 528 tutela
2601 469 2715 524 sive
2769 467 2980 522 curatio
3048 429 3375 534 perimatur:
3412 461 3568 517 Peri-

299 553 482 657 τροπὴ
509 586 600 639 τὸν
627 553 951 656 τριακοστδν
981 553 1197 654 χρόνον.
1241 553 1412 634 ίίέντε
1439 579 1549 649 γὰρ
1575 576 1671 630 καὶ
1705 573 1880 627 εἴκοσι

2045 570 2150 623 itur
2178 576 2356 621 autent
2411 563 2690 618 tricesimo
2741 574 2908 615 anno.
2930 557 3139 624 Quippe
3187 553 3374 624 viginti
3399 554 3568 622 quin-

300 646 486 750 χρόνοι
535 646 676 735 εἰσὶ.
699 681 799 749 τῆς
853 646 1253 749 ἐνηλικιὼσεως
1281 716 1296 741 ,
1335 677 1433 728 καὶ
1476 646 1745 738 τέσσαρες
1780 665 1884 731 τῆς

2045 675 2091 714 Ie
2125 660 2250 713 anni
2307 667 2436 711 sunt
2467 655 2648 709 aetatis
2679 651 2899 712 adultae,
2925 657 3164 717 quatuor
3196 647 3249 699 in
3292 646 3566 713 integrum

302 733 832 836 Ξποκαταστάσεωξ,
864 733 959 822 καλ
983 772 1050 838 τῇ
1083 733 1348 838 ἀρχῇ-τοῦ
1386 733 1714 834 τριακοστοῦ
1753 759 1884 828 χρόο

2045 749 2366 814 stitutionis,
2385 757 2438 802 et
2486 743 2754 816 principio
2797 740 3056 797 tricesimi
3093 737 3277 793 statim
3311 733 3570 804 obligatio

305 884 402 918 νου
430 864 628 917 αὐτίκα
674 864 708 933 ἡ
757 862 916 933 ὲνοχὴ
944 836 1047 915 τού
1072 836 1371 928 ἐπιτρόπου
1401 856 1610 908 λύεται⁸
1637 852 1732 904 καὶ
1772 850 1884 919 ἔχει

2045 843 2262 898 Iratoris
2295 839 2604 912 perimitur,
2632 847 2689 891 ut
2737 842 3062 906 potestatem
3109 846 3175 884 cx
3221 844 3288 885 eo
3324 836 3572 898 tempore

304 959 495 1013 ἄδειαν
549 957 607 1023 ἐξ
654 923 1218 1024 ἐκείνούησυζυγῆναι
1274 953 1339 1021 τῇ
1391 945 1884 1018 ἐπιτροπευομένῃ,

2045 937 2189 990 tbeat
2229 949 2356 988 cum
2403 947 2466 986 ea
2519 945 2579 986 se
2639 927 2956 997 copulandi,
2988 923 3150 994 cujus
3208 933 3293 976 est
3325 929 3573 987 curator,

307 1050 417 1118 πρὸ
440 1047 632 1100 τούτου
669 1048 727 1099 δὲ
757 1047 1034 1114 οὐδαμῶς.

2045 1035 2152 1082 ttea
2203 1039 2334 1079 vero
2388 1034 2756 1091 nequaquam.

395 1142 458 1192 Ἡ
509 1140 566 1192 δὲ
624 1140 810 1210 μήτηρ
858 1108 957 1206 της
1004 1131 1496 1206 ἐπιτροπευθείσης
1532 1128 1758 1182 δύναται
1795 1123 1892 1178 καὶ

2064 1117 2236 1172 Mater
2257 1127 2439 1170 autem
2475 1110 2796 1182 ejus,cujus
2846 1108 3057 1178 negotia
3091 1115 3378 1176 geruntur,
3399 1111 3582 1172 potest

306 1233 417 1302 πρὸ
445 1197 638 1284 τούτού
683 1197 1092 1300 ἰξῷ-’ἐπιτρόπῳ
1265 1197 1471 1296 μητρὸξ
1499 1221 1668 1289 αὐτῆς
1703 1233 1894 1287 γαμη-

2045 1220 2121 1264 ite
2158 1211 2260 1263 hoc
2309 1208 2476 1262 etiam
2509 1216 2723 1274 tempus
2776 1201 3021 1257 curatori
3051 1199 3178 1253 filia:
3206 1212 3319 1252 suae
3346 1197 3578 1250 nubere.

306 1322 495 1391 θῆναι.

389 1399 552 1472 {Emi
603 1416 660 1468 δὲ
703 1415 798 1467 καὶ
842 1415 890 1466 oi.
937 1411 1125 1474 ἁπλῶς
1158 1404 1428 1462 οἰκειακοὶ
1479 1399 1809 1472 ὑποχείριοι,
1845 1397 1896 1450 εί

307 1517 406 1568 καὶ
458 1513 533 1581 μή
566 1512 672 1562 εἱσι
703 1507 903 1570 δοῦλοι,
935 1507 968 1577 ἢ
1000 1501 1249 1573 ἐγένοντό
1276 1517 1430 1564 ποτε,
1465 1497 1624 1562 τάξιν
1659 1495 1899 1547 ἀπελευ-

310 1608 474 1676 θέρου
529 1601 763 1670 ἔχουσιν,
799 1598 921 1651 οὐδὲ
975 1590 1124 1649 οὗτοι
1183 1592 1323 1663 μετὰ
1351 1589 1582 1643 θάνατον
1611 1585 1721 1638 τῶν
1749 1582 1898 1635 ἰδίων

310 1674 594 1750 δεσποτῶν
617 1693 716 1752 τὰς
747 1691 972 1742 ἐκείνων
1002 1686 1311 1756 λαμϐάνειν
1339 1682 1598 1736 δύνανται
1624 1674 1898 1748 γαμετὰς,

312 1788 402 1840 ἵνα
441 1787 517 1857 μὴ
545 1785 686 1838 δοῖεν
728 1780 1110 1854 προλαϐούσης
1160 1775 1404 1848 μοιχείας
1444 1773 1722 1829 ὑπόνοιαν.

2069 1393 2208 1459 Quia
2234 1406 2366 1447 vero
2394 1389 2715 1460 simpliciter
2744 1377 3064 1450 domestici,
3092 1384 3186 1454 qui
3218 1393 3343 1437 sunt
3366 1381 3418 1438 in
3437 1391 3590 1452 pote-

2004 1495 2168 1550 state,
2199 1485 2327 1539 licet
2355 1483 2498 1539 servi
2544 1497 2650 1536 non
2689 1481 2824 1544 sint,
2886 1495 2986 1533 nec
3022 1478 3318 1547 aliquando
3357 1475 3588 1539 fuerint,

2001 1579 2126 1632 loco
2174 1576 2498 1629 libertorum
2547 1583 2697 1628 sunt:
2741 1586 2811 1625 ne
2869 1571 2922 1624 bi
2983 1571 3201 1639 quidem
3253 1575 3376 1636 post
3437 1581 3589 1622 mor-

2009 1680 2113 1724 tem
2191 1667 2538 1722 dominorum
2592 1680 2818 1718 suorum
2878 1677 3080 1716 uxores
3140 1676 3331 1716 eorum
3386 1657 3590 1713 dueere

2008 1769 2346 1830 possunt.ne
2393 1758 2764 1828 suspicionem
2804 1754 3056 1809 adulterii
3091 1753 3390 1822 praebeant,
3439 1751 3592 1820 quod

1887 1833 1895 1841 ’
1936 1833 1982 1889 Β
2014 1850 2376 1922 praecesserit.

389 1970 526 2024 Οὐδὲ
551 1971 579 2022 ὁ
614 1965 897 2035 σκηνικὸς,
929 1963 1049 2033 ἦτοι
1085 1963 1112 2014 ὁ
1153 1957 1415 2028 δημόσιος
1462 1949 1825 2018 παιγνιώτης.
1867 1946 1902 2017 ἢ

314 2068 344 2118 ὁ
399 2063 592 2115 τούτου
650 2057 787 2121 υίὸς,
840 2050 1211 2124 συγκλητικοῦ
1250 2045 1529 2116 θυγατέρα.
1558 2042 1782 2095 δύναται
1812 2036 1907 2090 λα-

315 2159 455 2211 δεῖν.

1023 2259 1247 2329 Νόμος.

394 2384 536 2455 Φησὶ
572 2383 684 2457 γὰρ
729 2383 756 2436 ὁ
786 2379 978 2450 νόμος,
1009 2377 1093 2430 ὅτι
1130 2377 1188 2428 ἐν
1236 2372 1351 2434 τοῖς
1384 2367 1586 2438 γάμοις
1627 2366 1690 2420 οὐ
1746 2365 1909 2434 μόνον

316 2482 379 2536 τὸ
412 2475 916 2548 ἐπιτετραμμένον,
949 2469 1086 2527 ἀλλὰ
1133 2466 1230 2520 καὶ
1263 2464 1325 2518 τὸ
1363 2459 1644 2533 εὐπρεπὲς
1694 2459 1777 2512 δεῖ
1813 2458 1911 2526 ζη-

331 2591 474 2626 τειν.

412 2665 538 2718 Ἐπὶ
571 2663 670 2728 μὲν
705 2659 816 2730 γὰρ
847 2656 957 2711 τῶν
986 2655 1047 2721 ἐξ
1082 2653 1340 2724 αἵματος,
1371 2647 1469 2704 καὶ⁵
1497 2646 1607 2700 τῶν
1627 2642 1723 2697 τοῦ
1756 2639 1911 2710 ἁγίου

332 2756 738 2829 βαπτίσματος,
788 2751 882 2804 καὶ
930 2747 1038 2801 τῶν
1093 2745 1154 2812 ἐξ
1206 2741 1504 2804 υἱοθεσίας,
1555 2735 1802 2808 βαθμοὺς
1833 2733 1914 2786 δεῖ

327 2824 536 2913 ζητεῖν,
561 2847 656 2899 καὶ
681 2845 749 2896 τά
774 2843 912 2912 ὑπὲρ
943 2842 1036 2894 τὸν
1067 2837 1112 2904 ζ’
1133 2837 1346 2900 τούτοις
1368 2835 1647 2889 άκώλυτα.
1695 2827 1827 2881 Ἐπὶ
1857 2824 1913 2878 δὲ

331 2943 442 2996 τῶν
474 2941 533 3003 ἐξ
577 2935 921 3006 ἀγχιστείας,
956 2933 1055 2987 καὶ
1100 2932 1210 2985 τῶν
1243 2931 1308 2983 ἐκ
1351 2926 1684 3000 τριγενείας,
1711 2921 1777 2974 τὰ
1813 2922 1913 2990 ρη-

325 3033 437 3094 τῶς
469 3030 778 3085 κωλυθέντα
808 3028 842 3098 ἢ
868 3026 1132 3095 σύγχυσιν
1162 3023 1356 3093 ἔχοντα
1387 3017 1754 3088 φυλάττεσθαι
1783 3010 1913 3083 χρή*

328 3126 424 3178 ἐπί
451 3124 508 3176 δὲ
539 3121 647 3176 τῶν
695 3119 801 3186 ἐξω
827 3117 1174 3188 συγγενείας,
1201 3116 1262 3168 τὸ
1292 3110 1594 3184 εὐπρεπές.

1027 3313 1235 3384 Νόμοι.

411 3433 482 3488 Ἦ
528 3431 622 3488 οὖν
677 3432 1014 3504 παρανόμοις
1065 3427 1386 3498 γαμηθεῖσα
1416 3425 1644 3478 δύναται
1673 3421 1916 3478 διαλύειν

329 3527 422 3580 τὸν
449 3527 652 3596 γάμον,
691 3527 786 3580 καὶ
824 3521 1123 3594 γαμεῖσθαι
1173 3520 1320 3588 ἄλλῳ
1356 3516 1606 3587 ὕστερον.

405 3621 469 3672 Οί
497 3619 554 3670 δὲ
581 3618 688 3670 ἀπὸ
716 3614 1117 3686 κεκωλυμένων
1142 3613 1344 3681 γάμων
1391 3609 1542 3662 τικτό
1551 3625 1702 3676 μενοι
1729 3607 1919 3670 παῖδες

330 3711 457 3766 οὑδὲ
514 3710 612 3778 τῆς
657 3709 765 3760 τῶν
797 3708 970 3760 νόθων
1021 3705 1303 3770 ἀξιοῦνται
1353 3699 1772 3771 προσηγορίας,
1804 3699 1926 3752 οὐδὲ

335 3800 681 3867 διαδέχονται
734 3797 881 3851 γατά
931 3813 1054 3850 τινα
1102 3795 1194 3847 τὴν
1237 3792 1370 3848 ἴδιον
1399 3793 1660 3860 πατέρι,

417 3891 479 3942 '0
519 3891 656 3959 πρὸς
711 3887 1030 3956 ἐλευθέραν,
1085 3885 1160 3956 μὴ
1199 3883 1580 3952 ποιησαμένην
1636 3882 1805 3952 πόρον
1861 3883 1926 3934 ἐκ

335 3982 430 4035 τοῦ
465 3987 742 4051 σώματος,
777 3979 916 4050 ἔχων
947 3979 1240 4048 συνήθειαν
1265 4015 1282 4040 ,
1333 3977 1396 4029 οὐ
1451 3974 1754 4044 παλλακὴν,
1790 3974 1928 4027 ἀλλὰ

336 4075 587 4144 γαμετὴν
613 4073 760 4143 ἔχειν
794 4072 968 4124 δοκεῖ.

407 4165 645 4218 Advocati
679 4166 708 4216 ὁ
743 4163 1039 4234 κουράτωρ
1076 4160 1313 4230 συνάψαι
1343 4162 1444 4230 τὴν
1480 4161 1618 4214 ἰδίαν
1647 4157 1929 4229 θυγατέρα

335 4256 414 4325 τῷ
461 4275 556 4309 κου
569 4254 983 4324 ρατορευομένῳ
1019 4253 1112 4306 ὑπ’
1139 4253 1304 4305 αὐτοῦ
1331 4271 1344 4286 ο
1374 4254 1467 4304 τὸν
1499 4251 1556 4304 δὲ
1601 4251 1719 4303 υἱὸν
1758 4250 1926 4304 αὐτοῦ

337 4344 404 4411 τῇ
457 4347 980 4411 κουρατορευομένῃ
1038 4333 1379 4394 ούδύναται
1429 4341 1598 4410 χωρὶς
1637 4339 1932 4410 βασιλικῆς

341 4437 468 4484 κελε
481 4432 674 4496 ύσεως,
713 4434 837 4487 ἐπεὶ
867 4431 1181 4502 ἀτιμοῦται.

2079 1942 2192 1997 Nec
2240 1941 2650 2005 scenicus,hoc
2695 1945 2800 1999 est,
2824 1937 2917 2007 qui
2965 1945 3138 1991 artem
3190 1935 3459 1989 ludicram
3492 1949 3593 2003 pu-

2011 2037 2152 2092 blice
2190 2035 2344 2102 facit,
2382 2042 2478 2089 aut
2519 2031 2664 2088 ﬁlius
2713 2030 2853 2100 ejus,
2889 2028 3160 2085 senatoris
3195 2027 3359 2082 tiliam
3395 2026 3596 2081 ducere

2011 2139 2216 2200 potest.
2761 2162 2768 2169 -

2719 2239 2852 2295 Lex.

2087 2363 2248 2432 Legis
2305 2363 2450 2416 enim
2486 2358 2648 2414 verba
2707 2366 2859 2412 sunt:
2894 2353 2953 2408 in
2995 2351 3204 2422 nuptiis
3258 2365 3365 2404 non
3415 2349 3596 2404 solum

2018 2457 2146 2527 quid
2227 2452 2558 2524 permissum
2631 2449 2725 2512 sit,
2793 2446 2888 2502 sed
2968 2453 3023 2499 et
3089 2439 3224 2514 quid
3307 2441 3599 2496 honestum

2018 2546 2478 2605 considerandum
2532 2551 2637 2597 est.

2086 2640 2302 2696 Nam-in
2334 2633 2839 2705 consanguinitate,
2881 2639 2936 2686 et
2959 2629 3309 2698 susceptione
3341 2643 3407 2682 ex
3442 2639 3604 2681 sacro

2016 2736 2346 2804 baptismate
2368 2740 2423 2785 et
2448 2727 2766 2798 adoptione,
2808 2721 3005 2796 gradus
3029 2719 3411 2778 considerandi
3450 2727 3601 2783 sunt,

2018 2841 2074 2885 et
2097 2825 2448 2884 matrimonia
2497 2823 2724 2894 gradum
2751 2821 2805 2874 in
2833 2819 2922 2874 his
2960 2816 3276 2872 excedentia
3306 2814 3599 2884 septimum

2021 2921 2389 2996 prohibitione
2416 2916 2692 2972 carent.ln
2737 2913 3018 2977 aﬂinitate,
3045 2911 3321 2979 triumque
3342 2922 3604 2980 generum

2021 3013 2392 3085 copulatione,
2411 3027 2532 3081 qua:
2546 3010 2749 3065 diserte
2767 3007 3040 3077 prohibita
3058 3013 3205 3069 sunt,
3222 3004 3306 3058 vel
3323 3002 3607 3059 conlusio-

2025 3126 2147 3166 nem
2166 3108 2471 3168 continent.
2491 3105 2669 3158 caveri
2687 3102 2900 3156 debent.
2919 3100 2975 3153 ln
2996 3099 3082 3167 iis,
3097 3113 3219 3167 qua
3239 3109 3392 3151 extra
3408 3111 3608 3163 cogna-

1951 3204 1996 3266 C
2031 3203 2232 3258 tionem
2258 3199 2435 3268 posita
2459 3194 2805 3261 sunt,decori
2838 3202 2893 3248 et
2922 3188 3144 3248 honesti
3166 3188 3416 3244 habenda
3446 3187 3602 3241 ratio.

2658 3307 2766 3380 54
2792 3305 2972 3377 Leges.

2113 3429 2384 3484 Castorum
2415 3440 2538 3498 quae
2566 3423 2803 3479 nefarias
2834 3420 3105 3475 contraxit
3135 3419 3379 3486 nuptias,
3399 3417 3612 3473 solvere

2024 3519 2440 3576 matrimonium
2481 3523 2683 3584 poteSI,
2711 3521 2764 3566 et
2807 3509 2899 3563 alii
2928 3509 3185 3576 deinceps
3229 3505 3456 3559 nubere.

2129 3612 2234 3679 Qui
2257 3618 2440 3664 autrm
2494 3624 2558 3663 ex
2596 3601 2892 3676 prohibitis
2927 3600 3135 3670 nuptiis
3159 3609 3522 3668 procreantur
3548 3597 3615 3650 li-

2028 3707 2170 3771 beri,
2199 3719 2301 3758 neo
2358 3703 2672 3773 spuriorum
2712 3697 3132 3770 appellationem
3167 3702 3610 3762 consequuntur,

2030 3813 2134 3853 nec
2185 3797 2314 3852 ullis
2369 3797 2424 3850 in
2478 3795 2638 3850 bonis
2693 3791 2829 3861 patri
2883 3805 2984 3845 suo
3040 3787 3364 3842 succedunt.

2103 3889 2210 3957 Qui
2237 3903 2359 3944 cum
2399 3887 2631 3942 muliere
2685 3886 2882 3947 libera,
2908 3895 3030 3951 quae
3060 3893 3292 3948 corpore
3339 3885 3614 3946 qumslum

2033 3999 2142 4038 non
2199 3981 2418 4044 fecerit,
2444 3977 2898 4034 consuetudinem
2972 3973 3159 4036 habet,
3190 3985 3298 4024 non
3352 3968 3616 4023 concubi-

2035 4072 2304 4138 nam,sed
2369 4085 2596 4125 uxorem
2649 4067 2850 4122 habere
2897 4064 3136 4118 videtur.

2119 4167 2312 4222 Potest
2343 4171 2567 4218 curator
2599 4161 2950 4216 matrimonio
2981 4158 3239 4226 copulare
3268 4153 3432 4208 tiliam
3463 4166 3617 4207 suam

2034 4259 2084 4316 ei
2152 4259 2312 4327 cujus
2365 4264 2591 4310 curator
2649 4263 2780 4319 est;
2831 4260 2887 4305 at
2939 4251 3110 4305 lilium
3153 4265 3312 4305 suum
3367 4263 3492 4301 cum
3553 4261 3616 4299 ea

2037 4351 2317 4421 copulare,
2355 4347 2516 4417 cujus
2552 4345 2768 4416 negotia
2803 4344 2965 4413 gerit,
3005 4344 3213 4412 absque
3258 4341 3418 4410 jussu
3465 4339 3620 4407 prin-

2037 4443 2177 4513 cipis
2228 4440 2440 4511 n'equit.
2480 4440 2615 4493 Nam
2678 4437 2901 4492 infamia
2953 4445 3192 4490 notatur.

417 4521 556 4575 Οῠτε
604 4524 632 4574 ὁ
677 4523 862 4593 πατὴρ
890 4522 984 4575 τοῦ
1018 4523 1340 4592 ἐπιτρόπου,
1377 4523 1504 4578 οὔτε
1536 4527 1563 4579 ὁ
1598 4522 1921 4589 συνυπεξού-

2109 4532 2222 4587 Nec
2249 4542 2404 4601 pater
2429 4532 2649 4594 tutoris,
2695 4546 2796 4584 nec
2818 4529 3158 4597 fraterejus,
3190 4525 3284 4594 qui
3323 4525 3509 4579 adhuc
3533 4531 3623 4578 est

342 4630 454 4674 σιος
496 4611 666 4663 αὑτοῦ
700 4612 929 4682 ἁδελφὸς
960 4612 1189 4667 δύναται
1235 4618 1436 4684 γαμεῖν
1464 4616 1564 4684 τὴν
1591 4617 1861 4686 ὀρφανὴν.

422 4704 484 4755 Αἱ
514 4702 622 4754 τῶν
664 4703 1053 4772 πενθουμένων
1105 4709 1347 4775 γαμεταὶ
1403 4707 1706 4762 κωλύονται
1765 4709 1824 4759 ἐν
1858 4707 1937 4777 τῷ

346 4793 604 4864 πενθίμῳ
653 4795 830 4866 χρόνῳ
863 4797 1188 4866 γαμεῖσθαι,
1233 4801 1282 4851 εί
1337 4799 1414 4869 μὴ
1474 4802 1618 4853 κατὰ
1683 4801 1938 4854 κέλευσιν

351 4890 641 4958 βασιλέως·
676 4892 733 4944 αί
759 4889 814 4941 δὲ
849 4888 962 4941 τῶν
1005 4891 1078 4958 μὴ
1110 4889 1524 4958 πενθουμένων,
1551 4892 1668 4961 ἢτοι
1708 4892 1816 4945 τῶν
1846 4893 1940 4944 ἐπὶ

349 4988 687 5041 καθοσιώσει
712 4985 1258 5049 καταδικασθέντων,
1292 4988 1354 5040 οὐ
1390 4988 1722 5043 κωλύονται.

435 5082 497 5133 'H
553 5083 609 5132 ἐν
641 5080 717 5148 τῷ
755 5079 974 5133 πενθεῖν
1000 5079 1092 5132 τὸν
1122 5080 1292 5150 ἄνδρα
1322 5086 1661 5152 γεννήσασα,
1709 5084 1793 5136 ἔτι
1824 5103 1940 5138 κω-

347 5173 538 5226 λύεται
594 5175 761 5243 γάμῳ
823 5172 1178 5244 προσελθεῖν’
1247 5177 1280 5243 ἡ
1341 5175 1398 5227 δὲ
1446 5177 1504 5228 ὲν
1562 5179 1640 5245 τῷ
1690 5177 1941 5248 πῖνθίμῳ

351 5267 533 5336 χρόνῳ
563 5265 823 5330 τεκοῦσα,
855 5265 918 5319 οὐ
950 5264 1244 5318 κωλύεται.
1291 5267 1450 5320 Κατὰ
1487 5267 1578 5320 δύο
1609 5271 1715 5339 γάρ
1760 5272 1941 5333 αἰτίας

352 5360 382 5411 ὁ
421 5359 689 5428 πένθιμος
723 5357 979 5426 ἐτυπὼθη
1017 5358 1234 5425 καιρὸς,
1287 5359 1375 5411 διὰ
1426 5359 1488 5412 τὸ
1544 5360 1620 5430 μὴ
1676 5361 1943 5431 σύγχυσιν

357 5449 608 5519 γίνεσθαι
647 5450 748 5517 τῆς
799 5449 983 5518 γονῆς,
1019 5452 1114 5501 καὶ
1157 5449 1245 5501 διὰ
1291 5449 1388 5520 τὴν
1436 5452 1797 5521 ὀφειλομένην
1831 5457 1944 5517 τοῖς

357 5542 587 5610 ἀνδράσι
622 5540 812 5609 τιμήνσ
841 5532 974 5608 ὦνὴ
1012 5541 1110 5609 μὲν
1146 5540 1242 5609 μία
1271 5541 1454 5594 λύεται
1491 5542 1580 5594 διὰ
1608 5543 1704 5595 τοῦ
1755 5545 1940 5596 τόκου’

361 5634 394 5700 ἠ
426 5632 482 5684 δὲ
533 5633 696 5701 ἑτέρα
727 5631 824 5682 οὐκ
859 5630 938 5682 ἔτι
991 5629 1080 5683 διὰ
1140 5630 1236 5699 τὴν
1284 5632 1642 5704 ὀφειλομένην
1687 5635 1820 5687 αἰδὼ
1851 5637 1944 5689 καὶ

359 5724 526 5792 τιμὴν
581 5723 657 5793 τῷ
700 5723 874 5792 ἀνδρί.
928 5723 992 5774 Αἱ
1039 5717 1133 5776 οὖν
1180 5727 1440 5791 γυναῖκες
1487 5726 1594 5780 τῶν
1650 5727 1726 5797 μὴ
1776 5727 1943 5793 ἀξίων

361 5815 698 5882 πενθεῖσθαι,
747 5815 834 5869 διὰ
873 5816 935 5868 τὸ
976 5817 1056 5879 εἰς
1110 5815 1346 5886 δημόσια
1405 5818 1569 5888 τυχὸν
1624 5824 1942 5890 περιπεσεῖν

2044 4627 2097 4682 in
2156 4635 2447 4695 potestate,
2484 4623 2745 4696 pupillam
2809 4622 3012 4678 ducere
3063 4629 3265 4690 potest.

2114 4717 2327 4772 Uxores
2357 4731 2547 4770 eorum
2591 4715 2682 4784 qui
2717 4715 3032 4784 elugentur,
3099 4716 3238 4765 intra
3287 4721 3502 4779 tempus
3537 4711 3625 4764 lu-

2043 4816 2166 4864 ctus
2192 4809 2401 4862 nubere
2425 4815 2702 4870 vetantur,
2737 4805 3013 4874 nisijussu
3035 4807 3319 4876 principis.
3341 4810 3408 4861 At
3431 4823 3620 4862 eorum

2042 4900 2330 4970 coniuges,
2361 4901 2455 4969 qui
2495 4899 2664 4968 Iugeri
2697 4914 2803 4952 non
2843 4899 3042 4963 solent,
3070 4901 3175 4953 hoc
3199 4912 3307 4964 est,
3341 4901 3435 4969 qui
3481 4901 3625 4956 laesa:

2046 4993 2356 5061 majestatis
2393 4990 2638 5045 damnati
2679 4994 2832 5054 sum,
2865 5005 2973 5044 non
3027 4992 3409 5058 prohibentur.

2119 5087 2253 5152 Quae
2284 5085 2466 5138 luctus
2494 5093 2745 5148 tempore
2797 5092 3014 5139 uterum
3067 5086 3232 5156 gerit,
3276 5088 3456 5141 adhuc
3489 5103 3622 5160 pro-

2047 5177 2267 5232 hibetur
2352 5175 2419 5228 ad
2507 5176 2644 5229 alias
2709 5176 2948 5230 transire
3003 5179 3239 5247 nuptias.
3286 5181 3416 5246 Quae
3493 5197 3626 5236 vero

2047 5271 2188 5324 intra
2249 5275 2466 5336 tempus
2535 5269 2716 5322 luctus
2767 5279 2983 5337 partum
3041 5272 3235 5340 edidit,
3276 5291 3383 5330 non
3434 5279 3626 5346 prohi-

2046 5361 2229 5417 betur.
2273 5361 2406 5414 Nam
2481 5361 2618 5415 duas
2682 5362 2752 5418 ob
2809 5379 3007 5420 causas
3078 5366 3378 5438 legitimum
3448 5369 3632 5424 luctus

2050 5463 2266 5523 tempus
2330 5463 2414 5534 est
2486 5454 2869 5518 constitutum,
2959 5471 3026 5510 ne
3095 5458 3350 5512 videlicet
3401 5458 3634 5513 seminis

2047 5546 2143 5600 Ιὶ.ιι
2195 5546 2468 5612 confusio,
2491 5563 2553 5602 ac
2588 5558 2810 5616 propter
2867 5549 3267 5618 honorem,qui
3308 5551 3506 5605 marito
3538 5552 3636 5606 de-

2033 5638 2212 5691 betur
2248 5653 2526 5706 :quarttnt
2593 5640 2707 5692 luet:
2753 5641 2987 5693 solvitur
3019 5656 3116 5709 per
3160 5651 3372 5709 partum
3399 5684 3414 5708 ,
3457 5643 3635 5699 altera

2051 5743 2157 5784 non
2223 5728 2420 5792 adhuc,
2450 5737 2672 5798 propter
2719 5732 3080 5785 reverentiam
3127 5741 3182 5786 et
3229 5734 3489 5788 honorem
3537 5742 3634 5806 qui

2051 5822 2250 5877 marito
2327 5821 2576 5876 debetur.
2631 5821 2801 5893 igitur
2861 5841 3051 5882 eorum
3101 5843 3324 5898 uxores,
3369 5830 3460 5902 qui
3525 5848 3634 5887 non
