3992 6400
259 415 266 419 ’
348 417 486 484 1137

1319 416 1726 478 SYNTAGMA
1757 411 2379 475 ALPHABETICUM.
2411 434 2480 446 —
2521 406 2588 470 Β.

3439 399 3600 464 1133)

416 537 600 608 Ταύτῃ
655 534 750 590 καὶ
784 537 814 591 ὁ
856 510 914 589 ’θ’
963 537 1030 607 τῇ
1075 534 1200 606 δίκῃ
1233 533 1416 588 δίδωσι
1453 535 1546 586 τὸν
1600 530 1902 601 παρθενίαν

2081 523 2264 578 Eidem
2303 537 2477 592 poenae
2509 519 2542 574 9
2577 517 2741 573 etiam
2777 529 2954 571 canon
2991 512 3320 608 traditeum,
3352 512 3443 578 qui
3477 511 3587 608 VII:-

353 630 610 700 μετιόντα
660 630 754 682 καὶ
796 627 891 682 τοῦ
927 627 1042 699 βίου
1090 626 1542 696 ἀναχωρήσαντα,
1571 623 1667 678 ἅτε
1696 623 1786 678 τὸν
1815 623 1911 694 γά-

351 703 453 790 μον
493 721 937 790 βδελυσσόμενον,
984 720 1080 774 καὶ
1111 719 1188 791 μὴ
1217 718 1288 771 δι’
1319 717 1450 772 αὐτὸ
1480 717 1542 771 τδ
1570 716 1672 787 τῆς
1702 716 1912 789 παρθε-

349 811 469 876 νίας
504 812 668 864 καλὸν
702 813 794 864 καὶ
823 813 1141 880 σεϐάσμιον.

432 903 495 960 Ὀ
523 904 580 958 δὲ
613 902 696 972 νγ¹
745 901 855 955 τῶν
900 903 1070 970 ἁγίων
1103 899 1437 966 ἀποστόλων,
1478 899 1552 953 Οὐ
1578 900 1679 963 δεῖ,
1721 900 1907 972 φησιν,

343 989 406 1041 έν
457 991 578 1051 ταῖς
628 989 738 1042 τῶν
784 989 985 1059 ἑορτῶν
1023 988 1278 1059 ἡμέραις,
1313 989 1594 1043 Σαϐϐάτου
1623 990 1782 1060 τυχὸν
1814 991 1909 1045 καὶ

345 1079 654 1148 Κυριακῆς,
686 1078 720 1148 ἢ
752 1079 1143 1149 οιασδηποτοῦν
1171 1080 1384 1150 ἐτέρας,
1415 1081 1559 1133 οίνου
1582 1081 1676 1134 καὶ
1709 1081 1906 1151 κρεῶν,

341 1167 418 1230 ὡς
447 1166 884 1237 εδδελυγμένων,
927 1170 1248 1240 ἀπέχεσθαι.
1297 1171 1358 1224 '0
1374 1171 1430 1225 δὲ
1471 1170 1614 1225 οὕτω
1654 1174 1746 1226 καὶ
1779 1191 1910 1243 φρο-

343 1258 450 1311 νῶν
493 1259 588 1310 καὶ
642 1259 856 1328 ποιῶν,
909 1259 985 1322 ὡς
1037 1263 1139 1330 τὴν
1183 1261 1319 1314 ἰδίαν
1367 1264 1907 1334 κεκαυτηριασμένος

345 1347 688 1417 συνείδησιν,
724 1351 824 1404 καὶ
863 1353 1162 1406 σκανδάλου
1207 1353 1320 1416 τοῖς
1368 1354 1580 1417 πολλοῖς
1627 1356 1907 1424 γινόμενος

340 1439 535 1502 αῐτιος,
573 1441 622 1492 εί
665 1442 764 1511 μὲν
817 1442 912 1494 τοῦ
950 1443 1152 1513 κλήρου
1201 1445 1309 1514 εἴη,
1350 1444 1743 1514 καθαιρείσθω,
1777 1450 1824 1500 εί
1850 1449 1907 1502 δὲ

338 1527 435 1580 τοῦ
461 1529 612 1595 λαοῦ,
641 1531 1002 1602 ἀφοριζέσθω·
1033 1535 1082 1587 εί
1103 1536 1283 1605 μήπου
1308 1552 1392 1598 τις
1414 1536 1473 1588 ἐν
1497 1539 1908 1608 ἀφωρισμένως

339 1620 568 1689 ἡμερῶν
603 1624 876 1691 περιόδοις
917 1626 1124 1686 ἀσκῶν,
1161 1627 1219 1692 ἐξ
1255 1627 1376 1697 ῐσης
1412 1631 1531 1692 ταῖς
1564 1629 1770 1695 ἄλλαις,
1806 1633 1906 1685 κάν

335 1709 414 1777 τῷ
439 1710 702 1783 Σαϐϐάτῳ
756 1713 850 1768 καὶ
885 1718 952 1786 τῇ
998 1716 1250 1789 Κυριακῇ
1282 1717 1543 1789 τηρήσειε
1575 1717 1674 1784 τὴν
1703 1719 1904 1789 ἐγκρά-

335 1815 394 1851 τε
405 1817 511 1852 ιαν.

2014 615 2295 686 ginitatem
2325 611 2475 676 colit,
2509 619 2560 664 et
2590 625 2618 664 a
2651 608 2773 680 vitae
2803 601 3364 703 consortio-secessit,
3397 600 3587 701 matri-

2014 706 2180 759 monii
2215 701 2567 758 abominandi
2602 714 2790 761 causa,
2823 711 2931 751 non
2963 702 3186 765 prOpter
3214 701 3390 760 ipsum
3421 705 3586 758 Virgi-

2011 794 2198 849 nitatis
2228 794 2429 848 bonum
2458 800 2510 848 et
2540 791 2971 846 venerationem.

2081 885 2295 940 Tertius
2337 895 2520 940 autem
2560 893 2613 938 et
2651 878 3145 952 quinquagesimus
3188 883 3364 931 sanet.
3401 881 3582 941 apost.

2009 991 2158 1042 can.,
2221 976 2442 1041 Diebus,
2478 975 2673 1045 inquit,
2705 972 2887 1038 festis,
2921 969 3165 1025 Sabbato
3200 975 3330 1037 puta
3383 973 3440 1019 et
3476 963 3585 1017 Do-

2011 1065 2230 1129 miniea,
2278 1066 2361 1119 vel
2409 1066 2514 1120 alia
2564 1075 2914 1134 quacunque,
2960 1076 3067 1114 non
3116 1054 3502 1113 abstinendum
3555 1069 3585 1108 a

2009 1156 2134 1210 vino
2182 1166 2238 1210 et
2289 1156 2587 1222 carnibus,
2639 1164 2900 1223 tanquam
2957 1151 3119 1206 rebus
3171 1145 3581 1202 abominandis.

2008 1244 2164 1312 Quod
2200 1247 2247 1302 si
2284 1248 2408 1316 quis
2442 1247 2513 1300 ita
2548 1245 2716 1300 sentit
2748 1253 2802 1298 et
2836 1241 2986 1307 facit,
3018 1240 3175 1311 quasi
3210 1239 3299 1295 cui
3334 1236 3583 1292 cauterio

2007 1339 2179 1393 recisa
2211 1339 2282 1394 sit
2311 1337 2648 1392 conscientia
2670 1375 2686 1400 .
2713 1346 2768 1388 et
2799 1334 2892 1404 qui
2924 1332 3168 1389 scandali
3201 1329 3587 1398 compluribus
3700 1339 3704 1343 ‘

2007 1445 2225 1484 causam
2260 1429 2532 1500 praebeat,
2565 1428 2611 1484 si
2647 1428 2869 1496 quidem
2900 1441 2967 1481 ex
3000 1425 3147 1480 clero
3179 1422 3342 1478 fuerit
3363 1463 3376 1487 ,
3411 1422 3584 1490 depo-

2008 1533 2192 1586 natur,
2221 1522 2304 1576 sin
2341 1537 2406 1575 ex
2445 1521 2668 1588 populo,
2729 1527 3045 1587 segregetur
3075 1532 3089 1570 :
3120 1515 3222 1569 nisi
3261 1515 3401 1569 forte
3434 1513 3585 1582 quis-

2007 1614 2149 1682 piam
2184 1611 2547 1666 determinato
2581 1611 2791 1664 dierum
2829 1607 3040 1663 ambitu
3072 1616 3243 1661 semet
3279 1618 3545 1659 exercens
3569 1643 3586 1666 ,

2009 1707 2192 1760 itidem
2227 1713 2286 1760 ut
2319 1704 2442 1759 aliis
2473 1702 2708 1768 diebus,
2737 1703 2902 1757 etiam
2938 1700 2993 1756 in
3029 1698 3272 1755 Sabbato
3307 1705 3361 1752 et
3396 1695 3586 1750 Domi-

2009 1795 2128 1850 nica
2162 1796 2462 1852 servaverit
2490 1794 2899 1850 abstinentiam.

419 1889 478 1943 'O
510 1889 567 1942 δὲ
597 1891 694 1960 τῆς
732 1893 791 1947 ὲν
841 1893 1088 1964 ’Δγκύρᾳ
1119 1893 1181 1948 ιδ’
1202 1897 1316 1959 τοῖς
1349 1896 1458 1950 τῶν
1488 1901 1667 1969 κρεῶν
1697 1900 1899 1970 ἀπεχο-

2075 1887 2262 1942 Canon
2307 1901 2436 1942 vero
2475 1888 2542 1959 14
2581 1886 2883 1958 Αηεγτοηιε
2924 1903 3046 1958 syn.
3089 1884 3345 1956 praecepit
3383 1882 3450 1938 iis
3489 1879 3588 1952 qui

339 1978 520 2046 μένοις
566 1981 634 2032 δι’
674 1983 907 2050 ἄσκησιν
957 1985 1214 2052 γεύεσθαι
1255 1987 1418 2056 μόνον
1467 1989 1560 2042 ἐπὶ
1606 1989 1718 2044 τῶν
1785 2008 1902 2045 συν·

335 2069 510 2134 άξεων
541 2074 938 2140 παρεγγυᾶται’
998 2074 1092 2128 καὶ
1136 2075 1332 2142 οὕτως,
1368 2077 1417 2130 εί
1448 2077 1749 2149 βούλοιντο,
1799 2083 1901 2153 τὴν

333 2160 544 2214 τούτων
571 2161 768 2234 ἐδωδὴν
798 2163 872 2234 μὴ
908 2165 1249 2236 προσίεσθαι,
1279 2166 1414 2222 ἀλλά
1442 2186 1504 2238 γε
1535 2172 1644 2224 τῶν
1676 2173 1904 2245 συνεφο-

339 2253 518 2318 μένων
554 2254 762 2317 τούτοις
798 2255 1048 2326 λαχάνων
1098 2259 1172 2329 μὴ
1209 2260 1608 2317 ἀπαναίνεσθαι
1648 2265 1748 2337 τὴν
1802 2285 1902 2337 με-

333 2343 592 2413 τάληψιν,
623 2345 700 2409 ὡς
741 2346 808 2400 ἂν
850 2347 1102 2402 ἐντεῦθεν
1134 2351 1315 2404 πᾶσαν
1360 2353 1633 2423 πρόφασιν
1666 2359 1903 2412 σκανδά-

335 2433 440 2485 λου
470 2435 775 2503 περιέλωσι
805 2437 914 2491 τῶν
944 2439 1209 2508 οἰομένων
1247 2442 1470 2507 τούτους
1497 2446 1583 2501 διὰ
1618 2447 1902 2521 βδελυρίαν

332 2522 447 2573 τῶν
493 2523 754 2578 τοιούτων
799 2527 1129 2598 ἀπέχεσθαι.
1167 2531 1280 2584 Καὶ
1331 2533 1429 2604 οὐχ
1462 2535 1663 2605 ἥκιστα
1691 2537 1902 2604 τούτοις

333 2613 622 2668 ἑστιᾶσθαι
656 2619 901 2688 προσῆκε
935 2619 1056 2672 κατ’
1089 2621 1304 2686 ὲκείνας
1330 2624 1437 2676 τῶν
1473 2627 1716 2696 ἡμερῶν,
1740 2631 1901 2699 ἡνίκα

331 2705 445 2758 τῶν
477 2707 772 2777 αἱρετικῶν
799 2709 930 2763 ἔνιοι
963 2713 1244 2782 νηστεύειν
1275 2715 1384 2768 ἀπὸ
1403 2718 1605 2770 τούτων
1623 2720 1900 2788 είώοασιν,

333 2795 415 2858 ὡς
462 2795 528 2850 ἂν
565 2797 639 2869 μὴ
680 2800 1005 2868 συμϐαίνειν
1059 2803 1271 2867 δόξαιεν
1318 2806 1394 2876 τῷ
1434 2809 1658 2862 ἐκείνων
1700 2816 1902 2886 φρονή-

338 2903 499 2954 ματι,
530 2889 622 2941 καὶ
653 2890 891 2958 μάλιστα
923 2894 971 2944 εί
999 2889 1694 2969 τύχοιενὲπιχωριάζοντες
1727 2905 1898 2972 πόλει,

333 2975 416 3045 τῷ
462 2978 700 3049 πλείστῳ
733 2998 798 3050 γε
850 2983 1007 3052 μέρει
1053 2985 1280 3064 τοιαῦτα
1319 2990 1572 3064 νοσούσῃ.
1630 2995 1693 3050 El
1722 2997 1778 3050 δὲ
1825 2997 1902 3069 μὴ

333 3071 615 3124 ὑπείκοιεν
672 3074 752 3144 τῷ
812 3078 1018 3142 κανόνι,
1054 3078 1351 3148 κληρικοὺς
1408 3085 1509 3170 μὴν
1557 3085 1752 3157 ὄντας,
1803 3094 1903 3164 τῆς

335 3160 638 3230 ἱερωσύνης
667 3163 994 3236 ἀπογυμνοτ,
1031 3167 1250 3234 λαῖκοὺς
1283 3171 1340 3225 δὲ
1371 3160 1645 3243 ἀφορίζει.

407 3251 530 3304 Τῶν
584 3253 642 3306 δὲ
695 3233 940 3311 Λατίνων
983 3261 1034 3312 oi
1096 3263 1341 3332 μοναχοὶ,
1548 3233 1675 3338 ⁷μὲν
1725 3271 1902 3340 κρεῶν
1931 3233 1972 3288 C

330 3340 704 3410 ἀπεχόμενοι,
767 3345 829 3432 τὸ
880 3347 936 3401 δὲ
991 3349 1155 3420 στέαρ
1204 3351 1412 3408 τούτων
1460 3358 1600 3426 μετά
1656 3359 1902 3432 λαχάνων

330 3427 644 3502 ἀδιαφόρως
675 3431 972 3503 ἐσθίοντες,
1013 3435 1074 3490 οὔ
1114 3455 1208 3508 μοι
1243 3441 1464 3497 δοκοῦσι
1508 3445 1603 3498 τοῦ
1633 3427 1903 3518 παρόντος

334 3519 528 3588 μέλειν
563 3522 746 3586 αὐτοῖς
779 3526 1024 3591 κανόνος·
1067 3531 1129 3583 οὐ
1159 3532 1270 3600 γὰρ
1299 3533 1387 3588 ἵνα
1417 3536 1710 3592 σκάνδαλον
1744 3557 1899 3611 περιο

332 3609 570 3699 έλωσιν,
639 3614 756 3668 ἀλλ’
787 3615 875 3672 ίνα
925 3619 1028 3690 τὴν
1073 3623 1317 3694 γαστέρα
1363 3626 1708 3699 ὲμπλήσωσι,
1740 3609 1900 3686 τούτο

328 3698 499 3770 δρῶσι
529 3704 738 3772 σαφῶς.

417 3789 477 3842 '0
503 3791 559 3843 δὲ
596 3792 770 3861 μέγας
799 3795 1079 3861 Βασίλειος
1111 3800 1168 3853 ἐν
1208 3801 1284 3872 τῷ
1311 3803 1400 3874 κη’
1435 3806 1621 3860 κανόνι
1693 3812 1902 3877 γελοῖον

332 3880 551 3949 ἡγεῖται
583 3883 645 3937 τὸ
684 3884 947 3952 εὔξασθαί
995 3907 1119 3944 τινα
1151 3892 1314 3947 ὑείων
1339 3897 1518 3964 κρεῶν
1559 3901 1898 3971 ἀπέχεσθαι·

332 3969 459 4022 ὃθεν
491 3972 585 4024 καὶ
631 3973 732 4043 τὴν
770 3975 1107 4044 ἐπαγγελίαν
1160 3981 1476 4038 ἀθετεῖσθαι
1531 3969 1767 4055 κελεύει,
1804 3995 1900 4045 καὶ

331 4061 436 4128 τὴν
481 4063 677 4131 χρῆσιν
721 4065 830 4120 τῶν
881 4070 1060 4138 κρεῶν
1093 4072 1387 4144 ἀδιάφορον
1418 4076 1565 4147 ἔχειν
1592 4079 1767 4151 (οὐδὲν
1791 4084 1901 4154 γὰρ

330 4152 537 4218 κτίσμα
566 4154 700 4207 Θεοῦ
729 4157 1032 4228 ἀπόϐλητον
1071 4164 1188 4230 μετ’
1217 4166 1572 4237 εὐχαριστίας
1617 4152 1893 4239 λαμϐανόέ

332 4249 540 4311 μενον),
573 4245 667 4298 καὶ
706 4247 800 4300 τοῦ
827 4248 1017 4303 λοιποῦ
1052 4252 1161 4307 τῶν
1185 4255 1527 4313 ἀπαιδεύτων
1553 4262 1900 4332 ἐπαγγελιῶν

327 4330 406 4393 ὥς
437 4335 856 4402 καταγελάστων
899 4340 1225 4412 ἀπέχεσθαι.

416 4422 506 4516 Ἐν
534 4427 592 4478 δὲ
629 4429 728 4498 μιᾷ
757 4431 864 4483 τῶν
896 4433 1030 4499 πρὸς
1061 4435 1151 4488 τὸν
1180 4437 1337 4507 ἅγιον
1383 4441 1735 4516 Ἀμφιλὸχιον
1773 4449 1896 4503 ἑπι-

2007 1977 2285 2034 abstinent
2317 1993 2345 2033 a
2377 1977 2635 2033 carnibus
2661 1978 3071 2033 exercitationis
3098 1992 3296 2043 causa,
3318 1975 3589 2030 duntaxat

2011 2077 2069 2125 ut
2098 2087 2190 2127 eas
2217 2074 2275 2128 in
2307 2072 2671 2128 conventibus
2704 2072 2935 2138 publicis
2964 2072 3284 2142 degustent,
3315 2077 3480 2138 atque
3510 2068 3593 2120 ita

1985 2165 2054 2233 _si
2089 2165 2567 2221 manducationem
2601 2181 2792 2222 eorum
2824 2167 3111 2222 admittere
3139 2165 3354 2229 nolunt,
3389 2163 3594 2218 saltem

2009 2253 2217 2308 olerum
2251 2267 2372 2308 cum
2409 2257 2490 2310 eis
2523 2265 2807 2312 coctorum
2845 2255 3248 2326 perceptionem
3283 2269 3394 2308 non
3429 2265 3588 2306 recu—

2007 2355 2130 2401 sent
2164 2363 2180 2402 :
2216 2356 2278 2402 ut
2319 2349 2420 2404 hac
2454 2349 2668 2404 ratione
2702 2363 2922 2404 onmem
2958 2347 3206 2405 scandali
3234 2345 3592 2401 occasionem-

2007 2437 2250 2493 adimaot
2289 2439 2358 2494 iis
2392 2439 2484 2509 qui
2523 2448 2720 2512 putant
2759 2440 2910 2511 ipsos
2950 2439 3376 2496 abominationis
3415 2450 3592 2490 causa

2007 2528 2264 2582 carnibus
2301 2528 2598 2585 abStinere.
2640 2530 2706 2584 Et
2742 2530 2963 2599 quidem
3001 2529 3273 2598 imprimis
3309 2541 3404 2582 eos
3435 2525 3593 2581 vesci

2008 2619 2267 2674 carnibus
2303 2620 2559 2674 convenit
2591 2620 2659 2676 iis
2693 2622 2918 2685 diebus,
2955 2621 3153 2690 quibus
3191 2619 3428 2674 haeretici
3463 2617 3588 2687 qui-

2007 2708 2127 2762 dam
2157 2725 2254 2778 per
2280 2711 2550 2780 jejunium
2583 2711 2651 2766 ab
2681 2713 2760 2767 eis
2793 2712 3064 2766 abstinere
3097 2713 3298 2775 solent,
3356 2724 3426 2764 ne
3455 2723 3582 2762 cum

2006 2802 2086 2856 eis
2119 2802 2427 2857 consentire
2454 2801 2743 2858 vidca‘ntur
2765 2843 2780 2868 ,
2810 2805 3108 2873 praesertim
3142 2803 3187 2857 si
3219 2801 3356 2856 forte
3383 2800 3586 2869 degant

2009 2891 2065 2947 in
2105 2891 2260 2956 urbe,
2305 2893 2466 2964 cujus
2511 2894 2748 2949 maxima
2795 2911 2922 2964 pars
2966 2897 3071 2949 hoc
3113 2895 3306 2951 morbo
3350 2892 3580 2947 laboret.

2007 2981 2164 3050 Quod
2206 2983 2255 3040 si
2291 2985 2488 3040 canoni
2527 3002 2635 3041 non
2674 2988 3086 3058 obtemperent,
3126 2996 3180 3043 et
3221 2986 3405 3043 clerici
3446 2984 3589 3051 sint,

2007 3089 2102 3132 eos
2134 3076 2448 3134 sacerdotio
2482 3078 2710 3149 spoliat,
2741 3077 2916 3135 laicos
2946 3088 3129 3134 autem
3163 3086 3436 3150 segregat.

2077 3257 2276 3313 Verum
2315 3258 2571 3315 monachi
2613 3259 2758 3316 inter
2800 3259 3046 3325 Latinos,
3087 3275 3123 3315 a
3157 3259 3418 3342 carnibus
3456 3260 3583 3328 qui-

2003 3345 2126 3402 dem
2166 3347 2534 3415 abstinentes,
2569 3363 2762 3404 eorum
2805 3359 2985 3404 autem
3027 3349 3411 3422 pinguedinem
3453 3347 3600 3404 cum

2001 3437 2243 3495 oleribus
2273 3440 2753 3496 indiscriminatim
2786 3443 3156 3506 comedentes,
3193 3441 3324 3496 mibi
3356 3457 3462 3497 non
3493 3441 3580 3496 vi»

1999 3527 2202 3583 dentur
2239 3532 2529 3599 praesentis
2571 3531 2801 3588 canonis
2845 3548 3030 3588 curam
3073 3549 3295 3602 gerere;
3336 3533 3389 3588 id
3429 3535 3581 3590 enim

2002 3620 2160 3687 plane
2195 3618 2434 3688 iaciunt,
2472 3637 2582 3678 non
2619 3635 2677 3679 ut
2711 3625 3028 3681 scandalum
3062 3625 3348 3694 auferant,
3384 3627 3478 3682 sed
3515 3638 3574 3682 ut

2001 3720 2248 3766 ventrem
2280 3713 2561 3784 impleant.

2074 3799 2305 3870 Magnus
2365 3813 2549 3859 autem
2587 3805 2823 3863 Basilius
2857 3807 2917 3862 in
2945 3808 3016 3862 28
3049 3791 3258 3865 canone
3289 3811 3577 3866 ridiculum
3609 3803 3613 3808 ⁴

2000 3890 2152 3946 ducit
2192 3907 2386 3950 vovere
2436 3889 2673 3967 aliquem
2724 3916 2754 3954 a
2805 3901 3051 3969 por-cinis
3102 3903 3364 3958 carnibus
3413 3903 3578 3959 absti-

2001 3999 2128 4039 nere
2164 4001 2180 4039 :
2220 3988 2366 4043 unde
2396 3996 2453 4042 et
2487 3989 2818 4060 promissum
2856 3993 3070 4048 irritum
3111 3993 3288 4049 facere
3313 3995 3489 4063 jubet,
3525 4005 3578 4048 et

2000 4075 2250 4129 carnium
2303 4093 2463 4132 usum
2514 4081 2907 4136 indiﬂ'erentem
2961 4083 3162 4138 habere
3209 4085 3377 4155 (nulla
3429 4086 3573 4138 enim

2001 4161 2095 4218 Dei
2119 4178 2366 4221 creatura
2390 4169 2680 4238 rejicienda
2702 4180 2804 4239 est,
2825 4173 2868 4227 si
2895 4187 3017 4227 cum
3040 4175 3337 4243 gratiarum
3359 4176 3576 4231 action:

2000 4257 2344 4328 accipiatur),
2376 4268 2428 4314 et
2463 4260 2517 4315 in
2551 4271 2828 4331 posterum
2856 4266 2932 4321 ab
2965 4266 3162 4337 ineptis
3199 4268 3483 4338 promissis
3515 4279 3573 4321 ut

2001 4345 2308 4405 ridiculosis
2336 4351 2635 4408 abstinere.

2070 4439 2128 4493 In
2161 4456 2268 4495 una
2313 4452 2496 4496 autem
2525 4460 2593 4500 ex
2621 4445 2782 4516 epist.
2811 4446 2878 4502 ad
2913 4445 2972 4503 S.
3001 4448 3347 4519 Amphiloch.
3375 4451 3574 4521 inquit,

329 4515 554 4580 στολῶν,
591 4520 741 4590 φησί·
774 4523 896 4586 Τοῖς
931 4524 988 4577 δέ
1034 4529 1262 4597 κομψοῐ,
1296 4515 1716 4605 ἑγκρατευταίς,
1755 4543 1895 4614 πρὸς

2010 4529 2246 4601 Egregiis
2273 4546 2457 4590 autem
2489 4515 2779 4594 Encratitis
2813 4541 2879 4595 ad
2912 4542 3230 4611 praeclaram
3259 4557 3449 4598 eorum
3479 4547 3574 4599 ob-

325 4609 389 4661 τὸ
412 4610 611 4679 σεμνὴν
644 4611 825 4666 αὐτῶν
859 4615 1175 4687 πρόϐλημα,
1221 4620 1313 4676 διὰ
1353 4625 1406 4677 τί
1447 4627 1542 4680 καὶ
1587 4631 1750 4700 ἡμεῖς
1775 4609 1898 4704 ούχὶ

2010 4619 2310 4687 iectionem,
2345 4636 2446 4678 cur
2475 4639 2576 4680 nos
2605 4641 2825 4697 quoque
2856 4609 2963 4683 non
2997 4631 3182 4686 omnia
3213 4634 3573 4696 comedimus.

327 4696 505 4750 πάντα
533 4700 808 4770 ἐσθίομεν,
835 4703 1010 4756 έκεῖνο
1048 4705 1290 4773 λεγέσθω
1317 4726 1330 4740 ·
1365 4713 1451 4765 ὅτι
1484 4696 1640 4768 οὐδὲν
1676 4696 1894 4789 θαυμαί-

326 4789 454 4841 στὸν
478 4789 532 4843 εί
565 4808 728 4844 τινων
753 4793 1070 4864 ἀπεχόμεθα
1094 4838 1109 4863 ,
1156 4801 1345 4872 ἐπειδὴ
1391 4805 1484 4856 καὶ
1531 4807 1599 4859 τὰ
1631 4811 1897 4880 περιττώ-

327 4893 474 4945 ματα
507 4879 665 4948 ἡμῶν
695 4881 1092 4956 βδελυττόμεθα
1113 4904 1127 4919 ”
1161 4891 1304 4944 κατά
1342 4894 1440 4961 μέν
1477 4910 1539 4961 γε
1589 4879 1894 4968 τὴνίάξίαν

321 4968 478 5020 οὐδὲν
507 4969 780 5041 διενήνοχε
812 4973 1045 5044 λαχάνου
1089 4978 1284 5048 χόρτου
1337 4981 1405 5034 τὰ
1442 4985 1617 5054 κρέα·
1655 4991 1793 5042 κατά
1838 4992 1894 5046 δὲ

321 5060 424 5127 τὴν
471 5061 581 5113 τῶν
623 5065 1012 5134 συμφερόντων
1065 5069 1361 5140 διάκρισιν,
1416 5075 1494 5137 ὡς
1543 5079 1639 5131 καὶ
1671 5081 1731 5134 ὲν
1783 5086 1894 5148 τοῖς

322 5150 577 5221 λαχάνοις
624 5155 684 5206 τὸ
721 5154 980 5226 βλαϐερὸν
1025 5158 1120 5211 τοῦ
1169 5163 1508 5234 καταλλήλου
1559 5172 1890 5241 χωρίζομεν,

320 5243 466 5296 οὓτω
497 5253 592 5298 καί
618 5250 676 5298 ἐν
707 5249 818 5310 τοῖς
863 5249 1079 5317 κρέασι,
1107 5250 1203 5304 τοῦ
1234 5254 1509 5325 χρησίμου
1531 5260 1590 5312 τὸ
1625 5261 1892 5331 βλαϐερὸν

322 5333 697 5405 διακρίνομεν.
748 5337 902 5393 Ἐπεὶ
929 5341 1159 5410 λάχανόν
1191 5346 1308 5398 ἐστι
1329 5347 1389 5398 τὸ
1423 5348 1670 5417 κώνειον,
1701 5353 1890 5429 ὥσπερ

323 5426 496 5497 κρέας
522 5427 584 5481 τὺ
620 5425 872 5497 γύπειον·
914 5433 1029 5486 ἀλλ’
1063 5437 1213 5514 ὅμως
1245 5436 1370 5492 οὔτε
1409 5441 1752 5516 υίοσκύαμον
1786 5425 1891 5516 god;

321 5534 408 5584 γοι
457 5520 524 5574 ἄν
558 5536 644 5592 τις
693 5523 818 5577 νοῦν
870 5525 1030 5595 ἔχων,
1062 5511 1187 5580 οὔτε
1222 5531 1396 5598 γυπὸς
1416 5511 1663 5609 ﬁdicina;
1690 5538 1764 5609 μὴ
1797 5511 1891 5608 με·

320 5609 495 5681 γότλης
524 5610 775 5684 ἀνάγκης
831 5618 1266 5690 κατεπειγούσης
1290 5637 1305 5652 ο
1344 5603 1486 5678 ὥστε
1519 5626 1547 5678 ὁ
1572 5603 1763 5694 φαγὼν
1789 5603 1890 5683 οὐκ

321 5701 620 5772 ἡνόμησεν.

405 5794 460 5847 Ὀ
504 5793 560 5848 δὲ
610 5793 712 5864 τῆς
744 5799 804 5850 ὲν
853 5797 1078 5870 Γάγγρᾳ
1110 5800 1328 5854 συνόδου
1362 5800 1406 5871 β’
1437 5803 1686 5877 ἀνάθεμα
1713 5824 1883 5861 κατα-

2002 4709 2134 4765 illud
2170 4712 2404 4780 dicatur,
2440 4714 2550 4787 56
2581 4719 2726 4788 quod
2763 4719 2962 4774 mirum
3001 4737 3108 4775 non
3144 4731 3249 4788 est,
3287 4725 3332 4779 si
3367 4726 3436 4778 ab
3471 4727 3572 4779 ali-

1998 4802 2199 4870 quibus
2245 4805 2606 4873 abstinemus,
2651 4812 2909 4879 quoniam
2954 4821 3140 4868 nostra
3181 4816 3342 4868 etiam
3387 4831 3571 4872 excrc-

1998 4903 2182 4950 menta
2219 4897 2623 4954 abominamur.
2659 4899 2933 4969 Dignitate
2965 4905 3111 4957 enim
3148 4905 3296 4959 olera
3329 4921 3361 4958 a
3397 4907 3569 4960 carni-

1998 4984 2102 5040 bus
2141 4987 2278 5040 nihil
2317 4988 2613 5056 diil‘erunt;
2649 4992 2794 5060 quod
2831 5003 3014 5048 autem
3051 4995 3244 5050 attinet
3276 4997 3342 5051 ad
3378 5013 3574 5052 eorum.

1995 5090 2119 5145 qua:
2142 5088 2268 5133 sunt
2297 5080 2450 5134 utilia
2477 5081 2880 5145 discretionem,
2907 5085 3050 5140 sicut
3076 5094 3132 5140 et
3163 5085 3216 5141 in
3245 5089 3484 5145 oleribus
3511 5091 3562 5144 id

1994 5168 2138 5236 quod
2174 5177 2257 5224 est
2288 5171 2513 5225 noxium
2543 5173 2612 5228 ab
2644 5175 2761 5228 utili
2796 5191 3150 5244 separamus,
3184 5178 3257 5232 ita
3293 5180 3346 5234 in
3381 5182 3566 5235 carni-

1995 5260 2097 5314 bus
2139 5261 2285 5330 quod
2327 5264 2548 5318 noxium
2591 5273 2674 5320 est
2716 5266 2785 5320 ab
2829 5268 2948 5322 utili
2995 5269 3384 5327 discernimus.
3429 5271 3564 5327 Nam

1992 5352 2114 5407 olus
2137 5354 2356 5422 quidem
2383 5364 2466 5410 est
2493 5357 2693 5423 cicuta,
2723 5361 3178 5428 quemadmodum
3206 5375 3260 5418 et
3286 5364 3582 5419 vulturina.

1992 5459 2120 5500 caro
2156 5457 2240 5502 est
2279 5463 2428 5515 caro,
2466 5449 2793 5506 tamen‘nec
2834 5451 3222 5525 hyoscyamum
3266 5455 3565 5511 comederit

1989 5537 2116 5606 quis
2157 5539 2358 5593 mentis
2403 5555 2651 5611 compos,
2692 5558 2791 5599 nec
2833 5546 3106 5600 vulturem
3150 5547 3410 5616 attigerit,
3456 5547 3572 5602 nisi

1989 5643 2183 5699 magna
2208 5639 2433 5701 urgente
2459 5635 2812 5692 necessitate.
2824 5637 3186 5703 Quamobrem
3209 5639 3303 5707 qui
3325 5638 3561 5693 comedit

1989 5737 2096 5776 non
2125 5722 2313 5793 inique
2343 5726 2472 5796 egit.

2059 5812 2246 5870 Cauou
2290 5825 2474 5872 autem
2521 5818 2558 5872 2
2603 5834 2723 5888 syn.
2762 5818 2966 5890 Gangr.
3009 5835 3158 5890 cum,
3200 5821 3296 5889 qui
3334 5835 3561 5880 carnem
