  <div class='ocr_page' id='page_1' title='image "/cluster/home/n/w/nwhite01/storage/ocr_20150623/144:no.2/coo.31924054870492/575.png"; bbox 0 0 3992 6416; ppageno 0'>
   <div class='ocr_carea' id='block_1_1' title="bbox 517 425 657 490">
    <p class='ocr_par' dir='ltr' id='par_1_1' title="bbox 517 425 657 490">
     <span class='ocr_line' id='line_1_1' title="bbox 517 425 657 490; baseline -0.014 0"><span class='ocrx_word' id='word_1_1' title='bbox 517 425 657 490; x_wconf 73' lang='grc'><strong>1139</strong></span> 
     </span>
    </p>
   </div>
   <div class='ocr_carea' id='block_1_2' title="bbox 1704 429 2531 492">
    <p class='ocr_par' dir='ltr' id='par_1_2' title="bbox 1704 429 2531 492">
     <span class='ocr_line' id='line_1_2' title="bbox 1704 429 2531 492; baseline 0.002 -2"><span class='ocrx_word' id='word_1_2' title='bbox 1704 429 2075 491; x_wconf 77' lang='grc' dir='ltr'><strong>ΜΑΤΤΗΙΕΙ</strong></span> <span class='ocrx_word' id='word_1_3' title='bbox 2107 431 2531 492; x_wconf 74' lang='lat' dir='ltr'><strong>BLASTARIS</strong></span> 
     </span>
    </p>
   </div>
   <div class='ocr_carea' id='block_1_3' title="bbox 3587 432 3691 501">
    <p class='ocr_par' dir='ltr' id='par_1_3' title="bbox 3587 432 3691 501">
     <span class='ocr_line' id='line_1_3' title="bbox 3587 432 3691 501; baseline 0.048 -5"><span class='ocrx_word' id='word_1_4' title='bbox 3587 432 3691 501; x_wconf 77' lang='lat' dir='ltr'><strong>tuo</strong></span> 
     </span>
    </p>
   </div>
   <div class='ocr_carea' id='block_1_4' title="bbox 507 543 2089 626">
    <p class='ocr_par' dir='ltr' id='par_1_4' title="bbox 507 543 2084 616">
     <span class='ocr_line' id='line_1_4' title="bbox 507 543 2084 616; baseline 0.003 -20"><span class='ocrx_word' id='word_1_5' title='bbox 507 554 702 610; x_wconf 61' lang='lat' dir='ltr'><strong>prxier</strong></span> <span class='ocrx_word' id='word_1_6' title='bbox 726 543 1073 612; x_wconf 77' lang='lat' dir='ltr'><strong>sanguinem,</strong></span> <span class='ocrx_word' id='word_1_7' title='bbox 1099 544 1452 607; x_wconf 82' lang='lat' dir='ltr'><strong>suﬂ‘ocatum,</strong></span> <span class='ocrx_word' id='word_1_8' title='bbox 1476 554 1530 599; x_wconf 90' lang='lat' dir='ltr'><strong>et</strong></span> <span class='ocrx_word' id='word_1_9' title='bbox 1551 545 1934 616; x_wconf 85' lang='lat' dir='ltr'><strong>idolotltytunt,</strong></span> <span class='ocrx_word' id='word_1_10' title='bbox 1962 561 2084 600; x_wconf 89' lang='lat' dir='ltr'><strong>cum</strong></span> 
     </span>
    </p>
   </div>
   <div class='ocr_carea' id='block_1_5' title="bbox 2195 543 3695 626">
    <p class='ocr_par' dir='ltr' id='par_1_5' title="bbox 2195 544 3695 626">
     <span class='ocr_line' id='line_1_5' title="bbox 2195 544 3695 626; baseline 0.005 -29"><span class='ocrx_word' id='word_1_11' title='bbox 2195 546 2502 626; x_wconf 41' lang='lat' dir='ltr'><strong>ineiCetak</strong></span> <span class='ocrx_word' id='word_1_12' title='bbox 2529 544 2625 599; x_wconf 80' lang='grc' dir='ltr'><strong>τοῦ</strong></span> <span class='ocrx_word' id='word_1_13' title='bbox 2659 545 3084 618; x_wconf 68' lang='grc' dir='ltr'><strong>κατακρίναντος</strong></span> <span class='ocrx_word' id='word_1_14' title='bbox 3126 545 3220 600; x_wconf 83' lang='grc' dir='ltr'><strong>τδν</strong></span> <span class='ocrx_word' id='word_1_15' title='bbox 3267 546 3695 618; x_wconf 69' lang='grc' dir='ltr'>μεταλαμϐάνοντα</span> 
     </span>
    </p>
   </div>
   <div class='ocr_carea' id='block_1_6' title="bbox 486 637 2081 727">
    <p class='ocr_par' dir='ltr' id='par_1_6' title="bbox 486 637 2081 727">
     <span class='ocr_line' id='line_1_6' title="bbox 486 637 2081 727; baseline 0.002 -38"><span class='ocrx_word' id='word_1_16' title='bbox 486 642 704 727; x_wconf 63' lang='lat' dir='ltr'><strong>Pietate</strong></span> <span class='ocrx_word' id='word_1_17' title='bbox 751 647 804 691; x_wconf 88' lang='lat' dir='ltr'><strong>et</strong></span> <span class='ocrx_word' id='word_1_18' title='bbox 854 637 958 692; x_wconf 81' lang='lat' dir='ltr'><strong>ﬁde</strong></span> <span class='ocrx_word' id='word_1_19' title='bbox 1005 637 1381 694; x_wconf 82' lang='lat' dir='ltr'><strong>comedentem</strong></span> <span class='ocrx_word' id='word_1_20' title='bbox 1429 639 1777 699; x_wconf 80' lang='lat' dir='ltr'><strong>condemnat.</strong></span> <span class='ocrx_word' id='word_1_21' title='bbox 1825 647 2081 708; x_wconf 86' lang='lat' dir='ltr'><strong>tanquam</strong></span> 
     </span>
    </p>
   </div>
   <div class='ocr_carea' id='block_1_7' title="bbox 503 730 2085 802">
    <p class='ocr_par' dir='ltr' id='par_1_7' title="bbox 503 730 2085 802">
     <span class='ocr_line' id='line_1_7' title="bbox 503 730 2085 802; baseline 0.003 -22"><span class='ocrx_word' id='word_1_22' title='bbox 503 730 648 798; x_wconf 89' lang='lat' dir='ltr'><strong>quod</strong></span> <span class='ocrx_word' id='word_1_23' title='bbox 697 745 759 784; x_wconf 89' lang='lat' dir='ltr'><strong>ea</strong></span> <span class='ocrx_word' id='word_1_24' title='bbox 806 739 1058 786; x_wconf 77' lang='lat' dir='ltr'><strong>vescatur</strong></span> <span class='ocrx_word' id='word_1_25' title='bbox 1103 746 1254 802; x_wconf 85' lang='lat' dir='ltr'><strong>spem</strong></span> <span class='ocrx_word' id='word_1_26' title='bbox 1310 746 1417 786; x_wconf 92' lang='lat' dir='ltr'><strong>non</strong></span> <span class='ocrx_word' id='word_1_27' title='bbox 1471 731 1687 796; x_wconf 87' lang='lat' dir='ltr'><strong>habeat,</strong></span> <span class='ocrx_word' id='word_1_28' title='bbox 1739 731 2085 785; x_wconf 74' lang='lat' dir='ltr'><strong>anathemate</strong></span> 
     </span>
    </p>
   </div>
   <div class='ocr_carea' id='block_1_8' title="bbox 502 818 654 874">
    <p class='ocr_par' dir='ltr' id='par_1_8' title="bbox 502 818 654 874">
     <span class='ocr_line' id='line_1_8' title="bbox 502 818 654 874; baseline -0.007 0"><span class='ocrx_word' id='word_1_29' title='bbox 502 818 654 874; x_wconf 71' lang='lat' dir='ltr'><strong>ferit.</strong></span> 
     </span>
    </p>
   </div>
   <div class='ocr_carea' id='block_1_9' title="bbox 576 911 2085 986">
    <p class='ocr_par' dir='ltr' id='par_1_9' title="bbox 576 911 2085 986">
     <span class='ocr_line' id='line_1_9' title="bbox 576 911 2085 986; baseline 0.003 -22"><span class='ocrx_word' id='word_1_30' title='bbox 576 911 721 976; x_wconf 84' lang='lat' dir='ltr'><strong>Quin</strong></span> <span class='ocrx_word' id='word_1_31' title='bbox 757 924 809 968; x_wconf 91' lang='lat' dir='ltr'><strong>et</strong></span> <span class='ocrx_word' id='word_1_32' title='bbox 841 913 907 968; x_wconf 76' lang='grc'><strong>10</strong></span> <span class='ocrx_word' id='word_1_33' title='bbox 937 929 1062 968; x_wconf 89' lang='lat' dir='ltr'><strong>eum</strong></span> <span class='ocrx_word' id='word_1_34' title='bbox 1095 915 1187 986; x_wconf 87' lang='lat' dir='ltr'><strong>qui</strong></span> <span class='ocrx_word' id='word_1_35' title='bbox 1219 915 1405 969; x_wconf 69' lang='lat' dir='ltr'><strong>craSsa</strong></span> <span class='ocrx_word' id='word_1_36' title='bbox 1435 915 1758 970; x_wconf 73' lang='lat' dir='ltr'><strong>vestimenta</strong></span> <span class='ocrx_word' id='word_1_37' title='bbox 1791 915 2000 982; x_wconf 87' lang='lat' dir='ltr'><strong>induit,</strong></span> <span class='ocrx_word' id='word_1_38' title='bbox 2030 928 2085 969; x_wconf 88' lang='lat' dir='ltr'><strong>et</strong></span> 
     </span>
    </p>
   </div>
   <div class='ocr_carea' id='block_1_10' title="bbox 503 1004 2084 1073">
    <p class='ocr_par' dir='ltr' id='par_1_10' title="bbox 503 1004 2084 1073">
     <span class='ocr_line' id='line_1_10' title="bbox 503 1004 2084 1073; baseline 0.003 -15"><span class='ocrx_word' id='word_1_39' title='bbox 503 1019 600 1059; x_wconf 90' lang='lat' dir='ltr'><strong>eos</strong></span> <span class='ocrx_word' id='word_1_40' title='bbox 631 1004 724 1073; x_wconf 87' lang='lat' dir='ltr'><strong>qui</strong></span> <span class='ocrx_word' id='word_1_41' title='bbox 757 1015 903 1061; x_wconf 82' lang='lat' dir='ltr'><strong>veste</strong></span> <span class='ocrx_word' id='word_1_42' title='bbox 933 1017 1192 1062; x_wconf 88' lang='lat' dir='ltr'><strong>consueta</strong></span> <span class='ocrx_word' id='word_1_43' title='bbox 1227 1017 1476 1072; x_wconf 88' lang='lat' dir='ltr'><strong>utuntur,</strong></span> <span class='ocrx_word' id='word_1_44' title='bbox 1511 1019 1606 1062; x_wconf 91' lang='lat' dir='ltr'><strong>aut</strong></span> <span class='ocrx_word' id='word_1_45' title='bbox 1639 1023 1704 1061; x_wconf 80' lang='lat' dir='ltr'><strong>ex</strong></span> <span class='ocrx_word' id='word_1_46' title='bbox 1740 1008 1916 1062; x_wconf 86' lang='lat' dir='ltr'><strong>serico</strong></span> <span class='ocrx_word' id='word_1_47' title='bbox 1948 1022 2084 1062; x_wconf 81' lang='lat' dir='ltr'><strong>con-</strong></span> 
     </span>
    </p>
   </div>
   <div class='ocr_carea' id='block_1_11' title="bbox 505 1098 2079 1170">
    <p class='ocr_par' dir='ltr' id='par_1_11' title="bbox 505 1098 2079 1170">
     <span class='ocr_line' id='line_1_11' title="bbox 505 1098 2079 1170; baseline 0.002 -22"><span class='ocrx_word' id='word_1_48' title='bbox 505 1105 684 1151; x_wconf 82' lang='lat' dir='ltr'><strong>textas</strong></span> <span class='ocrx_word' id='word_1_49' title='bbox 715 1113 838 1151; x_wconf 93' lang='lat' dir='ltr'><strong>cum</strong></span> <span class='ocrx_word' id='word_1_50' title='bbox 873 1099 1074 1168; x_wconf 90' lang='lat' dir='ltr'><strong>pietate</strong></span> <span class='ocrx_word' id='word_1_51' title='bbox 1104 1099 1376 1165; x_wconf 90' lang='lat' dir='ltr'><strong>induunt,</strong></span> <span class='ocrx_word' id='word_1_52' title='bbox 1410 1116 1518 1154; x_wconf 88' lang='lat' dir='ltr'><strong>non</strong></span> <span class='ocrx_word' id='word_1_53' title='bbox 1553 1113 1772 1170; x_wconf 88' lang='lat' dir='ltr'><strong>pr0pter</strong></span> <span class='ocrx_word' id='word_1_54' title='bbox 1801 1098 2079 1153; x_wconf 84' lang='lat' dir='ltr'><strong>mollitiem</strong></span> 
     </span>
    </p>
   </div>
   <div class='ocr_carea' id='block_1_12' title="bbox 503 1186 1990 1257">
    <p class='ocr_par' dir='ltr' id='par_1_12' title="bbox 503 1186 1990 1257">
     <span class='ocr_line' id='line_1_12' title="bbox 503 1186 1990 1257; baseline 0.004 -19"><span class='ocrx_word' id='word_1_55' title='bbox 503 1186 590 1241; x_wconf 83' lang='lat' dir='ltr'><strong>vel</strong></span> <span class='ocrx_word' id='word_1_56' title='bbox 620 1189 1010 1257; x_wconf 78' lang='lat' dir='ltr'><strong>arrogantiam,</strong></span> <span class='ocrx_word' id='word_1_57' title='bbox 1044 1191 1412 1257; x_wconf 87' lang='lat' dir='ltr'><strong>abominatur,</strong></span> <span class='ocrx_word' id='word_1_58' title='bbox 1441 1191 1775 1248; x_wconf 81' lang='lat' dir='ltr'><strong>anathemati</strong></span> <span class='ocrx_word' id='word_1_59' title='bbox 1807 1191 1990 1246; x_wconf 84' lang='lat' dir='ltr'><strong>tradit.</strong></span> 
     </span>
    </p>
   </div>
   <div class='ocr_carea' id='block_1_13' title="bbox 575 1369 2084 1442">
    <p class='ocr_par' dir='ltr' id='par_1_13' title="bbox 575 1369 2084 1442">
     <span class='ocr_line' id='line_1_13' title="bbox 575 1369 2084 1442; baseline 0.005 -19"><span class='ocrx_word' id='word_1_60' title='bbox 575 1369 835 1426; x_wconf 84' lang='lat' dir='ltr'><strong>Eamdem</strong></span> <span class='ocrx_word' id='word_1_61' title='bbox 871 1371 1038 1426; x_wconf 85' lang='lat' dir='ltr'><strong>etiam</strong></span> <span class='ocrx_word' id='word_1_62' title='bbox 1073 1387 1288 1442; x_wconf 73' lang='lat' dir='ltr'><strong>poenam</strong></span> <span class='ocrx_word' id='word_1_63' title='bbox 1322 1372 1355 1426; x_wconf 83' lang='lat'><strong>5</strong></span> <span class='ocrx_word' id='word_1_64' title='bbox 1387 1389 1560 1429; x_wconf 85' lang='lat' dir='ltr'><strong>canon</strong></span> <span class='ocrx_word' id='word_1_65' title='bbox 1610 1385 1799 1429; x_wconf 84' lang='lat' dir='ltr'><strong>contra</strong></span> <span class='ocrx_word' id='word_1_66' title='bbox 1831 1390 1954 1429; x_wconf 87' lang='lat' dir='ltr'><strong>cum</strong></span> <span class='ocrx_word' id='word_1_67' title='bbox 1990 1375 2084 1430; x_wconf 88' lang='lat' dir='ltr'><strong>de-</strong></span> 
     </span>
    </p>
   </div>
   <div class='ocr_carea' id='block_1_14' title="bbox 503 1463 2084 1536">
    <p class='ocr_par' dir='ltr' id='par_1_14' title="bbox 503 1463 2084 1536">
     <span class='ocr_line' id='line_1_14' title="bbox 503 1463 2084 1536; baseline 0.004 -20"><span class='ocrx_word' id='word_1_68' title='bbox 503 1463 703 1528; x_wconf 87' lang='lat' dir='ltr'><strong>cernit,</strong></span> <span class='ocrx_word' id='word_1_69' title='bbox 731 1463 820 1533; x_wconf 91' lang='lat' dir='ltr'><strong>qui</strong></span> <span class='ocrx_word' id='word_1_70' title='bbox 853 1464 1075 1519; x_wconf 89' lang='lat' dir='ltr'><strong>domum</strong></span> <span class='ocrx_word' id='word_1_71' title='bbox 1107 1466 1202 1520; x_wconf 87' lang='lat' dir='ltr'><strong>Dei</strong></span> <span class='ocrx_word' id='word_1_72' title='bbox 1233 1466 1564 1536; x_wconf 90' lang='lat' dir='ltr'><strong>contemptui</strong></span> <span class='ocrx_word' id='word_1_73' title='bbox 1596 1467 1779 1532; x_wconf 84' lang='lat' dir='ltr'><strong>habet,</strong></span> <span class='ocrx_word' id='word_1_74' title='bbox 1807 1477 1863 1521; x_wconf 91' lang='lat' dir='ltr'><strong>et</strong></span> <span class='ocrx_word' id='word_1_75' title='bbox 1893 1481 1923 1519; x_wconf 94' lang='lat' dir='ltr'><strong>a</strong></span> <span class='ocrx_word' id='word_1_76' title='bbox 1953 1482 2084 1535; x_wconf 83' lang='lat' dir='ltr'><strong>con-</strong></span> 
     </span>
    </p>
   </div>
   <div class='ocr_carea' id='block_1_15' title="bbox 503 1555 2083 1631">
    <p class='ocr_par' dir='ltr' id='par_1_15' title="bbox 503 1555 2083 1631">
     <span class='ocr_line' id='line_1_15' title="bbox 503 1555 2083 1631; baseline 0.005 -25"><span class='ocrx_word' id='word_1_77' title='bbox 503 1555 754 1612; x_wconf 86' lang='lat' dir='ltr'><strong>ventibus</strong></span> <span class='ocrx_word' id='word_1_78' title='bbox 781 1557 835 1610; x_wconf 93' lang='lat' dir='ltr'><strong>in</strong></span> <span class='ocrx_word' id='word_1_79' title='bbox 859 1573 920 1611; x_wconf 92' lang='lat' dir='ltr'><strong>ea</strong></span> <span class='ocrx_word' id='word_1_80' title='bbox 950 1557 1148 1613; x_wconf 86' lang='lat' dir='ltr'><strong>habitis</strong></span> <span class='ocrx_word' id='word_1_81' title='bbox 1169 1559 1446 1615; x_wconf 87' lang='lat' dir='ltr'><strong>abhorret.</strong></span> <span class='ocrx_word' id='word_1_82' title='bbox 1476 1561 1675 1616; x_wconf 79' lang='lat' dir='ltr'><strong>Beatus</strong></span> <span class='ocrx_word' id='word_1_83' title='bbox 1701 1561 1918 1631; x_wconf 87' lang='lat' dir='ltr'><strong>quidem</strong></span> <span class='ocrx_word' id='word_1_84' title='bbox 1944 1558 2083 1614; x_wconf 82' lang='lat' dir='ltr'><strong>Pau-</strong></span> 
     </span>
    </p>
   </div>
   <div class='ocr_carea' id='block_1_16' title="bbox 502 1647 2083 1722">
    <p class='ocr_par' dir='ltr' id='par_1_16' title="bbox 502 1647 2083 1722">
     <span class='ocr_line' id='line_1_16' title="bbox 502 1647 2083 1722; baseline 0.005 -21"><span class='ocrx_word' id='word_1_85' title='bbox 502 1647 589 1703; x_wconf 87' lang='lat' dir='ltr'><strong>lus</strong></span> <span class='ocrx_word' id='word_1_86' title='bbox 625 1649 676 1703; x_wconf 89' lang='lat' dir='ltr'><strong>in</strong></span> <span class='ocrx_word' id='word_1_87' title='bbox 709 1649 860 1703; x_wconf 89' lang='lat' dir='ltr'><strong>omni</strong></span> <span class='ocrx_word' id='word_1_88' title='bbox 890 1649 1010 1705; x_wconf 87' lang='lat' dir='ltr'><strong>loco</strong></span> <span class='ocrx_word' id='word_1_89' title='bbox 1043 1651 1258 1720; x_wconf 90' lang='lat' dir='ltr'><strong>precari</strong></span> <span class='ocrx_word' id='word_1_90' title='bbox 1285 1651 1474 1722; x_wconf 86' lang='lat' dir='ltr'><strong>jubet,</strong></span> <span class='ocrx_word' id='word_1_91' title='bbox 1508 1654 1603 1710; x_wconf 88' lang='lat' dir='ltr'><strong>sed</strong></span> <span class='ocrx_word' id='word_1_92' title='bbox 1629 1669 1746 1722; x_wconf 84' lang='lat' dir='ltr'><strong>non</strong></span> <span class='ocrx_word' id='word_1_93' title='bbox 1780 1665 2083 1711; x_wconf 87' lang='lat' dir='ltr'><strong>conventus</strong></span> 
     </span>
    </p>
   </div>
   <div class='ocr_carea' id='block_1_17' title="bbox 503 1745 1550 1814">
    <p class='ocr_par' dir='ltr' id='par_1_17' title="bbox 503 1745 1550 1814">
     <span class='ocr_line' id='line_1_17' title="bbox 503 1745 1550 1814; baseline 0.005 -18"><span class='ocrx_word' id='word_1_94' title='bbox 503 1749 888 1810; x_wconf 85' lang='lat' dir='ltr'><strong>contemnere,</strong></span> <span class='ocrx_word' id='word_1_95' title='bbox 917 1751 973 1798; x_wconf 90' lang='lat' dir='ltr'><strong>et</strong></span> <span class='ocrx_word' id='word_1_96' title='bbox 1002 1745 1205 1814; x_wconf 90' lang='lat' dir='ltr'><strong>templa</strong></span> <span class='ocrx_word' id='word_1_97' title='bbox 1232 1759 1341 1800; x_wconf 90' lang='lat' dir='ltr'><strong>non</strong></span> <span class='ocrx_word' id='word_1_98' title='bbox 1375 1745 1550 1801; x_wconf 88' lang='lat' dir='ltr'><strong>adire.</strong></span> 
     </span>
    </p>
   </div>
   <div class='ocr_carea' id='block_1_18' title="bbox 575 1923 2086 1998">
    <p class='ocr_par' dir='ltr' id='par_1_18' title="bbox 575 1923 2086 1998">
     <span class='ocr_line' id='line_1_18' title="bbox 575 1923 2086 1998; baseline 0.003 -20"><span class='ocrx_word' id='word_1_99' title='bbox 575 1923 764 1980; x_wconf 88' lang='lat' dir='ltr'><strong>Canon</strong></span> <span class='ocrx_word' id='word_1_100' title='bbox 795 1935 976 1981; x_wconf 88' lang='lat' dir='ltr'><strong>autem</strong></span> <span class='ocrx_word' id='word_1_101' title='bbox 1002 1926 1073 1982; x_wconf 77' lang='lat'><strong>20</strong></span> <span class='ocrx_word' id='word_1_102' title='bbox 1097 1943 1195 1984; x_wconf 90' lang='lat' dir='ltr'><strong>eos</strong></span> <span class='ocrx_word' id='word_1_103' title='bbox 1220 1929 1312 1996; x_wconf 91' lang='lat' dir='ltr'><strong>qui</strong></span> <span class='ocrx_word' id='word_1_104' title='bbox 1339 1929 1619 1998; x_wconf 79' lang='lat' dir='ltr'><strong>arroganti</strong></span> <span class='ocrx_word' id='word_1_105' title='bbox 1663 1937 1846 1985; x_wconf 87' lang='lat' dir='ltr'><strong>mente</strong></span> <span class='ocrx_word' id='word_1_106' title='bbox 1892 1943 1927 1984; x_wconf 83' lang='lat' dir='ltr'><strong>a</strong></span> <span class='ocrx_word' id='word_1_107' title='bbox 1958 1943 2086 1983; x_wconf 86' lang='lat' dir='ltr'><strong>con-</strong></span> 
     </span>
    </p>
   </div>
   <div class='ocr_carea' id='block_1_19' title="bbox 505 2018 2090 2093">
    <p class='ocr_par' dir='ltr' id='par_1_19' title="bbox 505 2018 2090 2093">
     <span class='ocr_line' id='line_1_19' title="bbox 505 2018 2090 2093; baseline 0.006 -27"><span class='ocrx_word' id='word_1_108' title='bbox 505 2018 758 2073; x_wconf 83' lang='lat' dir='ltr'><strong>ven;ibus</strong></span> <span class='ocrx_word' id='word_1_109' title='bbox 780 2059 794 2082; x_wconf 96' lang='lat'><strong>,</strong></span> <span class='ocrx_word' id='word_1_110' title='bbox 828 2029 881 2073; x_wconf 89' lang='lat' dir='ltr'><strong>et</strong></span> <span class='ocrx_word' id='word_1_111' title='bbox 911 2035 939 2074; x_wconf 90' lang='lat' dir='ltr'><strong>a</strong></span> <span class='ocrx_word' id='word_1_112' title='bbox 972 2021 1148 2076; x_wconf 88' lang='lat' dir='ltr'><strong>sacris</strong></span> <span class='ocrx_word' id='word_1_113' title='bbox 1179 2022 1290 2076; x_wconf 90' lang='lat' dir='ltr'><strong>illic</strong></span> <span class='ocrx_word' id='word_1_114' title='bbox 1311 2065 1325 2087; x_wconf 93' lang='lat'><strong>,</strong></span> <span class='ocrx_word' id='word_1_115' title='bbox 1357 2022 1448 2076; x_wconf 88' lang='lat' dir='ltr'><strong>ubi</strong></span> <span class='ocrx_word' id='word_1_116' title='bbox 1483 2031 1786 2093; x_wconf 82' lang='lat' dir='ltr'><strong>martyrum</strong></span> <span class='ocrx_word' id='word_1_117' title='bbox 1842 2021 2090 2090; x_wconf 69' lang='lat' dir='ltr'><strong>reliquiae</strong></span> 
     </span>
    </p>
   </div>
   <div class='ocr_carea' id='block_1_20' title="bbox 507 2111 2084 2178">
    <p class='ocr_par' dir='ltr' id='par_1_20' title="bbox 507 2111 2084 2178">
     <span class='ocr_line' id='line_1_20' title="bbox 507 2111 2084 2178; baseline 0.003 -16"><span class='ocrx_word' id='word_1_118' title='bbox 507 2121 874 2178; x_wconf 89' lang='lat' dir='ltr'><strong>reponuntur,</strong></span> <span class='ocrx_word' id='word_1_119' title='bbox 903 2111 1194 2168; x_wconf 87' lang='lat' dir='ltr'><strong>celebratis</strong></span> <span class='ocrx_word' id='word_1_120' title='bbox 1230 2115 1512 2178; x_wconf 86' lang='lat' dir='ltr'><strong>abhorret,</strong></span> <span class='ocrx_word' id='word_1_121' title='bbox 1553 2113 1902 2168; x_wconf 85' lang='lat' dir='ltr'><strong>anathemate</strong></span> <span class='ocrx_word' id='word_1_122' title='bbox 1939 2111 2084 2168; x_wconf 75' lang='lat' dir='ltr'><strong>fet-it.</strong></span> 
     </span>
    </p>
   </div>
   <div class='ocr_carea' id='block_1_21' title="bbox 510 2199 2074 2275">
    <p class='ocr_par' dir='ltr' id='par_1_21' title="bbox 510 2199 2074 2275">
     <span class='ocr_line' id='line_1_21' title="bbox 510 2199 2074 2275; baseline 0.003 -22"><span class='ocrx_word' id='word_1_123' title='bbox 510 2199 704 2267; x_wconf 83' lang='lat' dir='ltr'><strong>Quaere</strong></span> <span class='ocrx_word' id='word_1_124' title='bbox 739 2203 902 2256; x_wconf 88' lang='lat' dir='ltr'><strong>etiam</strong></span> <span class='ocrx_word' id='word_1_125' title='bbox 935 2218 1060 2258; x_wconf 82' lang='lat' dir='ltr'><strong>can;</strong></span> <span class='ocrx_word' id='word_1_126' title='bbox 1090 2204 1157 2258; x_wconf 79' lang='lat' dir='ltr'><strong>l6</strong></span> <span class='ocrx_word' id='word_1_127' title='bbox 1189 2205 1350 2272; x_wconf 75' lang='lat' dir='ltr'><strong>hujus</strong></span> <span class='ocrx_word' id='word_1_128' title='bbox 1377 2220 1497 2275; x_wconf 87' lang='lat' dir='ltr'><strong>syn.</strong></span> <span class='ocrx_word' id='word_1_129' title='bbox 1529 2203 1580 2258; x_wconf 90' lang='lat' dir='ltr'><strong>in</strong></span> <span class='ocrx_word' id='word_1_130' title='bbox 1611 2205 1644 2259; x_wconf 80' lang='grc'>5</span> <span class='ocrx_word' id='word_1_131' title='bbox 1671 2218 1790 2275; x_wconf 89' lang='lat' dir='ltr'><strong>cap.</strong></span> <span class='ocrx_word' id='word_1_132' title='bbox 1823 2203 1928 2258; x_wconf 89' lang='lat' dir='ltr'><strong>litt.</strong></span> <span class='ocrx_word' id='word_1_133' title='bbox 1960 2205 2025 2258; x_wconf 75' lang='grc' dir='ltr'>Α.</span> <span class='ocrx_word' id='word_1_134' title='bbox 2072 2234 2074 2236; x_wconf 61' lang='grc' dir='ltr'><strong>τ</strong></span> 
     </span>
    </p>
   </div>
   <div class='ocr_carea' id='block_1_22' title="bbox 885 2379 1712 2452">
    <p class='ocr_par' dir='ltr' id='par_1_22' title="bbox 885 2379 1712 2452">
     <span class='ocr_line' id='line_1_22' title="bbox 885 2379 1712 2452; baseline -0.004 -14"><span class='ocrx_word' id='word_1_135' title='bbox 885 2379 1037 2438; x_wconf 74' lang='lat' dir='ltr'><strong>CAP.</strong></span> <span class='ocrx_word' id='word_1_136' title='bbox 1073 2380 1142 2437; x_wconf 84' lang='lat' dir='ltr'><strong>X.</strong></span> <span class='ocrx_word' id='word_1_137' title='bbox 1180 2381 1254 2436; x_wconf 86' lang='lat' dir='ltr'><strong>De</strong></span> <span class='ocrx_word' id='word_1_138' title='bbox 1287 2383 1336 2436; x_wconf 83' lang='lat' dir='ltr'><strong>vi</strong></span> <span class='ocrx_word' id='word_1_139' title='bbox 1371 2391 1420 2436; x_wconf 80' lang='lat' dir='ltr'><strong>et</strong></span> <span class='ocrx_word' id='word_1_140' title='bbox 1452 2382 1712 2452; x_wconf 82' lang='lat' dir='ltr'><strong>polentia.</strong></span> 
     </span>
    </p>
   </div>
   <div class='ocr_carea' id='block_1_23' title="bbox 577 2475 1689 2545">
    <p class='ocr_par' dir='ltr' id='par_1_23' title="bbox 577 2475 1689 2545">
     <span class='ocr_line' id='line_1_23' title="bbox 577 2475 1689 2545; baseline -0.001 -16"><span class='ocrx_word' id='word_1_141' title='bbox 577 2475 772 2542; x_wconf 78' lang='lat' dir='ltr'><strong>Quaere</strong></span> <span class='ocrx_word' id='word_1_142' title='bbox 802 2475 1185 2531; x_wconf 87' lang='lat' dir='ltr'><strong>duodecimum</strong></span> <span class='ocrx_word' id='word_1_143' title='bbox 1217 2486 1374 2545; x_wconf 89' lang='lat' dir='ltr'><strong>caput</strong></span> <span class='ocrx_word' id='word_1_144' title='bbox 1403 2475 1596 2530; x_wconf 82' lang='lat' dir='ltr'><strong>litterae</strong></span> <span class='ocrx_word' id='word_1_145' title='bbox 1625 2475 1689 2529; x_wconf 84' lang='lat' dir='ltr'><strong>A.</strong></span> 
     </span>
    </p>
   </div>
   <div class='ocr_carea' id='block_1_24' title="bbox 475 2589 2090 2714">
    <p class='ocr_par' dir='ltr' id='par_1_24' title="bbox 475 2589 2090 2714">
     <span class='ocr_line' id='line_1_24' title="bbox 475 2589 2090 2714; baseline -0.003 -62"><span class='ocrx_word' id='word_1_146' title='bbox 475 2592 657 2652; x_wconf 75' lang='lat' dir='ltr'><strong>&#39;CAP.</strong></span> <span class='ocrx_word' id='word_1_147' title='bbox 701 2589 794 2648; x_wconf 74' lang='lat' dir='ltr'><strong>Xl.</strong></span> <span class='ocrx_word' id='word_1_148' title='bbox 838 2590 916 2645; x_wconf 84' lang='lat' dir='ltr'><strong>De</strong></span> <span class='ocrx_word' id='word_1_149' title='bbox 957 2591 1292 2714; x_wconf 50' lang='lat' dir='ltr'><strong>genuinislfzt</strong></span> <span class='ocrx_word' id='word_1_150' title='bbox 1324 2593 1531 2672; x_wconf 50' lang='lat' dir='ltr'><strong>spurii}</strong></span> <span class='ocrx_word' id='word_1_151' title='bbox 1578 2607 1750 2647; x_wconf 64' lang='lat' dir='ltr'><strong>sacrae</strong></span> <span class='ocrx_word' id='word_1_152' title='bbox 1793 2589 2090 2660; x_wconf 75' lang='lat' dir='ltr'><strong>Scriptura:</strong></span> 
     </span>
     <span class='ocr_line' id='line_1_25' title="bbox 1233 2679 1382 2714; baseline 0 0"><span class='ocrx_word' id='word_1_153' title='bbox 1233 2680 1247 2714; x_wconf 87' lang='lat' dir='ltr'><strong>t</strong></span> <span class='ocrx_word' id='word_1_154' title='bbox 1290 2679 1382 2714; x_wconf 73' lang='grc' dir='ltr'><strong>ηδ.</strong></span> 
     </span>
    </p>
   </div>
   <div class='ocr_carea' id='block_1_25' title="bbox 1233 2679 1382 2716">
    <p class='ocr_par' dir='ltr' id='par_1_25' title="bbox 1233 2679 1382 2716">
     <span class='ocr_line' id='line_1_26' title="bbox 1233 2679 1382 2716; baseline 0 -2"><span class='ocrx_word' id='word_1_155' title='bbox 1233 2679 1382 2716; x_wconf 72' lang='grc' dir='ltr'><strong>ῑυΙἿδ.</strong></span> 
     </span>
    </p>
   </div>
   <div class='ocr_carea' id='block_1_26' title="bbox 572 2755 2088 2826">
    <p class='ocr_par' dir='ltr' id='par_1_26' title="bbox 572 2755 2088 2826">
     <span class='ocr_line' id='line_1_27' title="bbox 572 2755 2088 2826; baseline -0.001 -15"><span class='ocrx_word' id='word_1_156' title='bbox 572 2755 767 2812; x_wconf 89' lang='lat' dir='ltr'><strong>Canon</strong></span> <span class='ocrx_word' id='word_1_157' title='bbox 796 2755 866 2811; x_wconf 80' lang='lat'><strong>85</strong></span> <span class='ocrx_word' id='word_1_158' title='bbox 895 2765 1070 2811; x_wconf 87' lang='lat' dir='ltr'><strong>sanet.</strong></span> <span class='ocrx_word' id='word_1_159' title='bbox 1105 2766 1308 2825; x_wconf 89' lang='lat' dir='ltr'><strong>apost.,</strong></span> <span class='ocrx_word' id='word_1_160' title='bbox 1365 2756 1452 2820; x_wconf 81' lang='lat' dir='ltr'><strong>lll,</strong></span> <span class='ocrx_word' id='word_1_161' title='bbox 1488 2756 1685 2826; x_wconf 88' lang='lat' dir='ltr'><strong>inquit,</strong></span> <span class='ocrx_word' id='word_1_162' title='bbox 1717 2755 1839 2810; x_wconf 90' lang='lat' dir='ltr'><strong>libri</strong></span> <span class='ocrx_word' id='word_1_163' title='bbox 1869 2755 1937 2811; x_wconf 91' lang='lat' dir='ltr'><strong>ab</strong></span> <span class='ocrx_word' id='word_1_164' title='bbox 1965 2770 2088 2810; x_wconf 86' lang='lat' dir='ltr'><strong>om-</strong></span> 
     </span>
    </p>
   </div>
   <div class='ocr_carea' id='block_1_27' title="bbox 505 2845 2091 2903">
    <p class='ocr_par' dir='ltr' id='par_1_27' title="bbox 505 2845 2091 2903">
     <span class='ocr_line' id='line_1_28' title="bbox 505 2845 2091 2903; baseline -0.003 0"><span class='ocrx_word' id='word_1_165' title='bbox 505 2847 670 2903; x_wconf 87' lang='lat' dir='ltr'><strong>nibus</strong></span> <span class='ocrx_word' id='word_1_166' title='bbox 701 2847 916 2902; x_wconf 89' lang='lat' dir='ltr'><strong>clericis</strong></span> <span class='ocrx_word' id='word_1_167' title='bbox 940 2855 992 2900; x_wconf 92' lang='lat' dir='ltr'><strong>et</strong></span> <span class='ocrx_word' id='word_1_168' title='bbox 1021 2846 1176 2900; x_wconf 87' lang='lat' dir='ltr'><strong>laicis</strong></span> <span class='ocrx_word' id='word_1_169' title='bbox 1203 2860 1422 2900; x_wconf 90' lang='lat' dir='ltr'><strong>summo</strong></span> <span class='ocrx_word' id='word_1_170' title='bbox 1451 2847 1502 2899; x_wconf 93' lang='lat' dir='ltr'><strong>in</strong></span> <span class='ocrx_word' id='word_1_171' title='bbox 1535 2845 1743 2899; x_wconf 88' lang='lat' dir='ltr'><strong>bonore</strong></span> <span class='ocrx_word' id='word_1_172' title='bbox 1774 2845 1960 2898; x_wconf 89' lang='lat' dir='ltr'><strong>haberi</strong></span> <span class='ocrx_word' id='word_1_173' title='bbox 1991 2845 2091 2898; x_wconf 87' lang='lat' dir='ltr'><strong>de-</strong></span> 
     </span>
    </p>
   </div>
   <div class='ocr_carea' id='block_1_28' title="bbox 509 2936 2088 3006">
    <p class='ocr_par' dir='ltr' id='par_1_28' title="bbox 509 2936 2088 3006">
     <span class='ocr_line' id='line_1_29' title="bbox 509 2936 2088 3006; baseline -0.003 -12"><span class='ocrx_word' id='word_1_174' title='bbox 509 2941 674 2994; x_wconf 84' lang='lat' dir='ltr'><strong>bent:</strong></span> <span class='ocrx_word' id='word_1_175' title='bbox 701 2938 919 2994; x_wconf 78' lang='lat' dir='ltr'><strong>Veteris</strong></span> <span class='ocrx_word' id='word_1_176' title='bbox 947 2937 1166 3006; x_wconf 82' lang='lat' dir='ltr'><strong>quidem</strong></span> <span class='ocrx_word' id='word_1_177' title='bbox 1199 2937 1558 2999; x_wconf 87' lang='lat' dir='ltr'><strong>Tcstamenti,</strong></span> <span class='ocrx_word' id='word_1_178' title='bbox 1591 2937 1832 3006; x_wconf 85' lang='lat' dir='ltr'><strong>quinque</strong></span> <span class='ocrx_word' id='word_1_179' title='bbox 1863 2936 2088 2991; x_wconf 79' lang='lat' dir='ltr'><strong>Mosaici</strong></span> 
     </span>
    </p>
   </div>
   <div class='ocr_carea' id='block_1_29' title="bbox 508 3025 2090 3101">
    <p class='ocr_par' dir='ltr' id='par_1_29' title="bbox 508 3025 2090 3101">
     <span class='ocr_line' id='line_1_30' title="bbox 508 3025 2090 3101; baseline -0.004 -17"><span class='ocrx_word' id='word_1_180' title='bbox 508 3032 600 3101; x_wconf 85' lang='lat' dir='ltr'><strong>qui</strong></span> <span class='ocrx_word' id='word_1_181' title='bbox 634 3030 880 3098; x_wconf 84' lang='lat' dir='ltr'><strong>inscripti</strong></span> <span class='ocrx_word' id='word_1_182' title='bbox 914 3037 1065 3094; x_wconf 90' lang='lat' dir='ltr'><strong>sunt,</strong></span> <span class='ocrx_word' id='word_1_183' title='bbox 1096 3027 1345 3093; x_wconf 88' lang='lat' dir='ltr'><strong>Genesis,</strong></span> <span class='ocrx_word' id='word_1_184' title='bbox 1381 3027 1620 3092; x_wconf 77' lang='lat' dir='ltr'><strong>Exodus,</strong></span> <span class='ocrx_word' id='word_1_185' title='bbox 1653 3025 1948 3090; x_wconf 80' lang='lat' dir='ltr'><strong>Leviticus,</strong></span> <span class='ocrx_word' id='word_1_186' title='bbox 1979 3025 2090 3079; x_wconf 85' lang='lat' dir='ltr'><strong>Nu-</strong></span> 
     </span>
    </p>
   </div>
   <div class='ocr_carea' id='block_1_30' title="bbox 508 3119 2088 3190">
    <p class='ocr_par' dir='ltr' id='par_1_30' title="bbox 508 3119 2088 3190">
     <span class='ocr_line' id='line_1_31' title="bbox 508 3119 2088 3190; baseline -0.003 -12"><span class='ocrx_word' id='word_1_187' title='bbox 508 3124 642 3178; x_wconf 86' lang='lat' dir='ltr'><strong>meri</strong></span> <span class='ocrx_word' id='word_1_188' title='bbox 664 3164 678 3190; x_wconf 91' lang='lat'><strong>,</strong></span> <span class='ocrx_word' id='word_1_189' title='bbox 716 3122 1216 3177; x_wconf 87' lang='lat' dir='ltr'><strong>Deutcronomium.</strong></span> <span class='ocrx_word' id='word_1_190' title='bbox 1250 3121 1378 3177; x_wconf 89' lang='lat' dir='ltr'><strong>Jesu</strong></span> <span class='ocrx_word' id='word_1_191' title='bbox 1414 3121 1506 3174; x_wconf 87' lang='lat' dir='ltr'><strong>lilii</strong></span> <span class='ocrx_word' id='word_1_192' title='bbox 1540 3119 1687 3176; x_wconf 82' lang='lat' dir='ltr'><strong>Nave</strong></span> <span class='ocrx_word' id='word_1_193' title='bbox 1721 3137 1860 3176; x_wconf 89' lang='lat' dir='ltr'><strong>unus</strong></span> <span class='ocrx_word' id='word_1_194' title='bbox 1886 3161 1900 3184; x_wconf 89' lang='lat'><strong>,</strong></span> <span class='ocrx_word' id='word_1_195' title='bbox 1931 3120 2088 3176; x_wconf 84' lang='lat' dir='ltr'><strong>Judi-</strong></span> 
     </span>
    </p>
   </div>
   <div class='ocr_carea' id='block_1_31' title="bbox 503 3213 2088 3286">
    <p class='ocr_par' dir='ltr' id='par_1_31' title="bbox 503 3213 2088 3286">
     <span class='ocr_line' id='line_1_32' title="bbox 503 3213 2088 3286; baseline -0.005 -12"><span class='ocrx_word' id='word_1_196' title='bbox 503 3233 630 3274; x_wconf 72' lang='lat' dir='ltr'><strong>cum</strong></span> <span class='ocrx_word' id='word_1_197' title='bbox 664 3232 834 3281; x_wconf 86' lang='lat' dir='ltr'><strong>unus,</strong></span> <span class='ocrx_word' id='word_1_198' title='bbox 866 3215 1010 3270; x_wconf 85' lang='lat' dir='ltr'><strong>Ruth</strong></span> <span class='ocrx_word' id='word_1_199' title='bbox 1043 3231 1216 3282; x_wconf 81' lang='lat' dir='ltr'><strong>unus,</strong></span> <span class='ocrx_word' id='word_1_200' title='bbox 1253 3214 1561 3282; x_wconf 72' lang='lat' dir='ltr'><strong>Regnorum</strong></span> <span class='ocrx_word' id='word_1_201' title='bbox 1594 3225 1850 3286; x_wconf 90' lang='lat' dir='ltr'><strong>quatuor,</strong></span> <span class='ocrx_word' id='word_1_202' title='bbox 1879 3213 2088 3269; x_wconf 85' lang='lat' dir='ltr'><strong>Parali-</strong></span> 
     </span>
    </p>
   </div>
   <div class='ocr_carea' id='block_1_32' title="bbox 505 3303 2092 3380">
    <p class='ocr_par' dir='ltr' id='par_1_32' title="bbox 505 3303 2092 3380">
     <span class='ocr_line' id='line_1_33' title="bbox 505 3303 2092 3380; baseline -0.003 -18"><span class='ocrx_word' id='word_1_203' title='bbox 505 3323 776 3380; x_wconf 87' lang='lat' dir='ltr'><strong>pomenon</strong></span> <span class='ocrx_word' id='word_1_204' title='bbox 799 3309 913 3362; x_wconf 81' lang='lat' dir='ltr'><strong>sive</strong></span> <span class='ocrx_word' id='word_1_205' title='bbox 938 3306 1326 3362; x_wconf 84' lang='lat' dir='ltr'><strong>derelictorum</strong></span> <span class='ocrx_word' id='word_1_206' title='bbox 1355 3305 1479 3360; x_wconf 91' lang='lat' dir='ltr'><strong>libri</strong></span> <span class='ocrx_word' id='word_1_207' title='bbox 1509 3304 1720 3360; x_wconf 90' lang='lat' dir='ltr'><strong>dierum</strong></span> <span class='ocrx_word' id='word_1_208' title='bbox 1746 3305 1878 3368; x_wconf 92' lang='lat' dir='ltr'><strong>duo,</strong></span> <span class='ocrx_word' id='word_1_209' title='bbox 1907 3303 2092 3358; x_wconf 75' lang='lat' dir='ltr'><strong>Esdrar.</strong></span> 
     </span>
    </p>
   </div>
   <div class='ocr_carea' id='block_1_33' title="bbox 504 3383 2092 3463">
    <p class='ocr_par' dir='ltr' id='par_1_33' title="bbox 504 3383 2092 3463">
     <span class='ocr_line' id='line_1_34' title="bbox 504 3383 2092 3463; baseline -0.002 -9"><span class='ocrx_word' id='word_1_210' title='bbox 504 3402 638 3463; x_wconf 85' lang='lat' dir='ltr'><strong>duo,</strong></span> <span class='ocrx_word' id='word_1_211' title='bbox 685 3399 879 3454; x_wconf 86' lang='lat' dir='ltr'><strong>Esther</strong></span> <span class='ocrx_word' id='word_1_212' title='bbox 919 3383 1082 3462; x_wconf 87' lang='lat' dir='ltr'><strong>unus,</strong></span> <span class='ocrx_word' id='word_1_213' title='bbox 1124 3397 1566 3454; x_wconf 77' lang='lat' dir='ltr'><strong>.‘llacltabzeorum</strong></span> <span class='ocrx_word' id='word_1_214' title='bbox 1613 3407 1746 3462; x_wconf 91' lang='lat' dir='ltr'><strong>tres,</strong></span> <span class='ocrx_word' id='word_1_215' title='bbox 1787 3395 1889 3452; x_wconf 90' lang='lat' dir='ltr'><strong>Job</strong></span> <span class='ocrx_word' id='word_1_216' title='bbox 1929 3412 2092 3461; x_wconf 89' lang='lat' dir='ltr'><strong>unus,</strong></span> 
     </span>
    </p>
   </div>
   <div class='ocr_carea' id='block_1_34' title="bbox 504 3488 2096 3556">
    <p class='ocr_par' dir='ltr' id='par_1_34' title="bbox 504 3488 2096 3556">
     <span class='ocr_line' id='line_1_35' title="bbox 504 3488 2096 3556; baseline -0.003 -8"><span class='ocrx_word' id='word_1_217' title='bbox 504 3492 756 3548; x_wconf 81' lang='lat' dir='ltr'><strong>Psaltet-ii</strong></span> <span class='ocrx_word' id='word_1_218' title='bbox 803 3509 970 3555; x_wconf 88' lang='lat' dir='ltr'><strong>unus,</strong></span> <span class='ocrx_word' id='word_1_219' title='bbox 1013 3491 1328 3546; x_wconf 79' lang='lat' dir='ltr'><strong>Solomonis</strong></span> <span class='ocrx_word' id='word_1_220' title='bbox 1372 3499 1504 3556; x_wconf 86' lang='lat' dir='ltr'><strong>tres,</strong></span> <span class='ocrx_word' id='word_1_221' title='bbox 1546 3489 1869 3554; x_wconf 83' lang='lat' dir='ltr'><strong>Proverbia,</strong></span> <span class='ocrx_word' id='word_1_222' title='bbox 1911 3488 2096 3544; x_wconf 81' lang='lat' dir='ltr'><strong>Eccle-</strong></span> 
     </span>
    </p>
   </div>
   <div class='ocr_carea' id='block_1_35' title="bbox 503 3578 2093 3649">
    <p class='ocr_par' dir='ltr' id='par_1_35' title="bbox 503 3578 2093 3649">
     <span class='ocr_line' id='line_1_36' title="bbox 503 3578 2093 3649; baseline -0.003 -15"><span class='ocrx_word' id='word_1_223' title='bbox 503 3581 806 3646; x_wconf 85' lang='lat' dir='ltr'><strong>siastices,</strong></span> <span class='ocrx_word' id='word_1_224' title='bbox 878 3582 1164 3635; x_wconf 80' lang='lat' dir='ltr'><strong>Canticum</strong></span> <span class='ocrx_word' id='word_1_225' title='bbox 1257 3580 1623 3634; x_wconf 90' lang='lat' dir='ltr'><strong>canticorum.</strong></span> <span class='ocrx_word' id='word_1_226' title='bbox 1699 3578 2093 3649; x_wconf 82' lang='lat' dir='ltr'><strong>PrOpbelarutn</strong></span> 
     </span>
    </p>
   </div>
   <div class='ocr_carea' id='block_1_36' title="bbox 504 3667 2095 3736">
    <p class='ocr_par' dir='ltr' id='par_1_36' title="bbox 504 3667 2095 3736">
     <span class='ocr_line' id='line_1_37' title="bbox 504 3667 2095 3736; baseline -0.003 -11"><span class='ocrx_word' id='word_1_227' title='bbox 504 3673 842 3736; x_wconf 79' lang='lat' dir='ltr'><strong>duodecim,</strong></span> <span class='ocrx_word' id='word_1_228' title='bbox 911 3670 1066 3726; x_wconf 66' lang='lat' dir='ltr'><strong>Isaiae</strong></span> <span class='ocrx_word' id='word_1_229' title='bbox 1132 3687 1308 3735; x_wconf 92' lang='lat' dir='ltr'><strong>unus,</strong></span> <span class='ocrx_word' id='word_1_230' title='bbox 1400 3668 1654 3724; x_wconf 64' lang='lat' dir='ltr'><strong>Jeremiaa</strong></span> <span class='ocrx_word' id='word_1_231' title='bbox 1717 3685 1880 3734; x_wconf 89' lang='lat' dir='ltr'><strong>unus,</strong></span> <span class='ocrx_word' id='word_1_232' title='bbox 1949 3667 2095 3722; x_wconf 79' lang='lat' dir='ltr'><strong>lele-</strong></span> 
     </span>
    </p>
   </div>
   <div class='ocr_carea' id='block_1_37' title="bbox 506 3760 2093 3829">
    <p class='ocr_par' dir='ltr' id='par_1_37' title="bbox 506 3760 2093 3829">
     <span class='ocr_line' id='line_1_38' title="bbox 506 3760 2093 3829; baseline -0.005 -9"><span class='ocrx_word' id='word_1_233' title='bbox 506 3765 702 3820; x_wconf 82' lang='lat' dir='ltr'><strong>chielis</strong></span> <span class='ocrx_word' id='word_1_234' title='bbox 758 3779 929 3829; x_wconf 88' lang='lat' dir='ltr'><strong>unus,</strong></span> <span class='ocrx_word' id='word_1_235' title='bbox 987 3762 1226 3816; x_wconf 79' lang='lat' dir='ltr'><strong>Daniel&#39;s</strong></span> <span class='ocrx_word' id='word_1_236' title='bbox 1285 3778 1447 3817; x_wconf 88' lang='lat' dir='ltr'><strong>unus.</strong></span> <span class='ocrx_word' id='word_1_237' title='bbox 1503 3760 1861 3814; x_wconf 74' lang='lat' dir='ltr'><strong>Extrinsecus</strong></span> <span class='ocrx_word' id='word_1_238' title='bbox 1911 3769 2093 3813; x_wconf 89' lang='lat' dir='ltr'><strong>autem</strong></span> 
     </span>
    </p>
   </div>
   <div class='ocr_carea' id='block_1_38' title="bbox 510 3850 2092 3926">
    <p class='ocr_par' dir='ltr' id='par_1_38' title="bbox 510 3850 2092 3926">
     <span class='ocr_line' id='line_1_39' title="bbox 510 3850 2092 3926; baseline -0.006 -14"><span class='ocrx_word' id='word_1_239' title='bbox 510 3857 849 3926; x_wconf 78' lang='lat' dir='ltr'><strong>intelligatur</strong></span> <span class='ocrx_word' id='word_1_240' title='bbox 876 3856 944 3909; x_wconf 90' lang='lat' dir='ltr'><strong>ab</strong></span> <span class='ocrx_word' id='word_1_241' title='bbox 971 3854 1412 3909; x_wconf 85' lang='lat' dir='ltr'><strong>adolescentibus</strong></span> <span class='ocrx_word' id='word_1_242' title='bbox 1439 3853 1706 3923; x_wconf 81' lang='lat' dir='ltr'><strong>sapientia</strong></span> <span class='ocrx_word' id='word_1_243' title='bbox 1737 3850 2092 3906; x_wconf 78' lang='lat' dir='ltr'><strong>eruditissimi</strong></span> 
     </span>
    </p>
   </div>
   <div class='ocr_carea' id='block_1_39' title="bbox 510 3946 2092 4017">
    <p class='ocr_par' dir='ltr' id='par_1_39' title="bbox 510 3946 2092 4017">
     <span class='ocr_line' id='line_1_40' title="bbox 510 3946 2092 4017; baseline -0.006 -8"><span class='ocrx_word' id='word_1_244' title='bbox 510 3955 729 4009; x_wconf 84' lang='lat' dir='ltr'><strong>Sirach.</strong></span> <span class='ocrx_word' id='word_1_245' title='bbox 760 3951 890 4006; x_wconf 75' lang='lat' dir='ltr'><strong>Novi</strong></span> <span class='ocrx_word' id='word_1_246' title='bbox 922 3961 1102 4006; x_wconf 88' lang='lat' dir='ltr'><strong>autem</strong></span> <span class='ocrx_word' id='word_1_247' title='bbox 1130 3950 1484 4012; x_wconf 85' lang='lat' dir='ltr'><strong>Testamentt,</strong></span> <span class='ocrx_word' id='word_1_248' title='bbox 1511 3946 1804 4017; x_wconf 77' lang='lat' dir='ltr'><strong>Evangelia</strong></span> <span class='ocrx_word' id='word_1_249' title='bbox 1833 3955 2092 4015; x_wconf 88' lang='lat' dir='ltr'><strong>quatuor,</strong></span> 
     </span>
    </p>
   </div>
   <div class='ocr_carea' id='block_1_40' title="bbox 506 4037 2096 4110">
    <p class='ocr_par' dir='ltr' id='par_1_40' title="bbox 506 4037 2096 4110">
     <span class='ocr_line' id='line_1_41' title="bbox 506 4037 2096 4110; baseline -0.007 -8"><span class='ocrx_word' id='word_1_250' title='bbox 506 4047 776 4110; x_wconf 56' lang='lat' dir='ltr'><strong>Matthxi,</strong></span> <span class='ocrx_word' id='word_1_251' title='bbox 827 4044 1029 4110; x_wconf 82' lang='lat' dir='ltr'><strong>Marci,</strong></span> <span class='ocrx_word' id='word_1_252' title='bbox 1085 4043 1274 4107; x_wconf 67' lang='lat' dir='ltr'><strong>Lucae,</strong></span> <span class='ocrx_word' id='word_1_253' title='bbox 1325 4040 1584 4106; x_wconf 87' lang='lat' dir='ltr'><strong>Joannis;</strong></span> <span class='ocrx_word' id='word_1_254' title='bbox 1633 4037 1790 4095; x_wconf 84' lang='lat' dir='ltr'><strong>Pauli</strong></span> <span class='ocrx_word' id='word_1_255' title='bbox 1840 4038 2096 4109; x_wconf 65' lang='lat' dir='ltr'><strong>Epistola:</strong></span> 
     </span>
    </p>
   </div>
   <div class='ocr_carea' id='block_1_41' title="bbox 508 4133 2095 4209">
    <p class='ocr_par' dir='ltr' id='par_1_41' title="bbox 508 4133 2095 4209">
     <span class='ocr_line' id='line_1_42' title="bbox 508 4133 2095 4209; baseline -0.006 -15"><span class='ocrx_word' id='word_1_256' title='bbox 508 4138 948 4209; x_wconf 82' lang='lat' dir='ltr'><strong>quatuordccim,</strong></span> <span class='ocrx_word' id='word_1_257' title='bbox 1001 4137 1209 4191; x_wconf 81' lang='lat' dir='ltr'><strong>scilicet</strong></span> <span class='ocrx_word' id='word_1_258' title='bbox 1240 4135 1304 4189; x_wconf 92' lang='lat' dir='ltr'><strong>ad</strong></span> <span class='ocrx_word' id='word_1_259' title='bbox 1338 4135 1616 4190; x_wconf 70' lang='lat' dir='ltr'><strong>lioman‘os</strong></span> <span class='ocrx_word' id='word_1_260' title='bbox 1645 4149 1774 4198; x_wconf 80' lang='lat' dir='ltr'><strong>Una,</strong></span> <span class='ocrx_word' id='word_1_261' title='bbox 1801 4135 1866 4188; x_wconf 84' lang='lat' dir='ltr'><strong>ad</strong></span> <span class='ocrx_word' id='word_1_262' title='bbox 1897 4133 2095 4187; x_wconf 82' lang='lat' dir='ltr'><strong>Corin-</strong></span> 
     </span>
    </p>
   </div>
   <div class='ocr_carea' id='block_1_42' title="bbox 507 4227 2094 4300">
    <p class='ocr_par' dir='ltr' id='par_1_42' title="bbox 507 4227 2094 4300">
     <span class='ocr_line' id='line_1_43' title="bbox 507 4227 2094 4300; baseline -0.004 -11"><span class='ocrx_word' id='word_1_263' title='bbox 507 4234 654 4290; x_wconf 88' lang='lat' dir='ltr'><strong>tltios</strong></span> <span class='ocrx_word' id='word_1_264' title='bbox 695 4234 838 4300; x_wconf 64' lang='lat' dir='ltr'><strong>dum,</strong></span> <span class='ocrx_word' id='word_1_265' title='bbox 887 4235 954 4287; x_wconf 89' lang='lat' dir='ltr'><strong>ad</strong></span> <span class='ocrx_word' id='word_1_266' title='bbox 996 4232 1216 4286; x_wconf 83' lang='lat' dir='ltr'><strong>Galatas</strong></span> <span class='ocrx_word' id='word_1_267' title='bbox 1261 4247 1390 4293; x_wconf 90' lang='lat' dir='ltr'><strong>una,</strong></span> <span class='ocrx_word' id='word_1_268' title='bbox 1436 4231 1503 4284; x_wconf 91' lang='lat' dir='ltr'><strong>ad</strong></span> <span class='ocrx_word' id='word_1_269' title='bbox 1546 4227 1812 4299; x_wconf 80' lang='lat' dir='ltr'><strong>Ephesios</strong></span> <span class='ocrx_word' id='word_1_270' title='bbox 1853 4244 1982 4291; x_wconf 87' lang='lat' dir='ltr'><strong>una,</strong></span> <span class='ocrx_word' id='word_1_271' title='bbox 2028 4229 2094 4282; x_wconf 90' lang='lat' dir='ltr'><strong>ad</strong></span> 
     </span>
    </p>
   </div>
   <div class='ocr_carea' id='block_1_43' title="bbox 506 4319 2093 4398">
    <p class='ocr_par' dir='ltr' id='par_1_43' title="bbox 506 4319 2093 4398">
     <span class='ocr_line' id='line_1_44' title="bbox 506 4319 2093 4398; baseline -0.004 -18"><span class='ocrx_word' id='word_1_272' title='bbox 506 4326 887 4398; x_wconf 85' lang='lat' dir='ltr'><strong>Philippenses</strong></span> <span class='ocrx_word' id='word_1_273' title='bbox 925 4341 1054 4388; x_wconf 84' lang='lat' dir='ltr'><strong>una,</strong></span> <span class='ocrx_word' id='word_1_274' title='bbox 1089 4325 1152 4378; x_wconf 90' lang='lat' dir='ltr'><strong>ad</strong></span> <span class='ocrx_word' id='word_1_275' title='bbox 1187 4325 1546 4379; x_wconf 88' lang='lat' dir='ltr'><strong>Colossenses</strong></span> <span class='ocrx_word' id='word_1_276' title='bbox 1583 4338 1714 4386; x_wconf 87' lang='lat' dir='ltr'><strong>una,</strong></span> <span class='ocrx_word' id='word_1_277' title='bbox 1750 4323 1816 4375; x_wconf 88' lang='lat' dir='ltr'><strong>ad</strong></span> <span class='ocrx_word' id='word_1_278' title='bbox 1851 4319 2093 4375; x_wconf 83' lang='lat' dir='ltr'><strong>Thessa-</strong></span> 
     </span>
    </p>
   </div>
   <div class='ocr_carea' id='block_1_44' title="bbox 509 4414 2093 4482">
    <p class='ocr_par' dir='ltr' id='par_1_44' title="bbox 509 4414 2093 4482">
     <span class='ocr_line' id='line_1_45' title="bbox 509 4414 2093 4482; baseline -0.005 -9"><span class='ocrx_word' id='word_1_279' title='bbox 509 4420 817 4475; x_wconf 89' lang='lat' dir='ltr'><strong>lonicenses</strong></span> <span class='ocrx_word' id='word_1_280' title='bbox 857 4417 1002 4482; x_wconf 68' lang='lat' dir='ltr'><strong>duae,</strong></span> <span class='ocrx_word' id='word_1_281' title='bbox 1046 4418 1115 4471; x_wconf 85' lang='lat' dir='ltr'><strong>ad</strong></span> <span class='ocrx_word' id='word_1_282' title='bbox 1159 4416 1415 4471; x_wconf 72' lang='lat' dir='ltr'><strong>Hebraeos</strong></span> <span class='ocrx_word' id='word_1_283' title='bbox 1457 4432 1590 4479; x_wconf 87' lang='lat' dir='ltr'><strong>una,</strong></span> <span class='ocrx_word' id='word_1_284' title='bbox 1633 4416 1701 4470; x_wconf 88' lang='lat' dir='ltr'><strong>ad</strong></span> <span class='ocrx_word' id='word_1_285' title='bbox 1741 4414 2093 4468; x_wconf 87' lang='lat' dir='ltr'><strong>Timotheum</strong></span> 
     </span>
    </p>
   </div>
   <div class='ocr_carea' id='block_1_45' title="bbox 507 4505 2095 4580">
    <p class='ocr_par' dir='ltr' id='par_1_45' title="bbox 507 4505 2095 4580">
     <span class='ocr_line' id='line_1_46' title="bbox 507 4505 2095 4580; baseline -0.005 -14"><span class='ocrx_word' id='word_1_286' title='bbox 507 4518 649 4577; x_wconf 67' lang='lat' dir='ltr'><strong>duae,</strong></span> <span class='ocrx_word' id='word_1_287' title='bbox 680 4511 748 4567; x_wconf 90' lang='lat' dir='ltr'><strong>ad</strong></span> <span class='ocrx_word' id='word_1_288' title='bbox 776 4511 960 4565; x_wconf 88' lang='lat' dir='ltr'><strong>Titum</strong></span> <span class='ocrx_word' id='word_1_289' title='bbox 993 4527 1122 4576; x_wconf 89' lang='lat' dir='ltr'><strong>una,</strong></span> <span class='ocrx_word' id='word_1_290' title='bbox 1144 4510 1397 4580; x_wconf 68' lang='lat' dir='ltr'><strong>Epistolae</strong></span> <span class='ocrx_word' id='word_1_291' title='bbox 1421 4509 1703 4563; x_wconf 60' lang='lat' dir='ltr'><strong>catholicae</strong></span> <span class='ocrx_word' id='word_1_292' title='bbox 1726 4517 1955 4576; x_wconf 89' lang='lat' dir='ltr'><strong>septem,</strong></span> <span class='ocrx_word' id='word_1_293' title='bbox 1987 4505 2095 4561; x_wconf 79' lang='lat' dir='ltr'><strong>sci-</strong></span> 
     </span>
    </p>
   </div>
   <div class='ocr_carea' id='block_1_46' title="bbox 2193 638 3698 710">
    <p class='ocr_par' dir='ltr' id='par_1_46' title="bbox 2193 638 3698 710">
     <span class='ocr_line' id='line_1_47' title="bbox 2193 638 3698 710; baseline 0.008 -18"><span class='ocrx_word' id='word_1_294' title='bbox 2193 639 2372 709; x_wconf 84' lang='grc' dir='ltr'>κρεῶν</span> <span class='ocrx_word' id='word_1_295' title='bbox 2401 641 2520 710; x_wconf 87' lang='grc' dir='ltr'>μετ’</span> <span class='ocrx_word' id='word_1_296' title='bbox 2551 638 2836 702; x_wconf 82' lang='grc' dir='ltr'>εὐλαϐείας</span> <span class='ocrx_word' id='word_1_297' title='bbox 2870 641 2966 692; x_wconf 70' lang='grc' dir='ltr'>καὶ</span> <span class='ocrx_word' id='word_1_298' title='bbox 2999 639 3258 705; x_wconf 87' lang='grc' dir='ltr'>πίστεως,</span> <span class='ocrx_word' id='word_1_299' title='bbox 3291 640 3451 709; x_wconf 74' lang='grc' dir='ltr'>χωρὶς</span> <span class='ocrx_word' id='word_1_300' title='bbox 3485 640 3698 709; x_wconf 80' lang='grc' dir='ltr'>αἵματος.</span> 
     </span>
    </p>
   </div>
   <div class='ocr_carea' id='block_1_47' title="bbox 2193 729 3701 803">
    <p class='ocr_par' dir='ltr' id='par_1_47' title="bbox 2193 729 3701 803">
     <span class='ocr_line' id='line_1_48' title="bbox 2193 729 3701 803; baseline 0.001 -19"><span class='ocrx_word' id='word_1_301' title='bbox 2193 733 2290 786; x_wconf 76' lang='grc' dir='ltr'>καὶ</span> <span class='ocrx_word' id='word_1_302' title='bbox 2321 730 2572 796; x_wconf 81' lang='grc' dir='ltr'><strong>πνικτοῦ,</strong></span> <span class='ocrx_word' id='word_1_303' title='bbox 2603 732 2696 785; x_wconf 75' lang='grc' dir='ltr'>καὶ</span> <span class='ocrx_word' id='word_1_304' title='bbox 2724 729 3098 796; x_wconf 83' lang='grc' dir='ltr'>εἱδωλοθύτου,</span> <span class='ocrx_word' id='word_1_305' title='bbox 3125 731 3203 794; x_wconf 85' lang='grc' dir='ltr'><strong>ὡς</strong></span> <span class='ocrx_word' id='word_1_306' title='bbox 3233 730 3300 784; x_wconf 80' lang='grc' dir='ltr'>ἄν</span> <span class='ocrx_word' id='word_1_307' title='bbox 3321 730 3405 784; x_wconf 82' lang='grc' dir='ltr'>διὰ</span> <span class='ocrx_word' id='word_1_308' title='bbox 3422 730 3513 803; x_wconf 74' lang='grc' dir='ltr'>τὴν</span> <span class='ocrx_word' id='word_1_309' title='bbox 3535 731 3701 786; x_wconf 86' lang='grc' dir='ltr'>τούτων</span> 
     </span>
    </p>
   </div>
   <div class='ocr_carea' id='block_1_48' title="bbox 2195 820 3372 892">
    <p class='ocr_par' dir='ltr' id='par_1_48' title="bbox 2195 820 3372 892">
     <span class='ocr_line' id='line_1_49' title="bbox 2195 820 3372 892; baseline 0.002 -18"><span class='ocrx_word' id='word_1_310' title='bbox 2195 821 2496 892; x_wconf 73' lang='grc' dir='ltr'><strong>μετάληψιν</strong></span> <span class='ocrx_word' id='word_1_311' title='bbox 2523 821 2715 875; x_wconf 72' lang='grc' dir='ltr'>ἐλπίδα</span> <span class='ocrx_word' id='word_1_312' title='bbox 2745 820 3023 891; x_wconf 73' lang='grc' dir='ltr'><strong>σωτηρίας</strong></span> <span class='ocrx_word' id='word_1_313' title='bbox 3055 821 3130 892; x_wconf 80' lang='grc' dir='ltr'>μὴ</span> <span class='ocrx_word' id='word_1_314' title='bbox 3162 820 3372 890; x_wconf 73' lang='grc' dir='ltr'>ἔχοντα.</span> 
     </span>
    </p>
   </div>
   <div class='ocr_carea' id='block_1_49' title="bbox 2273 911 3707 983">
    <p class='ocr_par' dir='ltr' id='par_1_49' title="bbox 2273 911 3707 983">
     <span class='ocr_line' id='line_1_50' title="bbox 2273 911 3707 983; baseline -0.002 -17"><span class='ocrx_word' id='word_1_315' title='bbox 2273 913 2435 968; x_wconf 77' lang='grc' dir='ltr'>Ἀλλὰ</span> <span class='ocrx_word' id='word_1_316' title='bbox 2486 913 2581 966; x_wconf 78' lang='grc' dir='ltr'>καὶ</span> <span class='ocrx_word' id='word_1_317' title='bbox 2629 916 2657 967; x_wconf 84' lang='lat'><strong><em>6</em></strong></span> <span class='ocrx_word' id='word_1_318' title='bbox 2714 919 2747 966; x_wconf 86' lang='grc' dir='ltr'>ι’</span> <span class='ocrx_word' id='word_1_319' title='bbox 2793 913 2888 966; x_wconf 78' lang='grc' dir='ltr'><strong>τὸν</strong></span> <span class='ocrx_word' id='word_1_320' title='bbox 2932 912 3074 983; x_wconf 80' lang='grc' dir='ltr'>ἁδρὰ</span> <span class='ocrx_word' id='word_1_321' title='bbox 3121 911 3564 982; x_wconf 84' lang='grc' dir='ltr'>περιϐεϐλημένον</span> <span class='ocrx_word' id='word_1_322' title='bbox 3612 912 3707 980; x_wconf 72' lang='grc' dir='ltr'><strong>ιμά-</strong></span> 
     </span>
    </p>
   </div>
   <div class='ocr_carea' id='block_1_50' title="bbox 2190 1001 3707 1075">
    <p class='ocr_par' dir='ltr' id='par_1_50' title="bbox 2190 1001 3707 1075">
     <span class='ocr_line' id='line_1_51' title="bbox 2190 1001 3707 1075; baseline -0.003 -17"><span class='ocrx_word' id='word_1_323' title='bbox 2190 1021 2304 1070; x_wconf 88' lang='grc' dir='ltr'>τια,</span> <span class='ocrx_word' id='word_1_324' title='bbox 2335 1005 2432 1058; x_wconf 78' lang='grc' dir='ltr'>καὶ</span> <span class='ocrx_word' id='word_1_325' title='bbox 2470 1004 2892 1075; x_wconf 79' lang='grc' dir='ltr'><strong>βδελυττόμενον</strong></span> <span class='ocrx_word' id='word_1_326' title='bbox 2929 1004 3056 1068; x_wconf 74' lang='grc' dir='ltr'>τοὺς</span> <span class='ocrx_word' id='word_1_327' title='bbox 3109 1006 3178 1075; x_wconf 79' lang='grc' dir='ltr'>τῇ</span> <span class='ocrx_word' id='word_1_328' title='bbox 3224 1001 3438 1072; x_wconf 79' lang='grc' dir='ltr'><strong>συνήθει</strong></span> <span class='ocrx_word' id='word_1_329' title='bbox 3474 1002 3707 1073; x_wconf 81' lang='grc' dir='ltr'>κεχρημέο</span> 
     </span>
    </p>
   </div>
   <div class='ocr_carea' id='block_1_51' title="bbox 2190 1092 3707 1166">
    <p class='ocr_par' dir='ltr' id='par_1_51' title="bbox 2190 1092 3707 1166">
     <span class='ocr_line' id='line_1_52' title="bbox 2190 1092 3707 1166; baseline -0.005 -18"><span class='ocrx_word' id='word_1_330' title='bbox 2190 1112 2316 1158; x_wconf 90' lang='grc' dir='ltr'>νους</span> <span class='ocrx_word' id='word_1_331' title='bbox 2364 1095 2576 1163; x_wconf 75' lang='grc' dir='ltr'>ἐσθῆτι,</span> <span class='ocrx_word' id='word_1_332' title='bbox 2609 1095 2642 1166; x_wconf 75' lang='grc' dir='ltr'>ἢ</span> <span class='ocrx_word' id='word_1_333' title='bbox 2679 1094 2883 1166; x_wconf 75' lang='grc' dir='ltr'>σηρικὰ</span> <span class='ocrx_word' id='word_1_334' title='bbox 2917 1093 3264 1166; x_wconf 77' lang='grc' dir='ltr'><strong>ἐνημμένους</strong></span> <span class='ocrx_word' id='word_1_335' title='bbox 3314 1092 3427 1162; x_wconf 87' lang='grc' dir='ltr'>μετ’</span> <span class='ocrx_word' id='word_1_336' title='bbox 3459 1092 3707 1150; x_wconf 77' lang='grc' dir='ltr'>εὐλαϐεὲας</span> 
     </span>
    </p>
   </div>
   <div class='ocr_carea' id='block_1_52' title="bbox 2191 1184 3709 1260">
    <p class='ocr_par' dir='ltr' id='par_1_52' title="bbox 2191 1184 3709 1260">
     <span class='ocr_line' id='line_1_53' title="bbox 2191 1184 3709 1260; baseline -0.005 -18"><span class='ocrx_word' id='word_1_337' title='bbox 2191 1187 2287 1242; x_wconf 69' lang='grc' dir='ltr'>καὶ</span> <span class='ocrx_word' id='word_1_338' title='bbox 2341 1189 2415 1260; x_wconf 80' lang='grc' dir='ltr'>μὴ</span> <span class='ocrx_word' id='word_1_339' title='bbox 2465 1187 2553 1242; x_wconf 84' lang='grc' dir='ltr'>διὰ</span> <span class='ocrx_word' id='word_1_340' title='bbox 2588 1187 2849 1259; x_wconf 83' lang='grc' dir='ltr'>βλακείαν</span> <span class='ocrx_word' id='word_1_341' title='bbox 2877 1188 2912 1258; x_wconf 79' lang='grc' dir='ltr'>ἢ</span> <span class='ocrx_word' id='word_1_342' title='bbox 2944 1187 3201 1259; x_wconf 75' lang='grc' dir='ltr'>ἔπαρσιν,</span> <span class='ocrx_word' id='word_1_343' title='bbox 3245 1187 3323 1258; x_wconf 83' lang='grc' dir='ltr'><strong>τῷ</strong></span> <span class='ocrx_word' id='word_1_344' title='bbox 3349 1184 3709 1254; x_wconf 80' lang='grc' dir='ltr'>ἀναθέματιδξ-</span> 
     </span>
    </p>
   </div>
   <div class='ocr_carea' id='block_1_53' title="bbox 2188 1278 2340 1336">
    <p class='ocr_par' dir='ltr' id='par_1_53' title="bbox 2188 1278 2340 1336">
     <span class='ocr_line' id='line_1_54' title="bbox 2188 1278 2340 1336; baseline 0.033 -6"><span class='ocrx_word' id='word_1_345' title='bbox 2188 1278 2340 1336; x_wconf 78' lang='grc' dir='ltr'>δωσι.</span> 
     </span>
    </p>
   </div>
   <div class='ocr_carea' id='block_1_54' title="bbox 2261 1370 3713 1444">
    <p class='ocr_par' dir='ltr' id='par_1_54' title="bbox 2261 1370 3713 1444">
     <span class='ocr_line' id='line_1_55' title="bbox 2261 1370 3713 1444; baseline -0.004 -18"><span class='ocrx_word' id='word_1_346' title='bbox 2261 1373 2479 1443; x_wconf 87' lang='grc' dir='ltr'>Ταύτην</span> <span class='ocrx_word' id='word_1_347' title='bbox 2513 1373 2608 1426; x_wconf 74' lang='grc' dir='ltr'>καὶ</span> <span class='ocrx_word' id='word_1_348' title='bbox 2645 1375 2672 1427; x_wconf 86' lang='grc' dir='ltr'><strong>ό</strong></span> <span class='ocrx_word' id='word_1_349' title='bbox 2703 1381 2744 1426; x_wconf 84' lang='grc' dir='ltr'>ε’</span> <span class='ocrx_word' id='word_1_350' title='bbox 2785 1375 2968 1428; x_wconf 77' lang='grc' dir='ltr'>κανὼν</span> <span class='ocrx_word' id='word_1_351' title='bbox 3013 1374 3210 1441; x_wconf 74' lang='grc' dir='ltr'>ἐπάγει</span> <span class='ocrx_word' id='word_1_352' title='bbox 3249 1373 3349 1444; x_wconf 79' lang='grc' dir='ltr'>τὴν</span> <span class='ocrx_word' id='word_1_353' title='bbox 3390 1371 3536 1440; x_wconf 87' lang='grc' dir='ltr'>δίκην</span> <span class='ocrx_word' id='word_1_354' title='bbox 3578 1370 3713 1438; x_wconf 78' lang='grc' dir='ltr'>τῷὲν</span> 
     </span>
    </p>
   </div>
   <div class='ocr_carea' id='block_1_55' title="bbox 2193 1462 3714 1535">
    <p class='ocr_par' dir='ltr' id='par_1_55' title="bbox 2193 1462 3714 1535">
     <span class='ocr_line' id='line_1_56' title="bbox 2193 1462 3714 1535; baseline -0.004 -17"><span class='ocrx_word' id='word_1_355' title='bbox 2193 1466 2598 1535; x_wconf 78' lang='grc' dir='ltr'>καταφρονήσει</span> <span class='ocrx_word' id='word_1_356' title='bbox 2625 1465 2718 1519; x_wconf 79' lang='grc' dir='ltr'>τὸν</span> <span class='ocrx_word' id='word_1_357' title='bbox 2745 1463 2894 1520; x_wconf 76' lang='grc' dir='ltr'>οἷκον</span> <span class='ocrx_word' id='word_1_358' title='bbox 2927 1467 3022 1520; x_wconf 78' lang='grc' dir='ltr'>τοῦ</span> <span class='ocrx_word' id='word_1_359' title='bbox 3053 1464 3187 1518; x_wconf 82' lang='grc' dir='ltr'>Θεοῦ</span> <span class='ocrx_word' id='word_1_360' title='bbox 3219 1463 3500 1534; x_wconf 81' lang='grc' dir='ltr'>τιθεμένῳ,</span> <span class='ocrx_word' id='word_1_361' title='bbox 3529 1463 3612 1515; x_wconf 70' lang='grc' dir='ltr'>καὶ</span> <span class='ocrx_word' id='word_1_362' title='bbox 3635 1462 3714 1522; x_wconf 68' lang='grc' dir='ltr'>τὶς</span> 
     </span>
    </p>
   </div>
   <div class='ocr_carea' id='block_1_56' title="bbox 2191 1553 3715 1630">
    <p class='ocr_par' dir='ltr' id='par_1_56' title="bbox 2191 1553 3715 1630">
     <span class='ocr_line' id='line_1_57' title="bbox 2191 1553 3715 1630; baseline -0.005 -18"><span class='ocrx_word' id='word_1_363' title='bbox 2191 1560 2248 1612; x_wconf 70' lang='grc' dir='ltr'>ἐν</span> <span class='ocrx_word' id='word_1_364' title='bbox 2281 1558 2429 1629; x_wconf 82' lang='grc' dir='ltr'>αὐτῷ</span> <span class='ocrx_word' id='word_1_365' title='bbox 2481 1558 2892 1630; x_wconf 82' lang='grc' dir='ltr'>βδελυττομένῳ</span> <span class='ocrx_word' id='word_1_366' title='bbox 2940 1558 3215 1623; x_wconf 83' lang='grc' dir='ltr'>συνάξεις.</span> <span class='ocrx_word' id='word_1_367' title='bbox 3250 1557 3343 1611; x_wconf 80' lang='grc' dir='ltr'>Ἐν</span> <span class='ocrx_word' id='word_1_368' title='bbox 3384 1556 3535 1608; x_wconf 77' lang='grc' dir='ltr'>παντὶ</span> <span class='ocrx_word' id='word_1_369' title='bbox 3564 1553 3650 1624; x_wconf 76' lang='grc' dir='ltr'><strong>μίν</strong></span> <span class='ocrx_word' id='word_1_370' title='bbox 3664 1569 3715 1617; x_wconf 85' lang='grc' dir='ltr'><strong>γε</strong></span> 
     </span>
    </p>
   </div>
   <div class='ocr_carea' id='block_1_57' title="bbox 2189 1645 3715 1722">
    <p class='ocr_par' dir='ltr' id='par_1_57' title="bbox 2189 1645 3715 1722">
     <span class='ocr_line' id='line_1_58' title="bbox 2189 1645 3715 1722; baseline -0.008 -16"><span class='ocrx_word' id='word_1_371' title='bbox 2189 1653 2344 1722; x_wconf 78' lang='grc' dir='ltr'>τόπῳ</span> <span class='ocrx_word' id='word_1_372' title='bbox 2382 1650 2641 1722; x_wconf 73' lang='grc' dir='ltr'>εὔχεσθαι</span> <span class='ocrx_word' id='word_1_373' title='bbox 2695 1653 2724 1704; x_wconf 84' lang='grc' dir='ltr'><strong>ό</strong></span> <span class='ocrx_word' id='word_1_374' title='bbox 2765 1650 3038 1720; x_wconf 82' lang='grc' dir='ltr'>μακάριος</span> <span class='ocrx_word' id='word_1_375' title='bbox 3086 1647 3302 1703; x_wconf 80' lang='grc' dir='ltr'>κελεύει</span> <span class='ocrx_word' id='word_1_376' title='bbox 3358 1645 3581 1711; x_wconf 81' lang='grc' dir='ltr'>Παῦλος,</span> <span class='ocrx_word' id='word_1_377' title='bbox 3623 1645 3715 1698; x_wconf 79' lang='grc' dir='ltr'>ἀλλ’</span> 
     </span>
    </p>
   </div>
   <div class='ocr_carea' id='block_1_58' title="bbox 2189 1737 3716 1816">
    <p class='ocr_par' dir='ltr' id='par_1_58' title="bbox 2189 1737 3716 1816">
     <span class='ocr_line' id='line_1_59' title="bbox 2189 1737 3716 1816; baseline -0.009 -17"><span class='ocrx_word' id='word_1_378' title='bbox 2189 1747 2290 1816; x_wconf 76' lang='grc' dir='ltr'><strong>οὐχ</strong></span> <span class='ocrx_word' id='word_1_379' title='bbox 2317 1744 2458 1798; x_wconf 87' lang='grc' dir='ltr'>ὥστε</span> <span class='ocrx_word' id='word_1_380' title='bbox 2483 1745 2849 1814; x_wconf 80' lang='grc' dir='ltr'>καταφρονεϊν</span> <span class='ocrx_word' id='word_1_381' title='bbox 2875 1741 2984 1796; x_wconf 87' lang='grc' dir='ltr'><strong>τῶν</strong></span> <span class='ocrx_word' id='word_1_382' title='bbox 3016 1741 3316 1806; x_wconf 81' lang='grc' dir='ltr'>συνάξεων,</span> <span class='ocrx_word' id='word_1_383' title='bbox 3335 1741 3427 1794; x_wconf 73' lang='grc' dir='ltr'>καὶ</span> <span class='ocrx_word' id='word_1_384' title='bbox 3457 1741 3557 1798; x_wconf 85' lang='grc' dir='ltr'>τοῖς</span> <span class='ocrx_word' id='word_1_385' title='bbox 3579 1737 3716 1806; x_wconf 79' lang='grc' dir='ltr'>ἱεροῖς</span> 
     </span>
    </p>
   </div>
   <div class='ocr_carea' id='block_1_59' title="bbox 2195 1835 2618 1908">
    <p class='ocr_par' dir='ltr' id='par_1_59' title="bbox 2195 1835 2618 1908">
     <span class='ocr_line' id='line_1_60' title="bbox 2195 1835 2618 1908; baseline -0.007 -17"><span class='ocrx_word' id='word_1_386' title='bbox 2195 1837 2271 1908; x_wconf 83' lang='grc' dir='ltr'>μὴ</span> <span class='ocrx_word' id='word_1_387' title='bbox 2304 1835 2618 1906; x_wconf 81' lang='grc' dir='ltr'>προσιέναι.</span> 
     </span>
    </p>
   </div>
   <div class='ocr_carea' id='block_1_60' title="bbox 2271 1919 3718 1993">
    <p class='ocr_par' dir='ltr' id='par_1_60' title="bbox 2271 1919 3718 1993">
     <span class='ocr_line' id='line_1_61' title="bbox 2271 1919 3718 1993; baseline -0.008 -12"><span class='ocrx_word' id='word_1_388' title='bbox 2271 1929 2333 1981; x_wconf 88' lang='lat'><strong>&#39;0</strong></span> <span class='ocrx_word' id='word_1_389' title='bbox 2359 1927 2417 1981; x_wconf 74' lang='grc' dir='ltr'>δὲ</span> <span class='ocrx_word' id='word_1_390' title='bbox 2467 1925 2517 1980; x_wconf 83' lang='grc' dir='ltr'>κ’</span> <span class='ocrx_word' id='word_1_391' title='bbox 2552 1927 2648 1980; x_wconf 73' lang='grc' dir='ltr'>καὶ</span> <span class='ocrx_word' id='word_1_392' title='bbox 2676 1926 2802 1989; x_wconf 73' lang='grc' dir='ltr'>τοὺς</span> <span class='ocrx_word' id='word_1_393' title='bbox 2831 1923 3172 1993; x_wconf 78' lang='grc' dir='ltr'>ὑπερηφάνῳ</span> <span class='ocrx_word' id='word_1_394' title='bbox 3199 1922 3506 1992; x_wconf 80' lang='grc' dir='ltr'>φρονήματι</span> <span class='ocrx_word' id='word_1_395' title='bbox 3531 1919 3718 1990; x_wconf 82' lang='grc' dir='ltr'>βδελυσ-</span> 
     </span>
    </p>
   </div>
   <div class='ocr_carea' id='block_1_61' title="bbox 2193 2011 3717 2090">
    <p class='ocr_par' dir='ltr' id='par_1_61' title="bbox 2193 2011 3717 2090">
     <span class='ocr_line' id='line_1_62' title="bbox 2193 2011 3717 2090; baseline -0.006 -17"><span class='ocrx_word' id='word_1_396' title='bbox 2193 2020 2456 2090; x_wconf 80' lang='grc' dir='ltr'>σομένους</span> <span class='ocrx_word' id='word_1_397' title='bbox 2494 2020 2592 2083; x_wconf 77' lang='grc' dir='ltr'><strong>τὰς</strong></span> <span class='ocrx_word' id='word_1_398' title='bbox 2620 2018 2952 2087; x_wconf 80' lang='grc' dir='ltr'>τελουμένας</span> <span class='ocrx_word' id='word_1_399' title='bbox 2985 2015 3240 2082; x_wconf 82' lang='grc' dir='ltr'>συνάξεις</span> <span class='ocrx_word' id='word_1_400' title='bbox 3271 2017 3366 2068; x_wconf 69' lang='grc' dir='ltr'>καὶ</span> <span class='ocrx_word' id='word_1_401' title='bbox 3391 2011 3717 2082; x_wconf 82' lang='grc' dir='ltr'>λειτουργίας,</span> 
     </span>
    </p>
   </div>
   <div class='ocr_carea' id='block_1_62' title="bbox 2191 2105 3722 2184">
    <p class='ocr_par' dir='ltr' id='par_1_62' title="bbox 2191 2105 3722 2184">
     <span class='ocr_line' id='line_1_63' title="bbox 2191 2105 3722 2184; baseline -0.007 -16"><span class='ocrx_word' id='word_1_402' title='bbox 2191 2115 2322 2168; x_wconf 77' lang='grc' dir='ltr'>ἔνθα</span> <span class='ocrx_word' id='word_1_403' title='bbox 2385 2113 2680 2184; x_wconf 86' lang='grc' dir='ltr'>μαρτύρων</span> <span class='ocrx_word' id='word_1_404' title='bbox 2728 2111 3159 2182; x_wconf 83' lang='grc' dir='ltr'>τεθησαύρισται</span> <span class='ocrx_word' id='word_1_405' title='bbox 3221 2109 3488 2180; x_wconf 80' lang='grc' dir='ltr'>λείψανα,</span> <span class='ocrx_word' id='word_1_406' title='bbox 3520 2106 3589 2176; x_wconf 83' lang='grc' dir='ltr'>τῷ</span> <span class='ocrx_word' id='word_1_407' title='bbox 3617 2105 3722 2157; x_wconf 78' lang='grc' dir='ltr'>ἁνα-</span> 
     </span>
    </p>
   </div>
   <div class='ocr_carea' id='block_1_63' title="bbox 2193 2194 3722 2279">
    <p class='ocr_par' dir='ltr' id='par_1_63' title="bbox 2193 2194 3722 2279">
     <span class='ocr_line' id='line_1_64' title="bbox 2193 2194 3722 2279; baseline -0.011 -18"><span class='ocrx_word' id='word_1_408' title='bbox 2193 2209 2392 2279; x_wconf 81' lang='grc' dir='ltr'>θέματι</span> <span class='ocrx_word' id='word_1_409' title='bbox 2433 2203 2813 2269; x_wconf 79' lang='grc' dir='ltr'>καταδικάζει.</span> <span class='ocrx_word' id='word_1_410' title='bbox 2851 2203 3017 2275; x_wconf 80' lang='grc' dir='ltr'>Ζήτει</span> <span class='ocrx_word' id='word_1_411' title='bbox 3070 2203 3166 2256; x_wconf 80' lang='grc' dir='ltr'>καὶ</span> <span class='ocrx_word' id='word_1_412' title='bbox 3206 2201 3303 2256; x_wconf 76' lang='grc' dir='ltr'><strong>τὸν</strong></span> <span class='ocrx_word' id='word_1_413' title='bbox 3346 2197 3420 2266; x_wconf 87' lang='grc' dir='ltr'>ις’</span> <span class='ocrx_word' id='word_1_414' title='bbox 3450 2198 3632 2267; x_wconf 82' lang='grc' dir='ltr'>ταύτης</span> <span class='ocrx_word' id='word_1_415' title='bbox 3677 2194 3722 2245; x_wconf 75' lang='lat' dir='ltr'><strong>tv</strong></span> 
     </span>
    </p>
   </div>
   <div class='ocr_carea' id='block_1_64' title="bbox 2190 2295 2946 2370">
    <p class='ocr_par' dir='ltr' id='par_1_64' title="bbox 2190 2295 2946 2370">
     <span class='ocr_line' id='line_1_65' title="bbox 2190 2295 2946 2370; baseline -0.008 -16"><span class='ocrx_word' id='word_1_416' title='bbox 2190 2307 2242 2370; x_wconf 79' lang='grc' dir='ltr'><strong><em>τ’</em></strong></span> <span class='ocrx_word' id='word_1_417' title='bbox 2281 2317 2408 2368; x_wconf 83' lang='grc' dir='ltr'>κεφ.</span> <span class='ocrx_word' id='word_1_418' title='bbox 2453 2297 2546 2352; x_wconf 81' lang='grc' dir='ltr'><strong>τοῦ</strong></span> <span class='ocrx_word' id='word_1_419' title='bbox 2583 2298 2621 2351; x_wconf 80' lang='grc' dir='ltr'>Α</span> <span class='ocrx_word' id='word_1_420' title='bbox 2658 2295 2946 2365; x_wconf 86' lang='grc' dir='ltr'>στοιχείου.</span> 
     </span>
    </p>
   </div>
   <div class='ocr_carea' id='block_1_65' title="bbox 2337 2380 3608 2456">
    <p class='ocr_par' dir='ltr' id='par_1_65' title="bbox 2337 2380 3608 2456">
     <span class='ocr_line' id='line_1_66' title="bbox 2337 2380 3608 2456; baseline -0.011 -11"><span class='ocrx_word' id='word_1_421' title='bbox 2337 2389 2596 2446; x_wconf 77' lang='grc' dir='ltr'><strong>ΚΕΦΑΛ.</strong></span> <span class='ocrx_word' id='word_1_422' title='bbox 2649 2389 2706 2442; x_wconf 91' lang='lat' dir='ltr'><strong>l&#39;.</strong></span> <span class='ocrx_word' id='word_1_423' title='bbox 2735 2387 2875 2456; x_wconf 77' lang='grc' dir='ltr'>Περὶ</span> <span class='ocrx_word' id='word_1_424' title='bbox 2924 2386 3070 2452; x_wconf 84' lang='grc' dir='ltr'>,ϐίας</span> <span class='ocrx_word' id='word_1_425' title='bbox 3106 2383 3204 2439; x_wconf 78' lang='grc' dir='ltr'>καὶ</span> <span class='ocrx_word' id='word_1_426' title='bbox 3243 2380 3608 2444; x_wconf 73' lang='grc' dir='ltr'>δυναστείας.</span> 
     </span>
    </p>
   </div>
   <div class='ocr_carea' id='block_1_66' title="bbox 2262 2471 3464 2556">
    <p class='ocr_par' dir='ltr' id='par_1_66' title="bbox 2262 2471 3464 2556">
     <span class='ocr_line' id='line_1_67' title="bbox 2262 2471 3464 2556; baseline -0.012 -16"><span class='ocrx_word' id='word_1_427' title='bbox 2262 2487 2425 2556; x_wconf 74' lang='grc' dir='ltr'>Ζήτει</span> <span class='ocrx_word' id='word_1_428' title='bbox 2460 2482 2518 2535; x_wconf 83' lang='grc' dir='ltr'>τὸ</span> <span class='ocrx_word' id='word_1_429' title='bbox 2549 2478 2614 2552; x_wconf 89' lang='grc' dir='ltr'>ιβ’</span> <span class='ocrx_word' id='word_1_430' title='bbox 2646 2479 2942 2548; x_wconf 74' lang='grc' dir='ltr'>κεφάλαιον</span> <span class='ocrx_word' id='word_1_431' title='bbox 2971 2475 3068 2532; x_wconf 77' lang='grc' dir='ltr'><strong>τοῦ</strong></span> <span class='ocrx_word' id='word_1_432' title='bbox 3097 2476 3137 2529; x_wconf 75' lang='grc' dir='ltr'>Α</span> <span class='ocrx_word' id='word_1_433' title='bbox 3174 2471 3464 2544; x_wconf 81' lang='grc' dir='ltr'>στοιχείου.</span> 
     </span>
    </p>
   </div>
   <div class='ocr_carea' id='block_1_67' title="bbox 2191 2577 3723 2660">
    <p class='ocr_par' dir='ltr' id='par_1_67' title="bbox 2191 2577 3723 2660">
     <span class='ocr_line' id='line_1_68' title="bbox 2191 2577 3723 2660; baseline -0.015 -4"><span class='ocrx_word' id='word_1_434' title='bbox 2191 2599 2447 2656; x_wconf 76' lang='grc' dir='ltr'><strong>ΚΕΦΑΛ.</strong></span> <span class='ocrx_word' id='word_1_435' title='bbox 2497 2595 2603 2649; x_wconf 80' lang='lat' dir='ltr'><strong>lA&#39;.</strong></span> <span class='ocrx_word' id='word_1_436' title='bbox 2663 2593 2807 2660; x_wconf 76' lang='grc' dir='ltr'>Περὶ</span> <span class='ocrx_word' id='word_1_437' title='bbox 2853 2591 3114 2656; x_wconf 75' lang='grc' dir='ltr'>βιϐλίων</span> <span class='ocrx_word' id='word_1_438' title='bbox 3155 2590 3269 2657; x_wconf 83' lang='grc' dir='ltr'>τῆς</span> <span class='ocrx_word' id='word_1_439' title='bbox 3304 2586 3465 2653; x_wconf 82' lang='grc' dir='ltr'>θείας</span> <span class='ocrx_word' id='word_1_440' title='bbox 3513 2577 3723 2654; x_wconf 65' lang='grc' dir='ltr'>Γραφῆς</span> 
     </span>
    </p>
   </div>
   <div class='ocr_carea' id='block_1_68' title="bbox 2650 2661 3312 2736">
    <p class='ocr_par' dir='ltr' id='par_1_68' title="bbox 2650 2661 3312 2736">
     <span class='ocr_line' id='line_1_69' title="bbox 2650 2661 3312 2736; baseline -0.005 -19"><span class='ocrx_word' id='word_1_441' title='bbox 2650 2663 2920 2734; x_wconf 72' lang='grc' dir='ltr'>γνησίων</span> <span class='ocrx_word' id='word_1_442' title='bbox 2965 2661 3063 2715; x_wconf 80' lang='grc' dir='ltr'><strong>καί</strong></span> <span class='ocrx_word' id='word_1_443' title='bbox 3096 2663 3312 2736; x_wconf 77' lang='grc' dir='ltr'>νόθων.</span> 
     </span>
    </p>
   </div>
   <div class='ocr_carea' id='block_1_69' title="bbox 2273 2741 3722 2824">
    <p class='ocr_par' dir='ltr' id='par_1_69' title="bbox 2273 2741 3722 2824">
     <span class='ocr_line' id='line_1_70' title="bbox 2273 2741 3722 2824; baseline -0.016 -9"><span class='ocrx_word' id='word_1_444' title='bbox 2273 2758 2334 2814; x_wconf 82' lang='lat'><strong>&#39;0</strong></span> <span class='ocrx_word' id='word_1_445' title='bbox 2357 2765 2438 2812; x_wconf 84' lang='grc' dir='ltr'>πε¹</span> <span class='ocrx_word' id='word_1_446' title='bbox 2461 2756 2570 2810; x_wconf 81' lang='grc' dir='ltr'><strong>τῶν</strong></span> <span class='ocrx_word' id='word_1_447' title='bbox 2592 2755 2766 2824; x_wconf 81' lang='grc' dir='ltr'>ἁγίων</span> <span class='ocrx_word' id='word_1_448' title='bbox 2801 2752 3117 2806; x_wconf 70' lang='grc' dir='ltr'>ἀποστόλων</span> <span class='ocrx_word' id='word_1_449' title='bbox 3149 2750 3355 2811; x_wconf 84' lang='grc' dir='ltr'>κανὼν,</span> <span class='ocrx_word' id='word_1_450' title='bbox 3380 2746 3574 2808; x_wconf 67' lang='grc' dir='ltr'>Ταῦτα,</span> <span class='ocrx_word' id='word_1_451' title='bbox 3601 2741 3722 2812; x_wconf 81' lang='grc' dir='ltr'>φησὶ,</span> 
     </span>
    </p>
   </div>
   <div class='ocr_carea' id='block_1_70' title="bbox 2191 2838 3724 2922">
    <p class='ocr_par' dir='ltr' id='par_1_70' title="bbox 2191 2838 3724 2922">
     <span class='ocr_line' id='line_1_71' title="bbox 2191 2838 3724 2922; baseline -0.015 -15"><span class='ocrx_word' id='word_1_452' title='bbox 2191 2852 2262 2907; x_wconf 79' lang='grc' dir='ltr'><strong>τὰ</strong></span> <span class='ocrx_word' id='word_1_453' title='bbox 2295 2849 2478 2922; x_wconf 88' lang='grc' dir='ltr'>βιϐλία</span> <span class='ocrx_word' id='word_1_454' title='bbox 2520 2847 2889 2918; x_wconf 71' lang='grc' dir='ltr'>διαφερόντως</span> <span class='ocrx_word' id='word_1_455' title='bbox 2917 2843 3250 2914; x_wconf 89' lang='grc' dir='ltr'>πρεσϐεύειν</span> <span class='ocrx_word' id='word_1_456' title='bbox 3299 2841 3406 2912; x_wconf 84' lang='grc' dir='ltr'><strong>χρὴ</strong></span> <span class='ocrx_word' id='word_1_457' title='bbox 3446 2838 3724 2906; x_wconf 79' lang='grc' dir='ltr'>σύμπαντας</span> 
     </span>
    </p>
   </div>
   <div class='ocr_carea' id='block_1_71' title="bbox 2194 2925 3726 3014">
    <p class='ocr_par' dir='ltr' id='par_1_71' title="bbox 2194 2925 3726 3014">
     <span class='ocr_line' id='line_1_72' title="bbox 2194 2925 3726 3014; baseline -0.016 -15"><span class='ocrx_word' id='word_1_458' title='bbox 2194 2941 2490 3014; x_wconf 87' lang='grc' dir='ltr'>κληρικούς</span> <span class='ocrx_word' id='word_1_459' title='bbox 2537 2957 2595 2992; x_wconf 86' lang='grc' dir='ltr'><strong>τε</strong></span> <span class='ocrx_word' id='word_1_460' title='bbox 2634 2941 2728 2991; x_wconf 66' lang='grc' dir='ltr'>καὶ</span> <span class='ocrx_word' id='word_1_461' title='bbox 2760 2938 3005 3000; x_wconf 70' lang='grc' dir='ltr'>λαῖκοὺς,</span> <span class='ocrx_word' id='word_1_462' title='bbox 3039 2936 3136 3005; x_wconf 79' lang='grc' dir='ltr'>τῆς</span> <span class='ocrx_word' id='word_1_463' title='bbox 3170 2933 3275 3003; x_wconf 81' lang='grc' dir='ltr'>μὲν</span> <span class='ocrx_word' id='word_1_464' title='bbox 3307 2932 3535 2990; x_wconf 82' lang='grc' dir='ltr'>παλαιᾶς</span> <span class='ocrx_word' id='word_1_465' title='bbox 3572 2925 3726 2992; x_wconf 63' lang='lat' dir='ltr'><strong>Amet,-</strong></span> 
     </span>
    </p>
   </div>
   <div class='ocr_carea' id='block_1_72' title="bbox 2191 3021 3726 3105">
    <p class='ocr_par' dir='ltr' id='par_1_72' title="bbox 2191 3021 3726 3105">
     <span class='ocr_line' id='line_1_73' title="bbox 2191 3021 3726 3105; baseline -0.014 -15"><span class='ocrx_word' id='word_1_466' title='bbox 2191 3053 2295 3105; x_wconf 92' lang='grc' dir='ltr'><strong>κης</strong></span> <span class='ocrx_word' id='word_1_467' title='bbox 2330 3033 2395 3086; x_wconf 86' lang='grc' dir='ltr'><strong>τὰ</strong></span> <span class='ocrx_word' id='word_1_468' title='bbox 2424 3032 2589 3084; x_wconf 80' lang='grc' dir='ltr'>πέντε</span> <span class='ocrx_word' id='word_1_469' title='bbox 2621 3029 2915 3090; x_wconf 79' lang='grc' dir='ltr'>Μωσαῖκὰ,</span> <span class='ocrx_word' id='word_1_470' title='bbox 2955 3021 3029 3081; x_wconf 78' lang='grc' dir='ltr'>ὧν</span> <span class='ocrx_word' id='word_1_471' title='bbox 3070 3030 3126 3080; x_wconf 82' lang='lat' dir='ltr'><strong>at</strong></span> <span class='ocrx_word' id='word_1_472' title='bbox 3163 3027 3388 3097; x_wconf 82' lang='grc' dir='ltr'>κλήσεις</span> <span class='ocrx_word' id='word_1_473' title='bbox 3415 3026 3517 3078; x_wconf 83' lang='grc' dir='ltr'><strong>τῶν</strong></span> <span class='ocrx_word' id='word_1_474' title='bbox 3537 3024 3726 3087; x_wconf 70' lang='grc' dir='ltr'>ἐπιγρα·</span> 
     </span>
    </p>
   </div>
   <div class='ocr_carea' id='block_1_73' title="bbox 2193 3114 3782 3198">
    <p class='ocr_par' dir='ltr' id='par_1_73' title="bbox 2193 3114 3782 3198">
     <span class='ocr_line' id='line_1_74' title="bbox 2193 3114 3782 3198; baseline -0.016 -17"><span class='ocrx_word' id='word_1_475' title='bbox 2193 3128 2332 3198; x_wconf 82' lang='grc' dir='ltr'><strong>φῶν·</strong></span> <span class='ocrx_word' id='word_1_476' title='bbox 2373 3126 2611 3186; x_wconf 87' lang='grc' dir='ltr'>Γένεσις·</span> <span class='ocrx_word' id='word_1_477' title='bbox 2644 3123 2886 3188; x_wconf 77' lang='grc' dir='ltr'>Ἐξοδος’</span> <span class='ocrx_word' id='word_1_478' title='bbox 2925 3120 3233 3174; x_wconf 83' lang='grc' dir='ltr'>Λευῖτικόν’</span> <span class='ocrx_word' id='word_1_479' title='bbox 3270 3115 3536 3189; x_wconf 81' lang='grc' dir='ltr'>Ἀριθμοί·</span> <span class='ocrx_word' id='word_1_480' title='bbox 3569 3114 3726 3164; x_wconf 87' lang='grc' dir='ltr'>Δευτε-</span> <span class='ocrx_word' id='word_1_481' title='bbox 3775 3184 3782 3194; x_wconf 29' lang='grc'><strong>1</strong></span> 
     </span>
    </p>
   </div>
   <div class='ocr_carea' id='block_1_74' title="bbox 2199 3205 3723 3292">
    <p class='ocr_par' dir='ltr' id='par_1_74' title="bbox 2199 3205 3723 3292">
     <span class='ocr_line' id='line_1_75' title="bbox 2199 3205 3723 3292; baseline -0.014 -16"><span class='ocrx_word' id='word_1_482' title='bbox 2199 3221 2486 3292; x_wconf 76' lang='grc' dir='ltr'>ρονόμιονο</span> <span class='ocrx_word' id='word_1_483' title='bbox 2534 3216 2714 3287; x_wconf 79' lang='grc' dir='ltr'>Ἰησοῦ</span> <span class='ocrx_word' id='word_1_484' title='bbox 2785 3216 2900 3269; x_wconf 85' lang='grc' dir='ltr'>υἱοῦ</span> <span class='ocrx_word' id='word_1_485' title='bbox 2954 3216 3150 3283; x_wconf 81' lang='grc' dir='ltr'>Ναυῆ,</span> <span class='ocrx_word' id='word_1_486' title='bbox 3209 3214 3272 3267; x_wconf 76' lang='grc' dir='ltr'>ἓν</span> <span class='ocrx_word' id='word_1_487' title='bbox 3301 3229 3318 3247; x_wconf 77' lang='grc' dir='ltr'><strong>ο</strong></span> <span class='ocrx_word' id='word_1_488' title='bbox 3369 3209 3596 3281; x_wconf 82' lang='grc' dir='ltr'>Κριτῶν,</span> <span class='ocrx_word' id='word_1_489' title='bbox 3646 3205 3723 3256; x_wconf 75' lang='grc' dir='ltr'><strong>ἓν·</strong></span> 
     </span>
    </p>
   </div>
   <div class='ocr_carea' id='block_1_75' title="bbox 2207 3297 3723 3379">
    <p class='ocr_par' dir='ltr' id='par_1_75' title="bbox 2207 3297 3723 3379">
     <span class='ocr_line' id='line_1_76' title="bbox 2207 3297 3723 3379; baseline -0.016 -9"><span class='ocrx_word' id='word_1_490' title='bbox 2207 3315 2391 3379; x_wconf 76' lang='grc' dir='ltr'><strong>Ῥοῦθ,</strong></span> <span class='ocrx_word' id='word_1_491' title='bbox 2408 3314 2486 3366; x_wconf 76' lang='grc' dir='ltr'><strong>ἓν·</strong></span> <span class='ocrx_word' id='word_1_492' title='bbox 2508 3309 2826 3374; x_wconf 83' lang='grc' dir='ltr'>Βασιλειῶν,</span> <span class='ocrx_word' id='word_1_493' title='bbox 2846 3308 2885 3362; x_wconf 93' lang='grc' dir='ltr'>δ’</span> <span class='ocrx_word' id='word_1_494' title='bbox 2895 3326 2906 3338; x_wconf 90' lang='grc'><strong>·</strong></span> <span class='ocrx_word' id='word_1_495' title='bbox 2923 3307 3432 3378; x_wconf 80' lang='grc' dir='ltr'>,Παραλειπομένων</span> <span class='ocrx_word' id='word_1_496' title='bbox 3460 3305 3550 3371; x_wconf 82' lang='grc' dir='ltr'>τῆς</span> <span class='ocrx_word' id='word_1_497' title='bbox 3576 3297 3723 3369; x_wconf 84' lang='grc' dir='ltr'>βίϐλου</span> 
     </span>
    </p>
   </div>
   <div class='ocr_carea' id='block_1_76' title="bbox 2194 3390 3727 3478">
    <p class='ocr_par' dir='ltr' id='par_1_76' title="bbox 2194 3390 3727 3478">
     <span class='ocr_line' id='line_1_77' title="bbox 2194 3390 3727 3478; baseline -0.014 -17"><span class='ocrx_word' id='word_1_498' title='bbox 2194 3409 2303 3462; x_wconf 80' lang='grc' dir='ltr'>τῶν</span> <span class='ocrx_word' id='word_1_499' title='bbox 2338 3407 2585 3478; x_wconf 73' lang='grc' dir='ltr'>ἡμερῶν.</span> <span class='ocrx_word' id='word_1_500' title='bbox 2616 3407 2710 3460; x_wconf 83' lang='grc' dir='ltr'><strong>δύο</strong></span> <span class='ocrx_word' id='word_1_501' title='bbox 2741 3423 2750 3432; x_wconf 91' lang='grc'><strong>·</strong></span> <span class='ocrx_word' id='word_1_502' title='bbox 2795 3403 3028 3472; x_wconf 81' lang='grc' dir='ltr'>Ἔσδρα,</span> <span class='ocrx_word' id='word_1_503' title='bbox 3069 3401 3181 3453; x_wconf 88' lang='grc' dir='ltr'>δύο·</span> <span class='ocrx_word' id='word_1_504' title='bbox 3230 3399 3459 3466; x_wconf 74' lang='grc' dir='ltr'>Ἐσθὴρ,</span> <span class='ocrx_word' id='word_1_505' title='bbox 3492 3395 3576 3448; x_wconf 71' lang='grc' dir='ltr'><strong>ἐν’</strong></span> <span class='ocrx_word' id='word_1_506' title='bbox 3599 3390 3727 3445; x_wconf 77' lang='grc' dir='ltr'><strong>Μαχ-</strong></span> 
     </span>
    </p>
   </div>
   <div class='ocr_carea' id='block_1_77' title="bbox 2197 3481 3729 3570">
    <p class='ocr_par' dir='ltr' id='par_1_77' title="bbox 2197 3481 3729 3570">
     <span class='ocr_line' id='line_1_78' title="bbox 2197 3481 3729 3570; baseline -0.017 -14"><span class='ocrx_word' id='word_1_507' title='bbox 2197 3501 2465 3564; x_wconf 78' lang='grc' dir='ltr'>καϐαίων,</span> <span class='ocrx_word' id='word_1_508' title='bbox 2493 3502 2643 3570; x_wconf 80' lang='grc' dir='ltr'>τρία·</span> <span class='ocrx_word' id='word_1_509' title='bbox 2687 3497 2830 3559; x_wconf 77' lang='grc' dir='ltr'>Ἰὼϐ,</span> <span class='ocrx_word' id='word_1_510' title='bbox 2887 3495 2946 3548; x_wconf 77' lang='grc' dir='ltr'>ἓν</span> <span class='ocrx_word' id='word_1_511' title='bbox 2967 3512 2979 3524; x_wconf 89' lang='grc'><strong>·</strong></span> <span class='ocrx_word' id='word_1_512' title='bbox 3011 3491 3354 3562; x_wconf 78' lang='grc' dir='ltr'>Ψαλτήριον,</span> <span class='ocrx_word' id='word_1_513' title='bbox 3385 3491 3463 3543; x_wconf 76' lang='grc' dir='ltr'><strong>ἓν·</strong></span> <span class='ocrx_word' id='word_1_514' title='bbox 3495 3481 3729 3551; x_wconf 79' lang='grc' dir='ltr'>Σολομῶν-</span> 
     </span>
    </p>
   </div>
   <div class='ocr_carea' id='block_1_78' title="bbox 2195 3575 3727 3662">
    <p class='ocr_par' dir='ltr' id='par_1_78' title="bbox 2195 3575 3727 3662">
     <span class='ocr_line' id='line_1_79' title="bbox 2195 3575 3727 3662; baseline -0.012 -14"><span class='ocrx_word' id='word_1_515' title='bbox 2195 3612 2287 3657; x_wconf 86' lang='grc' dir='ltr'><strong>τος</strong></span> <span class='ocrx_word' id='word_1_516' title='bbox 2321 3636 2337 3660; x_wconf 95' lang='grc'><strong>,</strong></span> <span class='ocrx_word' id='word_1_517' title='bbox 2392 3593 2558 3662; x_wconf 81' lang='grc' dir='ltr'>τρία’</span> <span class='ocrx_word' id='word_1_518' title='bbox 2619 3589 2961 3660; x_wconf 80' lang='grc' dir='ltr'>Ποροιμξας,</span> <span class='ocrx_word' id='word_1_519' title='bbox 3012 3582 3526 3655; x_wconf 84' lang='grc' dir='ltr'>Ἐκκλησιαστικὴν,</span> <span class='ocrx_word' id='word_1_520' title='bbox 3573 3575 3727 3646; x_wconf 77' lang='grc' dir='ltr'>’ᾼσμα</span> 
     </span>
    </p>
   </div>
   <div class='ocr_carea' id='block_1_79' title="bbox 2200 3664 3724 3758">
    <p class='ocr_par' dir='ltr' id='par_1_79' title="bbox 2200 3664 3724 3758">
     <span class='ocr_line' id='line_1_80' title="bbox 2200 3664 3724 3758; baseline -0.014 -20"><span class='ocrx_word' id='word_1_521' title='bbox 2200 3685 2462 3758; x_wconf 79' lang='grc' dir='ltr'>ᾀσμάτων</span> <span class='ocrx_word' id='word_1_522' title='bbox 2489 3699 2502 3712; x_wconf 92' lang='grc'>·</span> <span class='ocrx_word' id='word_1_523' title='bbox 2543 3680 2866 3751; x_wconf 75' lang='grc' dir='ltr'>Προιρητῶν,</span> <span class='ocrx_word' id='word_1_524' title='bbox 2910 3679 2977 3746; x_wconf 72' lang='grc' dir='ltr'>ιβ’</span> <span class='ocrx_word' id='word_1_525' title='bbox 3001 3696 3012 3708; x_wconf 88' lang='grc'>·</span> <span class='ocrx_word' id='word_1_526' title='bbox 3059 3677 3317 3740; x_wconf 79' lang='grc' dir='ltr'>Ἡσαΐου,</span> <span class='ocrx_word' id='word_1_527' title='bbox 3347 3675 3406 3728; x_wconf 74' lang='grc' dir='ltr'>ἓν</span> <span class='ocrx_word' id='word_1_528' title='bbox 3427 3691 3440 3704; x_wconf 88' lang='grc'><strong>·</strong></span> <span class='ocrx_word' id='word_1_529' title='bbox 3479 3664 3724 3739; x_wconf 80' lang='grc' dir='ltr'>Ἱερεμίου.</span> 
     </span>
    </p>
   </div>
   <div class='ocr_carea' id='block_1_80' title="bbox 2196 3764 3728 3842">
    <p class='ocr_par' dir='ltr' id='par_1_80' title="bbox 2196 3764 3728 3842">
     <span class='ocr_line' id='line_1_81' title="bbox 2196 3764 3728 3842; baseline -0.014 -13"><span class='ocrx_word' id='word_1_530' title='bbox 2196 3777 2277 3830; x_wconf 74' lang='grc' dir='ltr'><strong>ἓν·</strong></span> <span class='ocrx_word' id='word_1_531' title='bbox 2325 3773 2611 3842; x_wconf 74' lang='grc' dir='ltr'>Ἰεζεκιὴλ,</span> <span class='ocrx_word' id='word_1_532' title='bbox 2639 3773 2728 3824; x_wconf 74' lang='grc' dir='ltr'><strong>ἕν’</strong></span> <span class='ocrx_word' id='word_1_533' title='bbox 2768 3769 2988 3839; x_wconf 78' lang='grc' dir='ltr'>Δανιὴλ,</span> <span class='ocrx_word' id='word_1_534' title='bbox 3021 3768 3080 3821; x_wconf 76' lang='grc' dir='ltr'>ἓν</span> <span class='ocrx_word' id='word_1_535' title='bbox 3104 3785 3118 3798; x_wconf 90' lang='grc'><strong>·</strong></span> <span class='ocrx_word' id='word_1_536' title='bbox 3165 3767 3368 3832; x_wconf 77' lang='grc' dir='ltr'>ἔξωθεν</span> <span class='ocrx_word' id='word_1_537' title='bbox 3387 3764 3442 3818; x_wconf 74' lang='grc' dir='ltr'>δὲ</span> <span class='ocrx_word' id='word_1_538' title='bbox 3485 3768 3728 3829; x_wconf 60' lang='grc' dir='ltr'>προσιστοα</span> 
     </span>
    </p>
   </div>
   <div class='ocr_carea' id='block_1_81' title="bbox 2201 3843 3728 3938">
    <p class='ocr_par' dir='ltr' id='par_1_81' title="bbox 2201 3843 3728 3938">
     <span class='ocr_line' id='line_1_82' title="bbox 2201 3843 3728 3938; baseline -0.015 -16"><span class='ocrx_word' id='word_1_539' title='bbox 2201 3867 2402 3938; x_wconf 84' lang='grc' dir='ltr'>ρείσΘω</span> <span class='ocrx_word' id='word_1_540' title='bbox 2454 3869 2566 3928; x_wconf 83' lang='grc' dir='ltr'>τοῖς</span> <span class='ocrx_word' id='word_1_541' title='bbox 2623 3865 2765 3926; x_wconf 82' lang='grc' dir='ltr'>νέοις</span> <span class='ocrx_word' id='word_1_542' title='bbox 2815 3865 2909 3916; x_wconf 79' lang='grc' dir='ltr'>καὶ</span> <span class='ocrx_word' id='word_1_543' title='bbox 2968 3863 3002 3932; x_wconf 80' lang='grc' dir='ltr'><strong>ἡ</strong></span> <span class='ocrx_word' id='word_1_544' title='bbox 3055 3859 3149 3913; x_wconf 81' lang='grc' dir='ltr'>τοῦ</span> <span class='ocrx_word' id='word_1_545' title='bbox 3207 3853 3550 3927; x_wconf 77' lang='grc' dir='ltr'>πολυμαθοῦς</span> <span class='ocrx_word' id='word_1_546' title='bbox 3598 3843 3728 3938; x_wconf 51' lang='grc' dir='ltr'>σοφία</span> 
     </span>
    </p>
   </div>
   <div class='ocr_carea' id='block_1_82' title="bbox 2197 3937 3726 4031">
    <p class='ocr_par' dir='ltr' id='par_1_82' title="bbox 2197 3937 3726 4031">
     <span class='ocr_line' id='line_1_83' title="bbox 2197 3937 3726 4031; baseline -0.016 -18"><span class='ocrx_word' id='word_1_547' title='bbox 2197 3937 2388 4031; x_wconf 79' lang='grc' dir='ltr'>Σιράχ.</span> <span class='ocrx_word' id='word_1_548' title='bbox 2425 3958 2541 4027; x_wconf 81' lang='grc' dir='ltr'><strong>Τῆς</strong></span> <span class='ocrx_word' id='word_1_549' title='bbox 2583 3957 2795 4025; x_wconf 80' lang='grc' dir='ltr'>Καινῆς</span> <span class='ocrx_word' id='word_1_550' title='bbox 2841 3954 2898 4007; x_wconf 79' lang='grc' dir='ltr'>δὲ</span> <span class='ocrx_word' id='word_1_551' title='bbox 2955 3951 3257 4022; x_wconf 74' lang='grc' dir='ltr'>Διαθήκηε.</span> <span class='ocrx_word' id='word_1_552' title='bbox 3317 3943 3606 4015; x_wconf 79' lang='grc' dir='ltr'>Εὑαγγέλια</span> <span class='ocrx_word' id='word_1_553' title='bbox 3630 3937 3726 4031; x_wconf 76' lang='grc' dir='ltr'><strong>τέσ·</strong></span> 
     </span>
    </p>
   </div>
   <div class='ocr_carea' id='block_1_83' title="bbox 2198 4026 3726 4122">
    <p class='ocr_par' dir='ltr' id='par_1_83' title="bbox 2198 4026 3726 4122">
     <span class='ocr_line' id='line_1_84' title="bbox 2198 4026 3726 4122; baseline -0.016 -15"><span class='ocrx_word' id='word_1_554' title='bbox 2198 4026 2382 4122; x_wconf 29' lang='grc' dir='ltr'>σανραῠο</span> <span class='ocrx_word' id='word_1_555' title='bbox 2415 4026 2720 4111; x_wconf 79' lang='grc' dir='ltr'>Ματθαίου,</span> <span class='ocrx_word' id='word_1_556' title='bbox 2753 4048 3009 4117; x_wconf 78' lang='grc' dir='ltr'>Μάρκου,</span> <span class='ocrx_word' id='word_1_557' title='bbox 3040 4045 3248 4106; x_wconf 81' lang='grc' dir='ltr'>Λουκᾶ,</span> <span class='ocrx_word' id='word_1_558' title='bbox 3295 4042 3538 4096; x_wconf 76' lang='grc' dir='ltr'>Ἰωάννου</span> <span class='ocrx_word' id='word_1_559' title='bbox 3562 4053 3575 4066; x_wconf 88' lang='grc'><strong>·</strong></span> <span class='ocrx_word' id='word_1_560' title='bbox 3612 4026 3726 4122; x_wconf 57' lang='grc' dir='ltr'>Παύ-</span> 
     </span>
    </p>
   </div>
   <div class='ocr_carea' id='block_1_84' title="bbox 2197 4115 3726 4208">
    <p class='ocr_par' dir='ltr' id='par_1_84' title="bbox 2197 4115 3726 4208">
     <span class='ocr_line' id='line_1_85' title="bbox 2197 4115 3726 4208; baseline -0.014 -10"><span class='ocrx_word' id='word_1_561' title='bbox 2197 4115 2292 4198; x_wconf 77' lang='grc' dir='ltr'><strong>λου</strong></span> <span class='ocrx_word' id='word_1_562' title='bbox 2334 4141 2624 4203; x_wconf 75' lang='grc' dir='ltr'>ἐπιστολὰς</span> <span class='ocrx_word' id='word_1_563' title='bbox 2681 4138 2760 4192; x_wconf 88' lang='grc' dir='ltr'>ιδ’·</span> <span class='ocrx_word' id='word_1_564' title='bbox 2817 4115 2938 4208; x_wconf 73' lang='grc' dir='ltr'>ἦτοι</span> <span class='ocrx_word' id='word_1_565' title='bbox 2993 4133 3128 4204; x_wconf 81' lang='grc' dir='ltr'>πρὸς</span> <span class='ocrx_word' id='word_1_566' title='bbox 3179 4129 3483 4202; x_wconf 82' lang='grc' dir='ltr'>Ῥωμαίους</span> <span class='ocrx_word' id='word_1_567' title='bbox 3512 4131 3589 4179; x_wconf 85' lang='grc' dir='ltr'><strong>α’⁶</strong></span> <span class='ocrx_word' id='word_1_568' title='bbox 3618 4115 3726 4188; x_wconf 77' lang='grc' dir='ltr'>πρὸς</span> 
     </span>
    </p>
   </div>
   <div class='ocr_carea' id='block_1_85' title="bbox 2198 4210 3724 4312">
    <p class='ocr_par' dir='ltr' id='par_1_85' title="bbox 2198 4210 3724 4312">
     <span class='ocr_line' id='line_1_86' title="bbox 2198 4210 3724 4312; baseline -0.016 -22"><span class='ocrx_word' id='word_1_569' title='bbox 2198 4234 2542 4306; x_wconf 66' lang='grc' dir='ltr'>Κορινθίουέ,</span> <span class='ocrx_word' id='word_1_570' title='bbox 2585 4229 2649 4300; x_wconf 79' lang='grc' dir='ltr'><strong>β’·</strong></span> <span class='ocrx_word' id='word_1_571' title='bbox 2686 4230 2824 4300; x_wconf 81' lang='grc' dir='ltr'>πρὸς</span> <span class='ocrx_word' id='word_1_572' title='bbox 2875 4227 3145 4288; x_wconf 83' lang='grc' dir='ltr'>Γαλάτας,</span> <span class='ocrx_word' id='word_1_573' title='bbox 3191 4229 3263 4276; x_wconf 83' lang='grc' dir='ltr'>α”</span> <span class='ocrx_word' id='word_1_574' title='bbox 3299 4223 3435 4292; x_wconf 79' lang='grc' dir='ltr'>πρὸς</span> <span class='ocrx_word' id='word_1_575' title='bbox 3463 4210 3724 4312; x_wconf 54' lang='grc' dir='ltr'>Ἐφεσίους,</span> 
     </span>
    </p>
   </div>
   <div class='ocr_carea' id='block_1_86' title="bbox 2197 4308 3722 4396">
    <p class='ocr_par' dir='ltr' id='par_1_86' title="bbox 2197 4308 3722 4396">
     <span class='ocr_line' id='line_1_87' title="bbox 2197 4308 3722 4396; baseline -0.012 -15"><span class='ocrx_word' id='word_1_576' title='bbox 2197 4334 2245 4381; x_wconf 83' lang='grc' dir='ltr'>α’</span> <span class='ocrx_word' id='word_1_577' title='bbox 2266 4343 2279 4357; x_wconf 88' lang='grc'>⁶</span> <span class='ocrx_word' id='word_1_578' title='bbox 2312 4326 2446 4396; x_wconf 81' lang='grc' dir='ltr'>πρὸς</span> <span class='ocrx_word' id='word_1_579' title='bbox 2491 4322 2912 4390; x_wconf 77' lang='grc' dir='ltr'>Φιλιππησξους,</span> <span class='ocrx_word' id='word_1_580' title='bbox 2954 4324 3000 4370; x_wconf 85' lang='grc' dir='ltr'>α’</span> <span class='ocrx_word' id='word_1_581' title='bbox 3027 4334 3041 4350; x_wconf 81' lang='grc'><em>³</em></span> <span class='ocrx_word' id='word_1_582' title='bbox 3083 4316 3221 4380; x_wconf 72' lang='grc' dir='ltr'>πρὸς</span> <span class='ocrx_word' id='word_1_583' title='bbox 3270 4308 3590 4368; x_wconf 82' lang='grc' dir='ltr'>Κολοσσαεῖς</span> <span class='ocrx_word' id='word_1_584' title='bbox 3611 4343 3624 4364; x_wconf 76' lang='grc' dir='ltr'><strong><em>ο</em></strong></span> <span class='ocrx_word' id='word_1_585' title='bbox 3655 4308 3690 4353; x_wconf 50' lang='grc' dir='ltr'><strong>α⁷</strong></span> <span class='ocrx_word' id='word_1_586' title='bbox 3711 4311 3722 4325; x_wconf 91' lang='grc'><em>’</em></span> 
     </span>
    </p>
   </div>
   <div class='ocr_carea' id='block_1_87' title="bbox 2199 4391 3720 4488">
    <p class='ocr_par' dir='ltr' id='par_1_87' title="bbox 2199 4391 3720 4488">
     <span class='ocr_line' id='line_1_88' title="bbox 2199 4391 3720 4488; baseline -0.02 -18"><span class='ocrx_word' id='word_1_587' title='bbox 2199 4417 2336 4488; x_wconf 73' lang='grc' dir='ltr'>πρὸς</span> <span class='ocrx_word' id='word_1_588' title='bbox 2359 4391 2371 4396; x_wconf 31' lang='grc' dir='ltr'>ν</span> <span class='ocrx_word' id='word_1_589' title='bbox 2395 4413 2808 4472; x_wconf 86' lang='grc' dir='ltr'>Θεσσαλονικείς</span> <span class='ocrx_word' id='word_1_590' title='bbox 2835 4451 2850 4472; x_wconf 94' lang='grc'><strong>,</strong></span> <span class='ocrx_word' id='word_1_591' title='bbox 2911 4405 2954 4478; x_wconf 81' lang='grc' dir='ltr'>β’</span> <span class='ocrx_word' id='word_1_592' title='bbox 2981 4424 2994 4438; x_wconf 87' lang='grc'><strong>·</strong></span> <span class='ocrx_word' id='word_1_593' title='bbox 3062 4405 3202 4474; x_wconf 74' lang='grc' dir='ltr'>πρὸς</span> <span class='ocrx_word' id='word_1_594' title='bbox 3255 4401 3556 4488; x_wconf 76' lang='grc' dir='ltr'>Ἐϐραίους,</span> <span class='ocrx_word' id='word_1_595' title='bbox 3576 4391 3720 4488; x_wconf 75' lang='grc' dir='ltr'>μίαν·</span> 
     </span>
    </p>
   </div>
   <div class='ocr_carea' id='block_1_88' title="bbox 2199 4483 3723 4578">
    <p class='ocr_par' dir='ltr' id='par_1_88' title="bbox 2199 4483 3723 4578">
     <span class='ocr_line' id='line_1_89' title="bbox 2199 4483 3723 4578; baseline -0.011 -22"><span class='ocrx_word' id='word_1_596' title='bbox 2199 4483 2336 4574; x_wconf 72' lang='grc' dir='ltr'>πρὸς</span> <span class='ocrx_word' id='word_1_597' title='bbox 2376 4499 2664 4578; x_wconf 74' lang='grc' dir='ltr'>Τιμόθεον,</span> <span class='ocrx_word' id='word_1_598' title='bbox 2692 4497 2741 4568; x_wconf 86' lang='grc' dir='ltr'>β’</span> <span class='ocrx_word' id='word_1_599' title='bbox 2764 4514 2776 4525; x_wconf 89' lang='grc'><strong>·</strong></span> <span class='ocrx_word' id='word_1_600' title='bbox 2811 4496 2948 4566; x_wconf 77' lang='grc' dir='ltr'>πρὸς</span> <span class='ocrx_word' id='word_1_601' title='bbox 2973 4495 3155 4556; x_wconf 84' lang='grc' dir='ltr'>Τίτον,</span> <span class='ocrx_word' id='word_1_602' title='bbox 3205 4499 3274 4544; x_wconf 85' lang='grc' dir='ltr'><strong>α’·</strong></span> <span class='ocrx_word' id='word_1_603' title='bbox 3311 4490 3443 4561; x_wconf 75' lang='grc' dir='ltr'>πρὸς</span> <span class='ocrx_word' id='word_1_604' title='bbox 3473 4483 3723 4578; x_wconf 38' lang='grc' dir='ltr'>φιλήμονιῗν</span> 
     </span>
    </p>
   </div>
   <div class='ocr_carea' id='block_1_89' title="bbox 508 4565 2089 4668">
    <p class='ocr_par' dir='ltr' id='par_1_89' title="bbox 508 4565 2086 4668">
     <span class='ocr_line' id='line_1_90' title="bbox 508 4565 2086 4668; baseline -0.005 -9"><span class='ocrx_word' id='word_1_605' title='bbox 508 4565 649 4660; x_wconf 41' lang='lat' dir='ltr'><strong>licet,</strong></span> <span class='ocrx_word' id='word_1_606' title='bbox 681 4603 829 4658; x_wconf 82' lang='lat' dir='ltr'><strong>Petri</strong></span> <span class='ocrx_word' id='word_1_607' title='bbox 879 4605 1019 4668; x_wconf 68' lang='lat' dir='ltr'><strong>duae,</strong></span> <span class='ocrx_word' id='word_1_608' title='bbox 1060 4565 1249 4658; x_wconf 75' lang='lat' dir='ltr'><strong>Jacobi</strong></span> <span class='ocrx_word' id='word_1_609' title='bbox 1302 4618 1433 4666; x_wconf 85' lang='lat' dir='ltr'><strong>una,</strong></span> <span class='ocrx_word' id='word_1_610' title='bbox 1477 4601 1708 4656; x_wconf 86' lang='lat' dir='ltr'><strong>Joannis</strong></span> <span class='ocrx_word' id='word_1_611' title='bbox 1760 4565 1892 4664; x_wconf 76' lang='lat' dir='ltr'><strong>tres,</strong></span> <span class='ocrx_word' id='word_1_612' title='bbox 1935 4565 2086 4652; x_wconf 76' lang='lat' dir='ltr'><strong>Juda:</strong></span> 
     </span>
    </p>
   </div>
   <div class='ocr_carea' id='block_1_90' title="bbox 2195 4565 3723 4668">
    <p class='ocr_par' dir='ltr' id='par_1_90' title="bbox 2197 4565 3723 4668">
     <span class='ocr_line' id='line_1_91' title="bbox 2197 4565 3723 4668; baseline -0.014 -20"><span class='ocrx_word' id='word_1_613' title='bbox 2197 4565 2267 4648; x_wconf 53' lang='lat' dir='ltr'><strong>a&#39;:</strong></span> <span class='ocrx_word' id='word_1_614' title='bbox 2313 4565 2972 4652; x_wconf 60' lang='grc' dir='ltr'>Ἐπιστολὰςκαθολικὰς</span> <span class='ocrx_word' id='word_1_615' title='bbox 3006 4583 3170 4648; x_wconf 76' lang='grc' dir='ltr'>ἑπτὰ,</span> <span class='ocrx_word' id='word_1_616' title='bbox 3209 4583 3403 4650; x_wconf 72' lang='grc' dir='ltr'>ἤγουν,</span> <span class='ocrx_word' id='word_1_617' title='bbox 3438 4576 3641 4645; x_wconf 77' lang='grc' dir='ltr'>Πέτρου.</span> 
     </span>
    </p>
   </div>
   <div class='ocr_carea' id='block_1_91' title="bbox 511 4691 2086 4767">
    <p class='ocr_par' dir='ltr' id='par_1_91' title="bbox 511 4691 2086 4767">
     <span class='ocr_line' id='line_1_92' title="bbox 511 4691 2086 4767; baseline -0.006 -15"><span class='ocrx_word' id='word_1_618' title='bbox 511 4715 656 4764; x_wconf 85' lang='lat' dir='ltr'><strong>una;</strong></span> <span class='ocrx_word' id='word_1_619' title='bbox 691 4699 1044 4754; x_wconf 78' lang='lat' dir='ltr'><strong>duasautem</strong></span> <span class='ocrx_word' id='word_1_620' title='bbox 1081 4713 1222 4767; x_wconf 86' lang='lat' dir='ltr'><strong>quas</strong></span> <span class='ocrx_word' id='word_1_621' title='bbox 1255 4697 1404 4751; x_wconf 82' lang='lat' dir='ltr'><strong>addit</strong></span> <span class='ocrx_word' id='word_1_622' title='bbox 1443 4695 1717 4764; x_wconf 85' lang='lat' dir='ltr'><strong>Epistolas</strong></span> <span class='ocrx_word' id='word_1_623' title='bbox 1752 4691 2049 4747; x_wconf 77' lang='lat' dir='ltr'><strong>Clementis</strong></span> <span class='ocrx_word' id='word_1_624' title='bbox 2071 4732 2086 4756; x_wconf 91' lang='lat'><strong>,</strong></span> 
     </span>
    </p>
   </div>
   <div class='ocr_carea' id='block_1_92' title="bbox 507 4785 2092 4859">
    <p class='ocr_par' dir='ltr' id='par_1_92' title="bbox 507 4785 2092 4859">
     <span class='ocr_line' id='line_1_93' title="bbox 507 4785 2092 4859; baseline -0.007 -12"><span class='ocrx_word' id='word_1_625' title='bbox 507 4805 562 4848; x_wconf 89' lang='lat' dir='ltr'><strong>et</strong></span> <span class='ocrx_word' id='word_1_626' title='bbox 597 4791 1032 4848; x_wconf 86' lang='lat' dir='ltr'><strong>Constitutiones</strong></span> <span class='ocrx_word' id='word_1_627' title='bbox 1065 4789 1397 4859; x_wconf 87' lang='lat' dir='ltr'><strong>apostolicas</strong></span> <span class='ocrx_word' id='word_1_628' title='bbox 1431 4789 1501 4842; x_wconf 90' lang='lat' dir='ltr'><strong>ab</strong></span> <span class='ocrx_word' id='word_1_629' title='bbox 1536 4803 1602 4841; x_wconf 88' lang='lat' dir='ltr'><strong>eo</strong></span> <span class='ocrx_word' id='word_1_630' title='bbox 1635 4785 1966 4848; x_wconf 78' lang='lat' dir='ltr'><strong>elaboratas,</strong></span> <span class='ocrx_word' id='word_1_631' title='bbox 2003 4797 2092 4837; x_wconf 88' lang='lat' dir='ltr'><strong>se-</strong></span> 
     </span>
    </p>
   </div>
   <div class='ocr_carea' id='block_1_93' title="bbox 509 4875 2092 4952">
    <p class='ocr_par' dir='ltr' id='par_1_93' title="bbox 509 4875 2092 4952">
     <span class='ocr_line' id='line_1_94' title="bbox 509 4875 2092 4952; baseline -0.008 -12"><span class='ocrx_word' id='word_1_632' title='bbox 509 4885 727 4940; x_wconf 82' lang='lat' dir='ltr'><strong>cundus</strong></span> <span class='ocrx_word' id='word_1_633' title='bbox 785 4894 971 4951; x_wconf 88' lang='lat' dir='ltr'><strong>postea</strong></span> <span class='ocrx_word' id='word_1_634' title='bbox 1005 4882 1038 4936; x_wconf 87' lang='lat'>6</span> <span class='ocrx_word' id='word_1_635' title='bbox 1082 4896 1203 4952; x_wconf 81' lang='lat' dir='ltr'><strong>syn.</strong></span> <span class='ocrx_word' id='word_1_636' title='bbox 1237 4893 1412 4934; x_wconf 89' lang='lat' dir='ltr'><strong>canon</strong></span> <span class='ocrx_word' id='word_1_637' title='bbox 1446 4886 1503 4932; x_wconf 92' lang='lat' dir='ltr'><strong>ut</strong></span> <span class='ocrx_word' id='word_1_638' title='bbox 1531 4875 1870 4932; x_wconf 85' lang='lat' dir='ltr'><strong>adulterinas</strong></span> <span class='ocrx_word' id='word_1_639' title='bbox 1913 4884 1967 4929; x_wconf 90' lang='lat' dir='ltr'><strong>ct</strong></span> <span class='ocrx_word' id='word_1_640' title='bbox 2022 4875 2092 4929; x_wconf 91' lang='lat' dir='ltr'><strong>ab</strong></span> 
     </span>
    </p>
   </div>
   <div class='ocr_carea' id='block_1_94' title="bbox 512 4968 1616 5042">
    <p class='ocr_par' dir='ltr' id='par_1_94' title="bbox 512 4968 1616 5042">
     <span class='ocr_line' id='line_1_95' title="bbox 512 4968 1616 5042; baseline -0.006 -14"><span class='ocrx_word' id='word_1_641' title='bbox 512 4972 785 5029; x_wconf 62' lang='lat' dir='ltr'><strong>hatreticis</strong></span> <span class='ocrx_word' id='word_1_642' title='bbox 817 4973 954 5027; x_wconf 78' lang='lat' dir='ltr'><strong>falso</strong></span> <span class='ocrx_word' id='word_1_643' title='bbox 987 4972 1279 5042; x_wconf 88' lang='lat' dir='ltr'><strong>inscriptas</strong></span> <span class='ocrx_word' id='word_1_644' title='bbox 1309 4968 1616 5040; x_wconf 77' lang='lat' dir='ltr'><strong>abrogavit.</strong></span> 
     </span>
    </p>
   </div>
   <div class='ocr_carea' id='block_1_95' title="bbox 585 5243 2092 5301">
    <p class='ocr_par' dir='ltr' id='par_1_95' title="bbox 585 5243 2092 5301">
     <span class='ocr_line' id='line_1_96' title="bbox 585 5243 2092 5301; baseline -0.002 -2"><span class='ocrx_word' id='word_1_645' title='bbox 585 5247 842 5301; x_wconf 79' lang='lat' dir='ltr'><strong>Eautdetu</strong></span> <span class='ocrx_word' id='word_1_646' title='bbox 876 5246 1138 5300; x_wconf 87' lang='lat' dir='ltr'><strong>librorum</strong></span> <span class='ocrx_word' id='word_1_647' title='bbox 1188 5245 1656 5299; x_wconf 85' lang='lat' dir='ltr'><strong>enumerationem</strong></span> <span class='ocrx_word' id='word_1_648' title='bbox 1709 5259 1881 5298; x_wconf 82' lang='lat' dir='ltr'><strong>canon</strong></span> <span class='ocrx_word' id='word_1_649' title='bbox 1925 5243 2092 5296; x_wconf 84' lang='lat' dir='ltr'><strong>etiam</strong></span> 
     </span>
    </p>
   </div>
   <div class='ocr_carea' id='block_1_96' title="bbox 512 5337 2090 5411">
    <p class='ocr_par' dir='ltr' id='par_1_96' title="bbox 512 5337 2090 5411">
     <span class='ocr_line' id='line_1_97' title="bbox 512 5337 2090 5411; baseline -0.003 -16"><span class='ocrx_word' id='word_1_650' title='bbox 512 5342 582 5396; x_wconf 82' lang='grc'>60</span> <span class='ocrx_word' id='word_1_651' title='bbox 650 5357 772 5411; x_wconf 75' lang='lat' dir='ltr'><strong>sytt.</strong></span> <span class='ocrx_word' id='word_1_652' title='bbox 818 5338 1040 5393; x_wconf 86' lang='lat' dir='ltr'><strong>Laodic.</strong></span> <span class='ocrx_word' id='word_1_653' title='bbox 1089 5340 1298 5405; x_wconf 87' lang='lat' dir='ltr'><strong>absque</strong></span> <span class='ocrx_word' id='word_1_654' title='bbox 1343 5338 1524 5406; x_wconf 90' lang='lat' dir='ltr'><strong>aliqua</strong></span> <span class='ocrx_word' id='word_1_655' title='bbox 1575 5337 1877 5390; x_wconf 87' lang='lat' dir='ltr'><strong>mutatione</strong></span> <span class='ocrx_word' id='word_1_656' title='bbox 1928 5337 2090 5401; x_wconf 78' lang='lat' dir='ltr'><strong>fat-it;</strong></span> 
     </span>
    </p>
   </div>
   <div class='ocr_carea' id='block_1_97' title="bbox 514 5429 2095 5501">
    <p class='ocr_par' dir='ltr' id='par_1_97' title="bbox 514 5429 2095 5501">
     <span class='ocr_line' id='line_1_98' title="bbox 514 5429 2095 5501; baseline -0.002 -14"><span class='ocrx_word' id='word_1_657' title='bbox 514 5434 618 5488; x_wconf 79' lang='lat' dir='ltr'><strong>nisi</strong></span> <span class='ocrx_word' id='word_1_658' title='bbox 652 5432 796 5501; x_wconf 83' lang='lat' dir='ltr'><strong>quod</strong></span> <span class='ocrx_word' id='word_1_659' title='bbox 832 5431 979 5484; x_wconf 87' lang='lat' dir='ltr'><strong>nulla</strong></span> <span class='ocrx_word' id='word_1_660' title='bbox 1015 5429 1158 5484; x_wconf 80' lang='lat' dir='ltr'><strong>facta</strong></span> <span class='ocrx_word' id='word_1_661' title='bbox 1190 5430 1259 5483; x_wconf 90' lang='lat' dir='ltr'><strong>sit</strong></span> <span class='ocrx_word' id='word_1_662' title='bbox 1291 5430 1497 5484; x_wconf 89' lang='lat' dir='ltr'><strong>mentio</strong></span> <span class='ocrx_word' id='word_1_663' title='bbox 1525 5429 1692 5499; x_wconf 89' lang='lat' dir='ltr'><strong>epist.</strong></span> <span class='ocrx_word' id='word_1_664' title='bbox 1736 5437 1791 5484; x_wconf 86' lang='lat' dir='ltr'><strong>et</strong></span> <span class='ocrx_word' id='word_1_665' title='bbox 1822 5431 2095 5486; x_wconf 85' lang='lat' dir='ltr'><strong>constitu-</strong></span> 
     </span>
    </p>
   </div>
   <div class='ocr_carea' id='block_1_98' title="bbox 511 5523 1065 5582">
    <p class='ocr_par' dir='ltr' id='par_1_98' title="bbox 511 5523 1065 5582">
     <span class='ocr_line' id='line_1_99' title="bbox 511 5523 1065 5582; baseline -0.013 0"><span class='ocrx_word' id='word_1_666' title='bbox 511 5532 719 5582; x_wconf 89' lang='lat' dir='ltr'><strong>tionum</strong></span> <span class='ocrx_word' id='word_1_667' title='bbox 746 5523 1065 5579; x_wconf 79' lang='lat' dir='ltr'><strong>Clementis.</strong></span> 
     </span>
    </p>
   </div>
   <div class='ocr_carea' id='block_1_99' title="bbox 582 5614 2099 5688">
    <p class='ocr_par' dir='ltr' id='par_1_99' title="bbox 582 5614 2099 5688">
     <span class='ocr_line' id='line_1_100' title="bbox 582 5614 2099 5688; baseline -0.001 -15"><span class='ocrx_word' id='word_1_668' title='bbox 582 5619 685 5688; x_wconf 82' lang='lat'><strong>57</strong></span> <span class='ocrx_word' id='word_1_669' title='bbox 717 5618 946 5672; x_wconf 78' lang='lat' dir='ltr'><strong>Eosdem</strong></span> <span class='ocrx_word' id='word_1_670' title='bbox 992 5616 1161 5671; x_wconf 83' lang='lat' dir='ltr'><strong>libros</strong></span> <span class='ocrx_word' id='word_1_671' title='bbox 1207 5624 1489 5668; x_wconf 83' lang='lat' dir='ltr'><strong>enumerat</strong></span> <span class='ocrx_word' id='word_1_672' title='bbox 1532 5631 1654 5669; x_wconf 89' lang='lat' dir='ltr'><strong>can.</strong></span> <span class='ocrx_word' id='word_1_673' title='bbox 1697 5614 1767 5672; x_wconf 67' lang='grc'><strong>94</strong></span> <span class='ocrx_word' id='word_1_674' title='bbox 1795 5633 1918 5687; x_wconf 87' lang='lat' dir='ltr'><strong>syn.</strong></span> <span class='ocrx_word' id='word_1_675' title='bbox 1967 5617 2099 5671; x_wconf 71' lang='lat' dir='ltr'><strong>Car-</strong></span> 
     </span>
    </p>
   </div>
   <div class='ocr_carea' id='block_1_100' title="bbox 510 5707 2098 5782">
    <p class='ocr_par' dir='ltr' id='par_1_100' title="bbox 510 5707 2098 5782">
     <span class='ocr_line' id='line_1_101' title="bbox 510 5707 2098 5782; baseline -0.004 -15"><span class='ocrx_word' id='word_1_676' title='bbox 510 5716 685 5782; x_wconf 72' lang='lat' dir='ltr'><strong>t&#39;mg;</strong></span> <span class='ocrx_word' id='word_1_677' title='bbox 718 5722 790 5773; x_wconf 90' lang='lat' dir='ltr'><strong>ct,</strong></span> <span class='ocrx_word' id='word_1_678' title='bbox 825 5708 1027 5762; x_wconf 67' lang='lat' dir='ltr'><strong>Praeter</strong></span> <span class='ocrx_word' id='word_1_679' title='bbox 1064 5709 1182 5772; x_wconf 89' lang='lat' dir='ltr'><strong>has,</strong></span> <span class='ocrx_word' id='word_1_680' title='bbox 1223 5708 1418 5776; x_wconf 87' lang='lat' dir='ltr'><strong>inquit,</strong></span> <span class='ocrx_word' id='word_1_681' title='bbox 1453 5707 1748 5763; x_wconf 86' lang='lat' dir='ltr'><strong>cauonicas</strong></span> <span class='ocrx_word' id='word_1_682' title='bbox 1795 5709 2098 5775; x_wconf 78' lang='lat' dir='ltr'><strong>scripturas</strong></span> 
     </span>
    </p>
   </div>
   <div class='ocr_carea' id='block_1_101' title="bbox 511 5799 2095 5870">
    <p class='ocr_par' dir='ltr' id='par_1_101' title="bbox 511 5799 2095 5870">
     <span class='ocr_line' id='line_1_102' title="bbox 511 5799 2095 5870; baseline -0.003 -12"><span class='ocrx_word' id='word_1_683' title='bbox 511 5822 543 5858; x_wconf 93' lang='lat' dir='ltr'><strong>n</strong></span> <span class='ocrx_word' id='word_1_684' title='bbox 575 5805 720 5857; x_wconf 80' lang='lat' dir='ltr'><strong>hliu</strong></span> <span class='ocrx_word' id='word_1_685' title='bbox 777 5802 1005 5857; x_wconf 79' lang='lat' dir='ltr'><strong>ecclesia</strong></span> <span class='ocrx_word' id='word_1_686' title='bbox 1053 5799 1283 5870; x_wconf 73' lang='lat' dir='ltr'><strong>legatur.</strong></span> <span class='ocrx_word' id='word_1_687' title='bbox 1332 5801 1494 5854; x_wconf 85' lang='lat' dir='ltr'><strong>Addit</strong></span> <span class='ocrx_word' id='word_1_688' title='bbox 1528 5811 1712 5857; x_wconf 82' lang='lat' dir='ltr'><strong>autem</strong></span> <span class='ocrx_word' id='word_1_689' title='bbox 1749 5802 1838 5858; x_wconf 87' lang='lat' dir='ltr'><strong>ille</strong></span> <span class='ocrx_word' id='word_1_690' title='bbox 1883 5799 2095 5864; x_wconf 83' lang='lat' dir='ltr'><strong>Judith,</strong></span> 
     </span>
    </p>
   </div>
   <div class='ocr_carea' id='block_1_102' title="bbox 512 5892 1525 5966">
    <p class='ocr_par' dir='ltr' id='par_1_102' title="bbox 512 5892 1525 5966">
     <span class='ocr_line' id='line_1_103' title="bbox 512 5892 1525 5966; baseline -0.002 -16"><span class='ocrx_word' id='word_1_691' title='bbox 512 5897 762 5963; x_wconf 77' lang='lat' dir='ltr'><strong>Tobiam,</strong></span> <span class='ocrx_word' id='word_1_692' title='bbox 797 5907 848 5950; x_wconf 81' lang='lat' dir='ltr'><strong>et</strong></span> <span class='ocrx_word' id='word_1_693' title='bbox 880 5894 1240 5966; x_wconf 77' lang='lat' dir='ltr'><strong>Apocalypsin</strong></span> <span class='ocrx_word' id='word_1_694' title='bbox 1276 5892 1525 5950; x_wconf 77' lang='lat' dir='ltr'><strong>Joannis.</strong></span> 
     </span>
    </p>
   </div>
   <div class='ocr_carea' id='block_1_103' title="bbox 2209 4654 3722 4750">
    <p class='ocr_par' dir='ltr' id='par_1_103' title="bbox 2209 4654 3722 4750">
     <span class='ocr_line' id='line_1_104' title="bbox 2209 4654 3722 4750; baseline -0.01 -12"><span class='ocrx_word' id='word_1_695' title='bbox 2209 4681 2469 4738; x_wconf 82' lang='grc' dir='ltr'>Ἰακώϐου</span> <span class='ocrx_word' id='word_1_696' title='bbox 2497 4722 2510 4746; x_wconf 94' lang='grc'><strong>,</strong></span> <span class='ocrx_word' id='word_1_697' title='bbox 2555 4681 2719 4750; x_wconf 56' lang='grc' dir='ltr'>μίαν</span> <span class='ocrx_word' id='word_1_698' title='bbox 2784 4679 3034 4732; x_wconf 77' lang='grc' dir='ltr'>Ἰωάννου</span> <span class='ocrx_word' id='word_1_699' title='bbox 3091 4681 3138 4744; x_wconf 80' lang='grc' dir='ltr'>γ’</span> <span class='ocrx_word' id='word_1_700' title='bbox 3157 4692 3173 4708; x_wconf 77' lang='grc' dir='ltr'><strong>ο</strong></span> <span class='ocrx_word' id='word_1_701' title='bbox 3219 4673 3384 4727; x_wconf 85' lang='grc' dir='ltr'>Ἰούδα</span> <span class='ocrx_word' id='word_1_702' title='bbox 3408 4711 3424 4736; x_wconf 93' lang='grc'><strong>,</strong></span> <span class='ocrx_word' id='word_1_703' title='bbox 3476 4665 3539 4722; x_wconf 86' lang='grc' dir='ltr'>α’.</span> <span class='ocrx_word' id='word_1_704' title='bbox 3571 4664 3652 4724; x_wconf 81' lang='grc' dir='ltr'>Ἀς</span> <span class='ocrx_word' id='word_1_705' title='bbox 3677 4654 3722 4750; x_wconf 34' lang='grc' dir='ltr'><strong>δὲ</strong></span> 
     </span>
    </p>
   </div>
   <div class='ocr_carea' id='block_1_104' title="bbox 2193 4747 3722 4848">
    <p class='ocr_par' dir='ltr' id='par_1_104' title="bbox 2193 4747 3722 4848">
     <span class='ocr_line' id='line_1_105' title="bbox 2193 4747 3722 4848; baseline -0.011 -16"><span class='ocrx_word' id='word_1_706' title='bbox 2193 4774 2522 4848; x_wconf 81' lang='grc' dir='ltr'>προστίθησι</span> <span class='ocrx_word' id='word_1_707' title='bbox 2554 4773 2643 4826; x_wconf 72' lang='grc' dir='ltr'><strong>διὰ</strong></span> <span class='ocrx_word' id='word_1_708' title='bbox 2688 4771 2782 4826; x_wconf 83' lang='grc' dir='ltr'>τοῦ</span> <span class='ocrx_word' id='word_1_709' title='bbox 2834 4771 3151 4836; x_wconf 79' lang='grc' dir='ltr'>Κλήμεντος</span> <span class='ocrx_word' id='word_1_710' title='bbox 3201 4767 3293 4820; x_wconf 77' lang='grc' dir='ltr'><strong>δύο</strong></span> <span class='ocrx_word' id='word_1_711' title='bbox 3327 4760 3615 4817; x_wconf 71' lang='grc' dir='ltr'>ἐπιστολὰς.</span> <span class='ocrx_word' id='word_1_712' title='bbox 3650 4747 3722 4803; x_wconf 62' lang='grc' dir='ltr'><strong>καὶ</strong></span> 
     </span>
    </p>
   </div>
   <div class='ocr_carea' id='block_1_105' title="bbox 2192 4845 3717 4935">
    <p class='ocr_par' dir='ltr' id='par_1_105' title="bbox 2192 4845 3717 4935">
     <span class='ocr_line' id='line_1_106' title="bbox 2192 4845 3717 4935; baseline -0.018 -13"><span class='ocrx_word' id='word_1_713' title='bbox 2192 4869 2292 4932; x_wconf 79' lang='grc' dir='ltr'><strong>τὰς</strong></span> <span class='ocrx_word' id='word_1_714' title='bbox 2352 4865 2681 4935; x_wconf 79' lang='grc' dir='ltr'>πονηθείσας</span> <span class='ocrx_word' id='word_1_715' title='bbox 2727 4861 2903 4931; x_wconf 79' lang='grc' dir='ltr'>τούτῳ</span> <span class='ocrx_word' id='word_1_716' title='bbox 2950 4859 3236 4925; x_wconf 77' lang='grc' dir='ltr'>Διατάξεις</span> <span class='ocrx_word' id='word_1_717' title='bbox 3269 4857 3376 4910; x_wconf 74' lang='grc' dir='ltr'><strong>τῶν</strong></span> <span class='ocrx_word' id='word_1_718' title='bbox 3424 4845 3717 4906; x_wconf 75' lang='grc' dir='ltr'>ἀποστόλων.</span> 
     </span>
    </p>
   </div>
   <div class='ocr_carea' id='block_1_106' title="bbox 2194 4932 3719 5028">
    <p class='ocr_par' dir='ltr' id='par_1_106' title="bbox 2194 4932 3719 5028">
     <span class='ocr_line' id='line_1_107' title="bbox 2194 4932 3719 5028; baseline -0.014 -18"><span class='ocrx_word' id='word_1_719' title='bbox 2194 4959 2421 5028; x_wconf 81' lang='grc' dir='ltr'>ὓστερον</span> <span class='ocrx_word' id='word_1_720' title='bbox 2539 4954 2639 5023; x_wconf 80' lang='grc' dir='ltr'>τῆς</span> <span class='ocrx_word' id='word_1_721' title='bbox 2676 4950 2729 5016; x_wconf 81' lang='grc' dir='ltr'>ς’</span> <span class='ocrx_word' id='word_1_722' title='bbox 2775 4951 2996 5004; x_wconf 84' lang='grc' dir='ltr'>συνόδου</span> <span class='ocrx_word' id='word_1_723' title='bbox 3040 4948 3082 5021; x_wconf 89' lang='grc' dir='ltr'>β’</span> <span class='ocrx_word' id='word_1_724' title='bbox 3119 4949 3300 5002; x_wconf 83' lang='grc' dir='ltr'>κανὼν</span> <span class='ocrx_word' id='word_1_725' title='bbox 3351 4940 3637 5014; x_wconf 80' lang='grc' dir='ltr'>διέγραψεν.</span> <span class='ocrx_word' id='word_1_726' title='bbox 3664 4932 3719 4990; x_wconf 85' lang='grc' dir='ltr'><strong>ὡς</strong></span> 
     </span>
    </p>
   </div>
   <div class='ocr_carea' id='block_1_107' title="bbox 2195 5032 3718 5116">
    <p class='ocr_par' dir='ltr' id='par_1_107' title="bbox 2195 5032 3718 5116">
     <span class='ocr_line' id='line_1_108' title="bbox 2195 5032 3718 5116; baseline -0.012 -11"><span class='ocrx_word' id='word_1_727' title='bbox 2195 5051 2331 5104; x_wconf 85' lang='grc' dir='ltr'>πολὺ</span> <span class='ocrx_word' id='word_1_728' title='bbox 2378 5050 2440 5102; x_wconf 73' lang='grc' dir='ltr'>τὸ</span> <span class='ocrx_word' id='word_1_729' title='bbox 2489 5046 2644 5101; x_wconf 82' lang='grc' dir='ltr'>νόθον</span> <span class='ocrx_word' id='word_1_730' title='bbox 2684 5044 2823 5116; x_wconf 81' lang='grc' dir='ltr'>πρὸς</span> <span class='ocrx_word' id='word_1_731' title='bbox 2864 5043 2971 5095; x_wconf 80' lang='grc' dir='ltr'>τῶν</span> <span class='ocrx_word' id='word_1_732' title='bbox 3001 5040 3298 5112; x_wconf 83' lang='grc' dir='ltr'>αἱρετικῶν</span> <span class='ocrx_word' id='word_1_733' title='bbox 3339 5040 3430 5094; x_wconf 78' lang='grc' dir='ltr'>καὶ</span> <span class='ocrx_word' id='word_1_734' title='bbox 3453 5032 3718 5104; x_wconf 72' lang='grc' dir='ltr'>παρέγγρα-</span> 
     </span>
    </p>
   </div>
   <div class='ocr_carea' id='block_1_108' title="bbox 2195 5139 2695 5208">
    <p class='ocr_par' dir='ltr' id='par_1_108' title="bbox 2195 5139 2695 5208">
     <span class='ocr_line' id='line_1_109' title="bbox 2195 5139 2695 5208; baseline -0.01 -13"><span class='ocrx_word' id='word_1_735' title='bbox 2195 5159 2329 5196; x_wconf 85' lang='grc' dir='ltr'>πτον</span> <span class='ocrx_word' id='word_1_736' title='bbox 2366 5139 2695 5208; x_wconf 77' lang='grc' dir='ltr'>δεξαμένας.</span> 
     </span>
    </p>
   </div>
   <div class='ocr_carea' id='block_1_109' title="bbox 2267 5213 3720 5299">
    <p class='ocr_par' dir='ltr' id='par_1_109' title="bbox 2267 5213 3720 5299">
     <span class='ocr_line' id='line_1_110' title="bbox 2267 5213 3720 5299; baseline -0.018 -12"><span class='ocrx_word' id='word_1_737' title='bbox 2267 5232 2546 5299; x_wconf 79' lang='grc' dir='ltr'>Τοιαύτην</span> <span class='ocrx_word' id='word_1_738' title='bbox 2601 5227 3042 5297; x_wconf 63' lang='grc' dir='ltr'>ἀπαραλλάκτως</span> <span class='ocrx_word' id='word_1_739' title='bbox 3093 5223 3204 5277; x_wconf 82' lang='grc' dir='ltr'><strong>τῶν</strong></span> <span class='ocrx_word' id='word_1_740' title='bbox 3267 5223 3482 5294; x_wconf 89' lang='grc' dir='ltr'>βιϐλίων</span> <span class='ocrx_word' id='word_1_741' title='bbox 3528 5213 3720 5269; x_wconf 70' lang='grc' dir='ltr'>ποιεῖται</span> 
     </span>
    </p>
   </div>
   <div class='ocr_carea' id='block_1_110' title="bbox 2195 5303 3718 5398">
    <p class='ocr_par' dir='ltr' id='par_1_110' title="bbox 2195 5303 3718 5398">
     <span class='ocr_line' id='line_1_111' title="bbox 2195 5303 3718 5398; baseline -0.018 -20"><span class='ocrx_word' id='word_1_742' title='bbox 2195 5327 2296 5398; x_wconf 78' lang='grc' dir='ltr'>τὴν</span> <span class='ocrx_word' id='word_1_743' title='bbox 2330 5323 2709 5394; x_wconf 74' lang='grc' dir='ltr'>ἀπαρίθμησιν</span> <span class='ocrx_word' id='word_1_744' title='bbox 2744 5321 2838 5372; x_wconf 77' lang='grc' dir='ltr'><strong>καὶ</strong></span> <span class='ocrx_word' id='word_1_745' title='bbox 2867 5321 2894 5371; x_wconf 85' lang='grc' dir='ltr'>ὁ</span> <span class='ocrx_word' id='word_1_746' title='bbox 2926 5317 2968 5382; x_wconf 81' lang='grc' dir='ltr'><strong>ξ’</strong></span> <span class='ocrx_word' id='word_1_747' title='bbox 3009 5318 3107 5385; x_wconf 72' lang='grc' dir='ltr'>τῆς</span> <span class='ocrx_word' id='word_1_748' title='bbox 3156 5319 3213 5370; x_wconf 76' lang='grc' dir='ltr'>ἐν</span> <span class='ocrx_word' id='word_1_749' title='bbox 3242 5313 3524 5370; x_wconf 61' lang='grc' dir='ltr'>Λαοδικείᾳ</span> <span class='ocrx_word' id='word_1_750' title='bbox 3557 5303 3718 5360; x_wconf 74' lang='grc' dir='ltr'>κανὼν,</span> 
     </span>
    </p>
   </div>
   <div class='ocr_carea' id='block_1_111' title="bbox 2196 5397 3720 5482">
    <p class='ocr_par' dir='ltr' id='par_1_111' title="bbox 2196 5397 3720 5482">
     <span class='ocr_line' id='line_1_112' title="bbox 2196 5397 3720 5482; baseline -0.018 -6"><span class='ocrx_word' id='word_1_751' title='bbox 2196 5397 2324 5476; x_wconf 80' lang='grc' dir='ltr'>ἄνευ</span> <span class='ocrx_word' id='word_1_752' title='bbox 2360 5417 2466 5471; x_wconf 78' lang='grc' dir='ltr'><strong>τῶν</strong></span> <span class='ocrx_word' id='word_1_753' title='bbox 2496 5417 2583 5468; x_wconf 76' lang='grc' dir='ltr'>διὰ</span> <span class='ocrx_word' id='word_1_754' title='bbox 2617 5414 2712 5468; x_wconf 84' lang='grc' dir='ltr'>τοῦ</span> <span class='ocrx_word' id='word_1_755' title='bbox 2754 5413 3074 5482; x_wconf 77' lang='grc' dir='ltr'>Κλήμεντος</span> <span class='ocrx_word' id='word_1_756' title='bbox 3107 5407 3404 5462; x_wconf 81' lang='grc' dir='ltr'>ἐπιστολῶν</span> <span class='ocrx_word' id='word_1_757' title='bbox 3445 5423 3496 5458; x_wconf 82' lang='grc' dir='ltr'><strong>τε</strong></span> <span class='ocrx_word' id='word_1_758' title='bbox 3526 5403 3607 5454; x_wconf 81' lang='grc' dir='ltr'>καὶ</span> <span class='ocrx_word' id='word_1_759' title='bbox 3635 5397 3720 5450; x_wconf 77' lang='grc' dir='ltr'>δια·</span> 
     </span>
    </p>
   </div>
   <div class='ocr_carea' id='block_1_112' title="bbox 2198 5512 2421 5576">
    <p class='ocr_par' dir='ltr' id='par_1_112' title="bbox 2198 5512 2421 5576">
     <span class='ocr_line' id='line_1_113' title="bbox 2198 5512 2421 5576; baseline -0.018 -9"><span class='ocrx_word' id='word_1_760' title='bbox 2198 5512 2421 5576; x_wconf 74' lang='grc' dir='ltr'>τάξεων.</span> 
     </span>
    </p>
   </div>
   <div class='ocr_carea' id='block_1_113' title="bbox 2282 5584 3716 5675">
    <p class='ocr_par' dir='ltr' id='par_1_113' title="bbox 2282 5584 3716 5675">
     <span class='ocr_line' id='line_1_114' title="bbox 2282 5584 3716 5675; baseline -0.011 -14"><span class='ocrx_word' id='word_1_761' title='bbox 2282 5605 2535 5675; x_wconf 74' lang='grc' dir='ltr'>’Δριθμεί</span> <span class='ocrx_word' id='word_1_762' title='bbox 2581 5603 2636 5655; x_wconf 80' lang='grc' dir='ltr'>δὲ</span> <span class='ocrx_word' id='word_1_763' title='bbox 2685 5603 2860 5656; x_wconf 75' lang='grc' dir='ltr'>ταῦτα</span> <span class='ocrx_word' id='word_1_764' title='bbox 2891 5603 2984 5656; x_wconf 75' lang='grc' dir='ltr'>καὶ</span> <span class='ocrx_word' id='word_1_765' title='bbox 3016 5603 3044 5656; x_wconf 86' lang='grc' dir='ltr'><strong>ὁ</strong></span> <span class='ocrx_word' id='word_1_766' title='bbox 3073 5601 3152 5654; x_wconf 89' lang='grc' dir='ltr'>κδ’</span> <span class='ocrx_word' id='word_1_767' title='bbox 3201 5602 3295 5668; x_wconf 80' lang='grc' dir='ltr'><strong>τῆς</strong></span> <span class='ocrx_word' id='word_1_768' title='bbox 3323 5598 3378 5648; x_wconf 71' lang='grc' dir='ltr'>ἐν</span> <span class='ocrx_word' id='word_1_769' title='bbox 3401 5584 3716 5659; x_wconf 67' lang='grc' dir='ltr'><strong>Καρθ-ιγέ“θῃ’</strong></span> 
     </span>
    </p>
   </div>
   <div class='ocr_carea' id='block_1_114' title="bbox 2200 5675 3716 5764">
    <p class='ocr_par' dir='ltr' id='par_1_114' title="bbox 2200 5675 3716 5764">
     <span class='ocr_line' id='line_1_115' title="bbox 2200 5675 3716 5764; baseline -0.015 -9"><span class='ocrx_word' id='word_1_770' title='bbox 2200 5702 2308 5755; x_wconf 73' lang='grc' dir='ltr'><strong>Καὶ</strong></span> <span class='ocrx_word' id='word_1_771' title='bbox 2344 5699 2452 5751; x_wconf 80' lang='grc' dir='ltr'>τῶν</span> <span class='ocrx_word' id='word_1_772' title='bbox 2493 5695 2816 5758; x_wconf 66' lang='grc' dir='ltr'>κανονικῶν,</span> <span class='ocrx_word' id='word_1_773' title='bbox 2878 5695 3062 5764; x_wconf 72' lang='grc' dir='ltr'>φησὶν,</span> <span class='ocrx_word' id='word_1_774' title='bbox 3096 5693 3250 5755; x_wconf 78' lang='grc' dir='ltr'>ὲκτδς</span> <span class='ocrx_word' id='word_1_775' title='bbox 3283 5689 3476 5744; x_wconf 76' lang='grc' dir='ltr'>τούτων</span> <span class='ocrx_word' id='word_1_776' title='bbox 3508 5675 3716 5750; x_wconf 71' lang='grc' dir='ltr'><strong>Γραφῶνο</strong></span> 
     </span>
    </p>
   </div>
   <div class='ocr_carea' id='block_1_115' title="bbox 2206 5768 3716 5860">
    <p class='ocr_par' dir='ltr' id='par_1_115' title="bbox 2206 5768 3716 5860">
     <span class='ocr_line' id='line_1_116' title="bbox 2206 5768 3716 5860; baseline -0.016 -19"><span class='ocrx_word' id='word_1_777' title='bbox 2206 5791 2370 5860; x_wconf 67' lang='grc' dir='ltr'>μηδὲν</span> <span class='ocrx_word' id='word_1_778' title='bbox 2421 5787 2508 5838; x_wconf 74' lang='grc' dir='ltr'><strong>ἐπ’</strong></span> <span class='ocrx_word' id='word_1_779' title='bbox 2559 5786 2856 5855; x_wconf 79' lang='grc' dir='ltr'>ἐκκλησίας</span> <span class='ocrx_word' id='word_1_780' title='bbox 2906 5783 3388 5854; x_wconf 67' lang='grc' dir='ltr'>ἁναγινωσκέσοω.</span> <span class='ocrx_word' id='word_1_781' title='bbox 3434 5768 3716 5845; x_wconf 68' lang='grc' dir='ltr'>Προστίοησι</span> 
     </span>
    </p>
   </div>
   <div class='ocr_carea' id='block_1_116' title="bbox 2201 5864 3714 5950">
    <p class='ocr_par' dir='ltr' id='par_1_116' title="bbox 2201 5864 3714 5950">
     <span class='ocr_line' id='line_1_117' title="bbox 2201 5864 3714 5950; baseline -0.012 -14"><span class='ocrx_word' id='word_1_782' title='bbox 2201 5885 2254 5937; x_wconf 73' lang='grc' dir='ltr'>δὲ</span> <span class='ocrx_word' id='word_1_783' title='bbox 2290 5878 2442 5943; x_wconf 71' lang='grc' dir='ltr'>οὗτος</span> <span class='ocrx_word' id='word_1_784' title='bbox 2473 5880 2564 5932; x_wconf 68' lang='grc' dir='ltr'>καὶ</span> <span class='ocrx_word' id='word_1_785' title='bbox 2598 5879 2693 5949; x_wconf 77' lang='grc' dir='ltr'>τὴν</span> <span class='ocrx_word' id='word_1_786' title='bbox 2725 5878 2946 5950; x_wconf 75' lang='grc' dir='ltr'>Ἰονδὴο,</span> <span class='ocrx_word' id='word_1_787' title='bbox 2978 5879 3064 5931; x_wconf 73' lang='grc' dir='ltr'><strong>τὸν</strong></span> <span class='ocrx_word' id='word_1_788' title='bbox 3100 5878 3333 5942; x_wconf 72' lang='grc' dir='ltr'>Τωϐίαν,</span> <span class='ocrx_word' id='word_1_789' title='bbox 3363 5875 3450 5928; x_wconf 58' lang='grc' dir='ltr'>κατ.</span> <span class='ocrx_word' id='word_1_790' title='bbox 3471 5869 3553 5937; x_wconf 79' lang='grc' dir='ltr'>τὴν</span> <span class='ocrx_word' id='word_1_791' title='bbox 3589 5864 3714 5915; x_wconf 76' lang='grc' dir='ltr'><strong>Ἀπο·</strong></span> 
     </span>
    </p>
   </div>
   <div class='ocr_carea' id='block_1_117' title="bbox 2205 5973 2751 6027">
    <p class='ocr_par' dir='ltr' id='par_1_117' title="bbox 2205 5973 2751 6027">
     <span class='ocr_line' id='line_1_118' title="bbox 2205 5973 2751 6027; baseline -0.009 0"><span class='ocrx_word' id='word_1_792' title='bbox 2205 5973 2440 6027; x_wconf 64' lang='grc' dir='ltr'>κᾶλυιιιν</span> <span class='ocrx_word' id='word_1_793' title='bbox 2479 5973 2601 6025; x_wconf 80' lang='grc' dir='ltr'><strong>’1ωὰ</strong></span> <span class='ocrx_word' id='word_1_794' title='bbox 2617 5988 2751 6025; x_wconf 73' lang='grc' dir='ltr'>ινον.</span> 
     </span>
    </p>
   </div>
  </div>
