3992 6464
340 378 483 446 li“
1339 383 1754 447 SYNTAGMA
1800 380 2531 448 ALPHABETICUM.—
2571 382 2643 444 Β.
3478 376 3639 444 Ili?

418 494 484 548 '0
513 497 597 551 6?
621 493 722 568 μς¹
754 498 849 553 καὶ
882 490 965 555 ταί
980 500 1200 574 ύπομνή
1211 522 1358 573 ματα
1409 505 1519 558 τῶν
1568 504 1929 577 μαρτυρικῶν
1959 505 1994 562 Α

2099 501 2291 558 Canon
2345 511 2527 556 autem
2594 500 2663 555 46
2697 498 3249 558 eommemorationes
3301 496 3626 569 passionum

336 588 687 660 παθημάτων
736 595 792 646 ἐν
823 596 940 656 ταῖς
967 597 1214 667 ἐτησίαις
1235 597 1417 652 αι’γτῶν
1444 597 1912 668 ἀναγινώσκεσθαι

2054 594 2456 666 nartyricarum
2520 593 2575 648 in
2645 593 3042 649 anniversariis
3103 607 3293 647 eorum
3339 588 3630 644 memoriis

339 682 589 750 μνήμαις
643 683 980 754 διορίζεται·
1044 688 1220 760 ταύτῃ
1253 706 1335 743 τοι
1386 691 1479 744 καὶ
1508 692 1577 744 τὰ
1636 689 1788 762 παρὰ
1816 690 1915 744 τῶν

2054 685 2134 756 egi
2183 685 2452 741 decernit.
2487 684 2672 752 Quare
2719 694 2777 739 et
2812 698 2936 754 qua:
2965 697 2997 738 a
3030 681 3238 738 sanctis
3268 680 3522 734 Patrihus
3573 690 3630 731 ct

333 772 515 838 ἁγίων
549 774 815 844 Πατέρων
849 779 943 831 καὶ
986 778 1338 848 ὁμολογητῶν
1369 782 1777 851 συγγραφέντα,
1802 786 1803 789 “
1829 782 1909 834 καΊ

2048 776 2443 832 :onfessoribus
2496 776 2813 845 conscripta
2845 785 2996 839 sunt,
3049 775 3228 845 legere
3259 781 3313 828 et
3366 770 3624 840 amplecti

332 862 735 932 ἀναγινώσκειν
759 867 897 931 δέον,
922 872 1014 923 καὶ
1038 871 1511 938 κατασπάζεσθαι,
1539 872 1636 927 ἁτε
1668 872 1802 944 πρὸς
1825 872 1908 943 τὴι

2049 875 2260 938 ιροτιεῑ.
2287 878 2348 923 ιιι
2376 883 2502 938 qua:
2534 882 2636 924 nos
2669 866 2736 923 ad
2773 882 2956 923 veram
2991 876 3045 923 et
3070 865 3433 922 orthodoxam
3466 863 3625 917 iidem

332 955 600 1028 ἀληθινήν
631 958 728 1012 καὶ
756 959 1037 1031 ὀρθόδοξον
1072 964 1260 1017 πίστιν
1279 965 1437 1035 ’ἡμᾶς
1476 965 1774 1033 ἀνάγοντα.
2021 961 2347 1031 perducant.

418 1047 480 1101 '0
513 1049 571 1102 δὲ
613 1050 786 1120 μέγας
816 1051 1138 1119 Ἀθανάσιος
1193 1054 1301 1108 τῶν
1337 1056 1436 1126 μὲν
1462 1058 1577 1120 τοῖς
1622 1058 1921 1124 αἱρετικοῖς

2093 1051 2327 1122 Magnus
2396 1060 2580 1108 autem
2642 1050 2983 1108 Athanasius
3041 1049 3346 1111 librorum,
3407 1047 3500 1114 qui
3561 1048 3630 1099 ah

332 1142 688 1210 πονηθέντων
723 1145 817 1198 καὶ
843 1145 1265 1215 ὀνομαζομένων
1298 1149 1436 1219 πρὸς
1461 1149 1641 1202 αὐτῶν
1679 1150 1908 1216 ἀποκρύι

2045 1145 2297 1200 iaereticis
2356 1143 2654 1214 conscripti
2690 1153 2745 1199 et
2792 1142 3089 1214 apocryphi
3127 1139 3397 1195 nominati
3436 1148 3621 1201 erant,

334 1248 460 1299 φων
505 1233 778 1305 ἀπείρηκε
803 1235 919 1307 ’τὴν
946 1237 1292 1306 ἀνάγνωσιν·
1318 1240 1426 1292 τῶν
1460 1240 1517 1293 δὲ
1550 1240 1686 1301 τέως
1729 1240 1910 1311 ρηθέν-

2068 1237 2330 1291 ιειίοιιειιιο
2376 1237 2662 1309 prohibet,
2714 1245 2771 1291 et
2825 1234 3026 1289 deinde
3084 1230 3375 1303 praedictos
3430 1243 3644 1284 sacros‘

332 1338 448 1376 των
488 1323 653 1392 ἱερῶν
689 1326 915 1395 βιϐλίων
971 1329 1168 1399 ὁμοίαν
1218 1332 1313 1385 καὶ
1347 1324 1503 1396 οὗτος
1533 1336 1770 1386 ποιεῖται
1821 1334 1908 1403 τὴι

2047 1329 2193 1385 ibros
2226 1330 2343 1400 ipse
2371 1330 2625 1386 similiter
2664 1334 2977 1385 enumerat.
3026 1324 3140 1380 Hos
3169 1323 3316 1379 enim
3351 1337 3445 1392 per
3477 1323 3623 1375 (livi-

333 1419 744 1491 ἀπαρίθμησιν.
778 1422 968 1480 Ταῦτα
1017 1427 1128 1498 γὰρ
1157 1428 1400 1500 ἐπινοίᾳ,
1461 1428 1622 1500 φησὶ,
1668 1430 1909 1503 θειοτέρα

2048 1439 2175 1488 iam,
2206 1423 2406 1493 inquit,
2455 1422 2877 1493 inspirationem
2926 1419 3270 1487 conscriptos
3324 1414 3624 1470 credimus.

332 1513 652 1582 γεγράφθαι
680 1519 1045 1589 πιστεύομεν·
1079 1521 1174 1576 καὶ
1209 1521 1309 1592 τῆς
1341 1521 1590 1587 Παλαιᾶς
1642 1522 1908 1592 Διαθήκης

2072 1517 2166 1572 icit
2200 1516 2369 1571 etiam
2402 1516 2578 1572 libros
2623 1530 2748 1571 esse
2798 1513 3016 1568 Veteris
3064 1511 3403 1566 Testamenti
3435 1508 3648 1580 viginti»,

334 1599 425 1671 κβ⁹
466 1595 607 1656 εἶναι
656 1604 876 1674 βίϐλους
924 1607 1035 1663 τῶν
1081 1609 1215 1681 παρ’
1264 1610 1540 1681 Ἑϐραίοις
1592 1612 1910 1683 ίσαρίθμους

2062 1623 2180 1673 uos,
2203 1609 2559 1665 Hebraeorum
2577 1607 2777 1663 litteris
2808 1619 3045 1661 numero
3070 1604 3311 1672 aequales
3343 1620 3357 1657 :
3388 1613 3638 1672 quatuor

331 1697 704 1765 γραςιμάτων.
741 1698 853 1763 Τὰς
877 1700 988 1771 γὰρ
1017 1704 1293 1773 τέσσαρας
1319 1702 1430 1758 τῶν
1459 1704 1759 1758 Βασιλειῶν
1824 1705 1907 1758 δύο

2053 1703 2163 1757 nim
2187 1700 2499 1771 Regnorum
2529 1702 2705 1758 libros
2731 1702 2869 1755 duos
2908 1701 3061 1765 facit,
3090 1699 3303 1753 etduos
3338 1694 3627 1763 Paralipo-

334 1785 554 1857 βίϐλους
583 1784 722 1842 εἶναι
746 1789 921 1859 λέγει,
958 1794 1056 1847 καὶ
1086 1793 1186 1858 τὰς
1211 1793 1305 1847 δύο
1341 1793 1451 1848 τῶν
1496 1794 1910 1866 Παραλειπομέ-

2051 1807 2222 1848 nenon
2250 1807 2443 1856 unum,
2501 1800 2556 1847 et
2615 1791 2783 1846 libros
2851 1789 3133 1845 dquccim
3214 1786 3627 1856 Prophetarum

331 1884 446 1932 νων
510 1879 684 1949 μίαν,
716 1879 818 1945 τὰς
864 1882 975 1937 τῶν
1029 1883 1097 1953 ιβ’
1131 1885 1428 1956 προφητῶν
1482 1861 1632 1956 μίαν,
1678 1888 1773 1940 καὶ
1805 1861 1907 1941 τῶν

2064 1902 2213 1953 num,
2245 1896 2299 1942 et
2327 1893 2586 1957 quatuor,
2607 1894 2867 1953 quatuor.
2898 1882 3151 1938 Ieremia:
3184 1888 3363 1935 autem
3391 1879 3640 1934 Lameng.

331 1974 620 2044 τεσσάρων
692 1975 987 2046 τέσσαρας.
1044 1978 1139 2048 Τῷ
1166 1979 1225 2033 δὲ
1285 1979 1526 2051 Ἱερεμίᾳ
1587 1981 1907 2051 προστίθησι

2057 1980 2266 2033 ationes
2294 1987 2350 2033 et
2396 1977 2698 2047 Epistolam
2728 1975 2934 2030 Baruch
2965 1973 3234 2043 adiungit.
3265 1971 3466 2025 Libros
3497 1984 3633 2022 vero

330 2064 464 2128 τοὺς
493 2064 590 2119 τοῦ
619 2066 832 2139 Βαροὺχ
864 2068 1119 2141 θρήνους,
1143 2074 1240 2127 καὶ
1258 2071 1678 2144 τὴνςὲπιστολήν
1699 2090 1713 2104 ·
1757 2073 1906 2141 ἀριθ·

2061 2069 2161 2125 lovi
2207 2067 2550 2125 Testamenti
2610 2080 2970 2130 enumerans,
3023 2064 3256 2133 reliquis
3308 2059 3637 2131 superaddit

334 2157 519 2227 μήσας
543 2157 603 2210 δὲ
644 2160 742 2213 καὶ
774 2160 875 2223 τὰς
911 2162 1012 2230 τῆς
1032 2162 1261 2232 Καινῆς,
1302 2162 1630 2234 προστίθησι
1658 2167 1780 2227 ταῖς
1817 2166 1910 2235 ρη.

2064 2162 2401 2234 .pocalypsin
2447 2157 2700 2215 Joannis.
2736 2158 2834 2213 His
2867 2157 3090 2221 addere,
3123 2155 3207 2211 vel
3235 2154 3304 2208 ab
3351 2154 3419 2209 iis
3465 2151 3640 2222 quid-

330 2243 545 2310 θείσαις
573 2248 669 2303 καὶ
692 2249 791 2318 τήν
820 2249 1194 2323 Ἀποκάλυψιν
1217 2253 1467 2309 Ἰωάννου
1494 2271 1508 2286 ·
1552 2256 1648 2307 καὶ
1691 2255 1906 2319 ταύταις

2068 2270 2194 2310 uam
2242 2254 2536 2310 detrahere
2572 2251 2731 2308 nefas
2781 2265 2906 2307 esse
2930 2250 3165 2321 iudicat.
3224 2249 3396 2304 Extra
3447 2255 3639 2300 autem

334 2341 699 2410 προστιθέναι
726 2342 758 2413 ἢ
787 2343 1070 2415 ἀφαιρεῖν,
1098 2346 1312 2399 ἀνόσιον
1345 2341 1490 2400 εἶναι
1514 2348 1715 2418 κρίνει.
1746 2347 1910 2414 Ἐξω·

2070 2346 2328 2402 ιηοηίουε
2352 2345 2487 2402 dicit
2511 2360 2660 2410 esse,
2684 2344 3025 2414 Sapientiam
3053 2340 3388 2404 Solomonis,
3411 2339 3646 2393 Sirachv

332 2431 430 2485 θεν
474 2431 532 2485 δὲ
579 2433 689 2489 τῶν
738 2434 1171 2505 κανονιζομένων
1219 2432 1360 2492 εἶναί
1399 2456 1536 2508 φησι
1595 2439 1695 2509 τὴν
1730 2441 1908 2508 σοφίαι

2068 2439 2251 2504 isther,
2307 2435 2521 2502 Judith,
2576 2434 2835 2500 Tobiam,
2867 2435 3174 2501 Pastorem,
3211 2440 3267 2489 et
3307 2439 3644 2488 sanctorum

331 2518 710 2591 Σολομῶντος,
766 2526 862 2581 τὸν
911 2528 1105 2601 Σιρὰχ,
1153 2529 1254 2602 τὴν
1313 2530 1541 2602 Ἔσθὴρ,
1581 2531 1676 2586 τὸν
1717 2532 1907 2602 Ἰουδὴε

2057 2530 2410 2603 .postolorum
2452 2530 2773 2586 Doctrinam
2805 2547 2820 2597 ;
2880 2529 3022 2586 hanc
3066 2535 3248 2584 autem
3280 2533 3435 2583 sexta
3466 2535 3633 2596 syno-

332 2617 438 2670 καὶ
465 2618 560 2671 τὸν
589 2620 793 2683 rem,
849 2623 943 2675 τὸν
1004 2624 1266 2692 Ποιμένα,
1305 2623 1401 2678 καὶ
1429 2626 1528 2695 τήν
1550 2624 1785 2696 Διδαχὴν
1811 2626 1908 2680 τῶι

1344 2623 1401 2678 αὶ
1429 2626 1528 2695 τήν
1550 2624 1785 2696 Διδαχὴν
1811 2626 1921 2680 τῶν
2031 2625 2137 2681 dus
2167 2623 2380 2694 reiecit,
2411 2630 2471 2679 ut
2496 2630 2782 2679 ostensum
2810 2630 2920 2678 est.

335 2706 512 2774 ἁγίων
537 2709 870 2764 ἀποστόλων·
901 2710 1104 2780 ταύτην
1123 2712 1180 2766 δὲ
1206 2715 1299 2766 καὶ
1320 2715 1354 2783 ή
1385 2711 1439 2778 ς’
1466 2713 1685 2779 σύνοδος
1701 2714 1989 2783 ἡθέτητεν,
2015 2711 2095 2777 ὡς
2122 2711 2442 2783 δεδήλωται.

410 2802 683 2872 Τοιαύτην
708 2806 818 2859 τῶν
849 2804 1016 2876 ιερῶν
1043 2806 1243 2877 βίϐλων
1275 2810 1512 2862 ποιεῖται
1559 2809 1661 2880 τὴν
1687 2811 1924 2879 ἀπαρίθ-

2106 2808 2357 2864 Similem
2383 2823 2674 2866 sacrorum
2694 2808 2965 2865 librorum
2995 2804 3467 2867 enumerationem
3501 2803 3634 2860 facit

338 2911 511 2965 μησιν
556 2894 624 2948 δι’
666 2896 962 2969 ἐμμέτρων
1009 2898 1267 2970 ἡρωϊκῶν
1317 2900 1517 2970 στίχων
1562 2902 1710 2954 καὶὸ
1745 2902 1914 2972 μέγας

2055 2917 2265 2975 nagnus
2293 2902 2605 2973 Theologus
2633 2899 2955 2973 Gregorius,
2987 2899 3045 2954 in
3075 2897 3330 2954 versibus
3360 2897 3631 2962 heroicis,

333 2986 641 3058 Γρηγόριος
661 2990 689 3042 ὁ
725 2989 1011 3058 Θεολόγος,
1049 2991 1374 3063 ἰσαρίθμους
1399 2993 1498 3056 τὰς
1545 2994 1646 3065 τῆς
1676 2994 1909 3061 Παλαιᾶς

2053 2997 2201 3051 ibros
2233 2992 2450 3050 Veteris
2477 2992 2820 3050 Testamenti
2846 2991 3042 3060 viginti
3099 2989 3319 3046 duobus
3368 2988 3626 3045 Hebraeo-

334 3068 480 3133 εἶναι
509 3080 686 3149 λέγων
714 3081 825 3135 τῶν
850 3085 981 3152 παρ’
1020 3082 1301 3155 Ἑϐραίοις
1337 3086 1511 3139 εἴκοσι
1535 3085 1630 3139 δύο
1660 3088 1910 3158 γραμμά-

2062 3102 2155 3141 um
2211 3086 2413 3141 litteris
2458 3086 2699 3155 aequales
2731 3098 2854 3139 esse
2885 3083 3100 3138 dicens.
3138 3080 3396 3151 Quinque
3449 3094 3517 3135 ex
3559 3079 3634 3134 iis

333 3186 482 3224 των·
520 3174 785 3242 στιχηρὰς
815 3171 873 3225 δὲ
895 3173 1044 3240 λέγει
1080 3175 1151 3227 τὰ
1180 3175 1339 3228 πέντε
1364 3192 1379 3207 ·
1411 3175 1558 3241 Ἰὼϐ,
1597 3176 1766 3231 Δαϐὶδ
1791 3179 1909 3244 τοὺς

2054 3178 2289 3236 netricos
2343 3178 2604 3249 appellat,
2670 3175 2798 3241 Job,
2854 3182 3074 3231 centum
3124 3182 3179 3231 et
3222 3173 3630 3244 quinquaginta

338 3258 420 3334 ρν⁹
442 3261 717 3332 ψαλμοὺς,
746 3264 845 3316 καὶ
866 3264 990 3328 τοὺς
1014 3266 1166 3336 τρεῖς
1195 3265 1656 3337 Σολομωντείους,
1690 3272 1785 3325 καὶ
1810 3270 1914 3324 τῶν

2051 3268 2276 3325 ’salmos
2304 3269 2496 3332 David,
2528 3276 2640 3324 tres
2674 3267 3014 3347 Solomonis,
3046 3274 3102 3322 et
3152 3267 3325 3322 libros
3382 3264 3627 3334 Pr0phe-

335 3353 549 3408 δώδεκα
572 3356 870 3426 προφητῶν
895 3359 1045 3428 μίαν,
1072 3351 1148 3411 ῶν
1176 3358 1233 3411 αἱ
1263 3357 1523 3429 κλήσεις·
1564 3360 1744 3431 Ὠσηὲ,
1781 3362 1911 3434 Ἀμε

2060 3379 2206 3418 arum
2233 3362 2529 3420 duodecim
2564 3380 2760 3426 unum,
2789 3364 2881 3432 qui
2912 3370 3181 3418 vocantur
3213 3361 3410 3423 Oseas,
3436 3360 3636 3422 Amos,

339 3446 482 3517 μὼς.
511 3447 777 3518 Μιχαίας,
809 3448 987 3519 Ἰωήλ,
1017 3450 1228 3515 Ἰωνᾶς,
1260 3451 1498 3516 Ἀϐδιοὺ,
1536 3453 1756 3525 Ναοὺμ,
1793 3454 1915 3508 Ἀϐ·

2049 3461 2305 3523 ιίίειιαεαε.
2360 3458 2504 3522 Joel,
2538 3456 2728 3515 Jonas.
2788 3456 3015 3520 Abdias,
3052 3453 3291 3516 Nalmm,
3343 3450 3625 3511 Abbacuk‘.

336 3541 581 3610 ϐακυὺμ,
614 3542 901 3612 Σοφονίις,
928 3544 1204 3612 Ἀγγαῖος,
1258 3546 1559 3617 Ζαχαρίας,
1588 3547 1912 3619 Μαλαχίας⁴

2051 3549 2361 3620 iophonias,
2390 3549 2644 3616 Aggmus,
2675 3544 2999 3605 Zacharias,
3050 3541 3372 3596 Malachias.
3422 3539 3627 3595 Eorum

333 3632 449 3688 τῶν
468 3634 525 3688 δὲ
555 3634 632 3706 τῷ
652 3635 873 3707 μεγάλῳ
901 3636 1178 3707 ῥηθέντων
1207 3637 1519 3708 ’Δθανασίῳ
1550 3640 1909 3696 ἀκανονίστωι

2063 3651 2209 3696 utem
2267 3655 2406 3710 quos
2462 3652 2696 3706 magnus
2753 3635 3092 3689 Athanasius
3156 3649 3266 3688 non
3329 3633 3631 3688 canonicos

335 3717 497 3790 οὗτος
559 3726 624 3781 ού
678 3714 975 3798 μέμνηται.
1017 3728 1242 3793 Τούτοις
1303 3730 1400 3784 καὶ
1442 3730 1472 3782 ύ
1525 3731 1681 3800 ἅγιος
1727 3731 1911 3787 ἕπεται

2063 3742 2208 3799 ocat,
2238 3732 2576 3787 mentionem
2608 3728 2814 3783 nullam
2866 3726 2999 3781 facit
3029 3743 3045 3783 :
3079 3727 3178 3780 hos
3229 3733 3469 3781 sanctus-
3499 3727 3634 3777 Ani-

335 3819 716 3894 ’Δμφιλύχιο;,
751 3821 821 3876 δι’
857 3822 1071 3893 ίάμϐων
1095 3822 1194 3894 τὴν
1227 3823 1563 3895 ἐκμέτρησιν
1621 3825 1911 3896 ὲκποιησάε

2053 3826 2335 3881 ιίιίιοοιιίιιε
2368 3823 2620 3896 sequitur
2640 3861 2655 3887 ,
2685 3821 2892 3894 jambis
2924 3821 3221 3876 metricum
3251 3835 3448 3890 poema
3491 3834 3629 3874 con»-

343 3929 528 3984 μενος.

2028 3927 2237 3974 texens.

421 4001 483 4055 Ὀ
509 3999 566 4054 δὲ
595 4000 640 4068 ξ’
659 4000 767 4056 τῶν
800 4002 973 4070 ἁγίων
1000 4003 1318 4059 ἀποστόλων
1342 4003 1524 4059 κανὼν
1563 4004 1634 4061 τὰ
1667 4005 1927 4078 ψευδεπί-

2103 4008 2295 4065 Canon
2346 4017 2526 4063 autem
2581 4007 2650 4063 60
2687 4016 2868 4064 sanet.
2931 4015 3110 4076 apost.
3164 4021 3291 4061 cum
3349 4003 3440 4073 qui
3495 4001 3635 4059 falso

341 4109 529 4163 γραφα
561 4092 673 4148 τῶν
702 4088 916 4149 ἀσεϐῶν
952 4094 1135 4167 βιϐλία
1165 4098 1261 4150 τὶν
1292 4096 1739 4166 ἀναγινώσκοντα
1760 4098 1917 4169 δημο-

2052 4101 2330 4172 nscriptos
2362 4101 2653 4170 impiorum
2693 4100 2869 4154 libros
2894 4099 2971 4152 ad
3013 4097 3469 4168 populi‘ct‘cleri
3507 4112 3628 4166 per-

343 4187 459 4259 σία,
514 4189 909 4259 πνευματικὸν,
944 4192 1109 4260 φημὶ,
1139 4191 1174 4264 ἢ
1206 4190 1492 4261 κληρικὸν,
1527 4191 1622 4247 ἐπὶ
1651 4190 1801 4262 λύμῃ
1828 4190 1919 4246 τοῦ

2054 4194 2233 4248 iiciem
2284 4192 2501 4263 publice
2536 4192 2694 4263 legit,
2724 4191 3065 4247 sacerdotem
3099 4189 3309 4244 scilicet
3350 4189 3465 4242 sive
3517 4188 3630 4241 ele-

339 4277 474 4332 λαοῦ
503 4281 596 4334 καὶ
626 4279 723 4333 τοῦ
760 4281 987 4351 κλήρου,
1042 4280 1437 4352 καθαιρέσεως’
1457 4283 1622 4348 ἁξιοι.
1650 4284 1727 4338 Οὐ
1754 4284 1915 4355 μόνον

2062 4287 2229 4353 icum,
2265 4285 2616 4355 depositione
2656 4284 2879 4356 dignum
2932 4291 3140 4338 censet.
3179 4280 3441 4337 Nonnulli
3479 4281 3636 4336 enim

339 4369 448 4440 γὰρ
474 4370 524 4423 oi
575 4372 707 4441 περὶ
757 4371 1016 4426 πλείστου
1068 4372 1130 4426 τὸ
1172 4371 1368 4441 ψεῦδος
1402 4372 1722 4442 ποιούμενοι
1745 4372 1915 4441 λύγοις

2054 4378 2123 4449 [ιιί
2161 4377 2517 4433 mendacium
2565 4376 2739 4447 pluris
2787 4375 3083 4441 aestimant,
3130 4389 3237 4428 non
3289 4374 3465 4429 solum
3496 4388 3630 4443 pro-

338 4464 563 4525 οίκείοις
592 4464 653 4517 τὸ
683 4463 941 4528 δυσσεϐὲς
974 4464 1156 4518 αὐτῶν
1189 4465 1449 4535 φρόνημα
1480 4464 1774 4534 κρατύνειν
1801 4481 1914 4518 πει-

2051 4470 2166 4525 »ι-ἰῐε
2220 4468 2412 4524 verbis
2438 4468 2665 4539 impiam
2721 4482 2877 4522 suam
2929 4466 3244 4536 Opinionem
3295 4464 3627 4519 confirmare

342 4553 570 4625 ρῶνται,
603 4555 741 4609 ἀλλὰ
770 4544 866 4612 καῖ
885 4558 998 4620 τοῖς
1021 4556 1131 4610 τῶν
1159 4556 1400 4610 εύσεϐῶν
1420 4558 1832 4628 ¹συγγράμμασι
1854 4558 1918 4612 τὰ

2050 4562 2303 4629 tituntur,
2336 4559 2435 4617 sed
2458 4570 2514 4614 et
2535 4561 2754 4630 piorum
2785 4557 3006 4627 scriptis
3031 4573 3127 4613 sua
3159 4556 3323 4613 etiam
3354 4557 3626 4622 inserunt;

343 4648 584 4719 σφέτερα
616 4649 1036 4719 παρενείρουσιν
1063 4689 1077 4713 ,
1119 4649 1195 4712 ὡς
1225 4649 1283 4703 ἐν
1317 4651 1438 4712 ταῖς
1486 4650 1769 4720 ῥηθείσαις
1807 4652 1919 4704 ὲπι·

2051 4660 2092 4704 ιι
2125 4651 2179 4703 in
2212 4649 2374 4705 dictis
2405 4648 2467 4704 S‘.
2505 4648 2809 4705 Clementis
2842 4647 3101 4716 Epistolis
3154 4654 3208 4700 et
3255 4645 3627 4699 Cmistitutio—

342 4742 560 4804 στολαῖς
591 4740 690 4794 τοῦ
742 4740 889 4811 ιε.ροῦ
948 4742 1268 4811 Κλήμεντος
1314 4743 1411 4796 καὶ
1438 4743 1557 4806 ταῖς
1614 4742 1918 4806 διατάξεσιν

2059 4740 2197 4795 libus
2245 4738 2622 4794 fraudulenter
2662 4738 2887 4793 factum.
2927 4737 3038 4791 Alii
3088 4743 3270 4790 autem
3330 4745 3480 4801 sunt;
3535 4736 3635 4804 qui

340 4832 739 4902 ὲσκαιώρηται.
776 4833 896 4886 Εἰσὶ
925 4831 971 4886 δ’
993 4831 1044 4886 οἳ
1077 4835 1170 4886 καὶ
1203 4834 1317 4897 τοῖς
1350 4832 1565 4886 ἑαυτῶν
1612 4833 1916 4902 ἐπιγραφὰς

2056 4830 2255 4901 ίοιιὶριίε
2288 4830 2407 4887 suis
2440 4838 2772 4886 sanctorum
2807 4828 3197 4896 inscriptiones
3252 4834 3632 4897 apposuerunt

341 4920 515 4987 ἁγίων
546 4922 825 4975 τεθείκασι
852 4920 991 4992 πρὸς
1022 4921 1304 4992 ὲξαπάτην
1331 4921 1440 4976 τῶν
1469 4922 1859 4993 ἁπλουστέρων
1891 4924 1917 4993 ή

2054 4939 2084 4976 ιι
2161 4923 2537 4993 deceptionem
2610 4920 3049 4991 simpliciorum,
3113 4919 3308 4974 veneni
3393 4920 3623 4974 calicem

342 5013 741 5084 εὐηθεστέρων,
793 5013 961 5067 οἱονεὶ
1016 5012 1195 5083 μέλιτι
1215 5011 1309 5068 τοῦ
1357 5013 1690 5086 δηλητηρίου
1708 5016 1808 5085 τὴν
1834 5014 1918 5068 κύι

1357 5013 1690 5086 δηλητηρίου
1708 5016 1808 5085 τὴν
1834 5014 1933 5068 κύ-
2030 5015 2201 5084 quasi.
2216 5015 2378 5069 melle
2415 5013 2889 5069 circumlineutes.

341 5108 470 5161 λικα
498 5109 944 5177 περιχρίσαντες.

424 5201 484 5255 '0
513 5201 571 5255 δὲ
607 5199 686 5268 gr
715 5201 813 5271 τῆς
845 5201 1010 5271 ἕκτης
1040 5199 1282 5267 συνόδου,
1322 5198 1418 5253 καὶ
1454 5199 1523 5255 τὰ
1547 5198 1764 5271 ψευδῶς
1794 5216 1920 5254 συν-

2099 5196 2289 5251 Canon
2346 5192 2581 5263 insuper
2625 5193 2712 5247 65‘
2740 5208 2861 5265 syn.
2908 5208 2963 5248 vr
3009 5193 3399 5264 martyrologia
3447 5193 3518 5247 ab
3559 5190 3629 5248 iis

339 5290 566 5344 τεθέντα
589 5290 997 5361 μαρτυρολόγια
1018 5290 1153 5360 πρὸς
1175 5291 1285 5344 τῶν
1307 5291 1475 5362 μηδὲν
1495 5291 1648 5361 ὑγιὲς
1669 5290 1915 5364 φρονούν-

2052 5289 2123 5359 lui
2148 5286 2282 5344 nihil
2310 5296 2458 5344 recte
2487 5288 2733 5345 sentiunt
2769 5287 2910 5344 falso
2944 5286 3200 5353 conficta,
3229 5296 3287 5342 ut
3310 5288 3628 5360 ignominiae

341 5402 470 5448 των,
507 5383 665 5456 ὕϐριν
691 5385 792 5454 μὲν
809 5386 918 5449 τοῖς
947 5384 1123 5451 ἁγίοις
1156 5386 1427 5457 μάρτυσιν
1457 5385 1723 5457 οἰομένων
1749 5404 1917 5458 προσ⁴

2050 5390 2218 5436 totam
2251 5381 2465 5438 sanctis
2510 5382 2850 5455 martyribus
2878 5381 3126 5448 inurunt,
3160 5397 3391 5452 eosque,
3443 5380 3537 5450 qui
3569 5382 3626 5436 in

340 5476 660 5546 τρίψασθαι,
698 5476 824 5540 τοὺς
851 5477 896 5530 δ’
923 5477 1354 5549 ἐντυγχάνοντας
1396 5476 1498 5548 τῆς
1532 5477 1673 5548 πρὸς
1723 5478 1916 5542 αὐτοὺς

2046 5488 2092 5529 2a
2126 5473 2400 5541 incidunt,
2435 5473 2504 5529 ab
2534 5474 2729 5530 iisdem
2757 5474 2973 5530 honore
2994 5473 3295 5530 alﬁeiendis
3321 5473 3622 5537 abducant,

342 5567 638 5636 ἀφιστάναι
683 5569 874 5639 τιμῆς,
929 5571 1068 5641 πυρὶ
1128 5569 1345 5622 κελεύει
1381 5569 1660 5624 δίδοσθαι·
1712 5571 1840 5634 τοὺς
1866 5570 1918 5625 δὲ

2052 5566 2136 5635 gni
2168 5565 2307 5620 tradi
2338 5566 2514 5636 jubet;
2547 5582 2645 5623 eos
2683 5575 2863 5623 autem
2896 5568 3013 5638 qui‘
3036 5569 3145 5623 illis
3172 5575 3230 5620 ut
3256 5565 3403 5621 veris
3434 5580 3628 5621 assen-

342 5661 553 5727 τούτοις
582 5662 922 5732 ὡς’ἁληθέσι
981 5665 1349 5735 προσέχοντας
1400 5663 1918 5734 ἁναθεματίζεσθαι.

2049 5663 2176 5713 ηἱιιηι
2238 5658 2721 5715 anathematizari.
2785 5660 3027 5716 Sanctis,
3077 5660 3226 5715 enim
3288 5658 3625 5729 martyribus

346 5749 470 5817 Τοῖς
489 5753 598 5823 γὰρ
627 5754 802 5823 ἁγίοις
824 5755 1067 5825 ,μάρτυσι
1091 5753 1201 5807 τῶν
1226 5755 1406 5810 ἄθλων
1430 5758 1523 5810 καὶ
1552 5757 1653 5826 τῆς
1679 5756 1922 5823 εὐδοξίας

2053 5752 2328 5807 'erlamina
2362 5761 2416 5807 et
2463 5753 2702 5808 nominis
2729 5754 3034 5809 claritatem
3092 5752 3420 5818 invidentes,
3455 5750 3629 5808 libros

348 5847 739 5917 βασκήναντες,
768 5846 943 5918 ψευδῆ
985 5848 1077 5902 καὶ
1110 5845 1373 5903 αλλόκοτα
1420 5849 1804 5921 συντεταχέναι
1842 5847 1918 5920 βι-

2051 5848 2196 5904 alsos
2246 5856 2293 5906 et
2361 5847 2572 5904 alicttfs
2628 5849 2897 5905 coniicere
2936 5845 3170 5920 impulsi
3217 5852 3380 5912 sunt,
3439 5845 3504 5903 dc
3556 5844 3627 5902 iis
