3992 6396
259 351 402 422 1N6

1220 358 1631 422 SYNTAGMA
1670 357 2296 424 ALPHABETICUM.
2329 384 2396 398 ···-
2437 361 2504 426 Β.

3377 359 3516 428 1146

257 489 383 525 πτει
411 467 722 538 φυλάττειν,
768 467 864 523 καὶ
896 469 972 542 μὴ
1011 469 1433 544 κατατέμνεινῆ
1467 470 1829 542 διαφθείρειν,

1966 484 2269 526 onservare
2295 466 2474 540 jubet,
2505 475 2559 524 et
2589 483 2697 525 non
2733 469 3091 527 conscindere
3139 479 3234 525 aut
3269 484 3517 526 carrum-

260 561 398 633 μηδὲ
457 562 573 624 τοῖς
633 559 1078 631 βιϐλιοκαπήλοις
1132 561 1168 632 ἢ
1201 561 1464 633 μυρεψοῖς
1525 561 1836 616 ἀποδιδόναι

260 653 398 718 πρὸς
421 653 751 722 ἀφανισμὸν,
805 653 854 706 εί
898 654 970 724 μή
997 671 1052 707 τι
1073 653 1181 722 ἄρα
1204 653 1385 707 τέλεον
1407 653 1513 708 ὑπὸ
1563 651 1770 722 σητῶν,
1799 649 1833 721 ἢ

261 743 478 811 ὓδατος,
515 744 548 814 ἢ
573 745 751 814 ἑτέρῳ
776 745 964 815 τρόπῳ
995 744 1322 815 ἀχρειωθείη
1348 759 1362 774 °
1397 745 1489 798 τὸν
1511 743 1567 797 δὲ
1592 741 1836 797 τοιοῦτόν

255 854 312 890 τι
347 838 522 890 ποιεῖν
552 836 910 908 ἁλισκόμενον
955 837 1043 891 ἐπ’
1073 836 1320 890 ἐνιαυτὸν
1343 835 1723 907 ἀφορίζεσθαι.

941 1012 1149 1081 Νόμοι.

331 1101 414 1156 Τὰ
472 1101 618 1184 κατὰ
667 1103 1014 1173 Χριστιανῶν
1061 1101 1475 1173 συγγράμματα
1525 1100 1836 1172 Πορφυρίου

261 1195 356 1246 καὶ
382 1193 561 1248 ἄλλων
583 1195 876 1265 αίρετικῶν
913 1194 1282 1260 καιέσθωσαν,
1307 1195 1402 1246 καὶ
1422 1193 1489 1246 τὰ
1511 1193 1835 1262 Νεστορίου,

262 1286 358 1340 καὶ
383 1285 485 1339 ὅσα
537 1285 614 1357 μὴ
650 1289 932 1356 συμφωνεῖ
979 1289 1100 1350 ταῖς
1151 1287 1210 1339 tv
1254 1285 1460 1356 Νικαίᾳ
1490 1285 1584 1338 καὶ
1627 1284 1840 1355 Ἐφέσῳ

263 1377 530 1444 συνόδοις,
567 1379 662 1430 καὶ
721 1378 976 1449 Κυρίλλῳ
1017 1378 1097 1448 τῷ
1141 1376 1573 1447 Ἀλεξανδρείας,
1610 1367 1685 1428 ὧν
1737 1375 1838 1428 οὐκ

259 1467 380 1521 εστι
411 1468 730 1540 παρεξιέναι
758 1469 860 1541 τὴν
883 1471 1091 1524 πίστιν.
1147 1470 1211 1521 Οἱ
1257 1469 1316 1522 δὲ
1344 1468 1413 1520 τὰ
1468 1466 1727 1535 λεχθέντα
1759 1464 1840 1533 βι-

262 1558 390 1612 ϐλία
415 1559 630 1630 ἔχοντες
659 1561 756 1614 καὶ
784 1559 1248 1631 ἀναγινώσκοντες
1302 1558 1546 1630 ἐσχάτως
1577 1555 1840 1628 τιμωρεί-

264 1649 506 1706 σθωσαν.

335 1743 400 1796 Oi
426 1742 826 1815 μαθηματικοὶ,
859 1746 937 1817 μὴ
965 1746 1214 1811 καίοντες
1253 1749 1348 1801 ἐπὶ
1377 1749 1483 1803 τῶν
1524 1748 1841 1804 ἐπισκόπων

1937 577 2106 634 pere;
2137 576 2314 630 neque
2339 562 2609 616 librorum
2641 563 3110 632 cauponatoribus
3139 570 3235 616 aut
3270 578 3518 632 unguen-

1938 653 2092 708 tariis
2141 653 2415 723 perituros
2466 651 2721 719 tradere;
2778 653 2883 708 nisi
2932 653 3126 723 utique
3189 653 3414 707 omnino
3485 668 3518 707 a

1936 743 2122 811 tineis,
2154 745 2238 797 vel
2270 758 2434 813 aqua,
2470 743 2554 797 vel
2588 742 2700 798 alio
2733 744 2894 798 modo
2927 743 3150 798 inutiles
3182 743 3374 796 redditi
3403 741 3520 795 ine-

1936 831 2049 888 rint
2077 849 2090 887 :
2117 847 2241 887 eum
2273 841 2456 886 autem
2489 833 2580 904 qui
2611 833 2685 889 ita
2714 833 2895 889 facere
2923 833 3295 905 deprehensus
3329 833 3422 902 sit,
3463 832 3519 889 in

1938 939 2140 980 annum
2179 925 2472 996 segregari.
2908 991 2922 1008 ἱ

2415 1020 2419 1023 ’
2635 1015 2819 1089 Leges.

2007 1109 2294 1182 Porphyrii
2383 1112 2730 1182 aliorumque
2817 1109 3193 1164 haereticorum
3253 1108 3519 1163 adversus

1937 1201 2283 1259 Christianos
2330 1203 2453 1257 libri
2503 1205 2932 1265 comburantur;
2972 1199 3204 1255 Nestorii
3243 1200 3428 1260 etiam,
3463 1207 3522 1252 et

1938 1293 2251 1362 quicunque
2273 1291 2495 1348 Nicaeno
2523 1292 2911 1363 Ephesinoque
2939 1292 3212 1358 conciliis,
3239 1300 3294 1346 et
3319 1290 3524 1360 Cyrillo

1938 1384 2332 1449 Alexandrino,
2385 1401 2620 1456 quorum
2680 1384 2838 1439 (idem
2894 1385 3158 1440 excedere
3202 1399 3312 1438 non
3373 1385 3520 1447 licet,

1939 1491 2048 1532 non
2087 1485 2420 1530 consonant.
2471 1476 2574 1542 Qui
2621 1485 2800 1530 autem
2831 1475 3008 1531 dictos
3040 1476 3212 1531 libros
3243 1474 3443 1528 habent
3467 1482 3523 1529 et

1939 1567 2145 1640 legunt,
2179 1569 2372 1626 ultimo
2419 1568 2688 1640 supplicio
2726 1568 3054 1624 adiciantur.

2013 1744 2387 1802 Mathematici
2434 1747 2524 1816 qui
2595 1761 2779 1802 coram
2835 1745 3106 1816 episcopis
3162 1745 3331 1800 libros
3387 1760 3520 1800 suos

266 1832 369 1897 τὰς
419 1807 638 1904 βίϐλάυς
688 1807 893 1904 αὐτῶν,
924 1807 1047 1893 ’καὶ
1093 1841 1158 1909 τῇ
1192 1807 1460 1911 εὐσεϐείᾳ
1499 1839 1837 1910 προσιόντες,

1966 1853 2052 1894 non
2086 1851 2459 1904 concremant,
2491 1854 2668 1908 neque
2695 1841 2760 1892 ad
2794 1838 3156 1892 orthodoxam
3187 1837 3343 1890 (idem
3367 1852 3523 1890 acce-

265 1927 450 1996 πάσης
481 1927 830 1984 ἀπωθοῦνται
864 1930 1073 1993 πόλεως
1093 1945 1109 1958 ·
1137 1932 1518 2002 εὑρισκόμενοι
1553 1934 1610 1987 δὲ
1637 1935 1696 1986 tv
1721 1935 1843 1996 ταῖς

265 2017 478 2084 πόλεσι,
509 2019 1014 2090 δεπορτατεύονται,
1040 2023 1158 2094 ἦτοι
1195 2023 1560 2094 ἐξορίζονται.

347 2108 408 2163 Ὀ
439 2109 580 2180 ἔχων
606 2111 788 2182 βιϐλία
809 2115 1144 2184 Μανιχαῖκὰ,
1189 2117 1281 2169 καὶ
1309 2116 1385 2187 μὴ
1414 2115 1667 2188 φανερῶν
1699 2117 1845 2172 αὐτὰ

262 2202 360 2255 ἐπὶ
387 2202 467 2274 τῷ
490 2204 781 2274 καυθῆναι,
808 2209 1162 2276 τιμωρεῖται.

335 2290 404 2345 Οῖ
461 2291 681 2364 ἔχοντες
730 2296 800 2350 τὰ
855 2297 1100 2368 Σεϐήρου
1159 2299 1573 2372 συγγράμματα
1633 2299 1845 2372 καὶμὴ

262 2383 512 2449 καίοντες
544 2387 709 2454 αὐτὰ,
739 2389 1216 2459 χειροκοποὼται.

262 2497 520 2554 ΚΕΦΔΛ.
563 2497 666 2554 lB’.
700 2500 842 2575 Περί
877 2501 997 2575 τῶν
1024 2502 1353 2570 βιοθανῶν,
1385 2504 1520 2575 ἦτοι
1559 2505 1679 2561 τῶν
1703 2505 1846 2561 ἐαυ-

725 2572 885 2639 ίτοὺς
914 2573 1348 2641 ἀναιρούντων.

337 2657 479 2722 Τοὺς
513 2659 782 2730 βιοθανεῖς
835 2663 864 2716 ό
897 2663 1306 2733 Ἀλεξανδρείας
1345 2665 1632 2734 Τιμόθεος,
1687 2669 1746 2722 tv
1781 2668 1845 2722 ιδ’

262 2753 477 2819 κανόνι,
501 2751 601 2821 τῆς
629 2752 888 2815 εἰωθυίας
917 2753 1057 2824 ὑπὲρ
1092 2755 1202 2809 τῶν
1233 2756 1480 2811 εὐσεϐῶν
1505 2761 1844 2827 προσφορᾶς,

262 2845 360 2898 καὶ
411 2843 600 2914 εὐχῆς,
654 2845 750 2899 καὶ
800 2840 1146 2915 ψαλμῳδίας,
1197 2848 1424 2918 καὶτῆς
1476 2849 1848 2919 νομιζομένης

261 2936 440 3004 όσίας,
473 2937 763 3006 στέρεσθαι
802 2939 981 3005 ἀξιοῖ·
1033 2940 1147 2993 ὅσοι
1200 2939 1402 3011 δηλαδὴ
1455 2939 1547 2994 τὸν
1585 2940 1847 3010 λογισμὸν

266 3029 399 3097 ὑγιᾶ
421 3031 775 3101 κεκτημένοι,
811 3032 905 3084 καὶ
931 3031 1007 3102 μὴ
1040 3030 1138 3096 τὰς
1169 3032 1371 3103 φρένας
1406 3031 1513 3086 ὑπὸ
1544 3031 1701 3085 νόσου
1745 3049 1850 3084 πα-

1943 1929 2102 1992 dunt,
2157 1929 2306 1984 omni
2367 1930 2586 1985 civitate
2639 1930 2926 1999 pellantur.
2978 1928 3184 1982 inventi
3227 1937 3409 1980 autem
3465 1927 3519 1979 in

1939 2021 2276 2083 civitatibus.
2323 2021 2680 2092 deportantur
2714 2023 2827 2076 sive
2854 2021 3304 2075 exterminantur.

2013 2111 2128 2182 59
2162 2112 2266 2179 Qui
2299 2111 2730 2168 Manichzeorum
2767 2113 2940 2168 libros
2979 2111 3167 2174 habet,
3199 2119 3254 2164 et
3299 2123 3410 2162 non
3459 2107 3517 2162 in

1941 2206 2302 2277 propatulum
2339 2204 2549 2276 profert
2585 2214 2645 2260 ut
2674 2213 3120 2264 concrementur,
3151 2200 3396 2270 punitur.

2018 2299 2122 2364 Qui
2158 2297 2349 2354 Severi
2385 2297 2560 2353 libros
2601 2298 2830 2364 habent,
2870 2306 2926 2352 et
2953 2294 3175 2351 eosdem
3217 2308 3325 2347 non
3366 2305 3520 2347 coni-

1946 2388 2178 2454 burunl,
2205 2388 2464 2442 manibus
2500 2388 2853 2441 mutilantur.

2010 2497 2168 2556 CAP.
2228 2497 2345 2554 XII.
2401 2497 2481 2554 De
2537 2500 2605 2554 iis
2654 2497 2745 2566 qui
2787 2497 2899 2550 vim
2947 2495 3055 2551 sibi
3105 2493 3372 2563 inferunt,
3420 2492 3528 2555 sive

2607 2567 2853 2623 suicidis.

2022 2659 2132 2716 Eos
2162 2662 2258 2730 qui
2299 2676 2409 2714 vim
2457 2661 2562 2716 sibi
2600 2660 2867 2725 inferunt,
2913 2657 3238 2712 Timotheus
3288 2654 3529 2708 Alexan-

1946 2755 2144 2812 drinus
2190 2755 2245 2809 in
2287 2753 2376 2809 M.
2423 2769 2551 2809 can.
2587 2754 2795 2808 usitata
2843 2767 2941 2822 pro
2989 2751 3092 2821 piis
3132 2748 3434 2811 oblatione,
3465 2754 3522 2801 et

1945 2847 2226 2911 oratione,
2253 2857 2308 2902 et
2351 2846 2683 2916 psalmodia,
2715 2853 2772 2899 et
2818 2843 2980 2899 solita
3024 2840 3272 2911 pialione
3313 2836 3520 2907 privari

1941 2937 2103 3009 jubet
2136 2953 2150 2990 :
2177 2947 2453 3008 quotquot
2478 2937 2737 2992 videlicet
2767 2950 2899 2991 sana
2946 2932 3161 2988 ratione
3203 2927 3441 2998 praediti.
3474 2935 3531 2980 et

1945 3045 2062 3086 non
2097 3045 2207 3101 pra:
2236 3031 2432 3086 morbo
2463 3030 2668 3086 mentis
2690 3038 2920 3099 expotes
2951 3025 3103 3091 facti,
3141 3031 3360 3093 propter
3390 3022 3528 3074 nim-

265 3120 665 3192 ρατραπέντες,
705 3122 792 3176 διὰ
812 3123 990 3196 λύπην
1013 3125 1048 3197 ἢ
1075 3125 1466 3195 μικροψυχίαν,
1498 3127 1564 3178 ὲκ
1589 3123 1778 3196 φόϐου,
1804 3121 1838 3194 ἢ

1966 3139 2158 3190 'orem,
2191 3125 2276 3179 vel
2300 3123 2678 3188 timiditatem,
2713 3135 2825 3191 prae
2852 3127 3023 3182 metu,
3048 3115 3136 3168 vel
3162 3111 3527 3168 insultatione

266 3215 534 3287 ιπηρείας
568 3215 909 3298 ηστινοσοῦν,
944 3218 1172 3281 ἑαυτοὺς
1204 3217 1619 3290 διεχειρίσαντο.

941 3311 1163 3380 Νόμος.

353 3401 415 3456 '0
448 3402 639 3457 ἑαυτὸν
662 3402 892 3472 ἀνελὼν,
925 3406 959 3480 ἢ
986 3404 1195 3460 ἀνελεῖν
1223 3405 1599 3478 ἐπιχειρήσας,
1628 3402 1717 3458 διὰ
1755 3403 1850 3473 φό-

268 3491 366 3547 ϐον
409 3496 760 3565 ἐγκλήματος
813 3497 908 3551 καὶ
941 3498 1019 3568 μὴ
1051 3498 1140 3552 διὰ
1188 3500 1366 3564 νόσον,
1409 3499 1734 3568 τιμωρεῖται
1772 3495 1850 3560 ὡς

268 3585 478 3643 ἀνελὼν
509 3588 719 3660 ἓτερον,
755 3591 852 3644 καὶ
880 3592 914 3662 ἠ
960 3590 1118 3645 οὐσία
1147 3590 1315 3647 αὐτοῦ
1345 3590 1664 3664 δημεύεται.

1945 3227 2299 3286 quacunque,
2327 3214 2434 3270 sibi
2471 3228 2671 3268 manus
2699 3210 2974 3266 violentas
2997 3205 3309 3262 intulerint.

2661 3303 2796 3357 Lex.

2019 3403 2125 3471 Qui
2155 3401 2260 3458 sibi
2301 3408 2541 3454 mortem
2585 3393 2878 3455 conscivit,
2921 3399 3016 3445 aut
3049 3386 3398 3445 consciscere
3430 3397 3529 3438 co-

1948 3505 2114 3552 natus
2145 3501 2250 3557 est,
2279 3498 2504 3562 propter
2537 3485 2792 3541 criminis
2820 3492 3052 3548 metum,
3087 3488 3142 3534 et
3167 3494 3274 3532 non
3305 3485 3532 3546 propter

1949 3587 2228 3659 morbum,
2286 3581 2564 3652 punitur,‘
2609 3587 2671 3631 ut
2731 3574 2828 3645 qui
2883 3573 3054 3628 alium
3121 3566 3421 3631 interiecit,
3477 3573 3534 3619 et

1839 3671 1856 3688 ’
1951 3675 2266 3736 substantia
2293 3672 2414 3742 ejus
2451 3667 2790 3741 publicatur.

603 3763 856 3820 ΚΕΦΑΛ.
886 3764 988 3821 ll".
1031 3765 1173 3834 Περὶ
1204 3765 1525 3830 βισέκτου.

345 3855 421 3909 Τὸ
454 3855 550 3911 τοῦ
566 3856 865 3922 ,βισέκτου
899 3857 1074 3928 ὄνομα
1123 3856 1432 3926 Ῥωμαϊκόν
1489 3858 1626 3938 ἔστι,
1656 3853 1853 3926 δηλοῦν

2255 3762 2408 3819 CAP.
2449 3759 2592 3814 Xlll.
2639 3758 2712 3811 De
2759 3771 2900 3810 anno
2931 3750 3215 3807 bissextili.

2026 3858 2322 3913 Βίσεκστον
2366 3853 2564 3908 Latina
2607 3866 2712 3906 vox
2743 3856 2848 3915 est,
2881 3845 3204 3918 signiﬁcans
3251 3840 3337 3896 bis
3381 3851 3476 3894 sex
3508 3837 3538 3894 ι’

270 3949 335 4004 τὸ
365 3948 445 4012 δὶς
477 3949 538 4014 ἒξ
559 3964 574 3979 ⁸
607 3949 665 4001 αἱ
696 3950 803 4018 γὰρ
840 3946 1155 4020 Ῥωμαϊκαὶ
1180 3943 1367 4016 ’λέξεις
1399 3948 1520 4001 ἀντὶ
1547 3934 1642 4002 τοῦ
1664 3951 1692 4000 δ
1727 3948 1788 3999 τὸ
1820 3946 1847 4016 β

1966 3968 2120 4010 voces
2149 3950 2295 4005 enim
2334 3947 2544 4002 Latinae
2578 3942 2855 4013 accipiunt
2901 3940 2940 3991 Β
2981 3953 3078 4008 pro
3116 3935 3180 3989 Ι).
3232 3934 3308 3988 Ita
3340 3941 3522 3986 autem

273 4041 782 4114 προσλαμϐάνουσι.
799 4041 1032 4110 Λέγεται
1061 4041 1115 4094 δὲ
1139 4041 1304 4108 οὕτω,
1327 4039 1417 4095 διὰ
1443 4039 1502 4094 τὸ
1524 4040 1604 4103 δὶς
1629 4039 1690 4105 ἒξ
1712 4035 1847 4092 εἶναι

1966 4049 2183 4108 dicitur,
2223 4041 2367 4112 quod
2401 4039 2520 4094 dies
2561 4045 2615 4092 et
2655 4050 2760 4090 nox
2799 4029 3105 4086 Februario
3147 4027 3366 4088 addita,
3412 4023 3530 4114 sin-

273 4132 377 4196 τὰς
404 4132 549 4201 ῶρας
576 4131 676 4202 τῆς
696 4131 1134 4203 προστιθεμένης
1154 4133 1367 4202 ἡμέρας
1388 4130 1466 4201 τῷ
1482 4131 1847 4202 Φεϐρουαρίῳ,

1966 4139 2099 4210 gula:
2137 4135 2222 4190 bis
2276 4147 2372 4188 sex
2420 4130 2584 4185 horas
2636 4125 2982 4186 contineant,
3027 4120 3120 4191 qui
3152 4119 3374 4188 quidem

271 4227 369 4280 καὶ
397 4225 479 4287 δὶς
509 4225 568 4290 ἒξ
593 4226 694 4297 τῆς
716 4225 936 4290 νυκτὸς,
967 4202 1096 4296 ἥτις
1119 4227 1266 4277 κατὰ
1296 4224 1616 4294 τετραετίαν
1663 4211 1847 4276 εἷωθέι

1966 4202 2160 4299 quarto
2193 4224 2444 4295 quolibet
2483 4235 2630 4275 anno
2671 4215 2861 4288 perlici
2893 4213 3125 4278 solebat,
3166 4218 3363 4280 quarta
3413 4202 3531 4259 diei

272 4314 702 4386 ἀπαρτίζεσθαι,
730 4313 824 4367 τοῦ
861 4312 1272 4384 περιττεύοντος
1297 4312 1733 4384 τεταρτημορίου
1759 4311 1847 4382 τῆς

1966 4330 2140 4394 parte,
2167 4333 2290 4388 qua:
2320 4313 2554 4385 singulis
2584 4311 2746 4367 annis
2764 4307 3084 4371 excedebat,
3105 4315 3236 4359 tunc
3265 4311 3533 4370 temporis

273 4405 492 4478 ἡμέρας
523 4406 645 4460 καθ’
670 4405 902 4460 ἕκαστον
930 4405 1176 4460 ἐνιαυτὸν
1209 4405 1292 4467 εἰς
1315 4403 1448 4472 μίαν
1474 4402 1689 4474 ἡμέραν
1712 4419 1863 4473 τηνι-

1966 4418 2020 4472 in
2069 4430 2238 4470 unum
2270 4411 2414 4468 diem
2458 4402 2806 4478 composita;
2864 4403 2970 4460 iste
3011 4409 3194 4456 autem
3233 4394 3534 4452 Februario

281 4497 463 4551 καῦτα
499 4495 913 4566 συντιθεμένου,
952 4495 1076 4566 ἥτις
1128 4494 1222 4548 καὶ
1261 4493 1613 4564 προστίθεται
1664 4494 1741 4565 τῷ
1768 4497 1847 4548 Φε·

1971 4506 2255 4577 adjicitur,
2309 4511 2366 4559 et
2424 4499 2624 4557 exinde
2669 4497 2730 4552 ﬁt
2760 4493 2906 4567 quod
2941 4493 3059 4549 dies
3094 4491 3295 4545 habeat
3339 4485 3432 4552 29,
3480 4492 3538 4541 et

273 4587 571 4657 ϐρουαρίῳ,
610 4585 685 4648 ὡς
721 4581 865 4640 εῖναι
915 4587 1014 4648 τὰς
1062 4585 1254 4640 τούτου
1304 4586 1521 4658 ἡμέρας
1550 4581 1656 4653 κθ’,
1680 4586 1781 4651 τὰς
1805 4587 1862 4641 δὲ
1965 4613 2142 4654 annus
2175 4595 2301 4652 566.

270 4678 370 4732 τοῦ
404 4676 666 4732 ἐνιαυτοῦ
693 4678 910 4749 ἡμέρας
937 4680 1084 4746 τξςθ.

347 4769 556 4841 Συνέϐη
582 4770 640 4822 δὲ
675 4771 850 4842 τούτῳ
880 4773 974 4824 καὶ
1012 4771 1310 4842 ἀλλαχόθεν
1350 4771 1451 4843 τὴν
1483 4773 1858 4845 προσηγορίαν

271 4861 480 4932 ταύτην
527 4861 736 4916 λαϐεῖν.
795 4862 890 4926 Είς
933 4863 1061 4934 τρία
1089 4863 1311 4935 διῄρουν
1338 4865 1388 4917 οῖ
1448 4864 1716 4934 Ῥωμαῖοι
1748 4864 1858 4919 τῶν

280 4955 470 5024 μηνῶν
493 4956 590 5016 τὰς
630 4955 844 5025 ἡμέρας
866 4970 880 4985 ο
913 4955 1008 5008 καὶ
1029 4954 1127 5018 τὰς
1165 4955 1265 5024 μὶν
1311 4953 1606 5024 ὠνόμαζον
1661 4954 1860 5008 καλάν-

273 5044 373 5107 δας
393 5059 408 5074 ·
441 5045 539 5107 τὰς
560 5045 639 5110 δὲ,
666 5045 857 5108 νόννας
877 5061 894 5078 ο
926 5045 1023 5108 τὰς
1043 5045 1122 5112 δὲ,
1145 5045 1340 5112 εἰδοὺς,
1361 5046 1469 5098 ἀπό
1495 5062 1660 5100 τινων
1683 5045 1855 5115 τριῶν

287 5135 582 5203 Ῥωμαίων
615 5133 960 5206 εὐπατριδῶν
1009 5135 1151 5188 οὓτω
1188 5135 1505 5204 κληθείσας,
1542 5137 1602 5187 tv
1639 5135 1854 5204 καιροῖς

277 5226 470 5298 λοιμοῦ
506 5225 822 5296 θρεψάντων
842 5227 970 5290 τοὺς
997 5227 1056 5281 tv
1080 5227 1147 5296 τῇ
1189 5225 1400 5298 Ῥώμῃ.
1439 5226 1550 5280 Καὶ
1595 5226 1855 5281 καλάνδαι

281 5317 385 5390 μὲν
440 5319 691 5388 ἐλέγοντο
738 5319 868 5389 παρ’
903 5319 1088 5381 αὐτοῖς
1119 5318 1175 5370 αί
1230 5319 1358 5389 παρ’
1389 5317 1619 5388 Ἕλλησι
1649 5334 1855 5389 νουμη-

279 5409 424 5461 νίαιο
461 5411 554 5462 ἐπὶ
589 5409 688 5478 μὲν
715 5409 963 5479 Μαρτίου
995 5410 1089 5462 καὶ
1137 5409 1344 5475 Μαΐου,
1389 5409 1616 5462 Ἰουλίου
1648 5425 1708 5461 τε
1755 5407 1854 5478 καὶ

292 5501 652 5573 Ὀκτωϐρίου,
687 5501 794 5555 ἀπὸ
848 5502 946 5569 τῆς
1010 5500 1234 5572 πρώτης
1265 5501 1431 5572 μέχρι
1477 5502 1575 5572 τῆς
1604 5499 1648 5565 ζ’
1670 5516 1686 5533 ⁸
1719 5503 1774 5554 αἱ
1796 5501 1853 5554 δὲ

285 5593 403 5665 μετ’
427 5595 599 5658 αὑτὰς
629 5595 791 5658 εὐθὺς
827 5595 1077 5663 λέγονται
1105 5595 1308 5662 νόνναι,
1345 5595 1507 5666 μέχρι
1549 5597 1649 5665 τῆς
1679 5594 1761 5661 ιε’,
1793 5596 1850 5647 αἱ

279 5685 338 5740 δὲ
366 5686 571 5754 λοιπαὶ,
597 5688 747 5744 εἰδοί.
796 5687 919 5741 Ἐπὶ
946 5687 1002 5741 δὲ
1031 5687 1138 5741 τῶν
1170 5687 1344 5742 ἄλλων
1370 5689 1588 5741 πάντων
1643 5686 1847 5758 μηνῶν,

284 5775 385 5839 τὰς
421 5775 521 5846 μὲν
554 5779 740 5842 νόννας
765 5779 872 5833 ἀπὸ
910 5778 1011 5849 τῆς
1036 5777 1076 5832 ε’
1100 5777 1285 5848 ἔλεγον
1315 5777 1408 5833 τοῦ
1445 5777 1633 5850 μηνὸς,
1665 5778 1762 5842 τὰς
1791 5777 1848 5830 δὲ

2031 4774 2276 4846 Contigit
2333 4779 2600 4844 praeterea
2649 4763 3070 4837 appellationem
3125 4761 3266 4813 hanc
3310 4756 3535 4839 aliunde

1964 4870 2198 4927 desumi.
2234 4863 2472 4921 Romani
2503 4860 2776 4917 mensium
2810 4857 2927 4911 dies
2973 4855 3028 4908 in
3057 4853 3162 4908 tria
3198 4851 3532 4907 diviserunt.

1961 4960 2101 5017 alios
2128 4955 2434 5020 Kalendas,
2493 4952 2632 5007 alios
2685 4949 2896 5012 Nonas,
2935 4946 3074 5000 alios
3106 4961 3235 5000 vero
3264 4943 3391 4997 ldus
3425 4956 3530 4996 no-

1960 5051 2264 5112 minantes,
2295 5061 2324 5100 a
2351 5045 2528 5100 tribus
2555 5042 2880 5114 proceribus
2907 5037 3171 5094 Romanis
3209 5037 3290 5092 sic
3326 5036 3532 5100 dictos,

1958 5141 2053 5212 qui
2077 5140 2134 5194 in
2170 5137 2333 5193 famis
2357 5134 2702 5206 temporibus
2721 5133 3002 5188 Romanos
3030 5130 3370 5185 nutriebant.
3419 5127 3532 5182 Ka-

1959 5231 2133 5286 lendae
2150 5231 2218 5284 ab
2233 5230 2302 5286 iis
2316 5229 2478 5284 dictae
2495 5237 2641 5293 sunt,
2660 5241 2801 5296 quas
2815 5224 2989 5280 Graeci
3013 5222 3293 5278 novilunia
3310 5228 3540 5286 vocant,

1957 5340 2146 5380 mense
2169 5322 2388 5386 Martio,
2421 5321 2584 5383 Maio,
2609 5318 2758 5374 Julio
2803 5327 2858 5374 et
2889 5316 3139 5381 Octobri,
3177 5330 3207 5369 a
3237 5315 3417 5385 primo
3443 5313 3533 5369 die

1957 5431 2128 5486 usque
2145 5415 2211 5470 ad
2231 5414 2547 5482 septimum,
2562 5411 2680 5468 dies
2697 5420 2878 5467 autem
2894 5409 3141 5481 proxime
3155 5417 3448 5478 sequentes
3462 5405 3537 5458 ad

1956 5523 2026 5562 xv
2053 5505 2219 5561 Nona:
2239 5504 2589 5569 dicebantur,
2621 5502 2818 5573 reliqui
2853 5517 2983 5557 vero
3002 5501 3151 5556 ldus.
3184 5497 3243 5554 In
3273 5497 3534 5554 omnibus

1956 5613 2086 5653 vero
2116 5597 2346 5667 reliquis
2374 5596 2658 5651 mensibus
2698 5594 2881 5650 Nonas
2921 5611 2950 5649 a
2978 5593 3174 5663 quinto
3203 5589 3409 5645 mensis
3440 5586 3540 5642 die

1954 5688 2337 5754 numerabant,
2361 5686 2487 5742 ldus
2514 5701 2644 5743 vero
2663 5701 2692 5741 a
2723 5701 2845 5740 xm.
2866 5687 3097 5754 PrOpter
3116 5683 3260 5738 hanc
3294 5681 3536 5749 inequit-

1953 5780 2160 5836 litatcm
2238 5788 2498 5839 sacerdos
2570 5779 2802 5852 singulis
2875 5775 3177 5834 noviluniis
3256 5774 3535 5847 populum
