3992 6418
523 375 663 443 114⁸1

1716 381 2084 444 ΜΛΤΤΠΑΞΙ
2128 385 2556 446 BLASTARIS

3599 383 3707 452 ills

515 490 883 554 convocabat,
919 491 1099 562 iisque
1129 490 1408 546 Nonarum
1433 501 1486 546 et
1509 490 1699 546 Iduum
1720 493 1864 548 diem
1902 502 2094 550 notum

2201 495 2374 558 εἰδοὺς
2425 494 2532 548 ἀπο
2564 493 2660 564 τῆς
2696 491 2786 562 ιγ’.
2816 491 2915 545 Διὰ
2940 491 3003 562 δὴ
3031 491 3130 562 τὴν
3177 491 3423 565 τοιαύτην
3455 493 3709 566 ἀνισότητα,

516 581 668 636 fecit.
703 579 889 648 Quare
925 583 1107 651 potius
1135 596 1364 638 censent
1395 584 1642 638 nonnulli
1670 585 1908 654 primum
1945 585 2092 640 diem

515 674 726 728 mensis
768 673 1042 729 Kalendas
1076 675 1290 741 vocari;
1323 675 1471 745 quod
1503 675 1739 744 populus
1761 677 2096 733 asaccrdote

516 765 683 820 simul
729 777 1050 820 vocari-tur.
1112 767 1282 822 Porro
1329 777 1390 821 ut
1431 769 1485 822 in
1529 768 1651 823 aliis
1681 770 1985 833 mensibus.
2018 771 2095 826 ita

514 863 571 910 et
613 871 851 925 primum
894 855 1184 910 Februarii
1234 857 1380 912 diem
1429 857 1707 916 Kalendas
1762 858 2095 917 Februarias

515 947 917 1013 nominarunt;
960 948 1289 1014 secundum,
1331 950 1519 1005 Nonas
1549 961 1811 1020 quartas;
1845 953 2093 1018 tertiu’m,

514 1037 704 1094 Nonas
735 1041 965 1105 tertias;
1002 1049 1265 1110 quartum
1302 1043 1482 1111 pridie
1528 1042 1805 1098 Nonarum
1850 1044 2095 1115 (numeri

512 1130 658 1183 enim
682 1130 881 1184 binarii
905 1139 966 1184 ut
989 1131 1326 1201 inauspicati
1351 1135 1558 1188 nullam
1579 1135 1918 1189 mentionem
1946 1134 2092 1190 fece-

516 1229 666 1287 runt,
706 1234 761 1278 et
789 1222 862 1278 ob
910 1223 1051 1279 banc
1093 1239 1318 1280 causam
1369 1241 1660 1280 numerum
1715 1227 1919 1281 unitate
1971 1241 2094 1280 ma-

509 1311 692 1382 jorem
754 1314 844 1368 vel
920 1315 1191 1370 minorem
1264 1331 1484 1386 semper
1548 1319 2091 1386 prmoccttrrabant);

514 1403 768 1471 quintum
810 1413 1017 1470 autem,
1049 1405 1228 1460 Nonas
1258 1405 1629 1475 Februarias;
1658 1408 1931 1462 decimum
1961 1425 2095 1465 vero

513 1501 765 1565 tertium,
804 1500 970 1567 ldus;
1016 1503 1290 1558 det-imum
1335 1514 1619 1571 quartum,
1675 1521 1764 1560 xvi
1816 1505 2094 1561 Kalendas

515 1591 714 1647 Martii.
749 1592 982 1659 Quando
1014 1594 1200 1664 itaque
1243 1595 1578 1651 Februarius
1629 1597 1749 1651 dies
1779 1597 1969 1651 habuit
2000 1596 2092 1662 29,

514 1685 656 1737 diem
693 1684 1012 1738 vicesimum
1041 1687 1295 1754 quintum
1334 1687 1533 1740 iterum
1562 1696 1750 1741 scxtas
1785 1685 2090 1751 Kalendas,

512 1776 980 1846 quemadmodum
1013 1785 1076 1843 ,et
1113 1777 1437 1832 vicesimum
1468 1789 1734 1848 quartum
1786 1779 2095 1843 vocabant;

2199 586 2323 640 καθ’
2363 585 2604 656 ἑκάστην
2657 584 2978 654 νουμηνίαν,
3031 585 3060 636 δ
3103 585 3282 654 ἱερεὺς
3314 586 3486 639 ἐκάλει
3509 586 3588 638 τὸν
3613 588 3712 640 λαὲιν

2199 680 2296 732 καὶ
2349 677 2637 729 ὑπεδείκνυ
2689 676 2900 735 τούτοις
2946 675 3045 746 τὴν
3069 675 3178 727 τῶν
3209 675 3404 728 νοννῶν
3431 678 3620 747 ἡμέραν
3643 683 3713 732 καὶ

2199 767 2307 822 τῶν
2337 768 2494 823 εἱδῶν
2512 783 2526 798 ·
2557 769 2702 838 παρὸ
2730 769 2825 820 καὶ
2852 767 3053 839 μᾶλλον
3099 767 3358 830 καλάνδας
3388 769 3573 822 οἴονταί
3605 787 3716 834 τινες

2196 859 2297 929 τὴν
2327 860 2552 930 πρώτην
2574 859 2831 928 λέγεσθαι
2859 859 2952 911 τοῦ
2985 858 3176 929 μηνὸς,
3203 857 3290 910 διὰ
3331 861 3389 910 τὸ
3440 859 3526 910 καὶ
3573 860 3717 912 καλεῖ.

2202 951 2327 1004 σθαι
2356 954 2505 1022 παρὰ
2545 951 2638 1004 τοῦ
2691 951 2886 1020 ἱερέως
2917 950 3011 1003 τὸν
3029 951 3179 1002 λαόν.
3229 950 3510 1018 Ὦνόμαζον
3555 952 3718 1014 τοίνυν,

2199 1042 2276 1104 ῶς
2303 1041 2399 1095 καὶ
2438 1043 2530 1094 ἐπὶ
2585 1043 2694 1095 τῶν
2732 1041 2909 1095 ἄλλων
2940 1041 3146 1110 μηνῶν,
3192 1041 3293 1109 τὴν
3331 1046 3376 1092 α’
3409 1041 3720 1109 Φεϐρουαρίου

2200 1134 2470 1198 καλάνδας
2500 1134 2871 1204 Φεϐρουαρῐου
2896 1148 2910 1163 ⁸
2941 1137 3036 1200 τὴν
3061 1131 3111 1202 ﬂ"
3134 1133 3237 1202 πρὸ
3272 1131 3539 1197 τεσσάρων
3559 1133 3723 1184 νοννῶν

2198 1226 2584 1297 Φεϐρουαρίων
2609 1239 2623 1255 ⁸
2654 1225 2752 1295 τὴν
2771 1225 2826 1277 δὲ
2853 1230 2904 1293 γ’
2932 1225 3036 1294 πρὸ
3053 1223 3222 1292 τριῶν
3244 1239 3256 1251 ·
3286 1223 3382 1291 τὴν
3401 1223 3454 1274 δε
3481 1221 3720 1291 τετάρτην,

2199 1319 2306 1388 πρὸ
2339 1320 2466 1387 μιᾶς
2495 1317 2722 1370 νοννῶν·
2758 1315 2856 1387 τὴν
2888 1316 3057 1368 δυάδα
3083 1315 3213 1384 γάρ,
3235 1313 3310 1377 ὡς
3337 1312 3620 1381 ἀποφράδα,
3647 1313 3726 1364 οὐκ

2197 1411 2382 1480 ἠξίουν
2411 1411 2544 1472 ὅλως
2571 1408 2753 1462 καλεῖν
2773 1425 2786 1439 ⁸
2817 1409 2907 1460 καὶ
2933 1407 3021 1460 διὰ
3047 1406 3206 1460 τοῦτο
3221 1407 3312 1460 τὸν
3336 1407 3513 1475 μονάδι
3543 1405 3725 1474 μείζονα

2199 1503 2520 1572 ἢὲλάττονα
2576 1499 3098 1572 προκατελάμϐανον
3153 1499 3242 1553 ἀεὶ
3274 1498 3530 1568 ἀριθμόνο
3575 1496 3658 1564 τὴν
3681 1496 3726 1548 δὲ

2200 1595 2478 1664 πέμπτην,
2531 1594 2720 1655 νόννας
2769 1591 3174 1664 Φεϐρουαρίας·
3229 1589 3330 1660 τὴν
3364 1588 3420 1642 δὲ
3452 1595 3514 1654 ιγ’
3553 1587 3724 1648 είδού;’

2197 1678 2295 1748 τὴν
2328 1679 2385 1731 δὲ
2418 1679 2476 1733 ιδ’
2511 1680 2616 1748 πρὸ
2638 1677 2831 1742 δεκαὲξ
2857 1679 3137 1732 καλανδῶν
3155 1677 3415 1749 Μαρτίων
3439 1693 3451 1706 ·
3479 1675 3623 1742 ἡνίκα
3645 1673 3730 1726 τοί·

2199 1789 2294 1825 νυν
2329 1768 2474 1842 εἶχεν
2504 1773 2532 1825 ὁ
2558 1772 2923 1843 Φεϐρουάριος
2964 1771 3068 1837 κθ’,
3105 1771 3294 1839 ἔλεγον
3319 1772 3412 1824 καὶ
3443 1768 3534 1838 τὴν
3558 1775 3630 1832 κε’
3651 1766 3731 1817 πά-

513 1865 839 1918 vicesimu'm
868 1875 1049 1920 autem
1085 1877 1302 1922 sextum
1327 1868 1576 1937 quintas,
1607 1869 1934 1923 vicesimum
1969 1884 2094 1937 scp-

2201 1860 2280 1911 λιν
2304 1860 2409 1928 πρὸ
2442 1859 2502 1927 ἓξ
2535 1859 2812 1914 καλανδῶν
2851 1861 3160 1930 Μαρτίωνρ
3185 1861 3374 1930 ὥσπερ
3409 1858 3500 1911 καὶ
3527 1857 3614 1917 τὴν
3647 1852 3727 1908 26’-

513 1958 709 2011 timum
751 1968 1002 2028 quartas,
1036 1961 1364 2014 vicesimum
1393 1970 1652 2016 octavum
1701 1961 1917 2027 tertias,
1944 1963 2094 2015 vice-

513 2051 718 2103 simum
774 2066 982 2104 nonum
1038 2052 1216 2120 pridie
1259 2053 1662 2118 Kalendarum,
1719 2053 1918 2107 deinde
1967 2063 2096 2107 sunt

514 2138 769 2194 Kalendte
792 2139 995 2196 Martii.
1039 2141 1293 2198 Biscxtns
1320 2143 1510 2213 itaque
1540 2144 1847 2218 dicebatur,
1875 2145 2096 2213 quando

513 2230 852 2286 Februarius
891 2233 1009 2288 dies
1060 2233 1299 2289 habebat
1328 2235 1524 2306 viginti
1575 2250 1795 2303 novem,
1825 2236 1971 2306 quod
2009 2236 2096 2291 bis

514 2324 773 2378 dicantur
802 2333 971 2379 sextae
1002 2324 1264 2382 Kalendae
1297 2326 1499 2382 Martii.

854 2415 966 2487 eo
1010 2416 1279 2472 mmun
1317 2418 1646 2474 LITTERE
1676 2420 1736 2475 Γ.

588 2505 742 2560 CAP.
777 2506 818 2560 1.
874 2508 948 2560 De
974 2509 1231 2578 gradibus
1254 2511 1344 2579 qui
1387 2523 1510 2564 sunt
1551 2512 1606 2564 in
1641 2511 2008 2565 matrimonio.

586 2597 782 2666 Quaere
815 2611 980 2669 caput
1007 2602 1040 2655 8
1065 2601 1263 2656 litterae
1302 2603 1363 2656 Β.

653 2706 807 2762 CAP.
844 2707 909 2762 Il.
947 2707 1024 2764 De
1052 2712 1248 2780 n--p!iis
1272 2714 1532 2766 concessis
1563 2724 1610 2765 et
1649 2713 1949 2782 prohibitis.

585 2862 778 2918 Canon
810 2863 883 2919 26
920 2875 1244 2922 sanctorum
1272 2869 1583 2938 apost.et6
1615 2869 1812 2939 synodi
1848 2885 1902 2923 vt
1939 2877 1992 2923 et
2029 2868 2096 2923 16

515 2955 735 3010 concilii
797 2955 1259 3027 (iarthaginensis
1296 2961 1628 3028 permittunt
1682 2959 1753 3015 iis
1801 2960 1897 3029 qui
1945 2960 2097 3014 clero

515 3046 895 3112 continentur,
925 3058 978 3102 et
1003 3049 1184 3103 adhuc
1210 3050 1451 3105 lectores
1488 3060 1542 3104 et
1569 3059 1834 3107 cantores
1855 3059 2007 3115 sunt,
2038 3059 2098 3105 ut

515 3138 790 3209 legitimas
814 3143 1033 3208 nuptias
1063 3149 1418 3198 contrahant.
1459 3143 1662 3199 Verum
1693 3161 1801 3200 non
1831 3145 2095 3215 amplius,

2196 1951 2295 2022 τὴν
2317 1952 2372 2021 δὲ
2408 1958 2500 2015 κς¹
2525 1951 2631 2021 πρὸ
2661 1952 2818 2004 πέντε
2838 1967 2851 1980 ·
2877 1951 2975 2021 τὴν
3000 1951 3056 2004 δὲ
3083 1951 3164 2014 κζ’
3198 1952 3307 2019 πρὸ
3334 1949 3628 2017 τεσσάρων·
3650 1945 3730 2014 τὴν

2195 2044 2253 2097 δὲ
2294 2042 2379 2113 κη’
2415 2046 2519 2114 np’)
2548 2045 2715 2116 τριῶν
2739 2063 2752 2078 ο
2777 2045 2874 2113 τὴν
2897 2045 2956 2097 δὲ
2987 2045 3068 2097 κθ¹
3106 2044 3210 2110 πρδ
3255 2043 3406 2112 μιᾶς,
3434 2036 3545 2092 εἶτα
3572 2037 3732 2090 καλάν-

2194 2133 2291 2196 δας
2321 2135 2567 2204 Μαρτίου
2589 2151 2604 2167 ι
2662 2135 2911 2187 ἐκαλεῖτο
2936 2129 3028 2187 οὖν
3075 2133 3170 2186 καὶ
3193 2130 3286 2184 διὰ
3317 2131 3472 2183 τοῦτο
3502 2127 3729 2196 pisum.

2196 2225 2357 2295 ἡνίκα
2385 2222 2531 2296 εἶχεν
2567 2229 2594 2279 ὁ
2641 2227 3008 2298 Φεϐρουάριος
3040 2223 3144 2293 κθ’,
3175 2224 3269 2278 διὰ
3300 2225 3363 2278 τὸ
3407 2219 3641 2290 λέγεσθαι
3666 2217 3730 2279 δἰς

2193 2317 2256 2370 τὸ
2287 2317 2393 2388 πρὸ
2417 2317 2478 2384 ἓξ
2505 2317 2787 2373 καλανδῶν
2813 2317 3102 2389 Μαρτίων.

2551 2413 2741 2467 ΑΡΧΗ
2773 2414 2912 2467 ΤΟΥ
2939 2414 2978 2466 Γ
3005 2409 3400 2466 ΣΤΟΙΧΕΙΟΥ.

2305 2507 2558 2560 ΚΕΦΑΛ.
2588 2505 2667 2561 A'.
2718 2506 2860 2576 Περὶ
2891 2505 3008 2560 τῶν
3035 2504 3144 2559 τοῦ
3178 2503 3379 2574 τάμον
3400 2497 3653 2570 βαθμῶν.
3749 2577 3752 2579 γ

2270 2601 2433 2670 Ζήτει
2457 2601 2516 2652 τὸ
2540 2598 2730 2668 ὄγδοον
2755 2617 2882 2669 κεφ.
2913 2598 3006 2653 τοῦ
3033 2598 3076 2651 Β
3103 2597 3400 2668 στοιχείου.

2266 2715 2524 2772 ΚΕΦΑΛ.
2559 2715 2635 2773 B'.
2662 2717 2805 2787 Περὶ
2831 2718 3036 2788 γάμων
3055 2718 3572 2788 ἐπιτετραμμενῳν
3597 2709 3679 2766 καί

2759 2788 3218 2858 κεκωλυμένων.

2285 2879 2344 2932 'U
2368 2878 2476 2933 τῶν
2510 2881 2686 2951 ἁγίων
2713 2881 3027 2935 ἀποστόλων
3053 2887 3144 2945 κς¹
3176 2877 3384 2944 κανὼν,
3414 2877 3504 2931 καὶ
3531 2875 3558 2927 δ
3593 2877 3640 2938 ς’
3658 2870 3734 2936 τῆς

2201 2979 2256 3039 ς’
2288 2973 2529 3039 συνόδου,
2589 2975 2685 3026 καὶ
2737 2973 2766 3025 ό
2795 2973 2896 3042 τῆς
2949 2974 3008 3025 έν
3061 2970 3402 3041 Καρθαγένῃ
3447 2964 3527 3030 ις’
3559 2965 3656 3025 τοῖς
3677 2957 3735 3028 τῷ

2203 3065 2389 3135 κλήρῳ
2429 3063 2873 3133 κατειλεγμένοις
2895 3064 2978 3126 εἱς
3007 3059 3370 3129 ἀναγνώστας
3417 3057 3496 3110 ἔτι
3525 3054 3608 3108 καὶ
3629 3049 3736 3119 ψάλ-

2201 3172 2301 3218 τας
2333 3153 2572 3220 τελοῦσι,
2614 3155 2864 3223 νομίμως
2913 3152 3263 3223 συγχωροῦσι
3295 3151 3521 3221 γαμεῖνο
3558 3146 3675 3216 μετὰ
3693 3140 3736 3192 δέ

517 3240 808 3300 postquam
847 3234 1092 3303 provecti
1132 3236 1342 3290 fuerint
1366 3238 1432 3290 ad
1482 3237 1711 3304 gradum
1747 3213 2095 3304 subdiaconi,

2202 3263 2265 3315 γε
2281 3213 2352 3299 -τδ
2377 3247 2455 3309 είς
2513 3213 2723 3314 βάθμόν
2747 3213 3506 3316 προαχθῆναι-ὑποδιακόεδυ,
3529 3213 3570 3308 ἢ-
3594 3231 3738 3289 διακό-

516 3317 867 3393 veld‘iacoui,
920 3328 1005 3383 vel
1051 3332 1379 3400 presbyteri.
1433 3328 1571 3384 Nam
1604 3331 1852 3386 initiatos
1903 3347 2094 3386 sacer-

513 3416 691 3482 dotio,
725 3419 819 3488 qui
855 3419 925 3476 ad
961 3422 1382 3476 matrimonium
1415 3421 1737 3487 deﬂectunt,
1769 3422 1960 3478 statim
2003 3422 2098 3479 ab-

517 3511 727 3564 dicant.

584 3601 762 3657 Etiam
822 3605 1038 3674 primus
1103 3621 1280 3661 canon
1340 3607 1563 3662 concilii
1627 3605 2096 3665 Neoczesariensis

519 3695 922 3766 presbyterum,
973 3699 1066 3766 qui
1094 3698 1340 3768 legitime
1371 3700 1664 3769 copulatus
1696 3701 1855 3756 uxori
1899 3699 2093 3767 fuerit,

520 3786 832 3842 sacerd’otio
867 3787 1044 3841 exuit.

595 3876 794 3933 Verum
827 3881 967 3934 sexti
994 3881 1211 3935 concilii
1243 3881 1417 3936 divini
1470 3881 1662 3938 Patres
1692 3898 1813 3938 eam
1863 3899 2100 3940 consue-

521 3972 767 4027 tudinem
834 3973 1138 4036 aboleutcs,
1193 3991 1316 4045 quat
1374 3976 1431 4030 in
1481 3976 1726 4033 Ecclesia
1770 3979 2095 4034 Latinorum

521 4066 776 4134 invaluit,
825 4067 1081 4123 videlicet
1133 4079 1192 4123 ut
1235 4071 1555 4126 sacerdotes
1596 4080 1652 4126 et
1703 4071 1945 4140 diaconi,
2001 4073 2098 4143 qui

519 4161 868 4225 ordinantur,
901 4161 1055 4230 prius
1101 4161 1262 4216 iidem
1310 4163 1463 4228 dent,
1513 4163 1660 4233 quod
1707 4165 1938 4219 omnino
1975 4174 2100 4235 post

518 4255 919 4309 ordinationem
961 4256 1250 4309 abstinere
1295 4256 1466 4310 velint
1514 4256 1584 4310 ab
1645 4257 1938 4324 uxoribus,
1978 4272 2100 4325 quae

2199 3353 2313 3403 νου,
2365 3336 2400 3408 ἢ
2443 3336 2853 3408 πρεσϐυτέρου,
2907 3335 3125 3389 οὐκέτι·
3184 3333 3301 3387 τῶν
3331 3333 3439 3403 γάρ
3471 3327 3738 3402 ἱερωμένων

2199 3431 2326 3494 τοὺς
2357 3429 2496 3501 πρὸς
2518 3429 2696 3500 γάμον
2728 3428 3075 3491 ὲκκλίνοντας
3113 3426 3475 3498 καθαιροῦσιν
3501 3422 3661 3482 εὐθύς.

2270 3607 2384 3662 Καὶ
2409 3606 2436 3659 ό
2456 3607 2506 3663 α’
2534 3608 2645 3679 γὰρ
2682 3607 2786 3677 τῆς
2814 3609 2872 3662 ὲν
2906 3607 3320 3680 Νεοκαισαρείᾳ
3384 3605 3474 3660 τὸν
3505 3602 3650 3674 δῆθεν
3673 3613 3739 3650 νο-

2203 3703 2384 3773 μίμως
2411 3705 2632 3768 γυναικὶ
2675 3700 3019 3772 συναφθέντα
3043 3700 3424 3772 πρεσϐύτερον
3469 3697 3564 3767 τῆς
3613 3695 3739 3762 ἱερω-

2201 3793 2367 3866 σύνης
2392 3795 2718 3864 ἀπογυμνοῖ.

2273 3889 2336 3941 Oi
2364 3886 2421 3940 δὲ
2449 3888 2549 3958 τῆς
2578 3885 2632 3952 ς’
2658 3887 2880 3941 συνόδου
2923 3886 3061 3941 θεῖοι
3103 3886 3376 3958 Πατέρες,
3411 3887 3469 3940 ὲν
3497 3881 3563 3952 ιγ’
3588 3875 3740 3934 κανόνι

2202 3980 2606 4052 ἀνατρέποντες
2633 3982 2694 4034 τὸ
2726 3981 2784 4033 έν
2805 3983 2873 4052 τῇ
2899 3979 3010 4034 τῶν
3039 3979 3295 4034 Λατίνων
3324 3975 3614 4047 Ἐκκλησία
3634 3984 3741 4038 κρα-

2201 4073 2375 4144 τῆσαν
2405 4072 2547 4139 ἔθος,
2580 4072 2639 4126 τό
2671 4074 2799 4136 τοὺς
2826 4073 3346 4142 χειροτονουμένους
3387 4069 3558 4140 ἱερέας
3585 4081 3634 4116 τε
3667 4055 3741 4112 καὶ

2201 4167 2486 4232 διακόνους
2534 4167 2749 4230 πίστεις
2807 4167 3073 4236 πρότερον
3105 4165 3337 4230 διδόναι,
3383 4160 3421 4234 ἦ
3454 4161 3554 4232 μὴν
3577 4154 3741 4211 τελέως

2205 4259 2346 4332 μετὰ
2368 4260 2467 4330 τὴν
2495 4259 2830 4331 χειροτονίαν
2861 4256 3160 4327 ἀφέξεσθαι
3199 4257 3312 4311 τῶν
3337 4257 3445 4326 πρὸ
3466 4251 3650 4318 ταύτης
3677 4258 3742 4296 νο·

519 4355 648 4402 ante
678 4348 1082 4402 ordinationem
1111 4364 1238 4403 cum
1269 4349 1350 4404 eis
1375 4351 1646 4419 capulatte
1676 4349 1905 4417 fuerint,
1962 4351 2097 4416 Nos,

2205 4352 2390 4422 μίμως
2416 4349 2819 4420 συζευχθεισῶν
2855 4349 3041 4412 αὐτοῖς
3072 4347 3377 4418 γυναικῶν,
3395 4345 3597 4415 Ἡμεῖς,
3617 4336 3742 4407 φασὶν

520 4442 805 4510 inquiunt,
849 4442 1015 4496 etiam
1069 4454 1194 4512 post
1224 4443 1635 4498 ordinationem
1677 4459 1899 4500 manere
1942 4445 2097 4500 ﬁrma

2203 4447 2300 4499 καὶ
2344 4446 2484 4516 μετά
2508 4444 2607 4514 τὴν
2661 4441 3020 4514 χειροτονίαν,
3050 4438 3332 4512 ἐρρῶσθαι
3361 4439 3430 4493 τὰ
3475 4432 3742 4490 συνοικέσια

522 4533 777 4588 volumus
794 4548 983 4587 eorum
1007 4532 1382 4600 matrimonia,
1412 4534 1504 4604 qui
1531 4535 1696 4606 digne
1725 4536 2097 4592 sacerdotium

2207 4537 2538 4610 βουλόμεθα,
2572 4536 2680 4590 τῶν
2715 4534 2884 4599 ἀξίως
2937 4535 3038 4606 τῆς
3080 4534 3391 4605 ἱερωσύνης
3445 4524 3743 4600 ἠξιωμένων,

523 4625 810 4680 consecuti
861 4633 1011 4690 sunt,
1059 4641 1128 4677 ne.
1169 4625 1487 4680 hcnedictas
1535 4625 1756 4682 Domini
1804 4628 2099 4697 praesentia

523 4718 750 4788 nuptias
803 4719 1143 4774 contumelia
1209 4720 1519 4773 clanculum
1582 4720 1885 4775 adiciamus
1935 4742 1951 4776 :
2004 4721 2099 4790 qui

523 4823 781 4882 pratterea
847 4812 1258 4881 pronuntiavit,
1316 4813 1596 4868 hominem
1656 4829 1918 4882 separare
1992 4830 2102 4870 non

521 4907 743 4968 debere,
775 4921 897 4973 quae
945 4905 1087 4960 Deus
1125 4904 1502 4974 conjunxctit.
1541 4904 1682 4970 Quin
1729 4903 1894 4959 ctiam
1959 4903 2105 4974 Apo-

477 5053 492 5064 _
521 4998 696 5052 stolus
725 4997 1048 5051 houorahile
1075 4997 1345 5053 dicitesse
1373 4997 2100 5061 matrimonium,etlectum

524 5089 897 5158 impollutum.
943 5089 1022 5142 Ac
1056 5103 1277 5142 rursum
1322 5107 1336 5142 :
1387 5106 1406 5139 ‹
1443 5085 1712 5155 Alligatus
1745 5103 1805 5143 cs
1839 5086 2104 5143 mulieri?

523 5178 857 5234 Solutioncm
893 5195 962 5234 ne
992 5178 1244 5250 quaerito.
1283 5197 1302 5231 ι

591 5269 966 5338 Quamobrem
1018 5271 1113 5340 qui
1151 5271 1470 5336 diaconum,
1525 5269 1610 5326 vel
1670 5270 2104 5340 subdiaconum,

524 5363 612 5415 vel
652 5362 1036 5433 presbyterum
1069 5363 1466 5432 conjunctione
1496 5377 1622 5416 cum
1656 5378 1831 5418 uxore
1861 5363 2106 5435 legitima

526 5455 732 5524 privat,
765 5454 1098 5526 deponatur.
1131 5456 1374 5526 Excepto
1400 5465 1582 5510 tamen
1615 5456 1840 5511 deﬁnito
1866 5458 2104 5527 quodam

527 5559 796 5617 tempore,
847 5565 974 5602 cum
1022 5565 1181 5604 sacra
1208 5557 1338 5603 sunt
1367 5549 1682 5613 tractaturi,
1745 5558 1806 5605 ut
1831 5551 1957 5622 puri
2005 5567 2106 5622 pu-

530 5657 648 5694 rum
685 5641 973 5708 adeuntes,
997 5659 1188 5714 preces
1217 5658 1347 5699 suas
1370 5642 1678 5698 obtineant.

604 5821 780 5880 Etiam
812 5825 1089 5884 nonnullis
1121 5843 1334 5894 corum,
1398 5829 1490 5899 qui
1553 5829 1694 5900 apud
1729 5827 1962 5883 Nicaeam
1991 5829 2107 5898 pri-

2207 4633 2294 4686 ἵνα
2327 4632 2402 4704 μὴ
2428 4631 2520 4684 τὸν
2571 4628 2937 4698 εὐλογηθέντα
2999 4629 3068 4697 τῇ
3127 4626 3222 4680 τοῦ
3273 4625 3482 4695 Κυρίου
3513 4611 3744 4690 παρουσίᾳ

2205 4725 2383 4795 γάμον
2434 4721 2689 4790 λάθωμεν
2725 4717 3063 4790 ὑϐρίζοντες,
3100 4717 3194 4770 καὶ¹
3231 4717 3464 4785 προσέτι
3509 4714 3744 4775 ἀποφηναο
3817 4756 3819 4758 ,

2209 4818 2398 4886 μένου,
2431 4832 2450 4868 t
2494 4813 2562 4866 Ἃ
2579 4815 2606 4864 ὁ
2624 4812 2756 4874 Θεὸς
2779 4809 3127 4875 συνέζευξεν,
3146 4809 3437 4878 ἄνθρωπος
3455 4805 3530 4873 μὴ
3554 4795 3741 4886 χωριζέ-

2205 4885 2306 4962 τωο
2323 4927 2341 4960 r
2367 4909 2461 4962 καὶ
2497 4905 2603 4977 μὴν
2624 4906 2719 4958 καὶ
2749 4905 2777 4955 ὁ
2803 4902 3128 4964 Ἀπόστολος
3147 4901 3334 4970 τίμιον
3362 4894 3500 4951 εἶναι
3520 4895 3652 4959 λέγει
3673 4885 3741 4938 τὸν

2207 5001 2406 5069 γάμον,
2428 5000 2524 5052 καὶ
2543 4998 2642 5067 τὴν
2667 4995 2856 5066 κοίτην
2881 4994 3171 5064 ἀμίαντον⁶
3193 4993 3286 5046 καὶ
3312 4991 3498 5044 πάλινο
3534 4981 3739 5037 utilem

2208 5091 2464 5161 γυναικί;
2501 5089 2577 5161 μὴ
2602 5085 2754 5160 ζήτει
2784 5086 2961 5140 λύσιν.
2998 5103 3019 5138 ι

2293 5274 2354 5328 '0
2391 5271 2570 5342 τοίνυν
2591 5267 2914 5338 ἀποστερῶν
2955 5265 3224 5332 διάκονον,
3276 5263 3311 5334 ἢ
3346 5248 3738 5318 ὑποδιάκονον,ῆ

2210 5364 2584 5434 πρεσϐύτερον
2611 5361 2712 5429 τῆς
2749 5360 2886 5427 πρὸς
2914 5357 3015 5428 τὴν
3064 5357 3300 5427 νόμιμον
3351 5355 3576 5423 γυναῖκα
3617 5360 3740 5399 συνα-

2213 5458 2392 5528 φείας,
2427 5451 2822 5526 καθαιρείσθω,
2854 5451 3010 5512 ἐκτὸς
3039 5447 3349 5520 ὡρισμένου
3401 5445 3464 5514 δή
3495 5459 3626 5503 τινος
3649 5451 3739 5489 καε-

2214 5549 2334 5622 ροῦ,
2373 5549 2461 5602 ὅτε
2493 5544 2894 5616 μεταχειρίζειν
2933 5543 3000 5596 τὰ
3039 5541 3172 5610 am
3199 5539 3465 5610 μέλλοιεν,
3499 5537 3579 5588 ἵνα
3609 5528 3736 5584 καθα-

2217 5642 2300 5713 ροί
2329 5639 2408 5708 τῷ
2440 5635 2668 5706 καθαρῷ
2695 5635 3034 5705 προσιόντες,
3069 5632 3179 5686 τῶν
3205 5631 3519 5700 αἰτημάτων
3549 5622 3619 5694 μὴ
3654 5622 3736 5672 δια·

2217 5732 2495 5805 μάρτοιεν.
3467 5816 3479 5820 _
3640 5805 3652 5820 ι

2298 5827 2458 5882 Ἀλλὰ
2480 5825 2570 5880 καί
2607 5840 2713 5878 τισι
2750 5821 2856 5878 τῶν
2879 5821 3009 5893 περὶ
3043 5821 3139 5893 τὴν
3171 5820 3402 5876 Νίκαιαν
3431 5816 3526 5887 τὴν
3557 5816 3739 5879 πρώτην
