3992 6414
237 406 382 476 1149

1205 403 1612 468 SYNTAGMA
1653 403 2276 466 ALPHABETICUM.
2321 431 2390 442 -
2427 400 2500 467 Γ.

3364 395 3506 462 llbd

240 519 678 590 σοστησαμένων
737 517 957 574 σύνοδον
1025 517 1202 573 ἐδόκει
1256 521 1421 590 νόμον
1478 519 1860 590 ἐπεισάγεινη

1973 534 2074 572 um
2099 517 2452 574 celebrabant
2479 515 2803 577 concilium,
2828 511 3116 568 videbatur
3140 511 3506 566 invehendam

241 613 601 676 ἐπισκόπους,
667 611 760 666 καὶ
813 609 1238 681 πρεσϐυτέρους,
1286 613 1569 676 διακόνους
1617 629 1679 667 τε
1727 613 1822 667 καλ⁸

240 704 656 766 ὃποδιακόνους,
701 703 775 774 μὴ
808 702 1198 772 συγκαθεύδειν
1229 703 1366 767 ὅλως
1387 706 1509 768 ταῖς
1530 707 1823 775 γαμεταῖς,

241 797 334 861 ἃς,
363 797 494 866 πρὶν
522 796 554 866 ἦ
581 795 852 866 ἱερᾶσθαι,
886 797 1134 866 νομίμως
1161 796 1455 866 ἠγάγοντο.
1503 797 1562 851 '0
1596 797 1698 868 μέν
1743 813 1827 850 τοι

247 887 613 957 Παφνούτιος.
647 888 774 956 μιᾶς
799 887 910 940 τῶν
931 888 1075 941 κατά
1111 888 1214 950 τάς
1233 887 1421 958 Θήϐας
1466 887 1676 942 πόλεων
1707 889 1830 940 ἐπί-

247 995 455 1040 σκοπος
493 977 592 1038 ὢν.
620 978 760 1048 ἀνὴρ
785 980 850 1032 ἐκ
867 977 1056 1042 παιδὸς
1079 979 1136 1031 ἐν
1167 979 1490 1049 ἀσκητηρίῳ
1512 979 1832 1049 τεθραμμέ-

246 1089 365 1134 νος,
395 1071 488 1124 καὶ
513 1072 697 1124 πᾶσαν
721 1068 1105 1141 κατωρθωκὼς
1129 1069 1354 1140 ἀρετὴν,
1377 1071 1472 1123 ἐπὶ
1507 1070 1832 1142 σωφροσύνῃ

245 1162 310 1216 δέ
344 1163 441 1214 καὶ
478 1161 714 1226 μάλιστα
753 1161 994 1229 γεγονὼς
1043 1161 1386 1231 περιϐόητος,
1439 1161 1502 1214 οὐ
1559 1161 1666 1232 μὴν
1698 1162 1834 1216 ἀλλὰ

250 1256 351 1308 καὶ
377 1254 456 1322 τῷ
480 1255 578 1324 τῆς
609 1253 902 1323 ὁμολογίας
931 1270 1182 1326 στεφάνῳ
1225 1254 1640 1325 κεκοσμημένος
1672 1253 1836 1324 (ἀτε-

255 1367 351 1420 ρος
393 1348 503 1418 γὰρ
526 1347 672 1416 αὐτῷ
690 1346 800 1399 τῶν
834 1346 1130 1414 ὀφθαλμῶν
1153 1345 1220 1400 δι’
1247 1347 1532 1400 εὐσέϐειαν
1565 1345 1836 1418 ἐξορώρυ-

251 1457 358 1494 κτο
377 1437 420 1509 ),
447 1441 670 1494 ἀντεῖπε
695 1439 808 1500 τοῖς
843 1437 1015 1500 οὕτως
1065 1439 1250 1508 έχουσι
1283 1438 1532 1507 γνώμης,
1562 1437 1746 1504 τίμιόν
1777 1455 1836 1490 τε

253 1532 353 1584 τὸν
380 1531 562 1599 γάμον
595 1529 911 1595 ἀποκαλῶν,
941 1531 1037 1583 καὶ
1071 1530 1429 1600 σωφροσύνην
1454 1531 1552 1600 τὴν
1581 1529 1717 1599 πρὸς
1737 1529 1839 1592 τὰς

259 1623 404 1686 ἰδίας
421 1624 671 1691 γαμετὰς
708 1621 924 1690 ὁμιλίαν
945 1639 960 1654 ο
997 1622 1385 1675 συνεϐούλευσε
1417 1639 1475 1675 τε
1511 1624 1579 1692 τῇ
1613 1621 1839 1691 συνόδῳ,

262 1717 344 1786 μὴ
367 1713 608 1768 τοιοῦτον
659 1713 851 1767 θέσθαι
906 1713 1094 1782 νόμον,
1145 1713 1406 1784 δυσχερὲς
1457 1709 1742 1776 εἶναιτοῖς
1780 1715 1841 1765 ἐν

258 1809 458 1877 κόσμῳ
506 1807 754 1875 διάγουσι
784 1806 847 1860 τὸ
880 1809 1114 1874 πρᾶγμα
1151 1806 1338 1876 φέρειν
1374 1805 1810 1875 ἀποφαινόμενος

1930 627 2047 666 rem
2081 609 2525 681 vituperabilem,
2565 617 2626 662 ut
2675 607 2957 678 episcopi,
2983 617 3036 661 et
3084 606 3414 676 presbyteri,
3457 613 3512 658 et

1932 703 2182 767 diaconi,
2217 712 2275 757 et
2301 700 2653 763 subdiaconi,
2686 715 2812 753 cum
2845 699 3119 754 uxoribus
3141 698 3259 752 suis
3284 698 3512 750 omnino

1933 813 2045 852 non
2083 798 2373 859 cubarent,
2418 812 2558 866 quas
2602 795 2759 865 prius
2789 795 3098 857 duxissent,
3125 806 3291 861 quam
3325 806 3514 845 sacer-

1935 889 2105 945 dotiis
2147 889 2528 944 initiarentur.
2575 887 2782 942 Verum
2827 884 3198 956 Paphnutius,
3245 885 3410 937 unius
3449 881 3516 936 ad

1936 981 2160 1036 Thebas
2201 982 2322 1036 sita:
2365 981 2608 1036 civitatis
2650 979 2965 1049 episcopus,
3015 976 3110 1044 qui
3155 975 3239 1029 vir
3289 991 3319 1029 a
3346 989 3518 1044 puero

1937 1069 2212 1126 educatus
2262 1077 2384 1124 erat
2429 1069 2486 1123 in
2537 1070 2657 1124 loco
2717 1068 2826 1137 piis
2874 1068 3158 1123 exercitiis
3207 1066 3414 1127 dicato,
3463 1073 3521 1119 et

1938 1176 2159 1218 omnem
2196 1161 2458 1217 virtutem
2516 1160 2756 1230 perfecte
2815 1161 3082 1225 coluerat,
3126 1175 3190 1214 ac
3244 1157 3522 1226 in'primis

1942 1254 2168 1308 nomine
2204 1253 2477 1308 castitatis
2504 1253 2934 1314 celebrabatur,
2991 1252 3102 1305 imo
3159 1251 3254 1320 qui
3306 1250 3522 1304 confes—

1943 1346 2120 1401 sionis
2161 1347 2325 1401 etiam
2383 1361 2593 1400 corona
2638 1344 2821 1399 fuerat
2875 1353 3136 1408 ornatus,
3204 1343 3348 1412 quod
3385 1343 3526 1394 alter

1944 1439 2141 1493 oculus
2194 1439 2244 1493 ei
2277 1447 2500 1508 propter
2532 1437 2794 1507 pietatem
2840 1437 3079 1491 eﬂ'ossus
3134 1444 3320 1500 esset,
3385 1435 3528 1485 hanc

1948 1530 2282 1585 sententiam
2341 1531 2702 1601 probantibus
2745 1528 3104 1592 contradixit.
3164 1541 3291 1582 cum
3354 1526 3530 1580 hono-

1948 1624 2154 1681 rabiles
2207 1638 2332 1678 esse
2383 1623 2593 1677 diceret
2645 1623 2890 1691 nuptias,
2945 1631 3000 1674 et
3061 1617 3526 1674 consuetudinem

1950 1731 2076 1770 cum
2107 1716 2375 1770 uxoribus
2410 1715 2710 1785 appellaret
2734 1715 3070 1769 castitatem.
3111 1712 3374 1779 Adeoque
3403 1724 3526 1777 syn.

1951 1819 2144 1863 auctor
2178 1817 2318 1872 erat,
2357 1822 2428 1861 ne
2470 1807 2645 1876 legem
2688 1807 2830 1860 hanc
2885 1805 3345 1874 promulgarent:
3381 1800 3530 1870 quod

265 1899 406 1962 ἴσως
435 1899 546 1969 γάρ
577 1899 735 1952 τοῦτό
764 1916 826 1967 γε
858 1899 956 1952 καὶ
988 1899 1195 1962 αὐτοῖς,
1239 1899 1332 1952 καὶ
1362 1899 1483 1958 ταῖς
1512 1897 1716 1950 τούτων
1747 1916 1848 1965 γα-

1973 1914 2094 1952 ianc
2124 1913 2239 1951 rem
2273 1897 2328 1951 in
2376 1899 2585 1952 mundo
2626 1899 2957 1969 degentibus
2991 1896 3226 1952 toleratu
3253 1894 3530 1950 diﬂicilem

267 1994 484 2060 μεταῖς,
513 1989 608 2042 τοῦ
644 1990 718 2060 μὴ
749 1990 1048 2056 σωφρονεῖν
1079 1989 1230 2042 αἰτία
1257 1990 1550 2056 γενήσεται
1569 2004 1586 2020 ⁶
1616 1990 1761 2044 κατὰ
1790 1989 1847 2042 δέ

262 2084 369 2154 τὴν
396 2083 632 2154 ἀρχαίαν
687 2082 785 2150 τῆς
835 2079 1167 2147 Ἐκκλησίας
1220 2080 1537 2151 παράδοσιν,
1572 2083 1698 2144 τοὺς
1749 2081 1850 2151 μὲν

263 2174 523 2242 ἀγάμους
577 2171 674 2225 τοῦ
734 2171 1011 2242 ἱερατικοῦ
1063 2171 1344 2238 τάγματος
1389 2173 1848 2239 κοινωνήσαντας,

269 2266 475 2338 μηκέτι
499 2265 702 2334 γαμεῖν
722 2279 737 2295 ο
765 2264 894 2326 τοὺς
925 2263 982 2316 δέ
1014 2262 1154 2332 μετὰ
1187 2262 1278 2316 τδν
1299 2261 1478 2329 γάμον
1498 2263 1579 2325 είς
1627 2261 1855 2332 ἱερωσύ-

267 2376 374 2430 νην
401 2353 896 2427 προϐιϐασθέντας,
927 2348 1002 2408 ὧν
1031 2355 1215 2424 έχουσι
1251 2352 1510 2424 γαμετῶν
1538 2353 1597 2406 οὐ
1628 2353 1855 2423 χωρίζε-

271 2447 426 2501 σθαι.
459 2443 648 2501 Ταῦτα
709 2445 810 2515 μὲν
842 2447 870 2496 ὁ
916 2444 1277 2513 Παφνούτιος,
1323 2445 1423 2500 καὶ
1469 2442 1646 2498 ταῦτα
1677 2442 1854 2514 γάμου

195 2551 200 2556 “
269 2539 505 2608 ἄπειρος
549 2535 661 2592 ὤν’
695 2535 927 2606 ἐπῄνεσε
967 2535 1026 2588 δέ
1068 2535 1168 2601 τὴν
1195 2535 1291 2588 τοῦ
1337 2534 1627 2589 θεσπεσίου
1663 2535 1856 2606 ἀνδρὸς

272 2611 572 2700 εἰσήγησιν
589 2627 686 2681 καὶ
711 2628 744 2697 ἡ
764 2625 1004 2690 σύνοδος,
1039 2626 1136 2678 καὶ
1168 2625 1322 2680 οὐδὲν
1346 2626 1478 2696 περὶ
1500 2625 1691 2702 τούτου
1708 2644 1858 2681 νενο-

278 2720 608 2792 μοθέτηκεν,
639 2715 778 2772 ἀλλὰ
817 2719 885 2786 τῇ
925 2715 1159 2769 ἐκάστου
1181 2714 1376 2787 γνώμῃ
1399 2716 1461 2768 τὸ
1488 2716 1861 2785 πρᾶγμα,καῖ¹

273 2815 380 2867 οὐκ
408 2813 625 2882 ἀνάγκῃ
656 2809 840 2862 θέσθαι
870 2809 1173 2878 νενόμικεν.
1205 2807 1364 2862 Οὕτω
1399 2807 1652 2876 θεοφιλὴς
1683 2809 1712 2858 ό
1745 2809 1862 2860 Πα-

277 2905 531 2974 φνοὺτιος
563 2895 716 2964 οὗτος
737 2897 826 2972 ἦν,
851 2901 926 2964 ὠς
945 2902 1038 2953 καὶ
1069 2903 1274 2969 σημεῖα
1299 2900 1593 2970 θαυμαστά
1613 2900 1862 2969 γίνεσθαι

277 2998 374 3052 ὑπ’
397 2995 562 3052 αὑτοῦ
586 3011 598 3024 ’
629 2995 836 3063 σφόδρα
865 2993 921 3046 δὲ
943 2994 971 3046 ὀ
993 2992 1246 3062 βασιλεὺς
1266 2993 1674 3054 Κωνσταντῖνος
1699 2992 1865 3061 ἐτίμα

277 3091 372 3142 τὸν
406 3089 599 3158 ἄιδρα,
631 3087 726 3139 καὶ
781 3084 1019 3155 συνεχῶς
1050 3086 1146 3137 ἐπὶ
1199 3084 1269 3136 τὰ
1299 3082 1546 3152 βασίλεια
1589 3083 1866 3152 μετεπέμ-

281 3199 440 3246 πετο,
478 3180 576 3234 καὶ
607 3177 701 3232 τὸν
734 3175 1182 3247 ἐξορωρυγμένον
1210 3173 1494 3244 ὀφθαλμὸν
1524 3173 1827 3244 κατεφίλει.

1951 1991 2183 2047 diceret.
2232 1989 2369 2044 Nam
2409 1990 2669 2046 fortassis
2705 1992 2812 2046 huc
2845 2001 2955 2044 tam
2982 1989 3140 2059 ipsis,
3177 2004 3343 2057 quant
3381 1987 3534 2055 ipso-

1951 2098 2074 2137 rutn
2110 2083 2387 2138 uxoribus
2422 2096 2649 2138 causam
2683 2082 2870 2135 minus
2904 2090 3055 2135 caste
3076 2079 3299 2134 vivendi
3336 2076 3536 2148 prahi-

1954 2178 2168 2225 turum.
2199 2170 2275 2224 Ex
2303 2171 2486 2241 prisca
2513 2172 2737 2239 quidem
2763 2171 3025 2226 Ecclesiae
3049 2171 3348 2226 traditione
3374 2177 3539 2238 quot-

1953 2274 2090 2333 quot
2119 2271 2381 2332 expertes
2401 2263 3170 2319 matrimoniisacerdotalem
3200 2263 3255 2317 in
3288 2261 3537 2316 ordinem

1955 2357 2198 2425 cooptati
2257 2354 2518 2422 fuissent,
2579 2371 2690 2410 non
2747 2356 2990 2425 amplius
3048 2369 3252 2410 uxores
3289 2354 3540 2407 ducere:

1956 2447 2053 2519 qui
2097 2462 2246 2502 .vero
2303 2457 2430 2516 post
2481 2457 2828 2502 contractum
2895 2446 3312 2502 matrimonium
3369 2443 3542 2498 erecti

1958 2545 2147 2594 essent
2170 2537 2240 2593 ad
2270 2538 2664 2602 sacerdotium,
2703 2553 2800 2594 eos
2836 2539 2906 2593 ab
2941 2537 3232 2606 uxoribus,
3262 2551 3402 2605 quas
3437 2535 3544 2589 ha—

1959 2631 2186 2694 bebant,
2221 2645 2332 2685 non
2364 2631 2634 2700 separari.
2663 2629 2729 2684 Et
2760 2631 2874 2684 haec
2910 2629 3131 2700 quidem
3165 2627 3536 2696 Paphnutius,

1962 2741 2281 2796 quanquam
2313 2726 2433 2795 ipse
2471 2727 2809 2780 matrimonii
2831 2740 3030 2794 expers
3049 2730 3218 2778 esset.
3241 2721 3540 2775 Collamla~

1963 2815 2039 2868 vit
2061 2813 2363 2868 orationem
2391 2813 2635 2868 hominis
2666 2813 2840 2868 ditini
2867 2813 3131 2883 synodus,
3159 2826 3338 2880 neque
3355 2811 3421 2862 de
3445 2809 3551 2862 hoc

1964 2903 2266 2974 quidquam
2318 2902 2714 2974 promulgavit.
2748 2903 2844 2958 sed
2882 2919 2997 2956 rem
3028 2902 3262 2982 arbitrio
3299 2898 3546 2968 cujusvis

1967 2993 2448 3060 committendam,
2505 3011 2614 3049 non
2657 2995 2933 3050 coactioni
2981 2994 3201 3050 statuit.
3237 2993 3388 3046 Adeo
3423 3006 3554 3046 vero

1967 3088 2264 3158 religiosus
2305 3097 2427 3143 crat
2461 3088 2589 3158 .ipse
2631 3087 3006 3160 Paphnutius,
3065 3097 3123 3142 ut
3167 3087 3332 3141 etiam
3377 3085 3556 3140 admi-

1970 3181 2144 3233 randa
2182 3179 2434 3249 quzedam
2469 3180 2720 3250 prodigia
2749 3195 2848 3250 per
2878 3195 3002 3233 eum
3040 3176 3257 3232 liercnt.
3315 3177 3380 3230 Et
3410 3176 3543 3230 (lon-

284 3274 568 3328 stantinns
606 3271 906 3340 imperator
952 3269 1234 3323 hominem
1290 3281 1488 3335 magno
1533 3266 1773 3322 habebat
1831 3266 1886 3322 in
1926 3274 2126 3340 pretio,
2176 3283 2232 3328 et
2284 3273 2604 3343 frequenter
2653 3273 2722 3327 ad
2774 3273 2959 3327 aulam
2993 3272 3338 3334 arcessebat,
3413 3286 3544 3326 eru-

284 3376 514 3434 tumque
541 3363 763 3418 oculum
787 3361 1236 3416 exosculabatur.

355 3454 448 3524 Τῷ
477 3453 534 3506 δὲ
569 3458 602 3506 ι’
657 3453 758 3522 τῆς
791 3452 1144 3522 ἐν”Αγκύρξι
1210 3452 1455 3524 μηδόλως
1488 3453 1735 3524 πρόσχῃς
1765 3454 1856 3507 τὸν

2036 3456 2142 3527 61
2175 3454 2446 3511 Caeterum
2468 3470 2592 3528 syn.
2619 3454 2824 3526 Ancyr.
2865 3469 2990 3511 can.
3022 3455 3090 3509 10
3124 3471 3229 3508 non
3257 3453 3560 3509 attenden-

285 3545 437 3610 νῶν,
464 3543 726 3599 δύνασθαι
756 3543 968 3612 λέγοντι
998 3546 1200 3614 γαμεῖν
1221 3543 1314 3597 τὸν
1342 3545 1590 3598 διάκονον
1612 3547 1707 3598 καῖ⁵
1732 3546 1872 3616 μετά

285 3637 388 3707 τὴν
439 3636 778 3708 χειροτονίαν
830 3638 897 3708 τῇ
959 3634 1056 3689 τοῦ
1121 3637 1322 3690 οἰκείου
1385 3637 1691 3690 ἐπισκόπου
1749 3640 1873 3691 ἐπι-

287 3730 492 3799 τροπῇ.

985 3821 1205 3890 Νόμος.

361 3913 502 3984 Φησὶ
531 3912 642 3983 γὰρ
664 3912 698 3982 ἠ
730 3912 902 3982 νεαρὰ
930 3911 1026 3966 τοῦ
1069 3912 1338 3983 βασιλέως
1385 3914 1614 3978 Λέοντος
1647 3915 1740 3968 τοῦ
1777 3915 1878 3967 Σο-

293 4005 421 4075 φοῦ,
466 4005 541 4068 ὡς
599 4005 648 4057 εί
705 4006 800 4058 καὶ
825 4003 933 4057 ἀπὸ
988 4005 1280 4075 συνηθείας
1330 4005 1582 4076 ἀγράφου
1611 4007 1740 4074 ἐξῆν
1768 4009 1878 4069 τοῖς

297 4095 620 4165 ίερωμένοις
674 4094 824 4155 ἐντὸς
874 4093 1162 4156 δεκαετίας
1222 4095 1363 4164 μετὰ
1411 4095 1516 4164 τὴν
1544 4099 1880 4166 χειροτονίαν

295 4187 682 4256 ψηφιζομένης
740 4185 1041 4255 λαμϐάνειν
1089 4186 1355 4255 νομίμους
1397 4191 1686 4255 γυναῖκας,
1743 4189 1882 4240 ἀλλὰ

295 4278 478 4342 τοῦτο,
517 4280 593 4338 ὡς
628 4278 732 4331 ὑπὸ
755 4278 865 4332 τῶν
887 4277 1132 4332 κανόνων
1160 4278 1568 4348 κεκωλυμένον,
1603 4279 1705 4333 οὐκ
1731 4279 1884 4349 ὀφεί-

301 4371 385 4424 λει
412 4373 658 4438 κρατεῖν.

378 4462 440 4514 Ὀ
474 4459 799 4530 χειροτονῶν
833 4459 1050 4532 ἄγαμον
1079 4460 1342 4532 ἐρωτάτω
1371 4461 1556 4526 αὐτὸν,
1587 4462 1636 4514 εί
1659 4461 1883 4516 δύναται

302 4555 473 4623 χωρὶς
498 4551 736 4622 νομίμου
767 4553 1013 4622 γαμετῆς
1045 4553 1260 4623 σεμνῶς
1291 4553 1462 4623 βιοῦν,
1497 4555 1590 4606 καὶ
1619 4556 1670 4606 εί
1723 4557 1889 4609 κατά-

301 4645 470 4709 θοιτο,
505 4645 695 4698 τοῦτον
722 4645 1124 4716 χειροτονείτω.
1143 4643 1202 4699 Ὃ
1226 4647 1284 4698 δέ
1307 4646 1620 4714 ἐπιτρέπων
1653 4647 1887 4716 διακόνῳ

305 4738 546 4804 γυναῖκα
576 4737 714 4804 μετά
733 4737 832 4806 τὴν
859 4737 1195 4807 χειροτονίαν
1218 4738 1426 4802 λαϐεῖν,
1453 4737 1554 4805 τῆς
1581 4738 1889 4807 ἐπισκοπῆς

1971 3549 2127 3616 dum,
2179 3550 2276 3618 qui
2331 3565 2500 3621 posse
2547 3550 2681 3606 dicit
2729 3549 3026 3605 diaconum
3076 3565 3303 3604 uxorem
3354 3549 3558 3605 ducere

1973 3641 2140 3696 etiam
2167 3636 2292 3712 post
2327 3642 2758 3709 ordinationem,
2793 3642 3038 3713 episcopi
3072 3642 3158 3696 sui
3193 3642 3494 3711 permissu.

2707 3823 2841 3878 Lex.

2052 3914 2269 3986 Quippe
2310 3913 2534 3981 Leonis,
2594 3917 2931 3986 cognomine
2982 3915 3290 3985 Sapientis,
3346 3913 3564 3971 novella

1981 4010 2150 4076 dicit,
2181 4009 2404 4064 tametsi
2430 4026 2496 4063 ex
2526 4009 2942 4064 consuetudine
2965 4025 3074 4064 non
3109 4009 3317 4075 scripta
3348 4005 3569 4060 licuerit

1982 4100 2369 4156 sacerdotibus
2407 4100 2552 4154 intra
2602 4101 2961 4163 decennium,
3000 4109 3124 4168 post
3153 4099 3562 4153 ordinationem

1983 4195 2439 4263 computandum,
2487 4193 2764 4260 legitimas
2824 4207 3026 4247 uxores
3091 4191 3318 4258 ducere,
3383 4201 3568 4248 tamen

1987 4284 2114 4349 hoc,
2161 4283 2778 4352 tanquamprobibitum
2807 4298 2837 4337 a
2867 4283 3198 4350 canonibus,
3237 4283 3420 4338 valere
3457 4301 3566 4338 non

1986 4374 2206 4429 debere.

2057 4463 2164 4530 Qui
2229 4472 2508 4534 expertem
2565 4464 2913 4520 matrimonii
2969 4465 3216 4530 ordinat,
3271 4468 3577 4537 interroget

1989 4569 2139 4617 eum,
2175 4569 2243 4608 an
2268 4554 2478 4624 absque
2506 4555 2744 4624 legitima
2775 4572 2950 4611 uxore
2977 4557 3146 4611 vitam
3169 4569 3380 4612 castam
3416 4574 3579 4626 agere

1991 4645 2189 4715 possit.
2229 4645 2286 4700 Si
2323 4645 2428 4701 hoc
2457 4645 2737 4704 facturum
2772 4664 2832 4703 se
2878 4657 3134 4713 testetur,
3167 4649 3448 4704 hominem
3483 4665 3580 4704 or-

1996 4737 2172 4794 dinet.
2209 4737 2313 4806 Qui
2341 4756 2475 4796 vero
2503 4743 2740 4798 diacono
2770 4741 3066 4811 permittit,
3099 4751 3161 4794 ut
3191 4751 3318 4808 post
3357 4742 3580 4796 ordina-

308 4828 694 4882 ἐκϐαλλέσθωο
736 4804 1114 4899 πρεσϐύτερος
1147 4829 1226 4891 δὲ,
1255 4831 1288 4902 ἢ
1316 4804 1583 4894 διάκονος,
1609 4829 1644 4900 ἢ
1673 4804 1860 4887 ὐποὸιά

2001 4833 2202 4886 tionem
2228 4804 2396 4888 ducat
2424 4849 2678 4897 uxorem,
2712 4804 3041 4902 episcopatu
3070 4804 3384 4902 expellitur.
3421 4832 3584 4914 Pres-

309 4935 491 4985 κονος,
525 4919 664 4988 μετὰ
684 4918 784 4991 τὴν
807 4919 1142 4990 χειροτονίαν
1171 4920 1392 4991 γαμῶν,
1445 4920 1767 4976 ἐκϐάλλεται
1795 4923 1890 4975 τοῦ

308 5014 410 5082 κλή
420 5031 513 5083 ρον
522 5052 536 5066 .

385 5107 510 5168 Τοῖς
538 5105 824 5177 κληρικοῖς
849 5105 1241 5174 ἐπιτέτραπται
1269 5105 1535 5175 νομίμους
1561 5105 1707 5176 ἔχειν
1723 5123 1898 5185 γαμε-

314 5213 438 5260 τας.

387 5289 452 5342 Οἱ
473 5288 674 5357 ψάλται
724 5289 818 5340 καὶ
869 5291 916 5342 οἱ
949 5288 1298 5358 άναγνῶσται
1350 5288 1607 5344 δύνανται
1643 5290 1894 5359 νομίμως

316 5383 545 5449 γαμεῖν·
597 5380 646 5432 οἱ
688 5378 743 5432 δὲ
783 5381 1152 5442 ὕποδιάκονόι,
1206 5382 1301 5435 κοιλΙ
1331 5382 1588 5447 διάκονοι,
1629 5382 1726 5436 καὶ
1765 5399 1899 5453 πρε-

320 5473 614 5543 σϐύτεροι,
673 5471 932 5537 καθάπαξ
997 5473 1367 5527 κεκώλυνται*
1423 5474 1546 5528 ὅθεν
1589 5474 1795 5527 τούτων
1848 5475 1898 5527 οἱ

319 5566 484 5635 γάμῳ
513 5564 942 5635 κοινωνήσαντες
973 5566 1297 5619 ἐκπίπτουσι
1327 5568 1425 5637 τῆς
1461 5567 1784 5640 ἱερωσύνης.

889 5657 1068 5726 Ὄρος
1115 5657 1328 5726 γάμου.

390 5749 572 5820 Γάμος
622 5749 774 5801 ἐστὶν
813 5750 1010 5820 ἀνδρὸς
1065 5752 1160 5803 καὶ
1217 5753 1473 5820 γυναικὸς
1509 5755 1775 5823 συνάφεια
1804 5755 1898 5808 καὶ

318 5843 704 5914 συγκλήρωσις
737 5842 914 5912 πάσης
959 5841 1126 5916 ζωῆς,
1161 5845 1307 5898 θείου
1336 5863 1395 5900 τε
1427 5849 1520 5902 καὶ
1549 5847 1896 5919 ἀνθρωπίνου

1999 4924 2160 4995 byter
2206 4935 2303 4980 aut
2353 4928 2754 4990 subdiaconus,
2827 4927 2923 4996 qui
2983 4935 3108 4996 post
3172 4926 3582 4983 ordinationem

2004 5018 2288 5074 contrahit
2325 5019 2573 5087 nuptias,
2603 5031 2634 5073 e
2663 5027 2809 5072 cwtu
2843 5017 2976 5072 cleri
3007 5017 3245 5085 ejicitur.

2067 5110 2299 5166 Clericis
2354 5119 2440 5166 est
2494 5111 2850 5182 permissum,
2905 5119 2963 5165 ut
3006 5111 3284 5182 legitimas
3339 5112 3586 5169 habeant

1995 5217 2221 5257 uxores.

2054 5288 2332 5350 Cantores
2354 5301 2408 5348 et
2432 5293 2667 5349 lectores
2693 5295 2919 5364 nuptias
2939 5294 3220 5365 legitimas
3246 5296 3584 5350 contrahere

1991 5395 2250 5456 possunt,
2297 5395 2354 5440 at
2389 5386 2720 5443 subdiaconi
2778 5397 2832 5444 et
2880 5369 3189 5460 presbyteri
3223 5389 3453 5443 omnino
3496 5389 3578 5457 (id

1995 5479 2201 5549 facere)
2243 5480 2797 5550 prohibenturzquo
2847 5483 2908 5535 [it
2961 5492 3021 5536 ut
3056 5490 3333 5551 quotquot
3387 5495 3581 5534 eorum

2008 5574 2350 5630 matrimonii
2404 5575 2703 5644 participes
2744 5576 2900 5637 ﬁunt.
2946 5575 3207 5630 excidant
3251 5575 3586 5630 sacerdotio.

2487 5666 2824 5722 Matrimonii
2851 5667 3125 5735 deﬁnitio.
3423 5709 3438 5728 ,
3647 5661 3650 5664 ’

2079 5756 2492 5812 Matrimonium
2523 5767 2610 5814 est
2635 5759 2959 5828 conjunctio
2985 5757 3156 5812 maris
3188 5767 3245 5813 et
3274 5757 3515 5826 l'cminm,
3540 5770 3596 5816 et

2009 5851 2198 5909 oninis
2220 5851 2344 5907 vita:
2369 5851 2733 5919 consortium,
2761 5852 2998 5908 diviniet
3030 5851 3256 5910 humani
3283 5851 3428 5924 juris
3447 5869 3598 5910 cont-
