3992 6412
534 372 667 440 £15!

1733 385 2106 449 ΜᾹΤΤΗῶι
2146 383 2588 448 BLASTARIS

3625 399 3729 462 115!

542 495 866 566 municatio,
900 498 1017 556 sive
1041 513 1140 571 per
1171 499 1640 570 benedictionem,
1683 505 1801 562 sive
1824 521 1924 574 per
1951 522 2100 564 coro‘

2220 507 2434 562 δικαίου
2461 507 2743 573 κοινωνία,
2775 507 2884 561 eiu
2907 505 2979 560 δι’
3005 505 3274 577 εὐλογίας,
3313 509 3419 564 εἴτε
3458 511 3539 567 διὰ
3573 531 3729 585 mea.

463 636 470 642 .
534 590 849 656 nationem,
916 591 1035 649 sive
1089 609 1187 665 per
1243 598 1671 651 instrumentum
1725 601 2118 658 contrahatur.

2226 591 2498 668 νώματος,
2532 600 2568 670 ἢ
2609 601 2700 654 διὰ
2730 599 3061 670 συμϐολαίου
3087 617 3104 632 ο
3149 602 3217 656 τά
3241 601 3298 656 δέ
3334 605 3475 675 παρά
3494 602 3637 662 ταῦτα
3661 627 3729 680 γε·

534 680 668 747 Quae
715 693 900 738 autem
948 697 1150 754 praeter
1187 687 1355 744 hosce
1395 689 1593 746 modos
1631 689 1776 746 facta
1831 701 1986 759 sunt,
2021 707 2100 765 pst

2225 691 2432 762 νόμενα
2459 691 2538 756 ὡς
2579 691 2656 762 μὴ
2685 690 2952 760 γεγονότα
2973 691 3302 761 λογίζονται.

534 788 645 827 non
669 775 972 830 contractis
1005 775 1302 833 habentur.

604 861 908 933 Legitimas
937 878 1122 922 autem
1172 868 1394 938 nuptias
1424 869 1574 925 inter
1601 885 1662 926 se
1710 869 1949 927 Romani
1980 885 2118 928 con-

537 960 786 1024 trahunt,
833 979 958 1016 cum
1000 977 1062 1017 ea
1098 976 1346 1031 servant,
1384 982 1510 1036 qua:
1557 968 1772 1038 legibus
1803 969 1873 1025 de
1904 969 2117 1040 nuptiis

527 1061 807 1123 praecepta
839 1063 991 1108 sunt.
1025 1054 1258 1124 Oportet
1289 1067 1474 1112 autem
1520 1074 1705 1115 mares
1737 1061 1958 1130 quidem
1992 1075 2118 1117 esse

531 1145 768 1212 puberes
792 1188 806 1211 ,
839 1145 1074 1203 feminas
1094 1163 1227 1204 vero
1251 1151 1352 1205 viri
1379 1161 1668 1221 potentes;
1727 1153 1831 1209 hoc
1855 1164 1959 1219 est,
1987 1154 2115 1210 illos

528 1237 790 1292 excedere
821 1239 1093 1295 decimum
1142 1251 1406 1310 quartum
1455 1259 1690 1319 annum,
1737 1245 1837 1302 has
1874 1244 2115 1316 majores

527 1343 654 1384 esse
704 1329 997 1387 duodecim
1033 1333 1222 1387 annis.
1275 1333 1400 1390 Haec
1456 1345 1642 1390 autem
1693 1335 1957 1402 dicimus,
1996 1337 2115 1394 sive

531 1421 952 1489 patresfamilias
990 1429 1122 1494 sint,
1155 1428 1272 1482 sive
1303 1427 1650 1487 ﬁliifamilias
1683 1429 1745 1496 ii,
1776 1431 1874 1503 qui
1909 1440 2116 1487 coeunt

526 1513 582 1568 in
613 1516 1052 1574 matrimonium.

596 1603 817 1676 Nuptiae
854 1624 967 1665 non
991 1611 1130 1668 liunt
1159 1613 1266 1668 nisi
1297 1616 1654 1672 consentiant
1687 1625 1796 1672 tam
1819 1617 1861 1672 ἰι
1894 1634 1991 1688 qut
2013 1632 2111 1676 co-

524 1696 807 1766 pulantur,
841 1717 1009 1771 quam
1045 1705 1144 1773 qui
1175 1719 1274 1761 eos
1309 1707 1512 1763 habent
1543 1709 1596 1763 in
1632 1718 1926 1779 potestate.

593 1786 824 1857 Nuptias
870 1807 981 1849 non
1029 1795 1136 1850 viri
1166 1812 1294 1852 cum
1337 1799 1570 1854 muliere
1600 1801 1960 1870 concubitus,
2014 1803 2110 1859 sed

527 1880 963 1940 matrimonialis
992 1901 1188 1942 eorum
1224 1903 1536 1947 consensus
1563 1891 1718 1951 iacit.

591 2059 765 2116 Filius
788 2065 1172 2135 emancipatus
1209 2069 1430 2139 plenam
1464 2086 1635 2144 agens
1669 2083 1913 2142 atatem,
1940 2075 2108 2132 etiam

523 2153 646 2208 sine
680 2169 957 2212 consensu
993 2161 1172 2228 patris
1209 2179 1438 2219 uxorem
1466 2167 1642 2224 ducit.

588 2245 797 2305 Luctus
820 2251 1239 2308 ascendentium
1264 2272 1373 2312 non
1403 2257 1635 2328 impedit
1666 2262 1892 2330 nuptias
1916 2278 2105 2320 carum

515 2351 880 2406 personarum
916 2359 1040 2413 qua:
1069 2345 1281 2416 lugent.

589 2429 695 2496 Qui
733 2433 870 2488 vivit
900 2435 956 2489 in
998 2439 1278 2504 castitate,
1326 2457 1395 2496 ne
1429 2455 1664 2510 cOgatur
1717 2460 1746 2500 a
1805 2459 1965 2517 patre
2002 2465 2106 2508 suo

514 2525 844 2581 cont-aluere
870 2529 1116 2599 nuptias,
1147 2535 1371 2588 tametsi
1397 2535 1788 2593 ﬁliusfamilias
1817 2541 1911 2596 sit.

581 2725 754 2786 Nemo
795 2741 1012 2789 secreto
1051 2745 1373 2802 coronetur,
1417 2738 1515 2795 sed
1555 2740 1812 2811 pluribus
1858 2759 2104 2816 praesen-

510 2821 683 2878 tibus.
714 2823 819 2889 Qui
872 2834 1059 2883 autem
1092 2828 1260 2885 fuerit
1295 2845 1466 2888 ausus
1498 2833 1785 2902 id'lacere,
1823 2853 1987 2904 paena
2013 2855 2104 2896 ca-

516 2913 753 2985 stigetur
800 2932 816 2970 :
859 2917 932 2973 ita
990 2921 1205 2977 scilicet
1253 2933 1316 2978 ut
1357 2926 1523 2982 etiam
1581 2943 1610 2982 a
1640 2931 1950 2998 sacerdote,
2006 2934 2102 3004 qui

510 3007 679 3062 rebus
711 3008 1025 3069 inhonestis
1070 3025 1246 3071 semet
1294 3017 1715 3089 interposuerit,
1773 3024 1938 3095 digna
1967 3041 2102 3096 sup-

508 3099 674 3168 plicia
723 3101 1036 3174 exigantur,
1069 3105 1231 3177 juxta
1259 3123 1536 3166 canonum
1585 3114 2098 3174 ecclesiasticorum

507 3191 992 3252 constitutionem.

581 3304 822 3371 Surdus,
854 3319 909 3364 et
944 3289 1160 3378 mutus,
1201 3323 1257 3370 ct
1291 3328 1471 3373 caecus
1502 3319 1728 3388 nuptias
1762 3322 2098 3380 contrahere

505 3408 761 3469 possunt,
787 3411 841 3457 et
863 3402 1012 3459 dotis
1045 3406 1276 3464 nomine
1308 3417 1592 3467 tenentur.

505 3537 660 3594 CAP.
698 3538 792 3594 ΙΙΙ.
821 3539 897 3596 De
921 3542 989 3597 iis
1014 3543 1105 3614 qui
1131 3547 1346 3612 nuptias
1381 3547 1646 3620 legitimas
1686 3550 2093 3608 abominantur.

575 3715 772 3785 Qumre
801 3733 928 3790 cap.
957 3719 991 3775 9
1015 3719 1216 3777 littera:
1257 3724 1317 3778 Β.

505 3851 614 3922 62
647 3852 803 3937 βΔΡ.
850 3854 946 3937 IV.
963 3855 1045 3937 ID:
1073 3861 1504 3937 contrahentibus
1548 3867 1834 3931 secundas,
1884 3869 2094 3937 tertias,

602 3923 780 3992 plures
821 3928 1057 3997 nuptias,
1098 3939 1208 3984 tam
1255 3932 1381 3986 viris
1417 3949 1578 4004 quam
1625 3923 1958 3994 mulieribus.

573 4119 818 4178 Canonis
879 4123 944 4177 l7
985 4133 1309 4181 sanctorum
1350 4135 1532 4198 apost.
1566 4131 1735 4187 verba
1776 4143 1952 4190 sunt:
1987 4132 2092 4202 Qui

505 4215 755 4284 geminas
788 4225 907 4286 post
944 4217 1288 4289 baptismum
1324 4227 1608 4280 contraxit
1641 4227 1887 4297 nuptias,
1919 4229 2003 4284 vel
2039 4230 2092 4284 in

505 4309 899 4364 scortationem
925 4310 1115 4380 lapsus
1144 4323 1252 4380 est,
1276 4330 1388 4370 non
1424 4325 1604 4386 potest
1627 4318 1923 4390 episcopus
1947 4337 2091 4390 esse,

503 4399 591 4454 vel
631 4401 940 4471 presbyter,
969 4402 1055 4456 vel
1086 4404 1378 4472 diaconus,
1415 4408 1500 4464 vel
1523 4410 1749 4466 omnino
1780 4413 1924 4467 sacri
1954 4429 2094 4468 con-

504 4494 690 4549 sortii.
729 4491 864 4548 Nam
912 4506 1204 4568 postquam
1251 4500 1494 4571 Spiritus
1535 4504 1714 4559 sancti
1758 4505 1938 4576 gratia
1990 4521 2091 4576 per

504 4585 651 4641 sacri
715 4587 1063 4658 baptismatis
1115 4593 1462 4662 mysterium,
1522 4594 1675 4664 quod
1743 4611 1846 4652 nec
1908 4597 2091 4653 verbis

505 4677 767 4747 exprimi,
818 4695 922 4736 nec
955 4680 1176 4754 concipi
1239 4694 1420 4740 mente
1457 4696 1666 4757 potest,
1714 4688 1784 4742 ab
1831 4689 2093 4746 omnibus

506 4769 765 4827 sordibus
799 4771 931 4827 eluit
954 4787 1106 4839 eum,
1159 4775 1254 4846 qui
1304 4775 1636 4847 baptizatur,
1673 4787 1728 4835 et
1755 4779 1897 4837 lucis
1923 4797 2094 4852 capa-

503 4877 624 4918 cem
676 4862 807 4920 fecit
841 4883 855 4920 :
888 4866 1029 4921 nihil
1073 4869 1314 4939 amplius
1364 4869 1758 4942 impedimento
1810 4883 1919 4941 est,
1956 4889 2095 4945 quo-

507 4955 689 5011 minus
715 4957 856 5012 idem
880 4959 1046 5016 etiam
1086 4977 1223 5032 pura
1257 4963 1558 5019 sacerdotii
1583 4965 1706 5020 luce
1732 4965 2092 5023 exhilaretur.

507 5049 710 5108 Verum
738 5063 862 5123 post
889 5071 1108 5112 sacrum
1153 5059 1285 5114 illud
1310 5061 1620 5127 lavacrum,
1651 5061 1801 5118 nulla
1837 5078 1934 5134 pro
1961 5080 2092 5136 pec-

507 5143 646 5198 catis
684 5145 896 5217 reliqua
931 5158 1017 5204 est
1063 5150 1266 5220 hostia,
1313 5169 1438 5224 qua:
1483 5155 1858 5212 sacerdotium
1903 5157 2092 5231 largiri

504 5237 702 5308 possit.

1095 5358 1172 5416 De
1197 5360 1505 5416 lectoribus.

582 5468 954 5536 Quamobrem
995 5483 1194 5543 praeter
1226 5489 1354 5529 can.
1391 5476 1602 5530 faciunt
1622 5475 1861 5532 lectores
1880 5477 1972 5548 qni
2003 5491 2092 5533 se-

506 5563 720 5620 cundas
748 5565 968 5637 nuptias
988 5569 1346 5636 contrahunt,
1383 5579 1440 5626 et
1477 5586 1639 5625 suum
1682 5571 1932 5626 ordinem
1957 5586 2093 5627 con-

509 5666 752 5714 servant.

583 5749 759 5820 llujus
791 5759 1020 5808 canonis
1049 5751 1232 5807 ’ctiam
1287 5769 1519 5824 magnus
1566 5755 1658 5812 ille
1710 5755 1942 5814 Basilius
1975 5775 2088 5814 me-

508 5844 668 5906 minit
700 5846 754 5902 in
789 5846 856 5902 l2
915 5863 1126 5906 canone
1153 5865 1279 5918 suo,
1309 5867 1433 5907 cum
1469 5853 1543 5908 ait
1579 5870 1592 5908 :
1632 5853 1737 5909 Eos
1769 5855 1858 5922 qui
1891 5871 2086 5910 secun-

2291 872 2586 944 Ἐννόμους
2615 871 2673 926 δέ
2711 872 2927 944 γάμους
2983 873 3192 943 μεταξῦ
3228 860 3467 946 ἀλλήλων
3499 880 3733 935 συνιστῶσι

2233 964 2518 1036 Ῥωμαῖοι,
2579 965 2748 1036 ἡνίκα
2806 965 2876 1018 τὰ
2904 965 3037 1038 περὶ
3089 965 3200 1019 τῶν
3251 969 3438 1037 γάμων
3467 971 3570 1033 τοῖς
3590 973 3734 1042 νόμοις

2220 1057 2625 1128 διηγορευμένα
2665 1057 2967 1127 φυλάξωσι.
3015 1060 3111 1112 Δεῖ
3139 1058 3198 1112 δὲ
3248 1061 3372 1124 τοὺς
3408 1059 3501 1131 μιν
3549 1063 3737 1133 ἀρῤενας

2219 1150 2459 1221 ἐφήϐους
2511 1145 2678 1215 εἶναι,
2729 1151 2830 1213 τάς
2878 1151 2938 1204 δέ
2995 1149 3238 1220 θηλείας,
3285 1152 3469 1224 ἀνδρὸς
3512 1153 3735 1221 δεκτικὰς,

2217 1242 2489 1306 τουτέστι,
2512 1242 2638 1305 τοὺς
2664 1241 2767 1311 μὲν
2814 1241 3259 1314 ὑπερϐεϐηκέναι
3287 1241 3379 1296 τὸν
3399 1259 3738 1314 τεσσαρεσκαι-

2216 1333 2444 1388 δέκατον
2474 1335 2688 1406 χρόνον,
2725 1335 2830 1399 τὰς
2856 1334 2914 1388 δὲ
2972 1335 3228 1405 μείζονας
3257 1331 3394 1388 εἶναι
3441 1336 3541 1390 τῶν
3576 1337 3741 1390 δώδεκα

2218 1425 2500 1468 ἐνιαυτῶν-
2535 1426 2722 1468 Ταῦτα
2752 1427 2807 1468 δὲ
2834 1427 3070 1468 λένηησυ
3142 1427 3250 1468 εἴτε
3293 1421 3606 1468 ηὗτιὲατῖμηηι
3655 1430 3738 1468 εἶτε
3887 1372 3889 1468 4

2218 1425 2502 1480 ἐνιαυτῶν.
2535 1426 2722 1480 Ταῦτα
2752 1427 2810 1480 δέ
2834 1427 3091 1496 λέγομεν,
3142 1427 3252 1481 εἴτε
3293 1427 3626 1495 αὑτεξούσιοι,
3655 1430 3738 1482 sita

2216 1516 2531 1581 ύπεξούσιοί
2561 1519 2699 1571 είσιν
2727 1519 2781 1572 οἱ
2818 1519 2956 1590 πρὸς
2986 1519 3168 1592 γάμον
3202 1523 3495 1584 συνιόντες.

2287 1606 2366 1665 Οὐ
2395 1611 2607 1676 γίνεται
2629 1609 2807 1680 γάμος
2833 1611 2884 1664 εἰ
2919 1611 2995 1682 μὴ
3020 1613 3428 1666 συναινέσουσιν
3444 1613 3490 1666 οἱ
3523 1612 3744 1667 συναπτό-

2219 1717 2394 1772 μενοι,
2426 1701 2522 1754 καὶ
2547 1703 2596 1754 οἱ
2625 1702 2843 1773 ἔχοντες
2874 1703 3074 1767 αὐτοὺς
3103 1703 3476 1769 ὑπεξουσίους.

2286 1793 2392 1847 Τὸν
2438 1793 2618 1862 γάμον
2652 1794 2714 1846 ού
2736 1794 2799 1846 τὸ
2830 1795 3279 1866 συγκαθευδῆσαι
3302 1797 3544 1866 ἀλλήλοις
3576 1797 3654 1849 τὸν
3675 1797 3744 1852 ἀν-

2146 1865 2186 1920 Β
2213 1886 2316 1955 δρα
2347 1887 2444 1940 καὶ
2465 1888 2566 1956 τὴν
2594 1888 2831 1955 γυναῖκα
2859 1887 3196 1960 συνίστησιν,
3233 1889 3353 1944 ἀλλ’
3394 1865 3429 1960 ﬂ
3460 1890 3650 1960 γαμικὴ
3666 1892 3743 1943 αὖ-

2213 1976 2323 2029 τῶν
2349 1978 2682 2042 συναίνεσις.

2294 2067 2356 2120 ’0
2383 2068 2760 2135 αὑτεξούσιος,
2813 2069 3029 2124 τελείαν
3081 2074 3234 2139 ἄγων
3278 2072 3378 2142 τὴν
3433 2072 3745 2145 ἡλικίαν,καὶ

2212 2161 2382 2231 χωρὶς
2408 2160 2508 2230 τῆς
2534 2160 2630 2214 τοῦ
2675 2162 2884 2231 πατρὸς
2908 2164 3306 2227 συναινέσεως.
3327 2167 3508 2233 γαμεῖ.

2221 2270 2224 2273 ·
2281 2253 2364 2306 Τὰ
2393 2253 2565 2324 πένθη
2607 2253 2719 2306 τῶν
2756 2253 3018 2308 ἀνιόντων
3044 2257 3166 2321 [obit
3227 2244 3503 2326 ἐμποδίζει
3535 2256 3645 2319 τοὺς
3670 2256 3744 2324 γά-

2211 2360 2346 2415 μους
2375 2344 2486 2397 τῶν
2518 2344 2864 2398 πενθούντων
2895 2344 3230 2414 προσώπων.

2289 2437 2352 2492 ’0
2378 2438 2436 2490 ἐν
2473 2437 2803 2511 σωφροσύνῃ
2851 2439 3058 2506 διάγων
3095 2441 3169 2510 μὴ
3207 2440 3595 2510 ἀναγκαζέσθω
3635 2439 3741 2509 πρὸς

2207 2528 2386 2599 γάμον
2422 2530 2600 2584 ἐλθεῖν
2629 2529 2784 2602 παρὰ
2813 2530 2910 2584 τοῦ
2953 2531 3085 2588 ίδίου
3125 2532 3361 2603 πατρὸς,
3421 2533 3524 2586 κᾶν
3557 2531 3742 2598 ύπεξούο

2209 2634 2322 2682 σιος

2279 2731 2490 2802 Μηδεὶς
2539 2733 2828 2804 μυστικῶς
2877 2734 3295 2804 στεφανούσθω,
3345 2735 3481 2792 ἀλλά
3506 2735 3744 2807 παρόντων

2209 2820 2468 2876 πλειόνων
2494 2837 2507 2852 ·
2544 2821 2574 2875 ὀ
2621 2822 2678 2876 δὲ
2708 2823 2868 2877 τοῦτο
2922 2826 3356 2896 κατατολμήσας
3411 2825 3635 2897 τιμωρίᾳ
3665 2842 3744 2877 σω-

2206 2914 2549 2983 φρονείσθωι
2565 2913 2811 2986 δηλονότι
2833 2916 2927 2969 καὶ
2951 2915 3045 2970 τοῦ
3082 2918 3301 2987 ἱερέως,
3319 2918 3394 2982 ὡς
3418 2920 3474 2972 ἐν
3493 2919 3596 2980 τοῖς
3611 2917 3742 2984 ἀπρε-

2203 3007 2367 3060 πέσιν
2423 3007 2618 3062 ἑαυτὸν
2674 3008 3178 3078 παρεμϐάλλοντος,
3215 3012 3324 3075 τὰς
3351 3011 3505 3078 ἀξίας
3530 3009 3741 3069 οεύθύνας

2203 3099 2697 3170 εἰσπραττομένου,
2735 3101 2882 3155 κατά
2907 3101 3148 3176 τὴντῶν
3179 3101 3638 3176 ἐκκλησιαπικῶν
3668 3116 3742 3152 κα·

2123 3202 2167 3262 c
2199 3191 2371 3245 νόνων
2397 3191 2670 3258 διάταξιν.

2273 3303 2498 3372 Κωφδς,
2531 3305 2626 3359 καὶ
2650 3305 2868 3374 ἀλαλος,
2894 3308 2989 3362 καὶ
3003 3307 3228 3376 τυφλὸς,
3261 3308 3357 3363 καὶ
3380 3308 3570 3381 γαμεῖν
3591 3304 3741 3358 δύναν-

2199 3411 2313 3460 ται,
2342 3397 2430 3449 καὶ
2460 3399 2594 3467 περὶ
2617 3398 2845 3468 προικὸς
2874 3401 3175 3471 ἐνέχονται.

2198 3529 2452 3586 ΚΕΦΔΛ.
2485 3531 2560 3588 Γ⁹.
2593 3533 2737 3602 Περι
2757 3537 2878 3612 τῷν
2899 3535 3046 3612 τοὺς
3067 3537 3375 3608 ἐννόμους
3397 3537 3611 3612 γάμους
3625 3533 3740 3602 ,βδε-

2781 3607 3197 3675 λυττομένων.

2270 3717 2434 3787 Ζήτει
2457 3719 2519 3773 τὸ
2551 3717 2598 3772 θ’
2621 3737 2748 3790 κεφ.
2781 3720 2880 3774 τοῦ
2908 3722 2948 3774 Β
2981 3723 3280 3793 στοιχείου.

2199 3861 2450 3933 ΚΕΦΑΛ.
2488 3863 2563 3916 Δ’.
2599 3862 2750 3933 Περὶ
2772 3861 3058 3933 «Styri/tow,
3107 3865 3432 3933 τριτάμων,
3463 3863 3558 3920 καὶ
3584 3863 3739 3933 30.13!-

2269 3931 2474 4006 7d__uwr
2504 3931 2744 4006 ἀνδρῶν
2775 3931 2965 3989 τέκαὶ
3004 3931 3338 4006 γυναικῶὴ
3373 3937 3471 3992 καὶ
3514 3934 3635 4004 περὶ
3672 3931 3743 3984 δι-

2269 4001 2477 4072 τάμων
2505 4005 2862 4074 ἱερωμένων.

2280 4139 2339 4194 Ὀ
2377 4138 2444 4204 ιζ’
2473 4139 2579 4193 τῶν
2607 4139 2781 4209 ἁγίων
2815 4141 3136 4197 ἀποστόλων
3179 4144 3389 4212 κανὼν,
3428 4145 3486 4199 Ὅ
3527 4143 3638 4199 δυσὶ
3662 4140 3740 4208 γά-

2199 4253 2342 4306 μοις,
2386 4238 2542 4312 φῃσὶ,
2569 4235 2709 4306 μετά
2753 4235 2811 4290 τὸ
2841 4236 3128 4308 βάπτισμα
3159 4240 3452 4311 ὁμιλήσας,
3493 4239 3525 4312 ἢ
3553 4237 3741 4302 πορνείᾳ

2195 4305 2535 4397 περιπεσὼν,
2569 4329 2628 4380 ού
2653 4327 2877 4383 δύναται
2926 4325 3070 4384 εἶναι
3101 4331 3430 4397 ἐπίσκοπος,
3485 4326 3740 4403 ῆπρεσϐύ·

2195 4436 2376 4489 τερος,
2407 4419 2441 4491 ἢ
2468 4420 2738 4484 διάκονος.
2771 4423 2802 4491 ἢ
2831 4421 2971 4487 ὅλως
2995 4421 3091 4476 τοῦ
3129 4425 3415 4493 ἱερατικοῦ
3451 4423 3736 4487 καταλόγου.

2209 4512 2273 4564 Ἦ
2295 4511 2403 4582 γὰρ
2427 4511 2588 4583 χάρις
2619 4512 2712 4566 τοῦ
2746 4513 3018 4582 παναγὶου
3043 4515 3481 4587 Πνεύματος,¹τῷ
3507 4516 3595 4570 τοῦ
3621 4512 3738 4565 θείου

2197 4603 2576 4674 βαπτίσματος
2632 4607 2945 4677 μυστηρίῳ,
2975 4605 3054 4677 τῷ
3084 4607 3228 4679 μήτε
3256 4607 3404 4680 λόγῳ
3441 4606 3600 4680 ῥητῷ,
3629 4606 3738 4670 μήτε

2195 4697 2272 4767 νῷ
2328 4699 2687 4771 καταληπτῷ,
2737 4701 2942 4765 παντὸς
2994 4701 3172 4772 ῥύπου
3237 4704 3330 4758 τὸν
3379 4701 3739 4772 βαπτισάμενον

2194 4790 2578 4856 ἀποπλύνασα,
2648 4792 2744 4846 καιὶ⁵
2775 4793 2956 4862 φωτὸς
3017 4795 3270 4848 δεκτικὸν
3330 4795 3661 4862 ἀποφήνασα,
3689 4784 3736 4838 ού

2195 4882 2396 4938 κωλύει
2435 4883 2630 4938 λοιπὸν
2675 4883 2769 4938 καὶ
2797 4884 2876 4955 τῷ
2915 4884 3146 4957 καθαρῷ
3176 4887 3320 4956 φωτὶ
3347 4887 3448 4957 τῆς
3477 4879 3736 4955 ἱερωσύνης

2192 4975 2385 5028 τοῦτον
2418 4974 2960 5046 καταφαιδρύνεσθαι
2985 4991 2999 5004 ·
3038 4975 3180 5045 μετά
3208 4977 3267 5030 δέ
3299 4995 3364 5046 γε
3387 4977 3445 5031 τὸ
3480 4977 3611 5030 θεῖον
3632 4973 3732 5022 λου-

2193 5068 2321 5140 τρὸν
2368 5067 2553 5122 οὐκέτι
2588 5069 2720 5140 περὶ
2749 5070 3041 5142 ἁμαρτιῶν
3077 5071 3437 5128 ὑπολείπεται
3469 5069 3636 5129 θυσία,
3665 5058 3734 5117 οἷα

2196 5160 2287 5211 καὶ
2321 5158 2626 5229 ἱερωσύνην
2659 5160 3021 5231 χαρίσασθαι.
3085 5218 3088 5222 ί

2688 5362 2830 5431 Περὶ
2851 5363 3278 5434 ἀνατνωστῶν.

2271 5477 2436 5532 Ὥστε
2485 5478 2637 5548 παρά
2696 5480 2931 5542 κανόνας
2985 5479 3157 5550 δρῶσι
3191 5479 3301 5532 τῶν
3327 5467 3730 5570 ἅναγνωστῶνβ

2193 5569 2626 5641 διταμῆσαντες,
2666 5572 2762 5626 καὶ
2788 5571 2888 5643 τὴν
2923 5571 3136 5627 οἰκείαν
3165 5569 3318 5635 τάξιν
3352 5571 3434 5623 ἔτι
3455 5569 3730 5636 διατηρουνο

2194 5681 2306 5727 τες.

2265 5756 2370 5810 Τοῦ
2406 5757 2629 5820 κχνόνος
2651 5759 2849 5810 τούτου
2886 5756 2980 5810 καὶ
3004 5758 3034 5811 ὁ
3066 5757 3238 5828 μέγας
3287 5756 3552 5826 μέμνηται
3597 5738 3730 5797 Βασί-

2194 5853 2332 5917 ista;
2373 5853 2428 5905 ἐν
2461 5850 2536 5922 τῷ
2569 5851 2857 5922 δωδεκάτῳ
2886 5851 3051 5906 αὐτοῦ
3077 5853 3277 5918 κανόνι,
3314 5847 3448 5912 Τοὺς
3469 5843 3717 5912 διγάμουῖν
