3992 6438
243 431 373 495 1153

1191 426 1605 490 SYNTAGMA
1650 427 2279 489 ALPHABETICUM.
2307 454 2373 464 -
2419 423 2479 492 Γ.

3337 429 3497 499 ilbi

242 547 403 614 λέγων
421 584 436 608 ,
492 543 774 607 παντελῶς
825 543 854 596 ὁ
886 542 1065 598 κανὼν
1114 544 1218 614 τῆς
1271 543 1417 599 κατὰ
1469 543 1564 598 τὸν
1607 542 1810 615 κλῆρον

1953 559 2012 597 as
2037 552 2365 598 contraxere
2391 543 2636 612 nuptias,
2666 544 2895 599 omnino
2919 559 3097 599 canon
3131 560 3158 599 a
3185 545 3499 604 ministerio

240 640 540 710 ὑπηρεσίας
573 637 894 705 ἀπέκλεισε,
921 637 1112 692 τοῦτον
1143 636 1207 708 δὴ
1234 638 1435 708 λέγων.

315 819 375 873 '0
406 819 461 872 δὲ
513 817 872 880 ἁποστολικδς
917 823 1022 888 ιη’,
1057 814 1197 870 Οὐδὲ
1246 817 1276 870 δ
1309 817 1488 888 χήραν
1534 813 1734 879 λαϐὼν,
1779 815 1812 886 ἢ

1924 635 2236 692 vocationis
2291 637 2549 704 exclusit,
2616 638 2819 708 quibus
2873 637 3058 693 verbis
3111 637 3256 693 hunc
3318 639 3502 696 innuit

1919 741 2211 782 canonenL

1991 816 2262 869 Caeterum
2303 813 2370 869 18
2409 824 2588 885 apost.
2634 831 2811 872 canon
2847 817 2924 873 ait
2958 817 3112 874 :Nec
3155 819 3252 890 qui
3283 821 3500 876 viduam

235 912 644 982 ἐκϐεϐλημένην
679 913 818 982 πρὸς
849 910 941 964 τοῦ
969 910 1172 964 οἰκείου
1206 909 1422 979 ἀνδρὸς,
1454 906 1812 978 ήὲταίραν,ἢ

1947 905 2097 970 luxit,
2147 906 2232 961 vel
2261 906 2491 976 ejectam
2525 924 2553 963 a
2584 910 2782 963 marito
2829 926 2954 975 suo,
3002 911 3085 966 vel
3132 913 3505 980 meretricem,

235 1003 456 1068 οίκέτιν,
493 1004 525 1072 ἢ
560 1002 671 1055 τῶν
722 1003 817 1055 ἐπὶ
869 1004 1096 1071 σκηνῆς,
1125 1000 1180 1053 αῖ
1221 999 1300 1071 τῷ
1327 999 1582 1068 άσέμνως
1619 999 1814 1068 βιῶναι

1947 1000 2006 1053 ὀί
2055 1013 2295 1066 servam,
2333 1001 2419 1054 vel
2458 1001 2699 1071 aliquam
2747 1017 2814 1056 ex
2862 1003 2928 1056 iis
2951 1020 3075 1073 qua:
3125 1014 3298 1060 artem
3355 1006 3506 1060 ludi-

235 1097 294 1148 οὐ
330 1094 680 1148 πιστεύονται
713 1096 1037 1162 σωφρονεῖν,
1061 1093 1288 1146 δύναται
1319 1089 1458 1146 εἶναι
1487 1091 1813 1158 ἑπίσκοπος,

238 1187 268 1256 ἢ
305 1185 700 1256 πρεσϐύτερος,
728 1185 762 1257 ἢ
804 1185 941 1248 ὅλως
971 1184 1066 1238 τοῦ
1099 1185 1328 1256 κλήρου.

309 1460 434 1523 Τοῖς
459 1457 581 1511 δυσὶ
611 1457 823 1521 τούτοις
847 1455 1231 1522 αποστολικοῖς
1248 1455 1441 1512 κανόσι
1469 1457 1564 1510 καὶ
1585 1457 1614 1510 ὁ
1642 1461 1692 1525 γ’
1717 1457 1818 1528 τῆς

237 1560 292 1621 ς’
335 1553 559 1607 συνόδου
589 1551 808 1621 συνᾴδει
832 1550 1033 1604 κανών.

919 1645 1128 1713 Νόμοι.

308 1739 515 1810 Μηδεὶς
551 1739 1037 1809 δευτερογαμήσας
1073 1736 1489 1808 χειροτονείσθω
1513 1735 1821 1808 πρεσϐύτε-

237 1851 333 1905 ρος
382 1833 416 1903 ἢ
461 1833 734 1896 διάκονος,
774 1832 911 1901 μήτε
949 1831 1056 1900 μὴν
1108 1831 1157 1883 εί
1197 1830 1424 1897 γυναικὶ
1451 1830 1695 1882 συνοικεῖ
1725 1829 1820 1880 τὸν

233 1930 443 1982 οίκεῖον
465 1926 634 1997 ἄνδρα
665 1923 1062 1995 καταλιπούσῃ,
1101 1923 1238 1992 μήτε
1279 1923 1328 1975 εί
1364 1922 1650 1993 παλλακὴν
1681 1921 1817 1992 ἔχει·

235 2022 355 2074 ἀλλ’
387 2021 419 2091 ἢ
457 2023 586 2089 μιᾶς
624 2018 762 2088 ἀνὴρ
793 2018 1080 2086 γενόμενος
1112 2017 1410 2088 σώφρονος,
1442 2018 1538 2070 καὶ
1567 2019 1632 2070 ὲκ
1677 2034 1822 2088 παρ-

233 2112 443 2176 θενῖας.
488 2110 548 2164 Εί
591 2111 650 2163 δέ
679 2127 762 2172 τις
795 2109 1004 2162 τούτων
1035 2109 1281 2181 γαμετὴν
1324 2109 1358 2180 ἢ
1397 2108 1682 2180 παλλακὴν
1711 2109 1824 2162 εισ-

233 2206 502 2274 αγάγοιτο
551 2205 803 2274 φανερῶς
851 2205 886 2275 ἢ
941 2203 1241 2273 λαθραίως,
1299 2203 1502 2266 εὐθέως
1533 2203 1634 2273 τῆς
1669 2202 1825 2274 ίερᾶς

235 2297 561 2351 ὲκπιπτέτω
590 2297 820 2364 τάξεως,
857 2297 952 2350 καὶ¹
981 2295 1204 2366 ίδιώτης
1235 2294 1402 2349 lecto.

325 2571 391 2626 Ἡ
417 2571 472 2625 δὲ
499 2569 574 2624 οθ¹
603 2571 775 2640 νεαρὰ
805 2567 901 2622 τοῦ
938 2567 1206 2640 βασιλέως
1234 2567 1465 2630 Λέοντος
1491 2567 1584 2621 τοῦ
1623 2566 1822 2638 Σοφοῢ,

232 2666 366 2729 τοὺς
387 2663 756 2732 διγαμοῦντας
788 2661 899 2714 τῶν
923 2659 1227 2730 κληρικῶν,
1255 2662 1395 2730 μήτε
1421 2661 1518 2714 τοῦ
1545 2661 1826 2731 σχήματος

234 2753 659 2824 ἁλλοτριοῦσθαι
689 2751 927 2815 κελεύει,
961 2753 1099 2821 μήτε
1134 2751 1236 2821 τῆς
1274 2752 1431 2814 me;
1453 2751 1548 2804 τοῦ
1577 2752 1828 2821 βήματος

235 2847 575 2918 ὑπηρεσίας.
609 2847 751 2915 Φησὶ
777 2846 886 2915 γάρ
925 2860 942 2878 ο
978 2846 1093 2898 οὐκ
1153 2845 1537 2914 ἀποδεχόμεθα
1564 2845 1665 2914 τῆς
1699 2863 1832 2910 προ-

239 2943 514 3012 αιρέσεως
534 2941 629 2993 τὸν
654 2939 884 3014 παλαιὸν
916 2937 1238 3008 νομοθέτην,
1292 2938 1351 3001 δς
1396 2937 1650 3007 βούλεται
1690 2955 1827 3007 πρε-

237 3034 530 3103 σϐὑτερον,
558 3033 592 3100 ἦ
631 3031 901 3093 διάκονον,
933 3031 966 3100 ἢ
1009 3030 1383 3094 ὑποδιάκονον,
1438 3028 1576 3097 μετὰ
1608 3031 1710 3097 τὴν
1741 3028 1831 3080 ἐπ’

235 3125 394 3194 αὑτῷ
419 3125 763 3195 χειροθεσίαν
787 3122 1131 3190 συναφθέντα
1149 3119 1709 3188 γυναικὶ,τπαντελῶς
1735 3118 1830 3173 τοῦ

1919 1107 2070 1146 cram
2115 1100 2404 1157 exercent,
2459 1108 2523 1148 ac
2579 1095 2888 1164 propterea,
2954 1097 3099 1165 quod
3157 1113 3350 1167 parum
3408 1098 3510 1152 ho-

1922 1193 2077 1238 neste
2137 1185 2354 1252 vivant,
2405 1202 2518 1241 non
2575 1189 2878 1242 creduntur
2911 1205 3034 1243 esse
3087 1199 3272 1256 castae,
3326 1199 3510 1259 potest

1922 1263 2214 1344 episcopus
2242 1290 2388 1339 esse,
2429 1277 2511 1330 vel
2546 1277 2850 1349 presbyter,
2890 1281 2973 1334 vel
3009 1281 3234 1335 omnino
3280 1281 3512 1338 clerico-

1923 1383 2046 1424 rum
2084 1367 2140 1421 in
2175 1369 2482 1423 consortio.

1994 1459 2131 1514 Cum
2159 1459 2376 1516 duobus
2398 1461 2551 1516 hisce
2571 1449 2875 1518 canonibus
2903 1473 3084 1533 apost.
3119 1465 3280 1522 etiam
3313 1446 3510 1524 tertius

1857 1597 1878 1616 ,
1925 1561 2094 1608 sexta:
2128 1551 2326 1622 synodi
2363 1567 2542 1608 canon
2576 1555 2876 1610 consentit.

2617 1645 2806 1716 Leges.

1994 1733 2165 1790 Nemo
2198 1736 2292 1806 qui
2341 1735 2613 1790 secundas
2664 1737 2863 1791 adierit
2920 1737 3165 1806 nuptias,
3221 1739 3512 1795 ordinetur

1927 1829 2236 1898 presbyter,
2259 1837 2361 1883 'aut
2401 1829 2701 1893 diaconus,
2751 1844 2852 1884 nec
2892 1831 2940 1884 si
2989 1832 3273 1886 mulierem
3313 1833 3514 1888 habeat

1925 1919 1982 1973 in
2020 1921 2410 1985 contubernio,
2445 1937 2568 1991 qua:
2590 1922 2768 1976 virum
2796 1939 2956 1978 suum
2991 1925 3302 1994 reliquerit,
3331 1941 3431 1981 nec
3462 1927 3511 1981 si

1927 2014 2294 2068 concubinam
2339 2014 2580 2081 habeat;
2634 2016 2729 2072 sed
2783 2017 3050 2071 duntaxat
3101 2019 3150 2073 is
3187 2019 3280 2088 qui
3310 2020 3397 2073 vir
3425 2027 3513 2074 est

1927 2105 2095 2159 unius
2134 2112 2301 2160 castae
2347 2101 2622 2171 mulieris,
2655 2114 2710 2161 et
2748 2123 2911 2176 quam
2960 2108 3228 2175 virginem
3270 2109 3512 2166 duxerit.

1929 2195 2025 2250 Sin
2057 2196 2330 2266 quispiam
2356 2197 2578 2252 duxerit
2609 2199 2965 2253 matrimonio
2989 2201 3143 2270 prius
3177 2201 3513 2271 copulatam,

1933 2287 2014 2339 vel
2059 2289 2450 2350 concubinam.
2508 2290 2624 2346 sive
2665 2291 2976 2356 manifesto,
3016 2294 3135 2348 sive
3187 2294 3349 2362 clam,
3383 2312 3518 2352 con-

1929 2377 2114 2432 festini
2174 2379 2368 2435 ordine
2421 2396 2580 2436 sacro
2620 2382 2860 2451 excidat,
2917 2392 2972 2440 et
3028 2385 3296 2456 privatam
3349 2387 3513 2444 vitam

1930 2478 2076 2539 agat.

2008 2561 2424 2631 Septuagesima
2481 2577 2614 2619 vero
2673 2571 2728 2619 et
2781 2581 2927 2622 nona
2987 2568 3207 2624 novella
3251 2571 3514 2642 principis

1931 2649 2156 2716 Laenis,
2217 2653 2544 2722 cognomine
2599 2651 2899 2732 Sapientis,
2962 2659 3194 2714 clericos
3240 2665 3516 2718 secundas

1933 2742 2156 2812 nuptias
2185 2744 2574 2800 contrahentes
2602 2762 2702 2800 nec
2727 2747 2972 2805 habitum
3007 2753 3260 2808 amittere
3289 2755 3512 2820 debere,

1935 2850 2033 2888 nec
2067 2833 2407 2889 iunctionem
2437 2837 2863 2907 sacerdotalem,
2899 2843 3165 2912 prrrcipit.
3209 2845 3349 2900 Sunt
3370 2847 3514 2902 enim

1937 2929 2050 2982 haec
2091 2929 2239 2982 illius
2288 2931 2503 2986 verba:
2543 2928 2661 2987 Non
2705 2934 3008 3002 probamus
3061 2937 3389 3007 legislatoris
3433 2957 3518 2995 ve-

1938 3021 2068 3076 teris
2105 3022 2441 3088 institutum,
2491 3025 2583 3092 qui
2632 3027 2767 3091 vult,
2814 3035 2873 3080 ut
2925 3031 3236 3101 presbyter,
3281 3043 3372 3086 aut
3402 3035 3520 3087 dia-

1936 3128 2134 3173 conus,
2170 3123 2268 3167 aut
2321 3114 2721 3179 subdiaconus,
2773 3119 2866 3187 qui
2917 3128 3040 3188 post
3078 3121 3277 3176 factam
3321 3139 3521 3181 manus

233 3219 488 3272 τοιούτου
511 3215 908 3284 ὑπεξίστασθαι
940 3215 1222 3286 σχήματος
1246 3252 1260 3275 ,
1291 3213 1387 3266 καὶ
1417 3210 1556 3280 πρὸς
1588 3210 1680 3263 τδν
1707 3211 1826 3262 λαῖ-

1947 3201 2346 3271 impositionem
2388 3219 2512 3258 cum
2549 3206 2779 3261 muliere
2808 3209 3099 3278 capulatus
3135 3210 3320 3278 fuerit,
3355 3229 3521 3284 pror-

236 3313 341 3367 κδν
364 3311 480 3382 βίον
508 3306 1042 3377 ὲπαναστρέφεσθαι,
1059 3305 1178 3358 ἀλλ’
1203 3304 1307 3356 ἁκυ
1319 3303 1522 3374 ροῦμεν
1542 3303 1603 3356 τὸ
1625 3301 1826 3372 δόγμα.

236 3399 588 3470 Θεσπίζομεν
620 3399 697 3462 δὲ,
738 3398 877 3468 μόνῃ
937 3399 1002 3467 τῇ
1034 3395 1392 3465 ὑποχωρήσει
1441 3394 1544 3462 τῆς
1595 3393 1828 3459 τάξεως,

237 3495 328 3564 ἐφ’
427 3494 532 3566 πρὸ
585 3491 682 3546 τοῦ
735 3493 918 3561 γάμου
970 3487 1351 3562 ἒγνωρίζοντο,
1400 3485 1693 3557 ἀρκεῖσθαι
1729 3485 1831 3553 τὴν

236 3588 403 3656 δίκην
433 3586 642 3650 αὐτοῖς
663 3602 676 3617 ·
733 3583 829 3639 τοῦ
893 3583 950 3636 δὲ
981 3579 1250 3653 κληρικοῦ
1306 3581 1591 3652 σχήματος
1615 3579 1711 3632 καὶ
1733 3577 1832 3644 τῆς

237 3683 412 3753 ἄλλης
445 3683 502 3734 ὲν
541 3681 660 3744 ταῖς
693 3677 1009 3748 ἐκκλησίαις
1038 3673 1340 3745 ὑπηρεσίας
1365 3670 1706 3744 ἐφάπτεσθαι
1730 3669 1832 3724 οὐκ

236 3775 528 3844 ἀθέμιτον.

672 3954 814 4020 Περὶ
842 3951 1111 4021 διγάμωυ
1146 3948 1402 4004 Jul/min».

327 4048 470 4104 Ἀλλ’
505 4050 532 4102 ό
557 4047 655 4118 μὲν
680 4047 821 4110 θεῖος
851 4045 1148 4105 ἀπόστολος
1173 4043 1409 4106 Παῦλος,
1438 4044 1538 4104 τάς
1559 4040 1832 4110 νεωτέρας

235 4147 424 4218 χήρας
447 4144 647 4213 γάμοις
681 4140 838 4203 αὖθις
866 4139 1248 4208 προσομιλεῖν,
1291 4138 1340 4190 εί
1379 4135 1673 4205 βούλοιντο,
1707 4151 1835 4186 συν-

232 4236 514 4308 εχώρησε,
539 4234 602 4303 τὸ
645 4231 922 4286 εὐόλισέον
954 4231 1054 4300 τῆς
1107 4229 1323 4298 φύσεως
1353 4227 1730 4295 ὑπειδόμενος.
1769 4224 1833 4275 0i

231 4331 297 4383 δὲ
328 4327 464 4381 θεῖοι
526 4324 796 4393 Πατέρες,
855 4325 950 4376 καὶ
1006 4321 1115 4373 τῶν
1150 4318 1363 4389 ἀνδρῶν
1401 4319 1529 4380 τοὺς
1577 4317 1832 4385 διγαμεῖν

233 4419 610 4492 αἱρουμένους
656 4415 824 4488 ᾤοντο
860 4415 970 4468 δεῖν
1027 4413 1102 4483 μὴ
1137 4411 1395 4476 κωλύειν,
1428 4409 1522 4463 τοῦ
1563 4406 1831 4478 σαρκικοῦ

239 4513 599 4583 φρονήματος
646 4508 722 4578 μὴ
777 4505 1098 4575 ἀγνοοῦντες
1152 4504 1253 4575 τὴν
1303 4503 1714 4558 ἐπανάστασιν
1767 4499 1832 4554 οὐ

239 4605 356 4675 μὴν
383 4601 790 4672 ἀνεπιτιμήτως
825 4600 1017 4653 εἴασαν
1056 4597 1226 4669 ἔχειν.

317 4783 458 4853 Φησὶ
495 4779 604 4851 γὰρ
657 4781 686 4834 ὁ
722 4776 770 4832 α’
795 4779 893 4849 τῆς
928 4779 987 4832 ἐν
1011 4775 1308 4848 Λαοδικείᾳ
1359 4776 1579 4828 συνόδου
1611 4775 1793 4827 κανών
1815 4789 1830 4805 ο

235 4879 312 4933 Oi
361 4875 611 4945 νομίμως
666 4872 950 4940 δευτέροις
980 4870 1347 4939 ὁμιλήσαντες
1394 4869 1618 4938 γάμοις,
1649 4866 1832 4934 ὀλίγον

231 4967 678 5028 δ.ιππεύσαντος
707 4965 926 5035 χρόνου,
963 4963 1061 5016 καὶ
1090 4964 1210 5024 ταῖς
1243 4961 1432 5031 εὐχαῖς
1457 4962 1551 5013 καὶ⁸
1580 4963 1701 5022 ταῖς
1743 4975 1837 5028 νη-

237 5060 460 5120 στείαις
490 5057 875 5128 σχολάσαντες,
917 5055 1018 5123 τῆς
1064 5053 1353 5117 κοινωνίας
1403 5051 1545 5106 κατᾶ
1583 5051 1834 5122 συγγνώ-

239 5169 364 5224 μην
425 5146 908 5202 ἀπολαυέσθωσαν.
972 5146 1035 5200 Ei
1091 5144 1171 5210 δὲ,
1222 5142 1354 5214 πρὶν
1383 5143 1450 5196 τὰ
1475 5141 1571 5194 τοῦ
1605 5141 1836 5212 νομίμου

235 5245 430 5313 γάμου
482 5241 830 5307 τελέσασθαι,
860 5238 1095 5310 λαθραία
1128 5237 1274 5308 μίξει
1322 5235 1610 5308 συνῆλθον,
1641 5237 1735 5288 καὶ
1761 5234 1838 5299 ὡς

239 5335 694 5403 πεπορνευκότες
721 5331 1198 5402 ἑπιτιμάσθωσαν.

335 5425 395 5478 ὀ
416 5424 472 5477 δὲ
497 5425 671 5494 μέγας
692 5424 972 5484 Βασίλειος
999 5424 1055 5474 ὲν
1081 5420 1158 5491 τῷ
1186 5419 1227 5474 δ’
1251 5419 1462 5487 κανόνι,
1494 5420 1557 5474 Οἱ
1591 5419 1710 5490 μέν’
1738 5437 1843 5488 (ΡΨ

237 5521 360 5580 σἰν,
397 5518 490 5570 ἐπὶ
534 5516 785 5570 ὲνιαυτὺν
821 5516 917 5568 ἕνα
947 5515 999 5567 οἱ
1031 5516 1088 5568 δὲ
1120 5515 1214 5569 ἐπὶ
1247 5514 1362 5582 δύο,
1390 5514 1492 5584 τῆς
1548 5511 1698 5581 ἱερᾶς
1723 5511 1838 5580 εῖρ-

232 5627 410 5682 γουσι
441 5609 732 5671 κοινωνίας
759 5609 850 5662 τὸν
881 5608 1244 5678 διγαμοῦντα.

228 5795 386 5862 Περὶ
433 5791 740 5862 γυναικῶν
778 5793 864 5856 είς
911 5791 1196 5859 δεύτερον
1237 5791 1578 5859 ὲρχιμενων
1622 5788 1838 5858 γάμον.

335 5889 426 5940 Ἐν
461 5888 517 5940 δὲ
548 5886 622 5956 τῷ
663 5883 749 5956 μα’
801 5884 1010 5953 κανόνι,
1050 5885 1113 5938 Ἢ
1157 5889 1300 5954 χήρα
1355 5883 1512 5954 γυνη,
1549 5881 1736 5952 φησιν,
1787 5881 1840 5934 εὶ

1935 3309 2030 3348 sus
2065 3294 2134 3347 ab
2180 3294 2282 3349 huc
2327 3296 2514 3349 habitu
2550 3297 2790 3365 recedat,
2835 3312 2891 3353 et
2927 3301 2994 3354 ad
3032 3303 3196 3356 vitam
3247 3305 3515 3372 plebeiam

1934 3392 2266 3440 revertatur.
2323 3384 2428 3441 Sed
2483 3387 2763 3444 decretum
2812 3391 2918 3446 huc
2955 3394 3308 3464 abrogamus,
3355 3406 3518 3466 atque

1934 3481 2234 3547 sancimus,
2263 3483 2338 3537 uti
2375 3485 2649 3539 duntaxat
2687 3486 2768 3541 eis
2809 3503 2909 3556 pro
2945 3504 3106 3558 poena
3132 3489 3365 3548 suﬂiciat
3397 3493 3518 3564 ejus

1934 3572 2146 3627 ordinis
2165 3575 2368 3634 cessio.
2406 3593 2514 3644 quo
2547 3576 2602 3631 in
2644 3579 2836 3633 ordine
2872 3591 3000 3634 ante
3035 3592 3353 3638 contractas
3379 3600 3518 3655 nup-

1935 3661 2040 3717 tias
2087 3665 2596 3735 conspiciebantur.
2649 3668 2904 3726 Habitum
2949 3683 3131 3726 autem
3182 3674 3516 3741 clericalem,

1933 3760 1985 3807 et
2009 3753 2277 3823 reliquam
2303 3759 2358 3812 in
2406 3760 2657 3817 ecclesiis
2688 3759 3027 3818 iunctionem
3060 3766 3330 3836 attingere
3356 3766 3520 3823 nefas

1936 3859 2044 3899 non
2075 3856 2182 3900 est.
2721 3875 2724 3878 -

2041 3939 2118 3992 De
2148 3939 2302 3993 laicis
2342 3941 2415 3993 ad
2445 3942 2708 3995 secundas
2736 3945 2950 4013 nuptias
2986 3948 3411 4002 transeuntibus.

2004 4027 2302 4085 Enimvero
2351 4032 2575 4089 divinus
2627 4034 2720 4088 ille
2771 4036 3070 4104 Apostolus
3103 4039 3285 4094 viduis
3327 4040 3522 4108 junio-

1937 4118 2110 4183 ribus,
2153 4130 2212 4174 ut
2243 4123 2442 4176 alteras
2475 4124 2540 4176 ad
2572 4124 2795 4192 nuptias
2820 4136 3121 4191 transeant,
3148 4131 3418 4198 siquidem
3445 4133 3519 4186 ita

1940 4210 2130 4274 velint,
2168 4211 2442 4278 permisit,
2501 4230 2690 4267 earum
2724 4218 3317 4274 naturaalulu'ieitatem
3351 4222 3521 4280 intel-

1937 4301 2140 4371 ligens.
2204 4303 2385 4359 Divini
2446 4322 2579 4362 vero
2622 4309 2811 4363 Patres
2863 4294 3034 4365 etiam
3075 4314 3242 4378 viros,
3292 4315 3383 4384 qui
3429 4333 3522 4372 se-_

1936 4395 2145 4450 cundas
2195 4396 2415 4464 nuptias
2453 4397 2736 4467 eligerent,
2785 4401 3013 4456 minime
3059 4411 3323 4472 putabant
3373 4406 3522 4460 inhi-

1938 4487 2152 4543 bendos
2173 4529 2190 4556 ,
2222 4489 2673 4560 quandoquidem
2703 4493 2948 4548 libidinis
2979 4493 3221 4550 carnalis
3256 4496 3520 4567 impetum

1845 4581 1912 4644 .D
1939 4594 2047 4632 non
2102 4579 2470 4649 ignorabant;
2512 4595 2609 4638 eos
2665 4589 2850 4638 tamen
2904 4601 3010 4640 non
3074 4587 3296 4656 impune
3349 4589 3520 4646 dimi-

1934 4679 2148 4726 serunt.

2006 4764 2273 4834 Quippe!
2324 4779 2448 4820 can.
2494 4781 2622 4837 syn.
2675 4765 2902 4823 Laudic.
2961 4769 3077 4824 hac
3133 4771 3300 4826 verba
3343 4785 3520 4832 sunt:

1938 4856 2043 4921 Qui
2084 4857 2324 4925 legitime
2359 4858 2632 4912 secundas
2679 4859 2744 4911 ad
2776 4861 2998 4926 nuptias
3028 4847 3394 4926 transierunt,
3427 4866 3522 4922 ubi

1939 4951 2302 5021 perexiguum
2331 4951 2600 5020 temporis
2635 4952 2872 5021 spatium
2899 4951 3294 5021 intercesserit,
3322 4971 3526 5028 acpre-

1939 5044 2100 5099 cibus
2162 5054 2217 5098 et
2266 5044 2500 5115 jejuniis
2563 5045 2897 5107 vacaverint,
2968 5049 3360 5103 communione
3427 5068 3525 5122 per

1940 5137 2343 5206 indulgentiam
2376 5139 2650 5190 fruantur.
2687 5137 2780 5190 Sin
2815 5136 2996 5206 prius,
3043 5153 3208 5209 quam
3245 5141 3522 5214 legitimas

1940 5232 2336 5286 contraherent
2384 5230 2624 5300 nuptias,
2661 5231 3008 5286 clandestino
3044 5235 3343 5291 concubitu
3378 5240 3527 5295 coie-

1941 5324 2048 5378 rint
2079 5363 2093 5388 ,
2131 5322 2292 5376 etiam
2325 5321 2631 5392 puniantur
2657 5337 2756 5377 ceu
2785 5324 3142 5380 scortationis
3170 5328 3269 5382 rei.

2011 5416 2120 5488 63
2150 5419 2386 5488 Magnus
2415 5424 2598 5472 autem
2638 5417 2730 5472 ille
2776 5416 3011 5475 Basilius
3043 5421 3095 5474 in
3130 5421 3163 5475 4
3210 5437 3336 5477 can.
3375 5439 3475 5478 suo
3507 5465 3523 5489 ,

1942 5511 2201 5578 Quidam,
2237 5509 2440 5578 inquit,
2472 5510 2536 5562 ad
2561 5523 2767 5562 annum
2802 5524 2972 5564 unum
3000 5549 3015 5576 ,
3043 5511 3263 5577 quidam
3288 5513 3354 5564 ad
3387 5514 3526 5569 duos

1944 5612 2132 5659 arcent
2158 5619 2284 5659 eum
2309 5620 2338 5657 a
2363 5603 2751 5658 communione
2781 5617 2961 5668 sacra,
2992 5603 3085 5672 qui
3116 5602 3386 5657 secundas
3420 5621 3527 5658 nu-

1944 5699 2088 5768 ptias
2119 5698 2422 5751 contrahit.
3296 5764 3306 5770 λ

1983 5791 2060 5845 De
2093 5791 2402 5844 mulieribus
2438 5806 2556 5861 qua:
2583 5789 2853 5844 secundas
2891 5789 3106 5857 nuptias
3146 5788 3493 5843 contrahunt.

2021 5882 2279 5954 Ejusdem
2314 5898 2440 5939 can.
2499 5883 2560 5937 lii
2593 5921 2609 5948 ,
2663 5882 2858 5948 Vidua,
2917 5881 3117 5950 inquit,
3155 5881 3198 5938 si
3262 5883 3531 5953 proximis
