3992 6416
541 355 682 423 115³5
1180 391 1184 400 ·
1756 361 2130 427 ΜΑΤΤΗΕΙ

541 469 867 541 parentibus
897 477 1105 537 careat,
1133 471 1301 527 etiam
1331 471 1402 528 ad
1427 471 1699 528 secundas
1724 473 1992 528 arbitratu
2025 489 2129 528 suo

536 563 760 632 nuptias
790 564 1088 619 convolare
1123 580 1232 619 non
1280 565 1622 634 prohibetur.
1686 564 1820 618 Nam
1876 566 2127 635 Apostoli

532 653 702 706 verba
733 663 904 707 sunt:
937 671 954 704 ι
997 652 1053 708 Si
1092 654 1175 708 vir
1205 663 1455 709 mortuus
1515 653 1702 716 fuerit,
1739 653 1913 708 libera
1946 664 2029 708 est
2069 662 2130 709 ut

533 746 585 800 ei
616 745 807 810 nubat,
839 745 927 800 cui
958 745 1097 808 vult,
1125 746 1305 801 solum
1339 746 1395 800 in
1426 746 1682 810 Domino,
1719 764 1737 798 ι
1777 746 1883 800 hoc
1914 755 2020 811 est,
2069 755 2128 800 ut

533 853 663 892 cum
703 837 828 893 viro
892 838 1036 892 tideli
1079 838 1366 908 jungatur.
1419 836 1680 894 Parentes
1734 848 1918 892 autem
1991 838 2123 902 vivi,

532 945 768 1000 quorum
794 939 878 985 est
909 930 962 984 in
996 939 1287 999 potestate,
1311 931 1354 986 si
1387 945 1498 985 non
1532 931 1947 998 consenserint,
1986 946 2127 1002 nup-

535 1021 738 1075 tiarum
774 1021 1227 1091 conjunctionem
1267 1021 1534 1078 dirimere
1564 1030 1822 1094 possunt.

1229 1219 1410 1274 Leues.

1229 1237 1298 1274 Le
1333 1237 1410 1274 es.

605 1313 818 1382 Quippe
850 1312 934 1366 lex
974 1311 1071 1373 ait.
1112 1237 1470 1380 Emangipata
1521 1310 1704 1364 minor
1725 1307 1885 1363 annis
1911 1306 2010 1373 25,
2053 1307 2120 1363 ad

533 1407 754 1476 nuptias
789 1404 1114 1466 transitura.
1145 1403 1212 1458 de
1243 1402 1420 1472 patris
1446 1401 1719 1456 sententia
1755 1402 1950 1455 nubat.

605 1579 799 1632 Mulier
825 1577 991 1632 vidua
1027 1587 1244 1645 tempus
1278 1576 1462 1630 luctus
1503 1583 1828 1644 exspectare
1879 1574 2119 1642 cegitur,

533 1681 752 1741 propter
790 1667 1175 1722 confusionem
1201 1667 1455 1729 seminis.
1493 1666 1639 1733 quod
1668 1667 1721 1720 in
1766 1665 1888 1718 viro
1933 1665 2116 1719 locum

533 1779 642 1816 non
686 1763 867 1815 habet.
895 1759 1026 1826 Qua:
1056 1774 1188 1814 vero
1211 1759 1462 1828 nupserit
1489 1767 1784 1826 antequam
1815 1756 2120 1825 completus

533 1852 703 1906 fuerit
735 1868 916 1906 annus
950 1867 981 1905 a
1015 1862 1197 1904 morte
1262 1851 1474 1915 mariti,
1507 1859 1558 1904 et
1592 1849 1817 1902 infamia
1871 1856 2118 1910 notatur,

537 1961 636 1999 nec
673 1946 813 2000 ultra
859 1945 1075 1999 tertiam
1129 1943 1452 1998 facultatum
1509 1958 1736 1997 suarum
1766 1950 1972 2011 partem
2037 1940 2123 1994 al—

539 2038 642 2092 teri
678 2037 880 2092 marito
906 2037 1115 2091 donare
1151 2045 1352 2105 potest,
1377 2035 1457 2088 vel
1495 2035 1547 2088 in
1584 2042 1918 2097 testamento
1953 2032 2123 2086 rclin-

535 2145 728 2198 qnerc.
767 2143 890 2184 eum
934 2127 1140 2182 liberos
1162 2129 1373 2183 scilicet
1399 2127 1582 2181 nullos
1617 2126 1811 2180 habet:
1875 2141 1976 2182 nec
2004 2125 2122 2194 ipsa

536 2224 839 2292 quidquam
871 2221 1097 2276 habebit
1137 2235 1205 2275 ex
1267 2219 1602 2284 lizercditate,
1653 2217 1736 2272 vel
1788 2217 1990 2286 legato,
2037 2215 2125 2271 vel

541 2313 733 2367 mortis
766 2326 933 2366 causa
969 2310 1307 2365 donatione:
1361 2308 1454 2363 sed
1487 2308 1769 2377 accipiunt
1803 2307 1922 2361 haec
1976 2306 2128 2360 illius

543 2407 808 2472 ineredes,
837 2405 932 2475 qui
963 2419 1026 2458 ea
1063 2404 1305 2474 reliquit.
1345 2403 1399 2456 Si
1429 2402 1560 2473 quid
1611 2403 1778 2457 etiam
1825 2400 2049 2470 reliquit
2075 2399 2126 2454 ei

541 2495 692 2562 prior
751 2495 1002 2557 maritus,
1053 2491 1357 2548 secundum
1395 2490 1596 2561 gradus
1653 2492 1837 2544 decem
1875 2504 2128 2559 persona:

541 2589 786 2656 capiunt,
829 2588 933 2640 hoc
956 2594 1063 2651 est,
1099 2585 1462 2639 ascendentes
1515 2593 1564 2635 et
1617 2581 2032 2642 descendentes,
2071 2589 2126 2634 et

539 2682 630 2749 qui
665 2687 886 2733 suntex
929 2688 1275 2742 transverso,
1310 2691 1482 2745 usque
1518 2676 1586 2728 ad
1647 2673 1950 2728 secundum
2005 2687 2127 2740 gra-

538 2772 693 2824 dum.
745 2770 827 2824 Ab
867 2770 1128 2824 intestato
1180 2780 1386 2833 autem,
1455 2767 1699 2820 haereoes
1761 2773 2124 2834 cognatorum

539 2864 784 2933 ipsorum
832 2877 1005 2930 usque
1042 2863 1109 2916 ad
1139 2861 1358 2914 tertium
1389 2861 1654 2913 duntaxat
1693 2857 1949 2928 gradum.
1980 2854 2123 2919 Quin

537 2956 702 3008 etian'i
741 2955 890 3008 omni
923 2954 1192 3024 dignitate
1225 2953 1494 3021 privatur,
1523 2959 1574 3003 et
1608 2948 1697 3012 iis,
1736 2947 1831 3017 qui
1863 2962 1892 3000 a
1925 2947 2125 2999 marito

540 3047 709 3112 priori
743 3046 808 3098 ad
843 3061 962 3099 eam
1015 3049 1381 3114 pervenerunt
1430 3056 1495 3093 ex
1527 3053 1696 3093 causa
1752 3033 2122 3107 sponsaliutu,

541 3139 621 3192 vel
645 3136 949 3192 secundum
992 3134 1333 3188 voluntatem
1367 3130 1640 3185 defuncti.
1674 3143 1684 3151 '

608 3229 882 3299 Principis
913 3237 1094 3282 autem
1122 3227 1278 3297 iussu
1316 3235 1494 3296 potest
1535 3223 1734 3278 mulier
1795 3221 1940 3275 intra
1991 3229 2129 3274 tem-

539 3340 643 3395 pus
667 3323 849 3377 luctus
891 3323 1126 3376 alterum
1181 3319 1285 3374 sibi
1341 3333 1606 3389 Sponsum
1672 3315 1958 3370 inducere.
1991 3313 2128 3380 Quae

543 3427 761 3488 partum
790 3415 963 3472 edidit
1005 3415 1149 3469 intra
1188 3423 1403 3483 tempus
1445 3409 1858 3475 luctus,statim
1897 3417 2126 3478 nuptum

537 3526 598 3565 se
629 3508 903 3565 collocare
941 3517 1144 3578 potest.
1181 3506 1377 3573 Quaere
1417 3505 1571 3575 plura
1607 3518 1775 3574 super
1823 3500 1927 3556 hac
1959 3515 2019 3555 re
2071 3500 2127 3554 in

537 3617 662 3672 cap.
701 3609 734 3657 δ
758 3601 874 3656 litt.
911 3599 975 3656 Β.

607 3691 801 3755 Nemo,
835 3693 927 3762 qui
976 3689 1080 3747 sub
1137 3689 1515 3745 Romanorum
1550 3689 1761 3743 ditionc
1795 3687 1888 3751 sit,
1962 3683 2126 3740 binas

539 3799 741 3839 uxores
771 3784 962 3839 eodem
996 3793 1242 3852 tempore
1265 3791 1446 3852 potest
1468 3781 1690 3834 habere.

607 3875 710 3942 Qui
745 3876 884 3930 duas
921 3889 1123 3929 uxores
1179 3875 1371 3928 eodem
1411 3873 1580 3927 habet
1620 3881 1890 3940 tempore,
1935 3869 2127 3924 verbe-

539 3980 693 4024 retur
718 4009 735 4035 ,
793 3978 848 4023 et
879 3967 1272 4036 superindueta
1327 3967 1529 4020 mulier
1560 3963 1822 4034 ejiciatur
1853 3976 1962 4044 una
1998 3976 2125 4016 cum

538 4063 680 4116 natis
714 4076 778 4115 ex
808 4075 870 4115 ea
904 4059 1121 4115 liberis.

1149 4150 1227 4204 De
1263 4151 1528 4222 trigamt's.

608 4244 838 4316 Magnus
876 4245 968 4299 ille
1000 4243 1235 4298 Basilius
1267 4244 1322 4298 in
1369 4245 1400 4299 4
1432 4260 1580 4311 can.,
1628 4242 2123 4312 Consuetudinem,

536 4338 741 4407 inquit,
771 4337 826 4389 in
863 4335 1324 4390 contrahentibus
1383 4337 1574 4391 tertias
1628 4338 1851 4406 nuptias
1911 4342 2126 4408 accepi-

536 4445 684 4492 mus,
729 4437 790 4481 ιιι
845 4427 1234 4496 quinquennio
1264 4438 1626 4497 segregentur
1654 4466 1668 4490 ,
1699 4431 1769 4481 ila
1803 4439 2011 4491 tamen,
2066 4442 2124 4486 ut

538 4521 716 4586 ipsum
757 4518 1172 4571 matrimonium
1207 4533 1317 4570 non
1351 4517 1669 4572 dirimatur.
1709 4519 1916 4574 Vocant
1939 4531 2124 4575 autem

536 4610 637 4663 has
665 4625 774 4662 non
807 4607 1046 4678 amplius
1093 4607 1338 4676 nuptias,
1390 4609 1484 4663 sed
1525 4611 1839 4678 nuptiarum
1892 4611 2129 4679 plurali-

538 4713 744 4768 tatem;
777 4702 888 4756 imo
923 4701 1315 4764 scortationcn't
1352 4701 1668 4765 coercitam,
1716 4701 1819 4756 hoc
1857 4713 1962 4769 est,
2016 4721 2124 4759 non

537 4799 646 4853 late
680 4796 960 4859 diffusam,
996 4809 1089 4850 sed
1123 4811 1490 4860 contractam,
1524 4804 1578 4849 et
1608 4812 1729 4864 qum
1773 4798 1824 4850 in
1861 4814 1967 4852 una
2008 4815 2128 4853 inu—

536 4892 669 4944 licre
708 4888 1212 4945 circumscribitur.
1267 4886 1479 4941 Idcirco
1531 4887 1799 4942 Dominus
1849 4888 2014 4941 etiam
2057 4887 2126 4942 ad

538 4984 826 5039 mulierem
858 4982 1007 5036 illam
1051 4979 1485 5043 Samaritanam,
1515 4995 1637 5046 quae
1671 4979 1817 5033 viros
1850 4981 2120 5051 quinque,

536 5095 704 5132 unum
735 5087 855 5147 post
884 5075 1052 5129 alium
1081 5073 1349 5128 habuerat
1381 5091 1394 5126 :
1434 5091 1452 5124 ι
1521 5071 1694 5138 Quem
1731 5088 1877 5127 nunc
1928 5075 2122 5138 habes,

534 5171 738 5238 inquit,
779 5184 889 5222 non
931 5167 1028 5221 tibi
1065 5167 1298 5221 maritus
1335 5175 1439 5220 est.
1476 5182 1495 5217 ι
1527 5166 1681 5220 Adeo
1739 5183 1844 5220 non
1907 5183 2124 5235 acquum

533 5271 639 5324 est,
680 5271 738 5312 ut
769 5260 862 5328 qui
919 5259 1060 5312 ultra
1113 5258 1552 5312 mediocritatem
1609 5258 1978 5314 secundarum
2022 5276 2127 5314 nu-

536 5357 772 5422 ptiarum
806 5351 1044 5422 prolapsi
1092 5359 1240 5414 sunt,
1265 5353 1491 5406 nomine
1541 5352 1724 5405 mariti
1789 5351 1875 5406 vel
1936 5354 2125 5407 uxoris

534 5445 901 5513 appellentur.
941 5441 1175 5511 Oportet
1221 5455 1429 5508 autem,
1469 5442 1675 5510 inquit,
1739 5460 1846 5497 non
1890 5460 2124 5514 prorsus

537 5543 639 5591 ltus
674 5550 862 5590 arcere
915 5533 984 5588 ab
1015 5533 1270 5596 ecclesia,
1329 5534 1421 5588 sed
1483 5534 1556 5587 ita
1599 5535 1839 5604 mitigari
1902 5551 2122 5605 poenam

535 5647 750 5693 corum,
783 5636 838 5680 ut
880 5627 933 5679 in
966 5624 1104 5679 locis
1151 5624 1498 5677 audientium
1562 5624 1853 5689 duntaxat,
1916 5635 1969 5680 et
2014 5641 2123 5680 nua

537 5733 750 5775 mnum
789 5718 1136 5781 consistant,
1171 5720 1468 5768 nonetiam
1504 5730 1721 5780 eorum,
1752 5717 1844 5786 qui
1877 5718 2120 5787 plorant.

611 5813 815 5867 iiut'sus
863 5810 1042 5880 inquit
1095 5808 1150 5862 in
1196 5823 1320 5862 can.
1373 5807 1480 5862 50:
1522 5805 1594 5863 De
1655 5807 1838 5864 tertiis
1907 5811 2117 5880 nuptiis

2167 365 2600 426 BLASTARIS
3624 376 3729 444 1156

2157 479 2205 537 Α
2234 480 2329 531 καὶ
2356 479 2466 534 τῶν
2492 480 2777 552 προσεχῶν
2804 479 3009 549 γονέων
3041 479 3339 554 ἀφῄρηται,
3375 486 3460 539 καὶ
3500 488 3567 551 είς
3595 490 3733 547 δεύτε-

2241 585 2333 636 ρον
2381 569 2557 622 ἐλθεῖν
2601 570 2946 641 αὐθαιρέτως
3002 571 3065 624 οὐ
3108 571 3403 627 κεκώλυται
3443 581 3732 640 συνοικέσιον.

2235 658 2373 728 Φησὶ
2422 659 2531 730 γὰρ
2589 661 2617 712 6
2649 660 2978 724 Ἀπόστολος
3001 675 3015 690 ·
3058 661 3189 715 Ἐὰν
3228 663 3281 716 δὲ
3313 664 3539 737 ἀποθάνῃ
3566 671 3590 720 6
3613 670 3736 744 ἀνὴρ,

2235 751 2497 820 ἐλευθέρα
2528 752 2677 806 ἐστὶν
2707 745 2750 820 ᾧ
2782 752 2927 807 θέλει
2954 755 3294 824 γαμηθῆναι,
3323 757 3474 826 μόνον
3494 759 3545 812 ὲν
3570 762 3734 834 Κυρίῳ,

2233 844 2514 898 τουτέστιν
2563 845 2718 914 ἀνδρὶ
2769 845 2950 915 πιστῷ
2997 847 3369 916 συναφθῆναι·
3406 847 3586 914 ζῶντες
3625 854 3670 907 δὲ
3703 859 3734 909 of

2233 937 2430 1002 γονεῖς,
2462 929 2537 989 ὧν
2587 935 2908 1000 ὑπεξοὸσιος
2949 935 3086 990 οὖσα
3115 939 3389 1008 τυγχάνει,
3429 942 3517 994 καὶ
3557 943 3622 1012 μὴ
3647 963 3739 998 συν·

2173 1045 2178 1050 ·
2234 1027 2571 1094 αινὲσαντες,
2600 1028 2900 1082 διασπᾶται
2925 1028 3181 1083 δύνανται
3204 1029 3300 1101 τὴν
3325 1032 3413 1084 τοῦ
3433 1033 3595 1103 γάμου
3624 1037 3742 1092 συνά-

2235 1138 2418 1191 φειαν.

2921 1217 3128 1285 Νόμοι.

2301 1305 2443 1374 Φησὶ
2471 1306 2578 1378 γὰρ
2622 1307 2649 1359 6
2679 1307 2878 1377 νόμοςο
2919 1309 2986 1360 Ἢ
3018 1309 3255 1362 ἐλάττων
3288 1307 3393 1363 τῶν
3433 1307 3502 1362 κε’
3537 1310 3746 1364 ἐνιαυτῶν

2230 1394 2582 1461 αὐτεξουσία,
2635 1396 2914 1464 μέλλουσα
2969 1397 3412 1467 δευτερογαμεῖν,
3457 1401 3628 1470 γνώμῃ
3675 1399 3747 1454 τοῦ

2229 1489 2440 1554 πατρὸς
2469 1489 2779 1555 γαμείσθω.

2315 1578 2379 1631 Ἦ
2423 1581 2568 1650 χήρα
2604 1582 2744 1651 γυνὴ
2791 1582 3162 1647 ἀναγκάζεται
3206 1585 3385 1653 μεῖναι
3417 1588 3504 1638 τὸν
3538 1587 3750 1656 πένθιμον

2229 1672 2497 1739 ἐνιαυτὸν,
2525 1673 2612 1726 διὰ
2643 1673 2742 1743 τὴν
2777 1673 3040 1743 σύγχυσιν
3070 1676 3168 1745 τῆς
3195 1677 3382 1744 γονῆς,
3416 1679 3544 1746 ὅπερ
3569 1676 3648 1728 ἐπὶ
3677 1677 3750 1729 τοῦ

2227 1763 2421 1834 ἀνδρὸς
2457 1766 2558 1817 οὐκ
2589 1765 2724 1817 ἐστι.
2754 1766 3074 1838 Γαμηθεῖσα
3117 1767 3172 1820 δὲ
3220 1769 3350 1838 πρὶν
3381 1768 3411 1838 ἢ
3453 1767 3751 1839 πληρωθῆναι

2226 1858 2317 1909 τὸν
2351 1859 2491 1927 μετὰ
2538 1858 2630 1910 τὸν
2661 1859 2893 1912 θάνατον
2920 1860 3015 1913 τοῦ
3044 1860 3239 1930 ἀνδρὸς
3282 1861 3537 1923 ἐνιαυτὸν,
3568 1859 3752 1930 ἀτιμοῦ-

2226 1965 2340 2008 ται,
2375 1949 2471 2002 καὶ
2497 1949 2556 2002 οὐ
2589 1949 2813 2003 δύναται
2844 1950 3009 2004 πλέον
3047 1950 3142 2003 τοῦ
3166 1952 3352 2022 τρίτου
3383 1953 3479 2021 τῆς
3505 1953 3666 2014 οὐσίας
3690 1952 3752 2005 δι-

2225 2040 2376 2094 δόναι
2407 2041 2485 2112 τῷ
2521 2043 2761 2114 δευτέρῳ
2807 2044 2982 2114 ἀνδρὶ,
3027 2044 3060 2114 ἢ
3095 2047 3152 2111 ἐν
3182 2046 3415 2116 διαθήκῃ
3465 2045 3751 2107 καταλιπεῖν,

2227 2136 2316 2189 ὅτε
2349 2137 2543 2198 παῖδας
2570 2136 2770 2207 δηλαδὴ
2811 2137 2911 2189 οὐκ
2938 2137 3082 2206 ἔχει·
3115 2133 3208 2190 κάι
3247 2139 3382 2210 αὑτὴ
3425 2137 3479 2190 δὲ
3517 2133 3648 2189 οὐδὲν
3670 2134 3752 2198 {Est

2228 2227 2336 2281 ἀπὸ
2363 2227 2808 2304 κληρονομίαῆἢ
2831 2228 3094 2298 ληγάτου,
3123 2228 3157 2300 ἢ
3195 2230 3390 2298 μόρτις
3418 2229 3603 2293 καύσα,
3623 2229 3755 2300 ἡγουν

2228 2319 2597 2373 ἑπιτελευτίου
2645 2320 2878 2392 δωρεᾶς.
2939 2322 3074 2376 ἀλλά
3113 2323 3294 2376 ταῦτα
3339 2323 3680 2390 λαμϐάνουσιν
3720 2321 3755 2372 cl

2228 2411 2559 2482 κληρονόμοι
2613 2411 2709 2465 τοῦ
2761 2413 3180 2476 καταλιπόντος.
3209 2414 3326 2468 Καὶ
3355 2414 3408 2466 εί
3431 2433 3480 2466 τι
3515 2413 3757 2466 κατέλιπεν

2229 2503 2368 2574 αὐτῇ
2417 2505 2445 2556 ὁ
2491 2503 2710 2573 πρῶτος
2762 2505 2922 2574 ἀνὴρ,
2950 2503 3294 2575 λαμϐάνουσι
3337 2505 3474 2559 κατά
3507 2505 3686 2575 βαθμὸν
3707 2504 3756 2554 τὰ

2227 2597 2360 2650 δέκα
2413 2597 2706 2668 πρόσωπα,
2760 2600 3042 2652 τουτέστιν
3092 2599 3342 2664 ἀνιόντες
3381 2599 3473 2654 καὶ
3509 2599 3755 2658 κατιόντες,

2229 2689 2324 2743 καὶ
2357 2692 2420 2742 ὲκ
2453 2690 2708 2757 πλαγίου,
2743 2691 2909 2761 μέχρι
2934 2691 3190 2760 δευτέρου
3225 2692 3440 2761 βαθμοῦ
3465 2709 3480 2722 ο
3504 2692 3558 2755 ἐξ
3585 2688 3759 2743 ἀδιαθέ·

2227 2799 2323 2832 του
2348 2781 2404 2834 δὲ
2434 2783 2775 2852 κληρονόμος
2797 2783 2905 2835 τῶν
2935 2784 3218 2850 συγγενῶν
3249 2786 3419 2854 αὐτῆς
3449 2784 3595 2853 μέχρι
3615 2781 3758 2851 τρίτου

2231 2873 2462 2943 βαθμοῦ·
2497 2874 2636 2927 ἀλλὰ
2681 2875 2778 2927 καὶ
2823 2875 3004 2947 πάσης
3045 2875 3206 2940 ἀξίας
3255 2878 3539 2947 στερεῖται,
3577 2870 3758 2929 καὶτῶν

2229 2968 2339 3019 ἀπὸ
2372 2965 2464 3020 τοῦ
2493 2966 2712 3038 πρώτου
2735 2968 2929 3038 ἀνδρὸς
2950 2969 3031 3030 εἰς
3047 2967 3220 3038 αὐτὴν
3248 2968 3507 3022 ἐλθόντων
3540 2965 3756 3036 προφάσει

2232 3061 2550 3130 μνήστρων,
2576 3058 2608 3128 ἢ
2636 3059 2780 3113 κατὰ
2809 3058 3068 3130 βούλησιν
3097 3061 3194 3114 τοῦ
3224 3061 3652 3131 τελευτήσαντος.

2154 3177 2198 3235 0

2303 3231 2464 3285 Κατά
2511 3233 2760 3286 κέλευσιν
2811 3233 2868 3286 δὲ
2906 3232 3172 3304 βασιλέως
3205 3235 3431 3290 δύναται
3471 3233 3600 3304 γυνὴ
3634 3233 3682 3286 ἐν
3700 3227 3756 3299 τῷ

2231 3322 2483 3404 πενθίμῳ
2520 3324 2698 3396 χρόνῳ
2742 3327 2998 3396 δεύτερον
3031 3327 3268 3396 νυμφίον
3301 3323 3465 3401 ἑαυτῇ
3510 3328 3758 3390 ἐπεισαγα-

2230 3417 2348 3484 γεῖν
2370 3431 2383 3444 ·
2411 3417 2444 3486 ἡ
2470 3415 2527 3467 δὲ
2558 3416 2794 3470 τεκοῦσα
2809 3417 2866 3470 ὲν
2889 3416 2964 3487 τῷ
2991 3416 3245 3487 πενθίμῳ
3279 3420 3451 3490 χρόνῳ
3475 3417 3758 3487 παραχρῆμα

2229 3506 2453 3560 δύναται
2482 3508 2820 3576 γαμηθῆναι.
2869 3509 3032 3578 Ζήτει
3063 3509 3132 3562 τὰ
3161 3509 3296 3582 περὶ
3317 3508 3506 3564 τούτου
3531 3508 3614 3560 καὶ
3640 3509 3686 3559 ὲν
3702 3502 3756 3573 τῷ

2228 3602 2279 3666 η’
2306 3613 2432 3664 κεφ.
2465 3596 2561 3649 τοῦ
2595 3598 2637 3650 Β
2669 3599 2962 3667 στοιχείου.

2305 3687 2497 3752 Οὐδεὶς
2532 3688 2778 3752 δύναται,
2822 3689 2928 3742 ὑπὸ
2957 3691 3056 3761 τὴν
3103 3690 3387 3747 πολιτείαν
3418 3691 3492 3745 ὢν
3531 3691 3625 3743 τῶν
3653 3687 3758 3740 Ῥω·

2232 3776 2432 3847 μαίων,
2468 3778 2561 3830 δύο
2587 3779 2841 3849 γαμετὰς
2873 3782 2932 3833 ὲν
2972 3781 3154 3851 ταυτῷ
3189 3782 3360 3853 ἔχειν.

2310 3868 2372 3922 '0
2401 3870 2496 3922 δύο
2521 3871 2769 3940 γαμετὰς
2806 3874 2862 3924 ὲν
2884 3873 3069 3942 ταυτῷ
3099 3873 3244 3944 ἔχων
3276 3875 3576 3937 τυπτέσθω,
3612 3868 3758 3922 ὲκδιω·

2229 3961 2469 4032 κομένης
2499 3963 2598 4031 τῆς
2632 3963 2967 4017 ἐπεισάκτου
2997 3968 3262 4034 γυναικὺς
3295 3968 3432 4037 μετὰ
3457 3965 3559 4022 τῶν
3584 3959 3761 4032 τεχθέν-

2228 4069 2337 4106 των
2373 4053 2431 4118 ἐξ
2463 4051 2636 4124 αὐτῆς
2668 4054 2900 4110 παίδων.

2775 4149 2916 4217 Περὶ
2949 4150 3270 4220 τριγάμων.

2311 4237 2370 4291 Ὀ
2417 4239 2591 4308 μέγας
2645 4240 2948 4308 Βασίλειος,
3001 4247 3060 4297 ὲν
3111 4245 3190 4314 τῷ
3235 4246 3279 4299 δ’
3309 4247 3512 4313 κανόνι,
3552 4245 3660 4298 Ἐπὶ
3681 4237 3763 4292 τῶν

2228 4329 2518 4400 τριγάμων
2565 4332 2874 4401 συνήθειαν,
2899 4335 3054 4405 φησὶ,
3091 4339 3468 4410 κατελάϐομεν
3491 4333 3762 4390 πενταετίας

2229 4422 2560 4492 ἀφορισμὺν,
2595 4423 2690 4477 τοῦ
2714 4425 2894 4495 γάμου
2921 4426 3124 4498 δηλαδὴ
3159 4431 3236 4500 μὴ
3259 4430 3628 4497 διασπωμένου
3652 4442 3665 4456 °
3691 4440 3763 4475 x1-

2152 4513 2205 4574 D
2232 4511 2383 4566 λοῦσι
2422 4514 2480 4566 δὲ
2515 4515 2607 4568 τὸν
2639 4516 2880 4572 τοιοῦτον
2925 4519 3113 4572 οὐκέτι
3157 4522 3362 4591 γάμον,
3402 4523 3534 4573 ἀλλὰ
3569 4518 3762 4580 πολυγα-

2233 4603 2388 4673 μίσ-ν,
2431 4606 2629 4676 μᾶλλον
2665 4607 2722 4660 δὲ
2772 4611 3031 4677 πορνείαν
3081 4613 3512 4681 κεκολασμένην,
3560 4611 3761 4661 τουτέστι

2232 4692 2308 4764 μὴ
2340 4696 2763 4768 διακεχυμένην,
2804 4699 2941 4754 ἀλλὰ
2984 4703 3448 4774 συνεσταλμένην,
3491 4704 3578 4754 καὶ
3608 4701 3656 4751 ὲν
3689 4695 3762 4764 tua}

2230 4789 2719 4859 περιγραψομένην
2764 4793 3003 4858 γυναικί.
3041 4793 3132 4844 Διὸ
3163 4795 3256 4845 καὶ
3302 4795 3330 4846 6
3365 4795 3562 4863 Κύριος
3593 4793 3648 4858 τῇ
3683 4787 3760 4836 ΣΡ

2233 4879 2529 4948 μαρείτιὸι,
2560 4880 2722 4938 πέντε
2757 4883 2959 4952 ἄνδρας
2980 4883 3345 4960 διαμειψάσῃ,
3371 4889 3466 4939 Ὃν
3488 4884 3595 4946 νῦν,
3615 4879 3756 4948 φησὶν,

2229 4967 2396 5036 ἔχεις.
2459 4971 2558 5023 vim
2589 4971 2704 5025 ἔστι
2735 4990 2829 5025 σου
2867 4975 3008 5046 ἀνήρ
3030 4990 3044 5005 ·
3077 4975 3151 5038 ὡς
3182 4979 3286 5030 οὐκ
3321 4977 3403 5030 ἔτι
3438 4978 3595 5041 ἀξίων
3630 4974 3758 5023 ὄντων

2227 5060 2338 5110 τῶν
2374 5061 2864 5132 ὑπερεκπεσόντων
2907 5066 3003 5119 τοῦ
3053 5068 3254 5138 μέτρου
3295 5069 3397 5138 τῆς
3425 5067 3678 5136 διγαμὶαςι
3703 5055 3758 5124 τῷ

2229 5151 2322 5204 τοῦ
2373 5154 2568 5222 ἀνδρὸς
2611 5155 2644 5225 ἦ
2679 5157 2776 5226 τῆς
2815 5159 3074 5224 γυναικὸς
3118 5161 3404 5213 καλεῖσθαι
3434 5158 3755 5230 προσρήματι·

2228 5245 2320 5296 Δεῖ
2344 5245 2421 5305 δὲ.
2451 5246 2607 5314 φησι,
2646 5248 2721 5316 μὴ
2765 5249 2942 5318 πάντη
2975 5251 3196 5314 τούτους
3239 5251 3525 5320 ἀπείργειν
3560 5247 3648 5312 τὴς
3693 5243 3757 5292 ἐκ-

2228 5337 2478 5405 κλησίας,
2509 5339 2626 5391 ἀλλ’
2649 5343 2706 5390 ἐν
2739 5343 2850 5403 τοῖς
2881 5344 3066 5405 τόποις
3099 5344 3280 5412 μόνοις
3312 5344 3420 5395 τῶν
3444 5337 3756 5410 ἀκροωμένων

2229 5433 2320 5484 καὶ
2350 5435 2758 5500 συνιτταμένων
2791 5436 3110 5506 μετρεῖσθαι
3137 5439 3347 5500 τούτοις
3374 5436 3466 5506 τὴν
3487 5431 3750 5492 καταδίκην,

2227 5523 2288 5576 οὐ
2324 5525 2430 5592 μὴν
2456 5526 2548 5575 καὶ
2580 5526 2689 5578 τῶν
2727 5529 3190 5596 προσκλαιόντων.

2299 5805 2463 5864 ’Λλλά
2507 5807 2602 5864 καὶ
2645 5804 2798 5876 αὖθις
2835 5812 2894 5866 ἐν
2923 5811 3002 5884 τῷ
3034 5811 3100 5880 ν’,
3130 5813 3433 5886 Τριγαμίας
3467 5811 3634 5880 νόμος.
3671 5820 3752 5871 φη·
