3992 6394
274 385 414 458 1157

1231 394 1646 482 ΞΥΝΤΑῢΜᾼ
1692 387 2330 452 ALPIIABETICUM.
2363 409 2430 422 α·-
2478 383 2537 446 Υ.

3389 385 3530 446 1153

279 529 388 566 σιν.
423 511 522 562 οὐκ
563 507 732 572 ἔστιν,
774 507 1238 575 ὲκκλησιαστικὸς
1271 509 1500 579 δηλαδή.
1551 508 1631 560 Τὰ
1676 505 1864 573 μέντοι

1980 499 2112 554 inlla
2135 500 2240 565 lex,
2261 499 2515 554 videlicet
2539 496 2933 554 ecclesiastica.
2960 494 3230 550 Nimirum
3275 490 3544 563 ejusmoui

173 625 180 629 ε
270 599 521 661 τοιαῦτα,
562 594 649 651 οἷα
695 598 843 670 ρύπη
880 603 978 668 τῆς
1012 600 1340 664 Ἐκκλησίας
1381 599 1622 670 ὁρῶμεν.
1681 601 1864 666 Δημο-

272 693 423 753 σίαις
451 692 506 742 δὲ
544 691 871 755 καταδίκαις
917 693 1017 761 οὐχ
1045 692 1447 760 ὑποϐάλλομεν,
1479 691 1554 753 ὼς
1583 690 1687 758 τῆς
1717 690 1862 742 ἀνει-

276 782 448 851 μένης
482 782 740 848 πορνείας
771 783 1150 852 αἱρετώτερα⁸
1183 785 1245 836 οὐ
1283 783 1393 854 γὰρ
1426 783 1864 846 καταδικάζομεν

273 873 381 944 τὴν
405 872 606 940 πρᾶξιν
637 874 780 926 ὥστε
821 877 914 928 καὶ
968 875 1204 946 διασπᾷν
1224 890 1239 906 °
1281 876 1426 929 κατὰ
1450 875 1506 929 δὲ
1544 875 1634 927 τὸν
1663 874 1865 927 αὐτίκα

273 962 652 1033 ῥηθησόμενον
682 965 780 1036 τῆς
817 965 1065 1030 ὲνὼσεως
1096 967 1280 1035 τόμον,
1319 969 1412 1020 καὶ
1442 966 1542 1038 τὴν
1573 964 1861 1035 διαστολὴν

275 1056 372 1106 καὶ
403 1053 586 1124 ψῆφον
611 1055 803 1122 αὐτοῦ,
837 1057 1062 1121 τούτους
1092 1057 1384 1128 δεχόμεθα.

357 1227 418 1282 ⁸0
447 1229 502 1283 δὲ
525 1231 623 1300 τῆς
659 1231 939 1300 θεολογίας
981 1232 1270 1301 ἐπώνυμος
1310 1232 1408 1285 καὶ
1449 1233 1622 1302 μέγας
1648 1231 1861 1303 Γρηγό-

278 1325 422 1390 ριός,
453 1321 532 1374 Τὸ
567 1321 806 1392 πρῶτον,
836 1325 991 1392 φησι,
1022 1325 1389 1388 συνοικέσιον,
1420 1316 1582 1394 νόμος
1603 1337 1618 1352 ⁸
1661 1324 1724 1376 τὸ
1747 1323 1869 1376 δεύ-

272 1428 456 1483 τερον,
515 1414 898 1484 συγχώρησις·
949 1416 1009 1467 τὸ
1051 1415 1254 1485 τρίτον,
1306 1414 1660 1484 παρανομία’
1708 1416 1769 1466 τὸ
1819 1412 1864 1467 δ’

275 1505 421 1574 ὑπὲρ
455 1506 613 1559 τοῦτο
649 1507 911 1578 χοιρώδης
950 1507 1084 1577 βίος,
1112 1508 1233 1561 οὐδὲ
1261 1507 1432 1561 πολλὰ
1467 1507 1606 1577 ἔχων
1638 1508 1734 1577 τῆς
1765 1523 1865 1559 κα-

285 1593 414 1658 κίας
437 1597 504 1648 τὰ
538 1598 988 1666 παραδείγματα.

602 1691 741 1758 Περὶ
769 1691 876 1744 τοῦ
902 1692 1084 1759 τόμου
1113 1693 1222 1762 τῆς
1251 1691 1544 1759 ἐνώσεως.

356 1778 497 1849 Ἤδη
532 1779 631 1848 μὲν
665 1779 758 1833 οὖν
784 1783 898 1844 τοῖς
930 1782 1178 1848 παλαιοῖς
1214 1786 1402 1854 νόμοις
1430 1786 1579 1854 τρεῖς
1605 1783 1868 1852 ὲπεγινὼ-

1968 601 2226 662 tanquam
2259 591 2518 646 Ecclesiae
2547 592 2736 645 sordes
2769 589 3069 643 intuemur.
3095 587 3335 643 Publicis
3361 598 3546 644 autem

1966 683 2144 753 poenis
2174 698 2280 736 non
2313 682 2664 749 subiicimus,
2724 680 2890 734 veluti
2938 695 3059 750 quae
3120 681 3289 734 libera
3331 689 3546 734 scorta-

1966 775 2114 828 tioue
2151 775 2324 842 magis
2357 777 2471 827 sint
2495 773 2776 842 Optabilia.
2811 771 2931 826 Non
2964 775 3109 825 enim
3145 788 3260 825 rem
3285 773 3358 825 ita
3388 774 3548 825 dam-

1969 882 2188 930 namus,
2223 876 2282 921 ut
2335 867 2747 921 matrimonium
2812 867 2992 935 ipsum
3045 865 3392 928 dirimamus,
3451 865 3548 918 sed

1961 960 2118 1032 juxta
2147 969 2354 1014 tomum
2379 960 2800 1029 unionis,quem
2831 974 2954 1013 mox
2994 973 3190 1014 sumus
3215 957 3546 1027 expositnri,

1966 1061 2024 1107 et
2057 1051 2466 1105 distinctionem
2500 1058 2667 1121 atque
2699 1051 3030 1106 sententiam
3063 1049 3207 1118 ejus,
3263 1049 3426 1104 hasce
3447 1064 3550 1101 nu-

1966 1145 2107 1216 ptias
2139 1145 2503 1200 admittimus.
3029 1138 3042 1150 ’

2036 1235 2265 1306 Magnus
2288 1245 2472 1290 autem
2501 1236 2592 1290 ille
2633 1236 2957 1303 Gregorius,
2996 1237 3325 1304 cognomine
3358 1233 3548 1288 Theo-

1969 1326 2160 1395 logus,
2223 1327 2466 1380 Primum
2531 1327 2848 1396 conjugium
2889 1328 2998 1389 lex,
3055 1327 3266 1395 inquit,
3317 1328 3546 1381 alterum

1969 1418 2282 1487 permissio,
2319 1420 2537 1472 tertium
2562 1419 2698 1488 legis
2728 1420 2975 1473 violatio.
3029 1419 3184 1485 Quod
3225 1421 3367 1473 ultra
3422 1419 3548 1484 hoc,

1973 1509 2197 1578 porcina
2233 1510 2344 1564 vita
2375 1521 2479 1575 est,
2513 1525 2613 1577 nec
2649 1510 2816 1565 multa
2850 1511 2972 1565 vitii
3001 1511 3164 1566 habet
3195 1512 3473 1581 exempla.

2420 1683 2530 1757 ϐἀ,
2567 1685 2643 1739 De
2677 1698 2814 1739 (omo
2842 1687 3075 1740 unionis.

2038 1773 2332 1831 Enimvero
2397 1779 2591 1844 priscis
2635 1779 2841 1847 legibus
2894 1780 3048 1833 trina:
3108 1779 3549 1848 agnoscebantur

277 1887 476 1924 σκοντο
500 1873 691 1940 γάμοι.
744 1871 804 1926 '0
840 1873 896 1926 δὲ
924 1874 1176 1944 βασιλεὺς
1203 1877 1354 1929 Λέων
1384 1879 1411 1930 ό
1443 1877 1633 1947 Σοφδς,
1664 1877 1758 1930 καὶ
1789 1877 1868 1938 είς

1980 1869 2191 1938 nuptiae.
2228 1869 2334 1924 Sed
2375 1871 2672 1939 imperator
2722 1870 2853 1933 Leo,
2911 1872 3237 1938 cognomine
3291 1870 3547 1939 Sapiens,

277 1964 540 2034 τέταρτον
593 1965 767 2018 ἐλθὼν
818 1970 1175 2038 συνοικέσιον,
1231 1971 1525 2041 ἀφορισμῷ
1576 1970 1728 2039 παρὰ
1769 1969 1862 2022 τοῦ

280 2059 628 2129 πατριάρχου
660 2059 932 2113 Νικολάου
959 2061 1350 2131 καθυπεϐ).ήθη
1373 2079 1387 2092 ο
1425 2056 1485 2114 οὗ
1523 2063 1613 2115 καὶ
1642 2063 1811 2114 ἐδεῖτο
1838 2063 1866 2115 ὁ

283 2147 540 2218 βασιλεὺς
594 2150 820 2220 λυθῆναι
873 2153 968 2205 τοῦ
1019 2153 1244 2222 δεσμοῦ.
1303 2155 1391 2215 Ὠς
1452 2154 1497 2206 δ’
1553 2156 1758 2213 ἐκεῖνος
1806 2153 1867 2207 τὺ

282 2241 550 2312 παράπαν
600 2243 957 2312 ἀδυσώπητος
1014 2241 1106 2316 ἦν,
1159 2245 1259 2314 τῆς
1301 2243 1631 2313 Ἑκκλησίας
1675 2245 1867 2301 τοῦτον

284 2333 564 2396 ἐκϐάλλει,
592 2334 685 2386 καὶ
718 2337 809 2389 τὸν
843 2335 1116 2406 Εὐθύμιον
1142 2336 1460 2405 Σύγκελλον,
1497 2337 1668 2406 ἄνδρα
1696 2337 1865 2408 ἱερὸν,

284 2427 700 2497 προχειρίζεται
731 2428 1100 2500 πατριάρχης),
1125 2427 1181 2492 ὃς
1211 2430 1304 2482 καὶ
1326 2429 1413 2482 τδν
1438 2429 1662 2498 βασιλέα
1686 2429 1868 2483 θεσπί-

289 2533 380 2570 σαι
441 2517 770 2586 βουλόμενον
828 2521 924 2570 καὶ
980 2520 1140 2588 μέχρι
1185 2518 1278 2572 τοῦ
1329 2519 1591 2588 τετάρτου
1656 2517 1866 2590 βαθμοῦ

286 2610 719 2680 παρατείνεσθπι
751 2615 865 2673 τοῖς
900 2611 1244 2682 βουλομένοις
1268 2615 1334 2666 τὰ
1365 2615 1580 2668 συνοικέ
1603 2631 1699 2677 για,
1719 2615 1868 2687 πάσῃ

289 2699 495 2770 σπουδῇ
549 2701 896 2767 διεκώλυσεν,
951 2704 1050 2773 οὐχ
1112 2703 1259 2768 ὅπως
1308 2703 1409 2776 τὴν
1465 2704 1865 2775 τετραγαμίαν,

288 2793 426 2846 ἀλλὰ
467 2795 558 2846 καὶ
593 2795 692 2865 τὴν
733 2797 1036 2865 τριγαμίαν
1085 2797 1343 2865 ἀθέμιτον
1395 2792 1535 2850 εἶναι
1580 2800 1719 2867 μετὰ
1762 2797 1870 2852 τῶν

290 2884 556 2938 πλειόνων
579 2887 883 2957 ἀρχιερέων
912 2887 1333 2957 διατεινόμενος.
1374 2890 1469 2941 Διὰ
1499 2889 1554 2942 δὲ
1587 2889 1746 2942 τοῦτο
1775 2890 1870 2943 καὶ

291 2976 498 3046 σχίσμα
545 2977 675 3047 περὶ
727 2977 824 3049 τὴν
870 2977 1202 3046 Ἐκκλησίαν
1251 2980 1513 3047 ἐγεγόνει,
1554 2982 1647 3033 καὶ
1677 2981 1742 3036 τὰ
1772 2982 1872 3051 τῆς

291 3071 537 3131 στάσεως
573 3071 736 3140 μέχρι
784 3071 882 3139 τῆς
915 3069 1193 3140 βασιλείας
1222 3071 1315 3124 τοῦ
1354 3073 1470 3124 υἱοῦ
1511 3073 1674 3128 αὑτοῦ
1716 3075 1872 3127 Κων-

293 3163 578 3214 σταντίνου
617 3163 712 3215 τοῦ
751 3165 1292 3234 Πορφυρογεννήτου,
1334 3168 1426 3218 καὶ
1457 3165 1742 3236 Ῥωμανοῦ
1778 3167 1872 3221 τιρῦ

290 3253 558 3324 πενθεροῦ
609 3255 802 3308 τούτου
835 3257 1111 3327 διήρκεσε.
1151 3259 1258 3311 Καὶ
1283 3257 1582 3328 τηνικαῦτα
1608 3260 1872 3330 ἐξηνέχθη

290 3344 456 3414 τόμος
515 3349 544 3399 ὁ
591 3345 885 3416 λεγόμενος
927 3349 1024 3419 τῆς
1067 3347 1335 3412 ὲνώσεως,
1391 3349 1468 3420 τῷ
1505 3356 1687 3422 ,ςυκηο
1737 3351 1870 3413 ἔτει,

291 3437 679 3506 διαλαμϐάνων
727 3439 881 3504 πότε,
919 3440 1015 3493 καὶ
1047 3442 1155 3493 τιτι
1195 3441 1286 3494 τὸν
1327 3443 1508 3508 τρίτον
1544 3442 1628 3495 δεῖ
1694 3443 1876 3512 γάμον

294 3533 669 3600 παραχωρεῖν,
693 3533 815 3595 ταῖς
843 3532 1156 3599 ἀνειμέναις
1178 3534 1284 3584 τῶν
1307 3531 1528 3604 ἐρώτων
1552 3533 1874 3604 ἐπιθυμίαις

293 3626 356 3676 ἐκ
393 3624 591 3675 πολλοῦ
627 3622 724 3674 τοῦ
761 3625 1042 3694 περιόντος
1089 3624 1351 3687 ἐπιτιθεὶς
1388 3624 1625 3694 χαλινὸν,
1672 3626 1734 3689 ὃς
1779 3628 1876 3680 καὶ

294 3719 437 3768 κατὰ
469 3715 560 3767 τδν
583 3715 806 3768 Ἰούλιον
833 3716 976 3785 μῆνα
1003 3715 1236 3784 ὲτησίως
1271 3716 1355 3767 ἐπ’
1384 3716 1634 3786 ἄμϐωνος
1686 3719 1878 3784 ἀναγι-

295 3811 589 3866 νώσκεται.
619 3811 762 3878 Πρὸς
783 3808 914 3877 γοῦν
939 3809 1016 3878 τῷ
1044 3809 1187 3862 τέλει
1215 3808 1392 3863 ταῦτά
1427 3824 1595 3880 φησι·
1629 3811 1769 3873 Τοὺς
1797 3812 1877 3875 εἰς

294 3905 414 3966 ἔτος
459 3903 872 3973 ἀναϐεϐηκότας
901 3902 1362 3972 τεσσαρακοστὸν,
1397 3905 1490 3956 καὶ
1517 3903 1654 3973 πρὸς
1691 3903 1877 3973 τρίτον

297 3999 520 4058 ἑαυτοὺς
542 3995 971 4066 ὲπιρῤίπτοντας
1004 3995 1202 4064 γάμον,
1224 3991 1320 4046 οἷα
1341 3994 1491 4066 ρύπη
1524 3995 1618 4064 τῆς
1641 3994 1879 4066 Ἐκκλη-

299 4089 414 4150 σίας
461 4089 854 4158 τυγχάνοντας,
891 4087 1054 4156 μέχρι
1099 4086 1427 4149 πενταετίας
1475 4086 1880 4158 ἀκοινωνήτους

296 4177 431 4234 εἶναι
467 4179 822 4249 θεσπίζομεν,
857 4180 953 4233 καὶ
993 4177 1088 4231 τοῦ
1117 4177 1376 4232 τοσούτου
1410 4179 1604 4250 χρόνου
1653 4178 1881 4250 ἑξήκον-

295 4293 408 4339 τος,
444 4273 592 4338 ἅπαξ
631 4273 726 4326 τοῦ
779 4273 936 4337 έτους
977 4275 1044 4345 τῇ
1092 4273 1349 4344 κοινωνίᾳ
1380 4273 1688 4342 προσιέναι,
1735 4271 1881 4326 κατὰ

294 4368 395 4434 τὴν
432 4364 733 4434 σεϐάσμιον
771 4365 866 4418 τοῦ
903 4365 1172 4435 σωτηρίου
1207 4367 1400 4436 Πάσχα
1435 4367 1671 4437 ἡμέραν,
1707 4367 1766 4419 ὲν
1808 4369 1874 4438 τῇ

295 4459 432 4526 πρὸς
462 4459 666 4527 ταύτης
699 4457 924 4528 νηστείᾳ
950 4457 1072 4509 καθ’
1098 4458 1223 4510 ὅσον
1248 4452 1360 4510 οἷόν
1387 4474 1449 4510 τε
1478 4456 1882 4525 ἀποκαθαίρον-

1969 1975 2094 2014 cum
2127 1960 2192 2015 ad
2224 1973 2482 2030 quartum
2520 1963 3187 2031 quoquematrimonium
3225 1977 3548 2032 progressus

1969 2065 2135 2118 esset,
2170 2055 2533 2124 segregationi
2567 2054 2843 2122 subjectus
2870 2056 2969 2109 fuit
2996 2072 3025 2110 a
3053 2056 3281 2110 Nicolao
3315 2057 3549 2126 patriar-

1969 2145 2107 2198 cha:
2145 2160 2302 2214 quem
2333 2146 2528 2200 deinde
2558 2147 2782 2217 rogabat
2811 2147 3086 2217 princeps,
3146 2155 3205 2201 ut
3234 2162 3300 2202 eo
3330 2147 3550 2204 vinculo

1970 2249 2030 2291 se
2055 2235 2335 2291 liberaret.
2361 2236 2499 2292 Cum
2545 2237 2636 2290 ille
2692 2253 2920 2307 prorsus
2966 2247 3111 2294 esset
3170 2239 3549 2302 inexorabilis,

1969 2327 2246 2382 hominem
2271 2328 2418 2398 ejicit
2485 2339 2640 2384 extra
2704 2330 3025 2396 Ecclesiam,
3085 2339 3140 2385 et
3196 2330 3551 2402 Euthymium

1974 2418 2318 2490 Syncellum,
2381 2421 2556 2475 virum
2621 2431 2894 2488 sanctum,
2958 2421 3324 2492 patriarcham
3388 2423 3550 2478 facit.

1976 2513 2236 2579 Quicum
2309 2514 2608 2584 imperator
2669 2517 2883 2570 sancire
2921 2516 3118 2577 vel-let,
3165 2525 3226 2570 ut
3265 2516 3430 2570 etiam
3485 2510 3583 2570 ad'

1973 2616 2203 2675 quartas
2233 2622 2406 2676 usque
2436 2609 2650 2674 nuptias
2691 2608 3116 2662 extenderentnr
3152 2607 3220 2661 ab
3264 2607 3333 2661 iis
3365 2606 3555 2660 matri-

1973 2698 2181 2764 monia,
2213 2699 2415 2768 quibus
2448 2699 2518 2753 ita
2553 2699 2788 2764 luberet,
2817 2714 2941 2753 eum
2995 2697 3144 2752 omni
3178 2698 3359 2753 studio
3406 2698 3556 2752 inhi-

1975 2789 2110 2853 buit,
2148 2789 2423 2845 afﬁrmans
2484 2807 2606 2844 cum
2646 2790 2894 2860 pluribus
2945 2789 3317 2860 pontiﬁcibus,
3386 2787 3552 2844 etiam

1974 2887 2166 2940 tertias
2218 2885 2437 2955 nuptias
2471 2924 2485 2950 ,
2548 2885 2746 2939 nedum
2813 2895 3037 2954 quartas
3071 2922 3088 2947 ,
3153 2882 3372 2936 illicitas
3406 2895 3552 2935 esse.

1974 2977 2336 3044 Quamobrem
2391 2977 2681 3032 dissidium
2721 2978 2928 3032 exstitit
2974 2975 3031 3029 in
3066 2973 3330 3036 Ecclesia,
3380 2986 3556 3041 eaque

1975 3068 2170 3121 seditio
2203 3069 2421 3122 duravit
2453 3083 2627 3137 usque
2675 3068 2741 3121 ad
2777 3066 3067 3136 imperium
3134 3064 3229 3118 ﬁlii
3263 3064 3383 3133 ejus
3413 3062 3557 3116 Con-

1977 3158 2203 3212 s1antini
2238 3158 2351 3211 nati
2393 3159 2444 3212 in
2478 3157 2782 3228 Porphyra,
2805 3167 2858 3212 et
2881 3155 3137 3221 Romani,
3171 3153 3330 3222 hujus
3357 3154 3556 3209 soceri.

1898 3217 1944 3276 θ
1980 3249 2100 3316 Quo
2126 3259 2370 3319 tempore
2402 3217 2708 3318 publicatus
2743 3261 2824 3303 est
2856 3258 3053 3310 tomus,
3083 3247 3174 3316 qui
3219 3247 3439 3300 unionis
3475 3245 3558 3300 di-

1976 3342 2141 3404 citur,
2173 3356 2316 3395 anno
2349 3341 2514 3409 6428,
2550 3349 2603 3394 et
2636 3341 2728 3410 qui
2794 3340 2980 3404 tradit,
3020 3341 3236 3405 quando
3269 3346 3326 3392 et
3356 3337 3558 3407 quibus

1976 3433 2152 3487 tertiae
2180 3433 2384 3500 nuptiae
2417 3431 2790 3502 permittendae
2814 3429 2947 3494 sint,
2978 3428 3332 3484 liberioribus
3359 3443 3555 3481 ainan-

1977 3524 2113 3579 tium
2181 3523 2497 3578 libidinibus
2554 3521 2832 3591 egregium
2887 3519 3102 3574 frenum
3161 3519 3469 3588 imponens.
3505 3516 3556 3572 ls

1977 3625 2160 3672 tomus
2197 3630 2382 3670 mense
2407 3613 2551 3668 Julio
2580 3611 2876 3682 quotannis
2907 3613 2962 3665 in
2993 3611 3228 3665 amboue
3260 3610 3476 3679 legitur,
3503 3619 3561 3664 et

1978 3710 2046 3762 ad
2108 3706 2268 3760 ﬁnem
2310 3708 2424 3760 haec
2484 3705 2646 3759 verba
2712 3702 3148 3764 continuetons,
3207 3705 3302 3771 qui
3351 3718 3555 3756 annum

1978 3798 2464 3871 quadragesimum
2521 3797 2842 3868 attigerunt,
2888 3805 2944 3852 et
2992 3797 3182 3850 tertias
3219 3797 3287 3850 ad
3342 3795 3561 3865 nuptias

1978 3907 2100 3948 sese
2127 3890 2442 3963 projieiunt,
2492 3889 2662 3943 veluti
2695 3888 2788 3957 qui
2826 3887 3082 3942 Ecclesiae
3142 3887 3254 3942 sint
3298 3886 3558 3956 inquina-

1981 3993 2184 4051 menta,
2231 3981 2611 4052 quinquennio
2673 3979 3082 4035 communionis
3135 3989 3385 4034 exsortes
3441 3994 3562 4034 esse

1981 4077 2179 4132 debere
2211 4074 2492 4130 sancimus
2523 4089 2538 4139 ;
2571 4087 2749 4140 eoque
2786 4080 3027 4139 tempore
3079 4070 3418 4138 exspirante,
3476 4086 3561 4125 se-

1981 4168 2088 4224 mel
2128 4169 2182 4222 in
2215 4181 2360 4222 anno
2391 4169 2458 4219 ad
2491 4165 2937 4218 communionem
2965 4163 3226 4218 accedere
3259 4162 3557 4216 venerabili

1983 4259 2241 4315 salutaris
2267 4247 2549 4312 Paschalis
2594 4254 2706 4319 die,
2753 4251 2964 4322 jejunio
3000 4251 3140 4306 diem
3169 4250 3320 4303 illum
3356 4265 3562 4320 przece-

1982 4355 2165 4414 (lente,
2193 4358 2458 4419 quantum
2485 4345 2606 4416 ejus
2637 4344 2753 4399 ﬁeri
2800 4351 2998 4414 potest,
3035 4349 3210 4395 semet
3249 4355 3564 4410 expurgan-

1983 4456 2084 4500 tes.
2116 4443 2384 4498 Sacerdos
2431 4449 2637 4504 autem,
2669 4437 2761 4506 qui
2796 4445 2995 4505 praeter
3027 4433 3104 4498 id,
3133 4431 3280 4503 quod
3331 4448 3362 4488 a
3405 4433 3564 4488 nobis

294 4525 394 4612 τας
420 4525 666 4612 ἑαυτούς.
683 4525 817 4604 Ὀἒδὲ
839 4525 1055 4619 τολμῶν
1079 4549 1280 4617 ἱερεὺς,
1302 4549 1456 4621 παρὰ
1474 4549 1568 4602 τὸν
1593 4548 1875 4618 διατεταγ-

1985 4546 2069 4592 est
2099 4543 2386 4598 statutum,
2413 4532 2480 4585 ad
2522 4545 2737 4585 sacram
2771 4529 3009 4598 aliquam
3044 4525 3444 4597 perceptionem
3469 4537 3564 4577 eos

299 4643 459 4712 μένον
496 4643 644 4711 ὅρον,
680 4643 1037 4712 μεταλήψεως
1070 4641 1222 4702 θείας
1260 4641 1414 4704 τινὰς
1463 4641 1672 4695 τούτων
1713 4641 1880 4705 ἀξιῶ·
1921 4659 1923 4661 ·

298 4751 410 4800 σαι,
459 4735 588 4804 περὶ
641 4735 736 4788 τὸν
779 4735 911 4788 ἴδιον
946 4731 1286 4787 κινδυνεύσει
1333 4732 1564 4803 βαθμόν.
1606 4731 1793 4786 Ταῦτα
1825 4733 1882 4787 δέ

299 4844 499 4897 φαμεν,
534 4829 665 4880 ὅταν
699 4828 774 4898 μὴ
809 4827 975 4880 τέκνα
1005 4826 1216 4890 τούτοις
1251 4826 1314 4878 ὲκ
1337 4825 1447 4878 τῶν
1474 4826 1758 4895 προτέρων
1782 4825 1884 4892 γά·

302 4939 420 4989 μων
469 4923 652 4990 παρῇ·
677 4921 724 4971 sl
759 4919 806 4972 δ’
838 4915 954 4986 οὖν,
986 4917 1378 4987 ἁσυγχώρητος
1407 4917 1594 4980 αὐτοῖς
1637 4916 1793 4970 ἔσται
1847 4917 1882 4987 ἡ

301 5015 594 5085 τριγαμία.
634 5014 696 5067 El
735 5013 792 5067 δέ
823 5029 906 5076 τις
952 5011 1381 5082 τριακοντούτης
1410 5007 1508 5070 ὢν,
1542 5009 1638 5062 καὶ
1668 5007 1759 5061 τοῦ
1796 5009 1887 5075 γέ-

301 5128 425 5172 νους
451 5110 590 5180 ἔχων
617 5113 679 5161 ἐκ
710 5108 819 5161 τῶν
845 5107 1170 5176 φθασάντων
1195 5103 1393 5174 γάμων
1421 5103 1701 5173 διαδοχὴν,
1733 5102 1884 5171 ὅμως

303 5221 368 5271 γε
412 5205 517 5273 μὴν
558 5203 646 5256 διὰ
683 5201 743 5254 τὸ
792 5201 892 5269 τῆς
923 5199 1194 5268 σαρκικῆς
1236 5195 1535 5263 ἐπιθυμίας
1585 5194 1886 5246 ἀκόλαστον

300 5297 464 5369 τρίτῃ
499 5289 799 5363 συναφθείη
834 5285 1074 5360 γυναικὶ,
1111 5291 1203 5341 ἐπὶ
1237 5287 1556 5358 τετραετίαν
1580 5284 1886 5352 ἀκοινώνη-

303 5407 396 5452 τος
428 5389 591 5443 ἕστω.
627 5383 741 5440 Εἶθ’
786 5384 928 5439 οὕτω
960 5385 1082 5454 τρῖς
1111 5381 1207 5434 τοῦ
1241 5378 1491 5433 ἐνιαυτοῦ
1535 5376 1890 5446 μεταλαμϐα-

305 5483 464 5546 νέτω,
503 5483 560 5533 ἐν
609 5481 676 5549 τῇ
719 5475 1077 5545 ἁναστασίμῳ
1116 5473 1211 5527 τοῦ
1249 5472 1438 5541 Πάσχα
1477 5471 1681 5540 ἡμέρᾳ,
1716 5470 1776 5521 ἐν
1823 5469 1888 5538 τῇ

307 5577 567 5643 κοιμήοει
622 5573 720 5640 τῆς
769 5569 1040 5640 ἁχρὰντου
1090 5567 1380 5628 Θεοτόκου,
1425 5564 1520 5615 καὶ
1559 5564 1617 5614 ἐν
1665 5563 1730 5631 τῇ
1782 5561 1891 5612 τῶν

307 5668 602 5735 γενεθλίων
657 5664 753 5716 τοῦ
818 5662 1021 5730 Κυρίου
1080 5645 1448 5731 ἐορτῇ,⁸τῶν
1518 5656 1624 5724 πρὸ
1683 5655 1891 5706 τούτων

307 5761 577 5831 νηστειῶν
621 5760 680 5811 τὸ
717 5758 967 5808 πλεῖστον
996 5755 1094 5821 τῆς
1129 5751 1450 5819 ὲντακείσης
1484 5747 1634 5815 αὐτῷ
1674 5745 1891 5819 ternio;

308 5855 652 5924 ἀποσμήχειν
679 5848 1104 5918 πιστευομένων.
1136 5844 1199 5897 Εί
1228 5844 1282 5897 δὲ
1306 5843 1475 5906 ἄπαις
1505 5839 1582 5894 ὢν
1611 5837 1890 5908 τυγχάνει,

1984 4631 2152 4684 audet
2189 4625 2500 4687 admittere,
2536 4623 2603 4678 de
2649 4621 2819 4691 gradu
2861 4635 2957 4675 suo
2990 4617 3405 4688 periclitabitur.
3438 4614 3564 4670 Haec

1984 4731 2170 4778 autem
2205 4717 2463 4778 dicimus,
2491 4731 2613 4770 eum
2649 4713 2780 4768 nulli
2817 4711 2928 4766 sint
2956 4711 3075 4780 ejus
3102 4707 3254 4762 liberi
3291 4706 3566 4776 prioribus

1984 4830 2050 4870 ex
2083 4813 2307 4882 nuptiis.
2336 4809 2431 4864 Sin
2455 4816 2661 4870 autem,
2687 4803 2905 4858 tertium
2933 4800 3341 4854 matrimonium
3367 4797 3433 4850 iis
3456 4811 3565 4850 non

1986 4905 2357 4975 permittetur.
2395 4901 2548 4968 Quod
2577 4899 2622 4952 si
2653 4897 2775 4968 quis
2804 4910 2979 4950 annos
3038 4891 3261 4960 triginta
3296 4897 3480 4952 natus,
3514 4901 3568 4942 et

1988 4997 2234 5051 lueredes
2261 5012 2324 5049 ex
2359 4992 2635 5064 prioribus
2685 4986 2958 5058 conjugiis
2995 4985 3220 5048 habens,
3285 4981 3567 5035 nihilomi-

1989 5106 2094 5144 nus
2134 5090 2204 5143 ob
2261 5085 2494 5141 carnalis
2562 5082 2803 5136 libidinis
2862 5074 3341 5146 intemperantiam
3395 5073 3570 5126 tertize

1989 5181 2279 5250 copulatus
2353 5176 2512 5231 Uxori
2581 5173 2789 5228 fuerit:
2851 5171 3087 5224 triennio
3162 5165 3570 5222 communionis

1990 5288 2180 5328 exsors
2211 5258 2349 5325 esto.
2383 5271 2560 5336 Atque
2616 5269 2687 5320 ita
2730 5265 2983 5332 deinceps
3020 5272 3100 5315 tcr
3131 5261 3187 5313 in
3221 5277 3362 5314 anno
3393 5258 3572 5328 perci-

1990 5367 2127 5437 piat,
2182 5363 2270 5427 die
2334 5361 2586 5414 videlicet
2635 5356 2884 5414 Paschali
2915 5352 3362 5413 resurrecﬁonis,
3405 5359 3458 5403 et
3513 5349 3568 5402 iu

1993 5455 2397 5514 obdormitione
2432 5452 2798 5506 immaculata:
2828 5447 3088 5516 [)eiparze,
3119 5455 3172 5498 et
3218 5446 3268 5496 in
3302 5443 3441 5496 festo
3476 5457 3574 5494 na-

1995 5551 2293 5607 talitiorum
2357 5546 2607 5601 Domini:
2666 5559 2790 5598 cum
2840 5540 3045 5610 jejunia
3078 5537 3382 5592 diesbosce
3434 5547 3574 5602 pra:-

1996 5643 2241 5700 cedentia
2282 5639 2542 5708 majorem
2571 5647 2777 5706 partem
2818 5635 3102 5689 exstinctae
3150 5629 3206 5684 in
3259 5628 3376 5698 ipso
3438 5625 3576 5680 labis

1997 5742 2308 5807 abstrrgvre
2374 5735 2691 5788 credantur.
2743 5729 2838 5782 Sin
2876 5726 3064 5782 liberis
3124 5734 3308 5785 caret,
3358 5720 3576 5775 veniant

1997 5833 2274 5902 impetrat,
2305 5826 2450 5898 quod
2477 5826 2772 5878 liberorum
2804 5817 3274 5892 procreandorum
3302 5815 3572 5869 desideri.1
