3992 6422
493 397 631 469 H59

1680 418 2055 480 ΜΑΤΤΗᾸΞΙ
2097 420 2528 487 BLASTARIS

3561 445 3673 517 1160

486 519 675 574 tertias
700 521 904 590 optavit
937 523 1188 593 nuptias;
1238 537 1612 599 consuetaque
1672 547 1828 602 paena
1890 551 2038 591 reme

2169 543 2503 616 συγγνώμης
2553 547 2822 613 ἀξιοῦται,
2881 551 2950 603 δι’
3001 551 3190 622 ἔφεσιν
3247 559 3557 628 παιδοποιίας
3608 572 3680 624 τὸν

484 608 634 663 dium
663 609 712 663 ei
740 612 1051 679 adhibetur,
1089 623 1148 668 ut
1196 615 1370 673 tribus
1418 621 1577 676 annis
1604 636 1633 676 a
1675 626 2065 683 communione

485 711 705 757 arceatu
715 720 759 759 l".

1053 944 1132 999 De
1182 945 1500 1017 polygamis.

555 1053 744 1107 Canon
777 1055 810 1108 5
857 1069 976 1124 syn.
1025 1055 1336 1112 Neocaesar.
1363 1097 1378 1122 ,
1422 1059 1497 1113 De
1527 1059 1614 1128 iis,
1642 1062 1841 1133 inquit,
1881 1067 1975 1135 qui
2011 1068 2066 1124 in

484 1146 669 1214 plures
702 1147 920 1214 nuptias
941 1147 1210 1213 incidunt,
1233 1159 1292 1204 ut
1324 1150 1462 1205 ultra
1488 1161 1602 1206 tres
1626 1155 2064 1224 progrediantur,

486 1243 700 1304 tempus
722 1236 940 1305 quidem
969 1238 1332 1307 praestitutum
1361 1239 1714 1296 manifestum
1742 1253 1844 1299 est.
1869 1246 1939 1301 At
1971 1263 2058 1302 re-

483 1343 610 1382 vera
637 1327 987 1383 manifestum
1019 1343 1130 1383 non
1161 1338 1265 1396 est,
1323 1346 1449 1386 cum
1510 1347 1672 1388 nemo
1708 1351 1775 1390 ex
1825 1338 2066 1407 antiquis

482 1419 737 1474 Pati-ibus
765 1420 895 1474 illud
929 1422 1280 1477 manifestum
1317 1423 1528 1479 fecerit.
1577 1425 1682 1481 Sed
1726 1429 2064 1498 resipiscen-

482 1513 645 1579 tium,
677 1513 871 1582 inquit,
913 1513 1050 1569 ﬁdes
1099 1523 1153 1570 et
1185 1516 1472 1571 conversio
1513 1525 1732 1589 tempus
1765 1522 2060 1578 contrahit.

553 1714 819 1766 Cmterum
841 1712 1087 1768 eruditus
1111 1713 1200 1768 ille
1226 1713 1279 1766 in
1306 1714 1560 1770 omnibus
1588 1714 1843 1783 Basilius,
1877 1725 2065 1774 octua-

480 1803 688 1871 gesimo
712 1819 928 1858 canone
963 1819 1064 1858 suo
1093 1844 1109 1870 ,
1163 1804 1483 1874 Nuptiarum
1541 1809 1936 1877 pluralitatem,
1974 1811 2061 1865 in-

480 1893 621 1962 quit,
687 1893 889 1948 silentii
941 1895 1176 1964 caligine
1245 1894 1432 1951 Patres
1490 1897 1835 1963 obvelarunt,
1897 1900 2060 1956 veluti
2097 1889 2136 1943 Β

478 1986 763 2042 bcstialem
828 1997 883 2042 et
943 1988 1175 2042 alienam
1235 1989 1303 2042 ab
1357 1991 1584 2044 honesta
1642 1993 2062 2050 consuetudine.

479 2078 645 2133 Nobis
670 2091 852 2134 autem
891 2081 956 2134 ad
985 2081 1225 2134 animum
1259 2081 1481 2146 accidit,
1543 2082 1648 2138 hoc
1680 2094 1784 2150 εει,
1844 2085 2062 2142 videtur

478 2181 533 2226 et
560 2171 737 2241 placet
763 2171 971 2239 judicio
1003 2179 1214 2236 uestro,
1272 2173 1445 2240 magis
1478 2172 1620 2227 hanc
1657 2175 2056 2247 castigandam,

476 2275 640 2332 quam
666 2263 841 2331 ipsam
878 2263 1294 2318 scortationem.
1331 2263 1396 2318 Et
1426 2265 1744 2334 nuptiarum
1772 2268 2058 2338 pluralitas

474 2365 576 2419 est,
617 2369 724 2407 non
753 2371 878 2408 cum
915 2355 1107 2410 multis
1159 2356 1476 2425 promiscue
1510 2373 1623 2411 rem
1677 2358 1900 2426 habere,
1958 2360 2055 2417 sed

474 2447 723 2502 eumdem
755 2448 936 2517 plures
968 2463 1165 2504 uxores
1219 2449 1440 2515 ducere,
1494 2449 1621 2506 licet
1663 2468 1770 2508 non
1837 2467 1948 2508 una
1999 2463 2054 2508 et

473 2541 665 2593 cadem
699 2539 835 2594 vice.
866 2539 1002 2594 Nam
1034 2542 1238 2610 nuptiae
1264 2557 1371 2594 non
1420 2550 1631 2597 tantum
1674 2554 1801 2598 sunt
1847 2559 2056 2600 concu-

469 2629 619 2686 bitus
659 2645 783 2686 cum
823 2632 1069 2699 muliere,
1105 2634 1250 2689 sicut
1307 2635 1501 2704 vulgus
1559 2622 1842 2692 hominum
1901 2637 2052 2708 loqui

469 2723 629 2785 solet.
690 2724 782 2778 sed
826 2724 1150 2793 coniunctio
1213 2726 1381 2782 maris
1426 2739 1478 2782 et
1511 2727 1730 2783 feminae
1765 2738 1817 2784 et
1863 2731 2050 2788 omnis

466 2813 593 2868 vita:
619 2815 980 2882 consortium,
1023 2818 1194 2872 divini
1228 2829 1282 2873 et
1310 2819 1532 2872 humani
1564 2820 1706 2890 juris
1736 2822 2048 2876 communi-

468 2903 634 2968 catio,
671 2906 1134 2972 quemadmodum
1178 2907 1324 2977 leges
1359 2909 1606 2964 tradunt.
1639 2907 1759 2964 Non
1799 2912 1943 2966 enim
1979 2927 2048 2968 ex

467 2991 859 3063 conjunctione
879 2996 1148 3053 duntaxat
1170 3013 1560 3070 agnoscuntur,
1579 3015 1769 3058 verum
1793 3005 1959 3058 etiam
1983 3020 2047 3060 ex

466 3085 681 3141 illorum
705 3087 1010 3153 aﬂ'eetione,
1029 3090 1136 3161 65
1149 3093 1242 3162 qui
1270 3105 1679 3150 contraxerunt.
1703 3095 1844 3151 Dicit
1862 3105 2045 3152 autem

465 3176 779 3243 nuptiarum
813 3178 1181 3248 pluralitatcm
1209 3198 1238 3237 a
1267 3181 1521 3238 Patribus
1551 3183 1768 3239 silentio
1794 3187 2038 3255 praateri-

465 3274 596 3330 tam,
629 3267 754 3336 quia
783 3269 975 3324 tertias
1025 3271 1244 3341 quidem
1278 3275 1496 3343 nuptias
1545 3275 1630 3330 lex
1665 3277 1950 3344 agnoscit;
1982 3288 2040 3334 at

461 3369 652 3411 eorum
693 3358 978 3429 pluralitas
1011 3373 1125 3417 tum
1162 3364 1396 3435 legibus.
1443 3375 1558 3420 tum
1604 3369 1912 3425 canonibus
1959 3379 2044 3428 est

459 3449 739 3518 prohibita
801 3451 994 3508 Omnis
1049 3454 1194 3509 enim
1253 3466 1566 3513 contractus
1595 3460 2042 3525 matrimonialis,

457 3537 554 3605 qui
615 3539 830 3594 tertiam
890 3541 1208 3610 nuptiarum
1253 3542 1389 3599 ﬁnes
1447 3546 1666 3610 transit,
1723 3548 2040 3618 nuptiarum

457 3629 748 3696 pluralitas
772 3633 915 3686 haud
947 3633 1118 3688 dubio
1147 3634 1366 3691 dicitur.
1407 3635 1666 3693 Eamdem
1707 3642 2043 3698 scortatione

455 3723 699 3790 peiorem
736 3740 848 3777 non
876 3725 974 3780 abs
999 3742 1058 3779 rc
1118 3730 1515 3795 pronuntiavit.
1559 3730 1697 3785 Nam
1755 3732 1850 3801 qui
1892 3749 2044 3788 scor-

459 3819 609 3862 tatur
633 3812 688 3863 in
721 3824 787 3865 se
820 3813 996 3867 solum
1038 3814 1250 3872 facinus
1276 3819 1376 3873 huc
1403 3819 1664 3887 admittit,
1695 3819 1825 3876 dum
1850 3834 2044 3891 sponte

459 3917 560 3954 sua
593 3912 768 3967 semet
798 3903 852 3956 in
877 3905 1194 3974 voraginem
1226 3907 1670 3977 intemperantiae
1697 3913 2038 3982 praecipitat;

455 3991 550 4058 qui
586 4006 714 4044 vero
745 4001 970 4060 quartas
1015 4005 1110 4047 aut
1139 3994 1360 4063 quintas
1414 3999 1752 4052 contraxerit
1799 3999 2040 4068 nuptias,

453 4091 506 4135 et
533 4097 720 4137 sacros
752 4098 992 4138 canones
1027 4125 1042 4152 ,
1083 4085 1180 4154 qui
1244 4101 1339 4141 eas
1372 4087 1701 4156 .prohibent,
1739 4093 2039 4158 proculcat,

451 4184 506 4228 et
547 4190 835 4244 germanos
860 4192 988 4232 suos
1021 4177 1224 4248 liberos
1257 4179 1420 4232 allicit
1475 4179 1700 4250 injuria,
1737 4183 1868 4236 dum
1900 4197 2042 4252 pra-

455 4283 540 4322 ter
571 4284 668 4323 eos
703 4270 870 4324 etiam
931 4271 1150 4339 suprios
1196 4283 1473 4340 procreat.
1564 4273 1857 4344 Propterea
1919 4285 2043 4344 post

454 4360 628 4428 ipsius
664 4361 928 4417 facinoris
973 4364 1355 4432 emissionem,
1409 4376 1462 4422 et
1490 4383 1674 4422 veram
1738 4369 2042 4424 confessio—

453 4467 599 4518 nem,
657 4455 776 4508 vult
820 4455 984 4509 etiam
1034 4457 1260 4526 gravius
1295 4459 1444 4527 ipsos
1496 4460 1701 4526 puniri,
1743 4476 1905 4529 quam
1942 4463 2038 4531 qui

2169 635 2354 703 τρίτον
2388 637 2568 707 γάμον
2601 640 2948 712 αἱρούμενος,
2977 646 3073 698 καὶ
3101 646 3177 715 τῷ
3204 651 3414 720 συνήθει
3451 655 3678 731 ἐπιτιμίῳ

2168 725 2642 799 θεραπευθήσεται
2668 772 2682 796 ,
2718 733 2810 786 ἐπὶ
2852 737 3001 808 τρισὶ
3041 738 3251 808 χρόνοις
3299 741 3393 813 τῆς
3437 725 3682 818 κοινωνίας

2167 816 2506 888 εἰργόμενος.

2685 981 2825 1052 Περὶ
2857 985 3244 1056 πολυτάμων.

2250 1095 2312 1148 '0
2358 1095 2461 1162 τῆς
2495 1097 2553 1150 έν
2595 1097 3008 1173 Νεοκαισαρείᾳ
3039 1103 3258 1157 συνόδου
3303 1104 3474 1176 τρίτος
3515 1112 3686 1179 κανὼν,

2169 1184 2306 1256 Περὶ
2337 1188 2446 1240 τῶν
2474 1188 2775 1254 πλείστοις,
2801 1193 2961 1262 φησι,
2985 1193 3182 1263 γάμοις
3212 1200 3606 1266 περιπεσόντων,
3625 1203 3687 1266 ὼς

2168 1281 2263 1331 καὶ
2290 1280 2391 1349 τῆς
2424 1282 2730 1354 τριγαμίας
2757 1283 3046 1353 προελθεῖν
3067 1289 3392 1358 περαιτέρω,
3419 1293 3445 1344 ό
3471 1292 3560 1362 μὲν
3576 1293 3688 1364 ὡρι-

2169 1372 2368 1442 σμένος
2398 1375 2592 1443 χρόνος
2623 1377 2802 1446 σαφής
2825 1391 2842 1409 ο
2879 1377 2929 1430 εί
2965 1379 3057 1432 καὶ
3100 1379 3340 1450 ἀτεχνῶς
3371 1383 3588 1454 ἀσαφὴς,
3625 1387 3687 1457 μή

2165 1478 2318 1525 τινος
2347 1463 2457 1516 τῶν
2488 1465 2863 1536 παλαιοτέρων
2886 1467 3250 1538 δηλώσαντος.
3269 1471 3331 1524 Ἦ
3357 1472 3410 1525 δὲ
3429 1475 3592 1538 πίστις
3613 1481 3690 1530 καὶ

2167 1555 2200 1625 ή
2231 1557 2547 1628 ἀναστροφὴ
2579 1559 2688 1612 τῶν
2721 1559 3134 1630 μετανοούντων
3170 1565 3474 1636 συντέμνειν
3491 1563 3588 1622 οἶδε
3615 1569 3692 1623 τὸν

2167 1648 2378 1717 χρόνον,
2409 1651 2579 1719 φησί.-

2254 1741 2310 1793 Ὀ
2340 1741 2396 1793 δὲ
2427 1743 2496 1796 τὰ
2545 1743 2727 1798 πάντα
2786 1749 2950 1815 σοφδς
3011 1747 3309 1814 Βασίλειος,
3343 1751 3398 1804 έν
3431 1751 3504 1823 τῷ
3540 1759 3587 1807 π’
3613 1771 3694 1806 κα-

2167 1829 2300 1896 νόνι,
2345 1833 2460 1903 Τήν
2505 1836 2853 1909 πολυγαμίαν
2902 1841 2952 1894 οί
3005 1843 3271 1913 Πατέρες,
3317 1846 3468 1914 φησι,
3501 1845 3572 1917 τῷ
3611 1848 3694 1915 τῆς

2167 1925 2410 1994 ἀφασίας
2439 1931 2824 2001 συνεκάλυψαν
2848 1933 3052 2000 σκότει,
3085 1930 3180 1989 οἷα
3204 1937 3466 2007 κτηνώδη,
3497 1937 3582 1992 καὶ
3611 1941 3696 2008 τῆς

2165 2015 2514 2089 ἀνθρωπίνης
2544 2022 2866 2078 ἀπεοικυῖαν
2891 2026 3189 2096 διαγωγῆς.
3209 2028 3367 2098 Ἡμῖν
3389 2029 3441 2082 δὲ
3463 2029 3696 2099 παρίστα-

2160 2130 2272 2181 ται,
2309 2116 2430 2184 ήτοι
2459 2117 2608 2170 δοκεῖ
2648 2121 2740 2172 καὶ
2767 2120 3035 2191 κρίνεται,
3075 2123 3241 2197 πλέον
3284 2123 3318 2193 ἢ
3348 2121 3443 2194 τὴν
3471 2125 3693 2194 πορνείαν

2160 2209 2370 2280 ταύτην
2396 2211 2727 2277 κολάζεσθαι
2747 2232 2762 2247 ο
2791 2216 3112 2287 πολυγαμία
3154 2217 3213 2272 δέ
3243 2218 3390 2271 ἐστιν
3420 2218 3476 2271 οὐ
3501 2218 3558 2272 τδ
3583 2218 3696 2270 πολι

2159 2305 2277 2369 λαῖς
2295 2307 2605 2380 ἀδιαφόρως
2626 2310 2946 2381 μίγνυσθαι,
2969 2313 3105 2366 ἀλλὰ
3125 2315 3191 2367 τὸ
3213 2313 3409 2378 πολλάς
3427 2313 3694 2382 ἀγαγέσθαι

2157 2399 2250 2453 τὸν
2279 2401 2466 2466 αὐτὸν,
2512 2403 2562 2456 εί
2603 2404 2701 2458 καὶ
2743 2404 2818 2475 μὴ
2845 2406 3064 2474 ἀθρόον.
3085 2407 3302 2478 Τάμος
3336 2408 3441 2478 γὰρ
3461 2407 3518 2461 οὐ
3537 2408 3591 2460 τὸ
3615 2424 3692 2473 γυ-

2158 2495 2306 2547 ναικὶ
2337 2496 2726 2568 συμφθαρῆναι
2753 2498 2913 2568 μόνον
2931 2500 3048 2552 ἐστὶ
3067 2499 3214 2554 κατὰ
3248 2501 3584 2572 χυδαιοτέραν
3604 2499 3696 2552 διά-

2155 2587 2370 2654 λεκτον,
2397 2588 2513 2644 ἀλλ’
2533 2591 2726 2657 ἀνδρὸς
2747 2591 2844 2646 καὶ
2870 2593 3132 2661 γυναικὸς
3165 2594 3454 2665 συνάφεια,
3480 2593 3567 2646 καὶ
3588 2606 3698 2658 συγ-

2154 2683 2434 2754 κλήρωσις
2469 2685 2566 2739 τοῦ
2609 2685 2738 2755 βίοιδ
2756 2687 2959 2750 παντὸς
2991 2688 3137 2742 θείου
3170 2705 3238 2742 τε
3269 2687 3361 2742 καὶ
3388 2685 3696 2754 ἀνθρωπίνου

2151 2777 2364 2833 δικαίου
2394 2777 2670 2844 κοινωνία,
2700 2779 2776 2842 ὡς
2795 2780 2846 2832 oi
2879 2779 3035 2849 νόμοι
3059 2780 3488 2850 διαγορεύουσιν.
3517 2777 3586 2831 Οὐ
3607 2776 3696 2845 γὰρ

2151 2868 2262 2921 άπδ
2288 2868 2460 2939 μόνης
2489 2867 2593 2932 τῆς
2624 2871 2925 2939 συναφείας
2957 2870 3318 2938 γινώσκεται,
3345 2871 3476 2925 ἀλλὰ
3505 2869 3591 2924 καὶ
3608 2867 3698 2927 ἀπὸ

2151 2961 2256 3032 τῆς
2277 2961 2570 3024 διαθέσεως
2589 2961 2698 3016 τῶν
2722 2964 3206 3030 συναλλαξάντων.
3224 2961 3698 3032 Ἀποσεσιωπῆσθαι

2149 3055 2206 3110 δέ
2246 3071 2380 3124 φασι
2409 3057 2522 3118 τοῖς
2551 3056 2854 3126 Πατράσιν,
2885 3056 3026 3127 ὁτιή
3051 3057 3149 3126 μὲν
3191 3059 3458 3130 τριγαμία
3479 3056 3552 3129 τῷ
3570 3055 3698 3124 νόμῳ

2149 3149 2602 3218 ἐπιγινώσκεται,
2636 3150 2670 3219 ή
2699 3151 2755 3203 δὲ
2787 3151 3104 3220 πολυγαμία
3143 3153 3245 3206 καὶ
3274 3155 3386 3216 τοῖς
3419 3154 3592 3223 νόμοις
3616 3147 3699 3202 καὶ

2149 3246 2264 3310 τοῖς
2287 3245 2510 3299 κανόσιν
2548 3245 2872 3316 ἀπείρηται.
2908 3247 3024 3300 Πᾶν
3056 3229 3165 3316 γὰρ
3203 3247 3570 3316 συνάλλαγμα,
3596 3247 3698 3304 τοὺς

2147 3337 2306 3408 ὅρους
2334 3336 2664 3408 ὕπερὸαἴνον
2691 3341 2793 3409 τῆς
2827 3339 3148 3412 τριγαμίας,
3187 3340 3501 3409 πολυγαμία
3543 3336 3697 3404 σαφῶς

2145 3428 2513 3500 ὀνομάζεταιο
2559 3430 2657 3485 καὶ
2703 3429 2806 3497 τῆς
2841 3431 3104 3501 πορνείας
3137 3431 3202 3485 δὲ
3251 3431 3443 3502 εἴρηκε
3484 3430 3695 3500 χείρονα,

2145 3525 2240 3577 καὶ
2271 3523 2418 3591 μάλα
2440 3524 2689 3587 εἰκότως.
2719 3521 2780 3579 '0
2816 3523 2915 3592 μὲν
2944 3525 3053 3595 γὰρ
3085 3524 3391 3595 πορνεύων,
3424 3525 3500 3587 είς
3530 3519 3693 3576 ἑαυτὸν
3797 3544 3822 3552 ~

2149 3616 2308 3686 μόνον
2355 3616 2457 3688 τὴν
2492 3617 2707 3670 ἀδικίαν
2756 3617 3100 3688 προῖστησιν,
3133 3620 3318 3674 ἑκοντὶ
3355 3619 3432 3687 τῷ
3467 3615 3694 3687 βαράθρῳ

2144 3708 2242 3777 τῆς
2273 3707 2572 3770 ἀκολασίας
2595 3707 2785 3762 ἑαυτὸν
2813 3709 3179 3781 ὲπιρρίπτων.
3197 3711 3258 3764 Ὅ
3284 3709 3341 3765 δὲ
3368 3708 3409 3763 δ’
3431 3708 3465 3780 ἢ
3487 3705 3527 3761 ε’
3545 3706 3696 3776 γάμον

2143 3801 2306 3870 δῆθεν
2341 3800 2520 3870 ἑαυτῷ
2553 3800 2912 3867 συναλλάεας,
2943 3804 3299 3873 κατορχεῖται
3351 3803 3450 3872 μὲν
3486 3800 3586 3854 τῶν
3608 3814 3698 3850 κω-

2144 3894 2384 3950 λυόντων
2411 3892 2601 3948 τοῦτον
2643 3894 2804 3949 θείων
2832 3893 3092 3960 κανόνων,
3119 3896 3304 3949 ἀδικεῖ
3344 3894 3402 3947 δὲ
3435 3893 3555 3954 τοὺς
3586 3905 3695 3958 γνη-

2147 3987 2296 4050 σίους
2317 3986 2483 4041 αὑτοῦ
2503 3987 2718 4052 παῖδας,
2739 3987 3138 4056 παρασπείρων
3157 3987 3372 4051 τούτοις
3393 3987 3486 4040 καὶ
3500 3983 3666 4044 νόθους
3680 4017 3694 4034 .

2145 4079 2240 4134 Διὸ
2286 4080 2380 4134 καὶ
2425 4079 2562 4148 μετὰ
2603 4082 2702 4149 τὴν
2738 4080 2836 4149 τῆς
2866 4082 3219 4150 παρανομίας
3251 4078 3584 4148 ἀπαλλαγὴν,
3612 4072 3693 4126 καὶ

2144 4176 2244 4240 τὴν
2290 4172 2520 4242 γνησίαν
2563 4171 2970 4242 ἐξομολόγησιν,
3001 4177 3098 4226 καὶ
3135 4173 3302 4230 πλέον
3349 4175 3457 4228 τῶν
3499 4183 3699 4241 πορνευ-

2146 4264 2356 4322 σάντων
2387 4265 2706 4320 εὐθύνεσθαι
2737 4264 2878 4331 ἀξιοί
2900 4283 2914 4300 ο
2957 4269 3086 4331 τοὺς
3130 4269 3235 4337 μὲν
3264 4270 3374 4338 γάρ
3423 4269 3498 4328 είς
3529 4268 3698 4317 ἑπταε-

2141 4355 2287 4420 τίαν,
2327 4356 2452 4418 τοὺς
2487 4355 2545 4408 δὲ
2601 4356 2696 4408 καὶ
2738 4359 2818 4419 είς
2844 4355 2989 4408 ὀκτὼ
3027 4357 3353 4426 παρατείνει
3391 4356 3620 4426 χρόνους,
3656 4349 3700 4402 εί

2143 4447 2389 4517 ἀκριϐῶς
2431 4447 2522 4500 τὸν
2559 4446 2684 4500 νοῦν
2715 4447 3036 4518 ἐπιστήσεις
3075 4453 3189 4512 τοῖς
3219 4451 3319 4504 τοῦ
3353 4450 3504 4515 ἁγίου
3531 4444 3698 4499 θεσπί-

452 4547 677 4601 scortati
710 4547 930 4602 fuerint.
960 4547 1054 4604 His
1090 4550 1235 4603 enim
1269 4551 1636 4620 septennium,
1693 4553 1800 4609 illis
1861 4569 2037 4609 annos

2152 4559 2370 4612 σμασιν.
2398 4540 2462 4592 ΕΞ
2491 4541 2601 4611 γὰρ
2637 4539 2746 4593 τῶν
2773 4539 2866 4594 δύο
2896 4541 3080 4594 τόπων
3115 4542 3218 4612 τῆς
3245 4541 3533 4612 μετανοίας
3563 4539 3701 4637 μόνον

449 4644 580 4688 octo
615 4637 940 4703 constituit;
984 4637 1029 4691 si
1069 4649 1325 4693 accurate
1385 4648 1624 4694 mentem
1667 4641 1718 4694 in
1773 4657 1860 4707 ea,
1910 4659 2035 4711 quin

2152 4633 2430 4705 μνησθεὶς.
2461 4633 2733 4703 τέσσαρας
2778 4633 2834 4682 ἔν
2879 4633 3066 4695 αὐτοῖς
3112 4633 3351 4688 διελθεῖν
3399 4633 3559 4704 ὥρισε
3591 4627 3700 4698 χρό’

449 4725 536 4779 vir
575 4735 804 4782 sanctus
834 4729 1044 4793 statuit,
1075 4730 1352 4784 deﬁxeris.
1376 4731 1514 4784 Nam
1540 4729 1587 4786 si
1625 4730 1862 4787 duorum
1887 4734 2034 4788 dun.

2152 4743 2286 4792 νους,
2320 4721 2463 4797 ἦπου
2495 4722 2589 4778 καὶ
2611 4726 2670 4778 ὲν
2701 4727 2812 4789 τοῖς
2837 4724 2988 4777 δυσὶν
3011 4725 3246 4794 ἑτέροις,
3274 4725 3371 4788 οὓς
3399 4724 3605 4795 παρῆκε
3625 4719 3700 4775 διὰ

447 4827 602 4872 taxat
631 4818 877 4874 locorum
912 4821 1248 4890 paenitentiae
1275 4823 1552 4878 mentione
1599 4823 1763 4891 facta,
1793 4835 2034 4894 quatuor

2152 4818 2437 4890 συντομίαν
2485 4816 2561 4880 ώς
2604 4817 2808 4886 δήλοις,
2845 4818 3065 4888 ἑτέρους
3106 4816 3190 4870 δεῖ
3229 4819 3504 4888 τέσσαρας
3535 4816 3698 4882 διαγα·

449 4911 502 4964 in
527 4910 608 4965 eis
647 4927 821 4968 annos
847 4914 1127 4983 prmterire
1173 4913 1378 4969 debere
1407 4914 1621 4969 deliniit
1655 4933 1668 4970 :
1718 4916 1946 4971 omnino
1971 4917 2028 4972 in

2139 4913 2279 4980 γεῖν,
2310 4909 2416 4982 πρὸ
2441 4908 2543 4977 τῆς
2573 4909 2682 4961 τῶν
2705 4909 3065 4978 ἁγιασμάτων
3099 4908 3400 4978 μεθέξεως.

447 5007 662 5060 duobus
693 5009 854 5062 etiam
911 5009 1058 5076 aliis,
1117 5025 1258 5079 quos
1296 5010 1606 5082 compendii
1640 5027 1805 5068 causa
1857 5013 2026 5069 veluti
2063 5011 2388 5068 manifestos
2409 5009 2614 5075 omisit,
2642 5008 2732 5064 alii
2766 5015 3006 5078 quatuor
3037 5009 3168 5064 anni
3230 5021 3399 5066 erunt
3461 5002 3691 5079 exigendi

447 5109 572 5153 ante
601 5112 1071 5159 sacramentorum
1111 5107 1536 5176 perceptionem.

1173 5239 1301 5296 Lex.

516 5343 677 5415 chis
707 5356 890 5403 autem
926 5351 1043 5406 haec
1081 5353 1245 5408 verba
1285 5365 1455 5412 sunt:
1525 5357 1810 5415 Universis
1849 5361 2027 5416 mani-

444 5438 661 5522 festum
685 5450 828 5506 esto,
858 5445 1004 5512 quod
1037 5445 1083 5498 si
1119 5446 1244 5516 quis
1283 5465 1450 5504 ausus
1498 5450 1668 5505 fuerit
1699 5451 1766 5506 ad
1797 5465 2026 5522 quartas

443 5519 740 5588 convolare
759 5536 1153 5608 nuptias..quaa
1175 5541 1380 5610 nuptiae
1412 5557 1519 5596 non
1542 5552 1693 5609 sunt,
1727 5560 1836 5600 non
1860 5547 2025 5602 modo

442 5622 710 5691 futurum,
745 5639 803 5679 ut
832 5643 910 5682 ea:
935 5633 1134 5699 nuptias
1175 5647 1275 5701 pro
1321 5635 1487 5689 nullis
1535 5636 1841 5691 habeantur
1867 5679 1883 5704 ,
1931 5637 2027 5694 sed

445 5731 516 5770 ne
571 5718 732 5773 liberi
783 5720 1005 5788 quidem
1060 5738 1124 5777 ex
1181 5724 1247 5777 iis
1291 5729 1561 5794 procreati
1613 5742 1710 5793 pro
1770 5727 2028 5798 legitimis

448 5808 760 5877 ducantur;
792 5812 1039 5882 adeoque
1073 5816 1253 5885 pomis
1288 5817 1454 5872 etiam
1501 5819 1836 5889 pollutarum
1870 5811 2045 5878 scor-i

2814 5246 3031 5315 Νόμος.

2218 5361 2276 5414 ’0
2304 5361 2360 5413 δὲ
2385 5360 2547 5430 νόμος
2577 5361 2741 5430 φησίν
2771 5377 2784 5391 ⁸
2825 5360 3007 5415 Ἔστω
3037 5361 3130 5415 οὖν
3166 5362 3332 5416 τοῦτο
3369 5365 3505 5416 πᾶσι
3545 5358 3693 5413 κατά·

2132 5456 2312 5526 δηλον,
2345 5456 2418 5518 to;
2445 5455 2496 5507 εἰ
2519 5472 2600 5518 τις
2627 5456 2919 5526 τολμήσειε
2947 5453 3084 5528 προς
3110 5456 3378 5527 τέταρτον
3404 5458 3597 5528 γάμον,
3619 5452 3695 5506 τὸν

2131 5547 2193 5600 οὐ
2223 5547 2425 5616 γάμον,
2457 5547 2652 5610 ἐλθεῖν,
2695 5549 2756 5601 οὐ
2801 5548 2960 5618 μόνον
3001 5550 3116 5603 ἀντ’
3143 5550 3366 5615 οὐδενὸς
3410 5552 3438 5604 ὁ
3479 5547 3694 5607 τοιοῦτος

2135 5635 2488 5706 νομιζόμενος
2519 5639 2694 5706 γάμος
2724 5638 3128 5710 λογισθήσεται,
3160 5639 3280 5694 ἀλλ’
3311 5640 3436 5696 οὐδὲ
3462 5643 3510 5694 oi
3535 5639 3592 5704 ἐξ
3613 5636 3696 5689 αὐ-

2132 5724 2228 5779 τοῦ
2255 5727 2535 5796 τεχθέντες
2560 5732 2746 5792 παῖδες
2767 5731 2980 5802 γνήσιοι
3008 5731 3449 5802 λογισθήσονται,
3476 5731 3565 5786 καὶ
3587 5729 3692 5788 ταῖς

2135 5822 2345 5884 ποιναῖς
2384 5820 2438 5873 δὲ
2469 5822 2578 5875 τῶν
2618 5822 3052 5894 μεμολυσμένων
3095 5828 3158 5896 τῇ
3201 5827 3436 5897 πορνείᾳ⁸
3467 5821 3689 5889 ὑποϐλη-
