3992 6396
277 334 407 400 1161

1243 330 1655 397 SYNTAGMA
1685 327 2311 393 ALPHABETICUM.
2359 356 2424 365 -
2462 320 2525 386 Γ.

3383 326 3514 388 1162

271 447 530 519 θήσονται
575 450 622 501 οί
651 448 907 513 τοιοῦτοι,
939 440 1034 502 dm“
1071 446 1318 519 ἀλλήλων
1346 448 1609 516 πρότερον
1635 447 1841 516 διαιρε-

1963 442 2159 496 Latione
2182 441 2317 494 tales
2342 439 2723 508 subjicientur,
2750 437 2841 491 ubi
2862 439 3097 506 primum
3133 453 3159 490 a
3194 453 3252 492 se
3278 438 3514 494 invicem

271 542 482 603 θέντες.

269 679 524 733 ΚΕΦᾹΛ.
559 677 636 731 E’.
673 678 815 745 Περὶ
841 675 951 747 τῆς
981 679 1069 743 εἰς
1098 678 1382 744 δεύτερον
1411 676 1607 745 τάμον
1640 672 1845 747 ἐλθεῖν

338 749 730 817 ,βουλομένης
752 744 1059 816 γυναικὸς,
1087 750 1157 801 ἐν
1175 744 1482 814 ἀποδημίᾳ
1502 747 1541 814 ἢ
1560 744 1847 813 στρατείᾳ

343 816 449 873 τοῦ
477 816 700 887 ἀνδρὸς
729 818 918 884 αὐτῆς
939 817 1403 887 ἀφανισθέντος.

351 929 411 984 Ὀ
432 931 516 984 λα’
538 932 630 984 τοῦ
656 932 894 1000 μεγάλου
924 931 1208 985 Βασιλείου
1235 931 1436 995 κανὼν,
1473 931 1538 986 Ἦ
1559 931 1847 1000 ἀναχωρή-

274 1023 486 1082 σαντος,
518 1023 673 1089 φησί,
701 1021 797 1074 τοῦ
828 1022 1017 1091 ἀνδρὸς
1050 1022 1243 1091 αὐτῆς,
1278 1021 1372 1074 καὶ
1401 1020 1643 1087 ἀφανοῦς
1670 1021 1843 1085 ὄντος,

274 1112 351 1183 μὴ
407 1112 751 1180 ἀναμείνασαι
799 1112 898 1184 τὴν
936 1111 1213 1176 ἐπάνοδον,
1269 1112 1398 1181 μήτ’
1440 1110 1508 1163 αὖ
1554 1110 1690 1181 πρὸς
1737 1111 1847 1164 τῶν

271 1204 518 1274 ἀκριϐῶς
547 1205 615 1258 τὰ
655 1205 777 1257 κατ’
802 1204 964 1257 αὐτὸν
988 1204 1307 1271 ἐγνωκότων
1336 1201 1604 1271 μαθοῦσα,
1629 1204 1678 1256 εί
1718 1202 1851 1273 ἀλη-

272 1293 728 1364 θῶς-ἐτεθνήκει,
760 1295 856 1348 καὶ
887 1295 1212 1365 γαμουμένη
1248 1292 1442 1365 ἐτέρῳ,
1483 1295 1560 1364 τῷ
1599 1295 1698 1364 τῆς
1730 1312 1849 1365 μοι-

271 1387 423 1459 χείας
452 1387 701 1457 ἐνέχεται
741 1390 997 1458 κρίματι.
1780 1383 1786 1388 ’

353 1476 412 1530 Ὀ
444 1477 501 1531 δὲ
525 1478 639 1546 λς’,
671 1480 782 1533 Καὶ
819 1480 874 1532 a'i
904 1479 1023 1551 τῶν⁸
1057 1479 1147 1532 ἐπὶ
1180 1481 1390 1551 μακρὸν
1422 1480 1849 1550 ἀποδημούντων

272 1571 620 1635 στρατιωτῶν
664 1570 911 1622 σύνευνοι
979 1568 1056 1639 τῷ
1092 1570 1261 1640 αὐτῷ,
1298 1571 1452 1640 φησὶ,
1479 1574 1578 1640 τῆς
1606 1573 1850 1640 μοιχείας

270 1660 580 1729 ἐγκλήματι
602 1661 1025 1730 περιπίπτουσιν
1045 1678 1057 1692 ·
1084 1662 1268 1732 έχουσι
1297 1662 1354 1714 δέ
1373 1678 1495 1715 τινα
1522 1663 1849 1732 συγγνώμην

269 1748 349 1818 τῷ
368 1749 427 1800 ἐν
452 1748 629 1818 χρόνῳ
654 1748 889 1802 θανάτου
920 1750 1153 1811 ἁεὶτοὺς
1178 1749 1519 1817 στρατιώτας
1550 1751 1849 1804 ὑποπτεύε-

271 1840 417 1906 σθαι,
453 1839 547 1893 ἆτε
578 1841 707 1910 σιτερί⁵
738 1839 1031 1910 πολέμους,
1059 1842 1154 1895 καὶ
1185 1842 1484 1909 κινδύνους,
1515 1843 1608 1895 καὶ
1634 1849 1846 1912 σφαγὰς

269 1932 804 2001 ἀναστρεφομένους.

343 2027 470 2090 Τοῖς
527 2028 649 2079 δυσὶ
710 2028 926 2089 τούτοις
971 2026 1064 2080 τοῦ
1099 2026 1386 2079 Βασιλείου
1442 2025 1629 2079 κανόσι
1669 2027 1762 2080 καὶ
1814 2028 1849 2094 ἠ

270 2115 408 2184 ἐκτη
434 2117 652 2180 σύνοδος
683 2117 1001 2187 ἀρεσθεῖσα,
1032 2116 1415 2185 ἐννενηκοστδν
1439 2116 1626 2186 τρίτον
1650 2116 1852 2169 κανόνα

269 2208 471 2276 ἑαυτῆς
498 2210 812 2276 ἐποιήσατο,
846 2210 1030 2270 αὐτοῖς
1055 2211 1170 2271 τοῖς
1196 2206 1363 2260 αὑτοῦ
1397 2209 1608 2278 ῥήμασι
1644 2224 1852 2276 χρησα-

271 2298 432 2367 μένη,
466 2297 563 2350 καί⁵
595 2297 969 2367 προστίθησιν,
1002 2297 1417 2367 ὡςἘπανήκων
1456 2297 1485 2348 ὁ
1517 2296 1851 2366 στρατιώτης

269 2390 336 2441 ἐκ
357 2389 456 2457 τῆς
477 2388 695 2459 χρονίας
723 2389 1060 2458 ἀποδημίας,
1088 2391 1136 2440 si
1157 2387 1469 2457 βουληθείη,
1492 2387 1723 2455 λήψεται
1753 2387 1852 2455 τὴν

274 2481 413 2535 ίδίαν
443 2483 675 2548 γυναῖκα
698 2497 713 2513 ο
757 2478 1053 2548 συγγνώμη
1090 2479 1147 2530 δὲ
1182 2480 1277 2530 καὶ
1312 2478 1481 2548 ταύτῃ
1530 2480 1623 2530 καὶ
1657 2476 1734 2546 τῷ
1769 2494 1853 2529 νο-

273 2569 460 2639 μίμως
493 2569 814 2638 συναφθέντι
844 2569 1047 2622 δίδοται
1076 2567 1251 2637 ἀνδρί.
1302 2570 1376 2620 Ού
1421 2569 1528 2636 γὰρ
1558 2569 1852 2637 ἐπιτιμῶνο

271 2678 386 2727 ται,
411 2661 501 2713 διὰ
530 2664 628 2730 τὴν
661 2663 886 2728 ἄγνοιαν
910 2676 925 2691 ⁸
960 2662 994 2730 ή
1028 2660 1082 2712 δὲ
1113 2659 1207 2712 τοῦ
1240 2660 1314 2728 μὴ
1342 2658 1494 2722 ὄντος
1520 2660 1849 2729 στρατιώτου

270 2752 679 2818 άσύγγνωστος,
734 2750 810 2820 μὴ
854 2750 1193 2819 ἀναμείνασα
1228 2750 1327 2818 τὴν
1365 2749 1662 2803 ἐπάνοδον.
1703 2748 1852 2803 Εἰδέ

270 2842 369 2913 ούχ
418 2844 658 2912 αἱρεῖται
706 2844 739 2912 ἡ
770 2841 908 2912 γυνὴ
964 2841 1064 2910 τὴν
1119 2841 1257 2911 μετὰ
1310 2838 1408 2891 τοῦ
1466 2839 1854 2900 ἐπανελθόντος

274 2934 609 3004 στρατιώτου
650 2935 978 3003 συμὸίωσιν,
1018 2933 1136 2986 οὐδὲ
1168 2932 1307 3002 μετὰ
1355 2932 1450 2984 τοῦ
1477 2932 1731 3003 δευτέρου
1766 2933 1856 2986 ὲν·-

273 3027 397 3096 δρδς
455 3025 552 3079 καὶ
607 3024 904 3095 βουλομένη
951 3024 1221 3076 συνοικεῖν
1277 3022 1592 3091 ὲαθήσεται.
1642 3023 1704 3076 El
1744 3023 1853 3091 γὰρ

276 3116 565 3188 βουληθείη
615 3117 751 3179 ὅλως
804 3115 944 3187 μετὰ
974 3114 1071 3185 τὴν
1108 3112 1315 3166 ἐκείνου
1360 3114 1641 3179 ἐπάνοδον,
1675 3116 1724 3167 εἰ
1755 3115 1852 3168 καὶ

276 3210 353 3281 μὴ
384 3210 673 3281 προσίεται
704 3207 932 3279 ταύτην,
963 3207 1045 3259 ἔτι
1069 3207 1339 3259 συνοικεῖν
1371 3204 1447 3275 τῷ
1487 3203 1747 3275 δευτέρῳ,
1776 3205 1852 3268 ὡς

277 3302 527 3373 μοιχαλὶς
577 3300 1045 3370 τιμωρηθήσεται,
1083 3298 1178 3349 καὶ
1220 3299 1248 3348 ό
1282 3295 1458 3365 γάμος
1511 3294 1710 3347 αὐτίκα
1741 3294 1853 3349 διαο

276 3392 682 3455 σπασθήσεται·
709 3393 922 3453 ἐκείνας
949 3391 1060 3459 γὰρ
1089 3386 1418 3457 συγγνώμης
1443 3384 1728 3451 ἀξιοῦσθαι
1751 3404 1854 3456 φα-

275 3500 361 3536 σιν
394 3484 443 3535 οἰ
479 3483 742 3551 Πατέρες,
774 3480 874 3544 τὰς
911 3480 1144 3550 ἐτοίμως
1179 3478 1557 3546 ἁφισταμένας
1600 3475 1695 3531 τοῦ
1730 3477 1853 3530 δευι

272 3576 434 3644 τέρου
467 3573 825 3638 συνοικεσίου,
855 3572 949 3625 καὶ
981 3571 1059 3641 τῷ
1088 3569 1149 3637 ἐξ
1175 3570 1398 3637 ἀγνοίας
1431 3568 1507 3638 μὴ
1537 3568 1853 3638 συντιθεμέ-

274 3680 370 3725 νας
392 3664 780 3734 ἁμαρτήματι,
812 3662 874 3715 ού
911 3662 1019 3731 μὴν
1048 3659 1146 3724 τὰς
1180 3658 1608 3729 ἀνθισταμένας,
1634 3658 1730 3712 καὶ
1752 3662 1851 3728 τὴν

279 3755 527 3827 μοιχείαν
557 3754 1023 3826 προαιρουμένας.

967 3865 1174 3934 Νόμοι.

359 3982 487 4035 Ἐὰν
533 3978 874 4051 στρατιώτης
920 3981 980 4033 ἐν
1027 3980 1293 4049 ὲξπεδίτῳ
1329 3980 1517 4052 διάγῃ,
1568 3980 1738 4051 ἧγουν
1791 3982 1850 4032 ἐν

272 4071 587 4142 δημωφελεῖ
611 4069 1121 4138 κατασκευάσματι,
1147 4068 1512 4138 ὁσουσδήποτε
1546 4069 1847 4134 ἐνιαυτοὺς,

278 4163 622 4232 περιμενέτω
683 4160 871 4214 τοῦτον
930 4163 964 4229 ἡ
1026 4159 1189 4211 αὑτοῦ
1250 4159 1485 4230 γαμετὴ,
1519 4159 1622 4213 κᾶν
1669 4161 1718 4212 εἰ
1774 4160 1851 4227 μὴ

275 4242 583 4326 γράμματα
621 4252 839 4316 ἐδέξατο
878 4251 1007 4321 παρ’
1038 4250 1223 4304 αὐτοῦ.
1268 4251 1329 4305 Ei
1377 4251 1432 4303 δέ
1471 4251 1565 4303 καὶ
1600 4252 1852 4319 τελευτή-

277 4364 446 4399 σαντα
479 4345 722 4411 πύθοιτο,
758 4345 879 4415 μηδ’
910 4343 1083 4407 οὕτως
1105 4343 1308 4406 εὐθέως
1337 4342 1646 4412 γαμείσθω,
1680 4340 1746 4395 ἂν
1776 4346 1850 4413 μὴ

274 4439 543 4508 πρότερον
573 4438 699 4499 τοὺς
727 4435 1156 4506 χαρτουλαρίους
1192 4434 1411 4504 ἔρηται,
1443 4433 1492 4485 εἰ
1525 4436 1592 4505 τῇ
1621 4431 1852 4503 ἀληθείᾳ

276 4530 624 4598 ἐτελεύτησε,
668 4530 934 4593 κάκεῖνοι,
980 4526 1089 4579 τῶν
1130 4527 1302 4594 ἁγίων
1333 4514 1681 4594 Εὐάγγελίων
1721 4540 1854 4589 προ-

278 4623 570 4690 κειμένων,
614 4621 763 4690 ὅρκῳ
806 4616 1191 4672 πιστώσωνται
1226 4618 1327 4688 τὴν
1350 4616 1518 4671 αὐτοῦ
1551 4617 1849 4685 τελευτήν·

275 4712 415 4764 ἀλλὰ
450 4712 548 4764 καὶ
575 4711 718 4763 οὕτω
747 4709 955 4779 μενέτω
994 4705 1151 4771 αὖθις
1181 4708 1447 4773 ἐνιαυτὸν,
1482 4708 1580 4759 καὶ
1609 4709 1732 4760 τότε
1769 4723 1855 4759 νο-

281 4802 465 4873 μίμως
493 4802 795 4871 γαμείσθω.
828 4800 890 4853 Εἰ
916 4801 973 4853 δέ
997 4800 1150 4871 παρὰ
1176 4800 1268 4853 τὸν
1297 4798 1719 4869 προσδιορισμδν
1749 4813 1853 4864 γα-

281 4893 482 4963 μηθείη
531 4892 742 4957 τοῦτον,
793 4891 889 4944 καὶ
925 4889 1088 4961 αὐτὴ,
1116 4890 1211 4943 καὶ
1257 4892 1286 4942 ὁ
1322 4888 1499 4945 λαϐὼν
1536 4887 1728 4957 αὐτὴν,
1776 4886 1853 4947 ὼς

280 4985 464 5054 μοιχοὶ
509 4982 875 5054 τιμωροῦνται
897 4998 914 5013 ⁸
959 4984 1008 5036 εί
1039 4982 1095 5035 δὲ
1125 4984 1220 5035 καὶ
1247 4984 1297 5034 οἱ
1332 4980 1692 5049 καταθέμενοι
1723 4979 1855 5031 ἀπο-

276 5074 538 5144 δειχθεῖεν
590 5074 946 5144 ψευσάμενοι,
982 5072 1517 5142 ἀποστρατεύονταιο
1585 5071 1680 5124 καὶ
1740 5068 1853 5138 ἔχει

277 5165 464 5219 ἄδειαν
500 5160 861 5219 δκέπανελθὼν
895 5162 1240 5233 στρατιώτης
1271 5162 1373 5233 τὴν
1405 5161 1543 5216 ἰδίαν
1568 5159 1772 5225 λαϐεῖν,
1805 5161 1853 5212 εἰ

281 5256 543 5326 βούλοιτο,
579 5257 853 5328 γαμετήν.

352 5372 569 5441 Περίδέ
599 5372 959 5442 αἰχμαλώτων
993 5372 1027 5442 ἡ
1077 5369 1251 5442 νεαρὰ
1280 5369 1507 5432 Λέοντος
1557 5364 1651 5419 τοῦ
1685 5367 1854 5437 Σοφοῦ

286 5465 361 5535 μὴ
401 5463 623 5518 λύεσθαι
658 5463 955 5535 διορίζεται
1001 5465 1273 5532 προφάσει
1318 5460 1419 5529 τῆς
1475 5458 1856 5529 αἰχμαλωσίας

279 5556 481 5624 γάμον,
522 5554 657 5625 μηδέ
683 5553 760 5623 τῷ
785 5554 1060 5624 ἐλευθέρῳ
1099 5551 1492 5623 συντηρηθέντι
1530 5550 1688 5620 μέρει
1723 5545 1857 5611 ἐξετ-

293 5660 382 5698 ναι
445 5645 579 5715 πρὸς
628 5643 817 5712 ἕτερον
872 5640 1084 5695 ἀπιδεῖν
1135 5642 1488 5695 συνοικέσιον.
1542 5639 1604 5690 ΕΞ
1658 5637 1716 5689 δὲ
1765 5636 1858 5689 καὶ

285 5734 584 5807 συναφθείη
608 5735 796 5804 ἑτέρῳ,
828 5733 1011 5787 ἄδειαν
1039 5732 1184 5803 ἔχειν
1213 5733 1272 5784 τὸ
1305 5727 1655 5798 ύποστρέψαν
1689 5728 1856 5797 μέρος

610 5833 879 5893 Pauor”
919 5833 1035 5891 Gs.
1070 5829 1326 5890 CXLIV.

1949 533 2205 603 dirempti
2241 533 2463 586 fuerint.

1946 664 2100 720 CAP.
2133 665 2198 721 ν.
2239 665 2310 720 De
2340 664 2559 718 muliere
2609 662 2870 717 secundas
2919 663 2988 715 ad
3045 663 3257 730 nuptias
3300 665 3527 717 transire

2019 736 2239 799 volente,
2280 736 2431 803 cujus
2462 733 2692 785 maritus
2726 736 2778 787 in
2808 735 3233 803 peregrinatione
3273 735 3349 787 vel
3371 750 3529 801 erpe-

2015 806 2212 860 ditione
2244 805 2525 860 interierit.

2017 918 2210 974 Canon
2271 918 2366 981 51,
2431 917 2617 973 Basilii
2678 917 2902 987 magni,
2964 916 3192 981 Mulier,
3255 919 3349 980 ait,
3411 932 3533 985 qua:

1950 1010 2152 1062 marito
2200 1022 2429 1078 peregre
2473 1007 2742 1078 profecto,
2785 1024 2890 1062 nec
2931 1008 3112 1061 adhuc
3156 1020 3529 1077 comparcnte,

1949 1100 2187 1154 reditum
2235 1100 2357 1169 ejus
2400 1115 2506 1154 non
2553 1100 2970 1168 exspettaverit,
3031 1114 3132 1153 nec
3176 1099 3243 1153 ab
3294 1100 3385 1160 iis,
3439 1102 3532 1167 qui

1947 1190 2071 1258 ejus
2110 1190 2331 1259 negotia
2370 1200 2575 1244 norunt
2603 1199 2881 1255 accurate,
2918 1204 3116 1243 verene
3148 1199 3399 1246 mortuus
3438 1196 3529 1254 sit,

1950 1282 2299 1346 intellexerit,
2355 1292 2519 1352 atque
2576 1283 2651 1336 ita
2690 1281 2975 1353 nupserit
3038 1283 3217 1347 alteri,
3280 1283 3528 1337 adulterii

1944 1372 2157 1442 judicio
2193 1381 2434 1427 tenetur.
3452 1434 3459 1439 θ

2024 1463 2155 1516 Item
2189 1477 2311 1516 can.
2346 1464 2436 1523 56,
2480 1461 2688 1518 Uxores
2717 1465 2948 1519 militum
2973 1466 3164 1534 procul
3197 1466 3381 1534 aliquo
3404 1483 3533 1537 pro-

1952 1552 2339 1618 ﬁciscentium,
2391 1554 2444 1606 in
2491 1555 2632 1609 idem
2678 1555 2933 1609 adulterii
2975 1557 3183 1610 crimen
3234 1556 3527 1611 incidunt:

1951 1645 2046 1700 sed
2096 1646 2307 1701 veniam
2358 1658 2538 1703 tamen
2604 1651 2843 1720 aliquam
2897 1664 3184 1722 propterea
3226 1663 3530 1715 uterentur,

1953 1738 2097 1805 quod
2151 1753 2370 1809 semper
2414 1742 2801 1797 existimentur
2851 1746 3017 1799 morti
3068 1745 3265 1814 objecti
3307 1746 3530 1811 milites,

1957 1828 2120 1883 veluti
2183 1833 2370 1901 quiin
2436 1835 2660 1902 praeliis,
2720 1847 2776 1890 et
2835 1839 3119 1907 periculis,
3179 1848 3232 1894 et
3289 1839 3529 1895 cmdibus

1954 1931 2260 1979 versentur.

2021 2014 2247 2072 Duobus
2278 2018 2431 2075 hisce
2472 2021 2658 2077 Basilii
2686 2025 2987 2079 ranonibus
3021 2026 3324 2081 assentiens
3355 2026 3524 2081 etiam

1952 2115 2106 2160 sexta
2137 2110 2384 2180 synodus
2436 2113 2507 2167 93
2559 2129 2824 2170 canonem
2874 2132 3036 2172 suum
3069 2116 3220 2182 fecit,
3258 2118 3391 2186 ipsis
3411 2119 3531 2188 ejus

1956 2198 2138 2255 verbis
2194 2216 2317 2265 usa,
2368 2212 2423 2257 et
2456 2203 2674 2260 deinde
2733 2207 3044 2273 adjiciens:
3106 2207 3257 2262 Miles
3312 2208 3405 2277 qui
3464 2223 3532 2263 ex

1953 2288 2218 2345 diuturna
2244 2293 2591 2360 profectione
2615 2300 2925 2365 revertitur,
2951 2302 2995 2355 si
3020 2302 3278 2365 voluerit,
3307 2318 3534 2357 uxorem

1954 2393 2110 2433 suam
2148 2382 2392 2451 recipiet.
2428 2384 2595 2442 Venia
2630 2407 2758 2445 vero
2798 2401 2906 2445 tam
2952 2392 3055 2462 ipsi
3094 2394 3334 2461 mulieri,
3372 2410 3532 2463 quam

1956 2468 2075 2523 viro
2124 2472 2365 2541 legitime
2416 2491 2539 2530 Cum
2593 2495 2655 2534 ea
2691 2483 2946 2551 copulato
2976 2484 3159 2538 datur.
3215 2482 3335 2539 Non
3388 2487 3535 2541 enim

1954 2562 2285 2633 puniuntur,
2320 2578 2543 2638 propter
2574 2572 2959 2640 ignorantiam.
2987 2575 3118 2643 Ejus
3150 2586 3333 2631 autem
3370 2594 3532 2635 uxor.

1955 2653 2047 2720 qui
2097 2668 2205 2708 non
2243 2668 2322 2711 est
2373 2661 2550 2724 miles,
2582 2662 2628 2717 si
2663 2664 2895 2719 reditum
2948 2679 3058 2720 non
3105 2671 3530 2738 exspectaverit,

1958 2745 2169 2798 veniam
2232 2763 2343 2803 non
2410 2752 2689 2821 impetrat.
2747 2755 2905 2822 Quod
2966 2759 3011 2813 si
3074 2759 3275 2814 mulier
3328 2765 3532 2816 reversi

1958 2836 2149 2892 militis
2197 2843 2615 2899 contubernium
2665 2850 2934 2918 repudiet.
2977 2866 3076 2908 nec
3114 2853 3269 2907 alteri
3311 2856 3531 2916 marito.

1957 2926 2084 2983 licet
2135 2931 2186 2984 id
2233 2944 2474 3004 expetat,
2512 2939 2830 2997 cohabitare
2874 2945 3242 3012 permittetur.
3290 2945 3424 3000 Nam
3482 2949 3533 3003 si

1958 3022 2193 3077 voluerit
2214 3028 2440 3082 omnino
2469 3040 2586 3098 post
2619 3033 2853 3087 reditum
2876 3036 3090 3100 militis,
3123 3037 3249 3092 licet
3277 3053 3394 3093 eam
3427 3054 3534 3093 non

1959 3109 2235 3178 admittat,
2277 3114 2457 3172 adhuc
2487 3128 2669 3175 tamen
2697 3123 3017 3180 cohabitare
3043 3129 3288 3183 secundo
3313 3131 3534 3195 marito,

1959 3208 2217 3271 tanquam
2248 3205 2493 3263 adultera
2525 3212 2800 3278 punietur,
2829 3224 2880 3267 ct
2906 3217 3316 3272 matrimonium
3351 3222 3534 3275 statim

1955 3290 2266 3348 dirimatur.
2332 3296 2467 3350 Nam
2503 3299 2623 3355 illas
2679 3301 2977 3371 impetrare
3033 3310 3246 3360 veniam
3315 3311 3532 3364 tradunt

1956 3378 2171 3447 Patres,
2196 3399 2324 3452 .qute
2353 3395 2604 3456 prompte
2635 3404 2662 3443 a
2694 3392 2941 3446 secundo
2964 3394 3324 3449 matrimonio
3356 3397 3530 3451 disce-

1953 3471 2110 3536 dunt,
2160 3483 2211 3528 et
2266 3487 2553 3544 peccatum
2601 3494 2666 3535 ex
2714 3479 3023 3551 ignorantia
3073 3483 3377 3551 profectum
3426 3501 3533 3538 nnn

1956 3564 2294 3632 approbant:
2330 3583 2436 3622 non
2462 3585 2586 3639 quas
2613 3583 2936 3641 repugnant,
2973 3583 3026 3628 ct
3053 3575 3310 3631 adulterii
3339 3591 3533 3646 propo-

1955 3653 2063 3709 sito
2095 3654 2379 3714 inhaerent.

2657 3865 2839 3943 Leges.

2023 3980 2136 4052 66
2159 3980 2216 4035 Si
2242 3983 2399 4037 miles
2418 3983 2472 4039 in
2495 3985 2839 4054 expeditione
2869 3987 3050 4056 degat,
3077 3988 3181 4044 hoc
3210 3997 3313 4053 est,
3341 3990 3393 4043 in
3418 3991 3534 4045 utéli

1956 4074 2174 4140 publice
2196 4088 2483 4145 apparatu,
2517 4088 2875 4147 quotcunque
2902 4081 3117 4135 tandem
3141 4084 3269 4136 anni
3301 4082 3535 4146 fuerint,

1957 4180 2095 4220 uxor
2140 4166 2260 4236 ejus
2306 4167 2586 4222 hominem
2619 4181 2919 4238 exspectet,
2963 4173 3179 4226 tametsi
3232 4174 3410 4229 nullas
3467 4179 3536 4232 ab

1955 4271 2020 4311 eo
2082 4257 2298 4311 litteras
2358 4261 2650 4328 acceperit.
2709 4260 2862 4326 Quod
2896 4264 3162 4325 si}etiam
3218 4263 3536 4322 defunctum

1956 4349 2163 4411 audiat,
2188 4365 2254 4402 ne
2280 4350 2353 4403 ita
2379 4351 2599 4420 quidem
2624 4354 2807 4407 statim
2834 4354 3026 4419 nubat,
3057 4355 3161 4410 nisi
3193 4358 3343 4425 prius
3368 4360 3537 4411 tabel-

1958 4428 2126 4491 lari'os
2176 4439 2465 4508 rogaverit.
2501 4455 2572 4493 an
2623 4456 2812 4497 revera
2859 4453 3112 4498 mortuus
3169 4446 3263 4511 sit,
3323 4445 3536 4515 ipsique
3611 4436 3619 4443 ’

1960 4528 2260 4597 propositis
2349 4534 2719 4587 sacrosanctis
2814 4532 3150 4604 Evangeliis,
3219 4535 3537 4606 juramento

1956 4626 2186 4672 mortem
2219 4619 2335 4689 ejus
2362 4619 2734 4678 conﬁrment:
2770 4625 2903 4695 quin
2934 4635 2988 4679 et
3033 4626 3113 4680 sic
3144 4643 3255 4681 uno
3300 4629 3537 4698 amplius

1956 4722 2101 4763 anno
2129 4720 2427 4779 exspectet,
2461 4722 2517 4767 et
2545 4724 2658 4770 tum
2699 4713 2941 4784 legitime
2974 4719 3166 4772 nubat.
3203 4717 3298 4782 Sin
3338 4729 3536 4789 prater

1956 4808 2221 4854 statutum
2270 4804 2371 4858 hoc
2414 4804 2683 4873 nupserit,
2735 4812 2845 4859 tam
2880 4806 3024 4873 ipsa,
3071 4824 3235 4877 quam
3289 4810 3383 4878 qui
3416 4826 3534 4864 eam

1955 4890 2132 4958 duxit,
2167 4900 2427 4964 tanquam
2480 4896 2714 4951 adulteri
2760 4897 3086 4966 puniuntur.
3122 4900 3274 4966 Quod
3324 4901 3370 4955 si
3405 4916 3535 4970 pro-

1956 4983 2143 5037 batum
2203 4980 2393 5048 fuerit,
2457 5002 2554 5041 eos
2610 4986 2701 5057 qui
2766 4988 2834 5042 de
2897 4996 3072 5042 morte
3131 4989 3531 5059 deposuerint,

1957 5074 2238 5139 mentitos,
2267 5086 2697 5132 exauctorentur
2724 5095 2741 5147 ;
2768 5088 2823 5133 et
2852 5081 2943 5148 qui
2977 5095 3234 5135 reversus
3264 5091 3349 5136 est
3378 5082 3534 5137 miles

1956 5163 2232 5220 licentiam
2266 5166 2428 5221 habet
2460 5184 2713 5238 uxorem,
2747 5171 2791 5226 si
2826 5173 2976 5239 velit,
3011 5190 3169 5230 suam
3204 5175 3531 5246 recipiendi.

2030 5359 2107 5416 De
2157 5363 2386 5432 captivis
2430 5373 2612 5420 autem
2664 5363 2884 5420 Novella
2932 5364 3153 5431 Leonis,
3208 5371 3536 5437 cognomine

1961 5450 2257 5521 Sapientis,
2293 5456 2467 5508 sancit
2490 5457 2897 5511 matrimonium
2922 5475 2985 5513 ex
3010 5475 3175 5514 causa
3201 5462 3535 5528 captivitatis

1961 5560 2070 5600 non
2100 5545 2266 5600 solvi:
2300 5561 2399 5600 nec
2419 5550 2467 5602 ei
2497 5550 2658 5617 parti,
2683 5564 2807 5619 quae
2835 5550 3003 5605 libera
3034 5554 3317 5618 manserit,
3346 5553 3534 5617 licere,

1960 5646 2021 5691 ut
2071 5638 2303 5693 alterum
2353 5641 2418 5693 ad
2479 5644 2895 5697 matrimonium
2948 5644 3224 5712 respiciat.
3284 5644 3438 5710 Quod
3487 5644 3535 5698 si

1960 5731 2123 5787 etiam
2158 5729 2248 5783 alii
2276 5746 2335 5785 se
2376 5731 2744 5801 conjnnxerit,
2778 5733 3054 5787 licentiam
3089 5732 3290 5787 habere
3324 5744 3535 5802 partem

3006 5824 3078 5884 3'1
