3992 6396
307 296 362 359 r1
376 297 446 361 65
466 252 469 257 ’

1275 300 1681 361 SYNTAGMA
1725 294 2356 359 ALPHA'BETICUM.
2401 325 2464 334 --
2508 291 2570 356 ι’.

3412 296 3551 360 1166

304 429 422 482 μως
460 413 682 481 γαμεῖν,
730 413 807 485 μὴ
842 413 1219 478 ωναινοῦντος
1261 415 1357 468 καὶ
1402 414 1497 468 τοῦ
1542 414 1755 484 ἔχοντος
1787 415 1884 467 αὑ-

2000 414 2312 469 :ontrahere
2373 428 2482 468 non
2539 422 2788 483 possunt,
2848 426 2914 468 eo
2977 427 3083 467 non
3141 414 3550 477 consentiente,

300 505 429 566 τοὺς
459 503 834 570 ὑπεξουσῖους,
865 508 916 559 εἰ
946 507 1023 577 μή
1057 523 1161 559 που
1186 508 1214 556 ό
1244 506 1429 576 πατὴρ
1462 508 1749 573 γεγονυῖαν
1777 506 1875 558 αὐ-

301 594 398 647 τοῦ
425 595 523 665 τὴν
553 596 830 666 θυγατέρα
854 598 1059 668 χρόνων
1089 596 1167 651 κε’
1192 598 1350 666 ἀνδρὶ
1387 595 1643 663 συζεῦξαι
1675 596 1879 664 ὑπερέ-

304 688 463 741 θετο*
532 689 650 741 τότε
703 690 814 760 γὰρ
848 690 1137 773 ὃὲλευθέρῳ
1192 690 1555 760 συζευχθῆναι
1617 689 1754 758 μόνη
1815 689 1876 741 οὗ

305 779 638 834 κεκώλυται.
695 781 860 851 Ζήτει
921 782 1016 835 καὶ
1069 782 1131 836 τὸ
1185 781 1227 836 λ’
1281 799 1408 852 κειρ.
1458 779 1555 835 τοῦ
1612 780 1878 851 παρόντος

309 868 574 939 στοιχείου
583 911 597 924 .

307 979 562 1034 ΚΕΦΑΔ.
587 977 667 1034 0'.
693 982 833 1051 Περὶ
852 982 1055 1052 γάμων
1084 984 1447 1063 παρρνόμων
1467 985 1567 1039 καὶ
1589 985 1883 1053 ἀθεμίτων

896 1068 1299 1122 curres-ticam.

379 1141 500 1195 Τῶν
524 1142 599 1211 μὴ
631 1142 871 1210 ιννόμως
902 1146 1205 1213 γινομένων
1248 1144 1442 1215 γάμων
1489 1147 1541 1200 οἱ
1580 1147 1676 1216 μὲι
1701 1149 1885 1214 λέγον-

309 1250 403 1288 ται
435 1233 709 1301 ἀθέμιτοι,
728 1234 803 1297 ὡς
836 1235 885 1288 οἱ
912 1235 1050 1305 μετά
1078 1236 1375 1304 συγγενῶν,
1402 1237 1435 1308 ἢ
1472 1239 1766 1308 αἱρετικῶν
1784 1254 1798 1270 ·
1832 1241 1882 1292 οἱ

307 1323 388 1389 δὲ,
420 1325 757 1395 παράνομοι,
784 1327 861 1390 ὡς
888 1328 937 1379 οἱ
978 1327 1118 1395 μετά
1140 1329 1643 1399 ὲτιιτροπευομένης
1667 1345 1680 1360 ·
1712 1329 1761 1382 οἱ
1803 1329 1882 1393 δὲ,

309 1417 656 1485 κατάκριτοι,
694 1417 770 1480 ὡς
802 1418 852 1470 οἱ
883 1419 1020 1486 μετά
1049 1419 1147 1488 τῆς
1176 1419 1600 1490 ἀνατεθειμένης
1625 1421 1701 1492 τῷ
1731 1422 1881 1492 Θεῷ·

309 1506 405 1567 οὒς
429 1510 478 1561 οἱ
504 1509 601 1578 μὲν
631 1509 762 1564 θεῖοι
790 1511 1014 1563 κανόνες
1043 1512 1378 1565 διασπᾶσθαι
1406 1513 1570 1582 μόνον
1597 1512 1885 1577 θεσπίζου-

310 1616 419 1665 σιν,
441 1602 490 1652 oi
515 1600 572 1653 δὲ
598 1601 772 1670 νόμοι,
798 1602 892 1653 καὶ
918 1601 1252 1670 δημεύεσθαι
1276 1603 1402 1664 τοὺς
1452 1602 1887 1668 συναλλάξαντας

298 1691 407 1749 καὶ
456 1689 825 1760 ἐξορίζεσθαι·
862 1692 1101 1755 εὐτελεῖς
1147 1693 1203 1745 δὲ
1253 1694 1413 1757 ὄντας
1486 1696 1579 1747 καὶ
1629 1690 1887 1764 μαστίζε-

1985 505 2146 575 eujus
2167 505 2221 560 in
2255 514 2523 576 potestate
2550 516 2719 559 sunt:
2748 503 2853 561 nisi
2879 513 3033 573 pater
3052 502 3217 559 tiliam
3246 519 3403 559 suam
3430 519 3552 573 quae

1984 596 2057 652 25
2092 613 2268 654 annos
2293 598 2620 668 impleverit,
2641 597 2763 652 viro
2786 597 3049 666 copulare
3078 596 3375 651 distulerit.
3401 594 3558 652 Tunc

1985 688 2134 742 enim
2163 697 2220 744 ut
2253 689 2493 754 ingenuo
2521 687 2789 742 duntaxat
2825 687 3132 752 copuletur,
3166 701 3275 741 non
3310 696 3395 740 est
3427 701 3561 755 pro-

1987 778 2244 833 bibitum.
2277 779 2502 845 Quaeras
2531 778 2693 834 etiam
2724 791 2847 847 cap.
2872 772 2941 831 50
2996 774 3281 842 praesentis
3309 777 3389 829 lit.

1985 974 2146 1030 CAP.
2169 973 2263 1030 IX.
2303 974 2378 1030 De
2403 976 2598 1042 nuptiis
2641 973 2862 1045 nefariis
2885 982 2936 1028 et
2964 972 3173 1028 illiciti:
3197 986 3559 1045 cognatorum.

2060 1128 2297 1199 Nuptiae,
2324 1146 2447 1200 qua:
2475 1112 2715 1202 legitime
2748 1147 2861 1186 non
2896 1132 3325 1197 contrahuntur,
3362 1134 3562 1203 partim

1991 1221 2250 1276 dicuntur
2283 1222 2504 1287 illicitae,
2541 1224 2735 1293 quales
2792 1232 2941 1289 sunt,
2989 1240 3112 1294 quae
3154 1239 3278 1278 cum
3316 1224 3567 1294 cognatis

1991 1294 2365 1380 intercedunt,
2407 1322 2504 1368 aut
2551 1330 2674 1369 eum
2728 1314 3029 1379 haereticis;
3069 1313 3264 1383 partim
3322 1316 3565 1383 nefariae,

1992 1404 2159 1459 veluti
2194 1406 2395 1461 tutoris
2425 1421 2551 1461 eum
2592 1421 2679 1473 ea,
2714 1406 2873 1476 cujus
2899 1406 3123 1460 tutelam
3156 1406 3339 1475 gerit:
3367 1407 3562 1474 partim

1991 1497 2282 1561 damnatae,
2312 1498 2392 1551 uti
2427 1512 2548 1568 quae
2586 1500 2990 1552 contrahuntur
3018 1515 3144 1551 cum
3187 1500 3418 1553 muliere
3453 1499 3567 1552 Deo

1993 1598 2363 1644 consecrata:
2427 1607 2564 1661 quas
2622 1592 2767 1646 sacri
2824 1606 3067 1646 canones
3118 1591 3387 1645 duntaxat
3429 1592 3566 1646 diri-

1995 1682 2221 1737 mendas
2261 1691 2531 1749 statuunt,
2562 1700 2732 1754 quum
2780 1684 2926 1753 leges
2968 1684 3134 1737 velint
3180 1698 3374 1737 eorum
3423 1683 3566 1737 bona

311 1782 461 1837 σθαι.
495 1784 802 1848 Δατινικῶς
838 1783 894 1837 δὲ
939 1787 966 1838 ὁ
1002 1785 1102 1854 μὲν
1124 1787 1441 1855 παράνομος
1471 1789 1648 1857 γάμος
1677 1788 1890 1856 λέγεται

2000 1773 2088 1842 qui
2116 1788 2209 1828 eas
2248 1776 2646 1840 contraxerint,
2680 1775 2973 1847 publicari,
3007 1784 3172 1843 atque
3223 1775 3378 1844 ipsos
3422 1776 3565 1829 rele-

311 1872 638 1942 νεφάριος,ό
671 1872 728 1926 δὲ
755 1873 1103 1944 κατάκριτος,
1143 1875 1441 1947 δαμνὰτος,
1481 1878 1732 1947 ῖγκεστος
1756 1878 1834 1941 δὲ,
1867 1880 1895 1931 ὁ

311 1963 592 2035 ἀθέμιτος.

524 2145 664 2214 Περὶ
699 2146 1011 2215 κληρικῶν
1057 2147 1676 2218 ἀθεμιτοταμούντων.

393 2237 457 2291 Ὀ
488 2240 665 2290 τοίνυν
690 2234 754 2289 ιϐ’
779 2238 885 2290 τῶν
910 2239 1080 2307 ἁγίων
1110 2239 1424 2293 ἀποστόλων
1452 2239 1656 2301 κανὼν,
1690 2241 1751 2294 Ὀ
1778 2242 1890 2309 δύο,

316 2332 508 2399 φησὶν,
539 2330 772 2398 ἀδελφὰς
804 2330 1090 2400 ἀγόμενος,
1121 2330 1483 2402 ἢὰδελςριδὴν,
1524 2334 1785 2404 κληρικὸς
1819 2331 1896 2387 εἷ-

314 2441 404 2476 ναι
429 2423 490 2475 οὐ
518 2423 764 2477 δύναται.
799 2424 909 2486 Πᾶς
939 2423 1046 2492 γὰρ
1074 2423 1328 2493 ἀοὲμιτος
1352 2426 1547 2494 γάμος,
1584 2427 1691 2479 εἴτε
1725 2429 1782 2491 ἐξ
1807 2428 1890 2480 αῖη

318 2530 508 2582 ματος,
540 2512 651 2565 εἴτε
690 2509 750 2575 ἐξ
800 2513 1130 2581 ἀγχιστείας,
1172 2512 1487 2575 διασπᾶται,
1522 2518 1614 2572 καὶ
1653 2520 1679 2570 ὁ
1721 2519 1896 2589 τοὶτῳ

1997 1864 2111 1933 gari
2140 1882 2155 1931 ;
2195 1865 2339 1933 quod
2373 1866 2423 1920 si
2453 1882 2703 1936 personae
2725 1868 2836 1921 sint
2859 1868 3118 1934 humiles,
3145 1868 3308 1922 etiam
3334 1865 3568 1935 ﬂagellis

1996 1955 2151 2009 etetli.
2183 1953 2277 2011 Hae
2319 1958 2521 2027 nnptiar
2556 1960 2739 2029 lingua
2789 1959 2980 2014 Latina
3029 1959 3291 2014 dicuntur
3322 1957 3566 2022 nefarim,

1997 2046 2288 2113 damnatae,
2346 2039 2591 2107 incestae.

2106 2140 2181 2196 De
2226 2141 2437 2198 clericis
2480 2146 2708 2199 incestas
2744 2144 3179 2199 contrahentibus
3220 2145 3460 2214 nuptias.

2073 2229 2245 2298 Igitur
2281 2245 2460 2286 canon
2508 2241 2824 2288 sanctorum
2879 2244 3054 2304 apost.
3095 2234 3202 2301 l9,
3262 2233 3367 2300 Qui
3412 2236 3569 2300 duas,

2001 2322 2197 2392 inquit,
2259 2338 2479 2378 sorores
2540 2324 2711 2390 ducit,
2761 2335 2857 2380 aut
2908 2342 3053 2393 eam,
3087 2343 3204 2397 quae
3255 2327 3412 2382 uxori
3459 2343 3574 2381 sua:

1999 2417 2207 2471 sororis
2241 2424 2325 2469 est
2372 2416 2500 2480 lilia,
2533 2417 2766 2472 clericus
2809 2433 2934 2473 esse
2971 2420 3175 2489 nequit.
3209 2417 3344 2473 Nam
3380 2435 3574 2475 omnes

1999 2505 2224 2560 incestae
2269 2507 2488 2574 nuptiae,
2545 2505 2663 2560 sive
2703 2522 2799 2576 per
2849 2509 3407 2577 consanguinitatem,
3457 2510 3574 2565 sive

314 2603 622 2671 ἁλοὺς,ιούχ
644 2602 793 2664 ὅπως
816 2602 908 2654 τοῦ
935 2600 1135 2672 κλήρου
1163 2602 1466 2670 ἐξωθεῖται,
1494 2604 1628 2658 ἀλλά
1659 2608 1751 2659 καὶ
1778 2609 1890 2661 ἐπι-

2000 2613 2095 2666 per
2120 2596 2459 2662 alIinitatem,
2501 2597 2841 2651 dirimuntur
2877 2616 2891 2653 :
2936 2607 2993 2654 et
3028 2600 3121 2670 qui
3152 2599 3232 2655 eis
3264 2616 3325 2655 se
3356 2600 3570 2671 polluit,

312 2696 516 2767 τιμίοις
550 2694 937 2772 ὑποϐάλλεται.

399 2874 457 2928 Ὀ
512 2873 619 2945 γὰρ
671 2873 752 2940 κζ’
797 2875 895 2927 τοῦ
944 2875 1179 2943 μεγάλου
1232 2875 1521 2931 Βατιλείου
1575 2878 1726 2948 ἱερέα
1800 2881 1894 2934 τὸν

313 2968 539 3038 ἀθέσμῳ
573 2968 738 3038 γάμῳ
768 2970 825 3021 ὲν
856 2969 1049 3038 ἀγνοίᾳ
1084 2970 1479 3040 περιπαρέντα,
1514 2973 1613 3042 τὴν
1645 2972 1769 3026 καθ’
1803 2970 1892 3026 αἷ-

316 3077 395 3129 μα
451 3061 615 3129 τυχὶν
671 3064 1058 3131 προσήκουσαν
1109 3062 1584 3131 εἰσοικησάμενον,
1641 3064 1673 3136 ἢ
1728 3067 1894 3135 μονά-

315 3169 505 3222 στριαν
541 3152 599 3205 τὸ
633 3153 776 3223 ἱερὸν
813 3152 1199 3221 ἀρνησαμένην
1230 3153 1438 3222 σχῆμα,
1473 3153 1506 3227 ἢ
1542 3155 1641 3226 τὴν
1681 3157 1758 3227 τῷ
1784 3176 1891 3212 πα..

311 3247 400 3314 τρὶ
460 3243 625 3298 αὐτοῦ
676 3243 1186 3312 ἐπιτροπευθεῖσαν,
1233 3247 1424 3297 τοῦτον
1467 3247 1567 3316 τῆς
1613 3250 1751 3316 μετὰ
1784 3249 1895 3301 τῶν

314 3335 698 3405 πρεσϐυτέρων
732 3336 997 3405 καθέδρας
1030 3336 1202 3406 μόνης
1236 3338 1485 3407 μετέχειν
1516 3339 1678 3404 ἀξιοῖ,
1706 3340 1813 3392 τῶν
1837 3339 1894 3392 δὲ

310 3427 516 3480 λοιπῶν
547 3428 838 3496 ἐνεργειῶν
869 3430 967 3497 τῆς
1014 3432 1311 3499 ἱερωσύνης
1358 3429 1683 3499 ἀπέχεσθαι,
1734 3448 1898 3500 μετα-

310 3518 539 3573 νοοῦντα
593 3518 684 3571 διὰ
738 3520 940 3580 παντὸς
987 3520 1105 3590 Θεῷ
1141 3522 1234 3574 καὶ
1267 3520 1580 3590 ἀνθρώποις
1620 3522 1757 3592 μετὰ
1798 3524 1894 3575 δα-

312 3611 518 3679 κρύων,
572 3610 650 3679 τῷ
681 3610 800 3679 μὲν,
834 3610 910 3674 ὡς
952 3611 1100 3682 μόνῳ
1146 3613 1435 3683 δυναμένῳ
1476 3614 1572 3673 τὰς
1618 3613 1893 3682 ἁμαρτίας

311 3699 551 3767 ἀφιέναι,
599 3702 713 3762 τοῖς
759 3698 837 3764 δὲ,
876 3700 964 3753 ἵνα
1015 3701 1109 3772 τὴν
1157 3703 1511 3774 σιγχὼρησιν
1544 3703 1694 3773 αὐτῷ
1742 3702 1895 3773 παρά

314 3793 521 3863 Κυρίου
556 3794 910 3864 αἰτήσωνται.
970 3791 1226 3861 Εὐλογεῖν
1270 3792 1328 3844 δὲ
1376 3792 1467 3845 τὸν
1505 3793 1572 3846 τὰ
1600 3794 1781 3847 οἰκεῖα
1810 3792 1897 3847 θε-

318 3884 575 3954 ραπεύειν
611 3883 895 3952 ὀφείλοντα
920 3884 1237 3954 τραύματα,
1269 3882 1393 3937 οὔτε
1430 3884 1555 3955 ἰδίᾳ,
1579 3882 1704 3937 οὔτε
1730 3884 1898 3955 δημο-

315 3976 406 4046 σίᾳ
435 3977 725 4047 προσήκει,
756 3974 921 4046 φησιν
943 3992 956 4006 ο
989 3977 1021 4046 ἡ
1057 3977 1166 4045 γὰρ
1198 3975 1424 4043 εὐλογία
1470 3976 1696 4047 χάριτος
1732 3993 1898 4029 πνευ-

318 4068 554 4138 ματικῆς
581 4069 675 4120 καὶ⁵
698 4066 974 4137 ἀγιασμοῦ
1005 4068 1364 4136 μεταδίδωσιν
1385 4083 1399 4097 θ
1432 4061 1476 4134 ᾧ
1502 4067 1559 4120 δὲ
1589 4067 1797 4121 τούτων
1831 4067 1894 4120 οὐ

317 4160 534 4229 μέτεστι
564 4160 651 4213 διὰ
681 4163 741 4213 τδ
762 4161 1045 4228 ἀνόμημα,
1066 4161 1112 4211 ei
1137 4159 1233 4212 καὶ
1262 4158 1405 4211 κατά
1435 4157 1660 4225 ἄγνοιαν
1681 4159 1893 4228 γέγονε,

316 4249 432 4314 πῶς
470 4249 624 4314 οὗτος
655 4253 827 4322 ἑτέρῳ
855 4250 1108 4320 δυνηθείη
1147 4250 1505 4320 μεταδοῦναι;
1534 4248 1596 4302 Εἰ
1625 4250 1683 4303 δὲ
1716 4251 1892 4315 τοῦτο,

316 4343 478 4411 σχολῇ
504 4341 556 4409 γ’
577 4342 642 4393 ἂν
668 4343 728 4393 τὸ
755 4341 914 4411 σῶμα
944 4341 1039 4393 τοῦ
1068 4340 1270 4409 Κυρίου
1290 4342 1568 4408 διανεμεῖ·
1598 4340 1895 4411 ἀποχρῶσα

1999 2706 2106 2745 non
2139 2692 2286 2745 clero
2322 2689 2589 2744 duntaxat
2641 2691 2956 2760 expellitur,
3026 2692 3120 2747 sed
3179 2693 3357 2762 ptenis
3403 2695 3572 2749 etiam

1997 2781 2249 2850 subjiritu
2261 2796 2304 2837 r.

2071 2875 2280 2945 Quippe
2305 2876 2376 2930 27
2406 2876 2587 2932 Basilii
2624 2876 2801 2949 Magni
2837 2892 3016 2933 canon
3067 2879 3440 2946 sacerdotem,
3475 2880 3571 2950 qui

2000 2980 2094 3035 per
2135 2968 2499 3038 ignOrantiam
2547 2969 2599 3024 in
2636 2972 2855 3039 nuptias
2897 2969 3139 3026 incestas
3176 2971 3457 3034 inciderit,
3495 2972 3572 3025 uti

2000 3057 2094 3125 qui
2128 3056 2266 3111 forte
2297 3058 2563 3128 sanguine
2596 3059 2700 3114 sibi
2737 3060 3090 3131 eonjunctam
3125 3062 3177 3115 in
3209 3062 3434 3116 domum
3475 3062 3574 3117 de-

2001 3148 2247 3215 duxerit;
2290 3151 2369 3203 vel
2407 3150 2876 3221 solitariam,qute
2900 3152 3146 3208 habitum
3173 3169 3390 3208 sacrum
3412 3170 3575 3224 repn—

2000 3241 2166 3294 diarit
2191 3257 2209 3308 ;
2236 3243 2319 3295 νιιι
2343 3258 2487 3307 eam,
2505 3243 2661 3312 cujus
2682 3246 2906 3298 tutelam
2930 3254 3082 3314 pater
3105 3245 3280 3316 ipsius
3304 3247 3572 3316 gesserit,

2004 3333 2147 3386 hunc
2183 3349 2316 3403 ergo
2348 3335 2520 3390 solius
2558 3336 2701 3389 inter
2747 3339 3067 3391 sacerdotes
3097 3339 3365 3394 sessionis
3398 3339 3573 3408 parti-

1999 3423 2174 3493 cipem
2204 3441 2331 3480 esse
2366 3427 2499 3491 vult,
2527 3435 2579 3480 et
2610 3443 2639 3480 a
2678 3427 2904 3496 reliquis
2927 3430 3215 3483 sacerdotii
3250 3431 3572 3484 muneribus

1956 3580 1963 3585 ο
1999 3519 2316 3586 abstinere;
2349 3531 2612 3589 perpetuo
2634 3519 3012 3588 paenitentiam
3039 3522 3147 3576 Deo
3170 3532 3223 3576 et
3254 3522 3573 3578 hominibus

1999 3624 2121 3661 cum
2155 3608 2412 3677 lacryntis
2444 3619 2689 3679 agentem
2720 3629 2735 3673 ς
2776 3608 2886 3665 Deo
2916 3612 3158 3681 quidem,
3207 3615 3283 3666 uti
3322 3613 3416 3682 qui
3448 3629 3576 3684 pec-

1999 3709 2124 3752 cata
2169 3703 2322 3755 solus
2366 3702 2645 3756 remittere
2687 3703 2884 3770 possit,
2921 3704 3238 3759 hominibus
3275 3716 3480 3770 autem,
3516 3716 3576 3761 ut

2000 3791 2104 3860 ipsi
2162 3791 2628 3847 condonationem
2661 3803 2715 3850 et
2767 3795 2982 3850 veniam
3012 3786 3053 3850 ε
3085 3795 3315 3852 Domino
3363 3810 3574 3868 petant.

2002 3881 2200 3938 Verum
2222 3894 2280 3941 ut
2303 3884 2741 3949 benedictionem
2767 3885 3113 3957 impcrtiatur
3141 3889 3207 3956 is,
3232 3889 3325 3961 qui
3351 3890 3575 3962 propria

1998 3992 2195 4033 sanare
2229 3979 2453 4033 vulnera
2484 3978 2683 4045 debet,
2724 3996 2901 4050 neque
2944 3980 3224 4049 privatim,
3261 3998 3437 4052 neque
3476 3999 3578 4053 pu-

1999 4068 2139 4123 blice
2205 4069 2506 4123 convenire
2559 4070 2712 4124 dicit.
2773 4070 3090 4125 Benedictio
3144 4072 3292 4126 enim
3341 4074 3573 4144 gratiam

1998 4159 2306 4228 spiritalem
2336 4168 2391 4214 et
2426 4161 2771 4216 sanctitatem
2812 4161 3079 4232 largitur;
3123 4172 3178 4216 at
3224 4164 3318 4233 qui
3353 4175 3575 4234 propter

1997 4251 2296 4307 admissum
2359 4250 2575 4307 facinus
2618 4251 2814 4306 horum
2878 4255 3154 4324 particeps
3195 4271 3317 4311 esse
3360 4258 3571 4327 nequit,

1999 4341 2125 4395 licet
2170 4356 2266 4410 per
2320 4341 2686 4410 ignorantiam
2732 4341 2939 4398 factum
2986 4346 3081 4411 sit,
3125 4361 3365 4415 quonam
3412 4351 3575 4405 modo

312 4433 421 4502 γὰρ
468 4432 619 4511 αὐτρ
659 4432 958 4502 συγγνώμη
999 4432 1088 4484 διὰ
1140 4432 1239 4500 τὴν
1267 4431 1509 4499 ἄγνοιαν,
1551 4431 1611 4485 τὸ
1666 4433 1742 4502 μὴ
1772 4433 1890 4486 ἐπι-

2002 4434 2415 4489 communicare
2447 4449 2573 4489 cum
2599 4435 2706 4489 alio
2729 4435 2941 4503 possit?
2973 4437 3131 4503 Quod
3158 4454 3293 4494 sane
3317 4442 3362 4493 si
3384 4458 3573 4513 verum

312 4525 634 4594 τιμηθῆναι,
673 4524 810 4578 ἀλλὰ
840 4526 930 4576 καὶ
969 4523 1067 4589 τῆς
1118 4523 1389 4593 καθέδρας
1418 4524 1588 4577 εἰσέτι
1621 4524 1892 4594 μετέχειν.

2005 4534 2111 4589 est,
2155 4525 2329 4580 multo
2366 4525 2547 4581 minus
2587 4542 2787 4596 corpus
2840 4530 3051 4583 Domini
3082 4530 3395 4586 distrihuet.
3429 4532 3576 4589 Satis

313 4620 457 4676 enim
488 4636 682 4690 magna
702 4620 816 4675 haec
839 4619 939 4687 ipsi
967 4620 1223 4675 veniaest
1289 4627 1505 4690 pr0ptcr
1568 4619 1958 4689 ignorantiam,
2004 4620 2150 4692 quod
2198 4635 2304 4675 non
2364 4623 2589 4691 punitus
2645 4622 2739 4688 sit,
2789 4623 2900 4678 imo
2955 4623 3119 4679 etiam
3178 4627 3454 4683 cathedrae
3504 4626 3578 4684 sit

316 4720 496 4775 adhuc
528 4718 824 4788 particeps.

390 4814 494 4866 Τὸν
527 4812 582 4866 δὲ
625 4808 829 4862 κανόνα
860 4806 1049 4861 τοῦτον
1090 4808 1150 4860 ἑν
1188 4806 1353 4860 καλοῦ
1391 4805 1556 4877 μοίρᾳ
1598 4809 1664 4877 τῇ
1700 4805 1893 4879 πρώτῃ

308 4904 571 4973 λεχθῆναι
599 4900 922 4968 νομίσαντες
944 4901 995 4951 οι
1012 4898 1111 4967 τῆς
1139 4903 1193 4960 ς’
1216 4898 1436 4950 συνόδου
1465 4897 1597 4951 θεῖοι
1626 4899 1894 4968 Πατέρες,

315 5000 409 5059 κς¹
444 4993 642 5048 κανόνα
675 4994 888 5056 ἑαυτοῖς
930 4990 1319 5057 πεποιήκασιν,
1351 4990 1540 5051 αὑταῖς
1573 4993 1691 5051 ταῖς
1724 4989 1894 5044 αὐτοῦ

317 5086 655 5152 χρησάμενοι
685 5081 899 5146 λέξεσι·
929 5080 1256 5151 προσθέντες
1292 5078 1472 5150 μόνον,
1500 5080 1572 5142 ὡς
1602 5080 1630 5132 ὁ
1654 5080 1893 5143 τοιοῦτος

316 5175 553 5245 ἀθεσμος
575 5175 750 5244 γάμος
772 5173 1056 5245 προδήλως
1082 5171 1485 5240 διαλυθήσεται,
1516 5173 1612 5225 καὶ
1633 5172 1891 5241 οὐδαμῶς

315 5271 343 5320 ὁ
374 5268 511 5337 ἀνὴρ
546 5267 838 5337 μετουσίαν
859 5264 971 5329 ἔξει
1005 5267 1140 5337 πρὸς
1159 5263 1254 5335 τὴν
1278 5264 1344 5317 δι’
1365 5258 1432 5334 ἧς
1453 5264 1550 5334 τῆς
1575 5266 1725 5333 ἱερᾶς
1744 5266 1892 5337 ἐνερ-

315 5363 467 5430 γείας
494 5363 807 5431 ἐστέρηται.
848 5360 909 5412 Εἰ
929 5360 1036 5429 γὰρ
1078 5356 1152 5427 μὴ
1179 5356 1538 5423 διασπασθειη
1569 5356 1629 5408 τὸ
1655 5354 1894 5426 ἄθεσμον

318 5454 674 5517 συνοικέσιον,
718 5451 851 5504 οὔτε
884 5451 983 5519 τὴν
1011 5448 1286 5518 καθέδραν
1332 5447 1469 5512 ἕξει,
1498 5445 1635 5501 ἀλλά
1672 5447 1766 5499 καὶ
1794 5448 1892 5516 τῆς

316 5543 644 5615 Ἐκκλησιας
677 5542 1049 5611 ἐξωσθήσεται
1081 5542 1219 5609 μετά
1250 5540 1350 5608 τῆς
1378 5538 1710 5608 παρανόμως
1741 5539 1893 5609 αὐτῷ

319 5635 684 5703 μιγνυμένης,
737 5636 829 5686 καὶ
879 5632 967 5685 διὰ
1019 5630 1118 5700 τῆς
1167 5630 1277 5682 τῶν
1321 5630 1599 5699 ἀρχόντων
1645 5629 1890 5695 ἐξουσίας

317 5727 345 5778 ὁ
378 5726 552 5796 γάμος
583 5725 986 5796 διαλυθήσεται.
1030 5723 1087 5775 '0
1129 5722 1236 5789 γὰρ
1274 5720 1412 5789 μετὰ
1455 5720 1552 5788 τὴν
1596 5720 1892 5787 ἐπιγνωσιν

2071 4806 2226 4864 ΙΙιιιιο
2257 4819 2437 4864 autem
2471 4824 2597 4864 can.
2630 4810 2837 4878 optime
2863 4815 3279 4879 pronuntiatum
3324 4816 3575 4873 arbitrati

1998 4902 2173 4956 sancti
2210 4900 2398 4958 Patres
2420 4918 2541 4972 syn.
2565 4917 2615 4955 v1
2645 4901 2715 4957 26
2737 4903 2840 4957 sibi
2872 4903 3143 4968 fecerunt,
3173 4908 3422 4976 ipsismet
3450 4911 3574 4980 ejus

1999 4993 2181 5047 verbis
2228 4995 2335 5057 usi,
2385 4994 2492 5049 hoc
2535 4994 2802 5047 duntaxat
2834 4995 3072 5062 adjecto,
3104 5001 3253 5066 quod
3301 5001 3571 5057 incestum

1997 5084 2268 5151 ejusmodi
2324 5082 2735 5138 matrimonium
2789 5085 2932 5140 haud
2991 5087 3158 5143 dubie
3205 5088 3571 5146 dirimendum

2000 5173 2092 5238 sit,
2126 5187 2226 5226 nec
2256 5173 2703 5244 permittendum,
2740 5172 2929 5229 utulle
2960 5178 3121 5233 modo
3144 5178 3224 5232 vir
3247 5193 3313 5239 ea
3335 5178 3570 5246 fruatur,

2001 5272 2224 5333 propter
2251 5280 2416 5333 quam
2451 5263 2732 5322 iunctione
2759 5282 2917 5323 sacra
2953 5269 3197 5338 privatus
3230 5273 3326 5327 sit.
3365 5275 3576 5346 Quipr

2002 5357 2046 5410 si
2063 5357 2476 5431 matrimonium
2496 5356 2765 5414 incestum
2785 5360 2899 5432 68
2913 5376 3019 5417 non
3039 5361 3203 5419 fuerit
3219 5365 3569 5437 diremptum,

2001 5461 2181 5517 neque
2222 5448 2535 5502 cathedram
2587 5450 2830 5517 habebit,
2863 5462 3026 5523 atque
3058 5454 3224 5509 etiam
3270 5456 3572 5525 expelletur

2001 5552 2067 5592 ex
2111 5538 2340 5594 ecclesia
2369 5556 2493 5594 eum
2540 5557 2602 5595 ea
2644 5556 2877 5612 quacum
2912 5542 3119 5599 nefarie
3159 5546 3484 5613 concubuit;
3517 5558 3572 5601 et

1999 5631 2330 5687 auctoritate
2383 5634 2805 5703 magistratuum
2856 5635 3067 5704 nuptiae
3097 5636 3398 5691 solventur.
3432 5636 3566 5693 Nam

2001 5722 2096 5790 qui
2140 5732 2263 5792 post
2305 5723 2639 5791 agnitionem
2674 5725 2729 5779 in
2778 5735 3001 5795 peccato
3034 5737 3374 5800 perseverat,
3423 5729 3568 5784 haud
