3992 6428
518 220 653 286 1161

1703 219 2071 280 ΜΑΤΤΗἉΕΙ
2117 221 2547 286 BLASTARIS

3575 241 3682 308 1168

510 347 676 403 dubie
708 357 967 414 tanquam
997 342 1219 413 proprio
1251 339 1505 411 sanguini
1534 354 1592 397 se
1624 342 1860 396 miscens
1888 344 2051 411 punie

2183 345 2458 446 ἐπιμένων
2484 350 2548 418 τῇ
2582 349 2846 421 ἁμαρτίᾳ,
2867 354 2942 417 ας
2966 355 3294 430 αἱμομίκτης
3325 361 3535 434 ἀτεχνῶς
3557 383 3690 438 τιμω-

505 451 613 497 tur.

650 531 726 586 De
760 532 909 585 laici:
940 529 1168 584 incestas
1215 527 1647 583 contrahentibus
1702 527 1936 594 nuptias.

580 624 821 694 Epistola
871 622 1056 675 Basilii
1088 619 1265 690 Magni
1298 620 1365 673 ad
1414 617 1712 673 Diodorum
1750 616 2073 673 Tarsensem

508 720 827 787 episcopum
881 713 1028 767 omni
1055 711 1323 781 sapientia
1350 711 1507 777 plena
1533 716 1637 774 est,
1667 719 1720 762 et
1741 709 1790 762 vi
1821 708 2078 776 oratoria;

508 812 786 868 facultatis
829 816 1046 861 ornata.
1090 803 1312 859 Tractat
1344 796 1528 859 autem
1575 819 1662 869 ea,
1695 819 1814 872 quae
1843 816 1941 873 per
1968 802 2076 858 -Dei

502 906 735 975 gratiam
786 900 1054 954 hodierno
1109 896 1197 951 die.
1247 896 1380 950 nulli
1419 895 1629 951 homini
1675 896 1988 950 Christiano
2021 895 2074 949 in

507 1003 743 1046 mentem
779 989 1022 1042 veniunt.
1074 986 1285 1055 Quippe
1333 984 1604 1039 Diodorus
1635 1000 1662 1038 a
1696 986 1950 1054 quopiam
1992 986 2077 1038 in-

503 1095 833 1157 terrogatus,
866 1092 1124 1153 possetne
1182 1079 1440 1135 defuncta
1476 1094 1644 1133 uxore
1681 1093 1802 1141 sua,
1830 1092 2072 1131 sororem

501 1183 621 1250 eius
655 1181 707 1234 in
736 1175 1148 1231 matrimonium
1180 1172 1449 1241 accipere,
1480 1187 1574 1240 per
1605 1169 2073 1237 litteras’rcspon-

500 1276 676 1339 «lerat,
717 1272 769 1325 id
824 1268 1049 1321 minime
1098 1262 1403 1335 prohiberi.
1437 1263 1572 1317 Cum
1618 1270 1804 1316 autem
1845 1275 2074 1328 magnus

499 1367 593 1421 ille
629 1364 788 1418 Pater
820 1360 1057 1414 Basilius
1082 1356 1353 1427 ejusmodi
1384 1353 1606 1423 nuptias
1626 1361 1856 1417 velaret,
1889 1350 2071 1405 oblata

497 1468 579 1514 est
606 1456 653 1510 ei
674 1454 875 1525 scripta
916 1453 1029 1506 haec
1062 1448 1282 1504 Diodori
1324 1447 1620 1502 sententia.
1656 1445 1828 1513 Quam
1858 1460 1981 1499 eum
2016 1460 2074 1500 se

494 1547 735 1620 graviter
763 1546 1097 1611 molesteque
1148 1540 1295 1596 ferre
1337 1539 1420 1594 vir
1449 1549 1675 1594 sanctus
1714 1535 2071 1601 ostendisset,

2183 438 2322 508 ρηθή
2332 442 2506 492 σεται.

2443 529 2584 597 Περὶ
2620 531 2861 586 λαϊκῶν
2887 535 3481 609 ἀθεμιτογσμούντων,

2263 617 2329 671 Ἢ
2356 619 2412 671 δὲ
2446 620 2585 690 πρὸς
2619 624 2905 695 Διόδωρον,
2936 628 3026 680 τὸν
3055 630 3345 685 ἐπίσκοπον
3389 635 3596 703 Ταρσοῦ.
3615 640 3687 694 τοῦ

2185 710 2428 777 μεγάλου
2458 710 2744 767 Βασιλείου
2784 718 3063 787 ἐπιστολὴ,
3094 722 3271 790 πάσης
3304 726 3396 789 μὲν
3432 731 3598 796 σοφίας
3620 749 3673 785 πε

2178 799 2481 870 πλήρωται,
2533 805 2625 857 καὶ
2658 807 2919 880 ῥητορικῇ
2968 813 3342 882 περιῇνθισται
3392 819 3733 889 πιθανότητισι

2178 892 2547 984 ἀνασκευάζει
2605 897 2660 950 δὲ
2711 897 2848 952 ἆττα
2892 901 3012 955 οὐδὲ
3068 905 3148 965 είς
3203 904 3431 960 διάνοιαν
3468 912 3694 984 ἀνθρώπῳ

2177 982 2495 1072 Χριστιανῷ
2520 989 2588 1057 τῇ
2619 988 2713 1041 τοῦ
2741 989 2876 1043 Θεοῦ
2898 994 3083 1061 χάριτι
3116 996 3215 1065 τὴν
3239 999 3466 1068 τήμερον
3492 982 3690 1072 ἔρχεται.

2175 1071 2509 1144 Ἐρωτηθεὶς
2556 1078 2665 1148 γὰρ
2698 1083 2833 1148 πρός
2862 1100 3006 1145 τινος
3061 1086 3089 1136 ὁ
3132 1088 3411 1157 Διόδωρος,
3453 1095 3495 1144 εἰ
3522 1094 3698 1148 δύναιτο

2176 1163 2274 1231 τῆς
2324 1166 2584 1231 γυναικὸς
2631 1170 2796 1222 αὑτοῦ
2830 1171 3097 1245 θανούσης
3129 1177 3229 1247 τὴν
3269 1180 3470 1249 ἐκείνης
3504 1183 3696 1253 ἀδελφὴν

2178 1258 2480 1324 ἀγαγέτϐαι
2508 1261 2646 1331 πρὸς
2681 1263 2883 1333 γάμον,
2922 1266 3257 1337 ἀπεκρίνατο
3280 1271 3551 1341 ἐγγράφως
3573 1276 3697 1328 τοῦτο

2180 1348 2254 1417 μὴ
2286 1348 2618 1406 κωλύεσθαι.
2667 1354 2759 1422 Τῷ
2800 1355 2856 1407 δὲ
2906 1359 3127 1428 μεγάλῳ
3173 1360 3345 1432 Πατρὶ
3374 1364 3608 1436 Βασιλείῳ
3629 1369 3700 1421 τὸν

2176 1437 2418 1492 τοιοῦτον
2471 1442 2872 1515 ἀπαγορεύοντι
2914 1449 3112 1517 γάμον,
3156 1451 3309 1521 ήτοῦ
3348 1456 3587 1526 Διοδώρου
3630 1458 3703 1524 ἔγ-

2177 1546 2388 1600 γραφος
2426 1533 2704 1601 ἀπόφασις
2752 1537 3147 1606 ἐμφανίζεται·
3185 1543 3325 1613 ὑπὲρ
3364 1539 3427 1616 ἦς
3457 1550 3542 1599 καὶ
3566 1548 3703 1602 δεινο-

2178 1622 2431 1692 παθήσας
2486 1624 2514 1674 6
2567 1624 2746 1693 ἅγιος,
2804 1629 2904 1698 τὴν
2933 1629 3137 1701 πολλῆς
3170 1632 3430 1707 ὠφελείας
3465 1640 3702 1709 γέμονταν

493 1640 779 1710 epistolam
802 1637 945 1690 hanc
972 1648 1165 1703 magna
1184 1631 1442 1687 refertam
1468 1630 1701 1685 utilitate
1726 1626 2068 1695 composuit;

488 1749 597 1803 qua
640 1747 747 1786 non
794 1730 894 1783 has
929 1736 1168 1792 tantum,
1220 1725 1314 1780 sed
1364 1724 1526 1779 etiam
1590 1738 1785 1777 omnes
1848 1721 2053 1775 illicita:

2179 1713 2440 1779 συνέταξε
2488 1716 2697 1784 ταύτην
2747 1720 3063 1792 ἐπιστολὴν,
3124 1724 3198 1793 μὴ
3252 1727 3406 1791 μόνον
3443 1729 3527 1782 τὸν
3562 1732 3703 1784 τοιοῦ-

490 1827 712 1894 nnptias
744 1823 961 1879 evertit.
992 1819 1205 1890 Quippe
1235 1816 1476 1888 generali
1500 1813 2053 1885 appellationeimpw

2168 1819 2282 1871 τον,
2343 1806 2479 1858 ἀλλά
2526 1810 2621 1861 καὶ
2673 1811 2853 1864 πάντα
2887 1811 3127 1883 ἄθεσμον
3178 1816 3570 1885 ἀνατρέπουσαν
3600 1824 3702 1889 ’γά-

488 1919 671 1974 ritntis
705 1931 863 1982 usus,
894 1928 1085 1968 omnes
1113 1910 1428 1978 huiusmodi
1458 1909 1682 1978 nuptias
1710 1907 1951 1962 breviter
1982 1895 2053 1960 est

2172 1914 2290 1968 μον.
2349 1898 2440 1970 Τῷ
2485 1900 2595 1972 γὰρ
2644 1904 2847 1974 γενικῷ
2886 1907 3235 1976 χρησάμενος
3278 1910 3373 1977 τῆς
3407 1913 3702 1984 ἀκαθαρσίας

2173 1990 2423 2061 ὀνόματι,
2456 1991 2681 2057 τούτους
2725 1993 2975 2061 ἅπαντας
3007 1999 3469 2074 συμπεριείληφεν
3508 2007 3559 2060 ἐν
3598 2011 3707 2078 βρα-

2168 2081 2274 2151 χεῖ.

2252 2174 2340 2227 Ἐν
2397 2176 2453 2231 δὲ
2513 2179 2591 2251 τῷ
2641 2180 2725 2250 κγ’
2773 2185 2979 2251 κανόνι,
3029 2189 3173 2260 Περῖ
3228 2194 3338 2247 τῶν
3382 2193 3491 2258 δύο,
3546 2194 3699 2265 φησὶν.

2166 2267 2401 2337 ἀδελφὰς
2440 2275 2788 2344 γαμούντων,
2816 2278 2962 2343 ὅπως
2991 2280 3191 2354 ἔχομεν
3226 2286 3479 2356 κρίσεως,
3510 2288 3605 2340 ἀπὸ
3625 2286 3701 2340 τοῦ

2166 2360 2632 2434 ὲκπεφωνημένου
2690 2369 2820 2439 ἡμῖν
2874 2371 3262 2444 ὲπιστολιδίου,
3297 2370 3356 2431 οὗ
3395 2379 3453 2431 τὸ
3483 2379 3705 2448 ἀντίγρα-

486 2011 805 2080 complexus

557 2187 832 2244 Caeterum
860 2184 917 2239 in
943 2195 1154 2238 canone
1183 2178 1277 2246 2'5,
1315 2177 1389 2233 De
1424 2178 1516 2242 iis,
1548 2176 1646 2241 ait,
1682 2175 1775 2246 qui
1808 2176 1943 2230 duas
1970 2188 2064 2229 so-

486 2295 643 2335 rores
670 2279 897 2341 ducunt,
929 2274 1089 2344 quale
1127 2273 1199 2328 sit
1228 2280 1475 2326 nostrum
1511 2268 1810 2336 judicium,
1851 2284 1918 2321 ex
1949 2268 2065 2337 epi-

444 2376 453 2382 “
485 2369 625 2427 stola
658 2368 907 2439 perbrevi
938 2381 968 2421 a
1005 2365 1166 2421 nobis
1193 2360 1396 2425 dicata,
1423 2361 1580 2430 cujus
1606 2360 1881 2430 exemplar
1905 2375 2063 2414 reve-

485 2461 681 2516 rentiae
738 2463 846 2511 tuae
903 2454 1179 2519 misimus,
1229 2462 1376 2507 recte
1425 2450 1719 2519 intelliges,
1769 2451 1970 2519 quibus
2007 2448 2060 2502 in

482 2552 824 2608 verbishanc
847 2547 912 2603 ad
940 2547 1237 2602 Diodorum
1264 2545 1552 2614 epistolam
1577 2542 1872 2612 significat,
1893 2555 2059 2610 quam

481 2646 654 2714 ipsam
688 2655 909 2712 quoque
942 2640 1007 2695 ad
1038 2647 1289 2694 sanctum
1317 2637 1763 2707 Amphilochium
1791 2635 1966 2692 misit.
1999 2635 2071 2690 Et

481 2750 633 2799 vero,
661 2732 862 2801 inquit,
896 2729 980 2785 sui
1012 2731 1108 2798 qui
1149 2728 1340 2783 fratris
1391 2742 1616 2782 uxorem
1654 2725 1895 2792 duxerit,
1950 2741 2060 2780 non

479 2828 633 2899 prius
663 2823 1002 2895 pmnitentiai
1028 2822 1184 2876 locus
1213 2820 1452 2884 dabitur,
1488 2834 1652 2890 quam
1680 2818 1750 2873 ab
1783 2833 1845 2873 ea
1877 2818 2060 2873 diver-

479 2920 624 2975 terit.

553 3008 730 3079 Hujus
780 3005 1024 3075 epistolae
1072 2999 1564 3074 quinquagesimus
1613 3001 1777 3055 etiam
1827 3008 2126 3099 quartusC

476 3116 599 3172 syn.
626 3100 796 3153 Sexta:
825 3111 999 3151 canon
1034 3094 1305 3158 meminit,
1333 3108 1457 3147 cum
1493 3094 1562 3146 ait
1591 3108 1608 3145 ι
1646 3090 1885 3145 Tametsi
1918 3106 2056 3160 pauo

475 3208 571 3248 cas
594 3207 658 3246 ex
693 3187 986 3259 prohibitis
1009 3186 1221 3257 nuptiis
1250 3185 1335 3239 vir
1367 3194 1594 3239 sanctus
1624 3184 2053 3247 enumeraverit,

475 3297 526 3339 et
557 3282 777 3337 silentio
808 3279 1125 3349 complures
1156 3292 1349 3332 earum
1388 3275 1742 3346 praeterierit,
1782 3290 1850 3329 ne
1889 3289 2048 3329 suam

473 3377 780 3433 orationem
809 3372 1054 3443 profanis
1084 3369 1369 3425 vocabulis
1404 3369 1735 3434 sordidaret,
1770 3383 1868 3437 per
1890 3381 2054 3436 gene-

473 3465 938 3520 ralemduntaxat
986 3459 1325 3531 impuritatis
1350 3458 1770 3528 appellationem
1822 3457 2052 3511 nefariis

396 3588 407 3595 ι
468 3556 732 3611 omnibus
771 3552 980 3621 nuptiis
1020 3549 1278 3604 indicatis
1324 3566 1336 3602 :
1390 3561 1490 3603 nos
1529 3532 1711 3603 tamen
1758 3546 2052 3602 definimus

467 3646 618 3712 eum,
664 3645 758 3715 qni
792 3658 918 3699 cum
949 3643 1281 3697 consobrina
1332 3655 1431 3696 sua
1479 3642 1702 3709 nuptias
1750 3640 2048 3705 contrahit,

465 3741 551 3792 vel
579 3747 788 3806 patrem
821 3745 875 3788 et
906 3734 1079 3805 illitum
1110 3747 1236 3786 cum
1266 3742 1440 3787 matre
1468 3746 1531 3785 ac
1566 3731 1698 3796 lilia,
1724 3731 1809 3784 vel
1837 3740 2044 3799 patrem

469 3839 525 3886 et
563 3829 732 3883 filium
779 3841 902 3880 cum
936 3825 1151 3879 duabus
1202 3823 1507 3887 sororibus,
1544 3822 1627 3877 vel
1678 3823 1818 3877 duos
1851 3822 2047 3877 fratres

463 3932 590 3975 cum
657 3914 873 3971 duabus
931 3913 1237 3976 sororibus,
1289 3911 1391 3966 sub
1451 3924 1719 3965 canonem
1776 3912 2044 3981 septennii

462 4018 698 4075 cadere;
753 4010 835 4064 sic
890 4019 1096 4072 tamen,
1150 4015 1206 4060 nt
1260 4021 1289 4059 a
1332 4005 1544 4060 nefario
1589 4005 1846 4075 coniugio
1890 4006 2043 4076 prius

460 4106 769 4161 discedant.

2166 2469 2266 2520 φον
2319 2454 2746 2528 ἀπεστάλκαμέν
2782 2477 2876 2514 σου
2915 2467 2982 2535 τῇ
3018 2465 3300 2540 εὐλαϐείᾳ,
3338 2468 3395 2522 εὖ
3424 2471 3555 2540 μάλα
3576 2471 3698 2540 εῖςῃο

2163 2543 2367 2614 ταύτην
2408 2545 2472 2617 δὴ
2510 2547 2685 2616 λέγων
2727 2550 2825 2622 τὴν
2864 2559 3001 2625 πρὸς
3033 2559 3302 2630 Διόδωρον
3329 2561 3619 2629 ἐπιστολὴν,
3650 2561 3702 2629 ἣν

2163 2637 2257 2688 καὶ
2311 2636 2446 2706 πρὸς
2496 2638 2586 2693 τὸν
2635 2642 2793 2709 ἅγιον
2836 2647 3125 2716 πέπομφεν
3166 2652 3544 2722 Ἀμφιλόχιον·
3573 2653 3639 2724 τῷ
3660 2652 3704 2704 δὲ

2161 2726 2400 2795 λαϐόντι,
2434 2731 2593 2800 φησὶ,
2628 2733 2721 2786 τοῦ
2776 2735 2906 2789 ίδίου
2950 2739 3183 2808 ἀδελφοῦ
3241 2743 3338 2815 τὴν
3380 2747 3612 2814 γυναῖκα,
3653 2741 3701 2794 οὗ

2162 2818 2430 2890 πρότερον
2469 2822 2633 2886 τόπος
2676 2828 2965 2896 μετανοίας
2997 2831 3312 2903 δοθήσεται,
3345 2836 3469 2908 πρὶν
3496 2835 3558 2891 ἂν
3599 2834 3703 2889 ταύ-

2159 2926 2258 2979 της
2295 2911 2532 2984 ἀποστῇ.

2232 3003 2447 3075 Ταύτης
2472 3008 2569 3076 τῆς
2601 3010 2887 3083 ἐπιστολῆς
2916 3018 3010 3071 καὶ
3039 3017 3066 3068 ὁ
3100 3017 3174 3072 νδ¹
3234 3021 3334 3090 τῆς
3362 3021 3520 3092 ἕκτης
3568 3019 3700 3075 συνί-

2158 3092 2250 3145 δου
2305 3096 2487 3151 κανὼν
2528 3099 2825 3172 μέμνηται,
2878 3107 2972 3159 καί
3023 3127 3191 3179 φησιν
3220 3127 3235 3142 °
3279 3113 3343 3166 Εί
3386 3116 3476 3166 καὶ
3521 3114 3701 3181 ὀλίγους

2157 3186 2267 3241 τῶν
2317 3188 2711 3260 ἀπειρημένων
2782 3198 2979 3266 γάμων
3050 3202 3077 3252 ὁ
3139 3201 3303 3269 ἅγιος
3358 3203 3701 3274 ἠριθμὴσατο,

2159 3283 2339 3352 σιωπῇ
2366 3281 2431 3335 δὲ’
2455 3285 2582 3349 τοὺς
2629 3287 2848 3353 πλείους
2879 3291 3084 3346 τούτων
3128 3297 3501 3369 παρέδραμεν,
3535 3298 3609 3351 tua
3638 3297 3700 3366 μὴ

2152 3372 2246 3423 τὸν
2300 3371 2458 3442 λόγον
2493 3380 2889 3452 καταῤῥυπάνῃ
2949 3386 3062 3447 τοῖς
3089 3383 3346 3458 βεϐήλοις
3391 3390 3618 3458 ὀνόμασι,
3646 3390 3699 3455 τῇ

2152 3461 2251 3532 τῆς
2273 3463 2615 3536 ἀκαθαρσίας
2656 3470 2817 3538 μόνον
2849 3477 3041 3543 γενικῇ
3078 3479 3431 3550 προσηγορίᾳ
3468 3480 3583 3542 τοὺς
3619 3494 3700 3528 παι

2156 3553 2426 3623 ρανόμους
2458 3555 2778 3627 σύμπαντας
2811 3559 3100 3627 ὑποδείξας
3132 3565 3372 3635 γάμους,
3410 3566 3522 3621 ἀλλ’
3566 3568 3699 3638 ἡμεῖς

2151 3642 2431 3714 ὁρίζομεν,
2457 3646 2550 3699 τὸν
2576 3650 2641 3719 τῇ
2674 3650 2854 3723 οἰκεία
2878 3651 3145 3729 ἐξαδέλφῃ
3176 3659 3433 3729 γαμικῶς
3466 3656 3700 3711 συναπτό-

2152 3751 2337 3805 μενον,
2378 3737 2411 3808 ﬂ
2470 3738 2683 3810 πατέρα
2720 3742 2813 3794 καὶ
2863 3745 2999 3812 υἱὸν,
3053 3752 3227 3820 μητρὶ
3289 3752 3385 3804 καὶ
3419 3748 3698 3819 θυγατρξ,ἢ

2147 3825 2242 3881 δύο
2296 3828 2579 3897 ἀδελφαῖς,
2630 3834 2840 3905 πατέρα
2876 3837 2972 3890 καὶ
3026 3839 3160 3904 υίὸν,
3217 3841 3249 3911 ἦ
3292 3842 3550 3911 ἀδελφοὺς
3603 3840 3697 3903 (tio,

2146 3918 2299 3973 δυσὶν
2330 3921 2612 3991 ἀδελφαῖς,
2645 3925 2751 3978 ὑπὸ
2778 3927 2867 3979 τὸν
2901 3929 3000 3996 τῆς
3033 3930 3333 3999 ἑπταετίας
3373 3936 3581 3987 πίπτειν
3611 3948 3697 3983 κα-

2146 4013 2295 4077 νόνα,
2322 4016 2728 4086 ἀφισταμένους
2770 4019 3041 4089 πρότερον
3071 4022 3166 4075 τοῦ
3194 4025 3515 4093 παρανόμου
3545 4037 3695 4073 συνοι-

2144 4107 2350 4163 κεσίου.

529 4197 720 4253 Canon
779 4205 963 4250 autem
1022 4192 1090 4247 67
1127 4191 1314 4246 Basilii
1362 4190 1540 4262 Magni
1604 4192 1902 4259 hominem,
1945 4194 2038 4262 qui

452 4305 584 4345 cum
617 4302 807 4342 sorore
865 4301 964 4339 sua
1013 4299 1128 4338 rem
1182 4283 1462 4348 habuerit,
1500 4284 1555 4336 in
1606 4299 1780 4339 annos
1823 4285 2034 4354 viginti,

456 4382 602 4435 sicut
630 4388 684 4433 et
710 4377 1064 4437 homicidam,
1100 4389 1129 4428 a
1170 4376 1555 4430 communione
1591 4376 1788 4444 reiicit.

522 4471 661 4526 item
715 4469 782 4524 68
817 4483 1016 4531 canon,
1042 4468 1120 4520 .Si
1182 4469 1579 4537 deprehensum
1617 4468 1802 4531 fuerit,
1836 4468 2034 4538 inquit,

455 4562 869 4619 matrimonium
922 4561 1175 4616 contrahi
1230 4576 1296 4616 ex
1350 4562 1680 4633 cognatione
1735 4562 2031 4630 prohibita,

453 4671 631 4725 poenae
691 4654 1066 4708 adulterorum
1136 4653 1550 4722 irrogabuntur.
1612 4652 1745 4717 Quae
1809 4652 2032 4721 quidem

454 4759 603 4816 sunt,
639 4767 669 4804 a
697 4749 1088 4804 communione
1111 4748 1176 4803 ad
1201 4747 1517 4818 quindecim
1554 4761 1730 4801 annos
1762 4745 2028 4814 exclusit),

453 4840 805 4896 matrimonio
834 4840 984 4910 prius
1015 4840 1303 4910 dirempto.

518 4932 710 4986 Canon
747 4947 875 4987 vero
905 4931 969 4986 75
1000 4932 1073 4985 ait
1102 4946 1116 4982 :
1160 4931 1264 4997 Qui
1291 4945 1415 4985 cum
1459 4944 1651 4985 sorore
1681 4940 1804 4993 sua,
1837 4929 2027 4985 eodem

454 5034 582 5078 nata
648 5032 801 5094 patre
850 5024 934 5077 vel
984 5036 1177 5087 matre,
1238 5037 1360 5078 sese
1417 5023 1630 5092 polluit,
1666 5023 1831 5078 etiam
1872 5032 2027 5078 extra

444 5114 779 5183 precationis
833 5113 1003 5168 sedem
1062 5111 1391 5183 expellatur,
1459 5113 1663 5183 inquit,
1731 5115 1908 5168 donec
1956 5114 2024 5168 ab

2224 4198 2284 4253 Ὃ
2316 4198 2373 4251 δὲ
2396 4188 2489 4252 τού
2525 4200 2762 4269 μεγάλου
2796 4203 3079 4257 Βασιλείου
3125 4205 3287 4270 αὖθις
3332 4208 3411 4273 ξζν
3461 4207 3552 4277 τὴν
3572 4205 3697 4259 ἀδελ·

2143 4289 2403 4358 φομιξίαν
2429 4293 2509 4353 είς
2562 4292 2736 4347 εἴκοσι
2780 4295 3029 4365 χρόνους,
3059 4296 3133 4361 ὡς
3166 4300 3261 4352 καὶ
3291 4300 3383 4353 τόν
3413 4300 3582 4368 φόνον,
3615 4293 3696 4363 τῆς

2068 4385 2113 4441 D
2143 4382 2426 4443 κοινωνίας
2453 4383 2726 4439 ἐκϐάλλει.

2222 4472 2282 4524 '0
2316 4473 2371 4526 δὲ
2406 4474 2509 4543 ξηθ,
2555 4475 2619 4528 Ἠ
2650 4478 2750 4547 τῆς
2775 4480 3177 4554 ἀπειρημένης,
3216 4490 3375 4556 φησὶ,
3402 4484 3694 4554 συγγενείας

2138 4565 2278 4635 πρὸς
2306 4567 2492 4635 γάμον
2534 4567 2818 4637 σύστασις,
2853 4575 2902 4626 εί
2943 4575 3252 4648 φωραθείη,
3290 4580 3356 4632 τὰ
3382 4579 3487 4632 τῶν
3512 4578 3693 4647 μοιχῶν

2135 4658 2391 4727 ἐπιτίμια
2418 4659 2670 4725 δέξεται·
2705 4662 2850 4735 ἅπερ
2895 4667 3034 4719 εἰσιν
3066 4669 3098 4737 ἡ
3131 4670 3212 4732 είς
3246 4669 3310 4721 ιε’
3348 4672 3567 4742 χρόνους

2134 4748 2421 4811 κοινωνίας
2451 4750 2729 4821 στέρησις,
2782 4753 3051 4824 πρότερον
3094 4758 3190 4811 τοῦ
3243 4763 3428 4831 γάμου
3474 4763 3691 4813 διασπω-

2135 4840 2320 4908 μένου.

2216 4932 2275 4986 ’0
2309 4932 2365 4988 δὲ
2391 4940 2484 5002 σε’,
2527 4937 2590 4989 '0
2616 4936 2818 5010 ἀδελφῇ
2845 4939 2975 5011 ἰδίᾳ,
3004 4941 3068 4993 ὲκ
3105 4943 3336 5012 πατρὸς,
3381 4945 3413 5015 ἢ
3475 4942 3684 5013 μητρὸς.

2133 5024 2516 5093 συμμιανθεῖς,
2551 5028 2647 5081 καὶ
2676 5026 2770 5081 τοῦ
2808 5029 2957 5083 οἴκου
2997 5031 3098 5099 τῆς
3150 5036 3462 5105 προσευχῆς
3497 5030 3688 5098 ἐξωθεί-

2130 5115 2261 5181 σθω,
2295 5121 2481 5187 φησὶν,
2509 5119 2614 5183 ἓως
2650 5119 2717 5174 ἂν
2742 5122 2954 5194 ἀποστῇ
2984 5125 3081 5193 τῆς
3115 5125 3384 5195 ἀθεμίτου
3410 5128 3503 5179 καὶ
3533 5138 3687 5191 παρα-

443 5205 658 5259 incesto
680 5211 731 5257 et
755 5204 967 5258 nefario
992 5204 1285 5259 concubitu
1309 5204 1644 5259 discesserit.
1667 5205 1804 5259 Cum
1837 5214 2022 5260 autem

2158 5206 2293 5275 ὁμου
2338 5208 2559 5278 μίξεως.
2618 5209 3020 5284 Ἀποσχόμενος
3064 5214 3122 5268 δὲ
3176 5219 3271 5269 καὶ
3319 5218 3488 5285 ἀξίως
3540 5229 3685 5286 μετα-

438 5295 797 5358 abstinuerit,
826 5305 877 5350 et
905 5303 1049 5357 recte
1078 5294 1454 5364 paenitentiam
1479 5298 1690 5367 egerit,
1726 5296 2018 5353 duodecim

444 5386 605 5440 annis
637 5388 868 5449 exactis,
903 5385 1350 5440 communionem
1387 5403 1601 5443 sacram
1636 5389 1911 5457 impetret.

514 5477 704 5532 Canon
736 5476 827 5543 76,
898 5475 1124 5545 Eadem,
1167 5478 1370 5549 inquit,
1400 5482 1537 5535 ratio
1570 5481 1642 5535 sit
1674 5481 1836 5536 etiam
1870 5482 1923 5535 in
1951 5482 2018 5536 iis

442 5566 533 5637 qui
574 5582 745 5620 nurus
779 5583 906 5621 suas
936 5567 1146 5623 ducunt
1180 5586 1402 5625 uxores.

509 5656 695 5710 Canon
733 5655 801 5709 78
846 5672 857 5708 :
905 5656 1007 5720 Qui
1058 5659 1197 5713 duas
1242 5674 1461 5715 sorores
1504 5658 1559 5713 in
1598 5661 2011 5717 matrimonium

2125 5299 2347 5367 νοήσας,
2380 5302 2521 5370 μετά
2549 5301 2757 5356 δώδεκα
2795 5303 2890 5374 ἐτη
2926 5305 3024 5375 τῆς
3080 5306 3230 5370 Θείας
3284 5306 3553 5372 ἀξιούσθω
3584 5318 3683 5357 κοι-

2122 5389 2338 5452 νωνίας.

2206 5480 2264 5534 ’0
2286 5480 2340 5534 δὲ
2372 5490 2482 5552 og’,
2534 5486 2591 5539 '0
2644 5489 2805 5553 αὐτὸς
2841 5489 3002 5557 ἔστω,
3040 5493 3196 5562 φησι,
3226 5490 3402 5554 τύπος
3432 5492 3522 5543 καὶ
3568 5481 3681 5554 περὶ

2118 5572 2227 5625 τῶν
2249 5574 2347 5638 τὰς
2383 5575 2602 5647 νύμφας
2641 5582 2820 5635 αὐτῶν
2857 5583 3240 5655 λαμϐανόντων

2205 5665 2266 5715 '0
2298 5664 2354 5716 δὲ
2388 5664 2486 5736 or,“
2519 5668 2581 5720 Οἱ
2617 5668 2710 5724 δύο
2741 5672 2977 5742 ἀδελφὰς
3007 5676 3088 5739 εἰς
3114 5674 3457 5729 συνοικειτιον
3483 5665 3676 5739 λαμϐά-
