3992 6442
353 526 491 589 1169

1333 517 1749 580 SYNTAGMA
1784 476 2412 578 eLPIIABETlCUM.
2435 539 2504 550 -
2550 509 2606 575 Γ.

3468 500 3613 566 1170

350 653 553 699 νοντες,
598 634 647 688 εἰ
702 635 797 689 καὶ
835 634 977 689 κατὰ
1040 633 1338 703 διαφόρους
1367 634 1617 703 χρόνους,
1678 630 1817 702 μετά
1865 628 1919 683 τὸ

2033 625 2329 694 accipiunt,
2376 626 2506 681 licet
2536 621 2769 679 diversis
2804 618 3165 690 temporibus,
3206 624 3498 686 postquam
3527 613 3618 666 dt-

349 727 762 796 διασπασθῆναι
795 729 886 781 τὸν
915 726 1174 796 ἀθέμιτον
1216 727 1416 795 γάμον,
1444 725 1521 795 τῷ
1546 725 1645 795 τῆς
1678 720 1930 795 μοιχείας

353 823 672 877 ὑπόκεινται
703 823 958 892 κρίματι.

434 916 494 967 ’0
515 915 570 967 δὲ
596 914 692 967 οθ¹⁹
726 916 836 967 Καὶ
862 916 911 968 οἱ
937 918 1058 977 ταῖς
1090 915 1382 985 μητρυιαῖς
1428 912 1610 968 αὐτῶν
1642 909 1933 978 ὲπιμαινό-

356 1024 508 1077 μενοι
551 1006 628 1076 τῷ
659 1007 845 1061 κανόνι
886 1007 1231 1073 ὑπόκεινται,
1278 999 1322 1074 ᾧ
1348 1005 1444 1059 καὶ
1484 1005 1533 1057 οί
1559 1004 1679 1066 ταῖς
1722 1000 1931 1054 ὲαυτῶν

350 1100 612 1166 ἀδελφαῖς
644 1101 1128 1170 συμμιαινόμενοι.

436 1189 497 1241 '0
524 1189 578 1242 δὲ
606 1190 704 1258 τῆς
752 1191 811 1242 ὲν
840 1187 1246 1259 Νεοκαισαρείᾳ
1280 1187 1504 1241 συνόδου
1557 1185 1601 1256 β’
1632 1184 1731 1255 τὴν
1778 1181 1932 1237 δυσὶν

348 1281 597 1349 ἀδελφοῖς
630 1280 960 1348 γημαμένην
985 1278 1305 1343 ἐξωθεῖσθαι
1349 1277 1452 1347 τῆς
1504 1275 1805 1346 ἐκκλησίας
1824 1273 1931 1337 ἕως

351 1376 586 1427 θανάτου
618 1371 851 1437 κελεύει,
886 1371 961 1441 μὴ
1015 1371 1351 1441 πειθομένην
1401 1370 1564 1423 λῦσαι
1609 1367 1812 1438 δηλαδὴ
1836 1368 1930 1420 τὸν

350 1468 568 1535 γάμον·
629 1467 770 1537 νόσῳ
814 1466 872 1519 δὲ
924 1464 1333 1536 περιπεσοῦσαν
1364 1465 1456 1517 τὸν
1513 1463 1742 1517 θάνατον
1773 1463 1931 1515 ἀπει-

348 1560 538 1631 λούσῃ,
573 1560 621 1612 εί
671 1558 1091 1627 ἐπαγγέλλεται,
1136 1558 1210 1621 ὡς
1242 1558 1479 1628 ραῖσασα
1511 1557 1666 1610 λύσει
1711 1555 1803 1607 τὸν
1832 1554 1932 1623 γά-

352 1669 476 1720 μον,
543 1651 941 1720 προσδέχεσθαι
1003 1652 1083 1714 εἰς
1127 1651 1437 1720 μετάνοιαν.
1495 1650 1557 1703 Εἰ
1606 1649 1663 1702 δὲ
1703 1649 1801 1702 καὶ
1832 1645 1930 1716 τὴν

350 1746 586 1810 γυναῖκα
625 1741 950 1810 τελευτῆσαι
989 1742 1256 1813 συμϐαίη,
1290 1741 1323 1812 ἢ
1374 1740 1588 1794 καὶτὸν
1624 1739 1817 1809 ἄνδρα,
1850 1737 1929 1790 ἔτι

347 1838 413 1904 τῇ
466 1833 694 1907 τοιαύτῃ
753 1834 1071 1905 παρανομίᾳ
1120 1833 1545 1904 ὲνεσχημένους,
1597 1830 1865 1902 δυσχερὴς
1895 1831 1929 1900 ἡ

354 1926 615 1993 μετάνοια
648 1923 725 1990 τῷ
765 1924 1207 1993 περιλειφθέντι·
1241 1923 1528 1993 ἐλέγχεται
1569 1923 1677 1993 γὰρ
1714 1919 1791 1985 ὡς
1828 1921 1930 1974 οὐκ

348 2017 415 2069 ἂν
453 2017 665 2083 ἀπέστη
697 2017 795 2085 τῆς
828 2016 1129 2086 ἁμαρτίας.
1164 2017 1212 2068 εἰ
1261 2016 1341 2068 ἔτι
1373 2015 1572 2087 περιῆν
1608 2014 1672 2068 τὺ
1700 2015 1929 2085 ἀποιχὸο

352 2123 515 2176 μενον
550 2109 868 2177 πρόσωπον.

435 2284 495 2336 '0
539 2283 597 2337 δὲ
625 2287 725 2354 τῆς
756 2285 815 2338 ἐν
848 2284 1095 2356 ’Δγκύρᾳ
1126 2292 1204 2340 κε’
1245 2285 1433 2351 ίδικῶς
1471 2286 1601 2358 περί
1656 2300 1801 2350 τινος
1839 2287 1932 2339 ὲκ-

348 2376 690 2447 πεφώνηται,
715 2377 774 2440 ὃς
807 2378 976 2449 κόρην
1011 2377 1111 2447 μέν
1150 2396 1273 2433 τινα
1302 2378 1729 2449 ἐμνηστεύσατο,
1765 2380 1832 2449 τῇ
1874 2377 1929 2430 δὲ

347 2471 556 2539 ταύτης
610 2468 812 2539 ἀδελφῇ
874 2469 1219 2541 συμφθαρεὶς
1280 2468 1560 2540 ἐγκύμονα
1629 2468 1926 2539 πεποίηκε.

349 2563 505 2617 Μετὰ
532 2562 587 2614 δὲ
611 2561 770 2614 τοῦτο
789 2561 1069 2629 γήμαντος
1101 2560 1265 2614 αὐτοῦ
1294 2562 1395 2631 τὴν
1429 2560 1698 2632 μνηστὴν,
1726 2563 1760 2631 ἡ
1794 2559 1932 2629 φθα-

349 2660 508 2725 ρεῖσα
534 2656 641 2709 ὑπὸ
687 2657 789 2724 τῆς
830 2655 1006 2724 λύπης
1053 2655 1360 2726 ἀπήγξατο.
1390 2656 1530 2721 Τοὺς
1559 2654 1651 2711 οὗν
1685 2655 1928 2711 συνειδό-

345 2766 447 2812 τας
493 2748 835 2818 ἐψηφίσαντο
881 2749 929 2800 οἱ
966 2749 1210 2818 Πατέρες
1260 2751 1354 2804 ἐπὶ
1389 2749 1522 2803 δέκα
1552 2750 1647 2821 ἔτη
1704 2750 1780 2822 μὴ
1810 2768 1928 2804 κοι-

348 2842 611 2910 νωνῆσαι.
671 2841 985 2901 Συνειδότες
1016 2839 1074 2894 δέ
1108 2841 1216 2894 είσι
1266 2842 1315 2894 οἱ
1366 2843 1810 2913 συμπράξαντες,
1866 2842 1926 2897 οὐ

349 2933 458 3004 μὴν
484 2936 532 2986 οί
562 2933 777 3002 ἔχοντες
808 2933 995 2997 ἁπλῶς
1028 2933 1239 3004 εἴδησιν
1286 2935 1383 2988 καὶ
1430 2935 1676 2989 κωλῦσαι
1736 2935 1811 3006 μὴ
1840 2936 1931 3001 δυτ

343 3025 569 3094 νάμενοι
595 3041 609 3056 ·
644 3024 742 3076 ἐπὶ
766 3024 877 3093 γάρ
914 3024 1022 3078 τῶν
1054 3024 1332 3093 ἀθεμίτων
1363 3026 1615 3096 πράξεων
1639 3027 1740 3098 οὐχ
1765 3024 1929 3099 ἧττον

343 3115 394 3167 ot
435 3113 823 3186 συνεργοῦντες
853 3115 963 3168 τῶν
996 3115 1063 3168 αὑ
1076 3116 1324 3187 τουργῶν
1353 3118 1746 3189 τιμωροῦνται.

1062 3257 1267 3330 Νόμοι.

2041 725 2269 787 tempta:
2330 716 2532 773 fuerint
2586 716 2812 773 incestae
2860 711 3089 782 nuptiae,
3129 708 3386 766 adulterii
3410 705 3619 777 judicio

2041 816 2319 864 tenentur.

2110 899 2297 953 Canon
2330 899 2399 955 79
2433 918 2446 954 :
2476 899 2652 954 Etiam
2688 899 2747 966 ii,
2780 898 2876 970 qui
2907 910 3031 952 cum
3063 891 3316 949 novercis
3351 892 3468 946 suis
3499 905 3621 946 sese

2038 990 2313 1058 polluuut,
2348 1006 2562 1046 canone
2596 999 2854 1044 tenemur
2883 988 3099 1049 eodem,
3142 997 3254 1055 quo
3289 991 3345 1039 et
3390 981 3490 1048 illi,
3525 980 3620 1051 qui

2039 1097 2164 1137 eum
2194 1083 2311 1137 suis
2339 1099 2462 1139 sese
2489 1082 2777 1138 sororibus
2809 1081 3119 1150 inquinant.

2107 1176 2219 1247 69
2237 1177 2472 1233 Concilii
2491 1191 2619 1233 vero
2634 1171 3095 1231 Neocresariens’is
3115 1186 3293 1227 canon
3346 1168 3621 1225 secundus

2039 1271 2325 1324 mulierem
2358 1285 2482 1325 cum
2528 1268 2746 1323 duobus
2771 1275 2997 1338 nuptam
3038 1265 3301 1319 fratribus
3342 1277 3518 1333 usque
3551 1261 3620 1315 ad

2039 1373 2270 1416 mortem
2324 1362 2521 1433 expelli
2570 1359 2803 1415 ecclesia
2835 1358 3014 1435 jubet,
3064 1358 3109 1411 si
3159 1371 3351 1427 parere
3409 1353 3621 1408 scilicet

2040 1453 2177 1507 nolit
2210 1453 2263 1506 in
2293 1452 2601 1508 dirimendo
2634 1451 3009 1505 matrimonio.
3044 1448 3100 1505 Si
3149 1460 3328 1502 tamen
3362 1447 3413 1499 in
3465 1459 3622 1498 mor-

2008 1545 2166 1599 ,bum
2202 1544 2477 1610 inciderit,
2513 1542 2612 1613 qui
2642 1548 2876 1597 mortem
2912 1540 3220 1604 minitetur,
3259 1553 3324 1592 ac
3357 1537 3643 1606 pollicea-_

2039 1643 2125 1688 tur
2149 1650 2226 1696 se,
2252 1642 2539 1704 postquam
2562 1632 2920 1695 convaluerit,
2949 1629 3165 1699 nuptias
3194 1629 3616 1695 dircmpturam,

2038 1725 2432 1780 admittendam
2481 1739 2605 1780 esse
2666 1723 2735 1779 ad
2790 1721 3192 1793 paenitentiam.
3259 1719 3416 1785 Quod
3452 1719 3497 1773 si
3535 1720 3619 1771 vel

2040 1817 2348 1884 mulierem,
2382 1817 2466 1871 vel
2492 1817 2690 1880 virum,
2718 1798 2872 1870 obire
2890 1822 3120 1867 mortem
3150 1810 3456 1881 contingat,
3487 1810 3617 1863 dum

2038 1911 2218 1963 adhuc
2243 1909 2337 1963 tali
2371 1906 2616 1962 facinore
2640 1915 2769 1961 sunt
2801 1904 3062 1975 implicati
3093 1942 3107 1967 ,
3149 1901 3385 1957 diflieilis
3441 1901 3619 1970 praui-

2035 2002 2199 2059 tentia
2272 2001 2548 2071 superstiti
2626 2013 2871 2069 persouae
2927 1996 3276 2065 relinquitur.
3352 1992 3617 2063 Arguitur

2032 2091 2202 2155 enim,
2238 2091 2381 2161 quod
2414 2105 2442 2143 a
2468 2098 2693 2159 peccato
2724 2087 3034 2142 discessura
3064 2101 3173 2139 non
3224 2082 3407 2145 fuerit,
3438 2081 3483 2135 si
3520 2081 3619 2134 ad-

2034 2186 2143 2240 huc
2176 2193 2461 2254 superstes
2492 2192 2643 2238 esset
2676 2195 2906 2249 persona
2938 2179 3219 2235 defuncta.

2101 2276 2291 2332 Canon
2338 2284 2519 2331 autem
2567 2274 2640 2328 25
2694 2274 2895 2344 Ancyr.
2930 2287 3049 2344 syn.
3085 2272 3152 2326 de
3185 2270 3420 2341 qundam
3452 2283 3619 2340 pecu-

2032 2364 2242 2419 liariter
2272 2373 2353 2418 est
2388 2364 2799 2434 pronuntiatus,
2854 2362 2948 2433 qui
3008 2362 3248 2432 puellam
3282 2361 3385 2416 sibi
3416 2344 3616 2427 quatu-

2030 2456 2155 2512 dam
2185 2456 2572 2524 desponderat,
2606 2461 2661 2508 et
2692 2469 2750 2508 re
2781 2464 2969 2523 postea
2999 2468 3125 2507 cum
3152 2453 3273 2521 ejus
3303 2468 3491 2507 sorore
3519 2452 3616 2505 ha-

2031 2549 2166 2611 bita,
2196 2554 2566 2618 praegnantem
2603 2544 2743 2599 hanc
2774 2543 3002 2599 fecerat.
3053 2542 3261 2597 Deinde
3317 2542 3607 2597 celebratis

2031 2655 2155 2694 cum
2189 2653 2393 2708 sponsa
2444 2636 2679 2707 nuptiis,
2723 2642 2973 2705 stuprata
3005 2649 3161 2688 soror
3216 2633 3383 2687 animi
3419 2633 3612 2688 dolore

2032 2741 2176 2787 mota
2214 2733 2414 2801 laqueo
2442 2731 2609 2783 vitam
2644 2728 2878 2784 finierat.
2910 2727 3105 2797 Itaque
3137 2727 3393 2782 conscios
3433 2727 3486 2779 in
3520 2741 3613 2779 an-

2030 2839 2132 2879 nos
2186 2824 2373 2879 decem
2429 2823 2697 2879 arcendos
2751 2836 2780 2876 a
2830 2821 3219 2875 communione
3275 2818 3465 2875 Patres
3498 2830 3610 2876 sta-

2031 2923 2278 2971 tuerunt.
2336 2914 2560 2970 Conscii
2610 2929 2740 2969 vero
2770 2923 2900 2969 sunt
2949 2913 3216 2967 facinoris
3274 2912 3602 2983 participes,

2034 3025 2139 3064 non
2175 3008 2269 3079 qui
2303 3008 2626 3079 simpliciter
2662 3005 2743 3062 rei
2782 3005 3034 3062 notitiam
3069 3005 3369 3071 habebant,
3398 3013 3450 3059 et
3481 3020 3611 3074 pro—

2035 3102 2224 3157 bibere
2254 3117 2363 3157 non
2411 3109 2683 3172 poterant.
2732 3098 2869 3156 Nam
2924 3099 2978 3153 in
3037 3097 3262 3154 nefariis
3295 3098 3610 3153 actionibus

2034 3207 2142 3246 non
2174 3193 2358 3247 minus
2392 3192 2470 3247 illi
2502 3193 2596 3264 qui
2630 3191 2836 3248 factum
2867 3191 3151 3262 adjuvant,
3173 3206 3339 3262 quam
3364 3191 3458 3262 qui
3487 3190 3608 3261 ejus

2034 3293 2290 3340 auctores
2313 3293 2461 3349 sunt,
2495 3283 2819 3355 puniuntur.

425 3372 482 3426 '0
503 3372 557 3426 δὲ
592 3380 660 3429 ια’
694 3373 786 3429 τοῦ
835 3374 1107 3444 Τιμοθέου
1136 3376 1550 3449 Ἀλεξανδρείας
1610 3397 1740 3444 τους
1785 3380 1919 3450 κλη-

2097 3376 2289 3431 Canon
2328 3390 2457 3431 vero
2497 3349 2563 3431 il
2630 3375 2902 3431 Timothei
2944 3376 3303 3432 Alexandrini
3357 3376 3603 3446 episcopi

342 3464 530 3531 ρικοὺς
567 3464 781 3518 κελεύει
825 3465 900 3536 μὴ
926 3466 1147 3520 ἀπιέναι
1193 3468 1562 3537 καλουμένους
1599 3469 1679 3531 εἰς
1718 3469 1920 3540 γάμον,

338 3560 388 3609 εί
418 3558 674 3612 πύθοιντο
703 3556 842 3613 εἶναι
871 3560 1213 3631 παράνομον,
1238 3562 1403 3631 εὐχῆς
1427 3562 1588 3631 χάριν
1622 3565 1716 3615 καὶ
1747 3580 1921 3635 προσ·

340 3653 514 3718 φορᾶς
539 3667 552 3680 ·
595 3650 792 3703 πολλοῦ
833 3668 896 3721 γε
957 3652 1040 3705 δεῖ
1100 3652 1220 3722 μεθ’
1255 3652 1554 3722 ίερολογίας
1619 3653 1918 3722 συζευγνύ-

338 3759 425 3795 ναι
460 3744 585 3806 τοὺς
634 3743 774 3796 οὕτω
806 3744 987 3814 γῆμαι
1041 3746 1469 3816 προελομένους,
1509 3747 1595 3800 ἵνα
1639 3747 1713 3818 μὴ
1758 3746 1918 3801 ἀλλο-

337 3837 517 3906 τρίαις
546 3839 956 3908 κοινωνήσωσιν
991 3838 1313 3911 ἁμαρτίαις.
1344 3840 1508 3911 Ζήτει
1536 3843 1632 3896 καὶ
1663 3844 1721 3894 ὲν
1750 3839 1828 3912 τῷ
1854 3847 1915 3897 ιε’

340 3945 479 3992 κεφ.
546 3928 641 3982 τοῦ
709 3931 978 4000 παρόντος
1015 3932 1308 4003 στοιχείου,
1371 3932 1623 4004 περὶτοῦ
1670 3938 1920 4007 συμφθα-

340 4022 527 4091 ρέντος
554 4026 620 4094 τῇ
649 4022 754 4095 ἰδίᾳ
783 4024 1042 4096 πενθερᾷ.

1101 4154 1310 4226 Νόμοι.

418 4291 476 4342 '0
510 4289 768 4360 ἀθέμιτος
797 4290 858 4344 ού
890 4290 1208 4361 βεϐαιοῦται
1239 4293 1419 4365 γάμος
1440 4311 1454 4328 ’
1491 4295 1581 4351 διὰ
1612 4297 1794 4367 τοῦτο,
1818 4301 1915 4357 ἐὰν

336 4387 442 4456 πρὸ
477 4387 812 4459 κατηγορίας
837 4386 994 4459 λυθῇ,
1030 4393 1400 4461 συγχωρείται
1430 4394 1463 4463 ἡ
1500 4396 1697 4465 ποινή.

417 4559 540 4614 Ἐπὶ
587 4560 680 4615 τοῦ
717 4563 773 4615 ἐν
806 4564 999 4636 ἀγνοίᾳ
1040 4568 1338 4635 γενομένου
1385 4569 1647 4641 ἀθεμίτου
1702 4576 1909 4645 γάμου,

2006 3469 2294 3538 praecipit,
2326 3479 2388 3524 ut
2413 3468 2624 3536 clerici,
2660 3484 2831 3539 quum
2865 3469 3191 3535 invitantur,
3234 3470 3462 3523 minime
3494 3485 3603 3522 nu-

2024 3563 2165 3631 ptias
2202 3564 2424 3629 adeant,
2453 3562 2499 3617 si
2534 3562 2774 3618 nefarias
2801 3578 2924 3619 esse
2967 3572 3324 3634 cognoscant,
3372 3578 3599 3633 precum

2020 3666 2073 3708 et
2100 3653 2395 3708 oblationis
2456 3670 2649 3711 causa.
2698 3653 2935 3709 Tantum
2995 3657 3172 3719 abest,
3217 3665 3274 3711 ut
3338 3655 3479 3711 votis
3513 3670 3602 3709 sa-

2021 3746 2133 3801 cris
2171 3745 2665 3803 intervenientibus
2705 3762 2800 3803 eos
2831 3748 3170 3818 conjungere
3201 3746 3460 3812 debeant,
3506 3745 3600 3814 qui

2021 3838 2243 3908 nuptias
2280 3838 2601 3908 hujusmodi
2648 3842 2976 3895 contrahere
3010 3839 3235 3907 volunt,
3266 3854 3333 3894 ne
3374 3840 3601 3908 partici-

2021 3947 2117 4003 pes
2148 3931 2380 3986 aliorum
2410 3941 2762 4002 peccatorum
2803 3932 2955 3988 ﬁant.
2988 3932 3215 4000 Quaems
3241 3933 3412 3987 etiam
3446 3931 3501 3985 in
3531 3931 3598 3985 15

2018 4040 2141 4093 cap.
2189 4026 2270 4079 lit.
2318 4026 2606 4095 praesentis
2655 4028 2723 4083 de
2752 4042 2817 4081 eo
2848 4029 2941 4099 qui
2988 4042 3114 4081 cum
3167 4029 3384 4096 propria
3435 4040 3598 4082 socru

2020 4116 2411 4173 commercium
2453 4116 2662 4173 habuit.

2709 4209 2895 4285 Leges.

2089 4302 2361 4360 lnccstum
2426 4304 2838 4360 matrimonium
2883 4319 2989 4360 non
3030 4306 3417 4361 confirmatur.
3437 4305 3597 4362 [deo-

2019 4412 2125 4466 que
2148 4397 2192 4451 si
2218 4406 2345 4452 aute
2372 4397 2784 4453 accusationem
2817 4397 3062 4454 solutum
3091 4399 3191 4465 sit,
3220 4415 3383 4472 poena
3415 4400 3599 4456 remit-

2021 4491 2169 4546 titur.
2907 4472 2915 4479 I

2088 4581 2145 4638 lu
2179 4584 2385 4654 nuptiis
2424 4584 2655 4641 incestis
2698 4602 2794 4657 per
2852 4587 3215 4658 ignorantiam
3273 4591 3590 4655 contractis,

331 4653 515 4705 δίδωσι
537 4653 872 4727 συγγνώμην
898 4660 1043 4729 καὶὴ
1069 4658 1385 4729 Ἐκκλησία,
1419 4666 1511 4720 καὶ
1539 4666 1570 4722 ἠ
1599 4667 1910 4741 ἐπανόρθω-

2033 4680 2228 4735 veniam
2265 4681 2357 4734 dat
2394 4688 2502 4736 tam
2544 4680 2814 4744 Ecclesia,
2851 4696 3013 4746 quam
3051 4683 3257 4750 peccati
3285 4682 3594 4744 correctio,

333 4761 418 4806 σις
456 4747 548 4798 τοῦ
594 4748 812 4818 ἁμαρτῆ
823 4766 993 4817 ματος

330 4838 495 4892 αὑτοῦ
529 4840 933 4911 κατηγόρησεν.

401 4931 465 4983 Οἱ
508 4930 860 5000 αἱμομίκται,
915 4933 1026 4987 εἴτε
1061 4939 1242 5004 γονεῖς
1268 4939 1407 5011 πρὸς
1446 4942 1638 5011 τέκνα,
1675 4945 1706 5018 ἢ
1743 4947 1906 5003 τέκνα

330 5021 464 5090 πρὸς
494 5025 695 5089 γονεῖς,
729 5023 762 5092 ἢ
811 5024 1031 5095 ἀδελφοὶ
1070 5028 1209 5096 πρὸς
1264 5031 1524 5101 ἀδελφάς,
1551 5036 1697 5104 ξίφει
1730 5057 1905 5111 τιμω-

330 5112 653 5183 ρείσθωσαν.
685 5116 747 5168 Οἱ
777 5115 832 5168 δὲ
862 5118 980 5171 κατ’
1014 5118 1183 5187 ἀλλην
1213 5124 1542 5192 συγγένειαν
1565 5129 1703 5199 πρὸς
1741 5132 1905 5203 ἀλλή-

326 5206 449 5269 λους
484 5204 971 5280 συμφθειρόμένοι,
1004 5215 1273 5283 τουτέστι,
1307 5219 1488 5290 πατὴρ
1535 5223 1616 5286 εἰς
1667 5230 1904 5293 γυναῖκα

327 5296 464 5360 υἱοῦ,
498 5297 531 5368 ἢ
563 5300 679 5363 υίὸς
704 5303 805 5365 -είς
836 5306 1069 5371 γυναῖκα
1108 5309 1337 5379 πατρὸς,
1382 5311 1552 5381 ἤγουν
1604 5319 1900 5387 μητρυιάν,

325 5388 357 5457 ἢ
397 5392 648 5463 πατρῳὸς
687 5393 769 5457 είς
826 5397 1192 5471 προγόνην,ἢ
1246 5401 1476 5472 ἁδελφὸς
1527 5407 1606 5471 εὶς
1667 5410 1899 5480 ἀδελφοῦ

324 5484 579 5547 γυναῖκα,
637 5484 670 5555 ἢ
704 5485 847 5550 θεῖος
876 5488 958 5552 είς
1000 5491 1247 5561 ἀνεψιὰν,
1298 5495 1330 5567 ἥ
1362 5496 1584 5567 ἀνεψιδς
1610 5502 1689 5563 εἰς
1726 5501 1898 5572 θείαν,

320 5572 352 5642 ἢ
386 5574 467 5664 είς
498 5573 593 5628 δύο
619 5576 879 5647 ἀδελφὰς,
909 5579 941 5652 ἢ
981 5583 1061 5647 είς
1104 5585 1323 5656 μητέρα
1355 5586 1514 5659 ξένην
1555 5593 1648 5645 καὶ
1674 5593 1770 5664 τὴν
1797 5599 1899 5649 αὐ-

317 5667 416 5733 τῆς
446 5663 747 5738 θυγατέρα,
779 5671 872 5724 καὶ
900 5673 958 5724 ἐν
1001 5675 1209 5744 είδὴσει
1243 5671 1390 5733 οὗτοι
1425 5663 1771 5754 μιγνύμενοι,
1802 5705 1899 5742 τυ-

286 5757 577 5829 ,πτόμενοι
611 5763 1132 5833 ῥινοκοπυίτθωσαν,
1181 5769 1336 5825 αὐτοί
1384 5790 1442 5826 τε
1474 5777 1569 5829 καὶ
1601 5775 1691 5841 αἷς
1741 5798 1896 5835 συνε-

318 5848 625 5921 φθάρησαν.

389 5942 455 5996 Οἱ
493 5946 627 6018 πρὸς
658 5949 836 6022 γάμον
869 5955 1289 6025 συναπτόμενοι,
1323 5957 1354 6029 ἢ
1388 5958 1564 6025 ἄλλως
1612 5966 1892 6032 σαρκικῶς

1070 4753 1166 4805 καὶ
1214 4752 1453 4821 μάλιστα
1498 4758 1546 4809 εί
1591 4760 1776 4827 μήπου
1823 4779 1909 4827 τις

2017 4771 2351 4841 praesertim,
2381 4771 2425 4826 si
2467 4770 2702 4826 necdum
2737 4773 2865 4841 quis
2895 4788 2988 4828 eas
3023 4774 3326 4828 accusavit.

2080 4944 2182 5010 Qui
2217 4960 2275 5000 se
2319 4945 2541 5015 proprio
2574 4945 2824 5013 sanguini
2868 4945 3129 5014 miscent,
3174 4948 3290 5002 sive
3338 4958 3593 5017 parentes

2011 5051 2131 5092 cum
2165 5036 2379 5103 liberis,
2411 5038 2525 5092 sive
2557 5038 2715 5091 liberi
2749 5052 2872 5091 cum
2910 5040 3252 5107 parentibus,
3284 5042 3366 5094 vel
3395 5040 3591 5096 fratres

2009 5144 2131 5186 cum
2161 5130 2465 5192 sororibus,
2493 5128 2674 5200 gladio
2700 5130 3023 5199 puniantur.
3050 5130 3153 5196 Qui
3177 5142 3360 5188 autem
3393 5152 3455 5190 ex
3482 5126 3590 5192 alio

2008 5223 2352 5290 cognationis
2389 5222 2561 5292 gradu
2584 5222 2819 5279 invicem
2857 5225 2961 5281 sibi
2993 5235 3243 5296 stuprum
3279 5231 3585 5296 intulerint,

2006 5315 2171 5371 veluti
2192 5327 2344 5385 pater
2367 5317 2553 5382 nurui,
2578 5316 2664 5372 vel
2683 5317 2828 5375 filius
2851 5321 3006 5376 uxori
3026 5324 3219 5391 patris,
3244 5323 3350 5380 hoc
3368 5336 3469 5389 est,
3491 5342 3590 5380 no-

2005 5422 2200 5473 vercae,
2227 5408 2311 5463 vel
2337 5410 2869 5481 vitricusjprivignae,
2886 5414 2965 5469 vel
2994 5414 3160 5470 frater
3185 5419 3343 5470 uxori
3370 5418 3583 5484 fratris,

2005 5498 2089 5555 vel
2138 5508 2369 5568 patruus
2406 5510 2501 5555 aut
2538 5484 2847 5558 avunculus
2876 5502 2997 5559 filiae
3028 5504 3214 5560 fratris
3245 5506 3328 5559 vel
3353 5509 3582 5576 sororis,
3621 5576 3625 5581 γ

2002 5593 2085 5647 vel
2112 5592 2257 5647 filius
2281 5592 2467 5649 fratris
2491 5597 2808 5652 autsororis
2828 5598 3113 5667 amitaﬁvel
3142 5607 3469 5666 materterte,
3497 5603 3581 5656 vel

1999 5685 2092 5755 qui
2127 5684 2340 5741 duabus
2370 5689 2815 5759 sororibus,7aut
2870 5691 3030 5759 matri
3066 5700 3305 5747 externa:
3334 5708 3399 5747 ac
3428 5695 3576 5750 illius

1998 5778 2124 5833 filia:
2155 5777 2336 5833 sciens
2358 5780 2431 5831 ita
2466 5794 2527 5834 se
2553 5781 2776 5843 miscet;
2808 5783 2890 5838 his
2924 5784 3109 5849 simul,
3138 5794 3191 5837 et
3226 5786 3574 5852 mulieribus,

1997 5887 2136 5942 quas
2165 5882 2504 5940 stupraruul,
2526 5874 2845 5928 ‘verberatis
2890 5891 3049 5931 nares
3083 5879 3497 5934 abscindantur.

2069 5968 2171 6034 Qui
2208 5968 2556 6023 matrimonio
2613 5954 3037 6041 conjunguntur,
3101 5975 3183 6027 vel
3230 5978 3384 6029 aliter
3419 5991 3572 6030 com-
