3992 6436
319 450 463 518 11ῒ3

1307 460 1716 522 5ΥΝΤΑ6ΜΑ
1763 455 2390 519 ALPHABETICUM.
2433 483 2500 498 -
2539 450 2597 519 Γ.

3426 441 3577 513 ῙΠῐι

314 567 575 637 αισχῦναι
635 568 735 639 τὴν
776 571 1115 642 χειροτονίαν
1173 573 1598 644 προσομιλοῦσαι
1631 574 1817 649 γάμῳ,
1854 572 1888 644 ἧ

1999 572 2392 627 ordinationem
2434 570 2818 633 dehonestare,
2879 566 2964 623 vel
3018 565 3453 630 matrimonium,
3481 569 3565 621 vel

312 660 454 732 ἄλλῃ
494 661 607 729 βίον
636 663 884 731 πορνείᾳ,
920 663 1156 718 θανάτου
1190 666 1511 737 γενήσονται
1553 666 1751 736 ἔνοχοι,
1795 668 1889 720 καὶ

311 750 430 810 τοῖς
460 747 642 801 αὐτῶν
671 753 1108 824 μοναστηρίοιςῆ
1149 758 1268 817 ταῖς
1315 756 1497 810 αὐτῶν
1570 756 1891 826 ἐκκλησίαις

314 837 373 889 al
399 838 578 889 αὐτῶν
610 841 918 908 περιουσίαι
965 844 1541 915 προσκυρωθήσονται.
1592 847 1653 897 Οἱ
1699 844 1755 896 δὲ
1785 846 1890 913 γῆ-

314 945 419 996 μαι
481 929 574 980 καὶ
626 931 842 1000 φθεῖραι
905 933 1077 995 αὐτὰς
1139 935 1511 1004 τολμήσαντες
1596 933 1891 990 ὑπεύθυνοί

314 1023 423 1069 εἰσι
452 1016 617 1088 ξίφει,
650 1023 745 1074 καὶ
784 1022 882 1092 τὴν
932 1023 1120 1077 οὐσίαν
1175 1025 1354 1081 αὐτῶν
1387 1027 1446 1080 τὸ
1495 1027 1758 1098 δημόσιον
1790 1026 1889 1096 λή-

312 1107 499 1177 ψεται.

490 1200 626 1270 Περὶ
659 1203 963 1272 γυναικῶν
990 1207 1290 1262 διακόνων
1332 1210 1429 1265 καί
1461 1213 1683 1281 χηρῶν,

389 1292 620 1361 Ἕτερον
664 1294 710 1347 δ’
742 1289 810 1366 ἦν
863 1312 995 1349 ποτε
1048 1298 1108 1350 τὸ
1139 1298 1251 1352 τῶν
1301 1301 1565 1356 διακόνων
1618 1291 1891 1373 γυναικῶν

313 1383 523 1451 τάγμα,
557 1384 651 1435 καὶ
691 1384 878 1454 ἕτερον
916 1387 975 1440 τὶ
1003 1387 1112 1441 τῶν
1142 1389 1362 1461 χηρῶνο
1397 1393 1498 1457 τὰς
1558 1394 1656 1464 μὲν
1696 1394 1802 1466 γὰρ
1832 1395 1892 1448 τδ

313 1473 413 1541 τῆς
447 1473 744 1542 παρθενίας
781 1476 1047 1546 ἐλομένας
1077 1481 1294 1548 σεμνὸν,
1341 1483 1432 1536 καὶ
1470 1485 1664 1555 πεῖραν
1703 1484 1800 1554 τῆς
1833 1486 1891 1538 ἐν

313 1565 507 1634 ἁγνείᾳ
538 1565 684 1635 ζωῆς
722 1567 781 1619 ἐν
822 1569 899 1636 τῷ
932 1575 1361 1644 τεσσαρακοστῷ
1390 1575 1569 1645 χρόνῳ
1610 1594 1893 1648 παρασχο-

317 1657 509 1724 μένας,
541 1656 822 1722 διακόνους
863 1660 912 1713 ei
947 1663 1184 1734 Πατέρες
1231 1666 1621 1736 ἐχειροτόνουν.
1663 1669 1736 1720 Τὸ
1783 1670 1892 1738 γὰρ

313 1746 725 1819 εὐεξαπάτητον
781 1752 960 1807 αὐτῶν
1009 1757 1108 1809 καὶ
1171 1756 1307 1826 πρὸς
1357 1757 1556 1813 κακίαν
1615 1759 1892 1813 εὐόλισθον

314 1840 686 1910 ὑφορώμενοι,
719 1845 798 1906 είς
826 1845 984 1898 τοῦτο
1012 1846 1108 1900 τοῦ
1141 1849 1331 1919 χρόνου
1359 1852 1690 1920 χειροτονεῖν
1720 1851 1890 1915 αὐτὰς

1991 664 2138 719 aliud
2189 665 2290 717 iter
2318 663 2440 717 vitae
2491 664 2774 724 sectando,
2808 663 3005 715 mortis
3045 674 3151 714 rete
3192 659 3343 726 fient,
3371 672 3426 713 et
3448 675 3569 713 mo-

1992 755 2249 810 nasteriis
2314 770 2544 816 earum,
2602 753 2685 806 vel
2716 767 2904 806 earum
2952 750 3226 818 ecclesiis,
3272 749 3563 805 facultates

1993 852 2335 907 addieentur.
2385 851 2489 918 Qui
2536 858 2716 905 autem
2772 851 2919 921 ipsas
2979 864 3179 903 uxores
3227 848 3454 915 ducere,
3485 849 3564 904 vel

1992 954 2245 1013 stuprare
2275 942 2481 997 fuerint
2510 942 2658 1007 ausi,
2722 942 2885 1012 gladii
2921 956 3140 1012 puznam
3185 948 3489 1003 merentur,
3514 949 3569 995 et

1993 1034 2285 1091 facultates
2325 1050 2518 1091 eorum
2551 1035 2715 1090 liscus
2748 1034 3001 1105 accipiet.

2414 1212 2487 1266 De
2509 1212 2825 1267 diacouissis
2863 1222 2912 1266 et
2953 1214 3143 1268 viduis.

2062 1304 2196 1358 Erat
2218 1312 2399 1357 autem
2431 1302 2563 1357 olim
2592 1304 2735 1358 alius
2757 1305 2894 1359 ordo
2916 1305 3372 1365 diaconissarutu.
3404 1313 3569 1376 atque

1993 1396 2134 1451 alius
2166 1396 2486 1461 viduarum;
2524 1395 2646 1450 illas
2680 1397 2829 1449 enim
2869 1396 3200 1466 virginitatis
3258 1399 3427 1451 decus
3472 1397 3571 1451 eli-

1993 1497 2203 1557 gentes,
2238 1497 2292 1541 et
2342 1489 2466 1541 vitae
2526 1496 2692 1541 castae
2755 1487 3056 1556 specitnina
3111 1489 3177 1542 ad
3243 1505 3444 1543 annum
3497 1490 3569 1543 ιο

1994 1580 2335 1645 exhibentes,
2363 1577 2555 1634 Patres
2589 1580 2933 1636 diaconissas
2975 1579 3300 1635 ordinarunt
3328 1600 3341 1647 ;
3367 1584 3567 1637 etenim

1993 1686 2181 1726 earum
2232 1671 2635 1739 simplicitatem
2696 1678 2753 1724 et
2819 1670 2883 1724 ad
2932 1670 3130 1723 malum
3169 1670 3568 1739 proclivitatem

1993 1760 2363 1829 suspicantes,
2387 1776 2495 1814 non
2523 1771 2648 1814 ante
2676 1768 2891 1828 tempus
2916 1759 3047 1814 illud
3082 1759 3419 1815 ordinandas
3442 1775 3570 1814 cen-

1994 1853 2186 1905 sebant
2215 1867 2229 1903 :
2260 1866 2381 1920 qua:
2425 1864 2555 1903 vero
2608 1849 2664 1903 in
2716 1849 3005 1904 viduarum
3049 1850 3294 1904 ordinem
3368 1850 3571 1904 admit-

314 1934 485 2004 ᾤοντο
513 1937 622 1989 δεῖν
651 1956 664 1972 ·
701 1938 799 2001 τὰς
830 1939 885 1992 δέ
913 1959 975 2005 γε
1027 1945 1459 2013 κατειλεγμένας
1513 1945 1597 2016 τῷ
1645 1947 1889 2015 τάγματι

1999 1942 2172 1996 tendae
2199 1951 2346 2005 sunt,
2373 1956 2468 1996 cas
2494 1956 2604 1995 non
2634 1941 2878 1996 minores
2910 1957 3032 1997 esse
3068 1943 3267 1997 debere
3296 1940 3363 1995 60
3406 1943 3569 1996 annis

266 2080 277 2091 ,
316 2027 423 2078 τῶν
454 2028 660 2097 χηρῶν,
691 2028 764 2100 μὴ
789 2030 1008 2083 ἔλαττον
1035 2034 1172 2085 ἐτῶν
1200 2035 1466 2103 ἐξήκοντα
1496 2031 1638 2090 εἶναι
1665 2039 1692 2090 6
1731 2036 1893 2090 Ἀπό-

315 2118 501 2181 στολος
528 2119 822 2189 διορίζεται
848 2137 862 2152 ο
894 2122 987 2175 καὶ
1010 2124 1234 2187 εἰκότως
1267 2143 1350 2193 γε.
1384 2127 1620 2180 Ἐκεῖναι
1653 2128 1751 2197 μὲν
1782 2128 1891 2199 γὰρ

315 2209 571 2276 ἄγευστοι
620 2213 720 2280 τῆς
761 2213 854 2265 τοῦ
910 2215 1120 2284 κόσμου
1157 2219 1523 2288 τυγχάνουσαι
1580 2220 1794 2290 ἡδονῆς,
1828 2221 1889 2273 οὐ

317 2303 514 2373 ῥᾳδίως
540 2302 619 2372 τῷ
653 2306 815 2359 πάθει
855 2308 995 2376 μετὰ
1026 2309 1116 2362 τὸν
1144 2310 1398 2363 τοσοῦτον
1425 2312 1727 2367 ἁλώσονται
1768 2315 1894 2383 χρό-

316 2410 441 2444 νον·
474 2395 529 2445 αί
558 2394 614 2446 δέ
669 2395 861 2466 χῆραι,
903 2399 1093 2469 ἀνδρὸς
1125 2400 1286 2470 εὐνῆς
1353 2403 1723 2473 πειραθεῖσαι,
1759 2404 1894 2474 μᾶλ-

317 2490 405 2537 λον
433 2486 499 2540 ἂν
552 2490 730 2556 σχοῖεν
778 2488 914 2559 πρὸς
940 2491 1000 2543 τὸ
1053 2491 1222 2555 πάθος
1274 2494 1764 2566 ἐπιρρεπέστερον,
1832 2496 1893 2551 τὸ

316 2580 577 2647 σαρκικὸν
625 2581 806 2634 αὐτῶν
842 2586 1098 2651 φρόνημα
1146 2585 1244 2655 τῆς
1279 2587 1571 2656 συνηθείας
1618 2588 1895 2659 ἐρεθιξού-

317 2688 415 2741 σης
438 2689 449 2700 ·
486 2674 627 2740 παρδ
656 2675 749 2725 καὶ
798 2672 1196 2744 ἐξηκοντούτην
1225 2677 1324 2744 τὴν
1364 2677 1539 2750 χήραν
1586 2675 1727 2733 εἶναι
1766 2679 1896 2748 ὠρί-

318 2780 499 2826 σαντο,
526 2763 601 2826 ὡς
632 2769 766 2833 πρὸς
801 2766 982 2833 γῆρας
1009 2767 1270 2840 κλίνασαν
1310 2768 1435 2838 ἤδη,
1470 2770 1636 2839 ἡνίκα
1671 2771 1764 2823 καὶ¹
1793 2773 1892 2840 τῆς

317 2854 609 2921 ἐπιθυμίας
640 2857 1114 2925 ἀπομαραίνεσθαι
1154 2860 1284 2927 φλὸξ
1316 2860 1520 2914 εἰώθει.
1548 2856 1731 2914 ἾΙσαν
1772 2859 1896 2931 μέν·

322 2962 398 2999 τοι
425 2948 517 2998 καὶ
548 2951 716 3018 μήπω
751 2949 885 3016 πρὸ;
910 2950 1200 3018 ἑξηκοστὸν
1253 2952 1656 3022 ἀναϐεϐηκυῖαι
1678 2954 1894 3023 χρόνον,

317 3039 639 3107 αἱρούμεναι
694 3042 832 3108 μετὰ
876 3039 1067 3094 λαῖκοῦ
1115 3044 1399 3114 σχήματος
1453 3049 1791 3115 σωφρονεῖν
1821 3040 1896 3101 ὧν

319 3134 409 3183 καὶ
443 3132 704 3194 πλειόνως
732 3133 782 3184 οἱ
815 3133 1056 3203 Πατέρες
1100 3137 1437 3205 ἐφρόντιζον,
1483 3138 1515 3210 ἦ
1565 3138 1673 3191 τῶν
1698 3157 1899 3211 χηρευ-

1992 2033 2300 2104 Apostolus
2326 2034 2590 2087 decernit.
2619 2032 2683 2085 Et
2713 2034 2908 2088 merito
2953 2034 3196 2104 quidem.
3242 2034 3349 2089 Illae
3388 2034 3564 2100 enim,

1995 2141 2120 2179 cum
2158 2124 2495 2194 voluptatem
2532 2125 2864 2179 mundanam
2894 2141 3171 2192 nunquam
3206 2126 3569 2195 gustaret-int,

1994 2223 2117 2287 post
2149 2223 2365 2270 tantum
2398 2216 2670 2285 temporis
2711 2216 2986 2286 elapsum,
3012 2215 3237 2271 libidine
3275 2231 3385 2270 non
3415 2216 3574 2271 facile
3660 2280 3677 2292 ἱ

1995 2308 2380 2373 abducentur;
2432 2308 2611 2363 vidua:
2663 2317 2844 2364 autem
2878 2309 2982 2363 viri
3019 2310 3415 2365 commercium
3477 2325 3573 2361 ex-

1993 2409 2179 2469 periar,
2210 2399 2470 2471 majorem
2506 2401 2572 2455 ad
2608 2399 2892 2454 libidinem
2947 2402 3369 2471 propensionem
3402 2400 3574 2453 halic-

1994 2490 2154 2554 bunt,
2188 2491 2590 2546 consuetudine
2626 2492 2837 2546 scilicet
2883 2488 3158 2545 carnalem
3189 2506 3379 2546 earum
3411 2506 3575 2561 appe-

1996 2582 2155 2637 titum
2206 2582 2502 2649 irritante;
2557 2581 2793 2653 ideoque
2864 2582 3084 2637 viduam
3155 2584 3570 2653 sexagenariant

1995 2689 2114 2729 esse
2148 2672 2345 2729 debere
2378 2674 2730 2738 definierunt,
2760 2683 2949 2743 utpote
2988 2674 3052 2728 ad
3089 2682 3426 2728 senectutem
3459 2672 3573 2743 jam

1996 2767 2373 2834 inclinantem,
2400 2781 2510 2836 quo
2558 2776 2802 2836 tempore
2857 2764 3320 2834 concupiscentiae
3355 2763 3574 2816 ﬂamma

1999 2872 2342 2913 marcescere
2403 2858 2565 2912 solet.
2629 2858 2797 2912 Erant
2828 2857 2994 2912 etiam
3028 2857 3148 2910 aliae
3177 2855 3280 2925 71
3318 2870 3440 2925 qua:
3475 2869 3576 2908 an-

2000 2965 2132 3003 num
2168 2950 2574 3020 sexagesimum
2618 2948 2858 3003 nondum
2895 2956 3185 3011 assecutac,
3220 2961 3346 3001 eum
3381 2944 3571 2999 habitu

1997 3038 2140 3095 laico
2193 3040 2359 3095 vitam
2413 3041 2786 3095 continentem
2835 3039 3416 3109 eligebant;quarum
3453 3051 3572 3089 ma-

1995 3126 2170 3198 jorem
2200 3146 2388 3186 curam
2425 3129 2926 3191 habebantPatrcs
2984 3145 3151 3200 quam
3171 3130 3415 3184 virorum
3439 3142 3573 3182 con—

318 3223 527 3274 σὰντων
560 3221 772 3293 ἀνδρῶν
800 3238 815 3254 ⁸
860 3225 955 3276 καὶ
1000 3226 1069 3278 τὰ
1117 3226 1256 3295 πρὸς
1304 3228 1513 3299 τροφὴν
1548 3229 1741 3292 αὐταῖς
1787 3229 1894 3284 ἀπὸ

1999 3219 2148 3291 iugio
2180 3221 2554 3277 liberatorum.
2581 3222 2652 3277 lis
2677 3222 2823 3276 enim
2848 3225 3054 3277 vietum
3080 3221 3149 3275 ab
3182 3219 3423 3276 Ecclesia
3445 3232 3574 3288 sup-

321 3314 424 3364 τῶν
451 3313 550 3382 τῆς
591 3313 919 3384 Ἐκκλησίας
959 3317 1278 3386 ἐχορήγουν,
1329 3317 1416 3372 ἵνα
1465 3319 1566 3390 μὴ,
1604 3322 1880 3391 προφάσει

316 3407 412 3459 τοῦ
444 3407 637 3469 ἐνδεῶς
669 3405 835 3476 ἔχειν,
872 3409 1009 3479 πρὸς
1051 3409 1307 3480 δεύτερον
1354 3409 1753 3479 ἀναγκασθεῖεν
1789 3411 1893 3475 γά-

321 3518 420 3568 μον
458 3500 608 3567 ἰδεῖν,
635 3502 703 3572 ἢν
731 3503 778 3553 οἱ
811 3502 1184 3572 χηρεύσαντες
1221 3503 1322 3556 οὐκ
1370 3501 1555 3573 ἔχουσι
1590 3503 1896 3574 προϐάλλε-

320 3595 462 3654 σθαι,
499 3594 892 3664 προλυτρόπως
927 3594 994 3648 τὰ
1022 3595 1159 3665 πρὸς
1207 3593 1352 3665 ζωὴν
1394 3597 1765 3665 ποριζόμενοι.
1795 3593 1894 3647 Ἐκ

316 3684 370 3738 δὲ
402 3687 501 3756 τῆς
542 3686 677 3755 πρὸς
705 3685 971 3756 Τιμόθεον
1017 3685 1245 3757 πρώτης
1274 3685 1368 3738 τοῦ
1398 3686 1637 3757 μεγάλου
1680 3685 1892 3740 Παύλου

320 3778 607 3846 ἐπιστολῆς
643 3778 767 3849 εἴσῃ
822 3779 1030 3846 σαφῶς,
1067 3781 1196 3849 ὅσης
1248 3780 1399 3849 παρά
1434 3779 1533 3849 τῆς
1564 3777 1894 3847 Ἐκκλησίας

319 3872 374 3921 αί
402 3871 565 3937 χῆραι
602 3870 885 3939 φροντίδος
921 3870 1172 3939 ἠξίωντο.

340 4012 349 4017 -
391 3962 452 4013 Al
495 3960 678 4030 μέντοι
717 3959 959 4014 διάκονοι
1000 3964 1261 4029 γυναῖκες
1291 3963 1416 4018 τίνα
1453 3963 1553 4032 τὴν
1587 3961 1896 4034 ὑπηρεσίαν

322 4054 378 4106 ἐν
408 4053 483 4122 τῷ
516 4053 704 4124 κλήρῳ
744 4054 821 4122 τῷ
846 4054 968 4106 τότε
990 4053 1352 4124 ἐξεπλήρουν,
1396 4056 1512 4119 τοῖς
1545 4057 1679 4110 πᾶσι
1708 4054 1895 4124 σχεδὸν

319 4146 583 4213 ἠγνόηται
612 4143 705 4195 νῦν
729 4159 741 4172 ·
783 4142 921 4214 πλὴν
947 4145 1086 4196 εἰσὶν
1115 4145 1164 4197 οἳ
1197 4144 1474 4211 λέγουσιν,
1507 4147 1589 4199 ὅτι
1621 4146 1747 4208 ταῖς
1804 4144 1899 4215 βά-

320 4234 671 4303 πτιζομέναις
690 4233 797 4286 τῶν
820 4232 1095 4301 γυναικῶν
1118 4234 1446 4304 ὑπηρέτουν,
1470 4235 1682 4305 ἀνδρῶν
1693 4235 1899 4305 ὀφθαλ-

324 4331 442 4397 μοῖς
492 4328 551 4379 οὐ
601 4325 822 4397 θεμιτὸν
864 4325 923 4378 δν
972 4328 1357 4396 γυμνουμὲνας
1404 4327 1610 4392 ταύτας
1641 4329 1894 4400 ὁρᾶσθαι,

320 4420 674 4491 ύπεράκμους
729 4419 831 4490 ἥδη
882 4417 1309 4489 βαπτιζομένας.
1361 4420 1545 4475 ’Ἄλλοι
1589 4421 1646 4474 δέ
1709 4437 1895 4490 φασιν,

320 4516 401 4568 ὅτι.
438 4515 532 4567 καὶ
569 4513 649 4575 είς
700 4513 760 4564 τὸ
799 4511 954 4577 ἅγιον
989 4510 1378 4583 θυσιαστήριον
1434 4514 1617 4582 ἐφεῖτο
1667 4513 1895 4578 ταύταις

1997 3313 2432 3382 peditabant,ue
2485 3316 2824 3384 paupertatis
2876 3321 3141 3384 praetequ
3197 3314 3265 3368 ad
3302 3313 3574 3367 secundas

1999 3390 2221 3474 nttptia's
2282 3407 2557 3475 respicere
2615 3421 2843 3462 necesse
2902 3407 3189 3470 haberent,
3241 3420 3403 3475 quem
3470 3404 3571 3458 viri

1995 3497 2255 3567 coniugio
2301 3496 2516 3552 liberati
2570 3499 2908 3569 praetendere
2971 3507 3273 3567 nequeunt,
3322 3497 3571 3566 pluribus

1998 3590 2174 3642 modis
2206 3587 2407 3643 victum
2444 3588 2548 3643 sibi
2594 3599 2995 3657 comparantes.
3046 3590 3123 3643 Ex
3161 3591 3334 3658 prima
3381 3597 3570 3643 autem

1997 3679 2180 3749 magni
2210 3678 2368 3734 Pauli
2390 3679 2639 3751 Epistola
2665 3681 2731 3735 ad
2757 3678 3109 3735 Timotheum
3140 3681 3343 3736 clarius
3369 3680 3569 3742 disces,

1996 3779 2202 3840 quanta
2240 3785 2375 3828 cura
2430 3771 2609 3827 vidua:
2637 3771 2706 3827 ab
2760 3771 3002 3829 Ecclesia
3065 3773 3243 3844 digna:
3292 3772 3575 3828 habeban-

1996 3871 2105 3918 tur.

2066 3956 2239 4025 Quale
2271 3965 2453 4015 autem
2497 3959 2866 4015 ministerium
2910 3959 3238 4015 diaconissa
3273 3967 3401 4015 tunc
3434 3968 3575 4015 tem-

1994 4049 2147 4119 poris
2176 4049 2232 4104 in
2264 4050 2410 4105 clero
2434 4050 2760 4119 implebant,
2797 4051 3054 4105 omnibus
3089 4051 3201 4105 fere
3228 4051 3389 4105 hodie
3421 4050 3576 4119 igno-

1999 4150 2112 4195 tum
2145 4149 2245 4195 est.
2278 4140 2416 4196 Sunt
2449 4140 2543 4209 qui
2575 4140 2788 4207 dicunt,
2823 4141 2968 4210 quod
3004 4141 3332 4197 mulieribus
3389 4139 3574 4210 bapti-

1999 4233 2190 4288 zandis
2239 4232 2663 4300 ministrabant;
2711 4234 2916 4303 quippe
2960 4235 3104 4304 quod
3166 4249 3259 4289 eas
3332 4233 3572 4287 virorum

1998 4323 2173 4379 oculis
2198 4324 2373 4379 nudas
2405 4324 2669 4392 conspici,
2704 4324 3008 4393 baptizatas
3040 4325 3228 4393 utique
3265 4339 3389 4378 cum
3421 4332 3578 4379 aetate

1999 4422 2270 4487 provectae
2326 4425 2533 4480 essent,
2568 4414 2724 4470 nefas
2776 4415 3086 4471 videbatur.
3142 4414 3337 4470 Dicunt
3368 4427 3574 4485 autem

1999 4492 2113 4575 alii,
2148 4507 2294 4579 quod
2338 4508 2404 4562 ad
2432 4517 2682 4563 sanctum
2741 4508 2915 4564 altare
2969 4509 3176 4579 ingredi
3222 4509 3291 4564 iis
3346 4508 3580 4578 permis-

322 4606 684 4678 εἰσέρχεσθαι,
741 4606 834 4658 καὶ
867 4604 932 4657 τὰ
968 4603 1077 4657 τῶν
1132 4603 1399 4658 διακόνων
1456 4605 1668 4676 ἀνδρῶν
1722 4622 1894 4678 παρα-

2006 4614 2125 4652 sum
2158 4609 2296 4663 erat,
2328 4607 2381 4653 et
2402 4598 2759 4653 diaconorum
2788 4598 2961 4653 ollicia
2986 4614 3152 4669 prepe
3179 4598 3301 4654 illos
3330 4600 3577 4669 exsequi.

321 4700 561 4770 πλησίως
596 4700 778 4760 αὐτοῖς
813 4698 1076 4770 μετιέναι.
1123 4696 1478 4751 Κεκώλυνται
1511 4698 1568 4751 δὲ
1597 4699 1748 4768 παρὰ
1788 4699 1898 4752 τῶν

323 4780 545 4864 ὕστερον
573 4790 833 4859 Πατέρων
861 4789 1051 4843 τούτου
1100 4805 1158 4842 τε
1202 4790 1526 4857 ἐπιϐαίνειν,
1557 4792 1649 4845 καὶ
1692 4791 1761 4843 τὰ
1797 4791 1897 4861 τῆς

324 4886 627 4954 ὑπηρεσίας
649 4882 856 4950 ταύτης
886 4880 1267 4951 μετέρχεσθαι,
1303 4880 1391 4935 διὰ
1428 4880 1531 4951 τὴν
1576 4880 1686 4933 τῶν
1715 4880 1899 4952 ἐμμή-

323 4999 426 5035 νων
456 4974 820 5047 ἀπροαίρετον
846 4973 999 5045 ῥύσιν
1023 4990 1036 5004 ο
1072 4973 1207 5026 ἀλλὰ
1249 4960 1412 5042 βατὺν
1444 4973 1543 5043 μὲν
1569 4968 1708 5027 εἶναι
1729 4971 1897 5028 πάλαι

324 5073 418 5125 καὶ
459 5070 676 5140 γυναιξὶ
716 5068 777 5121 τὸ
806 5067 959 5136 ἅγιον
993 5066 1407 5137 θυσιαστήριον,
1442 5066 1504 5118 ἐκ
1543 5064 1756 5119 πολλῶν
1801 5064 1898 5134 μὲν

323 5166 437 5217 ἐστι
475 5164 571 5216 καὶ
618 5161 794 5215 ἄλλων
821 5158 1357 5228 καταστοχάσασθαι,
1411 5157 1506 5210 καὶ
1565 5158 1798 5227 μάλιστα
1836 5158 1900 5208 ἐκ

323 5254 414 5307 τοῦ
442 5251 724 5319 ἐπιταφίου
757 5250 940 5318 λόγου,
971 5248 1031 5302 ὃν
1059 5248 1153 5300 ἐπὶ
1181 5247 1473 5317 τῇοάδελφῇ
1505 5246 1532 5299 6
1562 5245 1735 5316 μέγας
1759 5245 1901 5314 Γρ.ς-

324 5349 504 5417 γόριος
537 5350 564 5400 ὁ
602 5346 864 5414 Θεολόγος
902 5345 1194 5414 πεποίηκε.
1245 5344 1484 5398 Γυναῖκα
1521 5343 1578 5396 δὲ
1618 5343 1718 5413 τῆς
1748 5343 1900 5412 ἱερᾶς

326 5442 420 5493 καὶ
452 5440 797 5511 ἀναιμάκτου
852 5437 1100 5505 γίνεσθαι
1134 5435 1326 5497 θυσίας
1374 5435 1644 5496 διάκονον,
1693 5433 1755 5486 ού
1811 5450 1901 5502 μοι

326 5529 558 5585 δοκεῖτὸ
595 5528 817 5581 πιθανὸν
845 5526 991 5598 ἔχειν
1013 5543 1025 5556 ·
1062 5524 1136 5590 ὡς
1195 5527 1343 5579 ἐστιν
1382 5524 1442 5577 οὐ
1493 5522 1653 5590 λόγον
1703 5522 1897 5587 σῶζον,

326 5623 423 5683 τὰς
454 5614 529 5692 μὴ
561 5620 1019 5689 συγχωρουμένας
1057 5616 1297 5690 δημοσίᾳ
1340 5615 1639 5679 διδάσκειν,
1682 5623 1760 5676 εις
1790 5612 1904 5664 διοι-

328 5712 484 5766 κόνου
527 5712 733 5782 βαθμὸν
795 5713 1027 5775 ἀνιέναι,
1085 5705 1168 5774 οἷς
1200 5709 1361 5778 ἔργον
1387 5707 1445 5760 τὸ
1492 5706 1578 5759 διέι
1613 5705 1772 5772 λόγου
1804 5720 1903 5756 κα-

330 5807 537 5874 θαίρειν
594 5806 719 5869 τοὺς
779 5803 1101 5867 ποσσιόντας
1135 5803 1241 5859 τῶν
1274 5804 1519 5857 ἀπίστων
1576 5798 1672 5851 ἐπὶ
1714 5797 1774 5850 τὸ
1813 5796 1901 5865 βά-

331 5915 559 5954 πτισμα.

2002 4686 2200 4744 Verum
2250 4690 2652 4760 prohibuerunt
2686 4700 2876 4760 postea
2919 4688 3106 4745 Patres
3172 4705 3266 4744 eas
3303 4690 3433 4745 illuc
3487 4705 3582 4745 as-

1999 4783 2250 4848 cendere,
2287 4793 2342 4837 et
2385 4780 2479 4836 illo
2529 4782 2839 4837 ministerio
2888 4782 3135 4852 defungi,
3167 4790 3386 4852 propter
3421 4783 3581 4835 invo-

1966 4866 2300 4931 ‘luntarium
2384 4876 2817 4931 catanteniorutn
2880 4873 3109 4929 ﬂuxum.
3178 4874 3335 4940 Quod
3393 4884 3576 4928 autem

2000 4966 2327 5024 mulieribus
2388 4967 2453 5022 ad
2499 4976 2749 5024 sanctum
2807 4967 2982 5021 altare
3043 4966 3305 5021 accedere
3364 4964 3577 5019 licitum

2001 5069 2138 5126 erat,
2198 5075 2262 5116 ex
2324 5060 2514 5116 multis
2577 5059 2701 5114 aliis
2735 5058 3009 5130 conjicere
3057 5058 3203 5123 licet,
3258 5067 3311 5111 et
3360 5058 3581 5129 potissi-

2002 5169 2151 5208 mum
2205 5168 2268 5207 ex
2313 5151 2529 5208 funebri
2577 5153 2823 5207 oratione
2854 5160 3019 5221 quam
3047 5153 3103 5206 in
3141 5165 3385 5206 sororem
3431 5165 3583 5216 mag-

2002 5263 2106 5303 nus
2155 5246 2455 5315 Gregorius
2491 5244 2804 5314 Theologus
2848 5245 3059 5299 habuit.
3115 5244 3398 5298 Mulierem
3454 5257 3584 5326 vero

2002 5338 2143 5394 sacri
2178 5346 2232 5391 et
2270 5336 2544 5392 incruenti
2609 5337 2863 5391 sacrillcii
2905 5337 3216 5394 minisn‘am
3273 5338 3409 5399 fieri,
3448 5331 3585 5390 tni..l

2003 5427 2149 5485 haud
2178 5428 2478 5483 verisimile
2507 5428 2741 5495 videtur,
2781 5438 2971 5499 utpote
3002 5432 3146 5498 quod
3178 5427 3370 5481 rationi
3400 5422 3581 5480 disso-

2004 5537 2132 5575 num
2157 5520 2227 5577 sit
2246 5535 2363 5583 eas,
2389 5535 2510 5589 quae
2545 5519 2759 5590 publice
2788 5520 2984 5575 docere
3018 5536 3123 5573 non
3164 5519 3577 5588 permittuntur,

2006 5614 2072 5668 ad
2107 5612 2325 5670 diaconi
2370 5611 2599 5684 gradum
2667 5606 2964 5668 ascendere
2992 5652 3007 5679 ,
3039 5610 3238 5679 quibus
3274 5607 3583 5673 incumbit,

2006 5707 2259 5762 doctrina
2298 5705 2547 5760 infideles
2590 5704 2915 5760 accedentes
2966 5702 3030 5759 ad
3081 5702 3412 5772 baptismum
3452 5716 3584 5769 pur-

2008 5815 2166 5868 gare.
