3992 6440
439 384 575 446 1275

434 593 680 645 omnium
735 595 976 662 peractio
1080 604 1333 652 accurate
1395 599 1657 669 inscripta
1705 610 1825 663 est,
1882 612 2015 671 quot

436 700 612 739 annos
661 701 821 756 agere
858 687 1048 741 debeat
1099 689 1409 745 diaconissa
1456 692 1784 757 declarant,
1846 693 2010 746 nimi-

435 794 555 829 rum
593 777 681 841 40,
716 786 769 830 et
805 778 1070 847 habitum,
1109 780 1318 836 scilicet
1348 769 1747 848 monacbalem,
1780 798 2017 857 eumque

435 868 790 937 perfectum;
832 880 885 924 et
917 871 1102 937 vitam,
1153 873 1299 941 quod
1336 872 1583 927 virorum
1638 874 1899 929 virtutem
1955 875 2009 928 in

438 963 602 1015 rebus
636 961 1117 1017 excellentissimis
1176 963 1425 1017 aemulari
1456 964 1672 1026 debeat.
1710 973 1764 1018 et
1792 980 1854 1019 ea
1893 980 2017 1033 per-

436 1068 619 1120 agere,
645 1052 832 1121 paucis
855 1053 1123 1107 duntaxat
1151 1055 1415 1124 exceptis.
1438 1070 1559 1124 qua)
1582 1056 2019 1124 viriiexsequun-

437 1157 547 1201 tnr.
580 1149 651 1201 Ea
703 1148 848 1202 enim
905 1149 971 1202 ad
1026 1163 1237 1202 sacram
1301 1164 1544 1203 mensam
1605 1149 1837 1202 adducta
1900 1149 2018 1203 velo

437 1239 660 1305 tegitur,
731 1238 1182 1292 extremitatibus
1248 1237 1366 1305 ejus
1398 1239 1887 1307 Epropendentihns
1917 1255 1931 1299 ;
1964 1248 2019 1292 et

438 1335 723 1396 postquam
759 1327 964 1381 dictttm
996 1325 1180 1392 fuerit,
1219 1324 1405 1380 Gratia
1456 1326 1635 1379 divina
1677 1343 1794 1395 qua:
1861 1326 2021 1395 infir.

438 1421 536 1474 mis
610 1419 867 1483 medetur,
925 1434 1023 1473 nec
1103 1419 1267 1488 pedes
1304 1430 1504 1483 movet,
1573 1434 1671 1473 nec
1703 1434 1867 1488 genu,
1924 1418 2018 1473 sed

439 1520 648 1565 tantum
715 1521 880 1580 caput
928 1510 1154 1565 inclinat
1188 1527 1203 1575 ;
1235 1518 1290 1563 et
1354 1520 1465 1564 lnm
1501 1509 1734 1565 antistes
1796 1523 2018 1563 manum

440 1602 489 1653 in
525 1616 644 1654 eam
678 1601 986 1669 imponens,
1021 1607 1276 1670 precatur
1329 1608 1389 1653 ut
1421 1598 1749 1654 diaconissze
1777 1597 2019 1653 olIicium

440 1690 715 1758 inculpate
751 1698 1107 1758 exsequatur,
1133 1688 1442 1744 castitatem
1464 1697 1517 1742 et
1574 1688 1863 1744 honestam
1896 1688 2022 1742 vitae

442 1781 707 1835 rationem
753 1779 959 1844 colens,
991 1788 1048 1834 et
1097 1780 1179 1834 sic
1211 1780 1266 1833 in
1300 1779 1473 1834 sacris
1505 1779 1720 1849 templis
1793 1779 2017 1834 assidua

1629 397 2000 458 ΜΑΤΤΗιῘῆἷ
2044 401 2326 462 BLASTA
2341 402 2465 463 ιιιδ

511 501 678 553 Porro
750 509 958 557 veteres
1028 501 1190 568 libri,
1226 504 1278 557 in
1338 508 1539 577 quibus
1595 509 2005 565 ordinationum
2043 519 2080 570 Α

2182 517 2261 570 Τά
2289 534 2349 583 γε
2389 518 2494 586 μὴν
2524 515 2728 568 παλαιὰ
2764 515 2874 567 τῶν
2901 514 3142 585 βιϐλίων,
3188 508 3266 577 οἷς
3297 517 3328 585 ἡ
3370 515 3472 570 τῶν
3506 537 3662 590 χειρο-

2117 604 2313 657 τονιῶν
2363 604 2592 658 ἀπασῶν
2630 603 2874 673 ἀκριϐῶς
2927 603 3306 674 ἐγγέγραπται
3359 606 3559 675 τελετὴ,
3584 611 3664 664 καὶ

2117 695 2208 746 τὸν
2239 695 2364 749 καθ’
2392 694 2611 764 ἠλικίαν
2661 688 3031 748 ὁποῖονέἵναι
3054 694 3135 747 δεῖ
3162 696 3352 765 χρόνον
3398 696 3663 766 ὑφηγεῖται

2118 785 2215 854 τῆς
2244 785 2519 851 διακόνου,
2568 785 2651 837 ὅτι
2698 786 3173 854 τεσσαρακοστός·
3230 788 3327 839 καὶ
3377 787 3437 837 τὸ
3474 787 3663 855 σχῆμα,

2119 878 2202 932 ὅτι
2233 877 2548 947 μοναχικδν,
2581 879 2679 931 καὶ
2706 875 2867 930 τοῦτο
2913 876 3118 929 τέλειον
3140 892 3155 906 θ
3186 878 3281 929 καὶ
3320 876 3408 930 τὸν
3446 877 3573 946 βίον,
3601 880 3669 932 ὅτι

2117 969 2228 1021 τῶν
2259 968 2472 1037 ἀνδρῶν
2505 968 2841 1037 ἁμιλλᾶσθαι
2869 968 2973 1037 χρὴ
3003 968 3208 1037 ταύτην
3228 970 3341 1032 τοῖς
3370 969 3556 1035 ἄκροις
3587 971 3671 1040 τὴν

2120 1062 2323 1132 ἀρετήν
2348 1079 2362 1092 ο
2399 1060 2673 1114 τελεῖσθαι
2729 1060 2786 1113 δέ
2819 1061 2912 1113 καὶ
2945 1062 3032 1112 ἐπ’
3071 1060 3235 1129 αὑτῇ,
3285 1060 3423 1129 πλὴν
3473 1062 3671 1130 ὀλίγων,

2120 1152 2224 1204 ὃσα
2279 1153 2371 1205 καὶ
2400 1151 2495 1203 ἐπὶ
2534 1153 2646 1213 τοῖς
2690 1150 2961 1212 διακόνοις
2983 1166 2997 1179 ·
3060 1152 3126 1219 τῇ
3161 1153 3268 1219 γὰρ
3299 1152 3424 1221 ἱερᾷ
3448 1153 3672 1223 τραπέζῃ

2122 1241 2546 1310 προσαγομένην
2603 1241 2856 1311 μαφορίῳ
2911 1240 3309 1307 καλύπτεσθαι,
3364 1242 3470 1294 τῶν
3511 1242 3674 1310 ἄκρων

2121 1330 2314 1383 τούτου
2349 1330 2663 1401 ἔμπροσθεν
2703 1331 3133 1401 ἀπῃωρημένων
3155 1348 3168 1362 ο
3204 1332 3301 1383 καὶ
3337 1332 3473 1400 μετὰ
3503 1332 3559 1384 τὸ
3586 1336 3673 1402 ῥη-

2124 1418 2289 1486 θῆναι
2304 1420 2383 1471 τό·
2410 1419 2483 1473 Ἢ
2498 1419 2626 1473 θεία
2643 1417 2838 1487 χάρις,
2858 1420 2895 1488 ἡ
2917 1419 2988 1471 τὰ
3005 1417 3239 1486 ἀσθενῆ
3260 1420 3673 1486 θεραπεύουσα,

2125 1510 2410 1578 οὐδέτερον
2450 1512 2557 1563 τῶν
2602 1510 2781 1563 ποδῶν
2811 1510 2891 1570 είς
2940 1511 3070 1577 γόνυ
3109 1510 3336 1575 κλίνειν,
3369 1511 3499 1563 ἀλλὰ
3528 1511 3676 1579 μόνην

2124 1601 2223 1670 τὴν
2273 1601 2514 1669 κεφαλήν
2545 1618 2556 1629 ·
2597 1585 2694 1654 καὶ
2731 1600 3045 1652 ἐπιτιθέντα
3094 1601 3272 1671 ταύτῃ
3315 1601 3404 1652 τὸν
3441 1600 3677 1670 ἀρχιερέα

2125 1690 2225 1756 τὴν
2257 1691 2438 1757 χεῖρα,
2476 1688 2804 1760 ἐπεύχεσθαι
2842 1689 3151 1758 ἀμέμπτως
3186 1688 3358 1760 αὐτὴν
3387 1692 3446 1742 τδ
3471 1691 3562 1757 τῆς
3582 1691 3679 1741 δια-

2127 1780 2313 1843 κονίας
2363 1779 2536 1851 έργον,
2577 1777 2914 1842 ἐπιτελέσαι,
2954 1779 3317 1848 σωφροσύνην
3359 1779 3452 1831 καὶ
3495 1782 3679 1849 σεμνὴν

441 1873 509 1926 sit
543 1890 557 1926 :
586 1871 858 1942 mysteriis
883 1886 1012 1925 vero
1061 1870 1504 1927 incontaminatis
1527 1885 1647 1925 cam
1682 1870 2018 1935 ministrare,

2136 1870 2400 1924 πολιτείαν
2425 1870 2872 1957 ’μετερχομένη-θ,
2911 1871 3005 1923 καὶ
3039 1873 3151 1933 τοῖς
3182 1872 3367 1937 ἁγίοις
3390 1871 3528 1924 οὑτω
3551 1875 3680 1935 ναοῖς

442 1976 534 2019 aut
588 1963 860 2018 ﬂabellum
926 1970 1185 2026 tractare,
1221 1978 1373 2017 more
1438 1961 1678 2028 diaconi,
1718 1975 1827 2015 non
1889 1977 2018 2031 per-

444 2056 630 2111 mittit.
670 2055 871 2111 Deinde
899 2055 1041 2109 cnllo
1072 2055 1191 2124 ejus
1225 2054 1326 2109 sub
1354 2055 1473 2109 velo
1513 2053 1745 2108 antistes
1774 2054 2017 2108 orarium

444 2148 656 2204 diaconi
687 2148 936 2217 imponit,
968 2146 1259 2216 przrlcrcns
1290 2145 1424 2200 duas
1457 2146 1577 2215 ejus
1602 2145 2017 2200 extremitates:

448 2244 501 2293 in
534 2251 779 2311 tempore
841 2248 1022 2293 autem
1082 2239 1518 2310 participationis
1574 2246 1701 2309 post
1758 2237 2021 2292 diaconos

447 2347 603 2386 sacra
671 2330 930 2402 mysteria
1004 2329 1318 2399 participat,
1369 2327 1567 2382 deinde
1636 2327 1896 2397 poculum
1952 2342 2017 2381 ex

448 2422 707 2478 antistitis
756 2438 917 2477 manu
962 2421 1256 2491 accipiens,
1321 2419 1528 2475 nemini
1589 2418 1774 2483 tradit,
1819 2417 1912 2473 sed
1964 2418 2017 2471 in

448 2529 658 2570 sicratn
700 2530 946 2570 mensam
994 2514 1227 2584 reponit.

2127 1964 2584 2031 προσκαρτερεῖν,
2616 1962 2676 2013 ού
2726 1962 2831 2031 μὴν
2865 1963 2958 2014 καὶ
3004 1965 3117 2024 τοῖς
3166 1963 3458 2033 ἀκράντοις
3501 1980 3683 2033 μυστη-

2131 2051 2261 2122 ρίοις
2287 2053 2579 2119 ὑπηρετεῖν
2608 2054 2917 2121 ἐπιτρέπει,
2945 2054 2977 2123 ἢ
3010 2054 3248 2123 ριπίδιον
3278 2054 3679 2125 ἐγχειρίζεσθαι,

2129 2143 2202 2205 ὡς
2233 2143 2325 2196 ἐπὶ
2349 2143 2444 2196 τοῦ
2474 2143 2746 2207 διακόνου,
2782 2140 2907 2197 εἶτα
2943 2144 3020 2213 τῷ
3062 2146 3326 2215 τραχήλῳ
3374 2146 3567 2212 ταύτης
3593 2145 3683 2198 ὑπὸ

2128 2235 2187 2286 τὸ
2221 2234 2488 2303 μαφόριυν
2531 2235 2834 2288 ἐπιτιθέναι
2867 2236 2959 2287 τὸν
2996 2236 3271 2304 ἀρχιερέα
3310 2237 3371 2287 τδ
3400 2235 3681 2288 διακονικὸν

2126 2326 2387 2397 ὼράριον,
2416 2327 2653 2395 φέροντα
2681 2327 2758 2388 εἰς
2805 2325 2875 2378 τὰ
2923 2324 3238 2393 ἔμπροσθεν
3270 2326 3369 2391 τὰς
3397 2324 3487 2378 δύο
3513 2324 3680 2376 τούτου

2125 2417 2327 2489 ἀρχὰς,
2363 2419 2419 2471 ἐν
2448 2419 2504 2470 δέ
2532 2418 2608 2488 τῷ
2635 2418 2816 2487 καιρῷ
2850 2419 2951 2489 τῆς
2984 2418 3371 2487 μεταλήψεως,
3407 2418 3539 2488 μετᾶ
3576 2416 3683 2476 τοὺς

2124 2509 2409 2573 διακόνους
2442 2509 2548 2562 τῶν
2592 2510 2751 2563 θείων
2789 2512 3072 2563 κοινωνεῖν
3110 2510 3289 2580 αὐτὴν
3356 2508 3681 2580 μυστηρίων⁸

449 2601 565 2661 εἶτα
606 2608 987 2678 λαμϐάνουσαν
1038 2607 1099 2661 τὸ
1146 2606 1407 2678 ποτήριον
1442 2608 1507 2660 ἐκ
1552 2603 1662 2660 τῶν
1690 2602 1892 2677 χειρῶν
1925 2601 2020 2657 τοῦ
2058 2602 2383 2674 ἀρχιερέως,
2412 2602 2580 2672 μηδὲν
2606 2602 2968 2671 μεταδιδόναι,
2997 2602 3112 2656 ἀλλ’
3171 2602 3340 2665 εὐθὺς
3406 2599 3681 2654 ἐπιτιθέναι

454 2703 607 2757 τοῦτο
635 2706 697 2773 τῇ
729 2704 861 2775 ἁγίᾳ
888 2703 1138 2777 τραπέζῃ

450 2821 599 2877 CAP.
632 2820 748 2877 XII.
790 2821 943 2888 Quod
978 2822 1194 2892 nuptias
1253 2800 1657 2892 cumltteretieis
1715 2818 2027 2875 contra/tere

545 2900 549 2905 '
835 2910 939 2946 non
970 2900 1224 2962 oporteat.
1267 2892 1341 2946 De
1381 2891 1609 2946 clericis.

520 2989 710 3043 Canon
750 2988 813 3042 14
843 2986 1034 3056 synodi
1065 2994 1276 3055 quartae
1317 2991 1487 3049 vetat,
1532 2998 1597 3037 nc
1625 2981 1810 3037 clerici
1837 2981 2028 3037 ortho-

452 3078 578 3133 doxi
608 3094 730 3132 cum
763 3076 1087 3131 mulieribus
1133 3074 1403 3129 haereticis
1450 3074 1565 3126 ullo
1617 3072 1782 3127 modo
1838 3071 2028 3125 matri-

2132 2821 2387 2877 ΚΕΦΑΛ.
2426 2823 2527 2877 lB'.
2565 2823 2696 2876 Ὅτι
2726 2824 2798 2875 οὺ
2832 2810 2931 2875 δεῖ
2973 2820 3201 2888 γάμους
3261 2814 3683 2888 συναλλάττειν

2401 2893 2553 2963 μετὰ
2578 2891 2913 2961 αἱρετικῶν,
2946 2887 3084 2958 Περὶ
3113 2887 3449 2955 κληρικῶν.

2213 2983 2273 3037 Ὀ
2306 2985 2404 3053 μὲν
2437 2983 2496 3037 ιδ’
2527 2985 2622 3054 τῆς
2656 2984 2697 3037 δ’
2729 2983 2947 3037 συνόδου
3003 2981 3186 3034 κανὼν
3219 2977 3533 3049 ὀρθοδόξους
3573 2974 3684 3044 κλη-

2138 3077 2326 3148 ρικοὺς
2354 3076 2661 3145 αἰρετικαῖς
2690 3071 3054 3126 συνάπτεσθαι
3082 3068 3305 3137 γυναιξὶ
3353 3069 3525 3133 πάντη
3550 3061 3685 3117 ἀπεί-

453 3169 634 3223 monia
667 3168 1011 3222 contrahant.
1054 3164 1259 3237 Eorum,
1292 3168 1421 3218 Vero
1475 3162 1704 3228 liberos,
1760 3162 1855 3231 qui
1917 3161 2028 3230 jam

2140 3185 2276 3239 ρηκε
2301 3184 2314 3199 ’
2352 3167 2458 3218 τῶν
2506 3165 2563 3217 δέ
2620 3164 2724 3234 ἤδη
2760 3162 3159 3234 συνῳκηκότων
3209 3161 3339 3223 τοὺς
3396 3157 3600 3219 παῖδας,
3628 3154 3683 3222 τῇ

453 3260 644 3315 eodem
694 3260 746 3313 in
817 3258 1180 3313 contubernio
1252 3256 1510 3321 vixerint,
1574 3253 1642 3309 ad
1728 3252 2033 3308 Ecclesium

454 3349 779 3407 catholicam
813 3348 1006 3402 adduci
1033 3348 1210 3416 jubet.
1255 3347 1332 3400 Ac
1375 3346 1423 3401 si
1480 3345 1702 3415 quidem
1750 3344 2037 3398 ali-haere-

455 3441 580 3495 ticis
636 3438 894 3509 baptizati
944 3438 1171 3502 fuerint,
1234 3451 1468 3507 quorum
1525 3435 1796 3505 baptisma
1845 3448 2038 3489 sanam

456 3533 783 3587 sententiam
827 3530 1187 3600 sequentibus
1264 3527 1626 3598 rejiciendum
1686 3535 1792 3590 est,
1857 3525 2038 3581 denuo

456 3619 762 3688 baptizari:
825 3619 908 3674 sin
974 3618 1175 3678 minus.
1209 3625 1491 3685 unguento
1536 3630 1695 3670 sacro
1765 3615 2039 3668 duntaxat

459 3711 611 3782 ungi.
658 3709 811 3779 Quod
852 3709 899 3763 si
938 3710 1167 3763 necdum
1227 3706 1406 3777 sigillo
1457 3703 1802 3774 baptismatis
1839 3701 2040 3769 s'gnati

350 3838 375 3860 κ
461 3810 595 3863 sant,
636 3815 744 3853 non
785 3798 1021 3867 amplius
1062 3798 1131 3851 ab
1176 3797 1451 3852 haereticis
1520 3810 1615 3850 eos
1677 3794 2040 3863 baptizandos

460 3907 605 3948 esse.
651 3890 794 3958 Quin
839 3890 1001 3943 etiam
1032 3905 1100 3944 ne
1154 3886 1409 3956 conjugia
1453 3885 1673 3956 quidem
1732 3888 1832 3937 hos
1906 3899 2041 3937 con-

461 3984 682 4039 trahere
726 3981 922 4036 debere
958 3995 1077 4036 cum
1137 3978 1440 4044 haereticis,
1484 3992 1586 4032 nec
1647 3991 1771 4031 cum
1817 3974 2041 4039 Judaiis,

463 4088 566 4129 nec
626 4088 749 4129 cum
795 4070 1044 4143 paganis.
1117 4068 1414 4125 Haereticos
1464 4068 1696 4140 appello,
1742 4067 1833 4135 qui
1915 4063 2041 4119 lidei

465 4172 668 4221 nostrae
721 4152 1036 4236 mysterium
1097 4162 1318 4232 quidem
1399 4162 1829 4230 amplectuntur,
1868 4160 1960 4217 sed
1991 4159 2043 4213 in

468 4258 795 4331 quibusdam
879 4257 946 4310 ab
1044 4253 1365 4308 orthodoxis
1434 4254 1718 4315 aberrant,
1802 4251 2042 4317 Judaeos,

470 4349 676 4404 Christi
711 4347 1035 4418 parricidas,
1089 4359 1348 4415 paganos,
1398 4346 1493 4414 qui
1551 4345 1845 4399 manifesto
1916 4348 2045 4398 sunt

472 4441 763 4507 increduli,
794 4449 844 4494 et
878 4439 1074 4493 insano
1112 4436 1259 4490 cultu
1307 4437 1572 4491 idolorum
1621 4437 1830 4491 infecti.
1887 4434 2045 4501 Quod

473 4536 518 4590 si
563 4532 701 4587 forte
742 4533 828 4585 vel
866 4529 1173 4591 hancticus,
1238 4527 1323 4583 vel
1396 4528 1710 4583 incredulus
1772 4527 2045 4598 quispiam

474 4624 581 4699 72
616 4625 682 4678 ad
747 4621 908 4677 ﬁdem
954 4621 1308 4675 orthodoxam
1371 4634 1724 4674 accessurum
1769 4634 1827 4673 se
1890 4618 2051 4689 polli-

472 4724 664 4770 ceatur
685 4758 700 4780 ,
730 4714 847 4785 ipse
889 4713 1135 4783 quidem,
1164 4710 1361 4780 inquit,
1388 4720 1700 4764 contractus
1743 4709 2004 4777 procedat
2030 4721 2047 4774 ;

473 4810 569 4865 sed
605 4807 881 4878 c0pulatio
938 4803 1358 4860 matrimoniaiis
1402 4802 1668 4870 tantisper
1709 4802 2050 4867 extrahatur,

398 4922 425 4947 ιι»
472 4904 647 4956 donec
690 4897 985 4969 promissio
1027 4896 1186 4950 factis
1235 4894 1556 4950 confirmata
1602 4892 1787 4946 fuerit.
1828 4894 1867 4945 A
1907 4892 2055 4946 Lati-

403 4986 415 4999 ⁷
475 4995 562 5048 nis
626 4994 812 5055 etiam,
858 4999 918 5043 ut
965 4987 1155 5042 eadem
1217 4987 1333 5040 haec
1396 4985 1620 5047 faciant,
1690 4983 1971 5051 exigitur,
2006 4986 2052 5038 si

421 5078 433 5089 ’
476 5085 569 5153 qui
617 5097 802 5136 eorum
841 5079 1173 5133 orthodoxas
1206 5090 1405 5130 uxores
1465 5075 1666 5129 ducere
1700 5075 1886 5128 velint.
1948 5076 2051 5140 Qui

431 5180 659 5229 ’autem
723 5172 809 5227 his
872 5187 979 5225 non
1076 5173 1472 5240 obtemperant,
1532 5167 1713 5237 poenis
1771 5167 2055 5222 canonicis

479 5265 701 5323 obnoxii
736 5273 883 5320 sunt.
925 5261 1059 5317 Nam
1104 5270 1298 5331 praeter
1333 5259 1658 5315 solutionem
1692 5258 2053 5326 matrimonii,

479 5357 771 5411 violatores
811 5356 973 5409 etiam
998 5354 1337 5424 *puniuntur.

552 5447 867 5500 Laodicenaa
907 5461 1034 5499 vero
1076 5443 1268 5514 synodi
1311 5441 1557 5494 decimus
1602 5453 1801 5503 canon,
1860 5439 2053 5495 Eccleo

482 5544 575 5595 sit!)
607 5549 916 5601 consortes,
982 5537 1180 5604 inquit,
1234 5530 1619 5586 'indill‘erenter
1676 5530 1874 5585 liberos
1925 5547 2057 5587 suos

483 5634 550 5689 ad
596 5631 930 5685 matrimonii
966 5629 1283 5683 societatem
1320 5638 1445 5678 cum
1492 5622 1762 5676 haereticis
1798 5626 2056 5693 copulare

487 5742 594 5783 bon
627 5733 860 5792 oportet.

557 5818 747 5874 Canon
774 5815 839 5871 2i
873 5816 1091 5873 concilii
1136 5814 1393 5883 Carthag.
1434 5832 1503 5873 ne
1545 5815 1702 5873 liberi
1735 5814 2057 5871 clericorum

2141 3260 2408 3330 καθολικῇ
2455 3258 2757 3328 Ἐκκλησία
2806 3255 3019 3311 κελεύει
3065 3252 3479 3325 προσάγεσθαιο
3521 3252 3607 3302 καὶ
3644 3246 3686 3299 εί

2147 3350 2247 3420 μὲν
2284 3351 2388 3403 ὑπὸ
2434 3348 2732 3419 αἱρετικῶν
2787 3348 2980 3419 ἔτυχον
3036 3345 3460 3416 βαπτισάμενοι,
3510 3336 3579 3395 ὧν
3636 3336 3686 3389 τὸ

2145 3441 2429 3512 βάπτισμα
2468 3444 2579 3503 τοῖς
2610 3438 2780 3506 ὑγιῶς
2821 3438 3110 3509 φρονοῦσιν
3139 3437 3474 3506 ἀπόϐλητον,
3507 3428 3686 3486 ἀνωθεν

2146 3530 2542 3604 βαπέίξεσθαν
2603 3532 2651 3584 εἰ
2698 3530 2741 3582 δ’
2799 3528 2916 3593 οὖν,
2976 3529 3122 3599 μόνῳ
3182 3527 3263 3596 τῷ
3304 3526 3436 3594 θείῳ
3470 3518 3686 3593 χρίεσθαι

2147 3625 2327 3695 μύρῳ.
2359 3626 2422 3677 Ei
2449 3623 2505 3677 δὲ
2534 3622 2700 3693 μήπω
2728 3621 3113 3692 βαπτίσματος
3146 3619 3411 3689 σφραγῖδι
3456 3614 3582 3685 πρός
3606 3627 3684 3664 του

2145 3716 2621 3787 ἐνεσημάνθησαν,
2652 3713 2851 3785 μηκέτι
2873 3713 2978 3766 ὑπὸ
3005 3711 3306 3783 αίρετικῶν
3331 3703 3686 3780 βαπτίζεσθαι·

2144 3809 2281 3862 ἀλλὰ
2309 3810 2416 3880 μὴν
2452 3807 2589 3879 μηδὲ
2622 3807 2876 3876 γαμικῶς
2911 3805 3212 3859 συνάπτειν
3260 3803 3479 3862 τούτους
3510 3799 3690 3868 αἱρετι-

2146 3902 2282 3965 κοῖς,
2353 3901 2489 3970 μήτε
2536 3901 2643 3971 μὴν
2713 3897 3006 3963 Ἰουδαίοις,
3059 3895 3187 3966 μήθ’
3223 3896 3511 3962 Ἕλλησιν·
3566 3887 3693 3956 αἱρε-

2147 3992 2333 4053 τικοὺς
2364 3990 2465 4061 μὲν
2516 3990 2643 4053 τοὺς
2690 3989 2752 4042 τδ
2790 3986 2914 4041 καθ’
2947 3986 3096 4055 ἡμᾶς
3148 3983 3478 4054 δεχομένους
3517 3971 3692 4046 μυστή’

2138 4101 2268 4161 ,ριον
2322 4082 2517 4151 λέγων,
2549 4079 2606 4134 έν
2660 4097 2771 4133 τισι
2804 4078 2861 4133 δὲ
2917 4077 3349 4147 σφαλλομένους,
3419 4069 3554 4140 παρδ
3610 4064 3691 4161 καὶ

2149 4173 2576 4245 διαφερομένους
2604 4173 2720 4233 τοῖς
2753 4168 3056 4239 ὀρθοδόξοις
3080 4185 3092 4198 ο
3128 4166 3422 4225 Ἰουδαίους
3469 4162 3543 4226 δὲ,
3581 4156 3689 4215 τοὺς

2150 4266 2602 4337 Χριστοκτὸνους,
2629 4263 2726 4316 καὶ
2750 4260 3046 4331 Ἕλληνας,
3081 4260 3209 4322 me;
3243 4254 3549 4328 περιφανῶς
3581 4246 3689 4302 ἀπί-

2154 4376 2310 4421 στους
2341 4359 2438 4412 καὶ
2469 4353 2858 4422 εἰδωλομανίαν
2888 4340 3202 4413 νοσοῦντας.
3258 4351 3321 4403 ΕΞ
3351 4349 3397 4403 δ’
3421 4348 3541 4407 ἴσως
3566 4340 3592 4392 ὁ
3625 4338 3694 4391 αί-

2156 4450 2393 4520 ρετικὸς,
2424 4447 2456 4517 ἢ
2484 4449 2512 4500 ὁ
2545 4446 2772 4508 ἄπιστος
2805 4441 3097 4497 συνθέσθαι
3140 4443 3209 4512 τῇ
3252 4437 3516 4512 ὀρθοδόξῳ
3547 4435 3694 4497 ἐπαγ-

2083 4541 2132 4602 D
2163 4540 2411 4610 γέλλεται
2466 4537 2666 4599 πίστει,
2700 4536 2760 4587 τὸ
2791 4534 2889 4605 μὲν
2940 4530 3301 4601 συνάλλαγμα
3357 4522 3690 4610 προὸαινέτω,

2159 4606 2328 4701 νησί·
2359 4632 2392 4701 ἡ
2423 4630 2481 4684 δέ
2532 4646 2599 4697 γε
2641 4628 2912 4695 συνάφεια
2957 4621 3364 4694 ὑπερτιθέσθω,
3418 4617 3595 4686 μέχρις
3639 4606 3694 4701 ἂν

2160 4698 2253 4778 κει
2276 4723 2345 4778 τε
2378 4698 2473 4792 τῆς
2511 4718 2846 4787 ἐπαγγελίας
2870 4716 3055 4787 ἔργοις
3090 4711 3387 4785 βεϐαιωθῇ.
3418 4706 3590 4761 Ταῦτα
3615 4698 3695 4752 καὶ

2160 4812 2270 4866 τῶν
2311 4811 2557 4866 Λατίνων
2611 4810 2788 4865 ποιεῖν
2836 4805 3259 4877 εἰσπράττονται
3307 4803 3357 4855 οἱ
3412 4794 3692 4867 ὀρθοδόξςυς

2160 4904 2469 4975 ἀγαγέσθαι
2493 4903 2759 4971 γυναῖκας
2792 4897 3109 4969 αἱρούμενοι
3134 4911 3151 4926 ο
3195 4897 3243 4948 οί
3275 4893 3332 4947 δὲ
3358 4895 3433 4960 μὴ
3462 4885 3691 4987 πειθόμε-

2160 5015 2241 5051 νοι
2272 4996 2507 5059 τούτοις,
2551 4993 2856 5053 κανονικοῖς
2887 4989 3189 5056 ἐπιτιμίοις
3222 4986 3533 5039 ὑπόκεινται
3553 4994 3566 5009 ο
3612 4985 3692 5025 συν

2159 5092 2227 5159 τῇ
2263 5087 2503 5140 διαλύσει
2531 5085 2639 5156 γὰρ
2666 5082 2762 5137 τοῦ
2805 5082 2986 5152 γάμου
3015 5082 3110 5132 καὶ
3140 5074 3501 5147 ἐπιτιμῶνται
3536 5068 3582 5121 οἱ
3607 5078 3691 5115 παν

2164 5178 2531 5252 ραόαίνοντες.

2248 5444 2307 5497 'O
2337 5444 2394 5496 δὲ
2424 5442 2525 5511 τῆς
2564 5442 2621 5494 ἐν
2655 5438 2948 5507 Λαοδικείᾳ
2984 5434 3036 5502 ι’,
3062 5436 3138 5489 υὺ
3164 5434 3263 5500 δεῖ,
3303 5430 3450 5501 φησὶ,
3476 5424 3588 5484 τοὺς
3615 5415 3695 5511 τῆς

2182 5502 2518 5603 Ἐκκλησίας
2566 5529 2877 5599 ἀδιαφόρως
2910 5502 3048 5598 πρὸς
3106 5523 3385 5580 κοινωνίαν
3438 5516 3600 5585 γάμου
3639 5502 3697 5557 τὰ

2171 5627 2379 5683 ἑαυτῶν
2406 5627 2575 5678 τέκνα
2607 5621 2901 5675 συνάπτειν
2932 5619 3244 5689 αἱρετικοῖς.

2253 5809 2309 5862 '0
2343 5806 2400 5860 δὲ
2429 5804 2527 5874 τῆς
2565 5802 2621 5857 ἐν
2665 5797 2997 5870 Καρθαγένῃ
3029 5801 3114 5849 κα¹
3168 5796 3233 5848 τά
3270 5793 3431 5846 τέκνα
3457 5784 3555 5839 τῶν
3578 5780 3689 5840 πάλην
