3992 6420
313 375 449 443 1177

1313 382 1723 444 ΞΥΝΤΑΕΜΑ
1771 385 2396 452 ΑΕΡΠΑΒΕΤΙΕΠΜ.
2430 384 2582 453 -Γ.

3449 386 3589 452 11⁵18

310 489 480 563 ρικῶν
511 490 764 556 ἑθνικοῖς,
797 491 966 562 ἧγουν
1012 492 1264 556 ἀπίστοις
1296 493 1327 563 ἢ
1359 496 1680 564 αἱρετικοῖζ,
1724 512 1887 564 γαμιο

2030 513 2118 549 ιιτιι
2172 500 2422 567 paganis,
2455 500 2561 555 hoc
2608 507 2692 555 est
2765 498 3073 554 inﬁdelibus
3136 508 3231 553 aut
3293 499 3584 556 haereticis.

311 583 419 645 κῶς
453 582 794 651 ἀπαγορεύει
820 583 1218 636 συνάπτεσθαι.

394 673 453 728 '0
475 674 530 728 δὲ
561 674 641 742 οβ’
681 673 861 726 κανὼν
891 671 989 742 τῆς
1023 681 1076 739 ς’
1119 676 1341 729 συνόδου
1380 676 1525 731 οὕτω
1553 679 1693 731 κατὰ
1741 678 1891 746 ῥῆμα

309 769 559 832 θεσπίζει
585 784 598 798 ’
623 768 715 839 Μὴ
740 769 943 832 ἐξέστω
972 768 1253 838 ὀρθόδοξον
1282 769 1450 836 ἄνδρα
1478 771 1732 840 αἱρετικῇ
1769 788 1898 824 συν-

308 861 579 919 ἅπτεσθαι
641 862 900 929 γυναικί·
956 865 1093 932 μήτε
1141 866 1248 934 μὴν
1278 863 1543 933 αἱρετικῷ
1590 865 1744 933 ἀνδρὶ
1794 881 1899 932 γυι-

310 958 472 1007 ναῖκα
509 953 790 1023 ὁρθὸὃοξον
823 954 1257 1020 συζεύγνυσθαιυ
1296 955 1410 1007 ἀλλ’
1456 958 1504 1008 εξ
1564 956 1661 1008 καὶ⁸
1700 956 1894 1024 φανείη

312 1065 363 1098 τι
397 1045 636 1105 τοιοῦτον
666 1046 771 1099 ύπὸ
796 1064 943 1107 τινος
975 1046 1083 1098 τῶν
1124 1046 1384 1100 ἁπάντων
1419 1047 1729 1117 γινόμενον,
1761 1047 1896 1101 ἄκυ·

316 1155 406 1209 ρον
433 1136 686 1206 ἡγεῖσθαι
732 1139 823 1189 τὸν
852 1137 1049 1206 γάμον,
1087 1138 1179 1190 καὶ⁵
1210 1138 1269 1190 τὸ
1302 1138 1553 1208 ’ἄθεσμον
1581 1136 1896 1191 διαλύεσθαι

315 1230 670 1283 συνοικὲσιον.
708 1231 784 1281 Οὐ
817 1231 925 1298 γᾰρ
959 1229 1065 1300 χρὴ
1120 1231 1189 1281 τὰ
1224 1229 1433 1299 ἄμικτα
1465 1229 1741 1300 μιγνύναι.
1775 1229 1897 1282 οὐδὲ

312 1321 390 1390 τῷ
439 1319 697 1392 προϐάτῳ
724 1321 888 1373 λύκον
921 1321 1356 1390 συμπλέκεσθαι,
1385 1322 1480 1375 καὶ
1509 1323 1573 1393 τῇ
1614 1320 1709 1373 τοῦ
1763 1323 1897 1392 Χρι-

315 1416 444 1469 στοῦ
486 1416 665 1486 μερίδι
696 1416 790 1468 τὸν
819 1417 926 1468 τῶν
960 1417 1306 1486 ἁμαρτωλῶν
1328 1417 1530 1486 κλῆρον
1555 1433 1570 1448 ·
1599 1417 1665 1470 ἂν
1701 1417 1757 1469 δὲ
1792 1434 1899 1469 πα-

318 1509 458 1577 ραϐῇ
522 1524 605 1570 τις
652 1508 721 1561 τὰ
775 1506 909 1577 παρ’
962 1508 1121 1575 ἡμῶν
1175 1507 1484 1575 ὁρισθέντα,
1528 1506 1896 1576 ἁφοριζέσθω.

316 1583 379 1654 Ei
410 1600 517 1670 γὰρ
550 1601 692 1652 κατὰ
753 1599 844 1653 τὸν
898 1599 1178 1652 πολιτικὸν
1235 1600 1402 1670 νόμον
1444 1601 1620 1669 γάμος
1652 1599 1897 1668 ὁρίζεται

312 1694 569 1746 κοινωνία
606 1693 698 1745 καὶ
728 1693 1116 1761 συγκλήρωσις
1162 1691 1309 1744 θείου
1339 1709 1397 1743 τε
1431 1693 1525 1744 καὶ
1551 1690 1896 1759 ἀνθρωπίνου

311 1783 546 1845 δικαίου,
578 1783 696 1846 πῶς
732 1783 797 1836 ἂν
831 1784 1096 1852 συμὸαῖεν
1121 1783 1377 1851 ἀλλήλοις
1407 1783 1455 1835 οἱ
1480 1781 1609 1852 περὶ
1631 1783 1697 1835 τὰ
1726 1780 1898 1851 μείζω

310 1876 697 1946 διαφερόμενοι
725 1878 790 1944 τῇ
823 1878 921 1943 τῆς
959 1876 1137 1944 ψυχῆς
1168 1875 1433 1938 διαθέσει,
1460 1856 1719 1927 ταναντία
1755 1890 1888 1943 φρο-

311 1969 529 2030 νοῦντες
549 1971 677 2038 περὶ
706 1966 805 2037 τὴν
834 1966 1018 2019 πίστιν
1041 1983 1058 2033 ;
1085 1967 1177 2017 Διὸ
1203 1966 1298 2019 καὶ
1326 1967 1461 2035 μετὰ
1484 1966 1582 2021 τὴν
1615 1965 1769 2018 λύσιν
1795 1963 1889 2017 τοῦ

313 2062 580 2130 ἀθεμίτου
632 2058 832 2129 γάμου,
893 2059 989 2111 καὶ
1041 2057 1405 2128 ἀφορίζεσθαι
1453 2059 1578 2120 τοὺς
1619 2057 1894 2127 παραϐαί-

312 2169 505 2215 νοντας
557 2152 720 2216 ἀξιοῖ.

397 2289 558 2343 Ἀλλὰ
591 2289 763 2342 ταῦτα
797 2289 895 2357 μὲν
942 2290 1065 2359 περῖ
1093 2287 1204 2340 τῶν
1237 2287 1494 2355 γαμικῶς
1529 2287 1591 2341 τὸ
1626 2286 1720 2340 νῦν
1754 2281 1894 2340 εἶναι

315 2381 763 2451 συναπτομένων,
793 2381 887 2434 καὶ
916 2382 1011 2433 τοῦ
1052 2382 1150 2451 μὲν
1190 2381 1313 2443 eia,-
1347 2381 1552 2450 μέρους
1594 2381 1896 2450 αίρετικοῖς

315 2474 752 2544 προσανέχοντος
790 2473 1045 2543 δόγμασι,
1099 2471 1332 2541 θατέρου
1366 2473 1422 2524 δὲ
1478 2472 1548 2525 τὰ
1599 2474 1699 2541 τῆς
1730 2471 1899 2541 ὀρθῆς

315 2567 716 2637 πρεσὸεύοντος
748 2566 1004 2618 πίστεωτ.
1041 2565 1100 2617 ΕΞ
1144 2565 1201 2617 δὲ
1233 2564 1328 2616 καὶ
1385 2564 1553 2633 ἄμφω
1604 2564 1676 2617 τὰ
1730 2564 1899 2633 μέρη,

317 2660 477 2730 φησὶ,
507 2660 597 2713 ὅτε
627 2658 883 2728 γαμικῶς
914 2656 1178 2725 συνῆλθον
1216 2656 1278 2709 τὸ
1330 2656 1388 2720 ἐξ
1422 2657 1619 2726 ἀρχῆς,
1662 2655 1763 2724 τῆς
1794 2655 1901 2708 τῶν

318 2749 1004 2820 ὀρθοδόξωνὴλλοτρίωντο
1031 2749 1249 2817 μοίρας,
1293 2746 1414 2801 εἶτα
1444 2750 1506 2800 τὸ
1544 2748 1644 2817 μὲν
1689 2747 1903 2815 ἐπέγνω

316 2846 421 2912 τὴν
471 2841 753 2908 ἀλήθειαν,
793 2840 1022 2911 θάτερον
1049 2840 1107 2893 δὲ
1166 2840 1240 2911 τῷ
1274 2840 1457 2908 σκότῳ
1488 2840 1591 2909 τῆς
1643 2840 1903 2904 ἀσεϐείας

319 2934 490 2987 είσέτι
542 2932 809 2995 δουλεύει,
841 2933 902 2984 ού
934 2933 1084 3001 παρὰ
1125 2935 1285 2985 τοῦτο
1314 2933 1376 2985 τὸ
1424 2935 1763 2988 συνοικέσιον
1793 2935 1907 2986 δια-

321 3028 641 3095 λυθήσεται,
663 3024 736 3087 ds;
760 3027 817 3076 ὲν
837 3028 900 3094 τῇ
927 3027 1062 3094 πρὸς
1097 3026 1419 3096 Κορινθίους
1452 3025 1645 3098 πρώτῃ
1671 3029 1697 3079 ὁ
1731 3026 1905 3095 μέγας

318 3117 614 3183 διορίζεται
635 3117 895 3179 Παῦλος(
925 3118 981 3169 ΕΞ
1000 3117 1107 3184 γὰρ
1131 3118 1393 3186 αἱρεῖται,
1424 3137 1441 3169 ι
1463 3118 1619 3187 φησι,
1648 3117 1753 3187 «τῷ
1777 3117 1906 3170 ἀπί-

2003 591 2336 645 matrimonii
2382 592 2500 663 lege
2545 593 2974 663 conjungantur,
3009 594 3279 662 prohibet.

2070 682 2207 736 Can.
2233 692 2415 738 autem
2462 684 2530 737 72
2556 693 2723 740 sextae
2756 701 2878 757 syn.
2947 685 3028 739 sic
3067 685 3133 740 ad
3189 687 3414 741 verbum
3461 701 3591 743 san-

2001 774 2074 829 cit
2102 790 2116 828 :
2149 774 2270 830 Non
2308 775 2388 830 fas
2416 776 2509 840 sit,
2553 786 2613 831 ut
2648 792 2771 831 cum
2826 778 3079 833 haeretica
3109 778 3340 832 muliere
3385 780 3469 832 vir
3497 795 3592 832 ore

2000 867 2275 921 thodoxus
2349 868 2758 922 matrimonium
2813 878 3012 934 coeat,
3081 885 3182 924 nec
3226 876 3289 922 ut
3332 870 3589 923 lueretico

1999 959 2120 1011 viro
2162 959 2357 1013 mulier
2394 959 2703 1013 orthodoxa
2745 960 2935 1014 nubat.
2970 946 3087 1014 lino
3132 961 3176 1015 si
3220 960 3401 1014 visum
3468 959 3591 1013 fue-

1999 1048 2069 1102 rit
2103 1049 2308 1118 aliquid
2355 1050 2672 1120 huiusmodi
2728 1065 2757 1104 a
2797 1067 3127 1121 quocunque
3164 1050 3393 1117 factum,
3421 1049 3591 1104 irrita:

2000 1141 2276 1195 ducantur
2318 1138 2542 1212 ﬁuptim,
2585 1150 2640 1195 et
2683 1142 2954 1197 nefarium
3018 1143 3433 1198 matrimonium
3475 1142 3592 1195 (lis-

2002 1235 2273 1288 trnhatur.
2328 1234 2543 1303 Quippe
2586 1250 2694 1289 non
2755 1235 3035 1290 miscenda
3087 1234 3304 1290 misceri
3354 1248 3460 1288 non
3493 1233 3590 1287 de-

2003 1327 2149 1391 bent,
2210 1341 2310 1381 nec
2365 1326 2525 1394 lupus
2583 1342 2707 1380 cum
2785 1328 3002 1381 ovicula
3077 1326 3443 1395 copulandas,
3490 1338 3593 1379 nec

2000 1433 2124 1471 cum
2167 1420 2417 1488 portione
2461 1419 2667 1473 Christi
2731 1436 2853 1476 sors
2922 1429 3293 1489 peccatorum.
3357 1417 3415 1472 Si
3458 1421 3585 1488 quis

2001 1520 2181 1564 autem
2222 1526 2251 1566 a
2285 1511 2443 1566 nobis
2483 1512 2706 1566 deﬁnita
2756 1521 3135 1580 transgressus
3188 1510 3372 1575 fuerit,
3413 1524 3594 1577 segre-

2001 1609 2179 1674 getur.
2206 1600 2415 1672 Quippe
2457 1604 2500 1657 si
2544 1606 2854 1659 secundum
2899 1604 3073 1673 legem
3118 1603 3332 1658 civilem
3405 1601 3594 1654 matri-

2001 1692 2245 1747 monium
2300 1693 2561 1748 delinitur
2629 1709 2752 1748 esse
2808 1693 3046 1748 societas
3106 1702 3160 1748 et
3247 1692 3590 1748 consortium

2001 1785 2169 1839 divini
2215 1801 2281 1841 ac
2300 1786 2526 1841 humani
2551 1785 2714 1855 juris,
2740 1786 3019 1855 quomodo
3041 1785 3354 1841 consentire
3385 1794 3596 1852 queant

1998 1876 2140 1931 inter
2205 1891 2286 1942 se,
2314 1876 2409 1945 qui
2463 1876 2530 1930 de
2582 1876 2836 1931 maximis
2906 1874 3075 1930 animi
3140 1875 3411 1930 dissident
3456 1873 3593 1928 aﬁ‘c-

1995 1969 2132 2025 ctu?
2186 1966 2614 2038 qui.contraria
2675 1969 2822 2023 circa
2891 1968 3052 2022 ﬁdem
3111 1968 3396 2023 sentiunt?
3452 1964 3596 2031 Qua‘

1995 2070 2219 2130 propter
2256 2058 2419 2113 etiam
2464 2068 2587 2127 post
2646 2057 2840 2112 nefarii
2890 2060 3222 2112 matrimonii
3277 2057 3598 2112 dissolutio-

1997 2166 2121 2207 nem
2153 2152 2622 2244 transgressiones
2653 2151 2769 2203 vult
2801 2165 2963 2222 poena
3001 2151 3399 2220 segregationis
3429 2148 3598 2204 allici'

2068 2289 2137 2343 Et
2166 2288 2282 2343 haec
2312 2287 2532 2357 quidem
2566 2288 2632 2343 de
2654 2287 2739 2353 iis,
2772 2288 2864 2358 qui
2894 2288 3008 2358 jam
3040 2288 3395 2342 matrimonio
3424 2301 3599 2356 copu-

2000 2378 2096 2439 lati
2145 2388 2293 2443 sunt,
2345 2394 2454 2433 una
2519 2388 2674 2447 parte
2734 2380 2976 2435 decretis
3038 2381 3308 2435 hmreticis
3358 2379 3597 2442 addicta,

2003 2470 2176 2524 altera
2210 2483 2417 2526 reetam
2448 2468 2606 2523 fidem
2633 2470 2870 2525 colente.
2912 2470 3071 2536 Quod
3106 2472 3153 2526 si
3187 2480 3416 2538 utraque
3447 2484 3598 2539 pars,

2005 2562 2221 2634 inquit,
2275 2578 2402 2617 cum
2432 2562 2500 2616 ab
2547 2562 2705 2617 initio
2761 2565 2973 2618 coirent
3027 2564 3084 2618 in
3159 2550 3598 2627 matrimonium,

2005 2662 2076 2709 ab
2111 2652 2542 2709 orthodoxorum
2600 2654 2780 2708 aliena
2825 2665 2971 2709 coetu
3018 2665 3177 2718 erat,
3245 2652 3444 2706 deinde
3491 2665 3601 2705 una

2006 2745 2290 2799 veritatem
2330 2745 2573 2813 agnovit,
2601 2744 2777 2798 altera
2809 2746 3048 2800 tenebris
3076 2745 3377 2813 impietatis
3421 2741 3603 2796 adhuc

2008 2837 2326 2892 serviente:
2391 2850 2498 2889 non
2551 2844 2837 2905 propterea
2919 2835 3331 2890 matrimonium
3402 2833 3604 2888 dissol-

2007 2939 2188 2992 vetur,
2221 2925 2686 2996 quemadmodum
2745 2925 2796 2979 in
2830 2927 2854 2978 i
2910 2926 3084 2995 Epist.
3116 2924 3181 2978 ad
3209 2925 3339 2979 Cor.
3368 2935 3603 2993 magnus

2012 3018 2106 3076 ille
2136 3018 2342 3073 Paulus
2382 3018 2574 3073 statuit
2616 3033 2631 3071 :
2665 3036 2683 3068 ι
2725 3016 2940 3087 Quippe
2986 3015 3033 3072 si
3066 3016 3240 3071 ﬁdelis
3288 3029 3426 3069 uror
3468 3029 3598 3069 cum

2014 3109 2218 3165 inﬁdeli
2247 3109 2447 3164 marito
2490 3108 2810 3164 cohabitare
2836 3109 2985 3173 velit,
3020 3108 3104 3162 vel
3128 3123 3157 3162 e
3182 3107 3484 3173 contrario,
3517 3106 3598 3159 \‘il

323 3229 435 3281 στιρ
464 3211 731 3263 συνοικεῖν
762 3210 795 3278 ἡ
855 3209 1047 3278 πιστὴ.
1090 3211 1122 3276 ἢ
1153 3211 1469 3262 τούναντίον
1517 3211 1544 3262 ὁ
1601 3209 1796 3273 πιστὸς
1839 3200 1904 3280 τῇ

2016 3203 2191 3256 ﬁdelis
2276 3216 2402 3256 cum
2484 3201 2689 3255 inﬁdeli
2762 3201 3012 3265 muliere,
3064 3213 3135 3254 ne
3201 3197 3583 3253 distrahantur

319 3302 558 3371 ἀπίστῳ,
601 3301 675 3371 μὴ
712 3298 1033 3370 ¹χωριζέσθω
1058 3316 1071 3329 ·
1103 3301 1362 3370 ἡγίασται
1393 3301 1502 3369 γὰρ
1534 3304 1560 3354 ὁ
1588 3300 1817 3364 ἄπιστος
1850 3301 1909 3353 ὲν

318 3397 388 3465 τῇ
416 3394 660 3462 γυναικὶ,
703 3391 883 3444 καὶτὸ
927 3391 1216 3460 ἕμπαλιν,ι
1250 3391 1538 3462 Γιλὴνὸρα,
1582 3392 1732 3455 ὅπως
1763 3392 1854 3444 καὶ
1882 3394 1911 3445 ὁ

319 3486 466 3546 θεῖος
481 3482 825 3544 Ἀπόστολος,
850 3482 1266 3549 συγκαταὸἀσει
1289 3481 1622 3553 χρώμενος,ι
1653 3484 1714 3535 ΕΙ
1736 3484 1911 3553 αἱρεῖ-

318 3593 466 3640 cat,»
497 3576 651 3644 φησὶ,
681 3591 699 3624 ι
726 3573 787 3624 τὸ
809 3572 1000 3625 πιστὸν
1017 3571 1184 3642 μέρος
1208 3576 1481 3626 συνοικεῖν
1508 3573 1581 3642 τῷ
1614 3572 1852 3641 ἀπίστῳ,
1882 3590 1902 3622 ›

316 3668 486 3732 ὥστε,
520 3667 568 3719 εί
624 3665 700 3736 μὴ
737 3664 1000 3734 αἱρεῖται,
1052 3665 1442 3748 ἀναμφιϐόλως
1475 3667 1502 3716 ὁ
1540 3665 1715 3734 γάμος
1746 3664 1911 3734 λυθὴ-
1946 3660 1961 3665 ’

321 3775 502 3813 σεται.

396 3899 707 3967 Πέπεισμαι
761 3895 815 3949 δὲ
869 3895 954 3949 ὅτι
985 3893 1085 3963 τῆς
1137 3894 1314 3966 ἀρχῆς
1359 3888 1430 3965 ἦν
1471 3892 1644 3947 ταῦτα
1675 3893 1769 3946 καὶ
1801 3893 1911 3946 τῶν

326 3989 632 4061 προοιμίων
677 3987 773 4040 τοῦ
804 3987 1202 4059 κηρύγματος·
1261 3986 1322 4038 τὸ
1355 3986 1413 4039 δὲ
1461 3988 1707 4057 τήμερον
1763 3983 1907 4054 ἔχον,

323 4083 440 4144 πῶς
469 4076 578 4135 οἷόν
614 4097 676 4134 τε
698 4080 949 4136 Ἰουδαῖον
977 4079 1009 4150 ἦ
1049 4079 1351 4150 Ἀγαρηνὸν
1382 4078 1753 4148 βαπτισθέντα
1788 4095 1912 4130 συν-

322 4176 496 4229 οικεῖν
546 4172 630 4226 ἔτι
674 4175 742 4245 τῇ
796 4172 1138 4243 ἁϐαπτίστῳ,
1180 4171 1345 4242 ἢτὴν
1383 4170 1799 4242 βαπτισαμένην
1830 4169 1911 4240 τῷ

326 4271 405 4341 μὴ
433 4267 778 4333 πιστεύοντι;
821 4267 965 4319 καθὰ
1023 4266 1087 4335 δὴ
1151 4266 1245 4317 καὶ
1280 4264 1375 4316 ἐπὶ
1416 4262 1512 4316 τοῦ
1564 4262 1909 4333 πατριάρχου

327 4361 520 4429 γέγονε
560 4358 840 4412 Θεοδότου.
873 4358 1195 4427 Βυκινάτωρ
1233 4359 1344 4427 γὰρ
1390 4355 1673 4426 βασιλικὸς
1717 4356 1911 4427 βαπτι-

325 4452 473 4515 σθεὶς
520 4449 911 4521 πατριαρχικῷ
932 4451 1226 4521 γράμματι
1252 4449 1477 4520 διεζύγη
1502 4450 1601 4518 τῆς
1629 4451 1904 4516 γυναικὸς,

326 4544 404 4614 μὴ
444 4509 1111 4614 πειθομένη-ς’,τῷΙὰνδρίί
1156 4541 1327 4596 πολλὰ
1347 4509 1794 4597 tueamini-0t")er
1841 4509 1910 4597 τά
1937 4509 1989 4569 D

326 4637 425 4706 τῆς
458 4635 740 4699 εύσεὸείας
761 4634 1001 4689 ἑλέσθαι.

410 4908 468 4962 ’0
495 4909 550 4960 δὲ
593 4907 692 4978 τῆς
727 4908 783 4959 ὲν
823 4905 1113 4975 Λαοδικείᾳ
1146 4902 1250 4968 λα’,
1298 4905 1372 4959 Οὐ
1425 4905 1525 4967 δεῖ,
1562 4905 1723 4974 φησὶ,
1773 4904 1914 4975 πρὸς

330 5002 506 5056 πάντα
537 5001 817 5071 αἱρετικὸν
848 4999 1155 5068 ἐπιγαμίαν
1190 5000 1384 5063 ποιεῖν,
1432 4998 1553 5051 οὐδὲ
1600 4999 1750 5062 υἱοὺς
1779 4997 1916 5053 διδό-

331 5109 417 5144 ναι
473 5091 505 5163 ἢ
547 5091 882 5158 θυγατέρας,
916 5089 1026 5143 δέει
1074 5088 1170 5141 τοῦ
1223 5090 1299 5158 μὴ
1350 5089 1445 5159 τὴν
1475 5089 1701 5142 ἐκείνων
1750 5107 1915 5143 κακο-

330 5183 505 5247 δοξίαν
563 5182 924 5254 μεταμαθεῖν,
963 5180 1102 5233 ἀλλὰ
1165 5181 1370 5247 μᾶλλον
1431 5180 1758 5250 λαμϐάνειν,
1796 5180 1913 5249 εἴγε

331 5275 753 5342 ὲπαγγέλλοιντο
789 5274 1111 5345 Χριστιανοὶ
1159 5272 1435 5340 γενέσθαι.
1492 5274 1565 5325 Τὸ
1594 5272 1673 5338 δὲ,
1721 5274 1794 5325 Ού
1836 5273 1916 5325 δεῖ

332 5367 469 5434 πρὸς
536 5367 715 5419 πάντα
766 5365 1069 5437 αἱρετικὸν,
1128 5365 1252 5417 ἀντὶ
1311 5366 1428 5429 τοῦ,
1487 5366 1627 5436 πρὸς
1681 5365 1910 5417 ούδέναο

334 5457 529 5526 ἰδίωμα
562 5459 671 5527 γάρ
700 5460 816 5512 ἐστι
838 5459 1130 5529 γραφικὸν,
1155 5460 1230 5522 ὡς
1258 5459 1340 5523 τὸ,
1381 5477 1398 5509 ι
1430 5458 1523 5526 Μὴ
1562 5457 1757 5526 φοὸοὖ,
1786 5459 1916 5510 ὅταν

335 5551 619 5622 πλουτήσῃ
648 5550 955 5621 ἄνθρωπος,
988 5553 1072 5604 ὅτι
1105 5553 1207 5604 οὐκ
1238 5554 1294 5602 ἐν
1317 5551 1793 5620 τῷάποθνήσκειν
1822 5551 1919 5602 αύ-

340 5644 423 5693 τδν
477 5644 708 5713 λήψεται
762 5644 831 5696 τὰ
892 5645 1091 5699 πάντα.
1127 5645 1198 5697 Ού
1227 5645 1338 5713 γὰρ
1385 5640 1495 5697 οἶόν
1553 5661 1611 5695 τε
1656 5645 1750 5695 καί
1796 5660 1916 5698 τινα

336 5733 519 5788 λαϐεῖν
540 5752 555 5766 ⁸
592 5755 610 5786 ι
656 5737 749 5788 καὶ
791 5735 1030 5804 ἀλλαχοῦ
1053 5753 1066 5765 ·
1095 5754 1112 5785 ι
1142 5736 1235 5804 Μὴ
1272 5737 1379 5806 γὰρ
1424 5735 1670 5805 ματαίως
1696 5736 1917 5797 ἔκτισας

336 5825 549 5891 πάντας
608 5829 734 5889 τοὺς
767 5828 918 5891 υἱοὺς
968 5829 1075 5884 τῶν
1126 5829 1428 5887 ἀνθρώπων
1454 5846 1466 5856 ⁸
1505 5849 1523 5881 ι
1577 5830 1640 5886 οὐ
1669 5830 1775 5887 γὰο
1810 5831 1919 5886 εἱσι

2011 3292 2225 3362 Quippe
2260 3292 2643 3347 sanctiﬁcatus
2681 3302 2767 3347 est
2798 3292 3033 3345 maritus
3079 3289 3317 3345 infidelis
3350 3290 3403 3342 in
3445 3288 3577 3342 muli

2010 3397 2126 3444 ere,
2161 3396 2226 3437 ac
2261 3383 2379 3438 vice
2414 3380 2805 3437 versauVide
2851 3391 3055 3445 tamen,
3093 3394 3204 3449 quo
3250 3389 3412 3447 pacto
3467 3376 3583 3431 divi

2012 3491 2117 3532 nus
2170 3476 2262 3531 hic
2293 3476 2591 3547 Apostolus
2638 3476 2796 3547 quasi
2859 3474 3326 3530 condescensione
3365 3470 3599 3542 quadam

2014 3577 2196 3632 utens,
2228 3587 2247 3620 ι
2278 3566 2334 3621 Si
2364 3571 2495 3637 "pars
2526 3567 2723 3632 fidelis,
2766 3566 2968 3635 inquit,
3023 3564 3231 3620 inﬁdeli
3288 3563 3606 3620 cohabitare

2010 3658 2163 3713 velit.
2191 3677 2209 3710 ι
2250 3657 2372 3725 Quo
2405 3660 2484 3723 iit,
2540 3668 2602 3713 ut
2633 3659 2679 3713 si
2736 3656 3059 3713 cohabitare
3092 3656 3248 3719 nolit,
3314 3655 3605 3710 matrimo-

2012 3750 2167 3804 nium
2203 3749 2324 3804 sine
2347 3749 2518 3804 dubio
2542 3747 2867 3803 solvendum
2895 3746 2987 3802 sit.

2084 3883 2398 3939 Persuasus
2426 3890 2611 3938 autem
2640 3881 2758 3952 ipse
2789 3897 2938 3947 sum,
2965 3880 3083 3936 hac
3123 3880 3295 3934 fuisse
3348 3876 3604 3949 principii

2013 3985 2068 4033 et
2108 3977 2266 4048 quasi
2304 3975 2733 4046 primordiorum
2765 3972 3194 4044 praedicationis.
3260 3953 3598 4023 Hodieruam

2012 4085 2142 4124 vero
2182 4068 2374 4122 faciem
2403 4082 2585 4122 rerum
2622 4065 2770 4134 quod
2802 4065 3022 4129 attinet,
3077 4062 3170 4133 qui
3220 4061 3349 4116 ﬁeri
3396 4068 3602 4130 potest,

2013 4160 2322 4217 utJudn-us
2346 4161 2432 4215 vel
2469 4159 2758 4229 Agarenus
2796 4159 3128 4224 baptizatus,
3162 4171 3288 4210 cum
3332 4169 3440 4208 non
3475 4154 3609 4221 bap-

2015 4255 2177 4309 tizata
2204 4268 2375 4309 uxore
2408 4253 2643 4322 amplius
2672 4251 2900 4316 habitet,
2927 4251 3014 4305 vel
3051 4249 3328 4318 baptizata
3360 4262 3483 4302 cum
3515 4259 3604 4310 eo,

2013 4349 2107 4418 qui
2132 4348 2289 4401 Iidem
2314 4354 2553 4401 nostram
2577 4360 2686 4401 non
2706 4354 2789 4399 est
2807 4343 3130 4415 amplexus?
3155 4340 3327 4408 Quale
3347 4339 3604 4410 quiddam

2013 4438 2335 4515 patriarcha:
2367 4436 2638 4491 Theodoti
2699 4446 2946 4506 tempore
3017 4435 3273 4504 contigit.
3307 4433 3440 4487 Nam
3474 4433 3608 4487 buc-

2015 4532 2228 4587 cinator
2267 4529 2491 4598 quidam
2558 4527 2950 4598 imperatorius
3008 4527 3320 4597 baptizatus
3402 4525 3606 4593 scripto

2014 4621 2372 4693 patriarehnli
2419 4628 2703 4688 separatus
2767 4617 2872 4674 fuit
2948 4618 3016 4673 ab
3091 4633 3284 4682 uxore,
3329 4632 3450 4686 qun:
3496 4631 3604 4669 non

2013 4714 2232 4770 volebat
2261 4712 2643 4782 obtemperare
2701 4712 2920 4777 marito,
2985 4711 3214 4764 multum
3271 4721 3393 4762 eum
3445 4706 3607 4763 obse-

2014 4805 2212 4872 cranti,
2255 4804 2473 4873 pietatis
2512 4813 2569 4856 ut
2595 4803 2992 4873 professionem
3021 4802 3463 4872 amplecteretur.

2088 4897 2276 4950 Canon
2333 4910 2465 4951 vero
2500 4895 2921 4950 SlLaodieenae
2980 4909 3130 4964 syn.,
3192 4891 3311 4946 Non
3366 4897 3605 4961 oportet,

2016 4985 2213 5056 inquit,
2244 4986 2393 5040 omni
2428 5001 2553 5040 eum
2605 4987 2870 5041 Ineretieo
2902 4980 3347 5038 matrimonium‘
3385 4988 3610 5034 contra-

2018 5079 2168 5144 here,
2204 5094 2303 5132 nec
2339 5079 2478 5133 tilios
2512 5079 2593 5132 vel
2629 5079 2772 5132 tilias
2825 5085 3056 5147 nuptum
3101 5076 3391 5138 collocare,
3426 5082 3608 5128 metu~

2016 5180 2194 5233 entes,
2230 5185 2301 5223 ne
2330 5185 2554 5239 pravam
2586 5170 2829 5239 ipsorum
2863 5170 3190 5224 sententiam
3235 5166 3608 5222 addiscamus:

2019 5264 2113 5318 sed
2149 5263 2221 5316 ita
2250 5265 2431 5332 potius
2484 5277 2599 5315 rem
2653 5278 2902 5332 agemus,
2948 5263 3011 5317 si
3076 5260 3324 5315 futurum
3384 5258 3612 5329 pollice-

2019 5366 2183 5412 antur
2228 5363 2287 5408 ιιι
2339 5352 2640 5409 Christiani
2689 5354 2840 5408 (iant.
2897 5354 3051 5420 Quod
3104 5353 3193 5407 hic
3217 5352 3440 5416 dicitur,
3488 5349 3611 5405 Non

2019 5457 2233 5520 oportet
2263 5445 2414 5500 omni
2458 5462 2582 5501 cum
2613 5447 2887 5511 haeretica,
2915 5444 3295 5501 tantummodo
3323 5452 3426 5507 est,
3465 5458 3528 5496 ac
3565 5441 3613 5497 si

2021 5543 2195 5604 dicas,
2252 5540 2404 5594 nullo
2466 5554 2590 5593 cum
2627 5539 2912 5595 haeretica.
2963 5537 3264 5593 Peculiaris
3305 5535 3450 5589 enim
3497 5534 3614 5588 haec

2026 5636 2328 5703 Scriptum
2359 5647 2529 5686 sacra:
2562 5632 2818 5702 loquendi
2851 5633 2990 5685 ratio
3045 5637 3150 5696 est,
3184 5630 3330 5682 velut
3362 5627 3414 5680 in
3479 5625 3527 5677 lu
3553 5638 3608 5690 c,

2032 5748 2050 5781 r
2090 5727 2250 5781 Absit
2286 5740 2315 5778 a
2345 5736 2394 5779 te
2421 5733 2624 5789 metus,
2663 5740 2788 5779 eum
2820 5725 2984 5778 homo
3020 5721 3174 5775 dives
3204 5720 3283 5786 fit,
3320 5719 3446 5788 quia
3480 5730 3604 5768 cum
3656 5768 3661 5773 ,

2027 5821 2258 5876 moritur
2310 5832 2414 5872 non
2461 5814 2669 5871 auferet
2700 5814 2904 5870 omnia.
2961 5811 3175 5882 Quippe
3213 5811 3330 5867 fieri
3364 5824 3473 5865 non
3509 5822 3615 5877 po-
