3992 6428
320 424 451 492 1181

1309 431 1716 494 SYNTAGMA
1752 432 2377 500 ALPHABETICUM.
2421 462 2485 475 -
2528 433 2570 486 Γ

3430 435 3568 505 1182

314 543 465 605 ἐντὸς
494 541 695 606 διετίας
720 542 1116 615 ἀναλαμϐάνει,
1150 548 1296 602 κατὰ
1322 551 1420 618 τὴν
1446 549 1540 603 τοῦ
1574 551 1887 603 Ἰουστινια-

2020 550 2252 605 titionem
2288 552 2431 606 intra
2487 549 2765 607 biennium
2818 563 2940 605 eam
2998 549 3216 619 recipit.
3256 550 3565 608 secundum

314 626 408 680 νοῦ
444 630 688 699 Νεαρὰν,
721 632 814 685 καὶ
842 634 1074 699 Λέοντος
1106 636 1201 690 τοῦ
1231 638 1426 706 Σοφοῦ.

752 727 818 779 A1
854 729 1035 781 αἰτίαι
1066 729 1171 782 τοῦ
1203 730 1448 797 ἀνδρός.

400 812 464 865 Ἢ
502 813 557 869 δὲ
586 816 724 885 γυνὴ
769 820 978 887 πέμπει
1028 823 1312 890 ρεπούδιον
1351 823 1430 892 τῷ
1462 823 1615 894 ἀνδρὶ
1658 823 1745 875 δτά
1790 821 1890 884 τὰς

314 906 495 968 αἰτίας
544 910 771 974 ταύτας,
805 911 1080 982 δυναμένη
1128 915 1427 968 ἀναλαϐεῖν
1468 916 1566 984 τήν
1594 932 1650 966 τε
1684 914 1889 983 ἑαυτῆς

314 1001 539 1067 προίκα.
570 1002 664 1053 καὶ
686 1002 782 1071 τὴν
811 1004 899 1055 διὰ
921 1007 1048 1067 τοὺς
1074 1005 1286 1075 γάμους
1313 1007 1520 1077 δωρεὰν
1546 1006 1643 1059 τοῦ
1673 1006 1886 1075 ἀνδρὸς,

313 1089 516 1153 ὁμοίως
544 1095 658 1155 τοῖς
696 1094 854 1146 παισὶ
896 1097 1312 1167 φυλαττομένης
1342 1099 1442 1168 τῆς
1486 1098 1583 1149 ἐπὶ
1615 1101 1679 1165 τῇ
1713 1098 1890 1167 δωρεᾷ

312 1182 659 1248 δεσποτείας.
715 1186 773 1249 ἢ,
827 1189 1033 1243 παίδων
1069 1191 1169 1244 οὐκ
1219 1190 1412 1258 ὄντων,
1466 1190 1611 1261 ἔχειν
1666 1189 1760 1243 καὶ
1789 1190 1890 1258 τὴν

314 1276 485 1344 αὐτῆς
515 1279 858 1334 δεσποτείαν.

385 1365 456 1421 α’.
509 1368 629 1420 Ἐάν
664 1388 714 1422 τι
753 1373 896 1424 κατὰ
929 1374 1028 1442 τῆς
1057 1374 1335 1442 βασιλείας
1385 1376 1418 1445 ἢ
1449 1374 1616 1437 αὐτὸς
1666 1370 1888 1445 βουλεύς

317 1478 503 1528 σηται,
536 1464 567 1531 ἢ
607 1463 763 1516 τοῦτό
789 1481 900 1519 τισι
930 1466 1343 1538 βουλευομένοις
1388 1467 1647 1521 συνειδὼς
1683 1466 1759 1535 μὴ
1786 1483 1892 1533 φα·

314 1551 529 1622 νερώσῃ
562 1556 629 1622 τῇ
670 1554 922 1627 βασιλείᾳ
953 1557 987 1628 ἢ
1023 1558 1094 1611 δι’
1124 1556 1347 1625 ἑαυτοῦ,
1388 1557 1423 1629 ἢ
1471 1557 1539 1611 δι’
1572 1556 1890 1625 οίουδήποτε

318 1661 639 1712 προσωπου.

389 1737 455 1806 β’.
506 1739 632 1790 Ἐὰν
668 1739 968 1810 οίῳδήποτε
999 1739 1190 1811 τρόπῳ
1242 1738 1605 1811 ὲπιδουλεύσῃ
1658 1741 1723 1811 τῇ
1774 1737 1887 1808 ζωῇ

314 1832 417 1898 τῆς
457 1832 741 1896 γυναικός.

392 1925 462 1986 γ’.
508 1921 633 1971 Ἐὰν
688 1924 756 1990 τῇ
817 1924 915 1991 τῆς
968 1921 1228 1990 γυναικὸς
1293 1919 1617 1991 σωφροσύνῃ
1673 1897 1970 1970 ἐπιδου-Β

317 2009 515 2072 λεύων,
545 2010 728 2075 ἄλλοις
755 2012 927 2082 αὐτὴν
966 2014 1046 2076 είς
1074 2013 1136 2066 τὸ
1169 2010 1892 2082 μοιχευθῆναι-ἐπιχειρήσῃ

321 2102 638 2169 προδοῦναι.
861 2145 869 2152 .

389 2195 452 2247 δ’.
499 2195 624 2248 ‘E‘zv
653 2182 1039 2270 κατηγορήσας
1072 2199 1240 2269 αὐτῆς
1286 2198 1314 2252 6
1339 2198 1481 2267 ἀνὴρ
1512 2197 1606 2249 ἐπὶ
1653 2195 1892 2265 μοιχείᾳ,

325 2288 401 2358 μὴ
430 2290 711 2361 ἀποδείξῃ.

394 2376 455 2431 ε’.
505 2380 627 2431 Ἐὰν
673 2380 840 2451 ἑτέρα
895 2380 1230 2449 συνέρχηται
1268 2379 1492 2447 γυναικὶ
1530 2378 1587 2431 ἐν
1635 2374 1712 2445 τῷ
1745 2373 1895 2444 αύτῷ

320 2470 480 2541 οίκῳ,
517 2472 639 2541 ἢτῇ
670 2472 810 2541 αὐτῇ
838 2472 1012 2532 πόλει,
1045 2475 1136 2523 καὶ
1167 2470 1537 2539 ὑπομνησθεὶς
1569 2470 1698 2538 παρ’
1726 2468 1897 2536 αὐτῆς

321 2562 357 2631 ἢ
395 2562 507 2613 τῶν
541 2563 742 2628 γονέων
773 2563 962 2632 αὐτῆς,
993 2562 1383 2633 ἦοίουδήτινος
1409 2563 1621 2628 ἑτέρου,
1661 2558 1899 2629 ἀποσχέ-

326 2653 452 2706 σθαι
493 2654 568 2722 μὴ
602 2653 882 2722 βούληται.

411 2744 530 2797 Ἐπὶ
556 2746 767 2806 τούτοις
800 2744 874 2814 μὴ
920 2745 1080 2814 μόνον
1108 2745 1208 2815 τὴν
1258 2745 1367 2816 πρδ
1395 2745 1580 2814 γάμου
1629 2743 1840 2813 δωρεὰν
1869 2743 1899 2796 δ

325 2834 468 2906 ἀνὴρ
504 2836 820 2905 ζημιοῦται,
859 2837 996 2890 ἀλλὰ
1042 2837 1138 2891 καὶ
1164 2837 1351 2908 ἕτερον
1379 2840 1563 2908 τρίτον
1612 2837 1781 2906 αὐτῆς
1831 2837 1897 2889 ὲκ

325 2926 425 2995 τῆς
467 2926 634 2994 ἄλλης
683 2926 850 2980 αὐτοῦ
907 2928 1254 2998 περιουσίας,
1314 2929 1410 2983 καὶ
1466 2931 1563 2991 τὰς
1626 2926 1898 2997 τιμωρίας

328 3016 644 3085 ὑφίσταται,
668 3017 734 3082 ἃς
788 3018 984 3090 ἔμελλε
1039 3021 1320 3093 παθεῖνοη
1365 3021 1505 3091 γυνὴ
1542 3018 1901 3082 καταδικαζο-

331 3110 490 3180 μένη-

294 3212 303 3217 ’
396 3204 558 3303 Εἰλὴν.
576 3202 701 3257 οὔτε
742 3205 775 3273 ἡ
812 3204 949 3303 γυνὴ
981 3204 1297 3274 αὐτονόμως
1342 3205 1648 3274 ἀναχωρεῖν
1673 3203 1897 3256 δύναται
1925 3245 1967 3303 c

328 3293 426 3346 τοῦ
465 3294 677 3364 ἀνδρὸς,
706 3295 830 3347 οὔτε
858 3292 1011 3357 οὗτος
1049 3296 1286 3365 ἐκείνης,
1322 3294 1495 3363 χωρὶς
1528 3294 1766 3365 κρίσεως
1802 3296 1898 3346 καί¹

329 3386 512 3454 ψήφου
538 3386 646 3437 τῶν
667 3386 956 3446 δικαστῶν.
988 3388 1063 3449 ὡς
1096 3387 1347 3455 διάφοροι
1372 3388 1529 3440 τοῦτο
1553 3387 1900 3450 θεσπίζουσιν

341 3476 762 3532 Ἰουστινιάνειοι
789 3477 1020 3547 Νεαραί.
1051 3478 1150 3530 Διὰ
1171 3476 1331 3531 τοῦτο
1358 3479 1386 3531 6
1409 3478 1666 3548 γαμήσας
1694 3476 1793 3547 τὴν
1822 3475 1899 3545 μὴ

326 3567 501 3630 οὕτως
526 3568 888 3622 ἀπολυθεῖσαν
924 3569 1203 3639 μοιχᾶται.

328 3749 521 3837 Λούσις
545 3770 737 3843 γόμου
773 3770 1038 3841 ἀζήμιος.
1071 3772 1170 3826 καί
1189 3783 1195 3792 ’
1215 3773 1347 3840 περὶ
1395 3773 1503 3839 τοῦ
1529 3772 1603 3827 δι’
1632 3772 1903 3841 ἄσκησιν

845 3843 1148 3912 λυομένου
1180 3844 1393 3913 γάμου.

414 3934 693 4006 Ἀζημίως
738 3935 795 3990 δὲ
838 3935 1028 3989 λύεται
1056 3937 1255 4007 γάμος,
1282 3937 1395 4002 ὅτε,
1429 3936 1669 4004 τριετίας
1708 3936 1907 4004 παρελ-

333 4026 552 4096 θούσης,
588 4028 616 4077 ὁ
643 4025 782 4096 ἀνὴρ
807 4027 902 4094 οὐχ
929 4020 1041 4089 οἷός
1073 4043 1134 4079 τε
1156 4027 1242 4096 εῐη
1280 4027 1525 4080 συνιέναι
1570 4028 1635 4085 τῆ
1666 4028 1903 4098 γαμετῇ,

332 4126 381 4177 εί
410 4126 503 4178 καὶ
544 4124 709 4187 αὐτὸς
738 4126 840 4195 τὴν
872 4123 1148 4189 διάζευξιν
1187 4122 1285 4191 οὐχ
1333 4121 1592 4191 αἱρεῖται,
1637 4101 1905 4189 μενούσης

330 4216 484 4286 παρὰ
518 4215 595 4286 τῷ
627 4215 782 4284 ἀνδρὶ
827 4214 925 4284 τῆς
966 4213 1072 4285 πρὸ
1103 4212 1199 4267 τοῦ
1231 4212 1414 4282 γάμου
1462 4210 1692 4281 δωρεᾶς,
1737 4209 1907 4279 μηδὲν

329 4306 548 4361 οἴκοθεν
570 4306 949 4383 ζημιουμένῳ.
1026 4354 1033 4357 .
1089 4296 1099 4308 ’

400 4399 599 4453 Λύεται
651 4399 832 4468 γάμος
865 4400 959 4452 καὶ
1019 4397 1148 4451 ὅταν
1178 4396 1412 4464 ἄσκησιν
1443 4393 1672 4465 θάτερον
1713 4392 1907 4462 ἕληται

328 4490 439 4542 τῶν
472 4491 680 4561 μερῶν,
716 4490 851 4560 πρὸς
891 4492 990 4555 τὴν
1030 4490 1123 4541 ἐπὶ
1176 4487 1246 4541 τὰ
1301 4486 1534 4556 κρείττω
1577 4484 1906 4556 μεταϐαῖνον

1993 643 2272 699 Novellam
2303 640 2626 708 Iustiniani,
2663 652 2720 697 et
2747 641 2951 697 Leonis
2976 641 3127 697 illius
3157 641 3456 713 Sapientis.

2556 732 2749 788 Carm:
2795 733 3000 786 mariti.

2061 824 2215 880 Uxor
2250 834 2431 879 autem
2461 825 2656 879 marito
2696 826 2984 892 repudium
3008 823 3179 877 mittit
3216 835 3440 893 propter
3465 824 3567 878 has

1991 934 2212 982 causas,
2241 935 2367 973 cum
2392 917 2646 971 facultate
2678 918 2861 972 dotem
2890 934 3072 981 suam,
3115 927 3168 971 et
3211 919 3563 971 donationem

1991 1011 2093 1063 viri
2160 1017 2382 1079 propter
2433 1010 2675 1077 nuptias,
2711 1008 3027 1077 recipiendi,
3066 1008 3257 1061 liberis
3309 1008 3570 1061 consimi-

1991 1101 2116 1156 liter
2156 1101 2211 1154 in
2264 1100 2561 1155 donatione
2591 1100 2969 1154 conservando
3003 1099 3250 1153 dominio
3294 1099 3409 1152 sive
3446 1114 3569 1167 pro-

1990 1194 2242 1263 prietate,
2304 1192 2383 1246 vel
2412 1190 2602 1245 liberis
2636 1206 2746 1246 non
2769 1188 3138 1257 exstantibus,
3178 1189 3345 1244 etiam
3383 1188 3569 1244 domi-

1990 1286 2143 1342 nium
2170 1285 2290 1355 ejus
2320 1284 2579 1339 habendi.

2064 1377 2117 1431 t.
2144 1375 2201 1431 Si
2223 1377 2488 1431 adversus
2525 1374 2865 1443 majestatem
2889 1372 3157 1442 principis
3181 1370 3265 1425 vel
3292 1371 3409 1438 ipse
3433 1368 3563 1439 quid

1991 1468 2215 1524 molitus
2244 1466 2432 1531 fuerit,
2466 1467 2549 1520 vel
2582 1463 2862 1535 aliquibus
2887 1462 3240 1517 molientibus
3271 1462 3387 1530 ipse
3435 1476 3566 1516 con-

1991 1564 2164 1628 scius,
2205 1563 2256 1618 id
2306 1560 2545 1632 principi
2582 1574 2689 1612 non
2723 1554 3061 1627 patefecerit,
3107 1555 3192 1609 vel
3225 1571 3323 1625 per
3369 1571 3448 1621 se,
3484 1554 3566 1608 vel

1992 1673 2089 1726 per
2122 1667 2509 1723 quamcunque
2547 1666 2866 1722 personam.

2061 1747 2171 1821 74
2194 1748 2248 1803 2.
2282 1746 2342 1803 Si
2373 1760 2707 1818 quocunque
2729 1744 2891 1797 modo
2912 1741 3035 1796 vita:
3058 1740 3308 1811 conjugis
3339 1739 3569 1796 insidia-

1995 1850 2088 1896 tus
2125 1841 2313 1895 fuerit.
2964 1886 2967 1887 ν

2068 1931 2124 1986 5.
2154 1929 2213 1984 Si
2263 1928 2543 2000 pudicitia;
2593 1930 2844 2001 conjugis
2897 1931 3128 1985 insidias
3178 1937 3419 1992 struens,
3446 1925 3569 1979 aliis

2000 2036 2120 2077 eam
2155 2022 2512 2091 stuprandam
2554 2024 2767 2077 tradere
2801 2034 3030 2078 conatus
3061 2021 3249 2076 fuerit.

2070 2211 2125 2265 4.
2154 2209 2215 2264 Si
2255 2207 2506 2275 maritus,
2539 2223 2710 2265 uxore
2733 2208 2989 2264 adulterii
3014 2215 3296 2269 accusata,
3323 2218 3436 2259 rem
3465 2216 3573 2258 non

2001 2302 2340 2372 probaverit.

2071 2392 2125 2448 5.
2159 2394 2215 2445 Si
2236 2392 2343 2447 alia
2368 2406 2494 2446 cum
2520 2392 2751 2446 muliere
2770 2399 2927 2446 coeat
2979 2391 3037 2445 in
3061 2389 3250 2444 eadem
3273 2390 3458 2453 domo,
3485 2383 3573 2440 vel

2001 2483 2192 2537 eadem
2245 2482 2490 2548 civitate,
2532 2496 2598 2536 ac
2644 2481 2886 2535 monitus
2928 2481 3000 2535 ab
3032 2495 3226 2543 uxore,
3271 2480 3353 2533 vel
3382 2493 3581 2547 paren—

2004 2571 2152 2628 tibus
2179 2570 2323 2640 ejus,
2360 2570 2443 2624 vel
2477 2569 2674 2640 quovis
2705 2569 2835 2637 alio,
2866 2584 2976 2623 non
3008 2570 3140 2623 velit
3169 2570 3469 2623 abstinere.

2072 2750 2131 2806 In
2157 2751 2244 2805 his
2273 2765 2381 2805 non
2411 2750 2592 2804 solum
2622 2748 2977 2805 donationem
3027 2759 3154 2803 ante
3196 2746 3419 2815 nuptias
3461 2760 3579 2799 ma-

2005 2845 2147 2899 ritus
2202 2844 2326 2898 loco
2375 2857 2551 2913 paena:
2597 2842 2826 2907 amittit,
2881 2856 3069 2895 verum
3120 2841 3284 2894 etiam
3318 2839 3575 2892 trientem

2006 2933 2342 3002 reliquarum
2393 2931 2569 3001 ipsius
2624 2931 2978 2995 facultatum;
3020 2938 3382 2998 praeterquam
3428 2928 3576 2996 quod

2005 3022 2103 3078 e'as
2134 3037 2358 3093 quoque
2392 3036 2586 3090 pmnas
2620 3022 2881 3086 sustinet,
2910 3035 3050 3090 quas
3092 3020 3205 3089 ipsa
3232 3017 3428 3072 mulier
3462 3026 3583 3071 erat

2006 3113 2199 3177 latura,
2235 3114 2280 3168 si
2323 3115 2685 3167 condemnata
2720 3112 2937 3166 fuisset.

2078 3205 2197 3261 Non
2226 3214 2404 3260 tamen
2441 3213 2537 3259 aut
2578 3205 2774 3258 mulier
2824 3203 3097 3257 arbitratu
3171 3217 3274 3259 suo
3308 3201 3581 3255 divertere

2000 3306 2180 3367 potest
2213 3312 2243 3351 a
2277 3289 2498 3359 marito,
2538 3305 2631 3349 aut
2661 3295 2893 3350 maritus
2932 3295 3002 3348 ab
3037 3296 3176 3363 ipsa,
3225 3295 3341 3348 sine
3366 3291 3583 3361 judich

1998 3402 2052 3444 et
2080 3391 2348 3446 sententia
2376 3389 2624 3460 judicum
2654 3407 2669 3444 :
2704 3390 3168 3459 quemadmodum
3220 3387 3454 3439 diversa:
3487 3383 3583 3435 Ju-

1999 3482 2229 3538 atiniaui
2255 3480 2495 3535 Novella:
2519 3490 2788 3536 statuunt.
2835 3482 2914 3536 Ac
2942 3490 3232 3551 propterea
3284 3478 3381 3547 qui
3426 3476 3580 3529 ducit

2000 3592 2229 3631 uxorem
2289 3588 2398 3629 non
2453 3574 2527 3629 ita
2602 3574 2952 3643 diremptam,
3024 3571 3358 3626 adulterium
3425 3583 3583 3623 com-

2002 3669 2193 3724 mittit.

2005 3785 2212 3840 Solutio
2240 3782 2567 3837 matrimonii
2596 3783 2732 3835 citra
2761 3797 2967 3848 pmnam
2994 3793 3013 3833 :
3040 3779 3203 3847 deque
3234 3776 3584 3830 matrimonio

2212 3859 2350 3924 quod
2379 3854 2775 3907 exercitationis
2805 3854 2906 3921 pia:
2939 3866 3102 3903 causa
3124 3849 3369 3902 solvitur.

2077 3948 2300 4016 Absque
2328 3960 2485 4014 poena
2514 3943 2927 3998 matrimonium
2962 3942 3217 4006 solvitur,
3244 3954 3367 3994 cum
3397 3939 3585 4005 elapso

2007 4038 2251 4094 triennio
2283 4036 2514 4090 maritus
2538 4050 2662 4089 cum
2692 4051 2861 4088 uxore
2891 4035 3039 4089 coire
3071 4034 3280 4101 nequit.
3309 4032 3435 4086 licet
3462 4031 3583 4099 ipse

2007 4131 2301 4187 divortium
2344 4130 2459 4184 fieri
2496 4129 2633 4183 nolit
2668 4146 2682 4183 :
2717 4139 2975 4183 manente
3008 4143 3175 4197 penes
3202 4128 3382 4180 virum
3412 4128 3581 4179 dona-

2008 4224 2157 4279 tione
2204 4233 2333 4275 ante
2371 4220 2610 4288 nuptias,
2660 4236 2760 4275 nec
2790 4220 3089 4290 quidquam
3124 4234 3350 4273 suarum
3396 4232 3581 4271 rerum

2007 4329 2184 4387 pmnze
2220 4311 2343 4367 loco
2374 4313 2686 4366 amittente.

2084 4402 2328 4459 Solvitur
2358 4401 2522 4455 etiam
2582 4400 3015 4464 matrimonium,
3060 4413 3185 4454 cum
3240 4399 3409 4452 altera
3460 4411 3584 4465 pars

2010 4492 2276 4550 exercitio
2305 4506 2463 4546 sacro
2497 4506 2557 4544 se
2589 4490 2759 4555 dedit,
2791 4491 2856 4545 ad
2908 4492 3047 4544 viam
3078 4490 3355 4544 itu-liorem
3395 4500 3581 4541 trans-

328 4582 470 4646 δδδν,
527 4581 748 4635 καὶτὸν
773 4580 984 4651 ἀμείνω
1028 4579 1144 4653 βίον
1190 4576 1539 4650 αἱρούμενον.
1585 4576 1900 4664 Ἰςηνικαῦτα

2020 4586 2155 4647 iens,
2185 4592 2241 4639 et
2270 4584 2437 4637 vitam
2488 4581 2542 4635 in
2563 4581 2801 4652 puritate
2831 4582 3131 4659 degendam
3165 4581 3398 4646 eligens.
3427 4578 3581 4632 Tunc

328 4677 439 4743 γὰρ
486 4673 786 4741 κελεύομεν
850 4673 1173 4745 παρρησίαν
1220 4667 1364 4725 εἶναι
1429 4670 1526 4723 καὶ
1584 4668 1743 4739 ἀνδρὶ
1810 4667 1908 4722 καὶ

330 4764 552 4833 γυναικὶ
580 4764 718 4834 πρὸς
750 4764 819 4817 τὰ
849 4762 1047 4834 βελτίω
1080 4761 1505 4833 μεθισταμένοις
1550 4759 1793 4814 διαλύειν
1841 4759 1904 4813 τὸ

333 4857 688 4922 συνοικισιον,
729 4857 824 4911 καὶ
885 4858 1193 4927 ἀναχωρεῖν
1250 4854 1391 4926 μετά
1442 4868 1591 4916 τινος
1645 4852 1907 4924 βραχείας

332 4948 856 5019 ύπολιμπανομὲνης
884 4947 962 5019 τῷ
993 4945 1482 5017 καταλελειμμένῳ
1520 4942 1900 5015 παραμυθίας.

336 5042 514 5112 Ὅπερ
536 5043 647 5111 γὰρ
674 5041 739 5093 ἂν
756 5042 1176 5111 συμφωνήσειαν
1192 5039 1245 5091 ei.
1272 5054 1335 5091 συ
1348 5036 1649 5108 μόαλόντες
1678 5036 1787 5090 ἀπὸ
1819 5052 1908 5088 τε-

331 5134 527 5204 λευτῆς
555 5131 809 5202 γενέσθαι
835 5132 1049 5201 κέρδος.
1079 5131 1239 5185 τοῦτο
1278 5130 1424 5202 ἔχειν
1449 5129 1533 5184 δεῖ
1561 5132 1651 5183 τὸν
1675 5128 1907 5183 καταλε-

331 5226 626 5296 λειμμένον
692 5225 845 5297 παρὰ
897 5224 1153 5294 θατέρου,
1204 5224 1319 5278 είτε
1375 5222 1535 5293 ἀνὴρ,
1598 5222 1709 5275 είτε
1764 5220 1904 5290 γυνὴ

334 5319 671 5389 καθεστήκοι
691 5335 705 5349 ”
730 5319 868 5373 διότι
899 5319 991 5371 καὶ
1025 5311 1179 5380 οὗτος
1220 5317 1281 5369 τό
1310 5334 1375 5386 γε
1408 5318 1500 5370 ἐπὶ
1543 5314 1621 5385 τῷ
1650 5316 1905 5386 συνοική-

333 5428 486 5466 σαντι
537 5411 687 5465 δοκεῖ
714 5411 998 5481 τελευτᾷν,
1050 5409 1245 5480 ἑτέραν
1273 5408 1392 5463 ἀνθ’
1424 5409 1614 5482 ἑτέρας
1656 5408 1772 5478 βίον
1810 5425 1905 5462 πο-

333 5503 490 5573 ρείαν
514 5502 787 5572 ἑλόμενος.

410 5594 478 5649 Ἠ
512 5595 624 5664 γὰρ
681 5594 1012 5663 ἀπόκαρσις,
1067 5594 1165 5648 καὶ
1226 5594 1453 5658 ἄκοντος
1514 5591 1745 5664 θατέρου
1790 5590 1899 5645 τῶν

331 5687 642 5756 ὁμοζύγων,
706 5690 915 5754 γίνεται
975 5688 1265 5756 ἀσφαλῶς’
1316 5691 1412 5742 καὶ
1443 5686 1677 5754 λέγομεν
1722 5684 1898 5755 ἀγαθῇ

328 5780 515 5852 χάριτι
559 5781 659 5851 τὴν
684 5780 955 5847 διάζευξιν
994 5780 1243 5848 γίνεσθαι
1267 5796 1279 5809 ο
1316 5781 1412 5833 καὶ
1452 5780 1511 5831 τὸ
1548 5778 1899 5849 περιλειφθὲν

331 5871 628 5943 πρόσωπον
660 5872 883 5926 δύναται
943 5873 1077 5949 πρδς
1129 5872 1322 5943 ἑτέραν
1360 5871 1624 5939 συζυγίαν
1680 5869 1896 5923 ἐλθεῖν·

2009 4677 2155 4732 enim
2188 4685 2295 4729 tam
2335 4675 2539 4737 virum,
2574 4689 2739 4743 quam
2788 4673 3097 4738 mulierem,
3130 4673 3199 4726 ad
3233 4673 3585 4741 praeclariora

2007 4786 2069 4827 se
2092 4770 2484 4836 conferentem,
2507 4768 2818 4823 divortendi
2838 4767 3237 4836 recedendique
3255 4773 3585 4835 potestatem

2010 4861 2215 4916 habere
2240 4861 2541 4930 jubemus;
2570 4859 2771 4929 exiguo
2796 4858 3036 4927 quodam
3064 4857 3292 4911 deserta:
3326 4856 3466 4924 parti
3493 4870 3582 4911 so-

2009 4954 2141 5008 latio
2193 4953 2409 5009 relicto.
2460 4951 2736 5022 Quidquid
2788 4950 2933 5005 enim
2982 4950 3373 5005 contrahentes
3438 4948 3584 5017 pacti

2008 5055 2158 5109 sunt,
2188 5052 2296 5097 uta
2332 5051 2511 5095 morte
2556 5042 2708 5095 lucro
2738 5039 2968 5093 alterius
2997 5040 3235 5102 cederet,
3284 5039 3336 5092 id
3380 5039 3584 5092 habere

2007 5141 2223 5204 oportet
2253 5134 2323 5187 ab
2351 5135 2524 5187 altero
2553 5131 2857 5195 desertum,
2907 5130 3024 5185 sive
3054 5134 3160 5194 vir,
3208 5131 3323 5185 sive
3382 5128 3581 5183 mulier

2006 5227 2076 5291 sit
2106 5243 2119 5280 :
2146 5227 2363 5294 quando
2390 5233 2444 5279 et
2465 5223 2599 5292 ipse,
2631 5230 2899 5293 quantum
2934 5222 3155 5292 quidem
3184 5222 3251 5276 ad
3287 5222 3577 5291 conjugem

2006 5318 2223 5381 attinet,
2253 5317 2393 5370 mori
2419 5315 2659 5381 videtur,
2692 5315 2928 5371 alterum
2953 5316 3080 5372 vita:
3114 5317 3221 5371 iter
3258 5331 3382 5371 cum
3404 5317 3581 5377 altero

2005 5419 2376 5465 commutatis.

2077 5589 2291 5645 Etenim
2342 5598 2565 5644 tonsura
2602 5597 2750 5644 recte
2780 5560 2837 5643 tit
2868 5589 3034 5645 etiam
3062 5589 3330 5644 alterutro
3366 5589 3574 5659 e-oujuc

2004 5698 2129 5755 gum
2164 5684 2358 5736 invito.
2393 5681 2636 5737 Dicimus
2658 5682 2845 5747 etiam,
2875 5682 3017 5736 bona
3046 5684 3225 5750 gratia
3252 5682 3368 5736 fieri
3394 5682 3575 5736 divor-

2005 5777 2163 5830 tium.
2218 5774 2456 5830 Persona
2497 5788 2721 5844 quoque
2758 5771 3022 5827 derelicta
3075 5782 3255 5843 potest
3306 5774 3452 5829 aliud
3503 5774 3570 5831 ad

2005 5866 2416 5921 matrimonium
2479 5863 2758 5919 accedere.
2804 5862 2911 5917 Sed
2954 5863 3057 5918 hoc
3110 5867 3268 5920 uxori
3325 5868 3567 5938 episcopi
