3992 6464
452 440 592 521 1133

1648 452 1917 512 ΜᾹΤΤΙῙ
1930 451 2021 512 [Εἰ
2072 452 2361 512 BLASTA
2374 451 2499 511 [ὶῐὸ

3560 451 3674 515 1181

443 566 683 624 ordinati
712 581 819 619 non
851 564 1164 620 cstdatnm.
1192 562 1432 631 Ideoque
1456 575 1582 614 cum
1611 559 1730 630 ejus
1750 575 2023 617 consensu

2141 558 2267 611 tm
2332 562 2397 629 τῇ
2445 556 2540 611 τοῦ
2596 553 3072 628 χειροτονηθέντας
3127 552 3427 608 ἐπισκόπου
3482 556 3676 623 γυναικὶ

446 661 559 714 fieri
601 658 1008 713 ordinationem
1046 662 1282 722 opot'tet,
1316 662 1483 723 atque
1523 653 1598 707 ita
1636 654 1792 722 sequi
1829 662 2024 709 tonsu—

442 767 560 805 ram
587 751 706 820 t'jtts
750 751 886 803 citra
923 756 1349 801 recusationem.

520 926 764 981 Solvitur
795 927 962 979 etiam
1012 925 1445 989 matrimonium,
1484 939 1610 979 cum
1660 924 1892 978 maritus
1935 935 2030 978 aut

445 1019 659 1072 uxorin
695 1018 1068 1087 captivitatem
1097 1018 1346 1081 venerit,
1375 1033 1438 1071 ac
1467 1033 1561 1087 per
1586 1017 2026 1087 quinquennium

447 1125 554 1163 non
593 1120 824 1174 Constat,
858 1126 924 1164 an
957 1111 1102 1163 vivat
1141 1124 1332 1163 necne.
1847 1103 1857 1119 ‘

522 1199 577 1252 Si
618 1217 747 1252 vero
776 1210 976 1269 praeter
1008 1208 1267 1265 statutas,
1302 1199 1502 1268 inquit,
1555 1213 1585 1252 a
1631 1198 1796 1252 nobis
1831 1212 2030 1253 causas

449 1292 566 1345 ausi
600 1294 819 1360 quidam
860 1294 1062 1346 fuerint
1109 1292 1522 1345 matrimonium
1579 1291 1815 1356 solvi-rc,
1868 1292 2030 1359 jube-

449 1399 592 1448 mus,
631 1385 902 1451 sip-item
952 1386 1192 1439 babeant
1245 1385 1645 1438 descendentes
1695 1385 1777 1437 vel
1812 1398 1877 1437 ex
1926 1383 2030 1438 boc

449 1477 591 1546 ipso,
630 1480 709 1531 vel
736 1496 798 1531 ex
829 1480 937 1531 alio
973 1479 1347 1542 matrimonio,
1382 1488 1443 1531 ut
1474 1477 1806 1547 iisipsornm
1850 1476 2028 1530 facul-

451 1578 591 1622 tates
642 1571 862 1631 dt'nlltr,
900 1579 955 1623 et
992 1569 1047 1621 in
1109 1570 1506 1623 monasterium
1553 1567 1656 1636 ipsi
1711 1567 2031 1635 injirtiantur

448 1660 595 1712 onuti
653 1663 771 1711 vita:
813 1676 927 1713 sua:
970 1669 1236 1728 tempore.
1268 1669 1323 1713 et
1374 1658 1711 1713 monasterio
1767 1674 1894 1727 pars
1960 1674 2031 1712 ex.

451 1747 693 1815 ipsorum
726 1748 886 1803 bonis
924 1749 1219 1802 tribuatur.
1282 1748 1377 1801 Sin
1414 1750 1807 1803 descendentes
1852 1750 2029 1803 nullos

450 1838 710 1903 ltabeant,
775 1843 868 1893 sed
916 1846 1303 1907 ascrndentes,
1350 1853 1407 1894 ut
1432 1841 1468 1893 ii
1511 1841 1726 1893 tertiam
1757 1842 2025 1895 bonorum

449 1941 656 1999 partem
689 1945 1120 2003 Consequantur,
1170 1935 1213 1986 si
1256 1935 1516 1988 solutioni
1554 1934 1889 1987 matrimonii
1920 1950 2025 1987 non
2064 1918 2102 1972 Β

449 2027 849 2076 consenserint.
897 2024 1051 2088 Quod
1087 2026 1129 2075 si
1180 2038 1278 2075 nec
1336 2026 1731 2087 asrcmientes,
1775 2038 1875 2076 nec
1928 2024 2027 2076 de-

451 2116 1012 2170 Bt‘entiClllt‘SIEXsltiltl
1050 2133 1062 2168 :
1096 2117 1353 2182 jnbemns
1389 2115 1572 2167 omnia
1628 2116 1765 2167 bona
1809 2130 2028 2170 monas-

450 2206 626 2268 teriis,
696 2207 751 2258 in
810 2223 932 2274 quer
992 2206 1239 2260 cont-lusi
1309 2204 1530 2263 fuerint,
1599 2204 1844 2256 attribui.
1886 2202 2027 2269 Quin

450 2306 614 2350 ctam
651 2298 767 2350 haec
815 2299 1175 2352 iusti-inuenta
1236 2297 1341 2367 75
1395 2297 1598 2349 nefaria
1652 2294 2026 2359 conficientes,

452 2390 652 2458 subjici
688 2393 862 2459 pennis
882 2392 1285 2459 corporalibus,
1310 2399 1363 2442 et
1385 2391 1437 2442 in
1461 2390 1712 2443 exsilium
1730 2389 1867 2441 mitti
1889 2404 2029 2458 prte-

452 2479 711 2547 cipimns.
739 2479 834 2532 Sin
877 2492 1059 2534 autem
1098 2483 1153 2543 ii,
1190 2484 1281 2550 qui
1321 2482 1612 2535 divortium
1647 2481 1829 2535 facere
1848 2481 2030 2534 conati

450 2566 697 2636 fuerunt,
751 2588 942 2627 rursus
987 2574 1040 2625 in
1084 2574 1494 2627 tnatrtntonium
1556 2575 1704 2628 coire
1759 2573 2033 2627 voluerint

452 2673 750 2733 antequam
796 2666 848 2717 in
897 2667 1229 2720 nonasteria
1268 2667 1419 2720 missi
1465 2677 1615 2728 sunt,
1647 2667 1697 2719 id
1731 2666 1925 2736 agendi
1963 2667 2029 2719 li-

453 2756 685 2810 centiam
713 2757 843 2823 ipsis
872 2759 1244 2823 concedimus,
1297 2768 1351 2812 ct
1405 2758 1696 2827 praedictas
1729 2772 1918 2826 poenas
1951 2758 2030 2812 eis

452 2848 809 2913 remittimus,
856 2852 1102 2919 adeoque
1136 2849 1427 2907 facultates
1471 2868 1603 2906 suas
1653 2852 1889 2905 retinere
1934 2865 2035 2918 po-

455 2948 660 2994 terunt.
722 2943 792 2994 At
846 2960 954 2997 una
1001 2961 1235 3013 persona
1308 2948 1721 3001 matrimonium
1773 2962 2034 3001 revocare

454 3028 694 3094 Veiente,
723 3031 766 3082 si
804 3030 973 3085 altera
1001 3048 1222 3101 quoque
1254 3050 1490 3103 persona
1514 3050 1619 3089 non
1662 3034 2030 3100 consenserit,

456 3120 723 3176 adversus
754 3137 873 3176 eam
916 3140 1090 3192 ptenae
1136 3136 1267 3180 τοία»
1318 3129 1449 3191 sint,
1502 3143 1624 3196 qum
1665 3128 1868 3181 renuit.
1908 3126 2035 3182 Haec

456 3221 638 3265 autem
710 3213 825 3267 tieri
890 3215 1149 3283 jubemns
1218 3217 1621 3274 interveniente
1688 3218 2102 3289 providentiaC

459 3302 998 3368 religiosissimorum
1031 3311 1439 3378 episcoporum.

531 3394 687 3461 Quod
744 3398 787 3450 si
846 3414 941 3467 per
986 3415 1318 3456 consensum
1371 3402 1660 3472 utriusque
1708 3402 1902 3471 partis,
1952 3403 2035 3456 vel

458 3503 645 3542 amore
705 3490 977 3556 pudicitiae
1057 3493 1466 3548 matrimonium
1548 3494 1786 3549 solutum
1849 3492 2034 3559 fuerit,

463 3580 740 3646 iubemus,
773 3597 828 3636 ut
856 3585 1040 3638 statim
1080 3596 1315 3653 utraque
1363 3602 1487 3655 pars
1526 3586 1591 3639 ad
1646 3588 1810 3639 vitam
1850 3586 2031 3641 solita-

462 3675 598 3729 rium
650 3678 893 3737 accedat,
926 3678 1014 3755 ita
1048 3679 1293 3747 quidem,
1347 3690 1408 3733 ut
1467 3695 1494 3732 a
1540 3681 1715 3748 pmnis
1762 3680 2038 3735 immunes

463 3777 742 3822 mam-ant.
780 3770 935 3833 Quod
961 3772 1006 3823 si
1041 3771 1167 3839 quis
1206 3786 1398 3825 eorum
1433 3770 1517 3823 Vel
1554 3771 1618 3824 ad
1647 3772 1783 3826 alias
1816 3772 2039 3840 nuptias

462 3861 858 3923 cmmdaverit,
894 3863 974 3915 vel
1025 3865 1077 3916 in
1131 3860 1549 3917 fornicationem
1587 3862 1860 3927 inciderit,
1919 3881 2038 3917 om-

466 3953 553 4024 nia
609 3952 781 4021 ipsius
833 3954 971 4007 bona
1012 3954 1169 4008 liberi
1220 3955 1508 4027 accipient.
1569 3954 1663 4010 Sin
1696 3956 1850 4012 liberi
1905 3957 2039 4012 nulli

465 4056 700 4109 exstent,
739 4047 903 4102 tiscus
927 4049 1204 4102 succedet.

701 4159 854 4215 CAP.
884 4160 1029 4217 XIV.
1070 4161 1147 4217 De
1181 4162 1502 4218 diaconisst’s
1533 4171 1582 4219 et
1615 4164 1807 4219 viduis.

537 4316 764 4382 Quaeras
797 4332 919 4387 cap.
947 4317 1007 4371 lt
1053 4320 1341 4387 praesentis
1362 4320 1590 4395 litterae.

468 4431 622 4485 CAP.
656 4430 773 4485 XV.
804 4431 880 4485 De
908 4432 1227 4505 mulieribus
1261 4434 1597 4503 desponsotis
1625 4452 1643 4491 :
1671 4439 1727 4492 in
1757 4453 1858 4505 quo
1882 4439 2043 4492 etiam

882 4503 947 4556 de
973 4506 1311 4572 sponsalibus
1339 4516 1624 4562 tractatur.
1668 4531 1687 4567 ,ι

540 4591 727 4647 Canon
759 4594 827 4649 69
884 4594 1070 4648 Basilii
1096 4595 1294 4663 Magni,
1358 4595 1414 4650 Si
1448 4597 1639 4663 lector,
1671 4600 1849 4670 inquit
1883 4643 1895 4664 ,
1919 4616 2044 4656 cum

472 4684 749 4752 desponsa
810 4688 915 4741 sibi
986 4688 1219 4742 muliere
1277 4697 1403 4743 ante
1458 4691 1770 4746 celebratas
1826 4693 2048 4761 nuptias

472 4776 688 4835 Coicril,
731 4778 894 4831 etiam
928 4779 1046 4850 ipsa
1084 4781 1484 4845 consentiente,
1532 4782 1597 4836 ad
1638 4784 1771 4837 anni
1809 4786 2045 4849 spatium

473 4879 790 4938 segregatus
838 4872 903 4925 ad
959 4873 1183 4929 lectoris
1227 4874 1451 4943 quidem
1502 4890 1704 4930 munus
1752 4877 1912 4939 redit,
1957 4878 2050 4931 sed

477 4962 740 5027 majorem
786 4964 850 5018 ad
899 4965 1129 5033 gradum
1179 4981 1287 5021 non
1326 4967 1669 5035 provehitur.
1713 4967 1806 5023 Sin
1844 4970 2052 5038 absque

476 5057 824 5121 Sputsalibus
868 5073 991 5112 cum
1035 5060 1265 5115 muliere
1322 5062 1778 5118 consuetudinem
1831 5063 2050 5123 habeat.
2090 5064 2091 5067 “

479 5149 700 5201 tametsi
741 5148 882 5205 forte
908 5153 1091 5207 verbis
1118 5153 1166 5206 ei
1200 5154 1548 5225 signiticarit,
1581 5171 1640 5211 se
1674 5156 1821 5210 illam
1854 5158 2051 5212 ductu-

479 5251 600 5288 rum
661 5252 912 5306 uxorem,
965 5244 1128 5297 etiam
1184 5245 1492 5301 ministerio
1542 5245 1764 5301 lectoris
1825 5244 2051 5299 excidit.

479 5323 635 5390 Quod
679 5328 724 5383 si
781 5333 1034 5387 minister
1072 5335 1189 5389 sive
1228 5334 1496 5391 diaconus
1543 5335 1647 5391 boc
1697 5335 1872 5390 altero
1913 5335 2054 5390 vitio

478 5420 798 5491 deliquerit,
840 5425 1145 5481 ministerio
1178 5444 1279 5483 suo
1320 5443 1546 5497 prorsus
1578 5427 1818 5497 eiicitur.

553 5513 950 5601 Nonagesimns
986 5528 1416 5585 octavusantem
1458 5531 1623 5575 sextm
1655 5520 1847 5592 synodi
1877 5535 2053 5576 canon

480 5626 626 5674 eum,
645 5613 735 5681 qui
758 5613 913 5667 alteri
937 5615 1260 5684 desponsam
1280 5615 1331 5668 in
1353 5615 1691 5668 matrimonii
1714 5616 2054 5670 consortium

484 5705 767 5769 adsciscit,
792 5707 971 5760 adhuc
1014 5707 1107 5759 illo
1148 5706 1446 5776 superstite
1473 5707 1563 5775 qui
1614 5708 1891 5776 sponsalia
1928 5722 2057 5762 eon-

484 5800 674 5861 traxit,
709 5799 925 5851 crimini
959 5798 1219 5853 adulterii
1253 5799 1495 5867 snbjicit.
1527 5797 1685 5865 Quod
1719 5799 1764 5854 si
1794 5816 1899 5853 non
1942 5814 2056 5853 ma-

487 5886 731 5942 trimonii
758 5888 891 5959 lcge,
920 5890 1011 5944 sed
1039 5891 1333 5946 srortando
1364 5906 1485 5946 cum
1514 5890 1607 5945 tali
1641 5890 1914 5959 quispiam
1942 5907 2053 5947 rem

2130 647 2289 699 τοῦτο
2324 649 2382 700 οὑ
2415 647 2661 700 δέδοται⁸
2699 646 2790 699 καὶ
2832 645 2922 698 διὰ
2963 643 3122 698 τοῦτ)
3159 645 3297 713 μετὰ
3350 649 3677 712 συναινέσεως

2129 738 2300 805 αὐτῆς
2328 740 2411 792 δεῖ
2430 739 2688 807 γενέσθαι
2710 739 2810 806 τὴν
2840 737 3196 807 χειροτονίαν,
3231 739 3331 790 καὶ
3375 737 3542 802 οὕτως
3569 742 3681 793 ἐπα·

2130 831 2409 884 κολουθεῖν
2441 832 2839 901 ἀπαραιτήτως
2871 830 2972 898 τὴν
3003 829 3204 899 ταύτης
3235 829 3554 899 ἀπόκαρσιν.

2202 923 2401 977 Λύεται
2453 924 2632 992 γάμος
2683 924 2774 975 καὶ
2833 923 2964 975 ὅταν
3019 921 3363 990 αἰχμάλωτος
3417 922 3681 989 γένηταιό

2130 1012 2289 1082 ἀνὴρ,
2347 1013 2379 1085 ἢ
2441 1016 2473 1084 ἡ
2529 1015 2689 1084 γυνὴ,
2760 1012 2955 1082 ἄδηλον
3014 1010 3077 1064 δν
3135 1011 3230 1063 ἐπὶ
3271 1013 3604 1079 πενταετίαν,
3641 1017 3681 1069 εί

2203 1197 2266 1249 Ei
2300 1196 2356 1249 δὲ
2394 1198 2549 1266 παρὰ
2600 1198 2702 1260 τλς
2769 1199 2863 1266 ὑφ’
2911 1197 3094 1267 ἡμῶν,
3129 1197 3286 1266 φησὶ,
3342 1197 3683 1267 διωρισμένας

2130 1288 2310 1350 αἰτίας
2334 1289 2668 1359 τολμήσουσί
2699 1307 2844 1352 τινες
2868 1289 3109 1342 διαλύειν
3141 1290 3232 1342 τὸν
3263 1290 3461 1359 γάμον,
3491 1292 3682 1344 κελεύο-

2133 1396 2255 1449 μεν,
2282 1382 2331 1432 εί
2363 1380 2464 1449 μὲν
2486 1381 2772 1442 κατιόντας
2800 1380 2998 1448 ἔχοιεν,
3032 1381 3141 1432 εἴτε
3172 1381 3229 1446 ἐξ
3284 1380 3470 1444 αὐτοῦ,
3500 1383 3600 1434 εἴτε
3633 1384 3684 1447 ἐξ

2129 1470 2294 1524 ἄλλου
2333 1472 2540 1541 γάμου,
2572 1471 2672 1533 τὰς
2705 1472 2895 1534 οὐσίας
2957 1470 3139 1524 αὐτῶν
3175 1471 3406 1535 ἐκείνοις
3446 1472 3698 1539 δίδοσθαι,

2131 1563 2229 1616 καλ.
2262 1563 2462 1626 αὐτοὺς
2501 1565 2582 1627 είς
2616 1566 2984 1633 μοναστήριον
3017 1563 3391 1628 ἐμϐάλλεσθαι
3418 1562 3507 1615 ἐπὶ
3527 1566 3683 1616 πὲντσ

2129 1655 2222 1707 τὸν
2248 1657 2348 1723 τῆς
2380 1654 2526 1723 ζωῆς
2551 1654 2731 1708 αὑτῶν
2768 1656 2982 1725 χρόνον,
3015 1657 3108 1706 καὶ
3142 1654 3310 1724 μέρος
3344 1653 3422 1723 τῷ
3448 1672 3687 1725 μοναστη-

2133 1745 2235 1816 ρίῳ
2262 1746 2502 1799 δίδοσθαι
2535 1748 2599 1800 ὲκ
2628 1747 2729 1817 τῆς
2778 1746 2966 1810 οὐσίας
2996 1746 3198 1799 αὐτῶν.
3243 1747 3305 1800 Εἰ
3335 1747 3393 1800 δὲ
3421 1749 3492 1817 μὴ
3536 1747 3687 1816 ἔχοιεν

2133 1840 2447 1902 κατιόντας,
2472 1838 2608 1893 ἀλλὰ
2636 1840 2912 1904 ἀνιόντας,
2963 1838 3192 1902 τούτους
3226 1839 3287 1891 τὸ
3321 1839 3505 1909 τρίτον
3544 1839 3685 1909 μέρος

2131 1929 2232 1998 τῆς
2275 1930 2464 1993 οὐσίας
2504 1930 2685 1984 αὐτῶν
2745 1929 3075 2001 λαμϐάνειν,
3111 1932 3160 1981 εἰ
3197 1930 3276 2001 μὴ
3320 1934 3388 2002 τῇ
3430 1931 3575 1984 λύσει
3603 1933 3682 1985 τοῦ

2131 2022 2308 2092 γάμου
2332 2022 2667 2093 συνῄνεσανδ
2701 2024 2749 2077 εί
2773 2023 2828 2075 δὲ
2859 2024 2997 2094 μήτε
3020 2024 3288 2088 ἀνιόντες,
3320 2025 3454 2092 μήτε
3491 2025 3681 2078 κατιόν-

2130 2130 2221 2175 τες
2276 2110 2406 2179 εἶεν,
2446 2113 2742 2183 κελεύομεν
2784 2117 2966 2166 πᾶσαν
3022 2113 3123 2184 τὴν
3171 2113 3367 2166 οὐσίαν
3404 2116 3514 2175 τοῖς
3544 2130 3683 2179 μονα-

2135 2208 2378 2278 στηρίοις
2410 2200 2492 2269 οἷς
2528 2207 2900 2277 ἐνεϐλήθησαν
2930 2207 3174 2260 δίδοσθαι
3203 2222 3218 2237 ·
3252 2206 3390 2259 ἀλλὰ
3444 2207 3534 2259 καὶ
3576 2204 3682 2267 τοὺς

2130 2301 2201 2354 τὰ
2236 2301 2463 2355 τοιαῦτα
2487 2300 2841 2362 συντιθέντας
2869 2300 3107 2369 ἀθέμιτα
3140 2298 3450 2364 συμϐόλαια
3496 2297 3686 2349 κελεύο-

2136 2411 2236 2464 μεν
2276 2398 2396 2458 ταῖς
2445 2394 2527 2456 είς
2576 2392 2736 2462 σῶμα
2797 2393 3015 2454 ποιναῖς
3040 2389 3474 2454 ὑποϐάλλεσθαι,
3502 2390 3587 2442 καὶ
3617 2390 3684 2451 είς

2134 2488 2351 2558 ὲξορίαν
2387 2486 2730 2556 πέμπεσθαι.
2763 2486 2824 2538 Ei
2876 2485 2934 2537 δὲ
2975 2487 3025 2536 οἱ
3074 2484 3168 2537 τὸν
3198 2484 3381 2552 γάμον
3429 2483 3570 2535 λύειν
3590 2482 3689 2534 ἐπι-

2132 2577 2494 2647 χειρήσαντες
2533 2575 2851 2647 βουληθεῖεν
2883 2575 3104 2637 ἑαυτοῖς
3140 2573 3443 2637 συνελθεῖν,
3484 2573 3600 2640 πρὶν
3631 2568 3686 2622 ἂν
3753 2568 3765 2581 ⁸

2132 2669 2446 2739 ὲμδληθῶσι
2478 2668 2888 2738 μοναστηρίοις,
2925 2667 3082 2720 ἄδεια
3113 2666 3333 2727 τούτοις
3356 2666 3553 2718 δίδοται
3577 2660 3685 2730 παρ’

2133 2759 2312 2828 ἡμῶν,
2338 2761 2435 2814 καὶ
2484 2759 2585 2822 τὰς
2620 2757 3031 2828 προειρημένας
3085 2755 3283 2817 ποινὰς
3325 2752 3687 2822 συγχωροῦμεν

2134 2852 2341 2917 αὐτοῖς,
2372 2851 2465 2904 καὶ
2500 2852 2598 2914 τὰς
2630 2851 2765 2914 ιδίας
2790 2850 2937 2920 ἔχειν
2979 2851 3329 2918 περιουσίας.
3381 2847 3487 2900 Τοῦ
3516 2847 3566 2898 δὲ
3589 2844 3689 2906 ἑνὸς

2136 2945 2430 3014 προσώπου
2491 2942 2819 3012 βουλομένου
2854 2944 2945 2993 τὸν
3006 2941 3188 3011 γάμον
3244 2937 3685 2997 ἀνακαλέσασθαι,

2135 3041 2185 3090 εἰ
2218 3038 2294 3107 μὴ
2327 3038 2666 3091 συναινέσειε
2710 3038 2805 3088 καὶ
2832 3036 2891 3087 τὸ
2925 3035 3139 3104 ἕτερον,
3171 3034 3319 3087 κατὰ
3358 3032 3452 3085 τοῦ
3492 3031 3559 3101 μὴ
3587 3029 3689 3099 βου-

2135 3127 2362 3197 λομένου
2399 3129 2627 3198 κρατεῖν
2679 3130 2774 3190 τὰς
2811 3125 3026 3189 ποινάς.
3078 3123 3272 3177 Ταῦτα
3313 3123 3370 3176 δὲ
3423 3122 3686 3188 κελεύομεν

2135 3221 2376 3284 γίνεσθαι
2436 3221 2533 3271 καὶ
2577 3218 2720 3273 κατά
2776 3218 3037 3289 πρόνοιαν
3097 3216 3208 3269 τῶν
3286 3211 3685 3283 θεοφιλεστάτων

2138 3316 2479 3368 ἐπισκόπων.

2211 3409 2272 3460 Εἰ
2302 3407 2358 3460 δὲ
2399 3407 2540 3460 κατὰ
2571 3406 2880 3459 συναίνεσιν
2918 3404 3251 3474 ἀμφοτέρων
3281 3402 3391 3455 τῶν
3446 3400 3612 3471 μερῶν
3657 3395 3685 3465 ἢ

2138 3482 2261 3557 κάτ’
2291 3503 2471 3572 ἔρωτα
2513 3498 2866 3569 σωφροσύνης
2902 3496 3093 3568 λυθείη
3124 3498 3150 3548 ὑ
3182 3495 3387 3565 γάμος,
3423 3491 3688 3559 κελεύομεν

2140 3596 2302 3658 εὐθὺς
2330 3595 2569 3665 ἑκάτερα
2599 3597 2667 3646 τι
2732 3591 2872 3661 μέρη
2907 3588 3317 3659 προσέρχεσθαι
3369 3587 3444 3656 τῷ
3497 3585 3688 3657 μονήρει

2143 3686 2268 3756 βίῳ,
2293 3684 2547 3753 ἁζημίων
2580 3681 2824 3751 δηλονότι
2865 3681 3296 3750 φυλαττομένων
3326 3679 3521 3733 αὐτῶν.
3554 3676 3609 3727 Et
3641 3671 3687 3724 δέ

2141 3796 2224 3843 τις
2262 3776 2524 3845 τούτωνῆ
2562 3776 2724 3844 γάμῳ
2775 3774 3086 3841 προσέλθοι,
3136 3773 3170 3844 ἢ
3210 3773 3442 3843 πορνείᾳ
3487 3765 3691 3837 περιπέ-

2145 3887 2251 3934 σοι,
2280 3868 2381 3938 τὴν
2410 3869 2590 3921 πᾶσαν
2615 3867 2783 3921 αὑτοῦ
2815 3868 3135 3936 περιουσίαν
3158 3868 3206 3919 οἱ
3219 3866 3411 3928 παῖδες
3439 3861 3687 3932 λήψονται.

2143 3963 2208 4018 Εἰ
2240 3962 2295 4016 δὲ
2340 3963 2537 4026 παῖδας
2566 3961 2667 4015 οὑκ
2714 3961 2852 4031 ἔχει,
2885 3961 2945 4013 τὸ
2990 3961 3254 4030 δημόσιον
3285 3958 3453 4028 αὑτὴν
3483 3951 3705 4017 διαδέξετ

2144 4072 2258 4109 ται.

2177 4161 2438 4229 ΚΕΦΑΛ.
2499 4162 2596 4218 ΙΔ’.
2658 4164 2800 4234 Περὶ
2855 4162 3162 4242 γινγαικῶν
3214 4163 3511 4217 διακόνων
3573 4154 3659 4210 καὶ

2796 4250 3018 4303 χηρων.

2219 4325 2384 4397 Ζήτει
2417 4324 2479 4379 τὸ
2502 4323 2572 4379 ια’
2629 4342 2759 4396 κειρ.
2784 4324 2879 4378 τοῦ
2917 4324 3184 4394 παρόντος
3208 4323 3494 4395 στοιχείου.

2149 4439 2407 4495 ιιΕΦΔΛ.
2438 4440 2545 4494 IE'.
2577 4438 2717 4506 ῌερὶ
2740 4436 3041 4504 γυναικῶν
3055 4434 3608 4506 μεμνηστευμένων,
3636 4431 3693 4483 ἐν

2575 4503 2623 4577 ᾧ
2656 4503 2755 4562 καὶ
2791 4508 2923 4576 περὶ
2940 4503 3302 4577 μνηστείας.

2236 4602 2294 4657 '0
2317 4599 2393 4670 ξθ¹
2422 4605 2518 4656 τοῦ
2553 4602 2790 4674 μεγάλου
2825 4600 3108 4654 Βασιλείου
3143 4600 3347 4664 κανὼν,
3386 4600 3448 4652 Ei
3480 4594 3693 4663 ἀναγνῶ·

2154 4710 2307 4766 στης,
2350 4694 2509 4762 φησὶ,
2535 4696 2599 4762 τῇ
2638 4691 2803 4745 αὑτοῦ
2838 4691 3301 4762 μεμνηστευμένῃ
3333 4691 3437 4761 πρὸ
3482 4687 3568 4741 τοῦ
3612 4685 3693 4753 γά-

2156 4801 2257 4853 μου
2292 4783 2535 4855 μιχθείη,
2571 4781 2834 4853 κάκείνης
2881 4780 3042 4834 τοῦτο
3095 4782 3382 4852 ἑλομένης,
3412 4781 3495 4832 ἐπ’
3542 4780 3693 4830 ἐνιαυ-

2151 4875 2244 4928 τδν
2291 4874 2706 4945 ἀφοριζόμενος,
2737 4874 2816 4936 είς
2850 4873 2909 4926 τὸ
2955 4873 3355 4939 ἀναγινώσκειν
3408 4868 3561 4922 πάλιν
3612 4866 3689 4916 έπ-

2152 4966 2383 5032 ἀνεισιν,
2414 4967 2495 5028 εἰς
2541 4964 2766 5035 μείζονα
2794 4964 2867 5035 μὴ
2899 4948 3241 5033 προκόπτων
3277 4961 3500 5032 βαθμόν.
3547 4957 3601 5010 El
3647 4952 3690 5005 δὲ

2157 5058 2453 5128 μνηστείας
2484 5057 2654 5129 χωρὶς
2696 5054 2945 5109 συνέλθοι
2996 5054 3243 5124 γυναικὶ,
3310 5053 3405 5106 καὶ
3448 5051 3494 5102 εἰ
3539 5045 3690 5100 λαϐεῖν

2156 5150 2328 5219 αὐτὴν
2361 5150 2443 5212 εἰς
2471 5151 2706 5218 γυναῖκα
2729 5149 2924 5217 λόγους
2953 5147 3085 5209 ἴσως
3123 5148 3242 5218 μετ’
3267 5145 3436 5213 αὐτῆς
3465 5140 3686 5197 ἐποιεῖτο,

2157 5241 2253 5294 καὶ
2330 5245 2431 5312 τῆς
2483 5240 2579 5294 τοῦ
2654 5241 3007 5309 ἀναγνώστου
3070 5237 3374 5310 ὑπηρεσίας
3445 5232 3684 5288 ἐκπίπτει.

2156 5333 2220 5386 Et
2282 5332 2339 5386 δὲ
2388 5333 2694 5402 ὑπηρέτης,
2750 5334 2871 5404 ἦτοι
2948 5331 3298 5392 ὑποδιάκονος
3365 5327 3438 5396 τῷ
3488 5320 3688 5387 δευτέρῳ

2158 5425 2321 5478 πάθει
2357 5424 2535 5494 ἁλοίη,
2586 5426 2686 5494 τῆς
2748 5422 3057 5494 ὑπηρεσίας
3116 5421 3318 5483 τελέως
3382 5414 3689 5471 έκσάλλεταιο

2243 5518 2303 5571 '0
2322 5518 2381 5571 δὲ
2412 5508 2644 5587 ιπηντῆς
2679 5514 2732 5581 ς’
2769 5515 2992 5569 συνόδου
3049 5513 3231 5568 κοινὰν
3278 5511 3366 5565 τὸν
3416 5509 3491 5570 είς
3536 5503 3688 5571 γάμου

2159 5611 2444 5665 κοινωνίαν
2475 5611 2744 5681 ἀγόμενον
2772 5610 2873 5678 τὴν
2897 5606 3071 5678 ἑτέρῳ
3103 5600 3595 5678 μεμνηστευμὲνην,
3621 5592 3687 5644 ἔτι

2163 5704 2259 5756 τοῦ
2314 5702 2798 5773 μνηστευσαμένου
2841 5700 3147 5769 περιόντος,
3181 5700 3291 5759 τοῖς
3328 5694 3422 5763 τῆς
3482 5683 3690 5773 μοιχείας

2163 5772 2455 5851 ὑποϐάλλει
2503 5796 2870 5865 ἐγκλήμασιν.
2919 5792 2981 5847 Et
3013 5793 3068 5845 δὲ
3133 5792 3210 5862 μὴ
3260 5786 3519 5859 γαμικῶς,
3575 5772 3685 5865 ξλλά

2165 5890 2440 5953 memmi);
2473 5891 2612 5944 μετὰ
2646 5888 2901 5953 τοιαύτης
2937 5903 3017 5950 τις
3044 5881 3410 5953 συμφθαρείη,
3439 5874 3523 5929 καὶ
3556 5860 3684 5923 οὗτος
