3992 6398
337 250 471 317 ὶ185
558 256 563 261 ’

1316 258 1725 319 SYNTAGMA
1762 259 2387 324 ALPHABETICUH.
2430 288 2491 296 —
2524 259 2583 324 Γ.

3440 270 3576 334 1186

327 375 406 432 ὡς
442 373 627 444 μοιχὸς
667 377 1017 446 τιμωρεῖται,
1054 378 1148 430 καὶ.
1184 379 1216 447 ἠ
1247 378 1385 447 γυνὴ
1423 378 1497 442 ὡς
1545 378 1797 449 μοιχαλίς
1822 395 1835 410 ·
1878 384 1887 428 i

2013 380 2299 442 habuerit;
2338 389 2449 433 tum
2508 381 2624 448 ipse
2669 389 2924 450 tanquam
2963 382 3200 447 adulter,
3238 393 3350 437 tum
3382 386 3577 438 mulier

327 467 383 521 δὲ
413 469 511 536 τὴν
550 468 851 536 μνηστείαν
883 469 1114 537 ἀγνυῶν,
1146 469 1220 532 ὼς
1260 471 1480 540 πόρνος.

850 643 989 710 Περὶ
1015 644 1372 711 μνηστείας.

400 733 510 803 Τὴν
540 734 647 803 γὰρ
684 736 981 803 μνηστείαν
1020 738 1067 787 οἱ
1113 737 1398 805 νομοθέται
1442 737 1716 808 ὁρίζονται
1766 744 1899 811 μνή-

328 843 437 895 μην
470 825 565 877 καὶ
599 826 931 893 ἐπαγγελίαν
981 826 1088 878 τῶν
1151 826 1454 895 μελλόντων
1508 832 1724 900 γάμων,
1790 834 1899 887 Καὶ

324 919 352 968 ὀ
389 918 487 985 μὲν
521 917 812 978 Μωσαῖκὸς
866 919 1030 986 νόμος
1106 918 1180 979 ὡς
1246 919 1422 988 γάμον
1469 921 1564 992 τὴν
1600 923 1897 992 μνηστείαν

323 1007 601 1075 ἐλογίζετο
634 1025 650 1041 ⁸
684 1010 829 1062 καὶὸ
886 1009 984 1077 τὴν
1024 1008 1168 1078 ἄλλῳ
1206 1015 1695 1084 μεμνηστευμένην
1746 1014 1901 1082 φθεί-

326 1118 439 1168 ρων
513 1100 587 1163 ὡς
649 1100 835 1170 μοιχὸς
894 1100 1200 1165 ἐκολάζετο.
1262 1102 1371 1155 Καὶ
1425 1103 1610 1173 ἐπειδὴ
1666 1104 1735 1156 τὰ
1798 1106 1899 1173 τῆς

326 1193 622 1262 μνηστείας
678 1194 877 1256 αὐτοὺς
927 1196 1265 1263 συνήρμοττε
1334 1193 1607 1264 σύμϐολα,
1651 1195 1743 1247 καὶ
1803 1212 1900 1262 γυ-

321 1289 483 1337 ναῖκα
531 1285 633 1350 τὴν
693 1282 932 1354 μνηστὴν
1008 1284 1436 1354 προσαγορεύει.
1529 1285 1897 1339 Ἐταπείνωσε

319 1376 450 1442 γὰρ,
477 1376 632 1444 φησὶ,
664 1375 761 1445 τὴν
792 1376 1024 1442 γυναῖκα
1049 1375 1144 1428 τοῦ
1174 1374 1428 1443 πλησίον,
1458 1376 1629 1445 ἤγουν
1671 1376 1898 1448 διεπαρ-

321 1467 545 1529 θένευσε
573 1466 671 1539 τὴν
703 1465 896 1521 τούτου
931 1469 1195 1539 μνηστήν.
1236 1467 1392 1523 Οὕτω
1418 1471 1511 1521 καὶ
1533 1471 1565 1539 ἡ
1585 1470 1713 1538 ἁγία
1750 1472 1897 1539 Παρ-

321 1557 473 1619 θένος
532 1559 668 1627 γυνὴ
702 1557 797 1610 τοῦ
842 1558 1038 1626 Ἰωσὴφ
1066 1559 1403 1630 ἐχρημάτισε
1425 1577 1440 1590 ⁸
1475 1578 1492 1611 ι
1652 1561 1897 1632 φοϐηθῇς

320 1649 483 1718 γὰρ»
513 1648 664 1719 φησὶ,
698 1650 1064 1719 «παραλαϐεῖν
1092 1651 1322 1719 Μαριὰμ
1348 1650 1445 1719 τὴν
1472 1652 1707 1719 γυναῖκά
1736 1667 1889 1704 σου.»

327 1740 467 1810 Παρ’
507 1742 637 1811 ἡμῖν
667 1741 744 1806 δέ,
775 1740 966 1810 πρώην
1001 1741 1098 1810 μὲν
1151 1743 1417 1810 φιλήματι
1472 1741 1581 1793 τῶν
1628 1758 1895 1794 συναπτο-

329 1832 507 1901 μένων
537 1833 633 1885 καὶ
690 1833 976 1905 ἀῤῥαϐὦνι
1003 1831 1333 1902 προῦϐαινεν
1376 1833 1410 1902 ή
1450 1832 1717 1901 μνηστεία
1750 1850 1764 1863 ⁸
1800 1832 1896 1884 καὶ

322 1908 450 1990 ἐξῆν
496 1923 705 1991 ταύτην
734 1923 903 1985 λυειν,
945 1924 1047 1993 τῆς
1076 1924 1267 1991 ποινῆς
1297 1922 1390 1976 τοῦ
1422 1922 1723 1993 προστίμου
1755 1940 1896 1991 παρ-

324 2015 624 2083 εχομένης·
672 2017 838 2085 μήπω
866 2015 923 2069 δὲ
950 2016 1047 2084 τῆς
1100 2015 1396 2083 μνηστείας
1434 2013 1715 2083 λυθείσης,
1750 2015 1891 2067 εἰκό-

321 2120 430 2165 τως
458 2102 533 2164 ὡς
558 2105 743 2172 μοιχὸς
776 2105 803 2155 ὁ
840 2105 941 2173 τὴν
992 2108 1227 2171 γυναῖκα
1275 2102 1569 2171 λαμϐάνων
1624 2102 1890 2171 ἐκρίνετο,

323 2193 397 2253 ὡς
431 2193 456 2243 ὁ
501 2191 690 2262 ῥηθεὶς
727 2191 908 2245 κανὼν
934 2192 1256 2263 διορίζεται.
1284 2192 1462 2244 Ὅπου
1492 2192 1548 2244 δέ
1580 2192 1703 2245 οὔτε
1754 2210 1892 2264 μνη-

322 2283 479 2336 στεία
503 2283 743 2353 προύϐη,
783 2284 907 2336 οὕτε
951 2283 1190 2353 φίλημα,
1221 2282 1343 2336 οὔτε
1373 2284 1521 2346 δόσις
1562 2285 1890 2356 ἀρῤαϐῶνος

318 2374 750 2444 ἐπηκολούθησε,
795 2377 945 2445 μόνοι
995 2375 1051 2428 δὲ
1112 2375 1162 2427 οἱ
1220 2375 1506 2445 λεγόμενοι
1573 2375 1661 2428 διὰ
1720 2376 1891 2445 ψιλῶν

315 2467 665 2535 γραμμάτων
691 2467 909 2537 δεσμοὶ,
945 2468 1051 2520 κᾶν
1084 2468 1271 2538 ἕτερος
1320 2466 1460 2538 λάϐῃ
1495 2467 1595 2537 τὴν
1629 2469 1886 2536 γυναῖκα,

195 2588 213 2603 ο
314 2558 393 2627 τῷ
427 2559 529 2627 τῆς
563 2558 808 2628 μοιχείας
833 2558 1140 2628 ἐγκλήματι
1174 2559 1272 2628 οὐχ
1325 2559 1636 2612 ὑπόκειται.
1674 2558 1806 2612 Ἀπὸ
1831 2558 1889 2611 δὲ

311 2650 415 2719 τῆς
452 2649 834 2720 ἐξενεχθείσης
872 2650 1106 2720 ὕστερον
1134 2651 1357 2721 Νεαρᾶς
1383 2649 1477 2703 τοῦ
1509 2648 1769 2712 εὐσεϐοῦς
1800 2649 1893 2720 βα-

314 2741 511 2805 σιλέως
558 2742 802 2808 Ἀλεξίου
828 2742 921 2795 τοῦ
957 2742 1247 2812 Κομνηνοῦ
1279 2743 1421 2796 κατὰ
1455 2742 1722 2815 τὸςφίπβθ
1745 2742 1885 2808 ἔτος,

312 2834 385 2887 τὰ
416 2833 507 2888 ίσα
525 2834 748 2887 δύναται
781 2835 861 2904 τῷ
892 2835 1083 2906 τελείῳ
1109 2835 1273 2905 γάμῳ
1322 2835 1509 2905 σχεδὸν
1538 2836 1571 2904 ὴ
1603 2836 1886 2903 μνηστεία,

309 2924 409 2978 ἆτε
440 2927 575 2995 μετὰ
636 2927 791 2996 ἱερᾶς
826 2927 922 2980 καὶ
974 2925 1113 2994 αὕτη
1174 2926 1472 2996 τελουμένη
1534 2926 1736 2996 εύχῆςο
1789 2925 1886 2980 καὶ

2004 477 2061 519 ιιι
2090 467 2339 523 adultera
2370 509 2384 532 ,
2430 470 2654 537 punitur
2702 488 2715 522 :
2766 472 2856 538 qui
2923 486 3046 523 vero
3098 473 3574 541 desponsationem

2008 559 2314 627 ignorabat,
2359 571 2617 629 tanquam
2657 570 2949 617 scortator.

2557 651 2630 703 De
2662 651 3020 719 sponsalibus.
3594 671 3603 711 ε

2077 736 2373 808 Sponsalia
2394 756 2627 809 namque
2653 741 2797 810 juris
2823 754 3078 798 auctores
3105 745 3392 812 deﬁniunt,
3414 764 3572 802 men-
3676 768 3683 773 ·

2007 825 2208 880 tionem
2269 839 2324 881 et
2389 824 2812 898 promissionem
2879 832 3183 888 futurarum
3236 838 3570 905 nuptiarum.

2005 918 2072 969 At
2099 917 2181 970 lex
2226 919 2447 988 quidem
2490 920 2726 980 Mosaica
2756 924 3091 977 matrimOnii
3142 927 3263 982 loco
3295 931 3575 998 sponsalia

2009 1006 2264 1063 lxabebat.
2304 1008 2367 1062 Et
2397 1010 2488 1076 qui
2509 1011 2834 1081 desponsam
2862 1016 3012 1069 alteri
3036 1018 3281 1084 vitiabat,
3314 1029 3572 1091 tanquam

2001 1096 2215 1151 adulter
2257 1100 2613 1168 puniebatur.
2652 1102 2996 1172 Sponsalium
3037 1123 3257 1177 quoque
3305 1113 3572 1180 symbolis

2001 1189 2163 1255 datis,
2190 1206 2392 1257 sponsa
2425 1208 2624 1248 nomen
2657 1196 2847 1251 uxoris
2874 1199 3194 1268 accipiebat.
3222 1202 3568 1267 llnmiliavit.

2001 1277 2202 1348 inquit,
2237 1296 2465 1337 uxorem
2505 1285 2782 1351 proximi:
2815 1286 2918 1340 hoc
2956 1299 3063 1351 est,
3100 1306 3356 1358 sponsam
3394 1293 3567 1361 ipsius

2000 1367 2378 1441 devirginavit.
2417 1374 2509 1429 Sic
2541 1385 2595 1428 et
2625 1375 2716 1430 illa
2749 1388 2937 1433 sancta
2973 1378 3140 1451 Virgo
3174 1381 3393 1453 Josephi
3425 1386 3572 1441 dicta

1999 1456 2102 1513 fuit
2143 1477 2304 1518 uxor.
2332 1481 2351 1515 ι
2401 1464 2480 1521 Ne
2515 1467 2780 1533 verearis,
2811 1469 3012 1539 inquit,
3054 1473 3304 1543 accipere
3340 1476 3569 1532 Mariam

1999 1567 2223 1607 uxorem
2259 1564 2428 1612 tuam.
2466 1577 2485 1609 ι
2509 1558 2779 1617 Caeterum
2809 1561 2954 1632 apud
2987 1579 3087 1618 nos
3108 1565 3235 1618 olim
3259 1581 3449 1620 eorum
3475 1568 3570 1638 qui
3670 1622 3677 1631 κ

2000 1643 2220 1699 coibant
2245 1648 2297 1701 in
2328 1651 2762 1720 matrimonium,
2794 1657 3070 1725 sponsalia
3105 1673 3204 1727 per
3232 1659 3482 1713 osculum
3515 1669 3571 1713 et

2002 1736 2218 1807 arrbam
2244 1742 2645 1807 praecedebant.
2683 1746 2761 1800 Ac
2788 1745 2983 1801 licebat
3012 1763 3073 1802 ea
3107 1748 3340 1814 solvere,
3385 1744 3430 1805 si
3475 1754 3572 1803 ad-

1994 1826 2137 1896 jecta
2198 1844 2355 1899 poena
2409 1845 2778 1901 praestaretur.
2839 1837 3088 1892 Nondum
3139 1848 3319 1895 autem
3373 1842 3570 1896 solutis

1998 1922 2365 1987 sponsalibus,
2400 1925 2541 1979 haud
2567 1928 2664 1983 abs
2697 1943 2755 1982 re
2791 1937 3049 1997 tanquam
3077 1931 3289 1985 adulter
3306 1932 3571 1986 condem-

1999 2012 2251 2079 nabatur,
2307 2015 2400 2083 qui
2461 2031 2718 2086 sponsam
2779 2021 3003 2073 alterius
3060 2023 3428 2087 matrimonio;
3463 2024 3568 2081 sibi

1997 2104 2308 2174 copulabat,
2351 2107 2813 2175 quemadmodum
2843 2125 3016 2165 c-anon
3061 2111 3565 2170 indicatusstatuit.

1996 2195 2196 2249 Verum
2220 2197 2308 2249 ubi
2333 2212 2428 2250 nec
2453 2199 2729 2266 sponsalia
2750 2212 3165 2268 pratcesserunt,
3192 2217 3294 2259 nec
3316 2207 3565 2260 osculum

1994 2290 2242 2344 arrhzeve
2283 2291 2391 2360 76
2422 2290 2572 2344 datio
2602 2300 2788 2347 secuta
2833 2306 2937 2358 est,
2990 2296 3081 2349 sed
3112 2297 3378 2352 nudorum
3424 2298 3568 2353 dun-

1996 2387 2165 2447 taxat,
2200 2389 2258 2434 ut
2285 2381 2545 2449 appellari
2591 2383 2790 2450 solent,
2824 2385 3120 2439 verborum
3149 2386 3363 2442 vincula
3396 2405 3409 2442 :
3439 2389 3567 2444 licet

1993 2472 2131 2528 alius
2183 2488 2302 2528 eam
2353 2490 2577 2528 uxorem
2634 2477 2820 2541 ducat,
2873 2478 3127 2532 adulterii
3175 2480 3407 2535 crimine
3455 2497 3563 2535 non

1992 2573 2224 2619 tenetur.
2261 2565 2532 2622 Caeterum
2581 2582 2646 2621 ex
2693 2568 2969 2637 publicata
3014 2571 3288 2638 posterius
3341 2571 3564 2630 Novella

1992 2655 2230 2724 religiosi
2265 2658 2526 2727 principis
2551 2659 2723 2712 Alexii
2760 2658 3045 2725 Comneui,
3076 2676 3219 2715 anno
3246 2661 3406 2726 6599.,
3435 2681 3564 2732 pro-

1991 2749 2282 2817 pemodum
2334 2766 2432 2818 par
2479 2751 2564 2804 vis
2612 2762 2696 2806 est
2752 2752 3113 2821 sponsalium,
3167 2761 3221 2808 et
3273 2734 3560 2824 plenarum

1993 2838 2326 2906 nuptiarum,
2376 2854 2499 2893 cum
2547 2851 2600 2893 et
2632 2856 2748 2910 ipsa
2811 2842 3071 2910 precibus
3102 2843 3275 2899 sacris
3323 2845 3563 2900 interve-

1990 2931 2264 2984 nientibus
2304 2931 2685 2999 perﬁciantur,
2730 2947 2829 2987 nec
2862 2932 2984 2987 aliis
3030 2935 3206 2989 modis
3257 2937 3560 3006 solvantur,

311 3014 490 3080 ἄλλως
539 3018 601 3069 ού
633 3016 843 3083 λύεται,
872 3019 921 3070 εί
960 3017 1035 3087 μὴ
1067 3017 1188 3071 καθ’
1250 3016 1344 3081 οὓς
1405 3017 1640 3085 τρόπους
1697 3018 1793 3070 καὶ
1822 3019 1883 3070 τὸ

1993 3036 2148 3090 quam
2198 3022 2397 3090 quibus
2444 3022 2746 3091 perfectum
2782 3037 3001 3093 quoque
3034 3025 3448 3081 matrimonium
3478 3028 3563 3082 di-

308 3107 524 3162 τέλειον
553 3109 851 3163 διασπᾶται
883 3108 1222 3162 συνοικέσιον
1251 3125 1265 3141 ο
1295 3108 1430 3178 φησὶ
1447 3108 1576 3178 γάρ·

306 3223 511 3293 Νεαρίὰ
544 3223 681 3290 περὶ
718 3222 1052 3293 μνηστείας
1110 3222 1224 3277 τοῦ
1266 3222 1578 3293 ,βασιλέως
1618 3222 1887 3293 Ἀλεξίου

379 3292 492 3416 gn?
566 3291 914 3362 Κομνηνοῦ,
993 3292 1276 3364 γεγονυῖα
1346 3291 1500 3347 κατὰ
1577 3293 1644 3346 τὸ
1699 3291 1882 3365 ,ςφιιβ

445 3381 534 3416 oc.

445 3381 534 3427 ος.

380 3478 682 3548 Μνηστείαι
718 3476 849 3544 παρ’
876 3474 1035 3545 ἡμῶν
1082 3472 1441 3544 ἐτυπώθησαν
1470 3473 1711 3541 ἀληθεῖς,
1762 3476 1886 3528 ὅσαι

314 3567 457 3634 μετὰ
483 3564 584 3634 τῆς
621 3566 771 3635 ἱερᾶς
804 3564 1054 3631 εὐλογίας
1106 3564 1202 3616 καὶ
1254 3563 1394 3616 κατὰ
1439 3564 1532 3615 τὸν
1581 3563 1885 3634 ὡρισμένον

310 3657 450 3726 ἡμῖν
482 3656 676 3728 καιρὸν
721 3655 1061 3709 τελεσθεῖσαι
1087 3653 1474 3725 γνωρίζονται.
1524 3654 1808 3725 Ἀρμόδιος
1838 3654 1882 3706 δ’

307 3749 379 3804 ἂν
404 3750 491 3819 εἴη
529 3747 825 3817 μνηστείας
858 3747 953 3800 καὶ
992 3747 1173 3815 γάμου
1205 3746 1420 3817 καιρὸς,
1476 3746 1574 3815 τῆς
1634 3746 1734 3816 μέν
1789 3745 1882 3813 θη-

305 3841 460 3902 λείας
507 3840 597 3892 τὸν
624 3838 928 3907 δωδεκαετῆ
964 3839 1157 3909 χρόνον
1220 3839 1639 3909 διατρεχούσης,
1690 3838 1784 3892 τοῦ
1818 3838 1877 3891 δὲ

306 3932 545 4002 ἄρρενος
655 3930 750 3983 τὸν
819 3930 1411 4002 τεσσαρεσκαιδέκατον
1490 3931 1877 4002 διατρίϐοντος.

304 4021 464 4076 Μετὰ
495 4021 553 4074 δέ
602 4021 701 4089 τὴν
745 4021 895 4090 ἱερὰν
937 4021 1048 4072 τῶν
1103 4020 1280 4090 εὐχῶν
1337 4021 1572 4092 ἐπῳδὴν,
1625 4022 1721 4073 καὶ
1762 4018 1882 4090 ’τὴν

308 4113 518 4185 συνήθη
549 4113 644 4166 τοῦ
681 4112 1000 4184 appaream;
1054 4114 1151 4166 καὶ
1194 4113 1289 4165 τοῦ
1349 4113 1653 4182 φιλήματος
1702 4131 1879 4184 παρα-

304 4206 560 4276 τήρησιν,
599 4204 830 4275 βραχέος
864 4203 898 4273 ῆ
940 4204 1034 4256 καὶ
1065 4203 1309 4267 πλείονος
1339 4205 1535 4275 καιροῦ
1571 4203 1881 4257 διαλείπον⁴

303 4316 419 4361 τος,
451 4297 527 4361 ὡς
565 4297 634 4351 ἂν
662 4297 833 4363 δόξειε
864 4298 975 4358 τοῖς
1034 4295 1505 4362 συναλλάττουσιν,
1567 4296 1882 4369 ἀπαραιτή-

1996 3113 2235 3167 rimitur.
2267 3113 2406 3169 Sunt
2435 3114 2581 3169 enim
2612 3115 2726 3170 hazc
2753 3117 2874 3184 ejus
2900 3116 3057 3170 verba
3088 3134 3102 3171 :

1998 3226 2225 3283 Novella
2261 3229 2598 3302 imperatoris
2629 3227 2809 3283 Αίετιὶἱ
2837 3228 3091 3302 contigeni
3118 3230 3181 3285 de
3203 3186 3558 3302 sponsalibus,

2531 3300 2675 3367 facta
2701 3316 2838 3352 anno
2870 3298 3029 3355 6599..

2068 3472 2357 3543 Sponsalla
2398 3487 2523 3528 vera
2555 3473 2765 3529 saneita
2791 3481 2921 3529 sunt
2945 3491 2973 3529 a
3006 3475 3187 3544 nobis,
3220 3492 3563 3549 quaecunque

1991 3580 2116 3619 cum
2146 3565 2525 3619 benedictione
2553 3580 2732 3632 sacra,
2758 3576 2815 3621 et
2850 3576 3052 3622 statuto
3079 3583 3108 3622 a
3133 3570 3289 3625 nobis
3317 3581 3562 3642 tempore

1991 3664 2209 3724 peracta
2263 3662 2587 3709 noscuntur.
2634 3655 2834 3724 Aptum
2878 3663 3007 3711 vero
3042 3665 3149 3712 tam
3198 3662 3550 3727 sponsalibus

1988 3763 2154 3817 quam
2174 3748 2377 3817 nuptiis
2404 3758 2620 3818 tempus
2648 3747 2834 3813 fuerit,
2868 3748 3083 3803 femella
3104 3750 3322 3819 quidem
3355 3751 3562 3807 duode-

1989 3842 2193 3895 cimum
2258 3849 2623 3911 transgressa,
2670 3842 2918 3897 masculo
2961 3852 3145 3896 autem
3183 3844 3455 3899 decimum
3507 3855 3561 3899 ct

1988 3942 2245 4001 quartum
2272 3946 2471 3986 annum
2496 3932 2819 3988 excedente.
2856 3932 2983 3987 Post
3015 3948 3234 3988 sacrum
3285 3949 3411 3990 vero
3434 3952 3561 4005 prc-

1988 4039 2113 4078 cum
2176 4039 2419 4087 carmen,
2456 4032 2509 4078 et
2558 4033 2873 4079 consuetam
2929 4026 3109 4078 arrhan.
3162 4035 3326 4093 atque
3384 4031 3557 4083 osculi

1987 4113 2444 4176 observationem,
2481 4113 2676 4181 exiguo
2715 4113 2795 4166 vel
2822 4114 3000 4181 )etiam
3049 4114 3397 4183 longiusculo
3428 4132 3556 4186 spa-

1985 4206 2064 4260 tio
2119 4205 2384 4272 temporis
2454 4203 2762 4274 interjecto,
2819 4215 2977 4274 prout
3037 4205 3173 4275 ipsis
3225 4208 3556 4262 contrahen-

1989 4296 2134 4350 tibus
2186 4295 2362 4349 visum
2412 4293 2598 4358 fuerit,
2643 4295 2779 4348 citra
2829 4297 3233 4350 recusationem
3281 4298 3558 4367 legitimas

304 4407 415 4452 τως
441 4389 536 4443 καὶ
569 4388 662 4441 τὸν
691 4388 918 4457 ἔννομον
969 4386 1149 4457 γάμον
1186 4387 1502 4456 προϐαίνειν
1560 4389 1877 4458 κελεύομεν,

1993 4401 2202 4456 quoque
2239 4386 2457 4455 nuptias
2497 4387 2793 4440 succedere
2818 4387 3101 4456 jubemus,
3136 4404 3233 4444 nec
3265 4390 3429 4444 simul
3473 4393 3553 4444 in-

304 4479 401 4533 καὶ
440 4479 514 4550 μὴ
544 4480 686 4533 κατὰ
712 4477 877 4532 ταυτὸ
910 4477 1233 4546 συμϐαίνειν
1258 4478 1318 4528 ἐν
1346 4478 1524 4548 ἡμέρᾳ
1551 4480 1649 4549 μιᾷ
1674 4480 1879 4532 πολλά-

307 4591 393 4634 κις
428 4572 523 4625 καὶ
557 4569 701 4641 ὥρᾳ.
735 4571 797 4622 Ei
831 4569 887 4623 δὲ
920 4571 1050 4638 πρὶν
1083 4570 1173 4621 τὸν
1205 4570 1335 4638 παρ’
1385 4571 1542 4640 ἡμῶν
1598 4570 1881 4640 ὁρισθέντα

306 4663 597 4731 ἐπιστῆναι
627 4661 842 4730 καιρὸν,
873 4660 967 4714 καὶ
1018 4660 1128 4713 τῶν
1155 4661 1465 4731 εἰρημένων
1523 4663 1596 4732 μὴ
1648 4664 1881 4732 γενομέο

305 4772 414 4806 νων
464 4754 928 4823 παρατηρήσεων,
1025 4755 1317 4821 μνηστεῖαι
1377 4753 1747 4823 προϐήσονται
1786 4756 1882 4807 καὶ

309 4846 637 4913 συμϐόλαια,
677 4844 882 4908 ταύτας
933 4843 1228 4913 μνηστείας
1265 4842 1485 4912 ἀληθεῖς
1524 4845 1662 4915 μηδὲ
1716 4841 1878 4911 εἶναι,

310 4938 448 5008 μηδὲ
477 4934 863 5006 ὀνομάζεσθαι,
890 4938 939 4987 εί
964 4934 1056 4989 καὶ
1086 4935 1393 5004 προστίμου
1422 4935 1583 5006 ποινή
1621 4936 1880 5005 πρόσκει-

304 5046 419 5085 ται.
453 5031 515 5081 Δί
539 5029 646 5098 γὰρ
678 5029 882 5097 κυρίως
944 5029 1231 5097 μνηστεῖαι
1283 5026 1344 5079 οὐ
1381 5027 1699 5097 προστίμων
1719 5030 1885 5099 λυθή-

306 5137 492 5173 σονται
523 5121 755 5185 δόσεσιν,
789 5119 931 5189 ἆπερ
986 5118 1110 5172 οὐδὲ
1159 5121 1269 5181 τοίς
1304 5118 1655 5189 συμϐολαίοις
1684 5121 1745 5173 τὸ
1775 5120 1882 5173 λοι-

308 5211 409 5265 πὸν
430 5213 874 5282 ἐιγγραφήσονται
900 5224 915 5240 °
967 5209 1048 5262 ὅτι
1084 5210 1216 5279 μηδὲ
1248 5209 1379 5279 παρ’
1410 5210 1590 5263 αὐτῶν
1642 5212 1696 5263 αί
1750 5229 1886 5281 μνη-

312 5305 488 5357 στεϊαι
520 5303 906 5372 κρατύνονται,
930 5300 1068 5355 ἀλλὰ
1096 5301 1184 5355 διὰ
1218 5302 1317 5370 τῆς
1365 5302 1459 5354 τοῦ
1491 5300 1627 5354 Θεοῦ
1662 5304 1886 5373 ἐπικλή-

311 5412 472 5461 σεως,
503 5395 670 5464 αἴπερ
703 5394 798 5447 καὶ
822 5395 1005 5451 ἅλυτοι
1034 5393 1093 5446 τὸ
1119 5392 1388 5462 παράπαν
1417 5393 1666 5463 μένουσι,
1696 5394 1884 5462 μόναις

308 5484 572 5553 λυόμεναι
601 5472 724 5545 ταῖς
763 5483 991 5549 αἰτίαις,
1048 5476 1139 5545 αἷς
1179 5482 1271 5535 καὶ
1301 5483 1350 5535 οἱ
1408 5482 1597 5550 γάμοι.
1647 5480 1802 5535 Ἐπεὶ
1826 5483 1883 5535 δέ

309 5575 453 5628 κατὰ
488 5575 587 5643 τὴν
620 5572 856 5627 παλαιὰν
885 5573 996 5627 τῶν
1021 5573 1201 5642 νόμων
1247 5572 1561 5643 συνήθειαν,
1619 5572 1758 5640 μετὰ
1791 5572 1883 5625 τὸν

308 5664 547 5734 ἑπταετῆ
582 5663 771 5735 χρόνον
820 5663 919 5735 τῆς
947 5662 1116 5736 κόρης
1161 5664 1222 5716 οὐ
1263 5664 1446 5726 καλῶς
1499 5663 1556 5716 αἱ
1593 5663 1880 5734 μνηστεῖαι

1985 4479 2168 4533 cidere
2230 4477 2283 4530 in
2337 4492 2505 4531 unum
2558 4492 2701 4545 saepe
2744 4476 2885 4533 diem
2944 4488 2997 4532 et
3055 4478 3268 4532 horam.
3319 4476 3476 4544 Quod
3510 4482 3553 4535 si

1987 4568 2164 4638 prius,
2194 4582 2359 4637 quam
2403 4574 2672 4621 statutum
2705 4581 2734 4621 a
2787 4567 2944 4621 nobis
2993 4576 3208 4636 tempus
3238 4569 3552 4637 appetierit,

1985 4667 2038 4712 et
2078 4656 2336 4711 indicatis
2386 4656 2865 4711 observationibus
2917 4673 3022 4711 non
3064 4658 3347 4721 adhibitis,
3387 4673 3551 4727 Spon-

1985 4745 2125 4799 salia
2180 4743 2323 4798 facta
2372 4743 2576 4799 fuerint
2632 4754 2686 4798 et
2755 4744 3160 4815 iustrmnenla,
3215 4762 3553 4816 nequaquam

1984 4836 2102 4891 haec
2126 4851 2258 4891 vera
2290 4836 2569 4906 sponsalia
2600 4836 2682 4888 vel
2719 4850 2861 4894 esse,
2917 4837 3001 4889 vel
3035 4838 3297 4904 appellari
3331 4839 3551 4905 debere,

1985 4929 2200 4983 tametsi
2240 4942 2411 4995 paenae
2442 4928 2598 4981 luitio
2646 4926 2716 4979 sit
2753 4927 2981 4992 adjecta.
3020 4926 3150 4979 Nam
3187 4943 3307 4996 quae
3333 4932 3553 4998 proprie

1985 5030 2113 5075 sunt
2152 5020 2452 5089 sponsalia.
2497 5033 2780 5085 pmnarum
2824 5019 3264 5088 praestationibus
3310 5036 3413 5074 nou
3446 5025 3552 5076 sol-

1985 5118 2201 5172 ventur,
2228 5111 2444 5179 quando
2470 5124 2536 5162 ne
2555 5110 2772 5177 quidem
2798 5109 3179 5164 instrumentis
3198 5110 3251 5163 in
3275 5120 3552 5180 posterum

1986 5203 2567 5256 adscribentnrzcum
2629 5216 2725 5269 per
2780 5215 2874 5256 eas
2934 5202 3147 5255 nullum
3204 5206 3552 5271 sponsalibus

1986 5295 2150 5350 robur
2183 5295 2429 5359 accedat,
2458 5292 2551 5347 sed
2599 5308 2695 5362 per
2751 5294 3152 5348 invocationem
3196 5294 3287 5349 Dei
3322 5314 3337 5351 :
3367 5299 3551 5367 cujus-

1985 5383 2134 5438 modi
2177 5383 2452 5449 sponsalia
2483 5383 2882 5438 indissolubilia
2910 5392 3154 5449 manent,
3186 5400 3253 5439 ex
3281 5384 3388 5439 illis
3414 5389 3550 5441 dun-

1984 5484 2135 5530 taxat
2156 5476 2340 5530 causis
2367 5475 2695 5539 dirimenda,
2720 5475 2920 5544 quibus
2937 5485 2991 5530 et
3015 5477 3217 5545 nuptiae
3239 5475 3550 5532 solvuntur.
3600 5480 3603 5489 '

1962 5562 2123 5635 Quia
2149 5581 2277 5621 vero
2292 5567 2593 5622 secundum
2622 5567 2859 5636 priscam
2889 5567 3065 5636 legum
3092 5564 3547 5621 consuetudinem

1984 5668 2106 5733 post
2138 5673 2339 5714 annum
2376 5660 2569 5730 puellae
2607 5660 2900 5730 septimum
2933 5674 3041 5714 non
3079 5666 3229 5716 recte
3274 5658 3548 5729 sponsalia
