3992 6412
506 313 643 383 Ῑῗθί

1703 312 2074 377 ΜΛΤΤΗτΕΙ
2118 317 2548 378 BLASTARIS

3586 332 3691 400 11θί

493 432 695 488 diserte
728 444 837 486 non
863 427 1272 485 contradicunt.
1309 427 1463 487 Tunc
1493 440 1675 487 autem
1714 432 1809 487 lilii
1837 442 1891 487 et
1920 433 2073 487 ﬁliae.

2182 432 2542 498 CEOlJO‘lOt,:51E
2559 434 2668 495 τοῖς
2685 433 2777 501 τρι
2786 448 2908 496 ποις
2925 431 3179 499 ἀναξίους
3190 436 3282 490 καὶ
3304 439 3536 510 αἰσχροὺς
3552 447 3693 514 αὐτοῖς

494 524 734 580 familias
768 524 1144 579 contradicere
1181 522 1451 579 duntaxat
1478 535 1729 593 possunt,
1780 541 1905 582 cum
1957 540 2075 580 mo-

493 618 645 671 ribus
672 616 923 685 indignos
956 624 1010 669 et
1053 624 1239 687 turpes
1290 616 1371 671 eis
1420 632 1653 688 sponsos
1693 626 1949 689 parentes
1982 616 2082 671 eli-

492 719 645 779 gunt.
701 709 761 762 Si
790 709 929 764 tales
961 719 1142 763 autem
1173 725 1284 763 non
1328 709 1462 776 sint,
1497 709 1588 779 qui
1623 710 1702 765 eis
1733 710 2078 780 desponden-

495 819 603 867 tur,
633 801 761 856 licet
795 801 1134 856 exbteredari
1185 816 1244 857 se
1276 800 1433 857 liberi
1481 801 1692 867 malim,
1725 801 1991 856 duntaxat
2019 809 2080 856 ut

495 913 600 951 non
634 904 949 967 parentum,
980 895 1073 949 sed
1108 910 1223 951 suae
1252 895 1524 950 voluntati
1556 895 1931 960 satisfaciant,
1960 911 2079 949 om-

495 990 624 1044 nino
655 1004 761 1043 non
793 989 978 1043 valere
1023 988 1305 1045 sancimus
1351 1003 1540 1043 eorum
1575 988 1908 1043 institutum.
1946 987 2080 1041 Nam

495 1083 820 1153 cupiditates
872 1082 1177 1149 juvenun,
1235 1081 1302 1135 ad
1368 1082 1643 1136 excidium
1691 1092 1745 1137 et
1799 1081 2078 1135 interitum

494 1174 773 1244 proprium
824 1176 1128 1240 tendentes,
1165 1173 1315 1228 omni
1365 1174 1530 1227 modo
1565 1174 1900 1229 coercendas
1935 1188 2078 1236 esse,

493 1273 637 1336 leges
662 1265 795 1335 ipsae
827 1273 1096 1320 statuunt.

564 1357 1031 1412 Dissentientibus
1093 1366 1272 1411 autem
1330 1357 1649 1426 parentibus
1692 1357 1744 1411 in
1792 1357 2078 1426 electione,

492 1449 838 1504 manifestum
887 1457 968 1504 est
994 1450 1162 1519 patris
1210 1450 1392 1502 valere
1426 1450 1717 1518 judicium.
1748 1448 1892 1506 Filio
1925 1450 2086 1504 fami-

490 1540 590 1596 lias
615 1540 988 1607 dissentiente,
1018 1541 1293 1610 sponsalia
1346 1542 1567 1596 nomine
1588 1541 1705 1610 ejus
1745 1557 1856 1597 non
1888 1544 2044 1598 tiunt.

559 1722 721 1777 Pater
787 1719 1149 1775 ﬁliazfamilias
1201 1721 1476 1790 sponsalia
1524 1721 1825 1778 dissolvere
1883 1732 2078 1794 potest,

486 1828 595 1868 non
635 1812 797 1866 etiam
830 1812 1211 1882 emancipatas.

561 1904 695 1971 Quae
725 1906 871 1974 quod
902 1905 1100 1974 agitur,
1128 1904 1433 1975 intelligere
1464 1905 1692 1971 videtur,
1729 1914 1877 1959 recte
1907 1919 2074 1974 spon-

487 1998 626 2052 salia
659 1997 961 2063 contrahit,
990 1997 1093 2049 hoc
1124 2006 1230 2061 est,
1260 2011 1379 2065 qua:
1407 2010 1513 2053 non
1548 1996 1726 2048 minor
1751 2004 1835 2050 cst
1869 2005 2078 2064 septem

487 2088 671 2141 annis.
709 2086 1003 2141 Enimvero
1058 2087 1103 2141 si
1155 2086 1500 2155 sponsalibus
1535 2086 1693 2140 factis
1746 2085 1888 2140 intra
1933 2087 2081 2140 deei-

490 2195 641 2233 mum
696 2179 914 2233 tertium
971 2193 1200 2242 annum,
1255 2178 1371 2232 ausi
1427 2178 1647 2248 quidam
1708 2177 1914 2233 fuerint
1983 2178 2079 2233 de-

489 2272 763 2342 sponsatis
822 2271 907 2325 vel
938 2269 1415 2333 benedictionem,
1477 2285 1638 2339 quam
1699 2277 1932 2334 vocant,
1998 2270 2080 2324 vel

490 2379 754 2419 coronam
807 2361 1070 2431 impertiri
1126 2376 1299 2417 :cum
1351 2376 1646 2415 sacrarum
1685 2362 1861 2432 legum
1902 2369 2083 2415 trans-

490 2468 770 2526 gressores
833 2452 966 2508 facti
1024 2452 1157 2515 sint,
1216 2452 1397 2507 statim
1451 2463 1731 2507 contracta
1781 2454 2079 2521 sponsalia,

489 2563 615 2603 cnm
670 2561 732 2601 ea
769 2546 1181 2617 conjunctione,
1234 2561 1354 2615 qua:
1414 2546 1648 2613 speéiem
1688 2545 1952 2599 duntaxat
1984 2544 2085 2598 ali-

490 2656 653 2710 quam
688 2640 871 2703 habet,
917 2638 1311 2704 dissolventur;
1345 2646 1401 2692 et
1432 2640 1499 2692 ab
1527 2646 1756 2706 utraque
1786 2644 1939 2705 parte
1972 2636 2081 2691 col-

486 2732 629 2789 latas
660 2732 717 2785 in
777 2730 1129 2800 sponsalibus
1161 2744 1370 2798 pmnas,
1402 2728 1660 2783 facinoris
1694 2727 1920 2782 admissi
1951 2742 2081 2782 cau-

490 2838 570 2881 sae
612 2823 886 2893 jacturam
918 2822 1057 2874 hanc
1112 2822 1445 2875 sustinentes
1501 2808 1632 2874 ﬁsco
1677 2819 1957 2874 inferent:
2018 2833 2085 2873 ne

490 2914 779 2971 sacerdote
828 2914 1071 2982 quidem,
1107 2912 1201 2981 qui
1240 2912 1335 2966 tali
1384 2927 1556 2966 ausus
1594 2910 1759 2966 fuerit
1813 2911 2082 2967 interesse

499 3006 668 3073 actui,
703 3014 857 3061 extra
910 3003 1121 3072 culpam
1153 3004 1456 3057 constituto
1483 3042 1499 3069 ,
1536 3003 1628 3058 sed
1673 3003 1851 3072 legum
1899 3017 2083 3058 sacra-

492 3112 613 3152 rum
658 3095 936 3152 severitati
973 3094 1335 3165 subjiciendo.

562 3188 768 3245 Luctus
828 3187 1011 3242 mariti
1068 3186 1352 3242 mulierem
1419 3186 1695 3256 sponsalia
1750 3187 2078 3242 contrahere

484 3296 593 3337 non
645 3282 915 3352 prohibet.

556 3373 661 3440 Qui
697 3375 933 3443 puellam
993 3375 1233 3430 adultam
1283 3377 1389 3433 sibi
1443 3377 1757 3449 despondit,
1807 3391 1907 3432 nec
1942 3384 2080 3430 tem-

486 3479 589 3534 pus
617 3465 672 3517 in
712 3465 1064 3535 sponsalibus
1095 3467 1425 3536 constituit,
1477 3468 1699 3539 nuptias
1743 3467 1995 3537 exsequi,
2029 3481 2077 3542 si

483 3556 672 3610 eadem
728 3557 781 3610 in
835 3556 1113 3626 provincia
1165 3559 1330 3629 degit,
1366 3561 1507 3615 intra
1544 3559 1827 3616 biennium
1876 3560 2075 3614 debet:

482 3649 565 3702 sin
613 3647 811 3702 absens
855 3656 960 3712 est,
1012 3650 1153 3703 intra
1216 3651 1535 3705 triennium.
1588 3650 1746 3718 Quod
1784 3650 1830 3705 si
1898 3650 2079 3706 facere

485 3738 861 3806 supersederit
910 3740 1120 3809 absque
1154 3742 1426 3809 probabili
1461 3758 1651 3808 causa,
1698 3742 1854 3797 alteri
1900 3742 2077 3812 puella

485 3829 744 3898 conjungi
788 3840 983 3897 potest.

557 3919 821 3975 Praesides
874 3923 928 3974 in
980 3937 1041 3977 ea
1102 3921 1401 3992 provincia,
1455 3938 1616 3992 quam
1665 3923 2074 3989 administrant,

481 4011 758 4078 sponsalia
814 4012 1141 4066 cmitrahere
1188 4028 1294 4065 non
1337 4014 1555 4066 debent.
1599 4011 1652 4065 Si
1686 4029 1811 4067 vero
1843 4013 1894 4065 id
1928 4011 2078 4067 fece-

483 4104 612 4168 rint,
644 4105 767 4158 licet
797 4105 1005 4174 puellae,
1037 4120 1100 4158 ac
1130 4107 1447 4174 parentibus
1482 4105 1623 4173 ejus,
1657 4115 1751 4159 aut
1781 4106 2075 4168 tutoribus,

485 4205 580 4249 aut
609 4196 952 4251 curatoribus
981 4197 1289 4252 detrectare
1328 4198 1760 4262 matrimonium,
1802 4207 1855 4251 et
1882 4197 2076 4251 arrhas

482 4271 683 4340 lucrari
711 4302 724 4339 :
772 4288 961 4341 eodem
997 4289 1174 4341 locum
1214 4289 1469 4343 habituro
1492 4298 1545 4344 et
1572 4290 1623 4343 in
1656 4290 1801 4355 liliis,
1834 4299 1886 4343 ct
1910 4305 2077 4358 nepo-

483 4380 652 4442 tibus,
682 4387 735 4432 et
771 4381 1113 4448 propinquis,
1142 4390 1197 4433 et
1227 4381 1563 4448 domesticis,
1593 4392 1646 4437 et
1679 4382 2072 4443 assessoribns,

2185 524 2579 594 μνηστεύονται
2626 526 2676 578 οἰ
2726 528 2925 593 γονεῖς.
2959 525 3230 582 Τοιούτων
3254 529 3309 583 δὲ
3352 531 3421 602 μή
3446 533 3590 589 ὄντων
3613 540 3695 596 τῶν

2185 615 2670 686 μνηστευομένων,
2706 615 2810 670 κᾶν
2841 620 2891 670 εἰ
2912 618 3265 689 ἅποκλήρους
3297 622 3694 698 ἑαυτοὺςαίροῡν.

2182 724 2273 761 ται
2299 707 2548 763 τὰτέκνα
2587 709 2785 772 ποιεῖν,
2822 709 2985 780 μόνον
3023 710 3113 763 ἵνα
3157 712 3231 783 μὴ
3254 712 3349 782 τήν
3375 714 3478 768 τῶν
3513 718 3696 786 γονέων,

2184 797 2323 852 ἀλλὰ
2352 797 2450 868 τὴν
2479 797 2688 853 οἰκείαν
2716 798 3120 873 ἑκπληρώσωσι
3169 803 3401 872 θέλησιν,
3452 806 3697 877 ἀνίσχυριιν

2183 884 2327 943 εἶναι
2347 889 2528 943 αὐτῶν
2560 889 2893 961 θεσπίζομεν
2911 893 3003 945 διὰ
3034 892 3235 957 παντὸς
3277 895 3337 947 τὸ
3371 894 3613 967 βούλημα.
3639 898 3703 952 Τὰ

2183 982 2293 1053 γὰρ
2318 984 2410 1037 ἐπὶ
2448 982 2555 1054 ἰδία
2588 985 2946 1055 καταστροφῇ
3006 984 3102 1036 καὶ
3166 985 3406 1057 ἀπωλείᾳ
3451 988 3551 1040 τῶν
3595 991 3703 1043 νέων

2182 1075 2482 1146 όρμήματα
2528 1075 2694 1128 παντί
2744 1074 2935 1146 τρόπῳ
2986 1074 3220 1130 κωλύειν
3284 1078 3332 1130 οἰ
3389 1078 3531 1149 νόμοι
3564 1081 3702 1148 ὲγνὼο

2185 1181 2364 1221 κασιν.

2256 1346 2650 1416 Διχονοούντων
2675 1348 2735 1401 δὲ
2791 1348 2901 1403 τῶν
2930 1350 3135 1418 γονέων
3192 1350 3321 1421 περὶ
3376 1352 3471 1422 τῆς
3511 1352 3702 1421 ἐκλογῆς

2185 1439 2451 1510 δηλονότι,
2483 1441 2517 1511 ή
2558 1442 2654 1495 τοῦ
2682 1443 2889 1515 πατρὸς
2937 1442 3130 1515 γνώμη
3187 1447 3397 1515 κρατεῖ.
3430 1447 3699 1516 Διχονοοῦνο

2185 1546 2276 1590 τος
2303 1529 2398 1583 τοῦ
2433 1531 2779 1601 θπεξουσίου,
2844 1534 2906 1587 οὐ
2952 1533 3164 1603 γίνεται
3214 1536 3475 1605 μνηστεία
3522 1537 3708 1606 ὀνόματι

2184 1618 2373 1673 αὑτοῦ.

2273 1713 2333 1767 Ὀ
2363 1716 2545 1787 πατὴρ
2580 1717 2679 1784 τῆς
2727 1718 3056 1785 ὕπεξουσίας
3101 1722 3328 1777 δύναται
3370 1723 3590 1776 διαλύειν
3630 1723 3708 1795 τήν

2110 1802 2154 1858 Β
2187 1809 2525 1879 μνηστείαν·
2562 1811 2625 1863 οὐ
2681 1810 2789 1882 μὴν
2819 1813 2917 1865 καὶ
2949 1813 3050 1883 τῆς
3083 1813 3455 1879 αὐτεξουσίας.

2268 1900 2335 1954 Ἦ
2368 1901 2429 1955 τὸ
2458 1903 2747 1973 γινόμενον
2770 1905 3004 1958 δοκοῦσα
3053 1911 3198 1961 νοεῖν
3247 1909 3427 1972 καλως
3460 1909 3711 1979 μνηστεύε-

2183 2010 2296 2057 ται,
2328 1993 2627 2061 τουτέστιν,
2661 1996 2695 2066 ή
2749 1996 2824 2067 μὴ
2858 1991 2994 2050 οὖσα
3025 1999 3209 2070 ἥττων
3233 2000 3344 2053 τῶν
3402 1999 3533 2053 έπτὰ
3580 1999 3708 2056 ἰτῶν.

2184 2074 2248 2138 Εἰ
2306 2085 2489 2156 μέντοι
2547 2104 2612 2155 γε
2648 2087 2748 2156 τῆς
2804 2090 3102 2158 μνηστείας
3140 2093 3508 2163 γεγενημένης
3547 2089 3713 2145 ἔσωθεν

2184 2177 2279 2231 τοῦ
2315 2178 2833 2249 τρισκαιδεκαετοῦς
2858 2181 3078 2250 χρόνου,
3119 2182 3451 2254 τολμήσαιέν
3472 2199 3601 2245 τινες
3620 2185 3712 2247 τοῖς

2190 2271 2679 2341 μνηστευομένοις,
2720 2271 2754 2341 ἢ
2798 2273 2900 2341 τήν
2938 2272 3246 2345 λεγομένην
3301 2275 3574 2344 εὐλόγησιν
3605 2275 3634 2345 ἢ
3664 2275 3712 2327 τδ

2187 2361 2522 2432 στεφάνωμα
2555 2362 2886 2431 περιθεῖναι,
2921 2364 2995 2428 ὼς
3026 2365 3134 2419 τῶν
3162 2366 3326 2420 θείων
3355 2367 3530 2436 νόμων
3568 2382 3711 2437 παρα-

2189 2453 2351 2508 ϐάται
2390 2456 2774 2525 γεγενημένοι,
2838 2456 3034 2511 αὐτίκα
3097 2456 3199 2525 τὴν
3237 2459 3340 2527 μὲν
3392 2459 3713 2528 προελθοῦσαν

2190 2546 2508 2616 μνηστείαν,
2548 2546 2667 2616 ἅμα
2716 2554 2781 2617 τῇ
2825 2547 3059 2620 δοκούσῃ
3119 2555 3390 2621 συναφείᾳ
3424 2550 3711 2612 διαλύεσθαι,

2188 2641 2284 2693 καὶ
2316 2638 2388 2691 τὰ
2418 2639 2549 2707 παρ’
2584 2639 2850 2709 ἑκατέρου
2877 2640 2971 2692 τοῦ
3007 2641 3211 2709 μέρους
3270 2642 3332 2694 ἒν
3388 2645 3453 2712 τῇ
3496 2639 3715 2711 μνηστείᾳ

2188 2729 2573 2800 συμϐληθέντα
2602 2731 2971 2800 προστίματα,
3010 2730 3106 2783 τοῦ
3153 2731 3505 2802 τολμήματος
3549 2731 3715 2800 ζημίαν

2187 2822 2515 2891 ὑπέχοντας,
2540 2821 2619 2888 τῷ
2649 2821 2742 2873 τοῦ
2772 2822 3036 2892 δημοσίου
3070 2824 3489 2894 εἰσκομίζεσθαι
3541 2825 3674 2895 μέρει
3700 2839 3711 2851 ·

2188 2914 2323 2984 μηδὲ
2345 2912 2438 2966 τοῦ
2473 2913 2788 2984 τολμῶντος
2829 2916 3017 2984 ἱερέως
3033 2915 3128 2969 ἐπὶ
3154 2919 3219 2986 τῇ
3244 2915 3468 2986 τοιαύτῃ
3496 2917 3714 2986 παρεῖναι

2184 3005 2408 3076 πράξει.
2452 3007 2748 3061 ἀνευθύνου
2771 3008 3193 3077 καθεστηκότος,
3235 3007 3378 3064 ἀλλὰ
3399 3012 3459 3083 τῇ
3478 3009 3716 3080 αὑστηρίᾳ

2182 3098 2295 3152 τῶν
2333 3099 2496 3168 ἱερῶν
2526 3099 2896 3170 ὑποκειμένου
2924 3099 3193 3155 κανόνων.

2252 3190 2326 3243 To
2357 3190 2552 3254 πένθος
2589 3191 2685 3244 τοῦ
2738 3191 2931 3262 ἀνδρὸς
2992 3191 3052 3245 οὗ
3113 3191 3320 3247 κωλύει
3379 3194 3476 3262 τὴν
3517 3194 3717 3264 γυναῖκα

2185 3282 2614 3351 μνηστευθῆναι.

2264 3377 2325 3428 ’0
2358 3374 2839 3445 μνηστευσάμενος
2865 3376 3036 3446 κόρην
3062 3373 3291 3447 ἔφηϐον,
3347 3374 3443 3429 καὶ
3491 3374 3562 3448 μὴ
3606 3392 3720 3444 συμ-

2181 3466 2440 3535 φωνήσας
2484 3465 2679 3535 χρόνον
2725 3467 2782 3518 ὲν
2815 3468 2881 3535 τῇ
2926 3467 3214 3538 μνηστείᾳ,
3263 3467 3475 3537 ὀφείλει
3523 3468 3715 3528 ταύτην,

2179 3561 2229 3613 εἰ
2257 3560 2358 3629 μὲν
2379 3559 2437 3612 ὲν
2460 3561 2527 3629 τῇ
2559 3558 2698 3629 αὐτῇ
2728 3558 2969 3630 ἐπαρχίᾳ
3010 3559 3211 3627 διάγει,
3260 3561 3396 3614 εῐσω
3431 3559 3614 3619 διετίας
3643 3574 3718 3623 γα-

2185 3653 2329 3722 μεῖν,
2364 3651 2415 3703 εί
2447 3650 2503 3703 δὲ
2533 3652 2591 3703 ὲν
2612 3650 2869 3719 ἀπουσίᾳ,
2896 3652 3029 3703 εῐσω
3054 3651 3326 3718 τριετίας.
3356 3652 3415 3704 Εἰ
3441 3651 3496 3703 δὲ
3514 3646 3639 3713 ὑπὲρ
3670 3660 3718 3710 η-

2179 3758 2270 3794 ται
2310 3743 2481 3810 χωρὶς
2511 3740 2738 3808 εὐλόγου
2802 3740 3004 3808 αἰτίας,
3037 3739 3262 3795 δύναται
3298 3743 3332 3812 ή
3383 3741 3516 3815 κόρη
3574 3735 3718 3805 ἑτέρῳ

2180 3832 2569 3888 συνάπτεσθαι.

2247 3926 2325 3980 Οὐ
2355 3925 2463 3996 χρὴ
2491 3926 2615 3988 τοὺς
2644 3925 2914 3995 ἄρχοντας
2952 3925 3012 3991 ἐξ
3039 3915 3255 3995 ὲῖιείνης
3308 3927 3410 3997 τῆς
3458 3923 3716 3995 ἐπαρχίας,

2176 4009 2243 4087 ἧς
2274 4017 2524 4086 ἄρχουσι,
2568 4014 2990 4084 μνηστεύεσθαι.
3021 4016 3084 4070 Εἰ
3115 4016 3173 4070 δὲ
3204 4014 3367 4070 τοῦτο
3410 4015 3714 4084 ποιήσουσιν,

2177 4106 2355 4173 ἔξεστι
2398 4109 2463 4176 τῇ
2494 4106 2632 4176 κόρῃ
2688 4106 2783 4160 καὶ
2839 4109 2953 4169 τοῖς
3001 4106 3251 4173 γονεῦσιν
3299 4107 3488 4176 αὐτῆς,
3526 4107 3555 4176 ἦ
3616 4105 3719 4157 ὲπμ

2177 4196 2480 4268 τρόποις,ἢ
2535 4197 2893 4267 κουράτορσι,
2941 4196 3336 4265 παραιτεῖσθαι
3398 4198 3490 4250 τὸν
3538 4194 3710 4262 γάμον,

2176 4285 2273 4339 καὶ
2322 4285 2624 4354 κερδαίνειν
2687 4285 2815 4347 τοὺς
2853 4284 3202 4357 ἀρραϐῶνας,
3245 4286 3343 4340 τοῦ
3392 4284 3549 4338 αὐτοῦ
3604 4296 3716 4350 κρα-

2174 4377 2397 4440 τοῦντος
2428 4376 2521 4430 καὶ
2551 4377 2641 4431 ἐπὶ
2675 4377 2827 4439 υἰῶν,
2869 4378 2964 4429 καὶ
3011 4378 3271 4445 ἐγγόνων,
3308 4380 3404 4432 καί
3447 4374 3712 4444 συγγενῶν,

481 4481 535 4525 et
575 4473 853 4533 erunibus,
890 4472 983 4541 qui
1040 4482 1165 4525 sunt
1200 4473 1319 4539 ejus
1372 4473 1711 4541 apparitores
1764 4482 1815 4527 et
1846 4475 2067 4542 partici-

2181 4466 2273 4519 καὶ
2298 4464 2707 4535 συγκαθέδρων,
2739 4466 2833 4517 καὶ
2861 4465 2954 4517 ἐπὶ
2986 4465 3205 4519 πάντων
3237 4467 3349 4519 τῶν
3394 4469 3452 4520 ὲν
3480 4466 3540 4535 τῇ
3564 4461 3712 4525 τάξει,

482 4579 580 4634 pes
609 4580 622 4615 :
648 4563 916 4632 siquidem
942 4579 1103 4632 opera
1137 4565 1382 4632 prwsidis
1410 4564 1519 4634 79
1544 4566 1821 4634 sponsalia
1851 4578 2067 4619 contra-

482 4662 697 4707 xerunt.
736 4654 792 4706 Si
843 4664 1020 4707 tamen
1055 4657 1106 4707 ei
1161 4654 1358 4724 puella,
1407 4663 1691 4724 postquam
1746 4654 2066 4723 magistratu

481 4745 700 4809 abierit,
738 4745 942 4799 nubere
974 4745 1109 4813 vult,
1162 4746 1572 4800 matrimonium
1630 4753 1805 4799 ratum
1842 4756 1943 4799 est.

552 4927 741 4994 itaque
774 4924 1013 4988 notabis,
1048 4924 1192 4993 quod
1252 4933 1382 4977 tunc
1433 4931 1770 4978 contractum
1801 4923 1943 4979 hunc
1979 4925 2066 4980 lex

480 5016 806 5086 prohibeat,
874 5030 998 5068 cum
1059 5013 1236 5067 adhuc
1296 5027 1495 5080 prmses
1547 5012 1782 5066 ollieium
1830 5013 2066 5067 admini-

480 5118 641 5173 strat,
665 5119 720 5163 et
755 5108 1073 5178 parentibus
1103 5107 1295 5176 puellae
1324 5106 1683 5161 formidabilis
1710 5122 1831 5161 esse
1860 5116 2062 5175 potest.

479 5204 599 5270 Quo
632 5203 710 5268 lit,
744 5211 802 5254 ut
827 5202 869 5256 si
904 5214 1109 5270 pra-ses
1142 5199 1358 5269 quidem
1405 5208 1546 5261 erat,
1580 5198 1674 5251 sed
1700 5200 1834 5252 satis
1864 5198 2063 5253 virium

478 5311 587 5350 non
621 5294 858 5349 habebat
900 5293 966 5345 ad
1000 5291 1327 5345 territandos
1354 5290 1544 5359 puella:
1584 5299 1861 5359 parentes,
1896 5305 2067 5359 spon-

477 5388 610 5441 salia
655 5401 760 5439 non
799 5384 1002 5437 fuerint
1036 5384 1330 5452 prohibita.

477 5500 628 5555 CAP.
663 5495 801 5551 XVI.
840 5497 914 5551 De
948 5499 1150 5552 clericis
1182 5514 1372 5550 uxores
1406 5514 1530 5551 suas
1564 5508 1822 5566 prauam
1858 5498 2065 5567 religio-

1040 5572 1121 5621 nis
1181 5567 1532 5635 ejicieutibus.

548 5661 737 5716 Canon
795 5671 1109 5714 sanctorum
1161 5660 1529 5726 apostolorum
1579 5660 1805 5727 quintus
1857 5658 2069 5728 cpisco—

481 5766 634 5816 pum,
670 5753 753 5806 vel
806 5754 1210 5823 presbyterum,
1248 5750 1329 5802 vel
1362 5751 1674 5817 diaconum,
1714 5753 1804 5821 qui
1842 5766 2063 5805 morem

2173 4558 2268 4609 καὶ
2298 4556 2407 4608 τῶν
2435 4555 2655 4610 οἰκείων
2691 4554 2879 4619 αὐτοῦ,
2913 4554 3010 4609 ἐὰν
3061 4555 3205 4609 κατὰ
3256 4557 3495 4627 σπουδὴν
3516 4552 3601 4606 τοῦ
3629 4550 3714 4617 ἆρ-

2171 4666 2357 4718 χοντος
2390 4646 2849 4717 ὲμνηστεύσαντο.
2878 4647 2942 4700 Εἰ
2969 4646 3154 4717 μέντοι
3172 4649 3267 4700 καὶ
3291 4648 3435 4715 μετὰ
3459 4641 3711 4715 τὴνάρχὴν

2175 4739 2439 4810 βούλεται
2489 4741 2525 4810 ή
2579 4739 2719 4810 κόρη
2776 4738 3119 4808 συναφθῆναι
3191 4737 3365 4808 αὐτῷ,
3418 4737 3641 4808 ἔρρωται
3688 4732 3713 4782 6

2171 4832 2372 4901 γάμος.

2244 4924 2317 4984 Ση
2330 4920 2566 4992 μείωσαι
2588 4917 2743 4987 γοῦν,
2775 4918 2857 4971 ὅτι
2887 4916 3011 4971 τότε
3042 4917 3247 4971 κωλύει
3291 4919 3355 4971 τὸ
3387 4918 3713 4983 συνάλλαγμα

2169 5020 2197 5070 ό
2226 5019 2411 5085 νόμος,
2444 5010 2533 5068 ὅτε
2564 5015 2623 5066 τὸ
2648 5013 2905 5082 ὀφφίκιον
2930 5014 2958 5066 ό
3015 5012 3201 5082 ἅρχων
3239 5012 3581 5083 διαχειρίζει,
3612 5008 3712 5079 {aui

2170 5108 2395 5161 δύναται
2456 5105 2688 5175 φοϐερὸς
2747 5101 2891 5157 εἷναι
2942 5106 3055 5167 τοῖς
3114 5104 3330 5171 γονεῦσι
3374 5107 3474 5173 τῆς
3527 5105 3710 5173 κόρης·

2171 5200 2336 5265 ὥστε,
2371 5199 2485 5267 εῐγε
2521 5197 2708 5267 ἄρχων
2740 5196 2840 5266 μὲν
2896 5191 2989 5267 ἦν,
3042 5196 3143 5249 οὐκ
3199 5192 3266 5266 ἦν
3318 5196 3377 5248 δὲ
3434 5197 3611 5257 ἱκανὸς
3641 5195 3713 5243 ὲκ-

2172 5290 2411 5359 ιρυόἧσαι
2462 5286 2591 5349 τοὺς
2617 5288 2798 5354 γονεῖς
2847 5288 2945 5356 τῆς
2994 5286 3185 5354 κόρης,
3239 5286 3299 5337 οὐ
3338 5286 3634 5338 κεκώλυται
3686 5280 3712 5345 ή

2173 5399 2375 5453 μνηστε
2386 5381 2461 5433 ία.

2170 5495 2425 5548 ΚΕΦΑΔ.
2487 5493 2604 5558 IG’.
2643 5491 2811 5564 ,Περί
2876 5490 3023 5564 τῷν-
3067 5492 3182 5564 τὰς,
3238 5491 3391 5555 ἰδίας
3453 5486 3713 5564 γυναζκας

2204 5563 2505 5631 προφάσει
2542 5563 2864 5627 εὐλαϐείας
2916 5562 3342 5615 ἐκϐαλλόντων
3381 5562 3682 5625 κληρικών.
3718 5582 3722 5645 ᾖ

2255 5654 2315 5706 '0
2361 5660 2401 5705 ε’
2429 5653 2539 5705 τῶν
2590 5652 2763 5720 ἁγίων
2798 5653 3116 5706 ἀποστόλων
3170 5652 3350 5706 κανὼν
3409 5651 3710 5706 ἐπίσκοπον,

2171 5744 2639 5816 ἦπρεσϐύτερον,
2689 5744 3024 5814 ῆδιάκονον,
3080 5745 3179 5814 τὴν
3234 5741 3432 5798 ἑαυτοῦ
3481 5741 3707 5809 γνναῖκκι
