3992 6410
483 352 623 419 1195
1678 343 2054 408 MATTH/EI
2083 339 2506 404 BLASTARIS
3577 343 3689 406 ιω,

482 487 582 544 per
608 463 936 523 adulterium
985 460 1294 534 polluatur;
1329 466 1442 514 tum
1499 473 1620 529 qua:
1651 459 1709 514 in
1747 460 1923 530 ipsius
1976 465 2058 512 est

2115 456 2542 528 ιέξενεχθείσης
2586 451 3028 508 ἰουστινιανείου
3063 455 3289 525 νεαρᾶς,
3335 453 3400 526 ήν
3449 455 3504 508 τδ
3533 464 3590 525 ιγ
3615 460 3691 513 τοῦ

485 559 847 620 contubernio
881 553 1133 610 adultera
1158 559 1264 617 est,
1304 559 1592 621 propterea
1625 550 1772 619 quod
1804 548 2061 603 maritum

2169 550 2449 620 παρόντος
2475 547 2754 617 στοιχείου
2786 547 3038 618 περιέχει
3083 546 3403 614 κεφάλαιον,
3461 550 3550 602 καὶ
3580 551 3693 622 αὓτη

481 656 719 710 alienum
757 651 822 702 ad
862 661 983 703 sese
1020 644 1344 699 traduxerit.
1379 643 1507 698 llaec
1542 641 1816 696 Basilius.
1847 639 1926 693 Ex
1965 655 2057 709 pu-

2168 641 2290 703 ταῖς
2323 638 2515 702 ἄλλαις
2564 637 2770 701 αἰτίαις
2821 637 3148 710 ήρίθμηται,
3185 639 3253 692 δι’
3309 637 3374 703 ἃς
3408 638 3546 692 λύειν
3598 643 3694 703 ταῖς

483 748 679 803 Ιιιὶοιιιει
721 756 852 796 vero
891 739 1149 806 deinceps
1179 735 1387 791 novella
1419 732 1742 798 Justiniani,
1793 745 1956 803 quam
2000 730 2059 785 de

2167 732 2393 803 γυναιξὶ
2420 731 2488 785 τὰ
2521 731 2842 785 συνοικέσια
2874 729 3083 784 δίδοται
3117 747 3130 760 ·
3166 732 3215 784 εί
3247 731 3303 784 ἐν
3351 733 3416 803 τῇ
3465 733 3589 804 αὐτῇ
3627 733 3700 802 δη·

486 839 760 896 solutione
784 829 1120 888 matrimonii
1151 843 1314 898 supra
1351 826 1588 896 positum
1610 831 1774 890 caput
1801 823 2062 886 continet,

2165 825 2306 896 λαδὴ
2334 823 2485 896 οίκίᾲ
2522 823 2558 896 ἦ
2613 823 2769 876 πόλει
2826 806 2994 895 ἐτέρᾳ
3053 826 3080 876 ό
3137 821 3279 895 ἀνὴρ
3349 825 3700 896 συμφθείροιτι

479 933 643 988 etiam
688 929 805 983 haec
849 925 991 978 inter
1036 921 1176 975 alias
1236 934 1434 974 causas
1486 926 1571 971 est
1634 925 2052 981 connumerata,

2165 916 2412 985 γυναικὶ,
2454 915 2665 969 καὶτοῦ
2701 917 2905 988 μέρους
2931 915 3030 986 τῆς
3073 915 3213 979 ίδίας
3242 917 3498 984 γυναικὸς
3545 918 3693 971 ἐπιτι-

482 1033 702 1095 propter
727 1031 864 1088 quas
894 1015 1158 1069 uxoribus
1183 1010 1442 1080 conjugia
1481 1009 1788 1062 dissolvere
1821 1007 2058 1078 permis-

2167 1008 2398 1077 μὼντων
2479 1006 2634 1078 αὐτῷ
2727 1008 2825 1061 καὶ
2905 1008 3351 1076 ὑποτιθεμένων,
3432 1009 3703 1076 ἀποστῆναι

480 1134 600 1171 sum
631 1122 715 1168 est
746 1131 758 1166 :
791 1111 834 1165 si
878 1107 1128 1161 videlicet
1175 1105 1366 1159 eadem
1401 1102 1457 1156 in
1491 1103 1654 1156 domo
1707 1099 1793 1154 vel
1827 1100 2051 1154 civitate

2164 1103 2262 1172 τῆς
2330 1099 2468 1171 πρὸς
2533 1099 2754 1170 ἐκείνην
2803 1098 3027 1169 ὁμιλίας
3085 1102 3162 1170 μὴ
3237 1099 3514 1154 πείθοιτοο
3571 1116 3700 1170 τηνι-

486 1225 611 1265 cum
660 1206 764 1260 alia
798 1202 1025 1256 muliere
1078 1198 1253 1268 stupri
1310 1195 1762 1250 consuetudinem
1824 1192 2054 1247 maritus

2165 1191 2346 1246 καῦτα
2386 1191 2494 1263 γὰρ
2523 1191 2681 1245 λύειν
2731 1192 2857 1256 τοὺς
2892 1191 3106 1262 γάμους
3155 1191 3246 1246 διὰ
3273 1191 3372 1260 τήν
3401 1189 3700 1262 ζηλοτυπίαν

481 1304 714 1366 habeat;
771 1308 826 1352 et
865 1292 1186 1366 propinquis
1244 1291 1435 1346 uxoris
1482 1304 1595 1343 sua:
1645 1285 2054 1357 increpantibus
2162 1285 2406 1356 ἐφίησιν.

478 1419 630 1467 eum,
669 1415 732 1454 ac
780 1393 1152 1456 monentibus,
1222 1399 1282 1443 ut
1335 1387 1404 1442 ab
1497 1385 1646 1440 illius
1701 1383 2107 1471 consuetudine
2177 1382 2474 1449 abstineat,
2534 1397 2643 1438 non
2702 1380 3060 1453 obtemperet.
3123 1378 3282 1436 Tunc
3332 1379 3473 1436 enim
3525 1379 3706 1434 mulier}

472 1497 792 1573 permittit,
858 1503 918 1546 ιιι
977 1497 1206 1561 propter
1265 1485 1590 1556 zelotypiam
1648 1481 2062 1537 matrimonium
2087 1481 2286 1537 solvat.

535 1592 606 1645 -ln
640 1606 764 1644 can.
803 1595 988 1640 autem
1011 1582 1105 1648 2f,
1144 1595 1294 1645 eum,
1326 1579 1577 1649 quicum
1616 1575 1847 1630 muliere
1887 1574 2060 1629 coha—

2253 1575 2345 1630 Ἐν
2361 1575 2417 1629 δὲ
2443 1574 2504 1629 τὸ
2543 1571 2754 1643 καζτὺν
2784 1555 3168 1628 ’συνοικοῦντα
3211 1570 3451 1640 γυναικὶ,
3482 1570 3548 1624 δι’
3576 1569 3708 1624 ἀσέλ-

475 1689 615 1744 bitat
645 1694 699 1738 ct
733 1689 960 1752 prepter
997 1676 1280 1732 libidinem
1317 1688 1442 1728 cum
1479 1671 1582 1727 alia
1624 1668 1914 1740 polluitur,
1949 1665 2051 1720 fore

2173 1683 2330 1736 γειαν
2360 1666 2419 1720 δὲ
2444 1667 2538 1720 καὶ
2593 1665 2764 1738 ἑτέρᾳ
2791 1665 3300 1736 συμφθειρόμενον,
3335 1662 3581 1733 πορνείας
3626 1661 3706 1733 μέν

479 1775 774 1834 nieationis
829 1786 984 1824 reum
1039 1764 1456 1836 ossejudicat;
1520 1763 1712 1832 utique
1765 1767 1822 1814 et
1885 1757 2055 1828 pugnis

2132 1827 2142 1836 λ
2171 1759 2431 1813 ὑπόδικον
2455 1755 2602 1813 εἶναι
2631 1756 2836 1830 κρίνει,
2862 1760 2958 1812 ἐπὶ
2984 1757 3148 1811 πλέον
3169 1756 3230 1811 δὲ
3281 1757 3396 1819 τοῖς
3444 1753 3708 1823 ἐπιτιμίοις

478 1865 785 1934 majoribus
813 1859 998 1923 allicit,
1041 1867 1207 1927 quam
1248 1869 1374 1910 cum
1412 1853 1506 1922 qui
1535 1866 1660 1906 cum
1690 1849 1926 1905 muliere
1957 1862 2054 1902 nor

2133 1827 2145 1881 ί
2175 1849 2522 1904 καθικνεῖται
2548 1847 2644 1902 τοῦ
2671 1824 2759 1919 *μὴ
2801 1847 3081 1913 συζῶντος
3125 1846 3374 1915 γυναικὶ,
3418 1843 3511 1900 καὶ
3535 1842 3605 1914 τῷ
3630 1845 3709 1895 πά·

479 1932 803 2018 coliabitans
833 1958 886 2010 in
925 1955 1116 2009 eodem
1160 1950 1392 2006 crimine
1422 1947 1804 2016 deprehensus
1871 1944 2055 2000 fuerit,

2174 1939 2259 1994 θει
2283 1939 2461 2008 τούτῳ
2493 1939 2740 2003 ἁλόντος.
2775 1937 2868 2006 Τῷ
2900 1939 3001 2010 μὲν
3050 1937 3160 2008 γὰρ
3187 1933 3493 2004 συγγνώμη
3531 1950 3605 1996 τις
3636 1932 3709 1986 διὰ

483 2056 624 2111 lluic
657 2054 816 2107 cnim.
836 2048 992 2102 venia
1018 2048 1198 2110 aliqua
1217 2043 1381 2098 datur
1399 2049 1622 2110 prepter
1641 2047 1852 2094 natura:
1875 2050 2059 2092 neces-

2172 2032 2272 2102 τὴν
2297 2033 2544 2102 ἀνάγκην
2567 2035 2666 2104 τῆς
2699 2031 2914 2102 φύσεως
2936 2049 2953 2064 ·
3007 2032 3034 2085 ό
3059 2031 3117 2086 δέ
3171 2030 3382 2101 ταύτης
3429 2028 3705 2100 ἐπέρηται.

480 2149 727 2208 sitatem,
758 2143 848 2196 ille
877 2148 1060 2195 autem
1095 2151 1216 2191 eam
1247 2151 1360 2190 non
1382 2133 1720 2203 assequitur,
1756 2138 1944 2202 utpote
1969 2129 2056 2201 qui

2171 2124 2270 2179 ἆτε
2299 2125 2397 2195 τῆς
2429 2124 2667 2193 φυσικῆς
2696 2123 3014 2194 τυραννίδος
3079 2122 3182 2192 τήν
3215 2121 3449 2193 νόμιμον
3485 2121 3709 2190 ἐχωνπα-

482 2241 783 2310 legitima-tn
824 2233 1114 2301 coniugem
1171 2229 1370 2284 habeat
1427 2241 1550 2296 qua:
1604 2235 1818 2279 natura:
1881 2233 2058 2294 tyran-

2173 2217 2476 2310 ραμυθίαν,
2509 2215 2599 2270 διὰ
2629 2216 2686 2269 δὲ
2719 2217 2889 2286 μόνην
2905 2213 3180 2285 ἀκρασίαν
3210 2213 3294 2285 τῷ
3319 2215 3422 2284 τῆς
3450 2212 3708 2273 ἀκολασίας

483 2306 667 2391 nidem
723 2329 1052 2393 dcmulceat,
1089 2326 1295 2396 quique
1341 2330 1564 2392 prepter
1611 2319 1784 2375 solam
1827 2318 2059 2373 inconti-

2173 2308 2424 2380 βορϐόρῳ
2452 2307 2969 2377 ἐγκυλινδούμενος.
3031 2307 3107 2360 Οὐ
3142 2307 3333 2378 μέντοι
3363 2309 3453 2359 καὶ
3511 2306 3704 2370 κανόνα,

484 2429 727 2484 nentiam
785 2426 838 2479 in
879 2435 1040 2478 cceno
1099 2417 1345 2476 libidinis
1376 2413 1674 2470 volutatur.
1716 2411 1860 2480 Quin
1903 2411 2060 2466 etiam

2171 2401 2359 2468 φησιν,
2389 2399 2612 2471 ἔχομεν,
2645 2401 2741 2454 ἐὰν
2769 2400 2851 2463 είς
2881 2399 3173 2469 ἐλευθέραν
3205 2401 3392 2470 γάμου
3420 2401 3452 2471 ή
3501 2397 3708 2469 ἁμαρτία

484 2533 776 2581 canonem,
802 2515 1004 2585 inquit,
1038 2526 1147 2566 non
1185 2509 1476 2571 habemus,
1498 2520 1649 2569 eum,
1711 2505 1756 2560 si
1784 2507 1840 2559 in
1873 2505 2060 2558 matri-

2172 2489 2426 2585 yévqta‘t,
2467 2490 2548 2560 τῷ
2578 2491 2679 2560 τῆς
2721 2490 2978 2560 μοιχείας
3008 2489 3172 2544 αὑτὸν
3198 2489 3488 2558 ὑπάγοντα
3545 2487 3711 2556 ἐγκλή·

487 2613 674 2668 ιιιοιιίο
721 2580 963 2665 solutam
1027 2611 1310 2675 peccatum
1352 2602 1466 2662 ﬁat,
1535 2598 1787 2653 adulterii
1843 2598 2063 2653 crimini

2173 2599 2330 2650 ματι,
2363 2581 2396 2652 ἢ
2438 2581 2540 2652 τῆς
2571 2581 2710 2652 πρὸς
2738 2581 2840 2652 τὴν
2871 2581 3077 2634 οίκείαν
3101 2582 3345 2650 γυναῖκα
3379 2580 3709 2650 συνοικήσεως

483 2703 781 2760 obnoxium
840 2699 1184 2760 reddentem,
1221 2694 1307 2750 vel
1341 2709 1368 2748 a
1417 2690 1654 2762 propria:
1691 2689 1880 2745 uxoris
1911 2705 2059 2745 com-

2169 2671 2536 2726 ἀποκλείοντα
2564 2689 2578 2705 ο
2629 2671 2773 2729 ὥστε
2800 2673 2834 2744 ή
2865 2671 2966 2742 μὲν
2995 2671 3134 2744 γυνή
3194 2672 3311 2726 ἀπὸ
3336 2673 3585 2742 πορνείας
3602 2673 3709 2722 ἐπα-

488 2797 695 2852 mercio
732 2793 1064 2864 abigentem.
1098 2791 1272 2843 Porro
1321 2785 1542 2858 quidem
1570 2782 1772 2836 mulier
1802 2781 2062 2836 maritum

2170 2764 2352 2817 νιόντα
2407 2765 2499 2817 τὸν
2558 2765 2728 2836 ἀνδρα
2778 2764 2994 2829 δέξεται
3025 2781 3041 2799 ·
3093 2761 3253 2830 οὗτος
3279 2766 3337 2820 δὲ
3387 2765 3484 2835 τὴν
3509 2763 3710 2833 γυναῖκα

485 2908 515 2944 ιι
551 2887 917 2944 fornicatione
950 2895 1230 2966 reversum
1266 2876 1573 2946 suscipiet;
1613 2875 1702 2928 ille
1731 2881 1913 2926 autem
1947 2887 2061 2926 mu-

2172 2859 2424 2927 μιγείσαν
2456 2857 2630 2928 ἑτέρῳ
2695 2857 2804 2912 τῶν
2858 2859 3026 2912 οίκων
3062 2857 3415 2928 ἀποπέμψει,
3467 2855 3557 2910 καὶ
3589 2854 3711 2908 ἀκων

480 2979 670 3035 lierem
705 2988 827 3044 qua:
851 2958 975 3027 cum
1009 2970 1116 3024 alio
1150 2967 1541 3023 commercium
1580 2963 1794 3026 habuit,
1833 2977 1898 3016 ex
1930 2961 2056 3016 tedi-

2167 2951 2375 3020 ταύτην
2411 2950 2818 3020 προσλαϐέσθαι
2842 2950 2945 3004 οὐκ
2975 2950 3489 3021 ἀναγκασθήσεται.
3525 2947 3711 3002 Τούτων

485 3071 590 3124 bus
623 3065 846 3134 eiiciat;
883 3071 938 3117 et
969 3061 1176 3116 invitus
1209 3073 1330 3113 eam
1373 3058 1621 3125 recipere
1661 3068 1772 3108 non
1813 3060 2059 3121 cOgetur.

2167 3043 2272 3096 δέό
2307 3043 2487 3112 λόγος,
2527 3050 2713 3113 φησιν,
2749 3044 2810 3096 οὐ
2862 3043 3066 3114 ῥᾴδιος,
3103 3045 3135 3112 ή
3189 3043 3252 3096 δὲ
3293 3042 3550 3113 συνήθεια
3591 3037 3710 3093 οὕτω

485 3161 690 3216 llarum
719 3172 926 3220 rerum,
961 3155 1159 3223 inquit,
1189 3150 1330 3207 ratio
1354 3165 1461 3206 non
1493 3149 1671 3204 facilis
1705 3159 1815 3215 est,
1872 3160 2060 3204 verum

961 3155 1159 3223 inquit,
1189 3150 1330 3207 ratio
1354 3165 1461 3206 non
1493 3149 1671 3204 facilis
1705 3159 1815 3215 est,
1872 3160 2060 3204 verum
2093 3172 2136 3230 ο
2170 3137 2537 3206 κεκράτηκεν.

481 3250 828 3310 consuetudo
867 3249 937 3302 ita
968 3247 1230 3302 obtinuit.

553 3346 612 3400 ln
639 3357 850 3399 canone
879 3355 1007 3394 vero
1036 3338 1104 3393 35
1145 3356 1158 3391 :
1195 3338 1253 3392 1n
1282 3338 1350 3391 iis
1389 3336 1482 3405 qui
1515 3334 1923 3388 matrimonium
1953 3332 2069 3386 dis-

2259 3315 2349 3370 Ἐν
2381 3317 2436 3370 δέ
2462 3315 2540 3386 τῷ
2562 3315 2658 3382 λε’,
2703 3317 2830 3370 Ἐπὶ
2856 3317 2968 3368 τῶν
3010 3315 3348 3372 διαλυόντων
3396 3315 3483 3368 τὸν
3543 3313 3714 3382 γάμον.

481 3440 721 3500 solvunt,
752 3449 1003 3498 causam,
1049 3432 1250 3502 inquit,
1302 3429 1660 3485 considerare
1711 3435 1947 3496 oportet.
1999 3425 2057 3478 Et

2170 3409 2269 3480 τὴν
2301 3409 2482 3461 αίτίαν
2513 3408 2640 3478 χρὴ,
2676 3409 2835 3477 φησι,
2870 3410 3120 3465 σκοπεῖν.
3163 3410 3282 3463 Καὶ
3308 3409 3357 3462 εί
3395 3408 3492 3479 μὲν
3507 3405 3714 3476 παραλό-

481 3533 754 3602 siquidem
794 3528 990 3581 mulier
1023 3526 1144 3580 sine
1189 3539 1355 3580 causa
1393 3537 1421 3575 a
1466 3523 1585 3576 viro
1628 3519 1940 3581 secesserit,
1977 3518 2057 3571 illa

2171 3520 2282 3571 γως
2311 3503 2404 3555 τοῦ
2435 3502 2629 3572 ἀνδρὸς
2667 3501 3022 3571 ἀνεχώρησεν
3057 3503 3091 3571 ὴ
3136 3501 3300 3571 γυνὴ,
3332 3503 3365 3573 ἡ
3405 3502 3503 3572 μὲν
3568 3501 3713 3552 ἐπιτι-

479 3626 703 3697 quidem
749 3637 929 3689 poena,
981 3619 1072 3672 hic
1102 3627 1283 3671 autem
1315 3615 1476 3670 venia
1507 3613 1707 3682 dignus
1743 3611 2055 3682 iudicatur;

2173 3595 2332 3665 μίων,
2366 3593 2479 3648 ὁδὲ
2549 3594 2884 3664 συγγνώμης
2943 3594 3095 3660 ἄξιος
3157 3596 3429 3666 κρίνεται,
3505 3592 3630 3664 πρὸς
3667 3591 3714 3642 τὸ

481 3716 740 3770 nimirum
787 3720 848 3766 ut
871 3725 999 3766 cum
1028 3706 1278 3762 Ecclesia
1305 3703 1700 3769 communicet,
1742 3716 1851 3757 non
1880 3711 2057 3754 autem

2170 3688 2449 3740 κοινωνεῖν
2501 3685 2686 3756 μέντοι
2712 3688 2777 3757 τῇ
2818 3685 3145 3758 Ἐκκλησία,
3180 3686 3243 3739 οὐ
3296 3685 3407 3758 μὴν
3454 3686 3546 3738 καὶ
3579 3682 3714 3752 ἑτέρᾳ

481 3818 539 3861 ιιι
560 3807 663 3860 alia
699 3812 910 3857 utatur.

2167 3775 2369 3846 δηλαδὴ
2389 3774 2712 3844 κεχρῆσθαι.

550 3898 693 3964 Quin
727 3897 856 3949 etin
890 3908 1017 3948 can.
1053 3890 1159 3945 77:
1199 3887 1309 3954 Qui
1354 3885 1637 3940 mulierem
1682 3883 1788 3940 sibi
1826 3883 2067 3955 legitime

2241 3866 2510 3936 Ἐνδέτῷ
2543 3865 2642 3930 (ιζ’,
2675 3866 2734 3918 ’0
2778 3865 2961 3935 μέντοι
3023 3865 3462 3935 καταλιμπάνων
3508 3865 3598 3934 τὴν
3645 3877 3714 3914 vo-

479 3991 833 4060 conjnnctam
857 3982 1144 4053 relinquit,
1173 3991 1228 4035 et
1258 3980 1420 4033 aliam
1450 3979 1622 4042 ducit,
1659 3976 1919 4031 adulterii
1953 3976 2055 4030 cri-

2172 3959 2357 4029 μίμως
2412 3959 2559 4029 αὑτῷ
2625 3957 2998 4028 συναφθεῖσαν
3063 3959 3160 4013 καὶ
3225 3958 3427 4028 ἑτέραν
3483 3957 3716 4026 ἀγόμενος

484 4083 622 4137 mini
659 4079 938 4140 obnoxius
981 4085 1082 4129 est.
1137 4073 1328 4128 Patres
1370 4079 1556 4126 autem
1606 4069 1805 4134 nostri,
1864 4067 2060 4137 inquit,

2169 4050 2246 4121 τῷ
2269 4051 2368 4120 τῆς
2400 4047 2652 4119 μοιχείας
2685 4049 2980 4101 ὑπόκειται
3023 4047 3280 4117 κρίματι’
3310 4049 3363 4101 οἱ
3418 4047 3476 4101 δὲ
3508 4043 3713 4112 Πατέρες

481 4176 562 4230 eis
616 4170 887 4242 scptennii
924 4180 1142 4237 pmnam
1189 4162 1526 4223 inflixerunt,
1594 4169 1646 4214 et
1690 4159 1768 4213 sic
1813 4171 2057 4212 commu-

2169 4142 2353 4213 ἡμῶν,
2391 4143 2576 4209 φησιν,
2613 4141 2693 4202 είς
2717 4140 3014 4193 ἑπταετίαν
3041 4141 3155 4202 τοῖς
3186 4138 3454 4203 τοιούτοις
3505 4141 3713 4189 ἐπιτετι-

479 4269 644 4323 nionc
669 4265 864 4334 dignos
907 4266 1156 4319 censent,
1203 4255 1249 4311 si
1293 4268 1419 4307 cum
1484 4250 1740 4322 lacrymis
1793 4249 2055 4320 pcenitem

2172 4234 2409 4304 μήκασι,
2442 4233 2537 4286 καὶ
2556 4232 2699 4288 οὕτω
2724 4232 2825 4302 τῆς
2852 4233 3170 4302 προσφορᾶς
3198 4231 3467 4297 ἀξιοῦσιν,
3491 4230 3579 4284 ἐὰν
3597 4224 3712 4297 μετά

483 4361 611 4414 tiam
634 4355 870 4425 egerint.

2169 4325 2421 4394 δακρύων
2457 4325 2856 4394 μετανοήσωσι.

552 4406 696 4503 llaec:
717 4461 769 4499 νι
817 4458 938 4514 syn.
975 4442 1165 4494 Patres
1203 4439 1256 4493 in
1293 4453 1396 4493 can
1425 4437 1514 4504 87,
1565 4435 1857 4507 ipsissimis
1888 4433 2064 4490 sancti

2239 4417 2424 4470 Ταῦτα
2455 4417 2550 4470 καὶ
2576 4416 2625 4468 οί
2651 4418 2751 4487 τῆς
2783 4415 2947 4486 ἕκτης
2991 4416 3212 4469 συνόδου
3245 4416 3305 4469 ἐν
3330 4412 3408 4484 τῷ
3448 4410 3532 4478 ’κζ’
3555 4406 3712 4464 κανόνι

468 4527 666 4600 verbis
690 4541 774 4595 usi
795 4538 1149 4600 confirmant;
1174 4549 1408 4604 eamque
1435 4547 1556 4602 quae
1576 4541 1774 4601 praeter
1797 4530 2044 4584 rationen

2137 4529 2147 4575 μ
2173 4507 2536 4580 ἐπικυροῦσιν
2568 4506 2756 4570 αὐτοῖς
2787 4506 2884 4560 τοῦ
2935 4506 3092 4574 ἁγίου
3121 4507 3464 4577 χρησάμενοι
3489 4505 3679 4576 ῥήμασι
3698 4508 3713 4526 ⁸

481 4639 659 4691 virum
703 4646 864 4686 suum
903 4627 1166 4698 relinquit
1211 4638 1270 4681 ut
1327 4626 1633 4680 adulteram
1674 4623 2057 4685 condemnantI

2171 4603 2267 4656 καὶ
2297 4601 2395 4670 τὴν
2431 4601 2530 4670 μὲν
2578 4599 2908 4668 παραλόγως
2962 4598 3342 4651 ἀπολιποῦσαν
3396 4597 3486 4652 τὸν
3570 4590 3714 4658 ἄνδρα

485 4729 603 4781 viro
637 4733 819 4778 autem
855 4719 1069 4775 veniam
1098 4719 1254 4780 dant,
1287 4725 1344 4770 et
1371 4730 1498 4770 cum
1544 4713 1792 4768 Ecclesia
1822 4727 2061 4768 commu-

2171 4693 2246 4756 ὡς
2291 4692 2576 4763 μοιχαλίδα
2638 4691 3030 4761 κατακρίνουσι
3061 4705 3077 4720 ο
3123 4690 3216 4742 τὸν
3286 4688 3346 4741 δὲ
3421 4681 3715 4755 συγγνώμης

483 4819 672 4875 nicare
720 4815 1066 4887 praecipiunt.
1118 4808 1256 4862 Eum
1316 4822 1445 4862 vero
1501 4807 1597 4876 qui
1665 4805 1912 4874 legitime
1963 4802 2059 4858 sibi

2170 4785 2406 4852 ἀξιοῦσι,
2443 4787 2538 4838 καὶ
2570 4787 2636 4854 τῇ
2681 4783 2980 4853 Ἐκκλησία
3023 4783 3302 4836 κοινωνεῖν
3334 4775 3713 4850 παρεγγυῶσι·

2217 4881 2227 4887 .
2435 4878 2446 4887 .
2666 4876 2682 4887 ι
2829 4876 2840 4887 ι
3090 4875 3101 4887 ι
3293 4873 3304 4887 1
3501 4886 3504 4887 ,
3530 4861 3697 4887 _._--h-1

483 4861 672 4875 ...νυ-ν
720 4861 1065 4887 τηινγ-η--
1119 4861 1140 4862 η
1174 4861 1198 4862 η
1365 4861 1371 4862 ,
1520 4861 1536 4876 _
1722 4861 1750 4874 υ

477 4915 724 4983 junctam
757 4907 1040 4976 relinquit,
1073 4912 1123 4958 et
1161 4899 1281 4955 (um
1308 4900 1416 4954 alia
1445 4898 1643 4952 exinde
1661 4894 2053 4950 matrimonialt

2171 4881 2262 4934 τόν
2291 4897 2354 4948 γε
2389 4878 2498 4948 μὴν
2521 4876 3012 4947 καταλιμπάνοντα
3052 4875 3152 4946 τὴν
3179 4873 3430 4943 νομίμως
3463 4861 3716 4934 συναφθεί-

482 4962 826 5060 contractum
884 4997 1038 5059 facit,
1099 5002 1359 5061 tanquam
1420 4987 1692 5054 adulterii,
1751 5001 1816 5043 ex
1851 4985 2058 5040 Domini

2172 4993 2296 5039 σαν,
2332 4975 2426 5027 καὶ
2469 4971 2590 5042 μεθ’
2623 4971 2822 5040 ἐτέρας
2862 4967 3103 5038 γαμικὸν
3127 4967 3288 5034 δῆθεν
3339 4962 3588 5017 ποιοῦντα
3616 4970 3714 5009 συν·

483 5096 774 5161 sententia,
805 5107 958 5147 reum
994 5089 1046 5142 in
1084 5084 1432 5155 septennium
1453 5099 1481 5135 a
1505 5079 1872 5136 sacramentis
1895 5086 2059 5133 arcet.

2169 5067 2454 5135 ἄλλαγμα,
2487 5065 2564 5127 ὼς
2597 5063 2678 5132 τῷ
2707 5063 2942 5133 κρίματι
2995 5059 3092 5113 τοῦ
3137 5060 3328 5130 μοιχοῦ
3363 5057 3710 5122 ὑποκείμενον.

2171 5160 2430 5221 κατὰτὴν
2462 5156 2558 5211 τοῦ
2581 5157 2789 5222 Κυρίου
2839 5155 3144 5222 ἀπόφασιν,
3197 5152 3392 5222 μέχρις
3453 5141 3710 5199 ἐπταετὶας

2171 5251 2280 5305 τῶν
2318 5246 2692 5320 ἁγιασμάτων
2714 5247 3072 5314 ἀπείργουσι.

555 5365 772 5420 Rursus
803 5370 1030 5416 sanctus
1059 5353 1313 5417 Basilius,
1345 5353 1397 5406 in
1432 5369 1554 5407 can.
1577 5349 1668 5412 46,
1698 5367 1819 5420 qua:
1845 5351 1964 5405 viro
1996 5350 2067 5404 ab

2243 5315 2545 5402 Kaivaﬁﬂt;
2575 5340 2610 5410 ή
2643 5335 2916 5406 βασίλειος
2971 5334 3070 5402 τῆς
3096 5328 3430 5399 Ἐκκλησίας
3469 5319 3640 5420 στολὴἱ
3666 5315 3710 5364 ἐν

485 5472 660 5514 uxore
704 5468 803 5510 sua
855 5464 955 5521 pro
997 5458 1244 5516 tempore
1279 5444 1540 5498 derelicto
1599 5451 1824 5512 prepter
1865 5453 2061 5494 moero-

2169 5432 2246 5503 τῷ
2273 5437 2390 5500 μςν,
2429 5429 2507 5500 τῷ
2536 5408 2669 5498 πρὸς
2695 5426 2876 5494 ὀλίγον
2934 5423 3088 5494 παρά
3155 5421 3255 5490 τῆς
3311 5418 3447 5480 ἰδίας
3496 5408 3711 5521 καταλει-

488 5498 660 5514 mw.-.
704 5498 803 5510 ..π
855 5498 949 5521 Γ--
1225 5498 1238 5499 ,
1600 5498 1614 5512 _
1705 5498 1719 5511 .

486 5565 604 5605 rem
626 5547 808 5601 forsan
845 5541 926 5596 vel
950 5537 1119 5593 animi
1144 5536 1557 5598 demissionem,
1579 5547 1677 5602 per
1701 5531 2062 5601 ignorantiam

2171 5498 2364 5595 ‘Pfléim
2387 5498 2668 5591 γυναικὸς.
2719 5519 2808 5573 διά
2830 5534 2952 5572 τινα
2985 5515 3166 5585 λύπην
3192 5514 3343 5578 ἴσως,
3393 5510 3426 5579 ἢ
3480 5498 3712 5598 μικροψΫ

491 5643 671 5707 ιιιιῢίι,
729 5646 916 5712 postea
947 5651 1077 5692 vero
1119 5646 1293 5689 uxore
1341 5627 1538 5699 priori,
1593 5642 1658 5682 ex
1715 5627 1819 5680 alia
1879 5624 2064 5680 forsan

2171 5589 2316 5689 χιαν,
2350 5589 2575 5686 τούτῳὴ
2611 5612 2753 5668 κατά
2807 5611 3034 5682 ἄγνοιαν
3087 5605 3408 5680 γημαμένη,
3468 5598 3579 5652 εἶτα
3627 5589 3707 5656 τῆς

492 5687 671 5707 ..ι-υ.-.
729 5687 916 5712 Γ----
959 5687 1070 5692 ----
1130 5687 1136 5688 κ
1247 5687 1252 5689 .
1345 5687 1360 5699 ,
1525 5687 1533 5691 _

492 5738 732 5808 regione,
781 5747 1003 5790 reversa
1057 5727 1126 5782 ab
1171 5739 1236 5780 eo
1269 5722 1497 5777 dimissa
1553 5718 1740 5783 fuerit,
1790 5733 1854 5773 ex
1910 5718 2066 5787 igno-

2173 5687 2397 5783 πρώτης
2446 5705 2856 5775 ἐπανελθούσης
2911 5703 2970 5768 εξ
3017 5699 3324 5770 ἀλλοδαπῆς
3374 5699 3506 5758 ισως
3547 5687 3707 5808 χώρες

2289 5803 2302 5808 -
2373 5802 2387 5808 -
2466 5799 2490 5808 -
2532 5801 2542 5808 .
2633 5797 2655 5808 ι.
2694 5799 2714 5808 -
2841 5796 2854 5808 ι
2924 5794 2937 5808 ι
3219 5794 3233 5808 ι
3309 5793 3364 5808 ς..
3407 5781 3577 5808 1-.-.-1-
3629 5793 3655 5807 ν
3687 5797 3707 5808 -

493 5771 732 5808 aven-Iuv,
785 5771 1003 5790 ιιινυι-ιυι
1058 5771 1124 5782 nu
1173 5771 1233 5780 νν
1273 5771 1497 5777 ν---ν--νη
1553 5771 1740 5783 “in”,
1800 5771 1852 5773 ,η
1931 5771 1960 5787 υ
2018 5771 2022 5772 ,

489 5829 667 5886 :antia
699 5829 915 5898 quidem
955 5821 1227 5877 fornicata
1254 5824 1356 5883 est,
1391 5813 1487 5872 sed
1520 5829 1550 5870 a
1573 5811 1930 5870 matrimonio
1956 5825 2064 5865 non

2172 5771 2303 5873 παρ’
2327 5771 2493 5856 αξιτοῦ
2520 5771 3139 5868 ἀφεθεῖσαξέπόρνευσε
3177 5794 3274 5865 μὲν
3305 5793 3368 5844 ἐν
3399 5781 3598 5854 ἀγνοίᾳ.
3629 5771 3709 5840 γάρ
