3992 6392
325 356 464 437 1197

1329 344 1732 431 SilN'i‘AGMA
1771 344 2390 427 ALPHABETICUM.
2428 389 2489 400 ——
2525 333 2586 424 i‘.

3468 355 3601 427 1198

325 504 444 557 μων
469 484 525 539 δὲ
550 483 652 540 οὐκ
686 483 1071 556 είρχθήσεται.
1092 476 1167 537 Οὐ
1205 485 1316 553 γάρ
1339 483 1534 555 ἀνδρὸς
1553 483 1758 552 ἀφείθη
1808 498 1890 536 vo-

2011 476 2318 543 arcebitur;
2370 493 2478 530 non
2528 479 2676 531 enim
2727 492 2756 530 a
2809 477 3053 548 legitimo
3121 481 3324 535 marito
3364 481 3598 539 dimissa

325 583 519 652 μίμου,
554 580 726 650 μήπω
757 579 852 632 τοῦ
892 572 1165 646 προτέρου
1219 579 1402 648 γάμου
1440 578 1718 644 λυθέντος,
1762 578 1900 631 ἀλλά

324 673 578 743 πορνείας
609 669 947 742 ἀπήλλακτο.
990 671 1222 725 Κάλλιον
1279 672 1360 736 δὲ,
1405 672 1592 741 φησιν,
1649 673 1698 724 εί
1759 671 1903 723 οὕτω

323 762 560 837 μένοιενέ
587 765 651 818 οὐ
699 767 808 833 γὰρ
835 763 1115 834 εὔσχημον
1151 765 1250 833 τὴν
1313 757 1712 834 δνομασθεῖσαν
1753 762 1900 826 τινὸς

320 859 492 926 ἑτέρῳ
523 849 814 925 συμϐιοῦν.
846 856 983 924 Φησὶ
1024 855 1132 925 γὰρ
1153 856 1180 907 ό
1200 854 1387 920 νόμος,
1415 853 1499 907 ὅτι
1543 853 1632 908 Ἐν
1660 853 1774 914 τοῖς
1799 851 1902 921 γά·

321 967 446 1018 μοις
507 947 571 1000 οὺ
600 947 763 1017 μόνον
787 947 848 1000 τὸ
873 939 1381 1018 ἐπιτετραμμένον,
1415 946 1554 1000 ἀλλά
1592 947 1686 1000 καὶ
1718 947 1776 1000 τὸ
1804 945 1898 998 εὖ-

312 1058 422 1112 πρε
432 1041 533 1103 res;
567 1039 908 1108 σκοποῦμεν.

398 1133 488 1185 Ἐν
519 1127 577 1185 δὲ
633 1130 712 1200 τῷ
749 1130 840 1200 μη¹
894 1132 1102 1195 κανόνι,
1170 1133 1235 1184 Ἠ
1283 1120 1712 1199 καταλειφθεῖσά
1763 1123 1901 1201 πρὸς

311 1223 407 1278 τοῦ
449 1224 657 1277 οίκείου
689 1222 1240 1293 ἀνδρὸςπιραλόγως
1291 1221 1413 1276 κατ’
1478 1224 1618 1293 ἐμὴν
1649 1215 1896 1291 γνώμην,

313 1315 510 1384 φησιν,
545 1314 689 1368 οὕτω
739 1311 924 1385 μένειν
954 1315 1184 1383 ὀφείλει.
1238 1313 1423 1368 Εἰπὼν
1455 1315 1565 1386 γάρ
1594 1317 1622 1368 ὁ
1671 1313 1898 1384 Κύριος,

320 1426 340 1460 ι
364 1408 493 1462 Ἐάν
520 1424 606 1470 τις
636 1406 734 1475 τὴν
759 1408 899 1459 ίδίαν
928 1405 1234 1476 καταλείπῃ
1265 1408 1521 1472 γυναῖκα,
1552 1406 1700 1458 ποιεῖ
1727 1405 1898 1474 αὐτὴν

317 1501 677 1572 μοιχᾶσθαι,ι
708 1497 1033 1554 ἀπέκλεισεν
1071 1499 1241 1569 αὐτὴν
1269 1487 1368 1570 τῆς
1401 1498 1538 1569 πρὸς
1570 1496 1758 1567 ἕτερον
1788 1502 1901 1550 κοιμ-

311 1593 548 1655 νωνίαςο
601 1592 665 1646 οὐ
726 1593 836 1662 γὰρ
877 1591 1025 1656 εἰκὸς
1069 1592 1161 1645 τὸν
1216 1590 1316 1661 μὲν
1377 1590 1545 1661 ἀνδρα
1599 1582 1900 1642 ὑπεύθυνον

311 1681 480 1748 εἶναι,
511 1685 586 1748 ὡς
623 1685 870 1754 μοιχείας
895 1683 1092 1748 αἴτιον,
1130 1682 1229 1752 τὴν
1259 1683 1314 1736 δὲ
1360 1679 1751 1752 ἀνεπίκλητον,
1779 1681 1899 1751 ἥτις

2011 576 2151 632 erat,
2188 583 2313 623 cum
2346 570 2560 638 priores
2595 569 2801 638 nuptiae
2832 585 2942 622 non
2972 571 3167 626 solutae
3195 583 3404 637 essent,
3442 574 3536 628 sed
3567 591 3595 628 a

2006 658 2368 713 fornicatione
2397 657 2628 714 liberata
2663 669 2772 714 est.
2813 659 3005 716 Melius
3036 671 3218 717 autem
3260 664 3366 718 erit
3418 665 3592 725 si'ita.

2007 750 2207 821 inquit,
2247 757 2487 806 maneat.
2529 751 2647 806 Non
2685 753 2834 806 enim
2865 753 3125 808 decorum
3150 765 3237 810 est
3272 765 3471 826 utque
3496 759 3597 811 ali-

2007 844 2163 913 cujus
2196 856 2336 900 uxor
2371 854 2560 902 vocata
2591 855 2730 911 erat,
2764 861 2887 901 cum
2912 848 3088 902 altero
3115 849 3419 906 collabitet.
3453 850 3596 904 Dicit

2004 936 2153 990 enim
2187 937 2298 1002 lex,
2335 935 2391 990 in
2421 936 2628 1006 nuptiis
2666 953 2776 992 non
2804 939 2982 994 solum
3010 940 3062 994 id
3090 943 3236 1010 quod
3270 941 3598 1012 permissum

2006 1034 2112 1091 εει,
2146 1027 2242 1083 sed
2269 1029 2416 1098 quod
2441 1028 2734 1084 ltoncStutn
2761 1039 2844 1084 tst
2871 1031 3314 1088 c0ttsidcramus.
3567 1047 3569 1049 ‘

2076 1123 2134 1172 ln
2167 1133 2288 1173 can.
2319 1127 2502 1174 autem
2543 1120 2631 1186 ιε,
2662 1119 2794 1186 Quae
2826 1135 2855 1174 a
2889 1123 3093 1177 marito
3129 1139 3230 1178 suo
3260 1133 3460 1194 praeter
3499 1142 3593 1179 ra-

2008 1210 2212 1266 tionem
2255 1212 2364 1282 81
2405 1212 2668 1268 derelicta
2709 1223 2815 1280 est,
2867 1230 2986 1269 mea
3030 1217 3250 1285 quidem
3298 1221 3594 1282 sententia,

2005 1304 2208 1382 inquit,
2246 1309 2320 1358 ita
2350 1319 2576 1361 manere
2605 1306 2788 1362 debet.
2835 1307 3104 1364 Dominus
3152 1309 3297 1363 enim
3347 1310 3538 1365 dicens
3580 1328 3592 1366 :

2013 1399 2030 1446 ι
2069 1395 2127 1450 Si
2162 1397 2289 1466 quis
2316 1409 2542 1452 uxorem
2577 1407 2734 1454 Suam
2791 1400 3091 1470 relinquat,
3153 1415 3274 1456 eam
3324 1403 3594 1458 tumcltarl

2009 1487 2162 1553 facit,
2207 1505 2226 1539 ι
2264 1487 2406 1544 hanc
2441 1489 2509 1544 ab
2537 1489 2764 1545 alterius
2805 1491 2906 1544 viri
2928 1493 3208 1548 consortio
3259 1504 3452 1562 arcet;
3484 1509 3594 1548 non

2016 1579 2163 1632 enim
2219 1579 2302 1636 l‘as
2330 1589 2412 1635 est
2459 1585 2717 1636 maritum
2749 1582 2970 1638 crimini
2995 1583 3250 1641 adulterii
3293 1587 3591 1641 obnoxium

2003 1686 2147 1736 esse,
2176 1686 2296 1727 eam
2328 1687 2456 1728 vero
2497 1674 2961 1744 irrepreliensant,
2988 1693 3110 1747 quae
3141 1677 3388 1733 adultera
3422 1694 3452 1734 a
3487 1679 3590 1734 Do-

315 1778 568 1849 μοιχαλὶς
595 1776 749 1848 παρὰ
787 1776 884 1828 τοῦ
929 1773 1137 1845 Κυρίου
1172 1773 1645 1845 προσαγορεύεται
1683 1772 1771 1826 διὰ
1801 1771 1899 1842 τὴν

2011 1763 2156 1819 mino
2212 1775 2440 1820 vocatur
2495 1777 2720 1837 pmpter
2747 1768 2977 1824 alterius
3011 1771 3111 1824 viri
3167 1772 3588 1828 commercium.

481 1843 692 1940 ἕτερον⁷
725 1843 1037 1923 κοινωνίαν.
1074 1843 1240 1922 Ἀλλά
1282 1870 1391 1937 γὰρ
1427 1843 1577 1929 ὅπως
1608 1865 1781 1919 ταῦτα
1814 1865 1899 1919 θεε-

2011 1857 2262 1922 uuaenam
2295 1866 2479 1913 autem
2512 1859 2597 1913 his
2635 1861 2905 1917 medicina
2931 1862 3274 1929 adhibeatur,
3294 1878 3360 1919 ex
3379 1862 3603 1949 legibus.

317 1961 640 2032 ραπεύεται,
675 1959 1068 2032 ἀκριϐέστερον
1118 1961 1182 2012 ὲκ
1224 1957 1332 2011 τῶν
1385 1956 1685 2011 πολιτικῶν
1719 1956 1901 2028 μεμά-

315 2054 496 2126 θηκας
527 2055 733 2124 νόμων.

398 2147 560 2200 Ἀλλά
609 2150 704 2202 καὶ
734 2148 763 2200 ό
801 2146 901 2216 τῆς
931 2147 991 2200 ὲν
1023 2142 1350 2218 Καρθαγὲνῃ
1397 2135 1488 2218 ρςδ
1522 2143 1657 2209 τοὺς
1722 2145 1901 2199 διαλυέ

312 2239 510 2302 θέντας
532 2240 636 2307 τῆς
675 2239 768 2291 τοῦ
812 2241 996 2310 γάμου
1049 2240 1372 2309 συναφείας,
1411 2239 1444 2309 ἢ
1484 2235 1741 2306 ἀλλήλοις
1775 2254 1902 2291 κατ-

313 2332 702 2396 αλλάττεσθαι,
753 2333 786 2403 ἢ
861 2331 1006 2386 οὕτω
1070 2331 1251 2401 μένειν
1319 2328 1712 2392 διακελεύεται,
1759 2328 1902 2382 κατά

311 2424 413 2495 τὴν
439 2425 534 2478 τοῦ
556 2425 762 2495 Κυρίου
780 2424 1080 2498 βπόφασιν
1097 2440 1113 2457 ο
1139 2444 1158 2476 ι
1183 2423 1292 2487 Οὓς
1326 2425 1355 2477 ό
1384 2422 1517 2486 Θεὸς
1553 2419 1896 2485 συνέζευξεν,

311 2514 603 2586 ἅνθρωπος
627 2515 701 2585 μὴ
720 2513 1031 2586 χωριζέτωο
1051 2534 1068 2563 ο
1095 2513 1304 2569 καὶτοῦ
1326 2512 1677 2576 Ἀποστόλου,
1704 2530 1722 2564 ι
1745 2511 1900 2566 Δέδε-

315 2624 409 2662 σαι
433 2607 692 2676 γυναικί;
723 2607 796 2676 μὴ
826 2606 1174 2678 ζήτειλύσιν.
1215 2624 1234 2658 ι
1276 2606 1440 2675 Ζήτει
1466 2607 1564 2660 καὶ
1598 2605 1658 2658 τὸ
1700 2601 1751 2657 θ’
1811 2619 1903 2656 κε-

313 2701 552 2769 φάλαιον
583 2699 679 2754 toﬁ
729 2699 772 2752 Β
818 2700 1086 2770 στοιχείου
1139 2703 1269 2769 περὶ
1315 2698 1424 2752 τῶν
1480 2699 1607 2762 τοὺς
1641 2697 1900 2768 ἐννόμους

312 2793 528 2862 γάμους
559 2791 1018 2863 βδελυττομένων.

315 2882 572 2941 arma.
621 2884 719 2941 ιζ’.
753 2887 883 2938 ὀτι
924 2884 1046 2938 τῶν
1092 2868 1262 2938 tam
1315 2885 1624 2952 γυναικῶν
1669 2882 1902 2954 χωρίζε-

682 2958 826 3010 σθαι
853 2955 950 3008 δεῖ
972 2955 1114 3022 τοὺς
1146 2955 1546 3021 ἐπισκόπους.

389 3049 455 3104 οι
488 3049 590 3120 τῆς
625 3049 793 3117 ἕκτης
843 3047 1068 3101 συνόδου
1116 3046 1253 3099 θεῖοι
1308 3047 1551 3118 Πατέρες
1601 3047 1659 3098 ἐν
1706 3047 1782 3117 τῷ
1831 3045 1898 3116 ιβ’

2005 1947 2262 2008 civilibus
2292 1950 2495 2005 clarius
2525 1949 2724 2007 disces.

2075 2114 2217 2194 Quin
2249 2128 2413 2184 etiam
2438 2131 2635 2201 synodi
2659 2131 3105 2203 Carthaginen'sis
3145 2151 3322 2192 canon
3353 2140 3592 2194 centesi-

2005 2235 2128 2274 mus
2152 2230 2343 2276 sextus
2376 2222 2650 2292 praecipit,
2681 2233 2740 2278 ut
2781 2225 2874 2294 qui
2912 2240 2940 2279 a
2969 2227 3362 2297 conjunctione
3394 2233 3586 2286 matri-

2005 2313 2232 2368 moniali
2261 2312 2607 2379 diverterint,
2648 2316 2732 2370 vel
2761 2316 2904 2372 inter
2931 2323 2991 2373 se
3024 2322 3479 2387 reconcilientur,
3506 2327 3592 2379 vel

2007 2403 2078 2458 ita
2109 2404 2327 2459 caelibes
2363 2415 2647 2472 maneant,
2674 2406 2836 2476 juxta
2900 2413 3314 2478 pronuntiatam
3369 2415 3511 2471 hanc
3557 2431 3588 2470 ε

2005 2495 2239 2552 Domino
2263 2498 2589 2552 sententiam
2616 2514 2631 2552 :
2672 2518 2690 2550 ι
2720 2499 2870 2566 Quos
2898 2501 3045 2560 Deus
3081 2507 3369 2576 conjunxit
3391 2537 3407 2574 ,
3427 2509 3592 2565 homo

2007 2603 2114 2643 non
2149 2597 2405 2658 separet;
2459 2609 2478 2642 ι
2533 2599 2587 2645 et
2648 2592 2795 2646 illam
2828 2595 3110 2664 Apostoli:
3147 2615 3165 2647 ε
3214 2597 3482 2669 Alligatus
3529 2617 3591 2656 ea

2006 2680 2200 2736 uxori?
2243 2694 2312 2737 ne
2335 2696 2558 2751 quaeras
2593 2683 2911 2739 divortium.
2953 2705 2973 2738 ι
3023 2686 3217 2753 Quaere
3247 2691 3412 2745 etiam
3461 2707 3586 2763 cap.

2005 2773 2038 2828 9
2069 2772 2176 2828 litt.
2224 2773 2262 2826 Β
2289 2773 2356 2828 de
2381 2773 2452 2828 iis
2479 2775 2572 2845 qui
2603 2777 2820 2846 nuptias
2855 2776 3132 2847 legitimas
3171 2781 3585 2841 abominantur.

2111 2886 2263 2944 CAP.
2296 2887 2457 2942 XVII.
2513 2888 2667 2954 Quod
2713 2892 2944 2960 episcopi
2982 2893 3045 2946 ab
3095 2897 3348 2950 uxoribus
3377 2899 3486 2952 uti:

2557 2963 2800 3030 separari
2830 2962 3036 3017 debent.
3411 3000 3420 3013 .

2077 3051 2255 3106 Divini
2285 3067 2334 3106 νι
2363 3068 2486 3123 syn.
2545 3051 2737 3107 Patres
2795 3054 2848 3108 in
2888 3069 3011 3124 cap.
3071 3057 3186 3112 sive
3243 3071 3441 3114 canon.
3479 3062 3587 3116 ia:

314 3141 507 3196 κανόνι
563 3141 892 3212 ἀπείργουσι
925 3142 1054 3204 τοὺς
1085 3140 1370 3210 ἀρχιερεῖς
1413 3139 1554 3208 μετά
1593 3138 1691 3209 τὴν
1721 3150 1899 3209 χειρο-

2011 3144 2297 3213 pontiﬁces
2327 3155 2448 3214 post
2477 3144 2882 3201 ordinationem
2922 3159 3114 3204 arcent
3143 3150 3214 3204 ab
3233 3166 3437 3208 .earum
3470 3169 3592 3208 mn-

311 3233 504 3289 τονίαν
557 3235 830 3289 συνοικεῖν
890 3235 1027 3298 ὅλως
1067 3237 1190 3298 ταῖς
1244 3234 1352 3304 πρὸ
1410 3233 1512 3304 τῆς
1565 3233 1900 3304 χειροτονίας

315 3327 545 3399 θεσμοῖς
571 3327 752 3397 γάμου
786 3326 1174 3395 συναφθείσαις
1200 3325 1386 3389 αὐτοῖς
1413 3327 1649 3393 γυναιξὶ,
1681 3327 1773 3378 καί
1796 3341 1902 3393 φα-

317 3436 408 3473 σιν
427 3437 444 3452 ο
477 3419 593 3474 οὐκ
615 3418 704 3472 ἐπ’
733 3419 991 3487 ἀθετήσει
1019 3418 1128 3472 τῶν
1147 3419 1263 3481 τοῖς
1296 3419 1464 3488 ἱεροῖς
1491 3417 1816 3480 ἀποστόλοις
1843 3419 1902 3470 ὲν

311 3511 398 3582 τῷ
434 3512 674 3581 πέμπτῳ
698 3510 1212 3582 νενομοθετημένων
1244 3511 1430 3565 κανόνι
1457 3509 1616 3565 τοῦτο
1649 3509 1902 3573 θεσπίζο-

316 3620 447 3673 μεν,
471 3604 609 3658 ἀλλά
639 3604 739 3673 τὴν
769 3604 864 3658 ἐπὶ
889 3604 950 3655 τὸ
979 3605 1232 3672 κρεῖττον
1253 3603 1498 3656 ἐπίδοσιν
1527 3603 1627 3671 τῆς
1663 3600 1900 3670 Ἐκκλη-

315 3697 443 3760 σίας
469 3695 1024 3768 πραγματευόμενοι.
1054 3695 1118 3749 Oi
1154 3695 1255 3765 μὶν
1281 3695 1390 3764 γάρ
1421 3694 1554 3748 θεῖοι
1581 3693 1898 3757 ἀπόστολοι,

318 3789 450 3858 ἄρτι
480 3788 581 3856 τῆς
623 3787 954 3859 Ἐκκλησίας
1009 3789 1076 3858 τῇ
1132 3788 1243 3841 τῶν
1276 3787 1552 3840 Ἰουδαίων
1603 3785 1899 3856 παχύτητι,

319 3883 420 3936 καὶ
452 3883 518 3949 τῇ
570 3879 862 3950 Ἑλληνικῇ
895 3879 1320 3950 δεισιδαιμονίᾳ,
1359 3879 1530 3932 πολλὰ
1585 3881 1799 3949 χαίρειν
1820 3877 1900 3929 εἰ-

316 3970 554 4040 πούσης,
587 3971 736 4024 ἐστιν
779 3963 860 4030 οἷς
924 3969 1034 4022 τῶν
1077 3966 1350 4040 πατρῴων
1396 3967 1540 4021 ἐθῶν
1595 3966 1900 4020 ἐνεδίδοσαν

314 4061 579 4130 χρῆσθαι.
623 4059 692 4113 Οἵ
716 4077 776 4112 τε
810 4062 919 4129 γάρ
946 4063 1054 4111 τῶν
1085 4059 1384 4123 Ἰουδαίων,
1421 4059 1515 4111 καὶ
1543 4059 1593 4114 οί
1619 4057 1730 4112 τῶν
1784 4058 1902 4110 Ἑλ..

312 4153 501 4221 λήνων
531 4154 831 4224 ἀρχιερεῖς,
871 4150 982 4204 τῶν
1019 4151 1290 4204 συνεύνων
1323 4153 1422 4204 οὐκ
1453 4151 1814 4222 ἐχωρίζοντοο
1841 4149 1902 4204 τὸ

314 4245 380 4298 δὲ
410 4245 652 4316 τήμερον
687 4239 830 4297 εἶναι
855 4243 1055 4314 χρῆναί
1103 4260 1257 4311 φασι,
1303 4245 1429 4305 τοὺς
1476 4244 1756 4314 ἀρχιερεῖς
1807 4244 1901 4296 τὸν

318 4336 440 4408 βίον
497 4336 633 4406 πρὸς
682 4336 884 4406 ἀκριϐῆ
922 4335 1282 4406 σωφροσύνην
1330 4335 1758 4398 ἀπευθύνοντας.
1803 4337 1900 4404 οὐχ

287 4433 470 4492 ’ὅπως
493 4430 592 4494 τῆς
625 4427 735 4481 τῶν
772 4428 1095 4500 ἀλλοτρίων,
1141 4429 1274 4483 ἀλλά
1316 4431 1410 4484 καὶ
1458 4428 1558 4498 τῆς
1607 4429 1719 4482 τῶν
1755 4428 1902 4482 ἰδίων

2007 3235 2204 3289 licrum
2265 3236 2652 3302 contubernio,
2709 3253 2832 3306 qua:
2874 3249 3001 3294 ante
3030 3240 3434 3298 ordinationem
3473 3261 3591 3299 ma-

2009 3327 2257 3382 trimonii
2322 3329 2438 3398 lege
2469 3344 2594 3383 cum
2635 3329 2718 3386 eis
2744 3339 2906 3386 erant
2958 3332 3244 3402 copulatae,
3303 3335 3588 3400 dicentesi:

2003 3417 2122 3473 Non
2155 3428 2218 3474 ut
2237 3419 2568 3489 abrogemus
2599 3435 2686 3485 ea,
2715 3436 2838 3492 qua:
2902 3425 3079 3480 sancti
3132 3427 3366 3495 apostoli
3399 3443 3523 3483 can.
3555 3432 3590 3486 5

2007 3519 2342 3578 statuerunt,
2406 3513 2508 3567 hoc
2547 3514 2878 3570 sancimus:
2939 3516 3034 3571 sed
3067 3526 3128 3573 ut
3179 3517 3582 3576 incrementum

2005 3602 2269 3660 Ecclesiae
2301 3605 2368 3659 ad
2401 3615 2603 3660 statum
2629 3609 2913 3664 meliorem
2942 3625 3332 3681 procuremus.
3368 3615 3583 3670 Etenim

2005 3693 2084 3748 illi
2113 3694 2289 3749 divini
2322 3696 2584 3765 apostoli,
2610 3711 2732 3752 cum
2767 3715 2957 3756 recens
2985 3700 3230 3758 Ecclesia
3264 3703 3581 3761 Judmorum

2005 3787 2301 3851 crassitiei,
2333 3796 2387 3842 et
2416 3789 2798 3857 superstitioni
2823 3806 3185 3863 paganorum,
3217 3795 3440 3866 longum
3468 3799 3588 3852 vale

2004 3877 2257 3944 dixisset,
2307 3880 2586 3936 nonnullis
2613 3890 2673 3935 ut
2701 3885 3196 3942 consuetudinibus
3220 3887 3443 3946 Patrum
3471 3901 3590 3947 utc-

2005 3982 2199 4027 rentur
2234 3975 2626 4041 permiserunt.
2663 3973 2873 4044 Quippe
2903 3985 3013 4032 tam
3045 3977 3382 4048 Judaaorum,
3417 3995 3581 4052 quam

2003 4076 2346 4132 paganorum
2383 4063 2696 4132 pontiﬁces,
2748 4081 2778 4120 a
2829 4067 2931 4121 t‘ori
2973 4071 3325 4126 consortibus
3355 4087 3462 4128 non
3493 4088 3586 4128 se-

2007 4155 2360 4224 parabantur.
2391 4154 2587 4210 Verum
2621 4165 2680 4211 ut
2720 4157 2879 4213 hodie
2922 4172 3255 4232 comparata:
3294 4179 3381 4221 res
3432 4178 3586 4230 lunt,

2005 4246 2378 4302 necessarium
2412 4256 2680 4314 statuunt,
2713 4260 2773 4305 ut
2808 4251 2971 4305 vitam
3009 4268 3166 4309 suam
3191 4257 3484 4325 pontiﬁces
3515 4264 3581 4314 ad

2007 4337 2311 4392 castitatem
2345 4349 2660 4394 accuratam
2719 4342 3044 4414 dirigentes,
3105 4363 3214 4401 non
3277 4349 3582 4405 alienarum

2008 4428 2190 4496 modo,
2216 4430 2310 4485 sed
2333 4445 2558 4486 suarum
2584 4432 2748 4487 etiam
2774 4450 3008 4490 uxorum
3028 4442 3428 4498 consuetudine
3457 4444 3586 4500 abs-

317 4519 602 4592 γυναικῶν
623 4519 838 4591 ὁμιλίας
857 4520 1302 4575 ἀποδιίστασθαι·
1335 4519 1498 4574 τοῦτο
1526 4521 1635 4590 γὰρ
1664 4523 1899 4577 σκανδά-

2011 4522 2236 4578 tineant.
2311 4522 2428 4577 Hoc
2487 4523 2637 4580 enim
2685 4526 3033 4583 occasionem
3090 4533 3334 4587 scandali
3380 4535 3582 4590 nullam

243 4611 248 4613 ’
317 4620 416 4672 λου
455 4617 734 4689 πρόφασιν
769 4617 881 4671 οὐδ’
914 4616 1206 4684 ἡντιναοῦν
1235 4619 1347 4678 τοῖς
1393 4617 1500 4668 ὑπὸ
1541 4619 1697 4688 χεῖρα
1726 4633 1898 4670 κατα-

318 4711 534 4766 λείπειο
566 4711 663 4765 καὶ
695 4711 1019 4780 ἐπιφέρουσι
1039 4710 1098 4762 τὸ
1124 4708 1480 4763 ἀποστολικόν
1501 4727 1515 4740 ·
1558 4710 1900 4780 «Ἀπρόσκο-

322 4821 420 4858 ποι
470 4805 689 4872 γίνεσθε
744 4805 842 4858 καὶ
891 4801 1189 4865 Ἰουδαίοις,
1218 4805 1314 4855 καὶ
1354 4801 1614 4871 ”Ελλησι,
1675 4806 1772 4856 καὶ
1829 4807 1898 4872 τῇ

320 4897 627 4970 Ἐκκλησία
661 4898 752 4950 τοῦ
779 4894 972 4960 Θεοῢ,›
1013 4899 1107 4950 καὶ
1131 4897 1199 4948 τὰ
1231 4897 1359 4966 ἑξῆς
1380 4913 1394 4928 ·
1427 4895 1548 4950 εἶτα
1580 4901 1692 4960 τοῖς
1731 4898 1806 4968 μὴ
1829 4897 1902 4951 τὰ

320 4988 418 5042 τοῦ
457 4990 681 5052 κανόνος
711 4987 1108 5058 πρεσϐεύουσιν
1156 4990 1437 5061 ἐπιτίμιον
1486 4991 1753 5058 ἐπάγουσι
1800 4991 1902 5061 τὴν

317 5082 661 5152 καθαίρεσιν.

319 5175 445 5228 Ὅτι
485 5177 582 5231 δεῖ
626 5177 727 5231 καί
764 5176 1150 5250 ἀποκαρῆναι
1185 5180 1301 5247 τὴν
1333 5183 1743 5250 χωρισθεῖσαν
1788 5185 1900 5239 τοῦ

788 5249 1130 5304 ἐπισκόπου
1159 5252 1439 5319 γυναῖκα.

389 5339 481 5392 Ἐν
507 5339 564 5393 δὲ
598 5339 675 5410 τῷ
713 5337 802 5410 μη¹
831 5341 932 5409 τὴν
956 5341 1054 5412 μέν
1077 5359 1160 5394 τοι
1188 5342 1330 5396 κατά
1360 5343 1547 5414 κοινὴν
1574 5348 1896 5414 συμφωνίαν

315 5430 734 5502 διαζευχθεῖσαν
779 5432 874 5486 τοῦ
924 5433 1210 5507 μέλλοντος
1251 5435 1346 5490 ἐπὶ
1391 5435 1499 5488 τῶν
1533 5436 1632 5505 τῆς
1671 5439 1899 5494 ἐπισκο-

317 5521 428 5591 πῆς
472 5520 820 5575 καθεδεῖσθαι
851 5522 1057 5575 οἰάκων
1135 5525 1407 5576 συνοικεῖν
1454 5523 1592 5587 ὅλως
1637 5525 1786 5595 αὐτῷ
1834 5527 1896 5579 οὐ

319 5613 597 5684 μεθιᾶσιν,
631 5613 747 5666 ἀλλ’
775 5615 856 5676 είς
891 5615 1257 5685 μοναστὴριον
1295 5614 1610 5669 κελεύουσιν
1642 5617 1894 5685 εἰσιέναι,

319 5706 396 5774 μὴ
437 5706 497 5758 ἄν
524 5705 785 5773 γειτόνων
813 5705 912 5775 τῆς
942 5706 1036 5759 τοῦ
1068 5707 1371 5761 ἐπισκόπου
1411 5710 1742 5780 καταγωγῆς
1792 5711 1900 5763 κεί-

323 5812 506 5866 μενον.
541 5799 617 5852 Οὐ
648 5797 758 5874 γὰρ
782 5793 894 5852 οἷόν
919 5815 975 5851 τε
1022 5797 1260 5867 συνεχῶς
1290 5800 1369 5864 είς
1399 5799 1665 5870 ἀλλήλους
1699 5801 1892 5870 ὁρῶσι,

2006 4614 2235 4669 omnino
2267 4615 2504 4670 subditis
2535 4616 2822 4687 relinquit,
2855 4631 2908 4675 et
2936 4620 3160 4691 ipsimet
3186 4627 3428 4697 episcOpi
3461 4628 3584 4683 lau-

2003 4707 2125 4761 dem
2159 4706 2305 4762 illam
2338 4709 2693 4777 apostolicam
2735 4711 3029 4769 auferunt:
3061 4733 3078 4766 ι
3111 4716 3332 4788 Absque
3355 4721 3588 4776 oﬁ‘endi-

2003 4800 2128 4855 culo
2150 4800 2270 4856 sitis
2297 4811 2349 4854 et
2378 4799 2602 4862 Judzcis,
2633 4811 2687 4855 ct
2741 4802 2998 4873 Paganis,
3026 4817 3080 4862 ct
3131 4809 3388 4866 Ecclesiae
3413 4812 3531 4878 Dei,
3561 4833 3580 4866 ι

2002 4903 2111 4947 etc.
2141 4893 2342 4948 Deinde
2372 4893 2462 4977 iis,
2510 4893 2606 4962 qui
2637 4894 2742 4950 hoc
2776 4911 2992 4950 canone
3034 4901 3432 4970 comprehensa
3477 4921 3585 4960 non

2001 4981 2319 5048 observant,
2354 4998 2529 5053 paenae
2554 4983 2676 5040 loco
2713 4985 3118 5043 abdicationem
3169 5000 3438 5048 statuunt.

2077 5185 2233 5252 Quod
2273 5184 2479 5242 tonderi
2507 5192 2668 5241 ettam
2702 5191 2887 5244 debeat
2922 5191 3116 5246 mulier
3170 5193 3233 5246 ab
3267 5196 3508 5263 episcopo

2660 5271 2932 5313 senarata.

2660 5274 2932 5330 separata.

2077 5352 2144 5406 At
2171 5351 2225 5407 in
2258 5367 2470 5410 canone
2498 5356 2568 5410 48
2609 5356 2770 5410 iidem
2833 5355 3023 5411 Patres
3079 5367 3390 5426 separatam
3426 5374 3583 5414 com-

2002 5443 2154 5498 muni
2177 5457 2448 5498 consensu
2485 5447 2672 5508 abeo,
2722 5447 2817 5515 qui
2845 5446 2912 5500 ad
2970 5447 3322 5517 episcopatus
3378 5452 3581 5518 guber-

2001 5535 2195 5592 nacula
2248 5549 2508 5592 sessurus
2554 5547 2661 5600 est,
2696 5547 2754 5591 ut
2798 5553 2920 5592 cum
2981 5539 3099 5607 ipso
3123 5541 3177 5594 in
3216 5543 3582 5599 contubernio

2001 5629 2090 5694 sit,
2123 5629 2348 5683 omnino
2385 5643 2496 5682 non
2532 5629 2897 5696 permittunt;
2937 5633 3029 5686 sed
3075 5637 3469 5690 monasterium
3499 5637 3582 5690 in:

2002 5716 2393 5786 gredijttbent,
2425 5717 2569 5786 quod
2616 5718 2739 5786 ejus
2794 5719 2848 5772 in
2883 5721 2986 5775 loci
3019 5723 3245 5790 vicinia,
3295 5741 3406 5795 quo
3458 5729 3583 5782 lacn

2003 5806 2149 5878 degit
2183 5807 2498 5878 episcopus,
2539 5823 2645 5880 non
2679 5809 2846 5864 situm
2888 5814 2980 5868 sit.
3017 5812 3228 5884 Quippe
3293 5817 3412 5873 ﬁeri
3470 5834 3582 5875 non
