3992 6396
338 399 469 467 1201

1332 424 1746 487 SYNTAGMA
1784 406 2388 496 ‘ALPHABETICUM
2452 463 2523 475 --
2551 433 2615 498 Γ.

3433 438 3568 503 1202

329 517 618 586 λαφῶνιτας
649 521 982 592 ἱερωμένους
1022 526 1084 580 ἐκ
1115 527 1222 581 τῶν
1273 526 1421 584 ίδίων
1466 534 1891 607 ἐγκρατεύεσθαι

2006 545 2237 592 trectant
2265 581 2280 604 ,
2328 540 2396 595 ab
2454 528 2716 597 uxoribus
2762 541 2878 598 suis
2951 542 3222 598 abstinere
3267 543 3524 614 jnbcntes
3553 588 3569 612 ,

332 609 581 679 συμὸίων
604 611 940 681 κελεύοντες,
962 618 1237 687 πρόφασιν
1263 624 1377 686 τοῖς
1398 623 1649 689 Λατίνοις
1671 627 1896 695 ἐνῆκαν,

330 698 458 762 τοὺς
482 701 680 773 ίερωθή
692 706 882 761 σεσθαι
910 709 1205 778 μέλλοντας
1221 715 1593 785 εἰσπράττειν,
1625 719 1732 772 τῶν
1754 718 1900 774 ἰδίων

328 792 660 862 χωρίζεσθαι
696 803 994 867 γυναικῶν.
1034 805 1098 857 Ei
1127 807 1310 860 τοίνυν
1339 810 1480 864 οὕτω
1505 813 1666 884 δόξης
1683 807 1899 883 ἔχουσιν

323 886 376 937 oi
410 886 644 941 τοιοῦτοι
680 892 926 958 κανόνες,
979 896 1134 951 αὐτοὶ
1169 899 1235 953 ἂν
1287 897 1403 956 εἷεν
1444 904 1646 972 μᾶλλον
1697 906 1898 962 δίκαιοι
1932 899 1945 918 ⁵

324 977 437 1030 τῶν
460 979 621 1049 ἱερῶν
646 985 890 1051 κανόνων
919 991 1276 1059 χωρίζεσθαι,
1302 995 1413 1048 τῶν
1436 1012 1494 1049 τε
1520 999 1897 1054 ἀποστολικῶν

326 1069 420 1121 καὶ
447 1073 762 1139 συνοδικῶν,
785 1077 862 1141 ὠς
884 1081 1145 1139 τάναντία
1165 1086 1381 1151 τούτοις
1407 1090 1668 1160 ἄντικρυς
1693 1091 1899 1161 δογμα-

322 1157 588 1226 τίζοντες.
619 1165 791 1221 Τοῦτο
819 1170 927 1239 γὰρ
963 1171 1029 1225 ἐκ
1059 1175 1257 1228 πολλοῦ
1292 1178 1384 1230 τοῦ
1413 1157 1728 1250 κρείττονος
1765 1157 1897 1236 ανα-

321 1252 547 1347 τρέπων
570 1256 597 1309 ό
624 1260 683 1309 ἐν
734 1260 811 1328 τῷ
859 1262 909 1332 β’.
949 1267 1226 1339 κεφαλαίῳ
1259 1271 1445 1338 ῥηθεὶς
1485 1274 1578 1326 τοῦ
1627 1277 1897 1347 παρόντος

324 1345 596 1435 στοιχείου
634 1347 708 1416 ιγ’
735 1351 837 1420 τῆς
877 1361 933 1417 ς’
958 1358 1180 1412 συνόδου
1211 1360 1409 1425 κανὼν,
1443 1345 1752 1435 ἀφορισμδν
1773 1370 1895 1421 tm-

323 1432 464 1488 σείει
495 1439 609 1500 τοῖς
639 1441 783 1495 οὕτω
831 1447 926 1498 καὶ
963 1450 1222 1517 φρονοῦσι
1270 1454 1363 1505 καὶ
1404 1457 1760 1523 πράττουσιν.
1806 1461 1894 1515 Ἐν

324 1526 508 1593 μέντοι
552 1533 632 1624 τῷ
707 1538 884 1608 καιρῷ
927 1542 1026 1610 τῆς
1061 1545 1171 1595 τῶν
1224 1546 1389 1624 θείων
1448 1554 1893 1624 μεταχειρήσεως

325 1620 658 1716 μυστηρίων
694 1627 822 1686 τοὺς
865 1628 944 1697 τῷ
1013 1633 1199 1703 κλήρῳ
1257 1620 1744 1709 κατειλεγμένους⁷
1792 1645 1894 1716 τῆς

317 1705 544 1802 ὁμιλίας
594 1713 701 1802 τῷν
741 1716 888 1771 ἰδίων
924 1723 1229 1792 ἀπέχεσθαι
1286 1705 1563 1796 γυναικων
1617 1738 1707 1787 καὶ
1740 1705 1893 1802 οὗτος

2002 636 2322 696 praetextum
2377 629 2585 688 Latinis
2644 633 2910 687 dederunt
2960 633 3203 702 exigendi
3253 634 3427 689 abiis
3476 635 3571 704 qui

2002 718 2290 773 ordinandi
2311 731 2485 786 erant,
2522 731 2584 776 ut
2611 737 2640 776 a
2688 724 2922 794 propriis
2948 754 2957 763 ι
2983 723 3247 780 uxoribus
3293 726 3569 780 recedant.

2003 807 2163 874 Quod
2222 812 2268 868 si
2310 827 2546 869 canones
2605 815 2697 871 isti
2746 817 2823 870 ita
2899 817 3140 873 sentiant
3177 859 3191 882 ,
3235 817 3345 887 ipsi»
3386 822 3573 887 potius

2002 901 2155 974 digni
2201 912 2335 960 sunt
2380 919 2414 960 a
2478 906 2651 964 sacris
2709 909 3035 973 canonibus,
3076 917 3192 964 tum
3249 911 3568 978 apostolicis

2003 1003 2116 1050 tum
2151 995 2427 1068 synodicis
2451 1001 2741 1065 removeri,
2767 1002 2910 1071 quod
2950 989 3016 1057 iis
3046 1002 3271 1059 omnino
3297 1005 3571 1065 contraria

1999 1087 2250 1144 doceant.
2282 1089 2416 1146 lllud
2442 1090 2588 1146 enim
2611 1091 2755 1148 clare
2786 1093 3077 1148 admodum
3124 1103 3375 1149 evertens
3392 1109 3567 1149 canon

1999 1181 2243 1238 decimus
2289 1183 2486 1240 tertius
2536 1190 2702 1239 sextae
2735 1186 2931 1256 synodi
2964 1186 3016 1239 in
3051 1186 3228 1254 capite
3276 1186 3570 1240 undecimo

1996 1275 2281 1342 praesentis
2319 1275 2514 1331 litterae
2538 1279 2836 1347 expositus,
2897 1279 2966 1332 iis
2996 1279 3087 1349 qui
3136 1278 3210 1333 ita
3248 1280 3491 1334 sentiunt
3515 1287 3571 1333 et

1998 1363 2205 1421 faciunt
2236 1371 2670 1439 segregationem
2705 1370 2954 1425 intentat.
2986 1371 3043 1424 lu
3071 1378 3315 1440 tempore
3346 1372 3567 1437 quidem

1996 1471 2105 1525 quo
2144 1472 2298 1512 sacra
2335 1460 2592 1530 mysteria
2624 1469 3056 1525 contrectantur,
3115 1471 3175 1515 ut
3207 1462 3303 1532 qui
3340 1461 3393 1515 in
3457 1462 3568 1515 ele~

1996 1565 2118 1603 rum
2155 1551 2378 1620 ascripti
2404 1559 2550 1619 sunt,
2578 1553 2647 1609 ab
2702 1569 2935 1608 uxorum
2970 1566 3198 1609 suarum
3236 1553 3569 1610 commercio

1996 1644 2330 1712 abstineant,
2387 1647 2719 1701 conveniens
2748 1656 2802 1701 et
2866 1655 3113 1702 sanctum
3167 1662 3290 1702 esse
3334 1647 3568 1715 iudicat,

1992 1735 2050 1789 d.
2079 1734 2242 1791 Paulo
2277 1752 2482 1791 morem
2512 1752 2709 1806 gerens
2738 1738 2939 1793 dicenti
2964 1756 2978 1791 :
3024 1755 3044 1788 ι
3072 1736 3150 1793 Ne
3179 1737 3444 1792 fraudetis
3471 1752 3569 1792 vos

321 1797 563 1868 καθῆκον
625 1800 768 1865 εἶναι
821 1811 1000 1879 κρίνει
1044 1817 1139 1868 καὶ
1189 1818 1360 1884 ὅσιον,
1415 1823 1493 1894 τῷ
1538 1825 1668 1897 θείῳ
1698 1829 1891 1901 Παύλῳ

321 1888 644 1926 πειηληιιυυ-
682 1918 698 1926 -
734 1900 829 1926 ιη.
860 1904 956 1926 2...-
974 1922 1053 1926 _-_
1077 1910 1203 1926 _,-,_
1253 1911 1271 1926 ι
1298 1913 1310 1926 .
1526 1917 1602 1926 ...
1634 1919 1670 1926 .-
1882 1925 1887 1926 ,

2002 1829 2257 1894 invicem,
2298 1830 2398 1885 nisi
2427 1845 2491 1883 ex
2523 1846 2796 1885 consensu
2835 1831 2946 1895 fiat,
2974 1842 3034 1885 nt
3059 1831 3296 1885 orationi
3335 1839 3391 1884 et
3424 1830 3568 1898 jeju—

318 1888 698 1987 πειθόμενος(
734 1900 829 1969 Μὴ
855 1904 1230 1978 ἀποστερεῖτε,
1253 1888 1484 1980 λέγοντι,
1513 1888 1801 1987 ἀλλήλους,
1843 1888 1893 1975 εἰ

320 1982 396 2050 μή
432 1999 486 2036 τι
526 1986 593 2040 ἂν
624 1990 688 2044 ἐκ
743 1995 1037 2063 συμφώνου
1068 2001 1320 2072 γένηται,
1357 2008 1445 2061 ἵνα
1478 1982 1777 2081 σχολάσητε
1825 2018 1892 2086 τῇ

314 2082 595 2177 προσευχῇ
618 2082 712 2134 καὶ
740 2087 805 2177 τῇ
839 2090 1114 2161 νηστείᾳ,›
1147 2096 1248 2165 τὴν
1270 2097 1328 2148 ἐν
1343 2098 1670 2169 ὡρισμένοις
1692 2082 1893 2177 δηλαδῆ

319 2169 539 2263 καιροῖς
568 2175 825 2239 νηστείαν
855 2176 1055 2248 δηλῶν,
1096 2183 1184 2237 ὅτε
1228 2204 1312 2251 τις
1348 2189 1532 2258 μέλλει
1578 2192 1690 2249 τῶν
1737 2169 1895 2263 όιγιαλ

319 2258 544 2356 σμάτων
579 2264 850 2334 μεθέξειν,
888 2272 980 2324 καὶ
1006 2273 1107 2343 τὴν
1135 2277 1570 2350 ὲπιτεταγμένην
1603 2287 1739 2352 μετὰ
1772 2258 1895 2356 θερ-

321 2348 734 2447 μιῦνΔδακρύων
785 2366 1116 2436 προσευχὴν,
1170 2370 1230 2421 οὐ
1285 2348 1478 2445 μὴνλῇ
1523 2348 1892 2447 προσανέχειν

316 2441 681 2540 ἀδιαλείπτως
750 2451 1195 2527 ὲπιτετὰγμεθαο
1237 2479 1256 2513 ι
1306 2441 1692 2531 Ἀδιαλείπτως
1742 2441 1891 2540 γάρ,

314 2538 887 2629 φησῂπφσεύχεσθε.
929 2566 949 2598 ι
981 2548 1086 2603 Καὶ
1114 2555 1226 2615 τοῖς
1273 2555 1546 2620 Ἰουδαίοις
1578 2560 1686 2629 γὰρ
1724 2538 1892 2615 πάλαι

312 2622 678 2696 ἐπετέτακτο,
724 2633 832 2687 τῶν
881 2638 940 2689 ἐν
999 2640 1117 2712 ὄρει
1170 2643 1429 2713 μέλλουσι
1469 2644 1630 2701 θείων
1674 2653 1891 2706 ἐπαΐειν

313 2715 532 2811 φωνῶν,
557 2721 651 2774 ἐπὶ
679 2724 857 2794 τρισὶν
892 2728 1129 2807 ἡμέραις
1170 2736 1399 2802 γυναικὶ
1433 2738 1509 2809 μὴ
1544 2743 1850 2811 προσιέναι.

397 2808 456 2866 Ὀ
500 2812 556 2865 δὲ
607 2821 657 2882 γ’
699 2816 793 2869 τοῦ
847 2819 1245 2896 ίερομάρτυρος
1298 2831 1598 2884 Διονυσίου
1639 2836 1884 2904 Ἀλεξαν·

312 2899 499 2972 δρείας
552 2907 856 2976 ἀρκοῦντας
878 2914 1131 2986 ἐφίστησι
1164 2919 1349 2987 σφίσιν
1371 2923 1557 2990 αὐτοῖς
1583 2930 1709 2992 τοὺς
1734 2932 1891 3000 ἱερω-

314 2993 515 3063 μένους
566 2996 868 3073 διαιτητάς,
925 3006 1088 3076 ἡνίκα
1132 3012 1246 3075 τοῖς
1295 3018 1549 3083 φρικτοίς
1598 3023 1889 3090 προσιέναι

317 3084 571 3153 μέλλουσι
609 3094 953 3164 μυστηρίοις,
987 3098 1292 3172 ἀπέχεσθαι
1330 3105 1429 3173 μὲν
1460 3108 1568 3161 τῶν
1607 3084 1754 3166 ἰδίων
1794 3131 1892 3183 γυ-

2002 1922 2093 1974 nio
2130 1922 2352 1987 vacetis,
2392 1942 2409 1972 ι
2443 1923 2493 1976 in
2524 1924 2682 1978 statis
2704 1924 2908 1979 scilicet
2938 1923 3276 1992 temporibus
3296 1922 3566 1991 jejunium

2000 2015 2329 2085 intelligens,
2366 2016 2587 2084 quando
2616 2017 2741 2086 quis
2764 2026 3104 2078 sacramenta
3138 2016 3570 2085 participaturus

1995 2116 2099 2171 est,
2130 2116 2187 2162 et
2238 2108 2506 2163 intensam
2551 2124 2675 2163 cum
2721 2108 3053 2165 ferventibus
3084 2108 3341 2180 lacrymis
3382 2122 3571 2176 preca-

1960 2236 1965 2241 -
1997 2198 2228 2263 tionem,
2257 2213 2364 2252 non
2389 2208 2571 2259 autem
2593 2215 2715 2254 eam
2748 2201 2832 2255 cui
2860 2201 3229 2258 indesinenter
3252 2200 3571 2254 incumbere

1993 2288 2133 2358 jussi
2189 2306 2397 2346 sumus.
2432 2311 2451 2344 ι
2485 2290 2648 2347 Orate
2677 2294 2847 2359 enim,
2885 2293 3084 2363 inquit,
3133 2290 3251 2349 sine
3296 2292 3570 2347 intermis-

1993 2383 2163 2437 sione.
2186 2402 2204 2435 ι
2239 2383 2380 2450 Quin
2408 2393 2462 2438 et
2488 2382 2695 2440 Judeis
2724 2385 2851 2440 olim
2872 2385 3191 2440 mandatum
3219 2394 3357 2446 erat.
3383 2398 3571 2440 sacras

1994 2490 2152 2541 voces
2192 2476 2243 2530 in
2280 2486 2466 2531 monte
2496 2477 2769 2534 auditoris
2821 2479 2997 2534 tribus
3030 2478 3225 2534 diebus
3267 2477 3330 2532 ad
3368 2491 3567 2549 ultores

1994 2582 2125 2623 suas
2156 2584 2264 2624 non
2305 2569 2587 2626 accedere.

2064 2830 2278 2887 Tertius
2324 2844 2504 2889 autem
2559 2849 2734 2908 canon
2787 2835 2961 2890 sancti
2999 2835 3257 2905 martyris
3315 2833 3565 2903 Dionysii

1990 2925 2234 2996 episcopi
2275 2926 2654 2993 Alexandrini,
2683 2929 2997 2984 sacerdotes
3030 2927 3250 2983 sibimet
3275 2927 3407 2998 ipsis
3442 2926 3566 2980 ido-

1992 3032 2123 3071 neos
2155 3018 2245 3072 dat
2272 3017 2508 3088 judices,
2543 3035 2666 3073 cum
2698 3020 2762 3074 ad
2804 3022 3103 3075 reverenda
3131 3028 3261 3074 sunt
3290 3019 3562 3091 accessuri

1992 3107 2276 3178 mysteria,
2311 3109 2429 3165 suis
2463 3117 2523 3164 ut
2555 3109 2623 3164 ab
2653 3110 2920 3165 uxoribus
2945 3110 3280 3177 abstineant,
3312 3124 3379 3162 ex
3412 3124 3568 3164 com-

311 3178 686 3255 ναικῶν,ᾀλλ’
724 3186 788 3239 ἐκ
838 3191 1027 3261 κοινῆς
1073 3196 1417 3264 συμφωνίας,
1455 3202 1597 3257 κατὰ
1646 3204 1741 3275 τὴν
1795 3206 1888 3260 τοῦ

1998 3204 2141 3255 muni
2173 3213 2353 3258 tamen
2386 3218 2682 3268 consensu,
2743 3203 3045 3277 secundum
3073 3202 3301 3257 verbum
3358 3201 3463 3256 hoc
3504 3200 3568 3255 il-

316 3271 809 3366 μεγάλουίίαύλου
838 3282 1042 3352 φωνὴν,
1073 3284 1154 3338 ὅτι
1185 3289 1213 3340 ὁ
1239 3287 1379 3360 ἀνὴρ
1409 3291 1503 3345 τοῦ
1540 3293 1669 3347 ίδίου
1697 3271 1886 3366 σώμα-

309 3372 403 3422 τος
444 3359 544 3413 οὐκ
569 3362 898 3433 ἐξουσιάζει,
931 3372 1025 3425 καὶ
1065 3375 1133 3427 τὰ
1162 3376 1312 3445 ἑξῆς.

395 3451 453 3504 Ὀ
486 3453 542 3506 δὲ
582 3454 624 3507 ε’
670 3459 761 3511 καὶ
791 3462 818 3513 ό
881 3461 950 3531 ιγ’
1012 3464 1106 3518 τοῦ
1155 3465 1421 3538 Τιμοθέου
1484 3473 1890 3548 Ἀλεξανδρείας

306 3543 759 3618 τοὺςσαρκικῶς
804 3555 903 3625 τῆς
933 3560 1129 3623 νυκτὸς
1177 3565 1553 3632 συναφθέντας
1596 3571 1798 3642 ἄνδρας
1828 3589 1888 3626 τε

306 3639 404 3735 καὶ
461 3645 732 3735 γυναῖκας
812 3648 933 3717 μεθ’
974 3652 1189 3723 ἡμέραν
1250 3657 1530 3728 ἀπείργει,
1587 3639 1890 3735 τῆςήίερᾶς

306 3731 642 3805 τελουμένης
676 3740 974 3807 συνάξεως,
1001 3745 1110 3798 τῶν
1135 3746 1298 3823 θείων
1324 3756 1652 3825 κοινωνῆσαι
1682 3775 1890 3829 μυστη-

310 3823 465 3919 ρίων,
522 3826 827 3919 μαρτύριον
891 3833 1134 3902 ἀσφαλὲς
1180 3840 1280 3908 τὴν
1329 3823 1740 3919 προρρηθεῖσαν
1793 3823 1888 3903 τοῦ

305 3913 635 4007 Ἀποστόλου
659 3920 817 3989 ρῆσιν
854 3925 947 3977 καὶ
983 3921 1148 3993 οὗτος
1178 3913 1580 4004 προϊσχόμενος
1601 3954 1614 3968 ·
1651 3940 1890 4007 μάλιστά

311 4006 379 4074 γέ
417 4026 499 4062 τοι
529 4009 624 4063 τοῦ
646 4012 930 4102 Σαδὸάτου
957 4020 1050 4073 καὶ
1070 4022 1358 4096 Κυριακῆς
1391 4006 1755 4097 φυλάττεσθαι
1780 4032 1886 4102 χρή

311 4115 446 4168 φησι
476 4102 576 4172 τῆς
607 4099 758 4175 πρὸς
791 4107 1060 4179 ἁλλήλοες
1101 4117 1410 4185 κοινωνίας,
1463 4114 1551 4173 οἶα
1587 4124 1889 4192 τηνικαῦτα

307 4193 408 4263 τῆς
449 4195 600 4265 ἱερᾶς
643 4197 835 4264 θυσίας
872 4200 948 4271 τῷ
987 4203 1179 4277 Κυρίῳ
1211 4208 1654 4282 ἀναφερομένης.

308 4305 564 4394 ΚΕΦΑΛζ
602 4307 705 4394 Ιξῖ.
747 4312 885 4394 Περὶ
930 4313 1059 4394 τῶν.
1098 4318 1390 4394 γυναζκας
1439 4324 1890 4394 conradere-auc

538 4378 806 4447 ἐχόντων
824 4378 1213 4453 ἐπισκόπων,
1251 4388 1289 4458 ἣ
1325 4378 1653 4459 κίληρικῶν.

393 4464 453 4520 Ὀ
490 4464 546 4537 γ’
572 4468 671 4540 τῆς
732 4472 950 4543 πρώτης
997 4474 1218 4529 συνόδου
1271 4478 1454 4559 κανὼν
1505 4481 1888 4559 ὲπίσκοπον,ἧ

309 4576 435 4613 τινα
464 4559 570 4613 τῶν
619 4561 715 4615 τοῦ
763 4563 993 4635 κλήρου,
1035 4556 1388 4625 συνείσακτον
1432 4574 1578 4643 ἔχειν
1631 4579 1887 4644 γυναῖκα,

307 4651 410 4705 οὐκ
441 4651 613 4706 οίεται
646 4655 776 4721 δεῖν,
816 4656 867 4711 εί
915 4656 991 4729 μὴ
1035 4656 1143 4728 ἄρα
1181 4661 1418 4731 μητέρα,
1474 4663 1508 4734 ἤ
1550 4666 1807 4738 ἀδελφὴν,
1849 4669 1883 4741 ἢ

309 4743 486 4812 θείαν,
522 4745 557 4816 ἢ
588 4744 624 4800 ἃ
657 4747 795 4816 μόνα
823 4749 1088 4819 πρόσωπα
1120 4754 1303 4808 πᾶσαν
1332 4754 1701 4827 διαπέφευγεν
1748 4762 1885 4819 ὑπο-

307 4836 464 4905 ψίαν.
502 4838 899 4905 Συνεισάκτους
931 4842 997 4901 δέΔ
1022 4861 1156 4916 φησι
1189 4847 1287 4913 τὰς
1329 4846 1592 4919 έλομένας
1619 4858 1887 4910 συνοικεῖν

309 4927 553 4999 ἱερεῦσιν
589 4932 837 5001 ἀζύγοις,
897 4934 965 4988 τὰ
1008 4938 1153 5007 ’πρὸς
1193 4938 1289 5003 τὰς
1341 4940 1651 5010 ἀναγκαίας
1697 4948 1887 5019 χρείας

308 5025 493 5085 αὐτοῖς
531 5024 785 5081 διακονου
793 5027 984 5096 μένας.

388 5297 593 5353 Τούτου
643 5299 736 5357 καὶ
764 5298 791 5353 ὁ
831 5298 872 5354 ε’
913 5302 1013 5370 τῆς
1059 5300 1226 5373 ἕκτης
1276 5305 1493 5359 συνόδου
1541 5309 1887 5378 μεμνημένος

316 5390 498 5446 κανὼν
553 5392 681 5455 τοὺς
712 5394 983 5459 τοιούτους
1013 5398 1249 5464 γυναῖκα
1290 5398 1608 5467 κεκτῆσθαι,
1646 5400 1679 5471 ἢ
1711 5400 1887 5471 θερα-

313 5483 559 5549 παινίδα,
592 5482 771 5556 πάντη
801 5486 1094 5557 ἀπείρηκε,
1129 5488 1399 5559 πρόφασιν
1441 5491 1735 5545 σκανδάλου
1763 5494 1889 5547 τού-

309 5593 436 5639 τους
469 5576 544 5647 μὴ
578 5575 782 5629 διδόναι
816 5579 1220 5649 προνοούμενος
1241 5598 1255 5612 ·
1292 5582 1369 5653 τῷ
1399 5583 1456 5637 δὲ
1492 5586 1886 5655 παραϐαίνοντι

310 5669 731 5723 ὲπανατείνεται
759 5671 856 5734 τὴν
892 5673 1230 5745 καθαίρεσιν.
1296 5676 1645 5748 Προσεπάγει
1694 5678 1749 5732 δὲ
1789 5680 1886 5732 καὶ

309 5763 436 5827 τοὺς
463 5762 756 5832 εὐνούχους
788 5765 969 5817 πᾶσαν
998 5761 1140 5820 εἶναι
1167 5768 1415 5840 ἀνάγκην
1435 5770 1592 5825 τοῦτο
1631 5789 1886 5842 παραφυ-

311 5854 622 5920 λάττεσθαι,
662 5855 760 5926 τὴν
810 5857 1060 5912 ἐντεῦθεν
1115 5861 1326 5930 μέμψιν
1376 5862 1784 5934 ὑφορωμένδυς,
1835 5867 1883 5918 εἰ

1992 3294 2099 3347 lius
2134 3294 2314 3363 magni
2346 3293 2535 3349 Pauli:
2576 3314 2594 3347 ι
2629 3294 2857 3350 Maritus
2905 3294 3185 3365 proprium
3216 3308 3415 3363 corpus
3454 3308 3564 3347 non

1992 3384 2155 3439 habet
2188 3387 2242 3447 in
2271 3396 2591 3456 potestate,»
2618 3398 2671 3445 et
2698 3402 2819 3457 quae
2839 3397 3167 3456 sequuntur.

2059 3479 2167 3549 83
2196 3478 2383 3535 Canon
2411 3489 2590 3535 autem
2623 3480 2729 3536 ὅθι
2765 3479 2832 3534 15
2880 3476 3152 3533 Timothei
3207 3476 3561 3531 Alexandrini

1991 3570 2141 3624 viros
2178 3579 2234 3624 et
2285 3570 2543 3627 mulieres
2579 3571 2673 3641 qui
2723 3582 2885 3626 nocte
2930 3569 3230 3624 carnaliter
3286 3568 3563 3639 conjuncti

1992 3671 2141 3723 sunt,
2177 3660 2438 3726 interdiu,
2466 3661 2597 3716 dum
2648 3677 2806 3717 sacra
2857 3662 3077 3733 synaxis
3139 3660 3450 3715 celebratur
3478 3700 3493 3720 ,
3535 3677 3564 3714 τι

1994 3751 2268 3823 mysteriis
2310 3760 2485 3818 arcet,
2528 3752 2670 3807 lirmi
2730 3754 3024 3808 testimonii
3070 3754 3192 3808 loco
3248 3751 3565 3822 praedictum

1992 3843 2234 3914 Apostoli
2305 3859 2615 3903 sermonem
2655 3844 2932 3916 allegans:
2972 3864 2991 3896 ι
3044 3843 3327 3914 Praecipue
3382 3852 3563 3897 autem

1995 3932 2261 4009 Sabbato,
2297 3935 2493 4004 inquit,
2531 3924 2595 3992 et
2634 3936 2721 3990 die
2775 3935 3078 4007 Dominico,
3113 3951 3143 3990 a
3176 3945 3365 3988 mutuo
3413 3950 3567 3988 com-

1995 4027 2200 4083 mercio
2234 4027 2617 4083 abstinendum
2657 4035 2761 4094 est,
2801 4045 2819 4079 ι
2843 4037 3029 4098 utpote
3076 4027 3218 4098 Quod
3266 4036 3379 4103 tum
3412 4042 3565 4081 sacra

1995 4119 2195 4174 oblatio
2228 4117 2464 4181 Domino
2495 4120 2777 4177 oll‘eratur.

1992 4321 2146 4376 CAP.
2180 4320 2328 4375 XIX.
2359 4320 2435 4376 De
2475 4321 2788 4379 habentibus
2827 4326 2892 4378 .in
2917 4326 3263 4381 contubernio
3314 4328 3562 4382 mulieres

2304 4403 2588 4448 extraneas
2620 4396 2876 4464 episcopis
2905 4404 2997 4449 aut
3021 4397 3251 4451 clericis.

2064 4480 2255 4538 Canon
2281 4484 2442 4554 primi
2478 4486 2700 4541 concilii
2732 4487 2924 4543 tertius
2982 4489 3320 4560 episcopum,
3362 4490 3443 4544 vel
3469 4490 3571 4546 ali-

1920 4564 1965 4620 Ῑ)
1993 4591 2155 4647 quem
2184 4591 2248 4632 ex
2281 4577 2451 4645 clero,
2487 4593 2596 4633 non
2648 4579 2851 4636 debere
2892 4589 3049 4651 putat
3097 4581 3149 4635 in
3205 4583 3569 4651 contubernio

1995 4670 2284 4728 mulierem
2311 4679 2625 4727 extraneam
2669 4672 2911 4737 habere:
2970 4675 3078 4729 nisi
3114 4674 3275 4731 .l'orte
3314 4685 3567 4742 matrem,

1996 4763 2085 4818 vel
2115 4778 2389 4830 sororem,
2416 4765 2665 4827 amitam,
2721 4765 2802 4820 vel
2828 4780 2922 4821 eas
2953 4765 3226 4821 duntaxat
3277 4784 3567 4835 personas,

1995 4870 2119 4926 quae
2141 4856 2211 4911 ab
2236 4856 2381 4911 omni
2415 4856 2732 4927 suspicione
2759 4858 2945 4913 liberae
2971 4869 3116 4913 sunt.
3166 4858 3334 4916 Vocat
3385 4871 3566 4918 autem

1995 4956 2289 5013 extraneas
2318 4948 2406 5003 vel
2445 4948 2870 5013 introductitias,
2914 4966 3039 5018 quae
3068 4936 3401 5006 cohabitare
3440 4969 3565 5011 cum

1996 5039 2316 5107 expertibus
2354 5039 2592 5109 conjugii
2632 5038 3015 5094 sacerdotibus
3064 5039 3289 5110 eligunt,
3323 5039 3453 5094 dum
3509 5041 3565 5097 in

1996 5131 2105 5185 illis
2130 5145 2349 5199 cperam
2375 5146 2531 5183 suam
2564 5129 2647 5185 eis
2678 5129 2935 5185 exhibent
2973 5146 3097 5201 quae
3128 5133 3473 5188 necessarios
3498 5134 3566 5188 ad

1995 5236 2130 5275 usus
2156 5228 2427 5290 spectant.

2065 5311 2242 5383 Ilujus
2276 5314 2356 5368 rei
2394 5330 2517 5369 can.
2545 5315 2579 5371 5
2604 5330 2724 5386 syn.
2766 5333 2819 5371 v1
2858 5302 3130 5384 meminit,
3159 5318 3252 5374 ubi
3297 5318 3567 5389 ejusmodi

1996 5407 2245 5462 homines
2274 5408 2556 5463 mulierem
2595 5410 2676 5464 vel
2736 5411 2987 5466 ancillam
3032 5412 3310 5482 possidere
3342 5415 3567 5469 omnino

1994 5499 2286 5568 prohibet;
2318 5501 2613 5570 providens
2639 5503 2899 5559 nimirum
2931 5521 3000 5559 ne
3030 5504 3275 5559 scandali
3318 5507 3568 5560 occasio-

1995 5607 2118 5645 nem
2147 5592 2374 5646 darent:
2413 5594 2571 5663 eique
2601 5595 2692 5665 qui
2723 5598 3137 5667 transgreditur,
3168 5597 3565 5666 depositionem

1994 5687 2250 5741 intentat.
2313 5686 2474 5743 Addit
2524 5690 2684 5743 etiam
2738 5693 2977 5747 maxime
3036 5693 3408 5749 necessarium
3446 5709 3567 5749 esse

1994 5788 2054 5833 ut
2090 5778 2195 5833 hoc
2227 5778 2405 5849 ipsum
2465 5781 2703 5841 eunuchi
2756 5792 3022 5848 servent,
3080 5785 3564 5854 reprehensionem

1992 5868 2188 5925 exinde
2266 5868 2685 5927 reformidantes
2725 5915 2738 5939 ,
2800 5874 2841 5926 si
2913 5889 3071 5929 secus
3149 5874 3459 5942 voluerint;
3522 5873 3565 5929 si
