3992 6422
527 401 666 469 1203

1721 395 2106 460 ΜΛΤΤΗᾸΞῙ
2138 397 2569 458 BLASTARIS

3591 399 3700 465 1504

521 514 668 572 enim
698 507 882 566 clerici
917 505 1141 582 fuerint,
1188 507 1552 583 deponentur,
1599 505 1683 563 sin
1719 506 1866 574 laici,
1911 521 2087 577 segre-

2201 512 2279 579 μὴ
2328 509 2622 580 βούλοιντο,
2657 505 2954 577 κληρικοὺς
2991 503 3090 576 μὲν
3131 505 3306 576 ὄντας,
3351 509 3701 588 καθαιρεῖσθαι,

516 606 811 678 gabuntur.

587 717 776 772 Canon
811 725 993 772 autem
1035 716 1104 771 18
1145 731 1269 786 syn.
1327 730 1403 770 vti
1474 729 1668 770 omnes
1701 713 1793 784 qui
1834 730 1900 768 ex
1947 712 2094 768 clero

517 817 668 876 sunt,
693 809 851 879 juxta
884 810 1230 878 Apostolum,
1285 807 1406 863 sine
1433 805 1737 862 offensione
1769 806 2088 875 essejnbet,

519 915 625 954 non
650 899 829 955 solum
855 898 1126 962 ﬁdelibus,
1162 898 1256 954 sed
1291 907 1344 952 et
1377 897 1446 957 iis
1469 897 1671 967 quibus
1705 894 1898 964 religio
1947 908 2092 950 curae

519 1005 625 1046 non
666 999 782 1055 est;
819 1003 992 1058 quare
1027 989 1120 1056 qui
1161 987 1527 1043 ministerium
1573 985 1940 1057 quodcunque
1971 999 2089 1041 mu-

517 1083 636 1138 lieri
670 1098 841 1136 servae
877 1083 960 1136 vel
989 1081 1175 1136 libera:
1202 1081 1255 1135 in
1304 1079 1583 1149 episcopio
1625 1079 1706 1132 vel
1756 1077 2091 1132 monasterio

515 1170 876 1235 commiserit,
895 1171 1076 1238 puniri
1099 1169 1275 1239 jubet,
1305 1177 1357 1222 et
1383 1176 1826 1237 perseverantem
1868 1165 2090 1234 deponi.

520 1261 717 1332 Utique
746 1270 801 1317 et
824 1261 1081 1331 episcopo
1133 1261 1216 1316 vel
1245 1259 1500 1330 praelecto
1535 1259 1589 1313 in
1620 1258 1834 1328 privato
1887 1256 2092 1311 subur-

516 1355 659 1409 bano
685 1353 998 1417 divertenti,
1069 1353 1160 1416 ubi
1209 1352 1471 1406 mulieres
1505 1350 1809 1414 ministeria
1862 1348 2088 1412 obeunt,

515 1462 622 1500 ttou
659 1460 776 1510 eas,
813 1445 906 1505 sed
945 1445 1091 1510 viros
1135 1443 1444 1500 ministrare
1472 1442 1618 1508 vult;
1667 1450 1721 1495 et
1749 1439 2004 1502 mulieres
2033 1439 2088 1494 in

515 1535 626 1593 alio
677 1535 802 1590 loco
851 1533 1081 1599 versari,
1125 1533 1299 1596 donec
1323 1532 1611 1600 episcopus
1659 1529 1743 1587 vel
1801 1528 2090 1598 praefectus

2199 601 2420 664 λαῖκοὺς
2449 600 2529 666 δὲ,
2565 598 2947 672 ἀφορίζεσθαι.

2276 718 2338 770 Ὀ
2387 717 2443 769 δὲ
2499 723 2574 786 ιη’
2612 717 2712 785 τῆς
2764 711 2811 779 ζ’
2869 714 3093 768 συνόδου
3136 714 3312 770 κανὼν
3375 717 3704 787 ἀπροσκὼωυς

2195 803 2336 874 εἶναι
2359 808 2500 861 κατὰ
2524 809 2614 861 τὸν
2646 807 2977 862 ’Δπόστολον
3002 807 3129 870 τοὺς
3154 807 3246 860 τοῦ
3272 807 3462 879 κλήρου
3487 809 3627 876 ἀξιοῖ,
3649 814 3706 883 μὴ

2193 903 2277 956 ὅτι
2307 903 2420 962 τοῖς
2449 902 2683 966 πιστοῖς,
2715 900 2851 954 ἀλλά
2883 915 2948 967 γε
2977 901 3071 953 καὶ
3103 895 3185 962 οἷς
3217 900 3364 952 οὐδὲν
3393 899 3494 953 τῶν
3529 903 3612 971 τῆς
3636 903 3708 957 εὖ.

2197 992 2416 1054 σεὸείας
2447 992 2702 1062 ἐμέλησε.
2742 993 2840 1046 Διά
2868 1009 2953 1045 τοι
2998 991 3180 1056 τοῦτο,
3223 991 3314 1045 καὶ
3354 991 3439 1045 τὸν
3465 994 3710 1060 ἡντιναοῦν

2193 1087 2473 1141 διακονίαν
2519 1088 2894 1157 ἐπιτρέποντα
2922 1087 3146 1154 γυναικὶ⁸
3175 1086 3353 1158 δούλῃ,
3391 1087 3422 1157 ἢ
3470 1088 3710 1160 ἐλευθέρᾳ,

2193 1181 2252 1234 ἐν
2285 1179 2624 1246 ἐπισκοπείῳ
2657 1178 2689 1249 ἢ
2723 1180 3094 1249 μοναστηρίῳ,
3147 1178 3493 1248 ἐπιτιμᾶσθαι
3538 1197 3712 1248 παρεγο

2194 1273 2417 1340 γοᾶται,
2457 1273 2786 1340 ἐπιμένοντα
2833 1271 2910 1333 δὲ,
2961 1269 3367 1335 καθαιρεῖσθαι.
3405 1271 3492 1332 Ei;
3535 1272 3648 1326 ίδιον
3670 1271 3714 1324 δὲ

2193 1363 2425 1415 ἀπιόντα
2461 1362 2787 1431 προάστειον
2820 1362 2912 1414 τὸν
2940 1361 3290 1431 ἐπίσκοπονῆ
3324 1361 3410 1414 τὸν
3433 1361 3714 1430 ἡγούμενον,

2192 1453 2321 1506 ἔνθα
2352 1454 2614 1520 γυναῖκες
2649 1453 2717 1505 τὰ
2746 1451 2845 1519 τῆς
2889 1450 3196 1518 ὑπηρεσίας
3231 1450 3491 1518 μετίασιν,
3520 1453 3608 1520 οὐχ
3630 1451 3716 1501 ὑπὸ

2191 1545 2398 1598 τούτων
2425 1545 2516 1598 καὶ
2551 1546 2770 1608 αὑτοὺς,
2812 1543 2929 1597 ἀλλ’
2975 1544 3082 1596 ὑπὸ
3125 1543 3332 1613 ἀνδρῶν
3370 1543 3714 1612 ὑπηρετεῖσθαι

511 1629 712 1684 exinde
741 1628 1050 1690 recesserit.
1088 1624 1144 1679 Si
1175 1624 1320 1680 enim
1358 1625 1411 1678 in
1437 1623 1616 1678 alieno
1642 1621 1958 1678 suburbano
2003 1621 2088 1673 vel

514 1720 732 1789 publico
767 1719 1004 1787 hospitio
1045 1717 1344 1781 divertant,
1383 1715 1602 1770 dillicile
1621 1725 1723 1780 est,
1757 1723 1819 1769 ut
1871 1713 2084 1783 opinor,

513 1826 574 1868 ea
603 1828 724 1881 qua:
754 1811 808 1866 in
837 1825 1046 1877 canone
1080 1810 1438 1883 continentur
1465 1807 1767 1877 observari.
2061 1805 2072 1811 ”

2193 1637 2477 1706 βούλεται·
2521 1637 2740 1700 ἐκείνας
2787 1636 2845 1689 δὲ
2897 1638 2956 1688 ἐν
2995 1636 3170 1705 ἑτέρῳ
3203 1635 3408 1702 διάγειν
3448 1637 3602 1703 τόπῳ,
3630 1634 3714 1696 ’ἐως

2191 1728 2257 1781 ἂν
2287 1727 2316 1780 ὁ
2350 1726 2644 1787 ἐπίσκοπος
2675 1726 2707 1794 ἢ
2740 1728 2767 1778 ό
2795 1724 3102 1795 ἡγούμενος
3154 1725 3365 1778 ἐκεῖθεν
3407 1723 3716 1792 ὑποχωρὴσῃ.

2121 1851 2163 1907 Β
2191 1819 2256 1872 Ei
2279 1819 2388 1887 γὰρ
2415 1819 2496 1879 είς
2529 1816 2809 1886 ἀλλότριον
2837 1815 3167 1885 προάστειον
3197 1815 3231 1883 ἢ
3266 1813 3571 1890 ξενοδοχεῖον
3597 1803 3716 1863 οὑτοι

2193 1910 2584 1975 καταλύσουσι,
2623 1908 2882 1980 δυσχερὲς
2913 1902 3068 1976 οἶμαι
3104 1907 3172 1960 τὰ
3201 1906 3295 1960 τοῦ
3326 1905 3542 1968 κανόνος
3567 1917 3712 1971 τηρη-

2192 2001 2376 2072 θῆναι.

581 2104 778 2161 Canon
829 2119 962 2160 vero
1014 2105 1082 2160 19
1155 2105 1457 2174 Ancyt-ante
1518 2101 1788 2173 synodi,,
1827 2100 2089 2156 mulieres

513 2194 754 2266 virgines
788 2195 856 2250 ad
909 2194 1175 2264 quosdam
1217 2193 1511 2262 accedere,
1539 2202 1799 2264 tanquam
1846 2191 2042 2248 lratres
2069 2231 2086 2257 ,

515 2296 682 2342 vetat.

2275 2115 2335 2168 Ὁ
2369 2115 2426 2169 δὲ
2461 2115 2559 2184 τῆς
2586 2115 2642 2167 ἐν
2671 2113 2918 2185 ’Δγκύρᾳ
2951 2111 3014 2166 ιθ⁰
3043 2112 3348 2181 παρθένους
3372 2109 3612 2176 γυναῖκας
3637 2122 3720 2159 κω-

2191 2207 2309 2261 λύει
2345 2206 2705 2276 συνέρχεσθαι
2737 2222 2880 2259 τισιν
2909 2204 2986 2268 ὡς
3010 2203 3284 2272 ἀδελφοῖς.

589 2400 906 2476 Secundum
932 2401 1032 2457 hos
1069 2418 1264 2473 magna
1287 2402 1477 2457 isthaec
1511 2402 1639 2458 tuba
1681 2402 1946 2466 veritatis,
1973 2415 2090 2456 ma-

515 2507 658 2562 gnus
691 2493 780 2548 ille
810 2494 1073 2562 Basilius,
1109 2495 1175 2549 ad
1205 2495 1529 2565 Gregorium
1567 2494 1946 2565 presbyterum
1973 2493 2085 2561 epi-

516 2585 658 2650 stola
685 2585 875 2650 missa.
909 2587 1104 2656 majori
1148 2601 1272 2641 cum
1305 2586 1696 2655 increpationis
1742 2586 2085 2640 vehementia

517 2675 688 2744 tangit
711 2690 858 2738 eum,
883 2677 972 2745 qtti
1004 2677 1132 2736 huic
1166 2691 1226 2732 se
1275 2677 1406 2730 vitio
1454 2677 1622 2731 dedit.
1682 2676 1872 2745 Neque
1922 2674 2086 2746 primi

515 2780 639 2831 nos,
668 2766 866 2841 inquit,
901 2783 1081 2838 neque
1109 2767 1212 2828 soli
1243 2767 1562 2833 statuimus,
1595 2783 1706 2821 non
1733 2768 1933 2822 debere
1963 2782 2086 2820 utu-

516 2857 676 2926 lieres
717 2857 770 2910 in
812 2858 1055 2912 virorum
1087 2872 1208 2914 esse
1252 2859 1657 2912 contubernio:
1701 2859 1795 2912 sed
1842 2856 2087 2926 promul-

515 2957 700 3022 gatum
734 2963 764 3003 a
793 2950 996 3004 sanctis
1022 2949 1271 3004 Part-ibus
1299 2950 1503 3005 nostris
1535 2950 1588 3003 in
1617 2949 1851 3005 concilio
1869 2947 2087 3003 Nic-aeno

2188 2961 2542 3033 ἐξενεχθέντα
2571 2962 2772 3013 κανόνα
2804 2959 2953 3028 παρά
2972 2958 3082 3010 τῶν
3104 2958 3280 3024 ἁγίων
3303 2956 3553 3024 Πατέρων
3597 2947 3724 3020 ἡμῶν

515 3037 996 3109 canonemlegito,
1043 3040 1134 3108 qui
1164 3039 1452 3095 manifesto
1497 3039 1795 3109 prohibuit,
1853 3053 1923 3093 ne
1975 3037 2087 3097 sint

2188 3058 2247 3109 ἐν
2283 3043 2353 3126 τῇ
2403 3055 2607 3125 συνόδῳ
2665 3052 2924 3116 Νικαίας,
2984 3051 3043 3115 ὃς
3107 3049 3370 3119 φανερῶς
3418 3044 3726 3115 ἀπηγόρευσε

517 3129 775 3202 mulieres
808 3129 1196 3205 introductitiae
1231 3132 1311 3186 vel
1335 3141 1626 3188 extraneae.
1657 3131 1950 3187 Caelibatus
1982 3147 2080 3185 au-

2191 3145 2581 3206 συνεισάκτους
2609 3143 2684 3214 μὴ
2715 3141 2876 3196 εἶναι.
2900 3141 3139 3210 Ἀγαμία
3167 3140 3232 3192 δὲ
3273 3142 3331 3192 ἐν
3361 3137 3528 3207 τούτῳ
3556 3133 3654 3203 ἔχει
3679 3127 3727 3181 τὸ

515 3229 623 3292 tem
659 3222 897 3308 dignitas
935 3237 1000 3294 ac
1037 3223 1312 3279 veneratio
1351 3223 1404 3277 in
1435 3222 1540 3278 hoc
1569 3222 1844 3286 consistit,
1875 3231 1932 3276 ut
1959 3223 2084 3291 quis

2191 3235 2410 3307 σεμνὸν,
2440 3237 2499 3290 ἐν
2528 3235 2606 3304 τῷ
2647 3231 2984 3305 κεχωρίσθαι
3035 3232 3135 3300 τῆς
3181 3231 3329 3300 μετά
3359 3230 3464 3284 τῶν
3487 3221 3727 3296 γυναικῶν

518 3313 862 3374 aconsortio
927 3313 1182 3369 muliebri
1239 3324 1542 3383 separetur.
1609 3313 1818 3383 Quippe
1868 3313 1914 3369 si
1964 3313 2087 3383 quis

2188 3329 2492 3398 διαγωγῆς.
2532 3324 2622 3390 Ὦς
2667 3326 2784 3390 ἐὰν,
2841 3323 3325 3393 ἐπαγγελλόμενός
3366 3339 3450 3386 τις
3487 3318 3641 3384 αὐτὴν
3666 3311 3727 3381 τῷ

512 3419 636 3473 eum
673 3403 840 3458 verbo
885 3413 1046 3460 tenus
1089 3405 1434 3474 promittens,
1471 3419 1664 3475 reapse
1690 3404 1852 3462 faciat
1881 3421 1944 3459 ea
1969 3421 2087 3475 quae

2189 3418 2435 3486 ὀνόματι,
2461 3416 2610 3486 ἔργῳ
2631 3417 2700 3468 τὰ
2721 3415 2829 3468 τῶν
2851 3413 3069 3483 γυναιξὶ
3092 3413 3494 3466 συνοικούντων
3522 3408 3726 3476 ποιῆται,

493 3492 685 3566 solent
712 3493 804 3570 qui
848 3493 1138 3548 mulierum
1167 3495 1223 3549 in
1279 3495 1560 3549 consortio
1611 3496 1847 3564 degunt:
1907 3496 2085 3550 mani-

2189 3507 2349 3576 δῆλός
2397 3508 2514 3559 ἐστι
2563 3505 2625 3557 τὸ
2667 3505 2767 3574 μέν
2802 3505 2904 3570 τῆς
2965 3503 3269 3574 παρθενίας
3329 3501 3520 3571 σεμνὸν
3571 3501 3622 3550 ἐν
3672 3494 3725 3561 τῇ

514 3580 712 3650 festum
749 3583 815 3636 de
850 3596 910 3641 se
951 3583 1159 3654 praebet
1209 3584 1492 3652 indicium,
1549 3587 1693 3655 quod
1753 3586 2085 3656 virginitatis

2189 3599 2535 3670 προσηγορία
2566 3596 2801 3660 διώκων,
2846 3595 2943 3650 τοῦ
2989 3596 3046 3648 δὲ
3098 3595 3229 3648 καθ’
3261 3596 3452 3666 ἡδονὴν
3483 3585 3729 3660 ἀπρεποῦς

512 3673 680 3750 decus
706 3678 928 3740 nomine
952 3685 1110 3733 tenus
1135 3686 1396 3746 sectetur,
1446 3693 1634 3744 verum
1693 3676 1940 3743 [mditate
1983 3694 2083 3733 vo-

2193 3692 2268 3760 μὴ
2321 3691 2714 3758 ἀφιστάμενος.
2769 3688 2909 3741 οὔτε
2967 3689 3077 3759 γὰρ
3136 3688 3232 3740 τὸν
3296 3678 3727 3756 ἐϐδομηκονταετῆ

514 3767 736 3834 luptatis
768 3783 875 3821 non
906 3768 1196 3841 abstineat.
1238 3769 1358 3823 Non
1385 3770 1530 3823 enim
1559 3770 1812 3839 equidem
1866 3781 2087 3840 septua-

2190 3783 2457 3849 γεγονότα
2497 3782 2758 3851 πείθομαι
2782 3781 3048 3852 ἐμπαθῶς
3075 3783 3302 3848 γυναικὶ
3325 3779 3604 3837 συνοικεῖν,
3625 3771 3728 3835 οὔτε

514 3858 660 3926 ginta
690 3868 878 3932 natum
905 3875 1082 3914 annos
1112 3861 1314 3916 lascive
1357 3861 1570 3917 mulieri
1603 3862 1917 3924 cohabitare
1962 3877 2086 3918 ere-

2189 3874 2265 3937 ὡς
2285 3873 2377 3926 ἐπὶ
2412 3875 2681 3946 γενομένῃ
2713 3877 2820 3928 τινὶ
2843 3875 3032 3942 ἀτόπῳ
3063 3873 3267 3944 πράξει
3299 3873 3572 3943 ὠρίσαμεν
3595 3865 3628 3921 ά
3651 3862 3728 3918 καὶ

513 3951 770 4018 diderlm,
814 3968 916 4028 nec
951 3954 1096 4016 velut
1122 3955 1357 4027 alicujus
1413 3955 1639 4021 absurdi
1675 3954 1941 4012 facinoris
1993 3957 2085 4009 ad-

2191 3971 2370 4042 ὡρίσα
2378 3987 2499 4039 μεν.
2519 3969 2661 4022 amr
2689 3969 2812 4021 ἐπεὶ
2829 3967 3190 4038 ἐδιδάχθημεν
3218 3986 3294 4020 πα
3304 3969 3373 4038 ρὰ
3395 3965 3487 4020 τοῦ
3505 3959 3730 4017 ’Δποστὼ

513 4045 664 4118 ntlssl
708 4061 873 4111 causa
930 4048 1224 4104 statui-tuus
1278 4047 1354 4116 id,
1418 4047 1561 4118 quod
1615 4048 1926 4104 statuimus.
1980 4046 2086 4103 Sed

2190 4063 2308 4126 λου,
2348 4061 2421 4132 μὴ
2451 4059 2658 4114 τιθέναι
2687 4059 3026 4129 πρόσκομμα
3066 4057 3143 4128 τῷ
3179 4058 3424 4128 ἀδελφῷ,
3458 4057 3490 4126 ἢ
3532 4049 3730 4106 σκάνδα-

511 4146 820 4209 propterea,
858 4139 1002 4208 quod
1055 4139 1235 4196 edocti
1285 4141 1459 4196 simus
1510 4139 1578 4194 ab
1633 4139 1913 4209 Apostolo,
1973 4155 2083 4193 non

2193 4155 2302 4220 λον,
2333 4156 2556 4223 οἴδαμεν
2585 4153 2641 4207 δὲ
2675 4154 2757 4205 ὅτι
2790 4152 2851 4204 τὸ
2879 4151 3034 4222 παρά
3066 4169 3232 4205 τινων
3267 4151 3439 4217 ὑγιῶς
3479 4147 3730 4216 γινόμενον

509 4245 631 4286 esse
662 4232 818 4287 fratri
847 4231 1235 4288 oll'endiculum
1281 4233 1615 4303 ponendum,
1647 4236 1791 4304 quod
1818 4233 1867 4288 ei
1927 4247 2086 4287 scan-

2190 4247 2371 4309 ἄλλοις
2392 4247 2615 4318 ἀφορμὴ
2641 4244 2768 4316 τρδς
2799 4245 3074 4316 ἁμαρτίαν
3102 4243 3363 4314 ὑπάρξει,
3387 4241 3570 4296 τούτου
3593 4237 3730 4290 ἕνεκα

508 4319 633 4375 dalo
660 4322 754 4386 sit,
785 4329 971 4375 etnon
1027 4321 1344 4390 ignoramus
1401 4321 1454 4375 id
1513 4322 1657 4391 quod
1683 4324 1752 4376 ab
1807 4320 2085 4389 aliquibus

2192 4337 2632 4408 προσετάξαμεν,
2687 4337 2950 4406 ἑπόμενοι
3001 4339 3069 4405 τῇ
3144 4335 3384 4406 διαταγῇ
3438 4334 3544 4387 τῶν
3590 4327 3732 4396 ἁγίων

509 4419 656 4477 recte
687 4411 800 4476 (lat,
833 4411 957 4465 aliis
989 4412 1334 4466 occasionem
1369 4412 1627 4494 peccandi
1687 4411 2038 4481 praebiturum
2065 4424 2079 4461 :

2193 4431 2477 4500 Πατέρων,
2513 4428 2850 4499 χωρισθῆναί
2879 4446 2938 4486 σε
2971 4429 3066 4482 τοῦ
3097 4411 3347 4497 γυναίου..
3381 4424 3608 4481 Ἔκϐαλε
3641 4417 3732 4472 τοί-

509 4502 716 4556 idcirco
742 4503 1113 4585 pratcipimus.
1139 4503 1251 4574 84
1273 4505 1738 4560 conversationem
1767 4515 2082 4560 sanctorum

2189 4541 2285 4576 νυν
2321 4523 2492 4590 αὐτὴν
2525 4522 2634 4574 ἀπὸ
2658 4520 2752 4574 τοῦ
2783 4521 2935 4574 οἴκου
2973 4538 3069 4573 σου
3095 4534 3109 4548 ·
3143 4521 3490 4590 κατάστησον
3515 4513 3666 4584 αὐτὴν
3687 4512 3732 4562 ἐν

510 4594 732 4648 Patrum
764 4604 1058 4660 sectantes,
1095 4611 1123 4648 a
1146 4596 1465 4651 muliercula
1502 4596 1702 4651 debere
1730 4605 1782 4650 te
1812 4595 2083 4662 separari.

2193 4613 2580 4682 μοναστηρίῳ’
2615 4612 2756 4674 ἔστω
2790 4612 2975 4684 ἐκείνη
3004 4611 3142 4683 μετὰ
3189 4612 3504 4682 παρθένων,
3545 4606 3631 4660 καὶ
3677 4601 3729 4654 σὺ

509 4683 876 4748 Quamobrem
906 4699 973 4738 ex
1002 4685 1209 4740 aedibus
1242 4687 1353 4740 tuis
1386 4701 1506 4740 eam
1533 4685 1739 4755 ejicito,
1771 4697 1826 4740 et
1867 4688 1922 4741 itt
1965 4702 2084 4741 meo

2192 4704 2471 4773 ὑπηρετοῦ
2501 4703 2605 4757 ὑπὸ
2634 4683 2868 4775 ἀνδρῶν,
2899 4683 2986 4758 ινά
3015 4705 3088 4775 μὴ
3115 4705 3175 4757 τὸ
3201 4687 3381 4773 ὄνομα
3409 4702 3503 4756 τοῦ
3537 4696 3658 4754 Θεοῦ
3679 4694 3732 4746 δι’

510 4778 811 4833 nasteriutn
844 4779 1049 4849 abdito.
1113 4778 1196 4832 Sit
1248 4780 1361 4848 ipsa
1394 4793 1517 4837 cum
1557 4777 1882 4849 virginibus,
1940 4789 1994 4833 et
2027 4788 2083 4834 tu

2189 4797 2340 4866 ἡμᾶς
2373 4795 2783 4868 βλασφημῆται.
2812 4797 2957 4868 Ἕως
2991 4795 3036 4848 δ’
3060 4796 3127 4850 ἂν
3153 4795 3332 4850 ταῦτα
3364 4797 3542 4866 ποιῇς,
3573 4792 3622 4842 al
3650 4805 3732 4857 μν-

507 4873 751 4926 virorum
785 4881 938 4928 utere.
969 4871 1316 4926 ministerio:
1357 4886 1426 4925 ne
1479 4885 1674 4926 nomen
1715 4871 1810 4925 Dei
1863 4883 2086 4942 propter

2191 4889 2395 4957 ριάδες,
2419 4890 2484 4951 ἃς
2509 4905 2614 4959 περ
2648 4866 2713 4942 σὺ
2745 4866 2978 4960 γράφεις
3006 4888 3094 4952 διὰ
3122 4889 3229 4942 τῶν
3259 4887 3577 4948 ἐπιστολῶν,
3603 4881 3730 4937 οὐδὲν

507 4979 606 5018 nos
639 4963 1068 5032 blasphemetur.
1103 4962 1356 5040 Quandiu
1395 4977 1525 5016 vero
1565 4962 1678 5016 haec
1713 4962 1903 5029 facies,
1947 4962 2084 5018 nihil

2188 4975 2531 5047 ὼφελήσουσί
2558 4993 2640 5044 σε,
2674 4977 2810 5032 ἀλλά
2829 4978 3178 5041 τελευτήσεις
3195 4979 3412 5052 ἀργῶν,
3447 4978 3537 5032 καὶ
3567 4974 3728 5038 δώσεις

507 5056 603 5110 tibi
640 5048 938 5124 proderunt
967 5055 1071 5110 illa:
1105 5055 1399 5124 myriades,
1449 5069 1681 5124 quarum
1726 5056 1780 5108 in
1837 5055 2086 5124 epistolis

2188 5068 2263 5140 τῷ
2298 5070 2487 5140 Κυρίῳ
2534 5069 2694 5137 λόγον
2723 5071 2819 5140 τῆς
2863 5069 3094 5122 σεαυτοῦ
3137 5048 3366 5139 ἀργίας.
3397 5048 3527 5124 ἐΕάν
3555 5068 3606 5120 δὲ
3633 5061 3730 5116 τολ-

507 5146 835 5200 mentionem
885 5146 1057 5214 facis;
1120 5147 1213 5200 sed
1248 5156 1306 5200 ut
1360 5146 1522 5200 homo
1571 5162 1755 5202 sccors
1806 5147 2082 5212 morieris,

2191 5163 2393 5238 μήσῃς,
2440 5162 2516 5232 μὴ
2543 5161 2982 5235 διορθωσάμενος
3013 5163 3268 5228 σεαυτὸν,
3299 5163 3611 5234 ἀντέχεσθαι
3650 5155 3728 5222 τῆς

506 5247 564 5291 et
585 5238 844 5293 secet-diae
895 5247 1000 5292 tute
1029 5237 1294 5305 rationem
1340 5239 1450 5293 Deo
1480 5239 1694 5293 reddes.
1736 5238 1892 5304 Quod
1941 5240 1986 5294 si
2033 5248 2084 5294 te

2188 5256 2515 5326 ἱερωσύνης,
2543 5254 2790 5325 ἀνάθεμα
2817 5255 2916 5328 ἔσῃ
2947 5255 3114 5310 παντὶ
3142 5255 3220 5325 τῷ
3243 5255 3383 5326 λαῷ,
3411 5257 3505 5310 καὶ
3533 5254 3580 5307 οἰ
3607 5247 3730 5319 δεχό-

512 5330 736 5385 tnininte
776 5331 1083 5401 corrigens,
1127 5331 1365 5386 retinere
1397 5345 1579 5386 tamen
1611 5333 1974 5393 sacerdotium
1999 5342 2084 5387 at-

2191 5347 2342 5417 μενοί
2385 5333 2459 5398 σε¹
2490 5347 2858 5418 ὲκκὴρυκτοι··
2891 5349 3032 5404 κατὰ
3061 5352 3244 5403 πᾶσαν
3293 5346 3619 5417 Ἐκκλησίαν
3651 5354 3727 5411 τε·

508 5423 803 5478 tentaveris
834 5441 846 5476 :
885 5423 998 5478 eris
1029 5424 1176 5476 omni
1211 5425 1414 5493 populo
1461 5425 1770 5488 anathema,
1800 5426 2004 5496 quique
2031 5436 2083 5479 te
2189 5442 2464 5511 νήσονται,

509 5516 802 5583 recipient,
839 5516 892 5569 in
936 5517 1084 5575 omni
1132 5517 1373 5573 Ecclesia
1418 5519 1564 5572 velut
1610 5518 1862 5574 ahstenti-
1900 5517 2081 5587 publi-

510 5608 798 5660 t'abunlut'.
885 5646 890 5651 -

2272 2414 2396 2466 Ἐπὶ
2421 2413 2634 2476 τούτοις
2695 2414 2724 2481 ίι
2780 2409 2995 2481 μεγάλη
3025 2409 3126 2479 τῆς
3155 2407 3414 2480 ἀληθείας
3447 2400 3722 2471 σάλπιγξ,6

2193 2503 2712 2580 μέγας,Βασίλειος,
2770 2502 3060 2572 ἐπιστολὴν
3109 2501 3252 2571 πρός
3296 2514 3415 2552 τινα
3467 2493 3722 2566 Γρηγόριον

2193 2585 2569 2669 πρεσϐύτερον
2639 2595 2902 2664 πέμψας,
2969 2593 3514 2662 ὲπιπληκτικώτερον
3563 2585 3722 2640 τούτου

2190 2688 2552 2750 καθάπτεται,
2577 2684 2654 2755 τῷ
2675 2683 2906 2754 τοιούτῳ
2932 2683 3367 2754 προσανέχοντος
3395 2679 3571 2733 πάθει.
3611 2674 3724 2728 Οῦτι

2190 2779 2397 2850 πρῶτοι
2425 2779 2559 2846 γὰρ,
2613 2777 2800 2846 φησὶν,
2852 2774 2976 2828 οὔτε
3032 2774 3186 2842 μόνοι
3237 2771 3724 2842 νενομοθετηκαμεν,

2189 2873 2456 2938 γυναῖκας
2500 2869 2730 2939 ἀνδράσι
2763 2867 2838 2937 μὴ
2876 2868 3184 2920 συνοικεῖν
3227 2864 3343 2920 ἀλλ’
3374 2860 3631 2930 ἀνάγνωθι
3652 2858 3724 2909 τὸν

585 5719 659 5771 Ex
696 5720 795 5773 hac
830 5732 1012 5775 autem
1053 5722 1284 5791 epistola
1321 5722 1579 5792 colligere
1607 5724 1735 5777 licet
1774 5740 1881 5779 non
1917 5742 2081 5795 opor-

517 5818 626 5875 tere
660 5813 838 5866 statim
869 5815 1138 5884 srgregari
1179 5816 1555 5885 presbyterum
1592 5811 1683 5888 qui
1726 5831 1852 5871 cum
1908 5820 2083 5883 aliena

2262 5732 2357 5800 Ἐκ
2387 5732 2444 5784 δὲ
2477 5732 2571 5800 τῆς
2607 5731 2897 5801 ἐπιστολῆς
2933 5733 3137 5804 ταύτης
3173 5735 3412 5806 πάρεστι
3435 5733 3629 5800 γνῶναι
3673 5727 3732 5798 μὴ

2192 5823 2300 5875 δεῖν
2333 5823 2494 5887 εὐθὺς
2524 5823 2878 5906 ἀφορῖςεσθαι
2907 5826 3000 5881 τὸν
3039 5826 3304 5906 ἀλλοτρία
3342 5825 3556 5898 γυναικὶ
3583 5834 3735 5875 συνοι-
