3992 6396
296 391 443 458 ῒὲθδ

1297 386 1708 453 SYNTAGMA
1748 385 2375 449 ALPHABETICUM.
2412 410 2485 424 —
2510 382 2573 445 Γ.

3408 369 3547 436 1206

291 514 529 569 κοοῦντα
564 509 977 583 πρεσϐύτερον,
1021 509 1140 563 ἀλλ’
1186 509 1234 563 εί
1291 507 1432 579 μετὰ
1476 504 1864 579 παραγγελίαν

2010 501 2198 556 mliere
2227 501 2545 567 cohabitat;
2595 497 2689 555 sed
2721 495 2766 553 si
2796 499 2920 565 post
2949 488 3282 562 promissum
3335 488 3405 543 ab
3446 488 3544 543 hac

291 605 501 675 ταύτης
533 604 842 674 ἀποστῆναι
875 603 951 676 μὴ
983 602 1297 674 βουληθείη.

986 697 1197 765 Νόμοι.

366 787 716 843 Ἐπίσκοπον-
761 790 1034 860 μηδεμίαν
1060 787 1345 853 παντελῶς
1374 788 1610 857 γυναῖκα
1645 784 1868 856 ἔχειν.ἢ

296 880 415 951 μετ’
463 880 643 951 αὐτῆς
687 884 960 937 συνοικεῖν
996 882 1411 954 συγχωροῦμεν.
1453 881 1515 935 Εί
1562 882 1610 935 δ’
1655 881 1873 935 ἀποδει-

293 971 451 1042 χθείη
488 972 668 1034 τοῦτο,
700 972 801 1041 τῆς
831 972 1142 1041 ἐπισκοπῆς
1176 972 1542 1026 ὲκδαλλὲσθω.

369 1065 578 1134 Μηδεὶς
622 1065 889 1136 κληρικδς
923 1067 1163 1135 γυναῖκα
1211 1066 1287 1137 μὴ
1339 1065 1499 1134 ἔχων,
1545 1065 1871 1118 ἐπείσακτον

296 1159 470 1229 ὶχέτω
510 1163 571 1213 ὲν
619 1160 699 1231 τῷ
736 1162 871 1229 οἴκῳ
905 1160 1093 1221 αὐτοῦ,
1133 1160 1272 1231 πλὴν
1308 1157 1538 1230 μητρὸς,
1569 1157 1663 1212 καὶ
1701 1157 1875 1228 θυγα-

1969 594 2224 649 secedcre
2252 594 2609 653 recusaverit.

2670 682 2853 757 Leges.

2044 777 2367 849 Episcopum
2423 779 2626 834 nullam
2687 778 2910 833 omnino
2970 774 3255 830 mulierem
3319 769 3547 832 habere,

1973 882 2067 926 aut
2102 888 2223 927 cmn
2284 887 2346 926 ea
2400 872 2719 927 cohabitare
2773 870 3163 941 permittimus.
3230 863 3389 932 Quod
3417 862 3462 917 si
3495 860 3549 915 id

1972 965 2410 1020 demonstratum
2446 964 2630 1027 fuerit,
2667 964 3086 1034 eLepiscopatu
3133 959 3406 1029 ejiciatur.

2044 1057 2237 1112 Nullus
2276 1057 2507 1113 clericus
2533 1072 2758 1111 uxorem
2802 1072 2910 1112 non
2946 1054 3177 1117 habens,
3230 1046 3553 1105 introducti-

1974 1152 2105 1206 tiam
2137 1150 2192 1203 in
2228 1149 2391 1203 domo
2420 1162 2518 1202 sua
2549 1147 2769 1211 habeat,
2830 1156 3024 1216 praeter
3056 1153 3314 1208 matrem,
3360 1138 3550 1197 tiliam,

295 1251 450 1320 τρδς,
499 1253 593 1305 καὶ
633 1252 892 1321 ἀδελφῆς,
934 1252 1168 1305 καὶτῶν
1216 1251 1395 1306 ἄλλων
1425 1253 1775 1306 ἀνυπόπτων.
1811 1252 1873 1303 Ei

2010 1255 2244 1302 orarem,
2270 1247 2326 1294 et
2376 1239 2513 1295 alias
2542 1255 2667 1309 qua:
2719 1246 2988 1308 suspectae
3041 1252 3148 1290 non
3202 1244 3351 1290 sunt.
3392 1232 3551 1298 Quod

299 1342 355 1393 δὲ
410 1342 486 1411 μὴ
539 1341 714 1396 ταῦτα
765 1342 1201 1413 παραφυλάξειε,
1242 1343 1339 1395 καὶ
1386 1340 1469 1403 δὶς
1497 1339 1873 1409 ὑπομνησθεὶς

2010 1333 2020 1386 i
2052 1332 2165 1387 haec
2194 1347 2297 1386 non
2324 1331 2715 1395 observaverit,
2749 1338 2802 1384 et
2825 1330 2907 1384 bis
2939 1327 3180 1383 monitus
3206 1328 3274 1379 ab
3299 1324 3555 1399 episeopo

300 1431 410 1485 ὑπὸ
436 1432 530 1486 τοῦ
554 1435 865 1488 ἐπισκόπου
894 1435 926 1502 ἢ
963 1434 1074 1487 τῶν
1119 1432 1510 1503 συγκληρικῶν
1547 1434 1622 1501 μὴ
1654 1430 1875 1484 ἐκϐάλοι

2012 1424 2061 1478 el
2091 1423 2325 1486 clericis,
2358 1437 2478 1477 eam
2510 1437 2619 1476 non
2651 1421 2893 1492 eiecerit.
2939 1429 3033 1474 aut
3081 1428 3377 1474 accusatus
3427 1428 3552 1469 cum

303 1521 553 1593 αύτὴν,ἢ
587 1522 993 1594 κατηγορηθεὶς
1034 1521 1389 1593 ἀποδειχθείη
1433 1519 1878 1596 συναναστρεφό-

2010 1532 2041 1570 a
2071 1515 2360 1572 inhoneste
2406 1513 2616 1569 versari
2654 1512 2942 1568 convictus
2979 1511 3168 1576 fuerit,
3224 1509 3554 1578 deponatur.

303 1631 471 1684 μενος
494 1616 749 1687 ὰσέμνως
776 1618 935 1688 αὐτῇ,
968 1618 1371 1688 καθαιρείσθω.

372 1708 708 1773 Ἐπίσκοπος
764 1713 838 1781 μὴ
902 1710 1224 1765 συνοικείτω
1271 1710 1563 1780 οίᾳδήποτε
1618 1707 1875 1777 γυναικί·

303 1800 441 1871 μηδὲ
472 1802 884 1873 γυνηδιάκονος
921 1802 1243 1856 συνοικείτω
1279 1801 1454 1872 ἀνδρί.

280 2044 285 2051 -
341 2008 593 2063 ΚΕΦᾹΛ.
631 2012 715 2067 Κ¹.
752 2009 890 2080 Περὶ
916 2011 1036 2064 τῶν
1067 2009 1306 2081 γυναιξὶ
1340 2008 1840 2075 συλλουομέικυν.

387 2103 449 2154 Ὀ
483 2101 559 2167 οξ
599 2102 781 2156 κανὼν
814 2103 915 2173 τῆς
964 2110 1018 2168 ς’
1051 2103 1272 2156 συνόδου
1366 2103 1426 2155 τὸ
1470 2103 1527 2154 ὲν
1580 2100 1885 2170 βαλανείοις

302 2194 434 2258 τοὺς
458 2196 665 2266 ἄνδρας
697 2195 838 2266 μετὰ
867 2194 1151 2265 γυναικῶν
1187 2194 1469 2259 λούεσθαι,
1500 2193 1576 2257 ὡς
1609 2195 1702 2247 καὶ
1734 2192 1887 2264 παρὰ

304 2290 420 2352 τοῖς
477 2286 689 2341 Ιθνεσιν
755 2290 860 2343 ὑπὸ
915 2289 1266 2355 κατάγνωσιν
1318 2287 1644 2356 γινόμενον,
1707 2286 1887 2354 πάντη

306 2381 583 2453 ἀπείρηκε
605 2398 620 2413 ο
654 2383 746 2437 καὶ
790 2381 1077 2455 κληρικοῖς
1131 2380 1231 2452 μὲν
1260 2379 1420 2451 τοῦτο
1450 2378 1667 2434 ποιοῦσι
1693 2378 1891 2433 καθαί-

307 2490 463 2545 ρεσιν
495 2473 669 2545 ὁρίζει
707 2473 769 2530 τδ
800 2473 1100 2544 ἐπιτίμιον,
1138 2474 1447 2545 ἀφορισμὺν
1490 2474 1549 2527 δὲ
1620 2473 1889 2545 μονάζον-

309 2584 417 2631 σιν,
450 2568 484 2640 ἢ
517 2568 753 2633 λαῖκοῖς.

425 2656 552 2726 ὗτος
581 2662 640 2716 δὲ
669 2661 994 2733 τριακοστός
1022 2663 1142 2717 ἔστι
1170 2662 1272 2733 τῆς
1312 2662 1371 2716 ἐν
1411 2661 1708 2734 Λαοδικείᾳ
1733 2660 1892 2714 συνό-

305 2756 423 2823 δου,
452 2756 626 2828 χωρὶς
652 2755 760 2810 τῶν
792 2754 1110 2826 ἐπιτιμίων.
1149 2755 1212 2808 Εἰ
1243 2755 1352 2825 γὰρ
1387 2755 1416 2808 ὀ
1468 2752 1708 2823 ἐντυχὼν
1748 2751 1892 2807 κατὰ

308 2850 371 2903 τὸ
414 2846 670 2920 παρῆκον
709 2848 968 2919 γυναικὶ,
1028 2848 1228 2918 πολλῆς
1282 2847 1453 2901 δεῖται
1509 2844 1776 2916 σπουδῆς,
1815 2847 1890 2916 μὴ

311 2940 891 3013 προσαναχρωσθῆναι
939 2940 1033 2995 τὸν
1083 2940 1347 3012 λογισμὸν
1389 2942 1456 3012 τῇ
1502 2939 1639 3011 πρὸς
1684 2942 1892 3009 ταύτην

312 3033 606 3108 ἤπιθυμίᾳ,
634 3036 801 3108 σχολῇ
837 3033 892 3104 γ’
927 3035 995 3090 ἂν
1024 3035 1054 3088 δ
1084 3034 1471 3105 γυμνουμένας
1500 3032 1705 3097 ταύτας
1748 3032 1892 3103 ὁρῶν

310 3130 373 3185 ἐν
411 3128 684 3201 βαλανείῳ
727 3128 986 3201 δυνηθείη
1040 3128 1387 3200 φυλάξασθαι
1429 3127 1528 3197 τῆς
1563 3126 1759 3198 ἡδονῆς
1794 3126 1895 3195 τὴν

310 3223 650 3295 ἐπιϐουλήνο
680 3224 798 3288 τοῖς
820 3222 929 3292 γὰρ
964 3222 1216 3295 ἀλλήλων
1250 3221 1470 3290 μέλεσιν
1520 3221 1595 3281 ὡς
1628 3220 1846 3289 βέλεσιν.
1867 3221 1893 3272 ὁ

312 3317 508 3389 ἐχθρὸς
538 3316 664 3371 καθ’
695 3315 857 3388 ἡμῶν
897 3315 1117 3386 χρῆται.
1153 3309 1265 3368 Εἶτ’
1310 3315 1409 3368 οὐκ
1457 3315 1698 3384 αἰσχρῶν
1742 3314 1892 3365 ἐστιν

313 3412 597 3481 αῖσχιστον
657 3409 720 3465 τὸ
762 3409 1005 3482 γυμνοὺς
1045 3409 1244 3480 ἄνδρας
1274 3426 1334 3462 τε
1368 3408 1463 3462 καὶ
1496 3409 1767 3476 γυναῖκας
1799 3406 1892 3459 ὑπ’

312 3503 853 3578 ἀλληλωιωύρᾶσθαι,
885 3503 980 3561 καὶ
1021 3501 1353 3571 ἀναφλέγειν.
1380 3502 1537 3569 σφίσι
1566 3500 1657 3553 τὸν
1687 3501 1891 3570 ἔρωτα,

316 3600 412 3653 xci.
458 3602 558 3669 τῆς
612 3596 816 3669 σαρκὸς
849 3597 1115 3651 ἀνάπτειν
1152 3595 1254 3665 τὴν
1306 3593 1593 3663 πύρωσινς
1638 3592 1895 3662 ’Δρκετδν

312 3693 425 3763 γὰρ
452 3690 532 3761 τῷ
567 3689 784 3760 σώματι
813 3690 847 3758 ἡ
883 3687 1055 3742 κακία
1078 3685 1249 3741 αὑτοῦ
1270 3687 1369 3739 καὶ
1406 3688 1441 3755 ἡ
1467 3685 1676 3757 φυσικὴ
1701 3685 1893 3739 τούτου

315 3785 535 3851 κίνησις
556 3799 573 3814 ο
600 3781 657 3836 τί
686 3781 771 3835 δεῖ
799 3783 866 3852 τῇ
897 3779 1059 3850 φλογὶ
1084 3779 1333 3840 πλείονος
1362 3778 1516 3848 ὕλης,
1548 3778 1579 3849 ἢ
1609 3778 1689 3849 τῷ
1720 3777 1896 3849 θηρίῳ

313 3875 717 3946 δαψιλεστέρας
760 3874 975 3946 τροφῆς
1003 3875 1070 3928 ὲκ
1101 3872 1199 3943 τῆς
1227 3871 1335 3927 τῶν
1367 3871 1665 3943 ὀφθαλμῶν
1709 3871 1899 3924 ἑστιά-

316 3983 482 4032 σεως,
533 3966 623 4021 ῖνα
672 3964 878 4037 μᾶλλον
929 3964 1302 4021 δυσκάθεκτον
1349 3965 1616 4035 γένηται,
1658 3964 1757 4019 καὶ
1801 3962 1899 4018 τοῦ

318 4056 586 4127 λογισμοῦ
632 4054 984 4125 βιαιότερον;
1019 4054 1230 4118 ’Ἄλλως
1252 4071 1311 4109 τε
1332 4054 1425 4117 καὶ
1454 4053 1758 4109 σκανδάλου
1788 4055 1899 4116 τοῖς

320 4149 538 4213 πολλοῖς
590 4147 849 4219 ἀφορμὴν
900 4147 967 4203 ἂν
1020 4146 1435 4219 παράσχωμεν,
1458 4147 1656 4209 οἵτινες
1707 4147 1906 4201 ἐπετά-

316 4242 529 4313 χθημεν
555 4240 632 4312 μὴ
653 4239 860 4293 τιθέναι
890 4240 1230 4310 πρόσκομμα
1248 4238 1325 4309 τῷ
1349 4237 1587 4308 ἀδελφῷ,
1617 4239 1711 4292 καὶ
1734 4239 1905 4311 ἀπρό-

319 4352 518 4388 σκοποι
562 4333 811 4404 γίνεσθαι
846 4331 943 4385 καὶ
985 4331 1261 4396 Ἰουδαίοις
1292 4332 1400 4385 καὶ⁸
1430 4331 1682 4401 Ἕλλησι,
1713 4335 1807 4384 καὶ
1834 4336 1901 4404 τῇ

330 4427 635 4500 Ἐκκλησία
699 4424 797 4480 τοῦ
844 4424 1005 4480 Θεοῦ.
1071 4424 1217 4477 Ἀλλ’
1261 4424 1383 4478 οὐδὲ
1433 4427 1550 4488 τοῖς
1612 4424 1906 4495 ὁμοζύγοις

320 4526 535 4592 ἐφεῖται
583 4522 745 4575 τοῦτο
798 4519 994 4573 ποιεῖν.
1031 4518 1093 4575 Εἰ
1131 4518 1240 4589 γὰρ
1290 4517 1350 4571 ἓν
1400 4517 1678 4592 πεφύκασι
1720 4520 1903 4590 σῶμα,

322 4588 420 4671 καὶ
449 4614 696 4685 ἀλλήλων
754 4612 893 4683 μέλη
924 4588 1316 4681 τυγχάνουσιν,
1360 4588 1482 4665 άλὶθ
1522 4612 1616 4666 οὖν
1668 4588 1906 4684 χρῆσθαι
1941 4638 1993 4691 ι)

321 4711 513 4774 κακῶς
542 4708 605 4763 ού
639 4707 748 4779 χρὴ
774 4709 891 4771 τοῖς
917 4706 1148 4771 οίκείοις
1186 4706 1429 4777 μέλεσιν.

322 4824 579 4882 ΚΕΦΑΛέ
612 4823 748 4878 KA'.
791 4821 923 4875 Ὀτι
953 4820 1247 4946 γιέναῦἓας
1279 4822 1354 4875 οὐ
1381 4821 1481 4875 δεῖ
1506 4824 1909 4891 πρεσϐύτιδας

974 4909 1012 4946 τ
1035 4908 1148 4946 rw
1188 4910 1268 4946 at.

974 4908 1268 4960 τινεσυαι.

409 4984 569 5041 Ὀια⁹
591 4985 693 5053 τῆς
723 4985 783 5038 ὲν
832 4983 1128 5054 Λαοδικείᾳ
1196 4982 1379 5036 κανὼν
1432 4984 1533 5038 οὐκ
1585 4984 1741 5056 ᾠήθη
1800 4987 1911 5039 δεῖν
2001 4962 2009 4970 ’

324 5081 471 5137 κατά
496 5096 561 5148 γε
590 5077 654 5131 τὺ
683 5076 914 5131 παλαιὸν
946 5075 1072 5139 ἔθος
1100 5075 1470 5145 πρεσϐύτιδας
1509 5078 1778 5145 γίνεσθαι,
1817 5079 1912 5133 καὶ

325 5172 435 5226 τῶν
468 5172 652 5226 ἄλλων
716 5171 776 5225 ἐν
814 5170 1083 5245 ἐκκλησίᾳ
1115 5168 1562 5243 προκαθέζεσθαι
1607 5171 1911 5237 γυναικῶν,

323 5268 401 5329 ὡς
430 5265 757 5319 διδασκάλου
784 5264 940 5331 τάξιν
977 5266 1113 5335 πρὸς
1137 5265 1307 5329 αὐτὰς
1335 5265 1639 5336 ἐπεχούσας
1658 5281 1673 5296 ·
1699 5265 1913 5336 σιωπᾴν

329 5358 438 5427 γὰρ
460 5359 489 5410 ὸ
519 5356 678 5425 λόγος
710 5356 805 5409 καὶ
837 5356 1215 5417 διδάσκεσθαι.
1256 5358 1378 5428 οὐχὶ
1417 5357 1716 5423 διδάσκειν,
1756 5360 1910 5429 κοινῇ

328 5450 647 5518 συμπάσαις
670 5449 899 5514 ἐπέταξε
923 5450 1189 5519 γυναιξίν.
1229 5450 1465 5522 Ἐξαιρῶ
1497 5450 1591 5504 τοῦ
1619 5450 1778 5520 λόγου
1813 5451 1916 5517 τὰς

327 5543 386 5595 ὲν
429 5544 545 5606 τοῖς
597 5542 711 5596 τῶν
763 5545 1041 5613 γυναικῶν
1106 5545 1494 5615 μοναστηρίοις
1547 5545 1659 5598 τῶν
1712 5546 1916 5601 λοιπῶν

330 5636 776 5705 προῖσταμέναςο
831 5636 864 5706 ή
913 5636 1045 5706 γὰρ,
1096 5637 1215 5700 ἑνὸς
1272 5635 1526 5708 σώματος
1573 5637 1799 5709 τρόπον,
1850 5639 1917 5692 ὲκ

326 5722 610 5796 διαφόρων
647 5726 828 5795 μελῶν
874 5728 1115 5799 ἁρμογὴ,
1168 5728 1258 5781 διὰ
1292 5727 1392 5798 τὴν
1441 5728 1752 5798 σύμπνοιαν
1819 5729 1915 5782 καὶ

329 5817 478 5872 κατὰ
506 5817 640 5871 Θεὸν
667 5819 777 5874 τῶν
819 5818 1024 5875 λοιπῶν
1057 5820 1367 5891 ὑποταγὴν,
1406 5821 1649 5893 κεφαλῆς
1691 5819 1915 5885 ταύταις

319 5908 514 5989 ,δίδωσι
545 5907 751 5984 χώραν.

2050 1693 2351 1765 Episcopus
2397 1693 2561 1748 ullam
2619 1693 2904 1748 mulierem
2961 1692 3014 1746 in
3066 1688 3431 1746 contubernio
3495 1702 3562 1741 ne

1984 1788 2217 1854 habeat;
2256 1801 2355 1842 nec
2417 1786 2784 1856 tnulier,,quae
2823 1785 3146 1843 diaconatus
3181 1797 3404 1839 munere
3437 1780 3563 1835 fun-

1915 1857 1954 1911 Β
1987 1876 2154 1947 gitur,
2200 1876 2255 1930 in
2284 1876 2386 1932 viri
2417 1875 2894 1931 contuberniosit.

1985 1990 2140 2047 CAP.
2177 1989 2297 2045 XX.
2352 1990 2431 2047 De
2459 1992 2526 2047 iis
2566 1993 2657 2063 qui
2711 1994 2764 2063 in
2795 1989 2999 2046 balneis
3029 2005 3136 2043 una
3181 2005 3302 2045 cum
3353 1987 3566 2058 feminis

2540 2072 2545 2078 '
2580 2062 2585 2063 ⁷
2634 2078 2688 2116 se
2728 2062 2932 2116 lavant.

2057 2154 2244 2211 Cauon
2276 2154 2345 2210 87
2376 2171 2437 2210 v1
2502 2156 2700 2227 synodi
2743 2158 2891 2211 viros
2945 2156 2999 2208 in
3034 2153 3242 2210 balneis
3276 2167 3384 2206 una
3443 2165 3567 2205 eum

1988 2246 2207 2301 feminis
2237 2261 2296 2302 se
2330 2247 2535 2315 lavare,
2560 2257 2622 2303 ut
2652 2248 2797 2318 quod
2830 2256 2883 2302 et
2914 2247 3055 2317 apud
3082 2254 3272 2317 gentes
3304 2243 3567 2300 condem-

1988 2344 2177 2391 natum
2206 2338 2300 2401 sit,
2346 2338 2570 2393 omnino
2628 2338 2917 2408 prohibet:
2970 2346 3026 2392 et
3071 2336 3292 2393 clericis
3347 2333 3569 2407 quidem

1989 2418 2064 2484 ita
2111 2428 2444 2485 facientibus
2475 2445 2692 2501 pmnam
2732 2428 3118 2500 depositionis,
3157 2427 3441 2485 monachis
3473 2441 3575 2482 au.-

1991 2532 2099 2578 tem
2128 2523 2215 2579 vel
2246 2523 2399 2579 Iaicis
2432 2524 2829 2599 segregationis
2853 2523 3121 2579 decernit.

2063 2708 2166 2763 Hic
2196 2716 2375 2764 autem
2406 2724 2582 2765 canon
2607 2717 2692 2765 est
2714 2711 2783 2765 5‘0
2813 2726 2933 2783 syn.
2960 2708 3209 2773 Laodic.,
3231 2707 3350 2763 sine
3374 2705 3573 2777 poenis.

1996 2797 2053 2855 Si
2105 2800 2254 2857 enim
2290 2800 2383 2871 qui
2446 2802 2498 2856 in
2567 2802 2796 2858 transitu
2841 2803 2895 2856 iu
2952 2802 3239 2855 mulierem
3292 2796 3574 2862 incidtrit,

1996 2907 2189 2965 magna
2222 2908 2355 2949 cura
2390 2908 2529 2964 opus
2562 2894 2746 2959 habet,
2786 2909 2851 2949 ne
2879 2893 3020 2948 ratio
3076 2892 3324 2963 ejusdem
3358 2890 3577 2947 deside-

1993 2986 2079 3041 rio
2128 2985 2424 3051 inliciatur,
2478 2988 2570 3056 qui
2615 3002 2707 3043 eas
2756 2987 2933 3041 nudas
2987 2987 3040 3040 in
3103 2986 3297 3040 balneo
3346 2986 3573 3049 viderit,

1995 3075 2238 3130 carnalis
2284 3076 2558 3145 appetitus
2599 3075 2831 3132 insidias
2880 3074 3177 3131 dilIiculter
3218 3077 3428 3130 evitare
3478 3091 3578 3146 po-

1997 3168 2148 3223 terit.
2200 3168 2462 3225 inimicus
2518 3169 2664 3224 enim
2727 3168 3006 3228 membris.
3053 3170 3256 3225 nostris
3318 3179 3579 3241 tanquam

1919 3274 1963 3330 ε
1992 3259 2193 3330 jaculis
2224 3260 2488 3318 adversus
2539 3278 2643 3320 nos
2675 3266 2826 3334 ipsos
2891 3266 3080 3322 utitur.
3144 3266 3351 3321 Deinde
3400 3282 3580 3321 annon

1997 3353 2315 3423 turpissima
2353 3370 2441 3411 res
2472 3366 2638 3421 esset,
2674 3356 2822 3414 viros
2876 3367 2929 3413 et
2964 3359 3198 3414 fentinas
3233 3375 3356 3415 sese
3407 3358 3585 3414 nudos

1997 3453 2190 3500 mutuo
2228 3448 2570 3518 conspicere,
2607 3460 2663 3504 et
2698 3464 2942 3506 amorem
3006 3451 3111 3506 sibi
3168 3451 3459 3511 incendere
3483 3489 3500 3515 ,
3531 3461 3585 3504 et

1997 3535 2184 3592 carnis
2219 3535 2469 3593 flammas
2516 3538 3134 3613 exsuscitare?corpori
3185 3544 3329 3596 enim
3385 3542 3587 3597 sullicit

1999 3644 2099 3685 sua
2133 3630 2363 3699 malitia,
2399 3639 2453 3686 et
2486 3634 2753 3690 naturalis
2797 3643 2999 3700 motus,
3038 3642 3094 3688 et
3133 3635 3261 3705 quid
3308 3650 3448 3704 opus
3479 3647 3582 3695 est.

2002 3721 2113 3793 igni
2145 3721 2267 3791 plus
2298 3724 2565 3793 materiae,
2602 3736 2695 3781 aut
2743 3725 2989 3782 facultati
3047 3726 3259 3783 brutali,
3308 3727 3584 3797 c0piosius

2002 3812 2323 3870 alimentum
2395 3831 2461 3871 ex
2503 3819 2790 3873 oculorum
2858 3818 3057 3889 pabulo
3105 3819 3482 3887 suppeditare,
3531 3831 3599 3875 ut

2004 3894 2178 3977 magis
2212 3906 2505 3965 difliculler
2558 3908 2884 3985 cohibenda,
2918 3920 2997 3981 ‘et
3046 3909 3260 3965 ratione
3310 3912 3588 3983 potentior

2003 3998 2245 4052 evadat?
2299 3996 2568 4055 Praeterea
2626 4001 2877 4071 plurimis
2930 4003 3277 4059 occasionem
3340 4003 3599 4059 scandali-

2004 4091 2413 4162 praaheremus,
2440 4093 2698 4163 quijussi
2754 4110 2948 4153 sumus
2979 4092 3137 4151 fratri
3196 4095 3588 4152 oll'endiculuni

2007 4197 2116 4237 non
2142 4198 2365 4254 ponere,
2404 4195 2456 4241 et
2481 4186 2602 4243 sine
2636 4185 2943 4243 offensione
2970 4202 3092 4242 esse
3120 4185 3323 4244 Iudaeis
3353 4198 3407 4242 et
3437 4186 3589 4243 Grae-

2007 4274 2108 4341 cis,
2142 4285 2197 4330 et
2224 4277 2479 4334 Ecclesiae
2507 4279 2623 4334 Dei.
2655 4277 2794 4345 Quin
2826 4288 2879 4333 et
2902 4278 3230 4349 coniugibus
3270 4279 3375 4334 hoc
3413 4280 3592 4335 facere

2010 4383 2118 4421 non
2140 4379 2224 4423 est
2252 4370 2605 4439 permissum.
2639 4368 2904 4436 Quamvis
2956 4385 3104 4424 enim
3169 4385 3339 4424 unum
3391 4384 3593 4441 Corpus

2009 4458 2139 4525 sint,
2202 4469 2256 4514 et
2307 4462 2412 4516 sibi
2478 4462 2710 4518 invicem
2772 4462 3042 4527 membra,
3104 4462 3341 4535 propriis
3408 4473 3589 4520 tamen

2012 4554 2276 4609 membris
2303 4556 2456 4611 abuti
2496 4572 2603 4613 non
2645 4563 2886 4628 oportet.

2012 4816 2123 4892 85
2152 4817 2304 4873 CAP:
2345 4817 2493 4893 XXI;
2534 4820 2959 4885 Quod'muli‘eres
3001 4823 3231 4878 seniores
3285 4840 3374 4877 seu
3405 4824 3596 4893 pra-si-

2436 4891 2618 4946 dentes
2654 4894 2775 4962 ﬁeri
2812 4909 2916 4947 non
2948 4901 3209 4963 oporteat;

2088 4982 2276 5037 Ganon
2309 4983 2371 5036 Η
2415 4999 2536 5055 syn.
2567 4983 2796 5041 Laudic.
2825 5002 2932 5040 non
2970 4974 3446 5056 oportere‘censet
3473 5002 3595 5042 mu-

2016 5075 2177 5129 lieres
2209 5074 2452 5131 seniores
2481 5076 2619 5142 lieri,
2654 5088 2708 5133 et
2747 5079 2871 5133 aliis
2907 5078 3234 5134 mulieribus
3267 5080 3319 5133 in
3365 5081 3597 5136 ecclesia

2018 5168 2332 5240 praesidere,
2350 5170 2511 5240 quasi
2532 5171 2782 5226 doctoris
2801 5171 3337 5230 locumcbtinentes.
3362 5173 3600 5228 Verbum

2018 5264 2165 5317 enim
2199 5278 2443 5327 sacrum,
2470 5265 2731 5319 omnibus
2755 5282 2818 5320 ex
2846 5282 3006 5337 asque
3030 5267 3291 5324 mulieres
3321 5268 3600 5323 silentium

2019 5372 2201 5425 agere,
2226 5366 2280 5410 et
2312 5355 2548 5422 discere,
2581 5373 2686 5413 non
2714 5369 2898 5414 autem
2929 5360 3338 5428 docerejussit.
3377 5362 3603 5431 Eveipio

2020 5452 2107 5504 hic
2124 5466 2222 5505 eas
2256 5442 2383 5521 quae
2410 5451 2464 5505 in
2497 5452 2791 5508 mulierum
2814 5455 3162 5509 monasteriis
3195 5455 3429 5525 reliquis
3457 5469 3602 5525 pra:-

2019 5554 2180 5608 sunt;
2213 5544 2559 5600 diversorum
2606 5545 2751 5599 enim
2807 5547 3212 5613 membrorum,
3268 5548 3417 5602 velut
3446 5547 3608 5602 unius

2023 5638 2293 5705 corporis,
2344 5652 2660 5708 compages,
2700 5647 2927 5710 propter
2967 5639 3440 5708 conspirationem
3480 5655 3603 5694 mu-

2023 5739 2197 5797 tuam,
2243 5738 2299 5786 et
2338 5731 2679 5801 reliquarum
2712 5734 2818 5790 sub
2851 5732 2962 5789 Deo
3002 5730 3432 5803 subjectionem,
3468 5732 3605 5803 ipsis

2020 5826 2216 5896 capitis
2244 5825 2427 5883 locum
2453 5826 2569 5883 dat.
