3992 6440
297 384 440 450 1209

1276 390 1695 453 SYNTAGMA
1719 392 2350 456 ALPHABETICUM.
2398 419 2436 429 -”
2460 388 2501 441 Γ
2547 438 2563 453 .

3433 386 3574 453 1210

294 509 438 579 πλὴν
467 510 563 564 τὸν
597 508 698 579 μὲν
738 508 909 582 ἄνδρα
932 510 1028 567 ἐπὶ
1050 512 1295 583 τριετίαν
1323 512 1702 582 διακαρτερεῖν
1736 511 1863 567 αὖττ

1983 511 2268 582 conjungi.
2313 511 2519 567 Eadem
2552 522 2690 565 vero
2720 507 2936 564 novella
2985 506 3244 563 maritum
3276 521 3374 577 per
3401 507 3577 562 trien-

292 602 533 668 κελεύει,
560 606 657 657 καὶ
678 604 833 667 ἐντὸς
862 606 1072 673 ταύτης
1105 606 1179 676 μὴ
1210 606 1450 660 διαλύειν
1478 606 1578 677 τὴν
1609 606 1749 677 μετὰ
1779 605 1880 676 τῆς

296 696 571 764 μανείσης
590 695 849 764 γυναικὸς
874 696 1042 752 αὐτοῦ
1072 698 1338 765 συζυγίαν
1361 715 1375 730 ·
1405 699 1506 768 τὴν
1550 699 1607 752 δὲ
1648 699 1879 767 γυναῖκα

297 791 376 861 μὴ
413 786 836 858 διαζεύγνυσθαι
868 789 961 844 τοῦ
995 793 1255 861 μανέντος
1285 791 1477 863 ἀνδρὸς
1499 792 1694 861 αὐτῆς,
1727 792 1775 844 εί
1803 790 1877 863 μὴ

297 881 565 952 παρέλθοι
608 883 931 937 πενταετία.
956 884 1126 937 Τοῦτο
1156 886 1250 937 καὶ
1295 886 1329 954 ή
1355 884 1452 938 τοῦ
1483 884 1747 955 βασιλέως
1770 884 1875 937 Νι-

296 973 547 1044 κηφόρου
571 973 665 1026 τοῦ
691 974 1048 1029 Βοτανειάτου
1071 977 1352 1044 νομοθετεῖ
1370 975 1561 1048 Νεαρά
1583 994 1598 1009 ·
1625 978 1690 1031 Ei
1706 977 1826 1037 καὶ,
1844 976 1877 1027 ὁ

295 1064 462 1134 νόμος
496 1066 649 1135 φησὶ,
683 1064 850 1132 μανία
883 1064 1165 1136 ἐμποδίζει
1192 1067 1286 1119 τὸν
1315 1067 1516 1138 γάμον,
1542 1068 1604 1121 οὐ
1636 1066 1742 1138 μὴν
1765 1067 1880 1120 δια-

293 1157 413 1212 λύει
444 1158 538 1213 τὸν
565 1158 749 1223 καλῶς
777 1162 1074 1215 συστάντα.

292 1272 550 1326 ΚΕΦΑΛ.
587 1270 714 1327 ΚΖ’.
751 1272 892 1340 Περὶ
949 1272 1069 1326 τῶν
1098 1272 1405 1342 γυναικῶν
1450 1271 1570 1326 τῶν
1614 1271 1684 1326 ἐν
1727 1269 1876 1341 ἀφέ-

577 1343 882 1417 δρφ,έτοῃ
920 1344 1045 1401 τῶν
1078 1343 1368 1399 οὑσῶνὲν
1386 1346 1588 1413 ῥύσει.

366 1438 529 1507 Ζήτει
555 1438 618 1489 τδ
648 1443 727 1501 ις’
761 1437 1063 1505 κεφάλαιον
1092 1436 1189 1491 τοῦ
1222 1437 1267 1490 Α
1297 1437 1587 1507 στοιχείου.

292 1550 546 1604 ΚΕΦΑΛ.
599 1548 735 1605 κη’.
773 1551 909 1617 Περὶ
946 1549 1067 1603 τῶν
1111 1549 1418 1620 γυναικῶν
1458 1548 1576 1603 τῶν
1604 1549 1756 1619 πρὸς
1804 1550 1872 1603 τὸ

551 1620 868 1689 ἀμϐλῶσαι
901 1620 1191 1690 φάρμακα
1218 1620 1588 1690 δεχομένων.

376 1713 437 1767 Ὀ
477 1710 563 1780 ιμ’
591 1713 695 1781 τῆς
743 1718 799 1777 ς’
839 1712 1061 1767 συνόδου
1103 1711 1287 1767 κανὼν
1346 1712 1511 1779 φόνου
1559 1712 1718 1776 δίκας
1764 1711 1870 1765 ὕπ-

1989 606 2144 660 nium
2175 611 2503 676 exspectare
2528 603 2707 673 jubet,
2737 612 2793 658 et
2831 602 2976 657 intra
3008 601 3142 656 illud
3180 616 3308 657 cum
3340 600 3573 657 muliere

1986 697 2195 752 furiosa
2220 696 2541 766 coniugium
2572 709 2683 750 non
2710 694 2966 759 solvere;
3002 691 3289 748 mulierem
3326 703 3510 747 autem
3542 709 3566 742 τ

1984 790 2183 844 marito
2222 804 2321 845 suo
2356 787 2566 842 furioso
2602 804 2713 841 non
2767 786 3036 855 separari,
3074 784 3565 855 antequamquin-

1960 881 2284 952 iquennium
2319 891 2574 936 exactum
2616 881 2716 935 sit.
2769 879 2917 935 idem
2940 879 3109 937 etiam
3142 876 3355 932 novella
3389 876 3562 944 impe-

1956 974 2184 1027 'ratoris
2257 970 2551 1041 Nicephori
2603 970 2928 1029 Botaniatiae
2990 970 3238 1027 statuit:
3280 967 3565 1034 .Quamvis

1979 1060 2218 1123 insania,
2282 1063 2464 1132 inquit
2518 1063 2625 1129 lex,
2686 1062 3106 1119 matrimonium
3161 1058 3410 1127 impedit,
3450 1072 3563 1114 non

1979 1164 2169 1210 tamen
2202 1164 2352 1211 recte
2372 1165 2719 1212 contractum
2762 1154 3040 1211 dissolvit.

1977 1270 2132 1326 CAP.
2171 1271 2383 1330 XXVII.
2427 1271 2504 1328 De
2550 1271 2862 1327 mulieribus
2892 1268 3256 1334 menstrualis,
3298 1268 3406 1323 sive
3453 1282 3571 1338 qua:

2492 1346 2703 1414 [Iua‘um
2741 1347 3043 1411 patiuntur.

2046 1441 2242 1508 Quaere
2271 1455 2393 1510 cap.
2424 1439 2489 1493 i6
2519 1440 2714 1494 litterae
2745 1439 2815 1494 A.

1974 1552 2125 1610 CAP.
2148 1551 2385 1609 XXVIII.
2408 1552 2480 1605 De
2502 1550 2808 1604 mulieribus
2832 1549 3119 1619 pharmaca
3144 1549 3213 1604 ad
3235 1547 3564 1604 abortionem

2439 1621 2681 1675 ciendam
2710 1621 3065 1675 sumcntibus.
3292 1651 3302 1661 -

2044 1717 2234 1772 Canon
2267 1716 2329 1772 9i
2370 1730 2492 1786 syn.
2524 1730 2588 1769 .vt
2631 1713 2913 1773 homicidii
2954 1729 3153 1783 pmnas
3211 1713 3368 1768 luere
3407 1710 3565 1780 jubet

289 1806 440 1876 ἐχειν
488 1806 726 1870 κελεύει,
778 1807 904 1861 δσαι
954 1806 1066 1861 τῶν
1114 1807 1397 1875 γυναικῶν
1437 1807 1471 1878 ἦ
1509 1807 1780 1876 δέχονται,
1832 1807 1863 1876 ἢ

1975 1810 2244 1865 mulieres
2274 1823 2396 1879 qum
2423 1807 2512 1863 vel
2543 1809 2823 1877 accipiunt
2851 1807 2936 1861 vel
2970 1806 3099 1861 aliis
3131 1805 3375 1875 praebent
3399 1803 3565 1874 phar-

285 1898 478 1962 ἄλλαις
498 1896 754 1979 ὀρέγουσι
783 1900 923 1968 πρὸς
950 1898 1011 1953 τὺ
1033 1899 1325 1969 ἀμσλῶσαι
1359 1900 1651 1972 φάρμακα.
1679 1898 1868 1970 Λάθρα

286 1990 421 2059 γοῦν
449 2006 601 2053 τινες
648 1991 877 2062 ἀνδράσι
913 1992 1271 2063 μιγνύμεναι,
1319 1994 1420 2046 καὶ
1461 1993 1871 2062 συλλαμϐάνου-

286 2099 403 2148 σαι,
449 2082 560 2136 δέει
590 2081 688 2136 τοῦ
738 2082 813 2152 μὴ
872 2084 1082 2137 ἁλῶναι
1135 2070 1395 2156 πορνείας
1456 2084 1704 2153 γονεῦσιν
1740 2084 1871 2148 ἴσως

284 2174 317 2242 ἢ
361 2173 679 2239 δεσπόταις,
714 2177 780 2245 τῇ
812 2175 909 2230 τοῦ
959 2176 1295 2248 δηλητηρίου
1330 2177 1486 2231 πόσει
1522 2178 1591 2231 τὰ
1646 2177 1869 2248 ἔμϐρυα

293 2264 547 2334 φθείρειν
578 2267 1035 2336 ἐπιτηδεύουσιν,
1074 2270 1107 2339 ἢ
1144 2270 1239 2323 καὶ
1288 2270 1447 2340 βάρει
1499 2269 1601 2333 τὰς
1659 2270 1869 2333 κοιλίας

284 2356 594 2421 πιέζουσιν,
625 2358 768 2412 ὥστε
803 2361 978 2433 νεκρὰ
1011 2362 1112 2432 τῆς
1143 2363 1386 2431 γαστρὸς
1432 2364 1689 2416 ἐκπεσεῖν
1713 2378 1728 2392 ο
1771 2364 1870 2417 καὶ

282 2448 348 2503 οὐ
378 2448 555 2503 ταῦτα
584 2451 781 2521 μόνον,
799 2452 959 2509 ’ἀλλὰ
990 2454 1085 2507 καὶ
1112 2455 1520 2535 ὲαυτὰςὲνίοτε
1550 2454 1865 2524 προσαπολ-

282 2540 527 2596 λύουσιν.
772 2579 778 2585 -

362 2634 424 2689 ’0
458 2635 516 2689 δὲ
575 2641 662 2691 καθ
704 2637 806 2706 τῆς
851 2640 909 2691 ὲν
970 2636 1240 2711 Ἀγκύρᾳ,
1273 2641 1335 2693 Ei
1382 2643 1478 2694 καὶ
1512 2641 1541 2693 ὁ
1578 2642 1866 2711 πρότερος,

288 2729 478 2797 φησιν,
529 2727 655 2798 ὅρος
703 2732 901 2800 μέχρις
960 2728 1148 2796 ἐξόδου
1182 2733 1284 2803 τῆς
1327 2735 1615 2795 κοινωνίας
1666 2733 1865 2798 ἐξέωσε

282 2820 383 2883 τὰς
415 2820 719 2891 δεχομένας
752 2822 821 2874 τὰ
852 2822 1080 2899 φθόρια,
1130 2823 1248 2877 ἀλλ’
1276 2825 1437 2895 ἡμεῖς
1488 2823 1868 2897 φιλανθρωπό-

280 2909 439 2980 τερόν
457 2928 511 2963 τι
539 2911 846 2976 ποιοῦντες,
872 2910 1107 2984 δεκαετῆ
1135 2914 1329 2984 χρόνον
1360 2914 1644 2989 ὡρίσαμεν
1674 2918 1865 2988 ἀρκεῖν

281 3004 486 3066 αὑταῖς
513 3005 597 3066 είς
626 3004 937 3074 μετάνοιαν.

366 3094 529 3149 nm
562 3097 661 3150 καὶ
692 3098 718 3148 ὁ
747 3093 792 3166 β’
822 3097 919 3150 τοῦ
951 3099 1191 3167 μεγάλου
1225 3102 1514 3156 Βασιλείου
1573 3104 1635 3156 τὸ
1665 3103 1864 3176 μέτρον

1977 1918 2132 1957 maca
2171 1901 2240 1957 ad
2279 1901 2624 1957 abortionem
2671 1901 2948 1955 ciendam.
2991 1900 3204 1964 Aliquae
3231 1897 3380 1952 enim
3409 1895 3554 1951 clam

1973 2008 2098 2047 cum
2130 1994 2267 2048 viris
2298 1988 2589 2055 coeuntes,
2614 2003 2671 2047 et
2702 1992 3096 2062 concipientes,
3121 1999 3265 2046 metu
3292 1992 3361 2044 ne
3391 1986 3566 2043 forni-

1973 2087 2118 2140 catio
2158 2085 2447 2155 delegatur
2498 2099 2527 2138 a
2590 2084 2914 2154 parentibus
2967 2082 3111 2138 forte
3158 2082 3241 2137 vel
3292 2079 3561 2142 dominis,

1974 2177 2361 2233 medicamenti
2392 2173 2640 2231 deleterii
2672 2185 2808 2244 potu
2851 2174 3021 2230 foetus
3055 2185 3414 2243 corrumpere
3440 2180 3562 2226 stu-

1972 2271 2126 2336 dent,
2160 2271 2245 2324 vel
2276 2277 2498 2324 ventres
2527 2283 2660 2323 suos
2688 2268 2928 2338 pondere
2956 2275 3236 2337 premunt,
3264 2274 3326 2320 ut
3358 2263 3561 2318 mortui

1972 2379 2038 2418 ex
2096 2362 2327 2419 matrice
2372 2362 2672 2427 excidant,
2717 2372 2773 2414 et
2803 2375 2912 2415 non
2954 2360 3132 2416 solum
3188 2359 3334 2424 illos,
3383 2356 3481 2414 sed
3510 2366 3566 2412 et

1972 2457 2187 2526 seipsas
2218 2454 2518 2526 aliquando
2545 2453 2904 2513 interimunt.

2039 2641 2228 2697 Canon
2260 2646 2442 2694 autem
2467 2637 2528 2691 2|
2569 2653 2694 2709 syn.
2720 2637 3047 2707 Ancyranse,
3072 2633 3326 2705 quamvis
3352 2634 3558 2703 inquit,

1971 2735 2198 2805 antiqua
2263 2730 2529 2796 deﬁnitio,
2585 2744 2682 2785 eas
2729 2744 2851 2798 quae
2894 2728 3300 2782 medicamenta
3361 2727 3558 2781 fmtum

1969 2826 2244 2887 necantia,
2283 2839 2458 2893 usque
2503 2823 2569 2877 ad
2607 2822 2816 2877 obitum
2864 2835 2894 2874 a
2929 2819 3321 2874 communione
3362 2818 3556 2889 abigit,

1969 2934 2072 2974 nos
2123 2928 2306 2973 tamen
2369 2916 2712 2972 humanitate
2768 2915 2854 2969 usi
2903 2913 3158 2971 decennii
3217 2921 3435 2982 tempus
3487 2911 3557 2966 ad

1968 3012 2351 3083 paenitentiam
2385 3011 2452 3064 iis
2483 3009 2735 3064 suﬂicere
2761 3008 3137 3067 decernimus.

2039 3101 2185 3168 Quin
2230 3107 2285 3155 ct
2331 3100 2369 3155 2
2414 3098 2596 3168 magni
2629 3096 2823 3153 Basilii
2855 3110 2985 3150 can.
3018 3094 3271 3155 eamdem
3302 3091 3554 3155 decennii

281 3186 440 3242 τοῦτο
480 3187 579 3256 τῆς
627 3188 917 3252 δεκαετίας
968 3192 1093 3253 ταῖς
1128 3191 1417 3256 τοιαύταις
1453 3194 1720 3262 ὁρίζεται·
1765 3197 1860 3248 καὶ

1972 3208 2287 3248 mensuram
2316 3190 2590 3261 eiusmodi
2627 3188 2958 3249 mulieribus
2987 3187 3262 3250 decernit.
3296 3195 3351 3243 et
3380 3186 3556 3245 medi-

280 3278 378 3350 τὴν
405 3278 714 3348 Θεραπείαν
771 3281 835 3333 οὐ
884 3281 963 3351 τῷ
993 3282 1171 3353 χρόνῳ
1216 3282 1418 3353 μᾶλλον
1475 3284 1507 3356 ἢ
1561 3284 1640 3355 τῷ
1677 3286 1863 3358 τρόπῳ

1972 3285 2145 3339 cinam
2184 3299 2292 3340 non
2324 3299 2389 3338 ex
2424 3291 2672 3350 tempore
2693 3281 2789 3337 sed
2821 3282 2982 3334 modo
3013 3277 3353 3348 poenitentia:
3385 3275 3550 3331 ﬁdam
3589 3279 3592 3282 ’

282 3371 533 3422 πιστεύει
568 3369 670 3437 τῆς
704 3371 1022 3440 μετανοίας.
1064 3373 1221 3426 Ἐπεὶ
1269 3374 1315 3427 δ’
1355 3376 1384 3427 ὁ
1438 3376 1733 3439 Μωσαῖκὸς
1779 3377 1868 3430 νό-

282 3478 406 3530 μος,
441 3461 533 3513 ὅτε
572 3460 674 3530 μὲν
730 3460 834 3513 οὐκ
888 3460 1331 3534 ὲξεικονισμένον
1363 3464 1426 3517 τὸ
1472 3465 1714 3534 ἔμὸρυον
1746 3466 1864 3536 λῆμ-

279 3551 474 3613 δλωτο,
534 3554 614 3616 είς
669 3553 932 3624 χρήματα
996 3554 1271 3625 ἐζημίου,
1316 3555 1762 3624 ἐξεικονισμένου
1816 3556 1862 3611 δ’

279 3646 668 3713 ἐκπίπτοντος,
725 3649 807 3712 είς
842 3647 1025 3719 ψυχὴν
1083 3648 1437 3714 κατεδίκαζε,
1470 3651 1728 3721 Θνήσκειν
1770 3665 1864 3702 κε-

278 3737 454 3800 λεύων
486 3737 581 3792 τὸν
609 3738 708 3809 τὴν
730 3742 965 3809 γυναῖκα
997 3741 1337 3807 πατάξαντα·
1376 3741 1565 3796 τούτου
1601 3742 1864 3813 μνησθεὶς

276 3832 306 3884 ὁ
344 3829 526 3899 ἅγιος,
560 3831 865 3903 Διαφορὰν,
920 3834 1108 3903 φησὶν,
1148 3836 1313 3905 ἡμεῖς
1362 3834 1462 3889 οὐκ
1490 3834 1713 3905 ἔχομεν,
1748 3835 1861 3891 εἴτε

281 3924 719 3994 μεμορφωμένα,
749 3924 852 3978 εἰτ’
886 3925 981 3980 οὖν
1008 3927 1319 3998 ἀμόρφωτά
1355 3929 1463 3981 eiut
1499 3927 1569 3981 τὰ
1617 3928 1861 3982 ἀποϐαλ-

277 4011 508 4083 λόμενα.
534 4014 609 4067 Ού
643 4015 755 4085 γὰρ
784 4016 864 4076 είς
885 4016 1149 4087 χρήματα
1179 4018 1511 4088 ζημιοῦμεν,
1538 4017 1672 4073 ἀλλὰ
1696 4020 1859 4089 φόνου

278 4104 540 4174 κρίνομεν
578 4107 679 4177 τὴν
736 4108 898 4161 τοῦτο
951 4109 1267 4179 ποιήσασαν
1301 4151 1315 4173 ,
1370 4110 1461 4164 διά
1499 4127 1558 4162 τε
1604 4110 1709 4181 τὴν
1761 4111 1858 4167 τοῦ

276 4192 521 4264 ὲμῦρύου
558 4194 770 4267 φθορὰν
804 4197 898 4249 καὶ
936 4198 1108 4267 αὐτῆς
1141 4199 1199 4251 δὲ
1226 4201 1329 4268 τῆς
1370 4200 1816 4269 ἁποὸεδληκυίας
1841 4218 1857 4235 ⁶

273 4285 668 4357 ἔπισυμὸαίνει
697 4288 809 4356 γὰρ
839 4287 954 4343 ἔσθ’
998 4290 1089 4345 ὅτε
1132 4290 1212 4362 τῷ
1242 4290 1470 4362 ὲμῦρύῳ
1520 4295 1615 4346 καὶ
1650 4292 1856 4365 ταύτην

271 4376 730 4448 συμφθείρεσθαι.
773 4379 847 4432 Τὸ
890 4379 1022 4449 γοῦν
1072 4383 1297 4453 σπέρμα
1351 4385 1418 4455 τῇ
1473 4387 1657 4456 μήτρᾳ
1687 4400 1859 4441 κατα-

275 4468 632 4537 Βαλλόμενον,
684 4471 951 4542 πρότερον
999 4472 1103 4542 μὲν
1153 4473 1570 4542 ἐξαιματοῦται,
1621 4471 1742 4531 εἶτα
1776 4477 1855 4540 είς

1958 3379 2188 3450 iudicat.
2239 3377 2509 3444 Quoniam
2550 3385 2734 3429 autem
2780 3374 2865 3429 lex
2904 3372 3171 3434 Mosaica,
3208 3386 3332 3425 cum
3384 3369 3552 3424 intus

1963 3470 2209 3524 nondum
2249 3468 2576 3524 eﬁ‘ormatus
2602 3467 2893 3522 abortivus
2935 3473 3076 3530 erat,
3111 3464 3338 3520 multam
3385 3475 3553 3532 pecu-

1961 3565 2195 3620 niariam
2247 3561 2556 3631 imposuit;
2595 3574 2721 3615 cum
2774 3571 2910 3612 vero
2940 3556 3214 3613 formatus
3248 3554 3547 3615 excideret.

1959 3655 2072 3709 vita
2109 3653 2387 3717 multavit,
2420 3650 2560 3707 mori
2587 3650 2786 3720 iubens
2817 3662 2944 3704 eum
2981 3649 3074 3718 qui
3106 3647 3391 3702 mulierem
3425 3656 3551 3698 ver-

1962 3745 2249 3811 berasset;
2311 3743 2456 3799 facta
2494 3742 2659 3814 ltujus
2690 3742 2827 3812 legis
2850 3741 3151 3801 mentione,
3194 3737 3333 3802 Nos,
3358 3737 3551 3807 inquit

1959 3845 2212 3902 sanctus,
2240 3837 2448 3890 nullum
2479 3835 2785 3890 discrimen
2809 3838 3126 3912 statuimus,
3154 3832 3279 3886 sive
3315 3829 3548 3885 formata
3630 3865 3635 3870 Α

1957 3930 2070 3984 sint
2098 3930 2214 3984 sive
2243 3929 2502 3983 informia
2537 3943 2659 3998 quae
2693 3927 3013 3998 ejiciuntur.
3069 3925 3187 3980 Non
3224 3923 3371 3979 enim
3406 3923 3547 3976 mul-

1958 4031 2071 4076 tam
2138 4022 2519 4090 pecuniariam
2566 4021 2922 4090 imponimus,
2952 4020 3060 4073 sed
3104 4018 3385 4072 homicidii
3422 4030 3541 4070 eam

1959 4129 2085 4185 qum
2126 4114 2178 4171 id
2216 4115 2451 4184 patravit
2479 4114 2931 4177 condemnemus,
2967 4120 3085 4166 tum
3104 4111 3177 4165 ob
3208 4110 3544 4165 foetutncor—

1958 4211 2210 4273 ruptum,
2243 4213 2377 4256 tum.
2405 4202 2476 4256 ob
2521 4202 2810 4256 mulierem
2846 4215 2879 4255 ο
2908 4214 3016 4270 qua
3061 4199 3110 4254 is
3153 4199 3365 4268 eiectus
3421 4208 3541 4259 est,

1956 4295 2231 4365 siquidem
2260 4310 2385 4350 cum
2413 4296 2545 4351 factu
2571 4296 2747 4366 ipsam
2771 4310 2987 4365 quoque
3006 4294 3232 4349 interire
3247 4293 3545 4362 aliquando

1955 4393 2064 4462 8'7
2100 4390 2402 4458 contingat.
2446 4389 2645 4444 Semen
2676 4389 2844 4460 igitur
2871 4389 2927 4443 in
2961 4389 3243 4443 matricem
3258 4386 3541 4455 injectum

1958 4484 2271 4555 pritnumin
2299 4484 2621 4553 sanguinem
2664 4483 2915 4546 vertitur,
2972 4479 3173 4535 deinde
3229 4478 3282 4532 in
3316 4492 3539 4531 carnem

273 4564 601 4634 ἀμόρφωτον
646 4564 928 4634 πήγνυται
986 4565 1191 4636 σάρκα,
1245 4565 1348 4620 εἶθ’
1388 4567 1564 4632 οὕτως
1592 4568 1852 4634 ἐξεικονί-

1972 4577 2250 4632 informem
2316 4576 2643 4640 concrescit,
2709 4582 2824 4629 tum
2875 4574 2930 4627 in
2982 4571 3229 4628 membra
3274 4578 3329 4627 et
3361 4577 3545 4641 partes

276 4653 419 4716 ζεται
456 4653 553 4707 καὶ
580 4653 941 4709 διατυποῦται
975 4659 1056 4721 είς
1092 4657 1228 4729 μέλη
1283 4659 1381 4713 καὶ
1429 4661 1617 4732 μόρια.

358 4748 500 4802 Ἀλλ’
549 4750 609 4803 ἐν
667 4749 768 4818 μὲν
818 4749 897 4819 τῷ
928 4751 1075 4804 τέλει
1126 4754 1223 4806 τοῦ
1271 4760 1322 4823 η’
1372 4756 1622 4821 κανόνος,
1655 4756 1765 4810 Καὶ
1794 4758 1853 4812 oti

275 4840 539 4908 διδοῦσαι,
590 4844 763 4914 φησὶ,
801 4847 897 4897 καὶ
939 4845 996 4898 αί
1030 4845 1325 4916 δεχόμεναι
1365 4848 1434 4900 τὰ
1470 4848 1853 4919 ὲμδρνοκτόνα

269 4931 579 5006 δῃλητὴρια
642 4936 707 4987 ὲν
737 4937 849 4999 τοῖς
906 4937 1171 5001 ἑκουσίως
1226 4938 1515 5007 φονεύουσι
1557 4941 1849 5010 καταλογί-

269 5023 478 5088 ζονται.
507 5025 778 5081 Ἐνταῦοα
796 5027 853 5081 δὲ
877 5028 938 5082 τὸ
966 5028 1062 5083 τοῦ
1089 5031 1349 5085 ἀκουσίου
1383 5033 1546 5102 φόνου
1572 5033 1850 5104 ἐπιτίμιον

264 5117 366 5189 τὴν
411 5117 707 5173 δεκαετίαν
749 5120 1031 5192 ἐπιτίθησι
1081 5122 1333 5192 ταύταις,
1366 5121 1546 5196 οἶμαι,
1605 5126 1756 5195 παρὰ
1789 5127 1850 5180 τὸ

271 5213 441 5282 μήπω
476 5212 762 5282 γεγονέναι
783 5214 846 5268 τὸ
876 5216 1321 5288 κυοφορούμενον
1353 5219 1411 5271 ἒν
1441 5219 1624 5287 φύσει,
1665 5223 1760 5274 καὶ
1788 5222 1849 5275 τὸ

271 5301 345 5373 μὴ
375 5304 439 5357 ἐκ
467 5304 1168 5377 διαθέσεως-ἀπανθρώπου
1217 5310 1582 5382 μελε-τηθῆναι
1612 5313 1705 5366 τὸν
1746 5315 1844 5383 φό-

264 5411 377 5461 νον,
406 5395 548 5449 ἀλλὰ
575 5395 646 5449 δι’
671 5396 984 5470 αίσχύνηνῆ
1010 5399 1174 5468 φόϐον
1204 5403 1392 5473 ἀγενῆ,
1425 5407 1637 5471 γονέων
1660 5406 1843 5475 τυχὸν,

264 5485 300 5558 ἢ
330 5485 615 5556 δεσπότου,
647 5487 678 5559 ἢ
711 5488 874 5543 ἄλλου
932 5491 1112 5559 τινὸς,
1168 5493 1415 5549 κίνδυνον
1464 5497 1842 5562 ἀπειλοῦντος.

936 5672 1142 5730 Νόμοι.

936 5691 1142 5741 λνομοι.

342 5759 413 5827 Ἡ
459 5757 709 5830 ἐπίτηδες
762 5763 1088 5833 ὲκτρώσασα
1123 5773 1479 5840 προσκαίρως
1515 5773 1834 5845 ὲξορῐζεται.

1960 4669 2202 4725 hominis
2223 4667 2499 4739 eﬂigiatur
2528 4676 2584 4722 et
2603 4665 2898 4721 formatur.
2990 4716 2995 4721 .

2028 4763 2086 4818 in
2118 4764 2225 4818 line
2253 4770 2436 4817 autem
2471 4762 2505 4816 8
2539 4777 2664 4816 can.
2705 4770 2762 4818 et
2791 4775 2913 4831 quae
2950 4763 3103 4826 dant,
3130 4767 3205 4814 et
3233 4770 3359 4827 qum
3392 4755 3542 4811 acci-

1956 4857 2113 4928 piunt
2167 4855 2564 4910 medicamenta
2608 4854 2771 4908 fetum
2834 4852 3158 4922 perimentia
3212 4834 3558 4905 voluntariis.

1956 4949 2246 5005 homicidis
2273 4950 2728 5003 adnumerantur.
2772 4945 2873 5001 Hic
2899 4960 3029 5000 vero
3054 4942 3391 5014 poenitentiae
3442 4941 3538 4995 de-

1953 5043 2250 5106 cennium,
2303 5054 2519 5112 poenam
2588 5039 2849 5093 nimirum
2906 5037 3075 5093 caedis
3134 5034 3537 5098 involuntariaa,

1951 5135 2222 5206 ejusmodi
2264 5133 2587 5188 mulieribus
2634 5131 2889 5200 imponit.
2924 5130 3087 5193 Ruto,
3128 5129 3279 5200 quod
3304 5128 3445 5184 fetus
3479 5128 3533 5182 iu

1954 5235 2111 5277 utero
2144 5223 2197 5277 in
2234 5238 2415 5277 rerum
2451 5233 2647 5276 natura
2684 5236 2793 5275 non
2833 5222 2924 5285 sit,
2969 5231 3020 5277 et
3051 5221 3197 5292 quod
3232 5236 3339 5274 non
3371 5220 3536 5274 inltu-

1953 5316 2190 5370 tnsniter
2245 5314 2436 5370 aﬂ'ccta
2490 5324 2722 5371 mortem
2774 5315 2961 5370 molita
3016 5315 3109 5379 sit,
3159 5315 3253 5371 sed
3310 5320 3535 5383 pr0ptcr

1933 5408 2216 5479 pudorem
2273 5409 2357 5463 vel
2416 5421 2619 5463 metum
2676 5425 2784 5463 non
2845 5408 3194 5476 illiberalem,
3242 5416 3528 5478 parentum

1950 5500 2112 5564 forte,
2146 5500 2231 5555 vel
2283 5501 2517 5569 domini,
2561 5502 2645 5556 vel
2693 5502 2931 5572 alicujus
2962 5502 3191 5555 alterius
3226 5498 3527 5567 periculum

1949 5593 2279 5650 minitantis.

2649 5687 2829 5756 Leges.

2018 5774 2149 5846 Quze
2173 5776 2295 5834 data
2324 5793 2486 5850 opera
2520 5780 2828 5846 aborticrit,
2857 5780 2909 5835 in
2940 5780 3236 5854 temporale
3268 5781 3524 5837 exsilium

1944 5871 2126 5925 datur.
