3992 6422
532 362 664 425 12H

1723 370 2090 431 ΜΑἸἼῊᾹΉ
2129 372 2559 435 BLASTARIS

606 476 821 529 Novella
860 487 1037 532 autem
1075 476 1427 546 imperatoris
1454 477 1656 534 Leonis
1685 477 1959 551 Sapientis
1991 483 2109 537 viro
2142 490 2184 543 Α

532 565 847 621 facultatem
887 570 982 622 dat
1023 570 1438 624 matrimonium
1492 586 1619 626 cum
1672 574 1899 631 muliere
1942 576 2114 631 divel-

3604 397 3707 462 1212

2294 484 2359 538 Ἦ
2409 487 2468 539 δὲ
2498 486 2688 557 Νεαρά
2739 489 2835 543 τοῦ
2884 487 3153 559 βασιλέως
3188 495 3400 561 Λίοντος
3436 502 3523 556 τοῦ
3573 506 3709 577 Σοφοῦ

2217 576 2407 632 ἄδειαν
2455 578 2639 633 δίδωσι
2675 578 2755 650 τῷ
2806 581 2961 651 ιξινδρὶ¹
2990 583 3223 656 διασπᾷν
3258 588 3344 642 τὸν
3375 597 3500 661 μετὰ
3526 598 3611 667 τῆς
3632 576 3709 670 ᾖ».

533 659 716 724 tendi,
769 674 893 728 quae
938 660 1065 715 data
1115 675 1285 732 opera
1342 678 1527 717 semen
1586 678 1745 720 suum
1801 669 2089 725 abortivuu

2217 668 2404 732 ναικὸς
2453 670 2619 723 αὑτοῦ
2648 672 2850 742 γάμον,
2881 673 3201 747 ἐξεπίτηδες
3223 659 3615 759 ἀμϐλωσκοὺσης
3637 659 3711 763 τὴν

533 751 686 809 facit.

606 846 711 911 Qui
744 850 1053 906 abortionis
1099 853 1360 921 poculum
1390 853 1637 916 dederit,
1672 854 1721 908 si
1771 853 1894 908 vilis
1925 854 2018 917 sit,
2057 854 2110 909 in

2216 759 2432 813 ἐκείνου
2481 764 2714 833 σποράν.

2302 851 2361 907 σο
2412 854 2566 922 πόμα
2615 855 2868 921 δεδωκὼς
2916 858 3309 932 ἀμϐλωθρίδιον
3330 904 3345 929 ,
3400 867 3597 940 εὐτελὴς
3642 875 3715 944 μὲν

535 941 812 994 metallum
851 942 1186 1010 damnatur;
1245 944 1290 999 si
1348 935 1650 1012 honestus,
1704 945 1906 1000 amissa
1964 956 2089 1015 partl

2212 942 2314 1008 ὢν,
2348 944 2756 1015 μεταλλίζεται,
2805 949 2987 1019 τίμιος
3034 950 3115 1017 δὲ,
3155 952 3438 1025 έξορίζεται
3466 935 3589 1027 μετά

535 1031 806 1086 bonorunt
867 1035 1168 1105 relegatur.
1235 1035 1293 1090 Si
1351 1038 1478 1106 quis
1527 1053 1660 1093 vero
1707 1037 1833 1092 inde
1889 1049 2089 1093 enectu:

2219 1037 2382 1107 ρικῆς
2428 1038 2773 1109 δημεύσεως.
2822 1041 3058 1114 Ἐσχάτῃ
3120 1043 3180 1101 δὲ
3206 1050 3434 1119 τιμωρία
3474 1051 3715 1119 ὑπάγεται,

535 1120 721 1186 fuerit,
754 1139 1030 1178 summum
1071 1128 1405 1195 supplicium
1458 1128 1746 1199 inﬂigitur,
1785 1130 1946 1199 idque
1987 1131 2089 1187 lice

2215 1129 2309 1181 ὲάν
2338 1147 2421 1191 τις
2457 1130 2738 1185 ἀπέθανεν
2776 1133 2841 1186 ὲκ
2894 1134 3117 1202 τούτου,
3149 1137 3245 1192 καὶ
3270 1138 3318 1192 εί
3341 1141 3494 1212 χωρὶς
3531 1143 3719 1200 δόλουτὺ

530 1212 669 1266 citra
706 1215 890 1270 dolum
920 1218 1225 1274 abortioni;
1267 1220 1725 1275 medicamentum
1759 1222 1943 1276 datum
1980 1223 2077 1278 sit.

2216 1220 2625 1292 ἁμὸλωθρίδιον
2659 1223 2912 1280 δέδωκεν.

530 1324 682 1382 CAP.
735 1327 927 1382 XXIX.
977 1330 1055 1385 De
1087 1331 1305 1386 muliere
1351 1346 1503 1420 (θρίω
1529 1335 1694 1404 fctum
1750 1338 1983 1407 negligit,
2020 1352 2088 1391 ou

2216 1322 2471 1418 KEtPAA.
2521 1333 2826 1420 K8'.,I_Ispl_
2853 1344 3144 1420 mmo;
3175 1344 3315 1420 τῆς*
3328 1347 3543 1420 ἀμελῶς
3579 1351 3720 1420 ἐχού-

1199 1407 1442 1471 exponit.

601 1487 788 1544 Canon
822 1491 892 1547 55
917 1508 1063 1562 mag.
1097 1493 1285 1549 Basilii
1308 1510 1521 1551 necnon
1540 1495 1612 1552 52
1640 1513 1761 1552 eam
1788 1514 1910 1568 qua
1943 1499 1997 1554 in
2025 1501 2111 1556 via

530 1581 693 1647 parit,
724 1581 771 1634 si
804 1582 993 1644 fetum,
1034 1600 1158 1638 cum
1192 1586 1446 1641 eumdem
1504 1603 1726 1644 scrvare
1771 1599 1978 1659 posset,
2012 1607 2110 1647 ne-

528 1672 780 1741 glexerit,
823 1673 1105 1731 homicidii
1157 1691 1349 1745 poenas
1393 1679 1546 1735 luere
1589 1690 1846 1750 oportere
1899 1690 2107 1749 censet,

2427 1414 2549 1470 σης
2590 1408 2725 1475 περὶ
2763 1410 2832 1464 τὸ
2862 1408 3070 1481 κύημα
3102 1413 3139 1481 ἢ
3172 1408 3551 1487 ἐθέὲιθεᾷιένηςῖ.

2295 1496 2355 1549 '0
2381 1496 2464 1566 λγ⁹
2496 1498 2592 1553 τοῦ
2645 1502 2888 1570 μεγάλου
2934 1506 3221 1562 Βασιλείου
3264 1510 3459 1576 κανὼν,
3485 1512 3626 1568 ἔτιδὲ
3650 1517 3723 1569 καὶ

2211 1587 2241 1638 ό
2279 1584 2381 1656 νβ’,
2458 1588 2560 1660 τὴν
2615 1591 2758 1647 κατὰ
2805 1594 2905 1665 τὴν
2932 1597 3050 1651 ὁδὸν
3094 1601 3389 1669 κυήσασαν,
3412 1604 3463 1657 εί
3487 1620 3544 1671 γε
3584 1608 3724 1674 παρόν

2214 1677 2391 1733 σῶσαι
2447 1684 2909 1755 καταπεφρόνηκε
2960 1688 3056 1741 τοῦ
3110 1691 3411 1761 κυήματος,
3438 1696 3582 1763 φόνου
3602 1696 3725 1759 δίκας

526 1764 780 1830 quamvis
810 1765 953 1821 alius
979 1783 1103 1822 eum
1131 1770 1441 1837 sustulerit,
1464 1781 1520 1827 et
1545 1766 1856 1830 humaniter
1878 1776 2089 1831 affectu:

2214 1773 2442 1843 ὑπέχειν
2466 1775 2642 1831 οἴεται
2672 1777 2806 1845 δεῖν,
2855 1781 2963 1834 κᾶν
2997 1784 3048 1836 εί
3088 1782 3282 1856 ἕτερος
3312 1786 3625 1857 ἀνελόμενος,
3650 1792 3723 1843 καί

525 1852 709 1907 virum
763 1861 1209 1927 conservaverit,
1268 1862 1398 1917 dum
1480 1874 1655 1919 mater
1715 1868 2004 1923 brutaliter
2048 1881 2089 1924 et

2202 1864 2599 1936 φιλανθρώπως
2627 1871 2991 1941 χρησάμενος,
3034 1875 3094 1927 τὸ
3132 1852 3239 1948 ζῇν
3255 1877 3399 1948 αὐτῷ
3426 1852 3719 1950 κεχάρισται,

525 1943 898 2002 inhumaniter
957 1948 1148 2005 aﬂecta
1203 1961 1326 2018 est,
1382 1969 1448 2009 ex
1502 1955 1865 2015 fornicatione
1921 1959 2089 2015 forsat

2208 1956 2378 2027 αὐτῆς
2416 1957 2673 2027 θηριώδει
2710 1965 2806 2015 καὶ
2832 1943 3453 2041 άπανθρὼπῴνλογισμῷ
3487 1943 3723 2041 ᾆξρησαμέὲ

524 2039 860 2110 concipiens,
913 2051 966 2095 et
1020 2054 1304 2112 peccatum
1363 2061 1521 2102 suum
1578 2049 1683 2105 hoc
1729 2063 1888 2122 pacto
1928 2054 2089 2108 celari

2208 2065 2328 2118 νης,
2366 2049 2432 2103 ὲκ
2481 2052 2738 2123 πορνείας
2781 2054 2912 2120 ῐσως
2962 2057 3123 2127 τοῦτο
3174 2061 3206 2132 ἢ
3241 2039 3721 2134 μοιχείαςῃσυνειλη-

524 2129 771 2185 studens.
803 2132 959 2198 Quod
1008 2135 1075 2198 si,
1110 2145 1338 2205 propter
1374 2138 1723 2196 inimicorum
1775 2144 2103 2212 periculum,

2208 2140 2395 2208 φυίας,
2433 2144 2530 2195 καὶ
2581 2144 2680 2216 τὴν
2734 2147 3015 2219 ἁμαρτίαν
3046 2152 3224 2225 ταύτῃ
3256 2157 3593 2242 πειραθείσης
3621 2173 3724 2226 συγ-

522 2218 609 2273 vel
663 2224 1101 2280 necessariorum
1159 2228 1471 2296 defectum,
1540 2233 1622 2288 vel
1686 2236 1834 2306 quod
1890 2236 2089 2306 captiva

2205 2230 2433 2303 κρύψαι.
2468 2235 2528 2287 Ei
2557 2236 2612 2291 δὲ
2656 2237 2812 2312 παρὰ
2846 2218 2947 2310 τὴν
2996 2218 3237 2316 ἀπορίαν
3260 2218 3726 2320 τῶνπροστησομέ-

522 2310 687 2365 ducta
719 2313 812 2378 sit,
845 2316 952 2382 vel,
987 2328 1045 2372 ut
1097 2321 1286 2378 hostes
1332 2322 1527 2394 fugiat,
1563 2326 1806 2395 latuerit,
1852 2340 1908 2385 et
1952 2331 2103 2401 peri-

2207 2342 2337 2391 νων,
2373 2326 2406 2396 ἢ
2440 2327 2542 2397 τὴν
2573 2329 2789 2384 ἔνδειαν
2817 2332 2929 2387 τῶν
2959 2335 3280 2405 ἀναγκαίων
3301 2378 3317 2403 ,
3354 2339 3387 2410 ἢ
3431 2341 3724 2412 αἰχμάλωτος

520 2403 703 2457 culum
736 2406 808 2460 sit
837 2424 905 2463 ne
930 2409 1157 2469 infantis
1191 2415 1399 2485 ejulatu
1446 2419 1735 2487 prodatur,
1768 2437 1887 2479 sese
1934 2423 2089 2480 simul

2203 2416 2474 2487 ἀγομένη,
2500 2420 2534 2489 ἦ
2568 2421 2648 2493 τῷ
2694 2422 2925 2492 φεύγειν»
2952 2403 3250 2497 πολεμίους
3278 2403 3627 2501 κρυπτομένη,
3654 2433 3724 2485 καὶ

520 2503 576 2547 et
625 2495 888 2553 infantem
943 2516 1165 2560 servare
1212 2521 1320 2562 non
1370 2510 1633 2579 potuerit,
1687 2524 1861 2569 mater
1913 2515 2097 2570 damni

518 2588 731 2642 veniam
763 2605 1152 2664 consequetur.

586 2876 726 2936 Hinc
747 2880 912 2937 etiam
943 2883 1011 2939 de
1044 2886 1114 2940 iis
1137 2889 1230 2956 qui
1264 2887 1501 2946 infantes
1524 2907 1656 2948 suos
1684 2894 1739 2947 in
1769 2896 2090 2964 templorum

515 2969 753 3027 aditibus
774 2986 1076 3043 exponunt,
1108 2979 1161 3032 in
1185 2995 1342 3035 sacra
1367 2985 1577 3053 synodo
1598 2986 1794 3055 smpius
1815 2987 2089 3057 discepta-

516 3068 630 3115 tum
659 3061 796 3130 fuit;
834 3073 888 3120 et
916 3068 1145 3136 placuit,
1171 3086 1262 3126 eas
1294 3083 1351 3128 ut
1393 3074 1701 3132 homicidas
1747 3079 1952 3145 puniri,
1985 3080 2086 3136 etsi

515 3152 658 3212 alius
695 3154 933 3217 infantes
966 3162 1249 3230 suscipiat,
1291 3174 1345 3220 et
1378 3181 1504 3221 cum
1539 3183 1673 3224 cura
1702 3170 1920 3225 educat.

1230 3340 1361 3397 Lex.

582 3422 799 3481 Occidit
851 3425 1019 3484 fetum
1110 3448 1217 3488 non
1283 3437 1463 3491 solum
1519 3439 1614 3508 qui
1671 3441 1926 3509 suﬂ‘ocat,
1992 3447 2088 3502 sed

2200 2506 2296 2582 tot?
2326 2508 2563 2579 βρέφους
2607 2513 3193 2586 κλαυθμυριζομένου,
3246 2522 3616 2576 κινδυνεύουσα
3645 2540 3724 2592 μη·

2199 2598 2466 2667 νυθῆναι,
2526 2603 2729 2674 ἑαυτὴν
2789 2605 2909 2676 ἅμα
2945 2612 3044 2661 καὶ
3091 2611 3155 2663 τὸ
3209 2612 3401 2684 τεχθὲν
3446 2614 3538 2667 οὐκ
3563 2614 3724 2685 ἤρκεσε

2198 2694 2639 2762 περισῶσασθαι,
2681 2698 3009 2771 συγγνωστὴ
3065 2700 3271 2772 μᾶλλον
3332 2705 3365 2775 ἡ
3422 2706 3591 2776 μήτηρ
3648 2703 3722 2774 τῆς

2197 2778 2485 2850 ἐπηρείας.

2302 2872 2399 2926 Ἐκ
2450 2876 2509 2930 δὲ
2560 2879 2759 2934 τούτου
2815 2882 2912 2936 καὶ
2961 2884 3092 2955 περὶ
3138 2886 3252 2941 τῶν
3295 2885 3637 2956 ἐκτιθεμένων
3675 2884 3724 2937 τὰ

2192 2964 2370 3018 οἰκεῖα
2398 2966 2576 3038 βρέφη
2630 2973 2769 3041 προς
2800 2975 2921 3039 ταῖς
2962 2976 3193 3041 εἰσόδοις
3235 2978 3346 3034 τῶν
3397 2978 3550 3047 ἱερῶν
3604 2976 3726 3042 λόγος

2192 3055 2447 3122 πολλάκις
2504 3061 2596 3114 ἐπὶ
2623 3063 2726 3132 τῆς
2757 3065 2911 3136 ἱερᾶς
2945 3068 3169 3123 συνόδου
3222 3070 3411 3138 γέγονε
3435 3087 3447 3102 ·
3497 3068 3583 3121 καὶ
3616 3068 3720 3138 ᾕρε-

2193 3166 2284 3203 σεν
2332 3150 2411 3215 ὡς
2469 3157 2796 3227 φονευτρίας
2817 3160 3023 3224 ταύτας
3065 3161 3414 3228 κολάζεσθαι,
3455 3162 3551 3217 κᾶν
3577 3161 3727 3234 ἕτερος

2117 3221 2161 3281 c
2195 3221 2490 3312 ἀνέληται,
2518 3246 2610 3300 καὶ
2643 3221 3123 3320 ἐπιμελησάμενος
3153 3221 3499 3326 ζωογονησῃ.

2871 3345 3091 3399 Νόμος.

2871 3361 2957 3398 uo
3003 3361 3035 3397 ο
3075 3385 3091 3399 .

2259 3427 2482 3483 Φονεῠει
2508 3431 2569 3484 τὸ
2617 3361 3072 3505 τικτόμενονμοὲ
3100 3438 3269 3507 μόνον
3303 3441 3333 3494 ὁ
3361 3438 3576 3509 πνίγων,
3611 3438 3721 3491 ἀλλά

507 3513 671 3570 etiam
717 3518 815 3588 qui
871 3520 1078 3590 abiicit,
1111 3534 1165 3579 et
1204 3542 1314 3580 non
1364 3528 1567 3592 nutrit;
1602 3542 1657 3586 et
1701 3534 1794 3602 qui
1843 3534 1900 3588 in
1955 3535 2088 3593 locis

2193 3521 2284 3573 καὶ
2307 3522 2339 3575 ό
2379 3522 2611 3593 ῥίπτων,
2643 3525 2741 3581 καὶ
2769 3528 2798 3580 ό
2830 3529 2907 3599 μὴ
2935 3530 3180 3602 τρέφων,
3226 3533 3325 3587 καὶ
3353 3535 3382 3587 ὁ
3408 3535 3463 3586 ὲν
3487 3531 3725 3602 δημοσίοις

508 3606 746 3674 publicis
773 3614 998 3680 exponit
1028 3617 1095 3672 ad
1148 3618 1582 3676 misericordiam
1615 3639 1779 3693 quam
1827 3627 1945 3697 ipse
1975 3644 2084 3685 non

512 3697 698 3755 habet.

662 3815 819 3872 CAP.
852 3818 1022 3874 XXX.
1060 3821 1136 3876 De
1175 3823 1242 3877 iis
1270 3824 1361 3895 qui
1388 3827 1617 3898 virgines
1646 3841 1920 3887 stuurant.

578 3968 767 4026 Canon
798 3973 868 4028 67
892 3987 1072 4031 sanet.
1116 3988 1294 4049 apost.
1324 3998 1340 4036 :
1373 3981 1508 4038 Eum
1537 3987 1632 4055 qui
1661 3987 1926 4059 virginem
1974 4005 2083 4046 non

507 4060 833 4153 desponsam
892 4076 1128 4137 stuprat,
1190 4075 1470 4145 segregari
1521 4077 1677 4147 jubet
1726 4082 2080 4153 (desponsam

506 4151 651 4205 enim
678 4154 772 4223 qui
800 4163 1035 4226 stuprat,
1061 4160 1184 4229 quis
1209 4163 1355 4220 dicet
1377 4181 1501 4220 eum
1540 4185 1647 4224 non
1683 4151 1743 4226 ut
1769 4151 2081 4230 adulterum

508 4242 840 4308 puniendqu
872 4261 996 4303 esse
1013 4248 1055 4318 ἵ)
1080 4265 1315 4322 eamque
1338 4256 1558 4324 habere,
1591 4268 1647 4314 et
1681 4277 1789 4317 non
1819 4264 2080 4332 ahjieere,

505 4337 760 4400 quamv's
800 4340 1150 4408 pauperrima
1174 4343 1247 4399 sit
1282 4356 1335 4400 et
1374 4349 1522 4406 illius
1557 4367 1756 4421 genere
1797 4354 2040 4425 indigna.

1152 4541 1268 4613 33
1307 4543 1435 4601 Lex.

577 4626 719 4681 Dicit
741 4627 887 4684 enim
918 4631 1025 4695 lex,
1052 4649 1176 4689 eum
1218 4638 1329 4706 qui
1345 4654 1467 4692 cum
1498 4643 1813 4698 continente
1848 4648 2080 4703 muliere

504 4732 618 4772 rem
653 4721 836 4785 habet,
869 4724 989 4796 cogi
1014 4737 1232 4795 oportet
1280 4747 1397 4785 eam
1429 4731 1484 4786 in
1527 4736 1862 4791 matrimonii
1900 4740 2080 4794 socie-

504 4817 665 4863 tatem
692 4814 959 4882 aCripere.
1186 4858 1190 4863 -
1830 4876 1835 4879 -

571 4900 759 4958 Canou
792 4906 975 4977 igitur,
1024 4922 1085 4964 ut
1122 4913 1357 4975 videtur,
1408 4927 1633 4986 propter
1691 4920 1800 4974 vim
1851 4922 2074 4992 quidem

501 4999 779 5070 segregari
804 5014 927 5055 eum
966 5004 1061 5072 qui
1090 5006 1358 5072 peccavit,
1386 5018 1606 5078 propter
1632 5012 1861 5083 virginis
1892 5025 2074 5070 autent

500 5091 730 5145 salutem
770 5094 890 5163 cogi
921 5094 1104 5164 ipsum
1134 5095 1186 5149 ei
1216 5097 1457 5167 legitime
1496 5102 1778 5174 conjungi,
1806 5107 2071 5163 decernit.

579 5272 772 5328 Verum
804 5275 859 5329 in
913 5275 1132 5332 actione
1159 5278 1228 5333 de
1263 5280 1311 5334 ri
1368 5280 1539 5352 legem
1589 5283 1662 5337 ita
1698 5293 1939 5341 statuere
1966 5303 2074 5343 non

496 5372 777 5419 ostensum
811 5373 917 5418 εει.

1188 5455 1367 5528 Leges.

568 5544 709 5599 Dicit
747 5546 890 5600 enim
919 5546 1059 5614 :Qui
1092 5552 1288 5619 puellae
1312 5554 1417 5606 vim
1448 5552 1626 5620 affert,
1662 5570 1892 5625 eamque
1924 5572 2075 5613 con-

498 5647 737 5706 stuprat,
767 5655 927 5694 nares
973 5641 1022 5694 ei
1059 5642 1477 5711 absciudantur,
1506 5654 1560 5699 et
1615 5647 1831 5702 tertiam
1864 5660 2071 5719 partem

500 5747 725 5786 suarum
760 5732 1077 5788 facultatum
1113 5735 1306 5805 puellm
1354 5737 1466 5792 det.

574 5822 679 5879 Oui
724 5839 849 5878 cum
893 5826 1104 5891 virgine
1148 5828 1324 5895 puella
1376 5830 1531 5897 coiit,
1573 5832 1691 5903 ipsa
1726 5834 1945 5904 quidem
1977 5851 2071 5893 vo-

2109 4569 2157 4625 D

2186 3612 2373 3678 τόποις
2425 3615 2778 3688 ἐκτιθέμενος
2827 3622 2922 3675 ἐπὶ
2975 3624 3347 3698 ἐλεημοσύνη.
3374 3626 3438 3696 ἢν
3468 3625 3618 3689 αὐτὸς
3642 3623 3722 3675 οὐκ

2187 3707 2371 3778 ἔσχεν.

2188 3821 2441 3878 ΚΕΦΑΛ.
2475 3824 2555 3880 A'.
2602 3827 2743 3894 Περὶ
2789 3825 3245 3969 τῗνμέγυναῖκας
3276 3831 3599 3902 παρθένους
3617 3828 3727 3894 ,βια-

2868 3916 2899 3953 ο
2979 3918 3126 3959 νων.

2868 3916 3126 3959 ομενων.

2270 3984 2331 4039 ὐ
2360 3987 2473 4041 τῶν
2518 3988 2695 4057 ἁγίων
2739 3990 3057 4046 ἀποστόλων
3087 3993 3166 4060 ξζ⁹
3197 3996 3385 4051 κανὼν
3454 3998 3539 4051 τὸν
3567 3993 3725 4066 βιασά-

2187 4096 2351 4151 μενον
2401 4081 2673 4150 παρθένον
2727 4085 3106 4155 ἁμνήστευτον
3176 4088 3534 4160 ἀφορίζεσθαι
3574 4088 3726 4153 ἀξιοῖ*

2201 4174 2314 4243 (τὸν
2362 4173 2471 4243 γάρ
2515 4191 2599 4228 τοι
2631 4178 3124 4248 μεμνηστευμένην
3195 4181 3283 4243 τίς
3315 4181 3526 4249 ἀντερεῖ
3543 4179 3611 4250 μὴ
3630 4178 3725 4249 οὐχὶ

2185 4266 2283 4318 καὶ
2315 4265 2393 4328 ὡς
2440 4267 2627 4335 μοιχὸν
2679 4269 3043 4338 τιμωρεῖσθαι
3087 4269 3198 4322 δεῖν
3224 4272 3267 4341 ;)
3307 4270 3453 4341 ἔχειν
3476 4271 3531 4324 δὲ
3551 4269 3727 4339 ταύτην

2185 4357 2280 4411 καὶ
2333 4356 2409 4427 μὴ
2450 4357 2775 4424 ἐκϐάλλειν,
2822 4346 2879 4413 »εί
2927 4361 3021 4414 καὶ
3075 4360 3187 4414 τῶν
3243 4363 3582 4415 πενεστάτων
3616 4355 3726 4414 οὖσα

2183 4448 2467 4518 τυγχάνει,
2489 4448 2594 4505 καὶ
2623 4449 2702 4520 τῷ
2732 4451 2949 4505 ἐκείνου
2984 4452 3059 4522 μὴ
3090 4455 3448 4524 προσήκουσα
3475 4452 3633 4522 γένει.

2868 4546 3077 4612 Νόμοι.

2251 4633 2393 4704 Φησὶ
2448 4635 2558 4704 γὰρ
2606 4636 2639 4688 ό.
2660 4636 2824 4705 νόμος
2849 4651 2863 4667 ’
2916 4637 3023 4692 Τὸν
3055 4637 3194 4705 μετὰ
3233 4637 3509 4709 σώφρονος
3549 4636 3724 4693 παλλα-

2181 4725 2480 4795 κευόμενον
2526 4728 2812 4794 γυναικὸς,
2845 4728 3263 4796 ἀναγκάζεσθαι
3307 4731 3389 4784 δεῖ
3417 4731 3510 4785 καὶ
3535 4733 3613 4792 είς
3639 4727 3721 4795 γά·

2184 4834 2287 4888 μου
2330 4818 2626 4871 κοινωνίαν
2656 4819 2955 4889 λαμϐάνειν
2992 4821 3187 4889 αὐτὴν.

2263 4911 2355 4974 Ὠς
2409 4911 2557 4964 ἔοικε
2610 4912 2791 4966 τοίνυν
2833 4914 2927 4966 καὶ
2976 4914 3005 4966 ό
3061 4917 3256 4971 κανὼν
3324 4920 3463 4988 ὑπὲρ
3511 4918 3601 4988 μὲν
3644 4913 3720 4978 τῆς

2183 5002 2305 5072 βίας
2358 5002 2718 5073 ἀφορίζεσθαι
2780 5005 2869 5058 τὸν
2934 5006 3418 5080 πλημμελήσαντα
3455 5009 3719 5064 ἐπιτάττει.

2177 5098 2265 5152 διὰ
2304 5098 2362 5150 δέ
2410 5115 2474 5165 γε
2529 5101 2629 5167 τῆς
2666 5099 2944 5167 παρθένου
2978 5101 3077 5172 τὴν
3113 5104 3395 5174 σωτηρίαν
3453 5100 3720 5171 ἀναγκάζε-

2181 5190 2304 5243 σθαι
2329 5188 2425 5241 καὶ
2452 5189 2701 5259 νομίμως
2728 5190 2865 5260 αὐτῇ
2897 5193 3259 5263 συναφθῆναι.

2249 5282 2324 5334 Οὐ
2372 5280 2480 5350 μὴν
2523 5283 2668 5350 ὲνέεῇ
2707 5282 2838 5351 περὶ
2872 5282 2996 5353 βίας
3035 5286 3231 5358 ἀγωγῇ
3293 5286 3440 5342 οὕτω
3472 5286 3720 5349 θεσπίζειν

2060 5394 2065 5400 ·
2177 5378 2206 5429 ὁ
2232 5375 2396 5446 νόμος
2432 5375 2733 5431 δείκνυται.

2854 5472 3064 5541 Νόμοι.

2248 5564 2390 5633 Φησὶ
2455 5564 2605 5631 γάρ·
2653 5563 2715 5619 Ὀ
2768 5564 3098 5635 βιασάμενος
3152 5566 3327 5634 κόρην
3390 5565 3481 5619 καὶ
3514 5559 3717 5660 ’φθεῖρας

2177 5653 2348 5723 αὐτὴν
2378 5653 2775 5723 ῥινοκοπείσθω
2803 5697 2818 5721 ,
2850 5655 3033 5718 διδοὺς
3060 5657 3197 5727 αὐτῇ
3227 5656 3327 5708 καὶ
3354 5658 3415 5710 τὸ
3438 5655 3609 5726 τρίτον
3641 5653 3717 5715 τῆς

2178 5744 2532 5809 ὑποστάσεως
2562 5747 2757 5802 αὐτοῦ.

2261 5839 2319 5893 .0
2347 5840 2600 5912 παρθένῳ
2630 5841 2768 5914 κόρῃ
2800 5845 3128 5918 μιγνύμενος
3180 5845 3397 5918 ἐκείνης
3428 5843 3525 5915 μὲν
3551 5849 3713 5907 προσι-
