3992 6466
290 391 438 456 1213

1255 358 1669 462 SleTAGMA
1696 399 2327 465 ALPHABETICUM.
2368 428 2436 440 —
2460 399 2520 455 Δ.

3442 403 3583 470 ῙΞΜ

2800 462 2851 492 \

289 509 473 578 ρόσει,
527 507 875 576 ἀγνοούντων
923 510 982 567 δὲ
1031 510 1145 566 τῶν
1177 508 1411 582 γονέων,
1466 516 1570 587 τῆς
1629 516 1875 586 πράξεως

1999 519 2170 586 lente,
2204 521 2545 592 'parentibus
2588 528 2774 577 autem
2827 518 3235 591 ignorantibus.
3281 529 3578 592 postquam

282 601 842 674 διαγινωσκομένης,
891 606 943 658 εί
980 603 1083 675 μὲν
1133 605 1280 662 θέλει
1332 607 1521 663 λαδεῐν
1578 609 1751 680 αὐτὴν
1807 612 1875 675 είς

1991 628 2083 669 res
2117 614 2334 684 cognita
2362 614 2553 679 fuerit,
2592 614 2639 668 si
2678 628 2798 669 eam
2829 614 3055 685 quidem
3090 615 3147 669 in
3175 630 3404 671 uxorem
3436 616 3583 671 acci-

282 694 555 760 γυναίκα,
571 694 685 769 λιταὶ
716 696 1034 751 συναινοῠσι
1065 699 1165 752 καὶ
1207 700 1256 754 oi
1308 703 1513 769 γονεῖς,
1556 702 1795 768 γινέσθω
1825 704 1888 756 τὸ

284 785 677 857 συνάλλαγμα.
725 789 793 843 El
840 790 900 844 δὲ
951 791 1048 847 τοῦ
1095 792 1217 857 ἑνὸς
1259 793 1575 864 ’προσώπου
1616 796 1670 849 οἱ
1704 800 1886 866 γονεῖς

279 880 452 936 τοῦτο
483 880 547 934 οὐ
577 882 999 952 καταδέχονται,
1031 886 1083 939 εί
1118 886 1222 957 μὲν
1253 885 1490 960 εῦπορός
1522 890 1675 945 ἐστιν
1696 893 1723 945 ὁ
1749 890 1882 960 φθο-

285 973 548 1045 ρεὺςντῇ
585 975 867 1050 φθαρείσῃ
912 976 1055 1050 κόρῃ
1104 978 1296 1033 διδότω
1332 979 1525 1051 λίτραν
1574 982 1709 1051 μίαν
1744 1001 1883 1054 χρυ-

283 1063 436 1119 σίουο
468 1067 520 1118 εί
548 1064 608 1119 δὲ
637 1065 849 1136 ἐνδεὴς,
873 1067 935 1121 τὸ
963 1069 1139 1138 ἥμισυ
1169 1072 1271 1141 τῆς
1296 1069 1652 1135 ὑποστάσεως
1686 1071 1877 1126 αὑτοῦ·

281 1158 338 1221 εί
372 1157 431 1211 δὲ
462 1157 747 1223 παντελῶς
791 1160 1021 1232 ἄπορος.
1054 1162 1398 1234 τυπτόμενος
1427 1165 1522 1219 καὶ
1552 1166 1883 1237 κουρευόμε-

284 1266 383 1314 νος
415 1250 770 1321 ὲξοριζέσθω.

369 1340 435 1398 Ὀ
462 1342 777 1415 ὡρισμένος
834 1347 915 1411 είς
952 1349 1290 1422 κατηγορίαν
1338 1350 1443 1417 τῆς
1477 1354 1727 1422 μοιχείας
1753 1352 1880 1423 χρό-

281 1451 378 1499 νος
407 1436 509 1507 τῆς
536 1439 868 1502 πενταετίας
894 1454 901 1459 '
931 1441 1034 1494 οὐκ
1077 1441 1192 1514 ἔχει
1246 1443 1435 1514 χώραν
1478 1445 1574 1499 ἐπὶ
1602 1445 1704 1514 τῆς
1734 1446 1877 1500 κατά

285 1526 411 1597 βίαν
441 1528 751 1601 γενομένης
801 1531 1032 1602 φθορᾶς,
1065 1535 1538 1605 ἀπροσδιορίστως
1567 1535 1678 1608 γὰρ
1706 1538 1877 1591 κινεῖ-

281 1636 402 1687 ται,
437 1620 627 1690 ἐπειδὴ
658 1624 757 1677 καὶ
783 1622 1022 1698 δημοσία
1056 1627 1089 1698 ἢ
1137 1626 1229 1698 βία
1263 1628 1700 1699 πλημμελεῖται.

610 1712 873 1771 ΚΕΦΔΛ.
907 1715 1036 1770 AA'.
1068 1716 1216 1784 Περὶ
1251 1720 1557 1788 γοητείας.

359 1803 526 1875 Ζήτει
552 1802 614 1856 τὸ
644 1810 694 1858 α’
733 1805 1031 1875 κεφάλαιον
1055 1806 1153 1861 τοῦ
1192 1809 1249 1867 Μ
1294 1810 1589 1880 στοιχείου.

643 1918 834 1989 ΑΡΧΗ
869 1923 1009 1983 ΤΟΥ
1041 1926 1080 1980 Δ
1124 1925 1523 1982 Στοιχειυν.

288 2015 551 2080 ΚΕΦΑΛ.
590 2016 673 2073 A'.
701 2021 847 2089 Περὶ
881 2019 1304 2095 δαιμονῴντων
1335 2023 1374 2094 ἢ
1416 2023 1711 2095 δαιμονᾶν
1735 2027 1883 2082 ὐπο-

891 2092 1289 2171 κρινομένων.

369 2179 436 2234 ’0
463 2177 542 2234 οϐ’
572 2179 682 2235 τῶν
719 2179 893 2249 ἁγίων
945 2183 1264 2238 ἀποστόλων
1319 2184 1503 2241 κανὼν
1572 2186 1666 2243 τδν
1695 2189 1884 2260 δαιμο-

293 2269 479 2327 νῶντα
540 2273 683 2344 μήτε
711 2273 977 2345 κληρικδν
1004 2276 1288 2333 ἐπιτάττει
1315 2278 1589 2348 γίνεσθαι,
1635 2283 1764 2353 μήτ’
1789 2285 1882 2337 εὑ-

289 2364 396 2435 χῆς
415 2365 531 2428 τοϊς
558 2368 776 2430 πιστοῖς
805 2370 1107 2422 κοινωνεῖν·
1134 2369 1563 2442 ἀπαλλαχθέντα
1585 2373 1645 2426 δὲ
1676 2373 1881 2438 τελέως

290 2457 388 2512 τοῦ
418 2456 699 2527 δαίμονος,
735 2458 834 2513 καὶ
868 2460 952 2522 είς
981 2459 1188 2531 κλῆρον
1218 2462 1565 2531 προϐαίνειν,
1605 2464 1660 2518 εί
1684 2482 1749 2536 γε
1782 2468 1881 2521 καὶ

290 2547 363 2602 τὰ
380 2547 476 2602 τοῦ
518 2547 635 2618 βίου
667 2548 960 2620 συμϐαίνει
989 2551 1070 2623 τῷ
1103 2552 1401 2623 ἀξιώματι·
1432 2556 1556 2609 ἐπεί
1580 2573 1664 2611 τοι
1693 2574 1756 2626 γε
1789 2561 1881 2613 τδν

291 2639 360 2691 ἐκ
415 2636 835 2708 διαλειμμάτων
928 2640 1189 2697 νοσοῦντα
1263 2646 1743 2719 συγκαταλεγῆναι
1801 2651 1880 2722 τῷ

293 2729 488 2802 κλήρῳ
506 2729 609 2803 οὐχ
637 2732 807 2794 ὅσιον,
843 2733 930 2787 ἵνα
961 2735 1037 2804 μὴ
1089 2734 1166 2807 τῷ
1201 2736 1382 2809 καιρῷ
1422 2740 1523 2810 τῆς
1557 2741 1758 2810 μανίας
1787 2745 1883 2797 αὐ-

285 2822 386 2877 τοῦ
414 2827 515 2880 καὶ
567 2824 638 2880 τά
675 2827 775 2896 τῆς
809 2826 1114 2896 ἱερωσύνης
1145 2828 1470 2901 ὑδρίζηται,
1514 2834 1613 2888 καὶ
1645 2834 1706 2888 τὸ
1732 2835 1879 2891 θεῖον

283 2916 531 2988 ἀτεχνῶς
561 2916 977 2995 βλασφημῆται,
1007 2920 1133 2985 Πῶς
1165 2921 1276 2992 γὰρ
1309 2916 1424 2977 οἷόν
1459 2941 1517 2977 τε
1542 2926 1604 2979 τὸ
1632 2927 1878 3001 καθαρὸν

284 3007 388 3077 τῆς
417 3007 724 3080 ίερωσύνης
748 3009 861 3080 φῶς
886 3010 1035 3083 ψυχῇ
1069 3013 1461 3085 πιστευθῆναι,
1492 3016 1556 3071 τὸ
1587 3019 1877 3088 ἐξάγιστον

284 3100 710 3175 εἰσοικισαμένη
751 3101 855 3173 τῆς
899 3104 1149 3175 πονηρᾶς
1197 3105 1487 3179 δυνάμεως
1534 3111 1732 3178 σκότος
1788 3114 1878 3170 διὰ

1989 720 2124 776 pere
2149 706 2406 771 voluerit,
2458 712 2513 762 et
2561 696 2816 777 parentes
2867 705 3247 768 consentiant.
3298 706 3391 762 liat
3443 721 3582 761 con-

1991 809 2223 856 tractus.
2265 800 2423 867 Quod
2461 801 2508 854 si
2541 801 2770 856 alterius
2807 815 3062 871 personae
3087 810 3346 870 parentes
3380 801 3432 855 id
3466 815 3577 853 non

1984 892 2240 963 probent,
2275 893 2320 948 si
2352 892 2507 947 dives
2558 893 2631 947 sit
2669 901 2973 961 stuprator,
3022 890 3240 946 violata
3268 891 3461 958 puellae
3487 889 3581 944 det

1986 1001 2150 1040 unam
2206 986 2327 1040 auri
2383 985 2600 1050 libram,
2651 986 2735 1041 sin
2790 994 2975 1040 autem
3037 985 3303 1054 egentior,
3350 998 3578 1039 suarum

1984 1078 2314 1133 facultatum
2363 1077 2687 1135 dimidium:
2724 1092 2918 1131 verum
2956 1077 3003 1131 si
3044 1077 3102 1132 in
3149 1085 3397 1145 extrema
3444 1090 3581 1145 pau-

1981 1180 2193 1243 pertate
2222 1169 2315 1237 sit,
2349 1170 2677 1225 verberatus
2702 1178 2755 1226 et
2782 1179 2980 1227 tonsus
3009 1138 3432 1225 exterminettir.

2054 1351 2433 1423 Quinquennii
2469 1360 2685 1419 tempus
2727 1348 3115 1405 fornicationis
3147 1347 3369 1402 crimini
3402 1350 3580 1417 praeli-
3684 1373 3694 1381 -

1981 1445 2181 1509 nitum,
2213 1446 2401 1498 locum
2436 1456 2547 1496 non
2580 1440 2744 1495 habet
2788 1438 2844 1493 in
2881 1447 3077 1508 stupro
3112 1453 3209 1508 per
3235 1439 3345 1492 vim
3393 1437 3574 1505 facto;

1979 1535 2267 1593 indeﬁnite
2317 1534 2466 1589 enim
2516 1540 2794 1595 movetur,
2844 1530 3069 1602 quando
3115 1531 3202 1585 vel
3242 1529 3460 1601 publice
3491 1535 3576 1588 vel

1980 1645 2074 1701 per
2111 1629 2222 1684 vim
2249 1635 2529 1698 peccatur.

2361 1719 2513 1776 CAP.
2549 1716 2743 1772 XXXI.
2781 1715 2857 1772 De
2890 1714 3196 1784 maleﬁciis.

2056 1817 2250 1883 Quaere
2286 1823 2454 1884 caput
2485 1813 2512 1866 1
2553 1812 2751 1868 littera:
2795 1809 2871 1864 li.

2340 1929 2456 2000 s9
2483 1923 2758 1982 mrmn
2796 1923 3123 1979 umnam
3154 1925 3211 1977 A.

1986 2022 2141 2080 CAP.
2174 2023 2214 2077 1.
2254 2022 2326 2077 De
2357 2022 2426 2075 iis
2465 2020 2556 2090 qui
2608 2036 2642 2073 a
2684 2017 2924 2072 dmmone
2964 2016 3348 2090 corripiuntur,
3393 2023 3440 2068 et
3485 2015 3575 2085 qui

2199 2099 2256 2148 te
2305 2109 2338 2147 a
2380 2087 2617 2146 daemone
2647 2096 2914 2157 correptos
2941 2103 3052 2141 esse
3076 2087 3357 2141 simulant.

2055 2183 2241 2239 Canon
2304 2192 2621 2236 sanctorum
2684 2177 3059 2249 apostolorum
3124 2176 3211 2244 79,
3272 2190 3399 2231 eum
3478 2175 3572 2245 qui

1984 2274 2288 2333 daemdnem
2322 2276 2509 2338 habet,
2543 2287 2717 2341 neque
2749 2271 3011 2326 clericum
3052 2270 3193 2336 ﬁeri,
3229 2283 3405 2339 neque
3447 2283 3572 2323 cum

1986 2371 2238 2426 ﬁdelibus
2311 2382 2418 2421 una
2468 2365 2682 2437 precari
2736 2364 2929 2436 jubet;
2985 2378 3015 2418 a
3079 2362 3329 2417 daemone
3386 2369 3571 2414 autem

1984 2463 2214 2519 omnino
2258 2460 2549 2515 liberatum
2591 2459 2757 2513 etiam
2803 2457 2870 2512 ad
2916 2455 3183 2510 clericum
3221 2453 3476 2523 provehi,
3524 2453 3569 2506 si

1984 2555 2147 2610 modo
2179 2554 2289 2607 vita
2329 2552 2450 2622 ejus
2493 2549 2747 2621 dignitati
2788 2545 3124 2604 conveniat:
3159 2542 3365 2614 quippe
3418 2540 3571 2598 nefas

1981 2661 2086 2711 est.
2137 2656 2198 2705 ut
2239 2648 2333 2717 qui
2381 2661 2478 2718 per
2524 2642 2764 2700 dilucida
2807 2638 3093 2697 intervalla
3143 2638 3368 2703 insanit,
3423 2638 3574 2692 clero

1983 2747 2416 2805 adnumeretur,
2486 2754 2555 2794 ne
2620 2736 2825 2792 furoris
2885 2727 3136 2803 tempore
3199 2732 3570 2787 sacerdotium

1981 2834 2314 2892 contumelia
2338 2831 2623 2895 adiciatur,
2646 2839 2700 2883 et
2721 2825 2933 2881 Numen
2952 2824 3111 2895 plane
3133 2823 3568 2891 blasphemetur.

1981 2928 2273 2997 Quomodo
2293 2926 2439 2981 enim
2465 2939 2600 2988 pura
2626 2920 2918 2978 sacerdotii
2944 2919 3038 2973 lux
3062 2917 3274 2972 homini
3293 2915 3568 2981 credetur,

1983 3022 2035 3076 in
2075 3035 2188 3090 quo
2219 3017 2378 3073 mala:
2416 3013 2704 3085 potestatis
2734 3011 2978 3067 tenebrae
3049 3008 3277 3077 impurae
3323 3006 3573 3061 habitant

1978 3123 2201 3186 propter
2231 3110 2353 3182 ejus
2383 3108 2449 3163 ad
2470 3107 2677 3162 malum
2705 3104 3117 3159 inclinationem
3143 3103 3167 3156 ?
3197 3100 3384 3172 Neque
3417 3099 3566 3155 enim

281 3192 389 3262 τὴν
418 3194 556 3266 πρὸς
590 3195 662 3250 τὰ
701 3195 884 3266 φαῦλα
926 3199 1144 3270 parum;
1177 3202 1276 3255 καὶ
1311 3204 1515 3276 σαπρῷ
1548 3206 1658 3278 γὰρ
1683 3207 1862 3279 δήπου

1987 3208 2292 3282 quisquam,
2337 3200 2433 3270 qui
2462 3198 2631 3267 sapit,
2676 3195 2826 3266 putri
2874 3193 2995 3249 vasi
3027 3200 3370 3262 unguentum
3420 3205 3571 3245 com-

282 3286 482 3357 δοχείῳ
546 3287 723 3359 μύρον
777 3289 888 3343 οὐδ’
920 3290 986 3345 ἂν
1025 3286 1108 3355 εἷς
1151 3294 1277 3347 νοῦν
1312 3293 1454 3366 ἔχων
1498 3300 1871 3357 πιστεύσειεν.

294 3379 365 3433 Ἥ
404 3380 518 3452 γάρ
547 3380 818 3453 ἐλευθέρα
854 3383 967 3438 τῶν
995 3384 1335 3458 ἀκαθάρτων
1368 3388 1562 3444 παθῶν
1592 3391 1744 3464 ψυχὴ
1775 3396 1872 3449 καὶ

280 3475 352 3546 τῇ
398 3477 687 3548 ἁγιωσύνῃ
719 3475 835 3531 τῶν
880 3478 1112 3545 ἀγαθῶν
1158 3481 1438 3554 χαίρουσα
1472 3484 1751 3554 πράξεων,
1780 3506 1874 3558 φο.

285 3563 428 3636 σερά
474 3566 544 3637 τῇ
593 3567 812 3638 πονηρᾷ
863 3565 975 3622 τῶν
1020 3568 1299 3640 δαιμόνων
1355 3567 1499 3627 εἶναι
1550 3576 1872 3632 πιστεύεται

286 3658 562 3728 φάλαγγι.
591 3658 798 3722 Ἄλλως
837 3675 902 3713 τα
952 3662 1049 3717 καὶ
1101 3661 1367 3735 λογισμοῦ
1401 3666 1497 3721 καὶ
1554 3669 1874 3741 φρονήσεως

280 3751 495 3822 ἕρημος
518 3748 597 3803 ὢν
623 3751 652 3803 ὁ
684 3750 985 3822 δαιμονῶν,
1031 3755 1125 3808 καὶ
1156 3756 1340 3824 φαῦλά
1368 3775 1489 3812 τινα
1530 3761 1626 3813 καὶ
1656 3761 1873 3831 ἄσεμνα

281 3844 781 3915 διαπραττόμενος,
818 3847 912 3899 καὶ
955 3847 1339 3918 δαιμονιώδεις
1385 3853 1574 3919 φωνὰς
1603 3856 1766 3924 προῖέ
1780 3872 1873 3925 με·

283 3951 399 3998 νος,
430 3935 524 3988 τὸν
544 3934 673 3990 λαὸν
704 3937 1127 4008 συνταράττειν,
1156 3940 1253 3994 καὶ
1284 3942 1386 4014 τὴν
1412 3942 1473 3996 ἐν
1491 3943 1571 4016 τῷ
1596 3946 1706 4017 νεῷ
1734 3944 1875 4016 ψαλ-

287 4025 499 4098 μῳδίαν
522 4027 803 4099 ’ἀχρειοῢν
836 4027 1089 4099 ἔμελλεν.

374 4114 436 4169 '0
479 4115 537 4169 δὲ
583 4113 634 4185 γ’
665 4115 763 4170 τοῦ
798 4115 1073 4186 Τιμοθέου
1113 4119 1530 4195 Ἀλεξανδρείας
1579 4124 1672 4179 τὸν
1701 4126 1777 4197 μὴ
1804 4127 1875 4181 δι’

283 4205 437 4273 ὅλου,
469 4206 591 4260 ἀλλ’
646 4208 714 4260 ἐκ
742 4207 1149 4276 διαλείμματος
1210 4214 1311 4281 τὴν
1362 4217 1564 4285 μανίαν
1589 4218 1871 4287 νοσοῦντα,

288 4299 741 4409 μεταλαμϐάνειν
772 4303 968 4372 ἐφίησι
1001 4303 1110 4357 τῶν
1158 4303 1544 4377 ἁγιασμάτων,
1597 4309 1782 4382 είπερ,
1813 4313 1872 4367 ὲν

282 4391 334 4459 ᾧ
375 4391 677 4461 σωφρονῶν
730 4391 931 4464 ὁρᾶται
980 4394 1184 4466 καιρῷ,
1241 4397 1318 4467 μὴ
1347 4395 1585 4473 διασύρῃ
1614 4399 1686 4453 τὰ
1727 4400 1869 4466 θεία,

285 4484 386 4537 καὶ
426 4483 727 4557 βλασφημῇ
768 4489 830 4538 τὸ
889 4489 1216 4557 μυστήριον,
1278 4488 1417 4561 μηδὲ
1470 4485 1610 4546 κατὰ
1653 4493 1759 4565 τῆς
1783 4495 1875 4548 πίη-

1977 3299 2182 3356 mittet.
2217 3290 2434 3348 Etenim
2481 3288 2691 3351 anima,
2719 3300 2843 3359 quae
2899 3285 2970 3339 ab
3002 3283 3236 3359 impuris
3282 3283 3569 3351 perturba-

1974 3389 2222 3447 tionibus
2247 3384 2535 3445 liberatur,
2569 3391 2625 3435 et
2651 3380 2707 3433 in
2734 3379 3021 3433 honestate
3053 3379 3320 3431 bonorum
3344 3388 3568 3442 operam

1973 3481 2237 3545 exsultat,
2288 3476 2556 3546 improha
2591 3473 2906 3529 daemonum
2964 3468 3219 3541 phalangi
3275 3465 3566 3522 metuenda

1973 3588 2097 3630 esse
2149 3568 2412 3626 creditur.
2478 3566 2625 3632 Quin
2682 3573 2739 3619 et
2792 3560 3207 3626 daemoniacus,
3290 3557 3563 3627 siquidem

1974 3666 2196 3721 ratione
2262 3670 2317 3717 et
2373 3660 2659 3715 intellectu
2726 3657 3002 3727 privatur,
3066 3653 3207 3705 mala
3270 3651 3453 3720 aliqua
3512 3657 3568 3703 et

1974 3758 2270 3814 inhonesta
2317 3761 2662 3824 perpetrans,
2705 3758 2761 3804 et
2791 3762 2955 3803 voces
2986 3745 3360 3800 daemoniacas
3402 3741 3567 3797 emit-

1977 3843 2430 3916 tens,'populnm
2468 3839 2844 3906 conturbabit,
2893 3844 2948 3892 et
2985 3836 3232 3891 divinum
3268 3834 3324 3893 in
3358 3832 3567 3904 templo

1974 3939 2220 3996 cilicium
2250 3934 2529 4006 impediet.

2046 4118 2269 4175 Tertius
2349 4125 2532 4172 autem
2596 4111 2877 4168 Timothei
2938 4107 3299 4165 Alexandrini
3362 4122 3564 4171 canon,

1973 4227 2100 4268 eum
2135 4210 2230 4282 qui
2274 4223 2384 4264 non
2434 4213 2729 4278 perpetuo,
2750 4203 2845 4259 sed
2887 4218 2985 4274 per
3015 4201 3304 4257 intervalla
3350 4199 3566 4256 insania

1975 4305 2209 4369 laborat,
2262 4308 2736 4359 sacramentorum
2787 4296 3113 4367 participem
3160 4309 3282 4350 esse
3331 4291 3486 4356 sinit,
3516 4290 3566 4346 si

1974 4413 2040 4452 eo
2066 4405 2331 4465 tempore,
2360 4409 2473 4465 quo
2500 4407 2649 4448 sane
2679 4390 2881 4446 mentis
2905 4404 3030 4446 esse
3057 4389 3290 4452 videtur,
3327 4387 3382 4441 in
3408 4400 3568 4441 sacra

1978 4504 2087 4543 non
2144 4487 2443 4551 invehitur,
2496 4499 2597 4540 nec
2646 4483 2972 4553 mysterium
3034 4480 3404 4551 blasphemat,
3466 4492 3569 4532 nec

286 4591 464 4640 στεως
501 4576 836 4646 φθέγγηται·
872 4572 963 4632 οἶα
991 4578 1091 4632 καὶ
1117 4581 1146 4633 ὁ
1188 4579 1393 4646 Ἰούδας
1420 4581 1672 4652 ἔδρασεν,
1704 4587 1874 4640 ἑκκα-

1987 4589 2171 4637 contra
2202 4579 2364 4635 ﬁdem
2397 4578 2681 4650 loquitur;
2706 4573 3176 4649 quemadmodum
3209 4573 3343 4635 fecit
3368 4570 3566 4635 ludas,

285 4669 465 4740 λύψας
499 4668 537 4725 ἃ
563 4670 819 4742 ἑδιδάχθη
846 4672 962 4733 τοῖς
993 4672 1291 4742 Ἰουδαίοις,
1315 4675 1391 4740 ὡς
1417 4679 1532 4740 τοίς
1563 4680 1874 4750 γινομένοις

1987 4675 2095 4742 qui,
2145 4687 2264 4741 qua
2308 4687 2339 4726 a
2387 4668 2625 4726 Domino
2675 4671 2873 4725 doctus
2905 4677 3012 4735 est,
3046 4666 3251 4722 Judteis
3285 4664 3567 4729 revelavit,

285 4761 619 4831 διαπιστῶν,
671 4763 768 4817 καὶ
818 4763 898 4832 τῷ
946 4764 1258 4838 διδασκάλῳ
1302 4766 1380 4832 ὡς
1429 4768 1709 4842 ἀνθρώπῳ
1732 4771 1875 4845 ψιλῷ

1987 4767 2049 4822 iis
2074 4781 2203 4835 quae
2233 4763 2377 4821 facta
2404 4774 2582 4831 erant,
2627 4765 2789 4820 tidem
2842 4778 2956 4818 non
3006 4761 3167 4825 dans,
3207 4768 3263 4815 et
3299 4758 3567 4829 magistro

285 4857 597 4929 προσέχων,
637 4858 733 4911 καὶ
758 4856 819 4910 ού
850 4856 991 4929 Θεῷ.

370 5036 430 5091 Ὀ
482 5036 542 5089 δδ
593 5035 676 5100 ιδθ,
719 5034 789 5091 Ei
818 5053 926 5103 τις,
969 5038 1127 5110 φησὶ,
1182 5040 1260 5112 μὴ
1317 5040 1449 5109 ὑγιᾶ
1486 5044 1579 5097 τὸν
1612 5044 1874 5115 λογισμὸν

281 5130 363 5194 ὡς
415 5129 637 5201 ἀληθῶς
669 5129 1039 5200 κεκημᾶνος,
1091 5131 1285 5185 ἑαυτὸν
1330 5133 1724 5206 διεχειρίσατο,
1777 5139 1872 5192 καὶ

281 5226 389 5291 τῆς
432 5223 575 5293 ὑπὲρ
611 5221 780 5275 αὐτοῦ
832 5225 1184 5294 προσφορᾶς,
1219 5228 1318 5278 καὶ
1361 5227 1463 5298 τῆς
1493 5229 1753 5294 εἰωθυίας
1780 5232 1872 5286 εύ-

282 5318 389 5388 χῆς
413 5316 707 5382 άξιούσθω·
748 5315 1040 5384 στέρεσθαι
1074 5316 1185 5388 γὰρ
1216 5321 1311 5379 καὶ
1341 5320 1441 5386 τῆς
1469 5325 1870 5399 νενομισμένης

286 5409 444 5472 ὁσίας
470 5408 565 5461 τόν
594 5424 660 5477 γε
692 5407 942 5462 τοιοῦτον
964 5410 1028 5464 ού
1064 5410 1197 5482 χρὴ.

371 5500 432 5554 '0
478 5499 537 5554 δὲ
572 5500 614 5567 ξε
642 5499 743 5571 τῆς
789 5506 845 5566 ςζ
882 5502 1106 5555 συνόδου
1185 5503 1312 5567 τοὺς
1342 5503 1604 5578 δαιμονᾷν
1639 5509 1869 5581 ὑποκρι-

283 5594 568 5663 νομένους,
602 5593 698 5646 καὶ
729 5594 953 5663 τρόπων
986 5596 1315 5667 φαυλότητι,
1350 5598 1438 5651 διὰ
1467 5599 1527 5652 τὸ
1560 5602 1698 5672 πρὸς
1733 5604 1858 5675 κέρ-

280 5687 373 5751 δος
396 5687 553 5759 ὀρᾷν,
576 5685 648 5740 τὰ
669 5687 1023 5758 ἐκείνωνσχη
1035 5690 1461 5759 ματιζομένους,
1501 5693 1867 5763 ἐπιτιμᾶσθαι

287 5780 610 5832 παντάπασι
639 5777 861 5843 δικαιοῖ,
901 5780 1000 5833 καὶ
1040 5781 1224 5843 πόνοις
1262 5781 1692 5852 ύποὸάλλεσθαι,
1730 5786 1865 5851 οἵοις

296 5869 373 5934 ἂν
430 5869 649 5940 ἀληθῶς
698 5871 1060 5944 δαιμονῶντες
1105 5874 1464 5945 ύποϋληθεῑιν
1514 5876 1648 5949 πρὸς
1680 5877 1862 5941 ἀπαλ·

1980 4868 2164 4914 suout
2192 4859 2400 4914 nomini
2426 4858 2637 4931 vulgari
2662 4867 2718 4913 et
2743 4871 2850 4912 non
2878 4866 3140 4927 tanquam
3172 4854 3302 4917 Deo,
3329 4860 3565 4906 mentem

1979 4951 2264 5007 adhibens.
3486 4952 3491 4955 ’

2048 5044 2315 5114 Ejusdem
2354 5059 2480 5099 vero
2513 5060 2688 5099 canon
2723 5044 2790 5097 H
2820 5062 2833 5097 :
2867 5041 2925 5097 Si
2956 5041 3104 5112 quis,
3142 5038 3341 5107 inquit,
3376 5053 3565 5091 revera

1976 5152 2087 5192 non
2118 5152 2265 5192 same
2296 5136 2519 5200 mentis,
2572 5137 2679 5192 sibi
2721 5146 2951 5190 mortem
3002 5147 3099 5188 sua
3139 5147 3303 5185 manu
3352 5132 3567 5184 corusci-

1976 5230 2137 5293 verit,
2184 5229 2464 5284 oblatione
2510 5244 2612 5298 pro
2653 5243 2714 5285 se
2748 5237 2803 5282 et
2853 5227 3017 5282 solita
3063 5225 3320 5280 oratione
3367 5223 3568 5293 dignus
3672 5292 3678 5299 .

1978 5320 2283 5384 habeatur;
2324 5320 2486 5374 talem
2535 5320 2684 5373 enim
2731 5316 3015 5388 obsequiis
3063 5314 3324 5388 legitimis
3367 5313 3565 5383 privari

1975 5430 2084 5469 non
2118 5422 2354 5484 oportet.
3446 5478 3459 5485 '

2048 5507 2217 5562 Porro
2254 5506 2324 5562 60
2354 5521 2530 5561 canon
2578 5521 2701 5578 syn.
2749 5521 2826 5574 vt,
2866 5519 2964 5562 eos
2995 5503 3090 5575 qui
3142 5517 3202 5559 se
3235 5518 3265 5555 a
3317 5500 3568 5556 daemone

1974 5608 2262 5670 correptos
2311 5614 2434 5655 esse
2483 5598 2768 5664 simulant,
2821 5606 2878 5654 et
2925 5612 3141 5652 morum
3189 5593 3564 5664 improbitate,

1974 5693 2128 5748 lucro
2161 5691 2370 5748 scilicet
2404 5691 2710 5759 inhiantes,
2736 5705 2929 5746 eorum
2963 5690 3192 5760 liguram
3228 5696 3283 5742 et
3312 5685 3561 5740 habitum

1972 5782 2233 5838 simulate
2264 5798 2375 5853 pta:
2405 5796 2464 5838 se
2498 5780 2703 5847 ferunt,
2740 5781 3063 5836 omnimodo
3109 5777 3416 5851 puniendos
3441 5791 3565 5832 esse

1972 5877 2236 5945 decernit,
2289 5886 2346 5934 et
2395 5873 2666 5948 ejusmodi
2717 5874 3001 5932 laboribus
3051 5882 3106 5931 et
3169 5870 3558 5944 asperitatibus
