3992 6430
395 340 414 354 ’
510 367 652 432 telo

1702 359 2076 424 HATTH/EI
2129 355 2414 422 BLASTA
2428 355 2472 418 Β
2485 357 2557 420 fS

3587 367 3691 440 1220

501 478 776 548 egentium
830 471 1117 544 pabulum,
1173 472 1256 526 vel
1309 470 1365 525 in
1423 469 1564 526 alios
1620 470 1742 540 pios
1793 485 1929 528 usus
1979 485 2072 540 pro

2186 473 2281 524 καὶ
2312 469 2548 540 πτωχῶν
2595 467 2914 539 άποτροφὴν
2941 509 2956 534 ,
3018 470 3112 523 καὶ
3186 472 3261 536 εἰς
3309 473 3456 540 ἄλλας
3497 482 3692 548 εὐσεϐεῖς

499 567 748 622 ecclesia:
793 581 905 620 suae
939 564 1230 619 commodo
1264 562 1602 633 expendant.
1665 563 1799 628 Qua:
1839 564 1986 617 enim
2020 579 2086 617 ex

499 660 569 713 iis
594 667 716 726 post
747 661 990 726 ipsorum
1016 667 1246 710 mortem
1279 661 1578 722 supersunt
1597 691 1612 715 ,
1638 653 1894 710 ecclesia.
1918 667 2084 722 quam

501 753 782 814 tenebant,
819 750 1082 805 vindicat.
1121 747 1196 801 Ea
1239 756 1418 802 autem
1453 747 1728 802 alienandi
1758 756 2083 816 potestatem

503 846 707 898 habent
739 859 862 914 quin
903 855 1029 896 ante
1062 842 1441 910 episcopatum
1472 840 1777 910 probantur
1804 839 2086 903 habuisse,

499 951 554 992 (ιι
583 955 705 1008 quae
741 947 864 1007 post
913 939 1288 1007 episcopatum
1329 935 1399 990 ad
1431 949 1530 990 eos
1579 949 1608 986 a
1641 936 1887 1002 cognatis
1915 934 2083 987 devo-

500 1035 614 1088 luta
657 1045 806 1098 sunt,
849 1034 1051 1101 quibus
1085 1033 1154 1086 ab
1190 1033 1450 1085 intestato
1499 1045 1676 1098 usque
1715 1028 1782 1083 ad
1824 1038 2082 1094 quartum

497 1126 724 1195 gradum
775 1125 1072 1179 succedere
1122 1132 1376 1193 po~sunt.
1428 1121 1554 1176 Haec
1603 1125 1771 1176 etiam
1819 1121 2002 1176 valent
2033 1129 2088 1174 t-t

498 1218 553 1269 in
601 1216 724 1270 aliis
754 1217 1232 1285 :monasteriorum
1289 1213 1691 1267 venerabilium
1753 1213 2084 1268 rectoribus.

496 1309 650 1376 Quod
684 1310 728 1362 si
765 1310 1056 1377 episcopus
1079 1308 1163 1361 vel
1196 1308 1278 1360 cle
1295 1309 1444 1360 ricus
1475 1305 1860 1373 cuiuscunque
1882 1304 2084 1374 gradus

498 1401 618 1453 sine
652 1407 993 1452 testamento
1026 1395 1108 1450 vel
1143 1395 1402 1463 legitimis
1433 1395 1851 1450 sticccssoribus
1880 1395 2086 1448 moria-

497 1503 604 1551 tur.
651 1509 842 1547 eorum
887 1492 1165 1547 successio
1207 1489 1478 1554 ecclesiae,
1525 1488 1582 1544 in
1637 1497 1746 1558 qua
1793 1487 2082 1543 constitmi

496 1585 720 1651 fuerint,
749 1585 1045 1640 addicitur.

966 1715 1126 1790 Leges
1167 1719 1231 1774 de
1267 1729 1603 1774 testamento.

2189 564 2372 626 αίτίας
2439 562 2577 632 ὑπὲρ
2633 562 2725 615 τοῦ
2782 562 3160 632 συμφέροντος
3219 567 3313 636 τῆς
3362 570 3482 634 ἰδίας
3535 574 3692 649 ἔκκλη-

2192 655 2313 716 σίας
2334 673 2348 688 .
2381 654 2451 708 τὰ
2484 655 2597 724 γὰρ
2637 654 2776 723 μετά
2807 655 2907 718 τὴν
2959 656 3140 708 αὐτῶν
3169 659 3413 730 τελευτὴν
3440 663 3495 715 ἐκ
3522 667 3686 723 τούτων

2193 761 2581 816 περιττευοντα
2625 748 2660 816 ή
2704 745 2826 802 κατ’
2885 747 3085 810 αὐτοὺς
3133 749 3386 818 ἐκκλησία
3431 757 3689 816 οἰκειοῦται.

2194 839 2416 893 Ἀδειαν
2457 839 2515 892 δὲ
2559 839 2776 909 ἔχουσιν
2809 840 3056 892 ὲκποιείν
3089 839 3244 895 ἅτινα
3273 843 3335 895 ἂν
3378 846 3470 916 πρὸ
3495 851 3579 918 τῆς
3602 852 3695 904 ἔπιε

2193 930 2406 999 σκοπῆς
2450 930 2748 1000 ἐσχηκότες
2795 929 3198 998 ἀποδειχθῶσι,
3244 935 3335 985 καὶ¹
3361 933 3450 986 ὅσα
3489 937 3605 1002 μετὰ
3625 940 3700 1008 τὴν

2189 1023 2498 1093 επισκοπὴν
2525 1025 2604 1087 είς
2643 1023 2843 1087 αὐτοὺς
2873 1023 2984 1076 ἀπὸ
3025 1025 3306 1093 συγγενῶν
3349 1030 3601 1102 περιέλθῃ.
3629 1034 3700 1097 οὓς

2189 1116 2248 1181 ἐξ
2287 1114 2572 1168 eameam
2635 1115 2800 1184 μέχρι
2858 1116 3124 1186 τετάρτου
3188 1115 3387 1188 βαθμοῦ
3417 1121 3705 1192 διαδέχεσθαι

2187 1207 2472 1260 δύνανται.
2513 1205 2702 1260 Ταῦτα
2737 1206 2792 1260 δὲ
2829 1209 3026 1278 κρατεῖ
3055 1211 3149 1262 καὶ
3179 1209 3396 1264 ἐπὶτῶν
3417 1213 3571 1266 ἄλλων
3601 1215 3703 1269 διοιι

2187 1295 2374 1365 κητῶν
2423 1296 2534 1349 τῶν
2582 1297 2897 1366 σεϐασμίων
2930 1299 3131 1368 μονῶν.
3193 1303 3315 1356 Ἐὰν
3363 1304 3416 1356 δὲ
3461 1305 3706 1369 ἐπίσκοπος

2185 1384 2218 1456 ἢ
2270 1385 2536 1459 κληρικὺς
2569 1387 2886 1457 οἱουδήποτε
2943 1389 3157 1460 βαθμοῦ
3214 1392 3339 1446 ἄνευ
3387 1394 3622 1466 διαθήκης
3678 1399 3704 1466 ἢ

2184 1479 2433 1549 νομίμων
2479 1481 2744 1552 διαδόχων
2807 1483 3108 1558 τελευτήσῃ
3137 1523 3154 1550 ,
3195 1485 3229 1556 ή
3282 1487 3475 1540 τούτων
3527 1488 3707 1558 διαδοχὴ

2185 1571 2592 1643 προσκυροῦται
2647 1575 2714 1642 τῇ
2781 1573 3074 1644 ἐκκλησίᾳ,
3137 1576 3194 1628 ὲν
3239 1569 3706 1649 ᾖκεχειροτόνηται.

2611 1707 2798 1776 Νόμοι
2847 1707 2986 1777 περὶ
3023 1709 3336 1777 διαθήκης.

567 1835 979 1890 Testamentum
1029 1841 1113 1889 est
1157 1834 1307 1903 justa
1360 1834 1658 1887 voluntatis
1713 1829 1984 1887 sententia
2012 1829 2072 1884 de

2252 1818 2500 1887 Διαθήκη
2530 1820 2646 1872 ἐστὶ
2671 1820 2855 1872 δικαία
2889 1819 3149 1890 βούλησις
3174 1824 3301 1891 περὶ
3325 1815 3396 1876 ὧν
3422 1819 3482 1875 ἄν
3510 1840 3582 1887 τις
3602 1808 3709 1898 θέλῃ

499 1928 568 1982 iis
599 1943 720 1995 quae
755 1928 880 1996 quis
911 1936 1034 1997 post
1067 1935 1300 1981 mortem
1331 1940 1486 1979 suam
1517 1923 1631 1978 fieri
1669 1922 1821 1977 velit.

561 2018 732 2073 lineo
774 2019 868 2087 qui
919 2025 1174 2080 testatur,
1224 2015 1512 2086 integritas
1539 2015 1760 2080 mentis,
1809 2028 1918 2068 non
1956 2027 2080 2067 cor-

491 2113 641 2180 poris
673 2110 884 2165 sanitas
909 2109 1174 2178 exigitur.

563 2202 672 2270 92
711 2202 989 2256 Masculus
1040 2201 1132 2270 qui
1207 2215 1412 2255 annum
1483 2200 1755 2255 decimum
1820 2207 2075 2269 quartum

493 2271 783 2342 complevit
819 2282 1208 2326 testamentum
1236 2270 1416 2326 facere
1446 2280 1626 2341 potest
1653 2288 1668 2334 ;
1697 2271 1896 2325 femina
1925 2286 2075 2335 vero,

495 2382 616 2436 quae
643 2365 1054 2421 duodecimum.

570 2457 625 2512 Si
663 2467 814 2527 pater
856 2458 937 2511 vel
985 2468 1160 2512 mater
1196 2457 1248 2510 in
1288 2455 1700 2511 matrimonium
1751 2453 1877 2510 dent
1906 2455 2073 2509 filiam

497 2551 582 2605 vel
629 2552 822 2613 filium,
870 2559 926 2605 et
977 2567 1102 2605 eum
1157 2550 1294 2603 mori
1331 2549 1634 2618 contingat,
1686 2557 2073 2602 testamentum

492 2647 731 2702 faciendi
777 2657 1104 2717 potestatem
1155 2662 1263 2699 non
1311 2646 1496 2710 habet,
1542 2645 1657 2700 sive
1689 2647 1785 2698 dos
1825 2645 1919 2707 sit,
1958 2644 2076 2698 sive

489 2740 714 2794 donatio
753 2750 879 2793 ante
905 2741 1146 2806 nuptias,
1197 2739 1323 2791 dum
1358 2748 1612 2805 parentes
1653 2734 1834 2790 adhuc
1873 2751 2074 2804 supcr-

489 2842 643 2887 snnt.
701 2831 858 2899 Quod
906 2831 949 2885 si
1003 2831 1173 2886 altera
1227 2846 1418 2885 eorum
1487 2845 1619 2899 pars
1677 2830 1964 2894 moriatur,
2019 2827 2072 2882 in

490 2924 692 2977 mortui
727 2923 870 2976 bona
918 2931 1169 2978 testatur.

556 3015 744 3084 Neque
778 3013 1169 3068 flttusfamilias
1233 3021 1492 3076 testatur,
1528 3027 1627 3066 nec
1665 3011 1940 3082 impubes,
1975 3025 2073 3065 nec

489 3105 757 3170 furiosus,
813 3120 913 3158 uec
957 3105 1256 3174 prodigus;
1302 3112 1491 3157 mutus
1535 3110 1718 3156 autem
1769 3110 1823 3156 et
1869 3101 2073 3156 surdus

486 3197 782 3268 aliquando
818 3195 1003 3250 testari
1045 3203 1297 3266 possunt.

557 3289 720 3345 Prius
777 3298 1167 3344 testamentum
1221 3305 1248 3342 a
1305 3287 1611 3358 posteriori
1683 3286 1925 3357 perfecto
1985 3300 2072 3339 re-

481 3385 778 3441 scinditur.

555 3478 971 3531 Testamentum
1003 3477 1189 3546 elapso
1226 3475 1494 3530 decennio
1523 3491 1589 3528 nc
1613 3475 1928 3545 abrogetur,
1961 3475 2065 3530 nisi

485 3569 630 3622 aliud
672 3569 968 3638 perfectum
992 3569 1192 3623 fat-tum
1226 3570 1296 3623 sit
1319 3571 1400 3623 vel
1455 3569 1508 3622 in
1565 3571 1784 3638 scriptis
1810 3569 1891 3622 vel
1936 3570 2071 3622 citra

485 3661 842 3728 scripturam,
877 3660 1208 3714 contrariam
1240 3661 1489 3714 testantis
1535 3662 1870 3714 voluntatem
1924 3658 2070 3712 indi-

485 3766 619 3805 cans
649 3751 701 3804 in
761 3753 1053 3820 praesentia
1091 3761 1297 3820 septem
1335 3752 1414 3805 vel
1455 3753 1695 3820 quinque
1729 3752 1977 3805 testium.

559 3865 618 3919 Si
677 3875 907 3921 testator
964 3865 1208 3918 moriens
1267 3881 1325 3918 sc
1388 3866 1521 3919 nillil
1576 3866 1722 3919 aliud
1785 3865 2070 3934 possidere

485 3960 757 4027 juraverit
796 3970 993 4028 prater
1042 3975 1104 4012 ea
1141 3975 1262 4027 qum
1315 3961 1369 4011 in
1405 3969 1731 4013 testamento
1779 3960 2069 4026 disposuit,

487 4069 594 4104 non
627 4052 753 4106 licet
784 4051 983 4105 luet-edi
1007 4051 1384 4118 qualicunque
1419 4049 1833 4118 inquisitionem
1863 4049 2065 4115 facere,

486 4153 540 4195 et
574 4159 793 4198 servum
830 4156 926 4210 per
958 4149 1232 4196 tormenta
1261 4143 1602 4203 examinare.
1628 4142 1712 4199 vel
1747 4156 1777 4194 a
1813 4142 2067 4203 testibus,

491 4235 584 4303 qtti
635 4238 689 4288 in
745 4241 1072 4288 testamento
1123 4232 1495 4300 reperiuntur,
1541 4232 1912 4300 ju‘ramentnm
1955 4234 2071 4286 exi-

490 4343 654 4392 gere.
719 4324 824 4380 Sed
904 4325 1106 4378 invitus
1187 4326 1464 4378 testatoris
1525 4324 1838 4393 iuramento
1905 4324 2067 4380 fidunt

493 4419 708 4476 habeat.
741 4417 784 4470 si
810 4417 1108 4470 tuodeuon
1134 4417 1510 4485 deprehensus
1536 4419 1609 4472 sit
1641 4417 1788 4471 circa
1817 4420 2066 4473 eamdem

491 4525 602 4565 rem
638 4511 797 4565 aliter
822 4519 987 4576 atque
1013 4510 1170 4564 aliter
1190 4509 1397 4579 jurare.

558 4693 967 4747 Testamentum
1023 4690 1160 4745 citra
1221 4694 1554 4761 scripturam
1613 4694 1890 4758 conditur,
1940 4710 2064 4747 cum

489 4799 671 4838 coram
695 4793 898 4852 septem
923 4784 1157 4838 testibus
1181 4800 1286 4837 una
1310 4786 1628 4839 constitutis
1658 4795 1886 4840 testator
1908 4803 2064 4840 suam

492 4878 823 4932 voluntatem
862 4876 1126 4932 declarat.
1179 4877 1333 4944 Quod
1375 4877 1420 4930 si
1455 4893 1521 4932 eo
1571 4878 1622 4930 iu
1672 4878 1813 4939 loco,
1856 4880 1908 4932 in
1956 4894 2067 4948 quo

489 4973 782 5042 quisquam
815 4973 953 5026 citra
986 4973 1315 5040 scripturam
1350 4981 1601 5036 testatur,
1643 4986 1847 5042 septem
1899 4984 2070 5030 testes

490 5079 596 5117 non
651 5064 1018 5126 inveniantur,
1073 5064 1411 5117 voluntatem
1467 5080 1622 5118 suam
1663 5081 1848 5118 coram
1902 5067 2064 5134 quiu-

490 5173 597 5226 que
629 5157 884 5211 uestibus
948 5167 1006 5212 et
1068 5172 1175 5210 non
1233 5157 1585 5226 paucioribus
1645 5168 1828 5212 notam
1886 5157 2066 5214 facere

489 5257 685 5318 potest.

557 5341 662 5407 Qui
693 5349 1074 5397 testamentum
1131 5341 1324 5396 scribit
1354 5353 1496 5398 recte
1531 5343 1584 5398 in
1614 5357 1680 5396 eo
1712 5344 1866 5397 testis
1896 5344 1978 5401 fit.

557 5523 974 5578 Testamentum
1013 5531 1218 5590 septem
1249 5530 1420 5576 testes
1457 5521 1662 5575 habere
1695 5520 1876 5582 debet,
1911 5520 2064 5574 codi-

485 5619 644 5671 cillos
665 5625 852 5669 autem
878 5617 1142 5684 quinque.
1173 5613 1275 5679 Qui
1302 5629 1427 5668 vero
1457 5612 1509 5665 in
1534 5614 1713 5682 pugna
1743 5612 2063 5666 vulneratus

485 5721 591 5771 cu,
621 5717 676 5760 et
708 5707 836 5760 dum
889 5708 941 5759 in
980 5706 1064 5758 via
1121 5709 1223 5758 iter
1272 5704 1405 5758 facit
1439 5720 1467 5756 a
1505 5714 1681 5758 morte
1716 5718 1822 5756 non
1867 5705 2059 5772 procul

489 5801 658 5861 abest,
709 5816 812 5853 non
867 5799 1045 5854 solum
1100 5811 1288 5852 coram
1343 5797 1518 5852 tribus
1570 5795 1821 5864 personis
1870 5796 2057 5852 testari

2186 1911 2331 1982 μετὰ
2371 1911 2606 1966 θάνατον
2661 1911 2828 1966 αὐτοῦ
2879 1905 2980 1982 τὴν
3006 1912 3279 1982 διοίκησιν
3305 1915 3563 1981 γενέσθαι.

2266 2004 2325 2056 '0
2355 2003 2734 2073 διατιθέμενος
2788 2003 2993 2074 ὀφείλει
3027 2006 3122 2058 τὸν
3159 2006 3308 2070 νοῦν,
3351 2007 3410 2060 οὐ
3442 2007 3540 2077 μὴν
3563 2010 3642 2062 καὶ
3663 2006 3710 2058 τδ

2183 2096 2366 2165 σῶμα,
2407 2096 2709 2168 ὲρῤὧσθαι.

2262 2187 2322 2242 Ὀ
2353 2189 2534 2262 άρῤην
2579 2190 2884 2262 πληρώσας
2922 2191 2992 2246 τὰ
3027 2189 3090 2244 ιδ’
3122 2177 3220 2263 ἔτη
3262 2192 3572 2246 διατίθεται·
3604 2193 3636 2263 ή
3663 2191 3708 2244 δὲ

2181 2281 2380 2353 θήλεια
2413 2285 2483 2337 τὰ
2520 2283 2612 2354 ιβ’.

2263 2467 2390 2521 Ἐὰν
2426 2467 2608 2538 πατὴρ
2648 2468 2681 2539 ἢ
2740 2463 2923 2542 μήτηρ
2973 2469 3054 2536 είς
3101 2469 3287 2542 γάμον
3333 2470 3532 2542 ἐκδώσῃ
3578 2459 3710 2522 παῖδα

2180 2558 2403 2627 θήλειαν
2451 2559 2483 2630 ἢ
2535 2559 2764 2631 άρῥενα,
2797 2562 2892 2616 καὶ
2932 2563 3114 2634 συμϐῇ
3153 2564 3412 2633 τελευτᾷν
3443 2562 3527 2624 τὸν
3557 2561 3711 2628 παῖδα,

2179 2653 2278 2705 οὐκ
2307 2653 2423 2721 ἔχει
2470 2655 2724 2718 ἐξουσίαν
2753 2655 3059 2720 διαθέσθαι,
3102 2657 3220 2710 είτε
3247 2656 3411 2726 προὶξ
3446 2656 3600 2718 ἐστὶν,
3621 2654 3710 2707 είτι

2180 2742 2468 2807 ὐπὸϐολον,
2498 2743 2579 2795 ἔτι
2605 2745 2714 2796 τῶν
2743 2747 2947 2814 γονέων
2976 2745 3305 2816 περιόντων.
3341 2747 3400 2798 Εἰ
3417 2746 3469 2798 δὲ
3491 2745 3546 2797 ἓν
3576 2745 3711 2812 μέρος

2179 2835 2237 2901 ἐξ
2270 2836 2451 2888 αὐτῶν
2497 2835 2875 2908 ἐτελεύτησεν,
2908 2840 2988 2902 είς
3019 2839 3080 2892 τὸ
3130 2839 3228 2893 τοῦ
3277 2841 3528 2902 θανόντος
3571 2836 3713 2891 διατί-

2179 2925 2353 2978 θεται.

2251 3017 2388 3072 Οὔτε
2441 3012 2764 3081 ὑπεξούσιος
2805 3020 3123 3085 διατίθεται,
3175 3021 3305 3075 οὔτε
3362 3020 3570 3091 ἄνηϐος,
3615 3018 3714 3072 οὔτε

2182 3111 2536 3179 μαινόμενος,
2560 3111 2686 3164 οὔτε
2717 3111 2950 3175 ἄσωτος·
2982 3112 3183 3176 ἆλαλος
3206 3115 3261 3166 δὲ
3290 3117 3382 3169 καὶ
3403 3113 3572 3180 κωφὸς
3597 3110 3718 3164 ἔστιν

2097 3177 2138 3236 C
2174 3204 2265 3256 ὅτε
2311 3203 2663 3257 διατίθενται.

2263 3293 2330 3348 Ἥ
2361 3295 2765 3365 προγενεστέρα
2814 3297 3051 3368 διαθήκη
3109 3299 3478 3370 ἀνατρέπεται
3519 3295 3720 3364 ὑπὸτῆς

2181 3387 2670 3457 μεταγενεστέρας,
2699 3387 2911 3453 τελείας
2936 3387 3122 3460 οὔσης.

2247 3479 2340 3549 Μὴ
2375 3480 2707 3548 ἀναιρείσθω
2759 3483 2823 3552 τῇ
2875 3483 2972 3550 τῆς
3018 3485 3315 3548 δεκαετίας
3357 3480 3718 3554 παραδρομῇἠ

2176 3569 2436 3642 διαθήκη,
2474 3574 2520 3623 εί
2565 3573 2640 3641 μὴ
2688 3574 2796 3642 ἄρα
2824 3573 3040 3638 τελείας
3093 3577 3407 3647 γενομένης
3445 3575 3624 3646 ἐτέρας
3647 3575 3720 3638 ὲγ-

2175 3664 2416 3732 γράφου,
2454 3666 2487 3732 ή
2529 3663 2806 3731 ἀγράφου,
2849 3666 3104 3719 ἐναντίαν
3134 3668 3369 3737 γνώμην
3404 3667 3493 3720 τοῦ
3526 3665 3723 3720 διατιθε-

2179 3757 2342 3815 μένου
2368 3755 2658 3824 δηλούσης,
2692 3757 2785 3808 ἐπὶ
2828 3757 2967 3809 ἑπτὰ
2994 3757 3030 3828 ἣ
3059 3759 3227 3811 πέντε
3268 3760 3576 3829 μαρτύρων.

2245 3865 2624 3928 Τελευτῶντος
2675 3866 2770 3919 τοῦ
2823 3867 3246 3937 διατιθεμένου,
3283 3871 3379 3922 καὶ
3427 3865 3725 3936 ἐπομνύντας

2179 3957 2346 4026 μηδὲν
2380 3957 2507 4010 ἄλλο
2546 3958 2884 4026 κεκτῆσθαι,
2919 3962 2970 4012 εί
3007 3959 3081 4030 μὴ
3125 3961 3279 4032 ειπερ
3308 3965 3366 4015 ὲν
3410 3964 3474 4030 τῇ
3523 3958 3728 4025 διαθήκῃ

2174 4049 2479 4118 ἐντέταχεν,
2523 4045 2624 4102 οὐκ
2657 4051 2772 4120 ἔχει
2819 4051 3004 4105 ἄδειαν
3052 4053 3379 4122 οἱοσδήποτε
3427 4051 3726 4122 κληρονόμος

2174 4141 2401 4210 ὲρευνᾷν
2448 4145 2541 4194 καὶ
2578 4141 2812 4210 βάσανον
2863 4143 3069 4196 δούλων
3125 4146 3430 4210 ποιεῖσθαι,
3483 4146 3513 4215 ἤ
3560 4145 3730 4212 ὅρκουί

2174 4233 2536 4285 ἀπαιτεῖσθαι
2575 4234 2704 4295 τοὺς
2737 4236 3169 4305 συνευρεθέντας
3221 4239 3284 4290 ὲν
3317 4240 3384 4306 τῇ
3417 4237 3552 4306 αὐτῇ
3585 4249 3727 4287 κατα.⁸

2172 4325 2360 4392 γραφῇ
2404 4327 2732 4394 μάρτυρας·
2785 4325 2924 4378 ἀλλὰ
2977 4329 3071 4378 καὶ
3124 4330 3204 4398 μὴ
3275 4327 3596 4398 βουλόμενος
3658 4339 3731 4375 πι-

2177 4414 2426 4469 στούσθω
2467 4419 2534 4484 τῇ
2575 4415 2672 4470 τοῦ
2697 4417 3125 4487 τελευτήσαντος
3183 4419 3491 4492 ἐξωμοσία,
3515 4415 3730 4488 δηλονότι

2094 4533 2142 4590 D
2177 4507 2252 4576 μὴ
2289 4506 2637 4574 φωραθέντος
2673 4507 2767 4559 τοῦ
2801 4507 3182 4579 διατιθεμένου
3220 4511 3404 4573 ἄλλως
3452 4511 3544 4563 καὶ
3581 4508 3732 4567 ἄλλως

2172 4598 2397 4669 ὀμνύειν
2425 4599 2518 4650 ἐπὶ
2543 4599 2621 4668 τῷ
2643 4601 2795 4668 αὐτῷ
2831 4601 3146 4670 πράγματι.

2245 4691 2530 4759 ’Δγραφος
2559 4693 2876 4744 συνίσταται
2901 4692 3162 4763 διαθήκη,
3198 4695 3336 4747 ὅταν
3370 4695 3512 4748 ἑπτὰ
3546 4689 3733 4761 μαρτύο

2171 4800 2282 4852 ρων
2334 4783 2450 4850 ἅμα
2506 4783 2938 4854 εὑρισκομένων,
2975 4784 3077 4855 τὴν
3107 4787 3284 4839 αὐτοῦ
3324 4790 3352 4839 ὁ
3386 4786 3733 4853 διατιθέμενος

2170 4873 2464 4943 φανερώσῃ
2498 4873 2775 4942 βούλησιν.
2821 4875 2884 4927 Ei
2911 4873 2968 4928 δὲ
2993 4876 3052 4926 ὲν
3098 4869 3143 4943 ᾧ
3168 4890 3256 4938 τις
3291 4877 3560 4949 ἀγράφως
3582 4873 3733 4928 διατίσ

2170 4963 2323 5016 θεται
2350 4964 2522 5034 τόπῳ,
2563 4965 2704 5017 ἑπτὰ
2737 4966 2838 5035 οὐχ
2866 4965 3242 5035 εὑρίσκονται,
3277 4969 3508 5021 δύναται
3537 4966 3626 5019 καὶ
3657 4965 3732 5016 ἐπὶ

2168 5058 2333 5110 πέντε
2372 5057 2671 5127 μαρτύρων
2703 5059 2803 5112 οὐκ
2833 5059 3056 5114 ἔλαττον
3097 5061 3200 5131 τὴν
3264 5063 3484 5117 οίκείαν
3513 5059 3732 5131 φανερὰν

2169 5151 2342 5202 ποιεῖν
2374 5149 2653 5220 βούλησιν.

2249 5336 2309 5387 Ὀ
2343 5335 2594 5405 γραφεὺς
2625 5335 2726 5405 τῆς
2756 5334 3022 5407 διαθήκης
3072 5335 3266 5401 καλῶς
3328 5339 3390 5393 ιν
3435 5339 3571 5409 αὐτῇ
3610 5351 3730 5406 μαρ.

2165 5445 2229 5480 τυ
2239 5429 2340 5483 osi.

2274 5445 2340 5483 st.

2237 5445 2311 5572 ξΗ
2342 5521 2580 5590 διαθήκη
2630 5521 2773 5574 ἑπτὰ
2807 5524 3092 5595 μάρτυρας
3143 5522 3302 5593 ἔχειν
3358 5525 3569 5594 ὀφείλει
3594 5539 3607 5554 ·
3631 5522 3657 5573 ὁ
3682 5519 3728 5574 δὲ

2166 5611 2485 5674 κωδίκελλος
2516 5619 2576 5665 ε’.
2617 5613 2677 5665 Ὀ
2708 5614 2891 5682 μέντοι
2939 5617 3000 5668 ἐν
3047 5616 3278 5686 πολέμῳ
3333 5618 3590 5689 πληγεὶς,
3649 5615 3730 5670 καὶ

2166 5704 2222 5752 ἓν
2261 5701 2369 5772 ὁδῷ
2409 5704 2756 5770 περιπατῶν,
2815 5706 3087 5777 καὶπρὸς
3139 5707 3204 5757 τὸ
3257 5707 3446 5762 θανεῖν
3499 5707 3726 5775 ἐγγίσας.

2164 5795 2223 5846 οὐ
2258 5794 2416 5862 μόνον
2459 5794 2554 5847 ἐπὶ
2601 5797 2768 5868 τριῶν
2813 5798 3081 5870 διαθήκην
3113 5800 3346 5856 δύναται
3381 5803 3573 5855 ποιεῖν.
3609 5796 3728 5854 ἀλλὰ
