3992 6400
239 365 370 431 1221

232 481 330 535 καὶ
381 481 478 535 ἐπὶ
526 478 622 537 δύο
658 482 967 555 προσώπων
1017 483 1106 537 διὰ
1148 486 1248 556 τὴν
1306 482 1598 552 συμϐᾶσαν
1655 476 1807 550 περὶ·
1834 491 1882 543 Α

231 591 447 631 στασιν.

313 666 378 719 Ἤ
426 665 483 721 δὲ
508 664 698 741 Νεαρὰ
740 667 833 724 τοῦ
888 667 1157 740 βασιλέως
1206 666 1435 730 Λέοντος
1466 663 1560 720 τοῦ
1601 659 1804 732 Σοφοῢ,

226 754 606 828 Θεσπίζομεν,
658 759 815 832 φησι,
863 761 922 813 ὲν
968 759 1120 831 πάσῃ
1147 758 1302 829 χώρᾳ
1362 757 1461 811 κα)⁸
1508 755 1685 820 πόλει,
1717 751 1810 807 καὶ

230 844 328 901 ὑπ’
376 849 612 919 ἀμαθῶν
641 851 945 923 κυροῦσθαι
993 851 1092 915 τὰς
1148 849 1437 921 διαθήκας,
1475 848 1525 901 εί
1560 848 1723 919 μόνον
1744 847 1809 900 ὲκ

229 937 325 990 τοῦ
353 940 553 1008 τρόπου
583 941 649 995 τὸ
677 941 994 1006 ἀξιόπιστον
1029 944 1077 995 οί
1108 940 1388 1013 μάρτυρες
1416 938 1805 1009 ἀποφέρονταιο

230 1032 329 1084 καὶ
359 1030 450 1083 τὸν
498 1032 734 1103 ἀριθμόν
768 1032 826 1085 δὲ
868 1033 929 1086 ού
964 1032 1125 1103 μόνον
1158 1031 1288 1104 ἄχρι
1319 1030 1426 1083 τῶν
1451 1029 1614 1083 πέντε
1645 1044 1808 1097 περι-

236 1123 522 1194 ορίζομεν,
553 1125 672 1179 ἀλλ’
698 1126 755 1179 ὲν
782 1126 993 1191 τόποις,
1045 1127 1103 1178 ὲν
1132 1121 1234 1190 οἷς,
1267 1125 1344 1186 ὡς
1368 1121 1538 1186 εἰκὸς,
1572 1118 1808 1191 συμϐαί-

233 1234 317 1268 νει
373 1217 572 1273 σπάνιν
620 1218 835 1295 ἀνδρῶν
860 1221 957 1297 ἐίς
1003 1220 1314 1291 μαρτυρίαν
1345 1217 1511 1282 ἀξίων
1556 1215 1809 1279 εἰσιέναι,

233 1308 332 1360 καὶ
377 1308 542 1378 μέχρι
576 1309 747 1379 τριῶν
789 1309 1084 1380 φθάνοντα.
1118 1311 1180 1363 τδ
1217 1308 1612 1364 εὐαπόδεικτον
1640 1306 1808 1376 ἔχειν,

233 1399 334 1460 καὶ
368 1392 512 1453 εἶναι
544 1399 861 1472 ἀθετήσεως
891 1400 1125 1471 κρείττω
1153 1403 1257 1471 τὴν
1292 1398 1619 1470 μαρτυρίαν.
1647 1398 1811 1467 Ζήτει

232 1493 331 1570 καὶ
363 1492 424 1545 τὸ
468 1490 550 1561 λη’
603 1510 730 1562 κεφ.
772 1494 870 1548 τοῦ
916 1496 963 1548 Κ
1001 1493 1298 1564 στοιχείου,
1355 1492 1449 1546 καὶ
1487 1490 1615 1552 τοὺς
1646 1490 1704 1543 ἰν
1732 1488 1810 1559 τῷ

233 1581 315 1647 ις’
337 1601 463 1653 κειρ.
505 1585 600 1638 τοῦ
642 1586 700 1640 Μ
730 1588 1000 1656 στοιχείου
1047 1587 1273 1654 νόμους.

585 1681 628 1731 Κ
642 1679 836 1732 ΕΦΛΛ.
871 1680 944 1755 E'.
978 1679 1113 1746 Περὶ
1138 1679 1460 1732 διακόνων.

316 1767 376 1823 '0
406 1769 467 1823 ιδ’
492 1770 590 1840 τῆς
621 1767 673 1835 ς’
701 1771 921 1824 συνόδου
945 1772 1149 1837 κανὼν,
1179 1772 1405 1841 προσέτι
1434 1768 1529 1824 καὶ
1548 1770 1576 1824 ό
1599 1768 1682 1837 ιε’,
1715 1768 1812 1831 τὰς

235 1862 450 1932 ἡλικίας
498 1833 776 1933 ὁρίζοντες
831 1865 941 1916 τῶν
994 1833 1507 1933 χειροτονουμένων,
1555 1833 1676 1914 τὺνγ
1714 1861 1813 1931 μὲν
1847 1833 1886 1889 Β
1918 1842 2226 1933 “animm”
2308 1840 2630 1896 deﬁ'liemes
2674 1879 2690 1904 ο

232 1954 613 2025 πρεσϐύτερον
692 1954 828 2008 ἐτῶν
877 1955 1225 2021 θεσπίζουσιν
1274 1952 1415 2008 εἶναι
1463 1950 1527 2016 λ’,
1571 1954 1619 2006 εί
1650 1952 1745 2006 καὶ
1786 1953 1815 2005 ό

234 2049 353 2118 βίος
409 2050 479 2123 ὲκ
528 2047 854 2115 περιουσίας
896 2048 1182 2119 συμϐαίνει
1219 2047 1296 2115 τῷ
1327 2045 1624 2115 ἀξιώματι.
1665 2044 1810 2116 Πρὸς

241 2140 345 2210 τὰρ
389 2141 700 2212 ἀρχέτυπον
736 2140 1093 2210 παράδειγμα
1160 2139 1261 2202 τὴν
1290 2138 1385 2192 τοῦ
1422 2140 1675 2209 Σωτῆρος
1707 2137 1815 2209 χρὴ

234 2231 459 2301 βλέπειν
479 2231 821 2301 οἰκονομίαν,
849 2232 908 2294 ὃς
934 2232 1356 2302 τριακοντούτης
1386 2229 1813 2300 βαπτισάμενος,

232 2322 400 2385 εὐθὺς
435 2323 532 2376 τοῦ
563 2323 837 2397 διδάσκειν
874 2323 1199 2394 ἀπήρξατο’
1246 2322 1339 2375 τὸν
1377 2322 1434 2374 δέ
1473 2338 1537 2390 γε
1566 2322 1814 2375 διάκονον

232 2423 274 2469 ε’
300 2410 441 2469 εἶναι
472 2416 565 2468 καὶ
590 2421 657 2481 κ’,
684 2414 1094 2486 τεσσαράκοντα
1116 2415 1172 2468 δὲ
1197 2414 1296 2485 τὴν
1322 2413 1568 2468 διάκονον
1589 2429 1604 2445 ·
1636 2413 1729 2465 τὸν
1758 2412 1816 2465 δὶ

232 2507 591 2561 ὑποδιάκονον
643 2505 717 2575 μὴ
747 2505 1048 2567 ἐλαττόνως
1078 2502 1226 2574 ἔχειν
1250 2504 1360 2558 τῶν
1381 2502 1451 2558 κ’.
1485 2504 1589 2557 Τόν
1615 2496 1815 2572 γεμὴν

233 2603 345 2672 πρὸ
376 2600 486 2655 τῶν
516 2599 798 2671 ῥηθέντων
825 2595 1273 2669 χειροτονηθέντα
1304 2596 1520 2667 χρόνων
1576 2593 1815 2664 ἀφειδῶς

230 2690 625 2760 καθαιρεῖσθαι
652 2688 958 2743 κελεύουσι.

310 2784 449 2847 Τοὺς
482 2782 682 2846 αὐτοὺς
705 2780 809 2851 τῆς
834 2779 1052 2851 ἡλικίας
1073 2779 1167 2833 τοῦ
1197 2779 1446 2834 διακόνου
1473 2780 1697 2851 χρόνους
1722 2780 1815 2833 καὶ

224 2878 262 2929 ὖ
302 2881 381 2941 ις’
431 2874 610 2928 κανὼν
655 2873 754 2943 τῆς
795 2873 853 2926 ὲν
883 2871 1215 2944 Καρθαγένῃ
1260 2872 1481 2926 συνόδου
1531 2871 1812 2942 ὁρίζεται·

231 2968 337 3037 τῆς
370 2968 426 3022 δὲ
455 2966 700 3021 διακόνου
756 2965 785 3016 ό
815 2969 876 3017 ιε’
906 2963 1007 3033 τῆς
1031 2960 1070 3016 δ’
1095 2965 1318 3033 συνόδου
1336 3006 1352 3021 .
1385 2966 1548 3035 Ζήτει
1587 2964 1657 3017 τὰ
1687 2963 1816 3034 περὶ

228 3061 346 3115 τῶν
364 3060 631 3113 διακόνων
660 3056 941 3127 γυναικῶν
966 3056 1360 3129 ἀκριϐέστερον
1389 3059 1448 3110 ὲν
1478 3056 1555 3127 τῷ
1588 3054 1659 3111 ια’
1685 3073 1812 3125 κεφ.

229 3151 331 3206 τοῦ
360 3152 401 3205 Γ
436 3151 726 3222 στοιχείου.

310 3247 417 3299 Καὶ
439 3247 469 3298 ὁ
495 3245 596 3315 μὲν
624 3243 726 3314 τῆς
768 3246 827 3299 ἐν
868 3241 1276 3313 Νεοκαισαρείᾳ
1307 3237 1391 3305 ιε’,
1425 3241 1493 3310 τῇ
1525 3242 1815 3311 ὁμωνυμίᾳ

231 3334 346 3387 τῶν
374 3335 434 3387 ὲν
463 3336 584 3397 ταῖς
623 3334 898 3404 Πρὰξεσιν
938 3333 1081 3387 ἑπτὰ
1110 3331 1382 3385 διακόνων
1416 3330 1814 3401 καθυπαχθεὶς,

237 3428 317 3498 μὴ
348 3426 602 3488 πλείονας
631 3419 772 3479 εἶναι
799 3425 908 3479 τῶν
937 3425 985 3489 ζ’
1007 3424 1272 3477 διακόνων
1303 3421 1603 3485 έτύπωσεν,
1642 3425 1690 3476 εί
1721 3423 1817 3476 καί⁸

231 3517 355 3578 ταῖς
382 3515 594 3585 μείζοσι
614 3513 725 3568 τῶν
750 3513 960 3568 πόλεων
978 3516 1038 3567 τὸ
1057 3512 1157 3584 τὴν
1187 3510 1517 3581 Ἐκκλησίαν
1538 3512 1661 3581 ἕχον
1681 3513 1819 3566 ἂστυ

234 3606 664 3674 συναμιλλᾶται.

319 3699 379 3753 ’0
409 3699 468 3752 δὲ
497 3699 595 3767 τῆς
640 3696 696 3763 ς’
730 3697 954 3752 συνόδου
992 3701 1069 3761 ις’
1097 3697 1188 3751 τὸν
1220 3701 1467 3770 παρόντα
1496 3699 1817 3770 διαγράφων

226 3790 463 3853 κανόνα,
494 3795 592 3842 καὶ
631 3790 699 3843 τὰ
740 3788 882 3859 ῥητά
906 3787 1009 3857 τῆς
1032 3786 1216 3856 βίϐλου
1248 3791 1358 3844 τῶν
1400 3791 1662 3861 Πράξεων
1690 3789 1818 3857 ἑξη-

228 3880 530 3952 γούμενος,
570 3880 668 3935 καὶ
702 3883 794 3936 τὸν
833 3882 938 3953 τὴν
965 3883 1216 3951 γλῶτταν
1252 3883 1522 3953 παράγων
1558 3882 1818 3953 χρυσοῦν,

233 3974 351 4027 τῶν
397 3975 586 4044 ῥητῶν
612 3974 711 4045 τὴν
742 3973 986 4031 διάνοιαν
1016 3977 1220 4038 παντὸς
1254 3975 1461 4045 μᾶλλον
1492 3976 1819 4046 ἀκριὸέστε-

236 4083 338 4138 ρον
388 4066 825 4131 ἀναπτύσσοντα,
867 4067 1107 4122 δείκνυσι
1187 4069 1261 4139 μὴ
1312 4069 1592 4130 διακόνους
1638 4068 1819 4135 λέγειν

231 4156 477 4212 ἐνταῦθα
508 4160 607 4228 τὴν
637 4158 787 4215 θείαν
814 4159 1041 4230 Γραφὴν
1094 4159 1221 4222 τοὺς
1257 4161 1316 4211 ὲν
1350 4163 1462 4223 τοίς
1497 4160 1666 4223 θείοις
1697 4160 1816 4214 δια·-

230 4250 604 4318 κονουμένους
660 4249 1005 4321 μυστηρίοις,
1063 4249 1283 4303 οὐδέπω
1334 4239 1446 4320 γὰρ
1497 4247 1638 4322 ἦσαν
1694 4250 1819 4304 οὔτε

233 4343 554 4408 ἐπίσκοποι,
589 4339 716 4396 οὗτε
767 4342 1156 4413 πρεσϐύτεροι,
1213 4341 1336 4395 οὔτε
1398 4343 1508 4413 μὴν
1554 4342 1815 4408 διάκονοι,

236 4433 380 4504 πλὴν
445 4435 628 4503 μόνων
685 4432 796 4485 τῶν
864 4433 1204 4497 ἀποστόλων,
1269 4433 1388 4486 ἀλλ’
1457 4427 1539 4497 οἷς
1599 4434 1812 4502 ἔμελεν,

232 4526 385 4589 ὅπως
438 4525 727 4595 τρέφοιντο
776 4525 826 4576 οἱ
883 4524 1012 4593 περὶ
1067 4524 1198 4587 τοὺς
1253 4523 1590 4586 ἀποστόλους
1632 4504 1895 4594 ἁθροιιῙ)

232 4617 459 4686 ζόμενοι
515 4614 610 4669 καὶ
661 4613 1036 4680 πιστεύοντες,
1080 4612 1176 4678 οὓς
1219 4615 1314 4669 καὶ
1349 4616 1430 4679 είς
1472 4615 1819 4686 commilitii!

231 4708 522 4778 γεγονέναι
561 4706 664 4778 τῆς
708 4708 838 4776 περὶ
863 4706 990 4770 τοὺς
1016 4705 1308 4776 δεομένους
1350 4706 1586 4777 σπουδῆς
1624 4723 1684 4760 τε
1723 4708 1821 4762 καὶ

236 4797 615 4872 μεταδόσεως.
802 4857 808 4863 ,

322 4892 385 4946 '0
409 4892 595 4946 τοίνυν
627 4891 725 4961 τῆς
755 4892 815 4944 έν
851 4891 1258 4962 Νεοκαισαρείᾳ
1291 4890 1476 4944 κανὼν
1521 4891 1597 4961 μὴ
1628 4892 1820 4945 εὐστό-

233 5001 352 5057 χως
380 4984 590 5053 ῥηθεὶς,
616 4983 740 5037 οὐδὲ
770 4983 878 5052 πρὸ
899 4982 998 5052 τῆς
1020 4988 1074 5048 ς’
1100 4985 1353 5051 ἐτηρεῖτο
1377 4983 1616 5036 συνόδου.
1637 4981 1699 5038 ’0
1723 4984 1823 5053 μὲν

235 5080 354 5147 γάρ
407 5076 786 5137 Ἰουστινιανὸς
835 5074 944 5143 πρὸ
1002 5072 1210 5142 ταύτης
1256 5073 1518 5143 γεγονὼς,
1553 5073 1823 5144 ἐξήκοντα

236 5165 675 5238 πρεσϐυτέρους,
727 5165 828 5218 καὶ
877 5163 1164 5227 διακόνους
1209 5164 1405 5217 ἑκατὸν
1446 5164 1704 5235 ἄρρενας,
1731 5166 1826 5218 κα)⁸

239 5258 465 5330 θηλείας
519 5254 574 5326 μ’
611 5260 671 5310 ἐν
716 5258 783 5327 τῇ
842 5255 1058 5327 μεγάλῃ
1109 5255 1448 5326 κατέστησεν
1496 5254 1820 5327 Ἐκκλησίᾳο

248 5351 577 5421 Ἡράκλειος
630 5348 712 5411 δὲ,
745 5347 852 5417 πρὸ
884 5348 984 5417 τῆς
1034 5352 1088 5411 ς’
1129 5345 1204 5400 ὢν
1246 5346 1342 5399 καὶ
1383 5345 1545 5408 αὐτὸς
1575 5347 1819 5412 συνόδου,

238 5448 342 5501 καὶ
373 5443 658 5515 ιπηύξησι
693 5441 901 5495 τούτων
930 5440 1023 5494 τὸν
1064 5437 1323 5508 ἀριθμόν.
1364 5436 1537 5491 Τοῦτο
1562 5438 1659 5491 καὶ
1689 5439 1822 5507 περί

236 5543 345 5600 τὰς
396 5538 563 5600 ἄλλας
615 5536 723 5589 τῶν
768 5531 1076 5602 ἐκκλησιῶν
1131 5530 1372 5598 ἐγένετο,
1416 5529 1514 5584 τοῦ
1559 5531 1619 5583 ὲν
1692 5531 1827 5584 Νεο-

238 5629 541 5701 καισαρείᾳ
576 5625 804 5690 κανόνος
845 5625 1011 5695 μέχρι
1043 5621 1140 5678 τοῦ
1164 5622 1446 5693 γραφῆναι
1483 5621 1649 5692 μόνον
1689 5639 1824 5693 προ-

239 5722 536 5792 κόψαντος.

328 5814 389 5867 'O
419 5812 475 5864 δὲ
503 5809 603 5875 τῆς
633 5803 858 5876 πρώτης
882 5802 1107 5859 συνόδου
1176 5798 1248 5872 ιη’
1281 5797 1465 5857 κανὼν
1486 5798 1612 5862 τοὺς
1641 5797 1823 5855 διακό-

1194 363 1603 425 SYNTAGMA
1634 360 2262 423 ALPHABETICUM.
2299 385 2368 399 --
2408 359 2469 413 Δ.

3347 362 3488 429 1223

1912 483 2110 545 potest,
2140 479 2234 530 sed
2253 476 2425 533 etiam
2445 490 2630 530 coram
2660 475 2876 532 duobus
2904 488 3128 547 propter
3153 479 3487 541 incidentem

1909 566 2398 624 circumstantiam.
3364 584 3373 593 ’

1979 655 2201 713 Novella
2262 671 2445 713 autem
2502 658 2851 729 imperatoris
2912 660 3115 716 Leonis
3167 660 3485 731 Sapientis,

1912 749 2226 815 Sancimus,
2279 750 2477 820 inquit,
2508 759 2567 805 ut
2611 750 2665 804 in
2700 751 2848 805 omni
2894 752 3114 821 regione
3163 760 3218 805 et
3264 753 3484 808 civitate

1908 840 2075 895 etiam
2117 843 2183 896 ab
2216 842 2485 912 imperitis
2514 852 2834 898 testamenta
2875 844 3292 905 confirmentur,
3321 845 3481 896 dum-

1910 933 2073 987 modo
2131 948 2311 988 mores
2370 933 2591 988 testium
2640 933 2799 988 ﬁdem
2852 945 3192 989 mereantur.
3243 934 3382 999 Quin
3431 948 3488 987 et

1913 1039 2195 1078 numerum
2232 1041 2337 1078 non
2369 1025 2545 1078 solum
2576 1024 2642 1078 ad
2671 1025 2913 1094 quinque
2949 1026 3351 1087 contrahimus,
3388 1025 3483 1079 sed

1913 1113 1979 1169 iis
2028 1112 2082 1167 in
2129 1114 2262 1168 locis
2309 1114 2360 1168 in
2410 1114 2610 1183 quibus
2655 1129 2813 1170 raros
2866 1113 2972 1169 title
3023 1114 3217 1183 dignos
3268 1115 3487 1184 prodire

1911 1210 2146 1265 constat,
2181 1212 2291 1257 tres
2340 1217 2561 1273 quoque
2594 1203 2834 1267 admitti,
2867 1212 2922 1259 et
2959 1202 3332 1258 testimonium
3375 1202 3496 1255 illo-

1913 1309 2030 1347 rum
2060 1311 2170 1348 non
2203 1296 2482 1365 reprobari
2515 1296 2785 1351 volumus.
2813 1298 3007 1363 Qttaere
3041 1298 3204 1353 etiam
3254 1298 3323 1353 38
3360 1313 3486 1367 cap.

1913 1387 2019 1443 litt.
2055 1387 2123 1452 K,
2160 1398 2216 1442 et
2250 1388 2396 1460 leges
2432 1390 2486 1444 in
2526 1389 2591 1444 16
2617 1405 2739 1462 cap.
2788 1390 2892 1444 litt.
2924 1391 2998 1444 Μ.

2374 1645 2526 1710 CAP.
2570 1651 2631 1709 ν.
2665 1653 2737 1707 De
2766 1654 3024 1708 diaconis.

1985 1747 2170 1803 Canon
2216 1747 2281 1801 Η
2319 1763 2438 1814 syn.
2483 1763 2557 1813 νι,
2620 1762 2719 1803 nec
2765 1762 2871 1801 non
2939 1748 3026 1812 15,
3081 1757 3270 1805 aetates
3338 1751 3493 1806 ordi-

2765 1841 3143 1911 pt‘esbyterutn
3216 1859 3489 1897 annorum

1921 1932 2142 2002 triginta
2174 1948 2298 1987 esse
2335 1933 2662 1993 decernunt,
2698 1934 2913 1989 etiamsi
2947 1934 3055 1988 vita
3091 1934 3208 2002 ejus
3236 1936 3490 2007 dignitati

1920 2024 2134 2079 abunde
2160 2025 2473 2079 conveniat.
2512 2025 2594 2078 Ad
2628 2026 2908 2093 exemplar
2954 2026 3098 2079 enim
3139 2027 3407 2095 originale
3438 2036 3492 2081 et

1923 2115 2231 2169 Servatoris
2286 2115 2456 2189 nostri
2510 2114 3204 2186 mconomiam‘rcspicere
3252 2128 3489 2188 oportet,

1919 2207 2010 2275 qui
2040 2206 2316 2261 tricesimo
2363 2221 2507 2260 anno
2567 2207 2895 2276 baptizatus,
2935 2210 3116 2262 statim
3161 2209 3356 2265 docere
3382 2225 3497 2264 caa-

1928 2298 2035 2366 pit;
2058 2299 2347 2352 diacmium
2371 2311 2552 2353 autem
2571 2298 2641 2353 25
2660 2314 2929 2353 annorum
2951 2315 3098 2363 csse,
3121 2300 3492 2357 diaconissam

1916 2388 2021 2452 40;
2069 2388 2463 2442 subdiaconum
2512 2404 2618 2443 non
2669 2391 2955 2458 pauciores
2983 2406 3144 2461 agere
3188 2408 3353 2462 quam
3401 2394 3498 2447 9.0.

1921 2480 2059 2535 Eum
2102 2481 2530 2553 vero‘quiante
2595 2483 2885 2549 pradictos
2949 2499 3124 2539 annos
3181 2486 3492 2553 ordinatur,

1919 2574 2233 2629 omnimode
2265 2576 2461 2645 deponi
2500 2575 2716 2646 jubcut.

1984 2730 2094 2828 93
2148 2757 2382 2813 Eosdem
2444 2757 2609 2814 etiam
2668 2774 2767 2830 pro
2825 2759 3045 2816 diaconi
3096 2768 3254 2817 atate
3316 2777 3494 2819 annos

1919 2865 2041 2905 can.
2088 2850 2154 2904 16
2208 2866 2331 2920 syn.
2388 2851 2647 2923 Cartliag.
2699 2852 2932 2920 delinit;
2986 2852 3308 2910 diaconissaa
3361 2871 3494 2910 vero

1917 2955 2041 2996 cau.
2097 2943 2164 2998 15
2204 2958 2322 3012 syn.
2358 2958 2433 2998 tv.
2460 2942 2686 3010 Quaeras
2722 2944 2935 3015 plenius
2969 2945 3038 3001 de
3081 2947 3409 3011 diaconissis
3438 2949 3493 3005 in

1920 3033 1983 3087 11
2006 3048 2127 3104 cap.
2164 3034 2354 3091 litterae
2386 3034 2447 3088 Γ.

1988 3215 2155 3270 Porro
2179 3230 2303 3270 can.
2340 3215 2407 3270 13
2453 3231 2573 3288 syn.
2629 3215 3092 3279 Neocaasariensis
3137 3219 3492 3293 ltomonymia

1917 3317 2127 3379 septem
2194 3309 2247 3363 in
2284 3309 2515 3365 Actibus
2575 3309 2930 3365 diaconorum
2998 3327 3318 3381 persuasus,
3378 3328 3489 3367 non

1917 3401 2101 3472 plures
2129 3415 2251 3456 esse
2277 3410 2482 3470 septem
2506 3401 2750 3457 diaconis
2778 3404 3036 3468 decrevit,
3066 3406 3318 3474 quamvis
3350 3404 3492 3460 civi-

1918 3500 2003 3547 tas
2056 3508 2175 3561 quae
2232 3491 2518 3547 ecclesiam
2590 3492 2754 3547 habet
2832 3493 3195 3548 maximarum
3272 3493 3492 3547 urbium

1917 3585 2114 3640 aantula
2157 3585 2338 3640 fuerit.

1991 3677 2176 3732 Canou
2202 3687 2382 3731 autem
2419 3676 2489 3732 16
2537 3693 2661 3745 syn.
2721 3694 2797 3744 vr,
2837 3693 3103 3733 canonem
3168 3689 3492 3750 praesentem

1919 3768 2223 3837 corrigens,
2260 3778 2313 3823 et
2350 3782 2472 3838 quae
2508 3768 2560 3822 in
2602 3768 2741 3822 libro
2772 3769 3000 3823 Actuum
3033 3768 3179 3824 dicta
3230 3779 3370 3825 sunt
3401 3772 3489 3824 in-

1919 3867 2244 3930 terpretans,
2268 3869 2321 3914 et
2357 3859 2837 3930 Chrysostomum,
2876 3861 2969 3930 qui
3027 3860 3323 3917 verborum
3363 3877 3497 3918 sen-

1922 3965 2042 4007 sum
2077 3949 2426 4005 exactissime
2451 3950 2708 4019 explicat,
2739 3952 3038 4017 adducens,
3086 3953 3343 4009 .ostendit
3407 3967 3500 4007 sa-

1921 4057 2071 4098 cram
2104 4040 2440 4110 Scripturam
2471 4042 2582 4096 illic
2608 4041 2872 4097 diaconos
2901 4041 3084 4097 dicere
3137 4057 3247 4096 non
3270 4057 3366 4099 eos
3400 4043 3501 4111 quo

1920 4135 2120 4190 divinis
2150 4133 2427 4203 mysteriis
2483 4134 2802 4188 ministrant
2832 4131 3119 4205 (nondum.
3158 4137 3305 4189 enim
3337 4147 3496 4191 erant

1921 4225 2188 4295 episcOpi,
2221 4225 2302 4278 vel
2332 4222 2662 4294 presbyteri,
2694 4224 2778 4277 vel
2810 4223 3050 4297 diaconi,
3088 4223 3181 4277 sed
3212 4225 3315 4279 soli
3357 4239 3497 4293 apo—

1925 4316 2103 4387 sloli),
2139 4331 2324 4371 verum
2353 4329 2449 4369 eos
2478 4315 2570 4383 qui
2599 4314 2922 4368 hominibus
2951 4314 3339 4384 amplectende
3373 4315 3496 4369 fidei

1926 4408 2107 4464 studio
2142 4406 2206 4461 ad
2245 4407 2524 4476 apostolos
2542 4406 2761 4460 assidue
2782 4406 3216 4463 commeantibus
3237 4407 3497 4461 alimenta

1922 4499 2317 4572 prospicerent,
2347 4513 2380 4553 a
2401 4499 2601 4568 quibus
2628 4499 2935 4567 exemplum
2966 4513 3188 4567 quoque
3214 4500 3266 4552 in
3293 4515 3497 4567 egenos

1923 4591 2208 4648 cltaritatis
2242 4591 2454 4661 piaeque
2487 4591 2833 4646 liberalitatis
2854 4589 2922 4645 ad
2946 4603 3336 4665 nostrausque
3359 4603 3501 4646 teni-

1922 4697 2054 4754 pora
2085 4681 2336 4737 ductum.

1990 4885 2187 4941 Canon
2242 4884 2408 4956 igitur
2459 4883 2654 4954 synodi
2717 4880 3184 4937 Neocaesariensis
3243 4895 3350 4934 non
3374 4890 3498 4950 apte

1923 4979 2101 5034 dictus
2139 4985 2267 5031 ante
2311 4989 2578 5030 canonem
2637 4989 2757 5046 syn.
2814 4989 2871 5028 vr
2922 4988 3031 5028 non
3082 4973 3496 5028 observabatur.

1921 5071 2267 5129 Justinianus
2311 5071 2482 5134 enim,
2518 5068 2613 5138 qui
2664 5077 2793 5122 ante
2847 5066 3295 5138 hanc‘synodum
3343 5065 3499 5133 vixit,

1925 5163 2207 5236 sexaginta
2232 5162 2598 5233 presbyteros,
2617 5169 2835 5235 centum
2868 5159 3160 5224 diaconos,
3180 5166 3233 5212 et
3263 5156 3504 5228 quadra-

1925 5259 2071 5326 ginta
2119 5255 2467 5311 diaconissas
2510 5254 2568 5307 in
2632 5251 2827 5324 Magna
2877 5249 3123 5306 Ecclesia
3189 5251 3500 5306 constituit.

1926 5347 2214 5405 Heraclius
2247 5348 2435 5411 etiam,
2470 5346 2563 5415 qui
2593 5353 2722 5400 ante
2748 5359 2802 5399 vr
2832 5343 3102 5413 synodum
3124 5343 3283 5408 vixit,
3305 5355 3499 5398 eorum

1927 5454 2217 5496 numerum
2280 5438 2527 5493 adauxit.
2563 5436 2708 5492 Idem
2739 5436 2906 5491 etiam
2952 5434 3019 5490 lin
3072 5434 3196 5490 aliis
3251 5435 3504 5489 ecclesiis

1931 5533 2137 5588 factum
2161 5539 2268 5594 est,
2304 5544 2430 5585 cum
2458 5542 2635 5583 canon
2660 5523 3122 5588 Neocmsariensis
3174 5533 3390 5580 tantum
3443 5534 3505 5579 ut

1929 5623 2262 5680 scriberetur
2286 5620 2606 5692 proiecerit.

1967 5796 2151 5869 Porro
2177 5809 2355 5853 canon
2378 5792 2450 5849 18
2470 5792 2638 5866 prim.
2658 5807 2779 5863 syn.
2810 5791 3078 5850 diaconos
3096 5787 3501 5845 Eucharistiam
