3992 6396
319 312 460 381 1225

1307 321 1718 386 SYNTAGMA
1755 319 2390 386 ALPHABETICUM.
2427 346 2498 358 -
2538 319 2594 384 Δ.

3419 322 3554 388 1226

310 430 442 486 λαὸν
465 433 525 486 ἐν
548 435 616 504 τῇ
640 432 961 508 ὑγιαινούσῃ
993 435 1336 508 διδασκαλίᾳ,
1379 445 1476 490 και
1515 453 1643 502 τους
1669 433 1882 490 ἀντιλέ-

2002 432 2237 492 refellere
2257 442 2555 504 potentem.
2616 431 2923 508 EpiseOpus
2975 435 3121 494 enim
3155 436 3357 494 dicitur
3405 439 3556 510 quod

309 542 506 594 γοντας
544 521 826 596 ἐλέγχεινο
871 529 1166 592 ἐπίσκοπος
1207 528 1318 599 γὰρ
1363 527 1680 599 ὠνόμασται
1733 527 1886 598 παρά

309 615 374 670 τὸ
403 619 628 670 σκοπεῖν
677 617 945 686 ἀκριϐῶς,
975 619 1052 684 ώς
1092 618 1152 687 ἐξ
1199 620 1447 673 ἀπόπτου
1483 621 1578 673 καὶ
1604 618 1884 690 μετεώρου

310 709 379 761 τά
405 706 501 760 τοῦ
527 707 681 765 λαοῦ.
721 709 910 783 Ταύτῃ
952 728 1037 764 τοι
1069 710 1174 764 κάν
1204 712 1318 774 τοῖς
1344 707 1561 775 ἀδύτοις
1602 709 1696 762 τοῦ
1732 707 1884 780 ίεροῦ

312 799 344 867 ἡ
371 798 610 870 καθέδρα
635 799 981 869 συμϐολικῶς
1013 799 1098 869 ἐφ’
1131 798 1302 871 ὕψους
1335 799 1546 870 ἵδρυται
1586 798 1664 869 τῷ
1692 799 1884 869 ἀρχιε-

265 937 269 941 ,
315 891 419 958 ρεῖ,
477 890 574 942 καὶ
627 893 743 952 τοῖς
801 890 1198 962 πρεσϐυτέροις
1260 889 1498 944 ἐνταῦθα
1564 888 1887 942 συνεστάναι

310 980 486 1051 τούτῳ
530 981 624 1035 καὶ
671 981 1053 1051 συγκαθῆσθαι
1098 980 1305 1034 δέδοται
1330 996 1347 1012 ο
1382 979 1562 1034 κοινὸν
1593 979 1700 1050 γὰρ
1725 977 1887 1048 ἔργον

310 1069 517 1138 ἀμφοῖν
543 1071 576 1141 ἡ
606 1069 701 1125 τοῦ
731 1071 908 1143 δήμου
937 1070 1075 1144 πρὸς
1093 1071 1158 1126 τδ
1178 1073 1434 1143 κρεῖττον
1456 1071 1720 1132 ἐπίδοσις.
1745 1068 1888 1134 Τοὺς

309 1159 368 1213 δέ
404 1162 536 1231 περὶ
564 1161 664 1234 τὴν
688 1163 781 1216 τοῦ
819 1163 952 1218 λαοῦ
993 1163 1345 1218 διδασκαλίαν
1364 1162 1646 1234 ὀλιγώρως
1685 1163 1890 1216 διακειμ-

315 1250 515 1320 μένους
535 1251 928 1322 ἀφορίζεσθαι,
958 1253 1319 1324 ἐπιμένοντας
1341 1254 1399 1310 δὲ
1421 1256 1490 1325 τῇ
1512 1252 1766 1325 ἀμελείᾳ,
1791 1252 1888 1310 καὶ

313 1341 639 1410 καθαιρέσει
665 1343 880 1398 κελεύει
907 1345 1198 1416 ἐπιτιμᾷν.

384 1433 574 1486 Ταῦτα
629 1435 727 1489 καὶ
785 1437 813 1488 ό
862 1434 929 1488 ιθ¹
978 1435 1080 1505 τῆς
1133 1441 1188 1500 ς’
1236 1435 1458 1489 συνόδου
1510 1433 1692 1489 κανὼν
1742 1451 1890 1505 παρ-

312 1517 604 1593 εγγυᾶται,
628 1523 688 1577 ὃν
704 1527 798 1578 καὶ
823 1524 977 1596 ζήτει
996 1527 1054 1580 ἐν
1079 1526 1156 1596 τῷ
1175 1526 1244 1581 ια’
1264 1544 1391 1596 κεφ.
1409 1525 1502 1580 τοῦ
1526 1525 1568 1580 Β
1596 1526 1886 1596 στοιχείου.

392 1614 454 1670 '0
473 1614 532 1668 δὲ
553 1616 650 1685 τῆς
672 1617 729 1670 ἐν
760 1617 1093 1690 Καρθαγένῃ
1117 1624 1257 1687 ρκα’,
1279 1619 1405 1682 Τοῖς
1433 1617 1887 1690 κατολιγωροῦσι,

311 1709 470 1778 φησὶ,
497 1710 604 1762 τῶν
636 1709 855 1764 οίκείων
891 1711 1160 1782 ποιμνίων
1188 1710 1538 1778 ἐπισκόποις,
1569 1711 1668 1766 καὶ
1699 1712 1776 1782 μὴ
1805 1710 1888 1764 δι-

1987 540 2050 580 ea
2074 527 2167 597 qui
2199 527 2283 582 sui
2312 535 2442 604 sunt
2474 527 2658 596 populi
2710 537 2970 595 tanquam
3005 544 3071 583 ex
3095 528 3206 584 alto
3233 539 3288 586 et
3334 531 3557 586 excelso

1990 616 2114 673 loco
2142 619 2329 674 sedule
2355 619 2673 690 prospiciat.
2725 620 2794 674 Et
2817 619 2889 675 ob
2923 619 3064 675 hanc
3080 634 3301 676 causam
3335 621 3388 676 in
3421 630 3560 676 tem-

1989 709 2064 778 pli
2085 709 2263 780 adytis
2293 709 2555 764 cathedra
2594 709 2858 766 antistitis
2877 710 3182 782 symbolice
3237 711 3290 766 in
3333 711 3558 766 sublimi

1989 795 2111 852 loco
2135 797 2509 857 constituitur.
2557 807 2612 854 et
2641 800 2972 871 presbyteris
3023 800 3139 857 illic
3195 802 3246 858 ei
3298 803 3562 859 assistere

1989 903 2208 960 unaque
2263 889 2458 946 sedere
2515 905 2842 947 concessum
2902 901 3022 962 est;
3079 895 3356 950 communi
3411 895 3560 951 enim

1989 979 2242 1050 utrisque
2284 996 2431 1038 cura:
2471 991 2558 1039 est
2601 984 2789 1054 populi.
2845 984 2901 1040 in
2965 986 3192 1042 meliora
3255 987 3561 1057 profectus.

1987 1070 2096 1125 Eos
2129 1070 2317 1141 igitur,
2335 1072 2431 1142 qui
2464 1087 2609 1128 circa
2651 1074 2838 1144 pepuli
2886 1077 3248 1132 eruditionem
3287 1077 3567 1149 negligen-

1989 1168 2073 1215 ter
2105 1161 2282 1218 all‘eeti
2309 1174 2458 1231 sunt,
2481 1168 2773 1237 segregari,
2799 1167 2852 1222 in
2907 1169 3232 1240 negligentia
3275 1185 3404 1227 vero
3438 1185 3564 1242 per-

1987 1263 2297 1311 severantes
2325 1255 2664 1326 depositione
2694 1259 2876 1329 puniri
2903 1260 3080 1330 jubet.

2061 1426 2265 1484 Eadem
2300 1429 2468 1486 etiam
2505 1447 2629 1488 can.
2674 1435 2738 1490 l9
2767 1451 2890 1507 syn.
2923 1452 2974 1490 vt
2994 1435 3176 1504 jubet,
3205 1453 3370 1509 quem
3405 1454 3561 1510 quae-

1989 1533 2080 1576 ras
2114 1521 2168 1575 in
2201 1537 2326 1593 cap.
2359 1524 2421 1578 11
2466 1525 2573 1581 litt.
2599 1528 2662 1584 Β.

2059 1610 2247 1669 Canon
2276 1624 2458 1671 autem
2487 1616 2587 1672 121
2665 1633 2784 1691 syn.
2825 1619 3108 1693 Carthag.,
3147 1621 3426 1694 Episcopi,
3481 1624 3567 1678 in-

1991 1702 2131 1773 quit,
2165 1705 2256 1774 qui
2291 1721 2480 1778 greges
2505 1723 2635 1766 suos
2659 1721 3040 1777 contemnunt,
3072 1721 3128 1770 et
3160 1715 3427 1772 salutaria
3453 1731 3561 1770 non

309 1773 570 1852 δάσκουσι
609 1799 678 1853 τὰ
709 1773 1440 1872 σωτήριαίπαρεγγυᾶσθαι
1476 1773 1560 1856 δεῖ
1602 1773 1740 1872 πρδς
1763 1773 1887 1854 ’τῶν

2002 1773 2206 1862 locent,
2238 1773 2448 1854 moneri
2495 1799 2694 1856 debent
2736 1816 2764 1856 a
2791 1803 2988 1860 vicinis
3026 1773 3319 1876 episcopis
3362 1814 3420 1861 ut
3463 1821 3557 1861 so-

311 1889 732 1962 πλησιοχώρων,
793 1892 1118 1962 μεθεμένοις
1163 1893 1234 1947 τὰ
1284 1893 1386 1964 τῆς
1433 1892 1744 1964 ῥᾳστώνης,
1791 1894 1892 1964 τῆς

311 1985 704 2054 προσηκούσης
739 1984 993 2053 γενέσθαι
1024 1986 1288 2054 σπουδῆς.
1331 1985 1655 2056 Ἐξήκοντος
1684 1985 1740 2038 δέ
1773 2000 1896 2039 και-

315 2074 412 2144 ροῦ
445 2075 631 2146 μηνῶν
667 2074 747 2142 ἐξ,
773 2077 869 2130 καὶ
905 2075 1044 2147 μετά
1075 2075 1365 2148 ῥᾳστώνης
1391 2075 1473 2130 ῑτι
1507 2075 1787 2144 βιούντων,
1815 2075 1894 2146 τῷ

312 2165 544 2234 ἔγγιστα
565 2167 856 2238 ἐπισκὸπῳ
880 2167 981 2239 τὴν
1005 2168 1194 2238 χώραν
1223 2167 1319 2221 καὶ
1345 2167 1436 2222 τὸν
1460 2166 1592 2220 λαὸν
1618 2181 1896 2238 προσανα-

310 2256 541 2326 τιθέναι,
563 2257 641 2328 τῷ
657 2258 942 2330 δυναμένῳ
961 2275 1022 2311 τε
1040 2259 1134 2312 καὶ
1150 2258 1592 2330 προθυμουμένῳ
1610 2261 1676 2328 τῇ
1703 2257 1892 2329 διδαχῇ

309 2349 534 2413 τούτους
551 2349 688 2419 πρὸς
706 2351 767 2404 τὸ
794 2354 1042 2422 κρεῖττον
1069 2349 1378 2422 ῥυθμίζειν.
1401 2351 1463 2403 El
1479 2349 1534 2403 δὲ
1550 2351 1645 2404 καὶ
1658 2349 1726 2404 δι’
1750 2350 1896 2404 olito-

309 2439 505 2511 νομίαν
515 2440 637 2494 τινὰ
651 2441 751 2512 τὴν
768 2442 929 2512 σιγὴν
940 2441 1213 2514 αἱρεῖσθαί
1227 2457 1416 2511 φησιν,
1429 2439 1505 2504 ῶς
1520 2439 1588 2493 ἂν
1601 2438 1744 2494 οὕτω
1758 2439 1896 2510 μᾶλ-

311 2531 404 2584 λον
433 2532 609 2595 ἐνίους
639 2533 750 2586 τῶν
778 2533 1075 2606 αἱρετικῶν
1105 2532 1494 2602 ἐφελκύσηται,
1524 2533 1618 2584 καὶ
1651 2532 1727 2604 μὴ
1753 2531 1894 2603 πρὸς

311 2623 600 2678 ἀπείθειαν
659 2624 905 2698 ἐρεθίσῃ,
973 2624 1126 2694 τρεῖς
1189 2623 1298 2678 τῶν
1359 2623 1681 2677 ἐπισκόπων
1732 2621 1892 2676 ἐκλέ-

311 2714 506 2783 γεσθαι
557 2715 710 2786 παρά
761 2715 858 2769 τοῦ
910 2714 1011 2786 τῆς
1051 2715 1322 2786 ἐπαρχίας
1385 2713 1762 2784 πρωτεύοντος
1812 2715 1894 2780 είς

311 2807 413 2876 τὴν
478 2806 608 2876 περὶ
669 2807 860 2860 τούτου
927 2806 1240 2876 ἐπίκρισινο
1289 2806 1387 2861 καὶ
1431 2807 1484 2858 εί
1525 2804 1682 2860 ταῦθ’
1719 2803 1894 2870 οὕτως

311 2897 458 2969 ιχειν
483 2898 747 2972 δειχθείη,
781 2899 921 2973 πρὸς
954 2899 1117 2953 αὐτὸν
1146 2893 1304 2962 αὖθις
1333 2898 1434 2969 τὴν
1467 2896 1654 2969 χώραν
1682 2896 1889 2951 ἐπανα-

311 2989 669 3059 στρέφεσθαι.

395 3080 457 3134 '0
501 3081 560 3134 δέ
611 3079 731 3151 ρκγ⁹
766 3081 864 3136 καλ⁹
905 3097 1008 3151 της
1046 3081 1156 3135 τῶν
1201 3079 1407 3160 λοιπῶν
1458 3081 1746 3146 κοινωνίας
1797 3080 1891 3134 τὸν

309 3170 528 3241 ἀμελῶς
568 3134 920 3241 δίακέίμενον
950 3134 1363 3242 ἐξοστρακίζειῖ
1387 3172 1528 3241 μετά
1563 3172 1663 3244 τὴν
1690 3134 1799 3227 τῶν
1829 3172 1892 3238 ἐξ

313 3261 503 3332 μηνῶν
559 3261 941 3333 παραδρομὴν,
990 3263 1042 3315 εί
1081 3263 1157 3333 μὴ
1204 3265 1440 3326 πιστοῖς,
1479 3263 1617 3317 ἀλλά
1668 3263 1736 3335 δὴ
1796 3266 1892 3319 καὶ

310 3353 568 3417 ἀπίστοις
593 3354 662 3408 τὰ
689 3355 822 3423 ὑγιᾶ
843 3353 953 3426 τῶν
975 3355 1264 3425 δογμάτων
1287 3356 1527 3428 ἐνηχοίη,
1559 3357 1656 3410 καὶ
1685 3357 1889 3428 ὁσημέ-

315 3465 405 3517 ραι
440 3449 890 3520 διαμαρτύροιτο,
938 3450 1086 3513 ὅπως
1127 3450 1198 3503 τά
1239 3451 1341 3515 τῆς
1373 3449 1629 3519 ἀληθείας
1667 3450 1805 3521 ἔχει,
1840 3453 1892 3506 εί

315 3543 390 3611 μή
409 3557 514 3593 που
542 3540 734 3612 ἢνόσῳ
758 3541 1115 3611 κατείληπτο,
1138 3542 1171 3612 ἢ
1195 3541 1411 3610 μείζοσι
1433 3542 1533 3611 τῆς
1558 3541 1889 3614 Ἐκκλησίας

313 3633 641 3693 ὑποθέσεσιν
673 3633 1027 3704 ἐνησχόλητο,
1063 3632 1098 3704 ἢ
1130 3634 1158 3686 ὁ
1183 3633 1358 3688 ταῦτα
1386 3633 1673 3700 διεκδικῶγ
1701 3637 1890 3711 ἄρχων

311 3725 480 3795 ἀπῆν.

393 3819 455 3872 '0
484 3818 540 3872 δέ
569 3818 640 3883 ξδ’
669 3818 773 3889 τῆς
812 3825 868 3884 ς’
924 3819 1144 3874 συνόδου
1188 3818 1266 3890 τῷ
1303 3819 1541 3893 δημοσίᾳ
1583 3819 1888 3878 διδάσκοντι

313 3907 487 3978 λαῖκῷ
519 3909 589 3962 τά
616 3908 871 3979 περὶτῆς
910 3909 1146 3972 πίστεως
1182 3909 1454 3980 δόγματα,
1475 3911 1569 3963 καὶ
1597 3910 1673 3983 μὴ
1702 3911 1764 3963 τὸ
1792 3911 1889 3975 οὓς

313 4001 563 4071 ἐπέχοντι
589 4001 790 4071 μᾶλλον
814 4002 930 4065 τοῖς
957 4006 1022 4073 τῇ
1056 4001 1176 4073 θείᾳ
1201 4002 1370 4072 ψήφῳ
1401 4003 1777 4058 διδασκαλεῖον
1799 4003 1889 4057 ἐπ’

313 4093 612 4162 ἐκκλησίας
661 4093 1065 4163 ἀνοιξαμένοις,
1112 4097 1161 4148 ει
1205 4097 1300 4150 καὶ
1339 4094 1428 4148 ἐπ’
1459 4095 1630 4166 ἀκρον
1665 4096 1887 4164 ἀπάσης

314 4183 574 4256 ἐληλάκει
605 4186 818 4253 σοφίας,
852 4183 1164 4254 ἀφορισμδν
1183 4185 1264 4247 είς
1297 4182 1349 4253 μ’
1381 4185 1596 4254 ἡμέρας
1625 4186 1888 4256 ἐπιτιμᾶ-

309 4293 397 4332 ται
416 4292 432 4309 ο
469 4279 576 4348 ίδίᾳ
607 4278 664 4331 δέ
695 4293 780 4342 τις
801 4277 1202 4349 ἀποκρίνασθαι
1224 4279 1337 4341 τοῖς
1360 4276 1789 4350 πυνθανομένοις
1819 4279 1884 4334 οὐ

311 4370 715 4443 κωλυθησεται.

982 4481 1210 4554 Νόμος.

377 4597 586 4667 Μηδεὶς
615 4595 897 4668 κληρικὸς,
934 4595 967 4666 ἢ
1004 4596 1262 4667 μοναχδς,
1296 4595 1328 4668 ἢ
1362 4599 1815 4670 στρατευόμενος,
1849 4598 1883 4671 ἢ

302 4689 626 4758 οίοσδήποτε
656 4687 868 4757 πληθὺν
907 4688 1176 4756 συνάγων,
1209 4689 1445 4760 δημοσίᾳ
1478 4690 1608 4760 περ)⁸
1655 4691 1755 4760 τῆς
1791 4691 1884 4744 πί-

305 4793 480 4848 στεως
530 4776 884 4845 διαλεγέσθω.
920 4776 1195 4846 Ὑϐρίζειν
1214 4778 1323 4849 γὰρ
1346 4778 1496 4832 δοκεί
1523 4779 1624 4850 τὴν
1651 4780 1709 4833 ἐν
1736 4781 1882 4834 Χαλο

303 4871 489 4940 κηδόνι
523 4869 766 4933 σύνοδον,
813 4869 911 4939 τὴν
948 4869 1174 4932 δεόντως
1215 4871 1394 4923 πάντα
1431 4870 1880 4938 διατυπώσασαν,

301 4961 466 5026 ὥστε,
501 4965 550 5016 εί
580 4961 678 5032 μὲν
707 4961 964 5032 κληρικὸς
985 4961 1072 5030 εἴη
1103 4961 1132 5014 δ
1151 4961 1324 5015 ταῦτα
1353 4963 1541 5030 ποιῶν,
1573 4963 1666 5018 τοῦ
1691 4965 1882 5018 συλλὸ-

300 5071 399 5121 γου
423 5053 533 5106 τῶν
562 5053 840 5124 κληρικῶν
870 5055 1208 5119 ἐκπεσεῖται,
1249 5054 1297 5106 εί
1335 5053 1393 5107 δέ
1425 5055 1881 5125 στρατευόμενος,

294 5137 723 5216 τῆςστρατείας
743 5161 758 5177 ο
788 5146 837 5198 oi
881 5145 938 5198 δέ
967 5144 1144 5198 λοιποὶ⁵
1167 5146 1312 5200 κατά
1337 5148 1438 5213 τὴν
1465 5148 1672 5202 οἰκείαν
1707 5147 1880 5222 τύχην

296 5241 805 5311 τιμωρηθήσονται.

511 5353 764 5407 ΚΕΦΔΛ.
799 5351 871 5422 (τ’
908 5350 1043 5426 [ﬂ'].
1067 5351 1664 5423 Περίβικαιοσύνης.

373 5465 704 5535 Δικαιοσύνη
745 5465 865 5520 ἐστὶ
919 5464 1167 5536 σταθηρά
1199 5466 1294 5518 καὶ
1323 5463 1580 5536 διηνεκὴς
1624 5462 1879 5535 βούλησις

295 5557 518 5625 ἐκάστφ
536 5555 598 5608 τὸ
628 5555 759 5610 ἴδιον
785 5555 1142 5623 ἀπονέμουσα
1157 5555 1392 5610 δίκαιον.

373 5649 513 5701 Ἴδια
537 5646 889 5717 δικαιοσύνης
916 5648 979 5700 τὸ
1025 5649 1269 5715 κοσμίως
1292 5648 1414 5720 ζῇν,
1449 5647 1606 5704 ἄλλον
1643 5646 1720 5720 μὴ
1746 5647 1879 5720 βλάο

294 5758 479 5812 πτειν,
510 5741 731 5810 ἑκάστῳ
756 5739 820 5792 τὸ
849 5740 984 5794 ίδιον
1019 5741 1344 5806 ἀπονέμειν.

623 5834 893 5898 Panos.
927 5836 1044 5898 Gn.
1078 5835 1358 5898 CXLIV.

1911 4472 1968 4534 Ι)

1990 1885 2234 1941 cordiam
2278 1903 2411 1944 cura
2467 1892 2812 1949 convenienti
2863 1907 3224 1954 commutent.
3287 1895 3558 1968 Tempore

1992 1984 2176 2032 autem
2213 1993 2307 2034 sex
2328 1981 2600 2038 mensium
2636 1984 2844 2053 elapso,
2894 1985 3070 2056 iisque
3091 1988 3146 2042 in
3177 1989 3435 2044 socordia
3466 1990 3566 2044 ad-

1994 2067 2104 2124 huc
2147 2070 2479 2137 viventibus,
2548 2075 2766 2132 vicinus
2828 2077 3119 2149 episcopus
3168 2081 3445 2151 regionem
3507 2091 3566 2137 et

1992 2156 2253 2227 populum
2307 2160 2464 2216 alteri
2505 2165 2834 2230 committat,
2890 2165 2983 2236 qui
3028 2167 3204 2236 possit
3255 2179 3310 2223 et
3343 2171 3566 2225 studeat

1991 2247 2238 2307 doctrina
2271 2267 2371 2308 sua
2426 2269 2552 2310 eum
2601 2255 2670 2311 ad
2730 2258 2928 2312 melius
2977 2258 3236 2330 dirigere.
3297 2261 3453 2329 Quod
3512 2265 3563 2319 si

1992 2348 2215 2408 propter
2234 2342 2602 2398 meonomiam
2622 2358 2680 2399 se
2701 2343 2978 2400 silentium
2997 2349 3175 2418 egisse
3196 2347 3364 2414 dicat,
3384 2358 3441 2402 ut
3464 2351 3566 2406 hac

1994 2431 2209 2486 ratione
2230 2431 2514 2490 haereticos
2546 2435 2764 2505 aliquos
2809 2436 2875 2491 ad
2904 2451 2963 2492 se
2993 2442 3354 2509 pertraheret,
3380 2451 3565 2496 etnon

1993 2521 2060 2576 ad
2088 2522 2510 2580 inobedientiam
2545 2525 2806 2606 irritaret,
2855 2537 2967 2585 tres
2999 2530 3238 2602 episcopi
3268 2533 3335 2586 ad
3367 2533 3566 2588 harum

1994 2629 2176 2671 rerum
2227 2619 2684 2674 examinationem
2732 2637 2763 2676 a
2819 2623 3114 2692 provincia:
3168 2625 3400 2695 primate
3461 2628 3567 2681 eli-

1993 2719 2211 2780 gantur,
2236 2718 2291 2765 et
2319 2710 2366 2765 si
2394 2710 2508 2766 haec
2544 2712 2618 2767 ita
2653 2728 2710 2769 se
2743 2713 2943 2770 habere
2997 2724 3282 2772 ostensum
3355 2719 3449 2785 sit,
3495 2718 3566 2775 ab

1993 2813 2061 2856 eo
2106 2815 2300 2858 rursus
2331 2801 2387 2857 in
2417 2802 2696 2874 regionem
2730 2806 3074 2865 restituatur.

2063 3063 2207 3133 Quin
2238 3075 2292 3124 et
2317 3083 2442 3125 can.
2475 3069 2582 3126 123
2608 3074 2732 3127 eum
2757 3073 2852 3143 qui
2881 3075 3218 3146 negligenter
3251 3091 3311 3134 se
3363 3077 3502 3149 gerit
3533 3095 3566 3135 ε

1997 3156 2332 3227 reliquorum
2381 3162 2773 3220 communione
2835 3167 3214 3234 exterminat,
3271 3179 3565 3241 postquam

1993 3263 2088 3302 sex
2137 3265 2352 3307 menses
2407 3255 2788 3323 praeterierint,
2832 3257 2880 3313 si
2935 3273 3045 3314 non
3093 3261 3304 3326 lideles,
3346 3261 3457 3316 imo
3512 3273 3567 3317 et

1993 3337 2240 3396 inﬁdeles
2267 3357 2399 3397 sana
2437 3345 2691 3416 dogmata
2742 3347 2992 3417 edoceat,
3027 3351 3132 3406 nisi
3187 3353 3380 3408 morbo
3418 3353 3562 3408 deti-

1993 3442 2208 3497 neatur,
2241 3433 2322 3487 vel
2345 3433 2648 3504 majoribus
2675 3435 2931 3493 Ecclesia:
2957 3443 3354 3510 quastionibus
3404 3459 3565 3500 vaca-

1995 3523 2153 3594 verit,
2186 3526 2271 3580 vel
2297 3527 2650 3598 magistratus
2680 3529 2879 3586 hornm
2908 3530 3168 3590 defensor
3199 3533 3464 3592 abfuerit.

2059 3796 2248 3855 Canon
2287 3809 2468 3857 autem
2500 3801 2571 3857 64
2593 3820 2713 3877 syn.
2735 3820 2796 3861 vt
2830 3806 2992 3875 laico,
3023 3809 3116 3880 qui
3150 3811 3273 3866 lidei
3309 3813 3562 3884 dogmata

1991 3893 2211 3962 publice
2241 3896 2421 3962 docet,
2463 3909 2519 3952 et
2549 3913 2656 3952 non
2679 3900 2860 3968 potius
2882 3916 3047 3958 aures
3102 3903 3172 3959 iis
3195 3906 3420 3975 praebet,
3470 3908 3562 3976 qui

1990 3983 2176 4040 divina
2201 3987 2548 4043 ordinatione
2579 3990 2826 4044 scholam
2896 3992 2950 4047 in
3003 3995 3238 4050 ecclesia
3289 3998 3562 4066 aperiunt,

1992 4077 2246 4144 quamvis
2275 4093 2495 4133 omnem
2527 4081 2854 4149 sapientiam
2907 4083 2962 4138 in
2993 4100 3210 4140 summo
3241 4089 3412 4156 gradu
3447 4103 3566 4143 sor-

1989 4169 2123 4224 titus
2149 4169 2243 4230 sit,
2275 4184 2369 4239 seg
2385 4173 2721 4238 rogationem
2763 4173 2834 4228 40
2863 4174 3076 4230 dierum
3109 4176 3324 4246 inﬂigit.
3364 4177 3559 4234 Priva-

1989 4262 2081 4317 tim
2111 4276 2239 4316 vero
2272 4262 2737 4332 interrogantibus
2789 4268 3122 4336 respondere
3172 4284 3336 4326 nemo
3371 4271 3564 4340 prohi-

1987 4353 2226 4409 behitur.

2707 4472 2840 4532 Lex.

2060 4582 2255 4640 Nullus
2297 4585 2554 4652 clericus,
2618 4589 2703 4644 vel
2752 4591 3074 4658 monachus,
3143 4592 3225 4646 vel
3250 4593 3429 4662 miles,
3481 4595 3564 4651 vel

1987 4678 2389 4748 qualiscunque
2462 4680 2680 4735 turbam
2743 4695 3086 4753 congregans
3148 4684 3362 4754 publice
3417 4688 3562 4742 circa

1990 4770 2150 4825 Iidem
2215 4771 2474 4826 disserat.
2515 4771 2796 4842 Synodum
2851 4774 2997 4828 enim
3055 4773 3562 4842 Chalcedonensem

1989 4863 2321 4916 contumelia
2387 4861 2604 4918 allicere
2636 4861 2877 4925 videtur,
2931 4879 3054 4934 qua:
3106 4881 3295 4920 revera
3347 4869 3563 4931 statuit,

1985 4954 2130 5023 quod
2166 4953 2211 5008 si
2240 4954 2472 5008 clericus
2493 4954 2565 5008 sit
2592 4951 2702 5023 95
2727 4953 2819 5022 qui
2853 4953 2956 5008 hoc
2985 4953 3196 5020 fecerit,
3228 4957 3560 5012 clericorum

1984 5059 2216 5100 numero
2244 5044 2499 5110 excidet;
2559 5044 2604 5097 si
2639 5059 2766 5098 vero
2801 5044 2979 5110 miles,
3021 5049 3261 5102 exercitu
3293 5089 3308 5113 ,
3371 5052 3562 5122 reliqui

1984 5146 2167 5194 autem
2208 5135 2511 5192 secundum
2539 5151 2697 5190 suam
2731 5133 3006 5192 fortunam
3040 5140 3357 5209 punientur.

2345 5337 2502 5394 CAP.
2545 5335 2612 5393 Vl
2646 5334 2840 5412 [Vill].
2873 5337 2950 5394 De
2972 5341 3210 5409 iustitia.

2053 5454 2274 5512 Justitia
2311 5465 2398 5511 est
2432 5464 2697 5511 constans
2746 5465 2802 5512 ct
2858 5464 3120 5526 perpetua
3157 5457 3437 5526 voluntas,
3468 5460 3560 5531 jus

1979 5563 2143 5604 suum
2177 5547 2377 5617 cuique
2402 5547 2679 5602 tribuens.

2051 5640 2292 5696 Justitiae
2322 5639 2542 5710 propria
2570 5648 2720 5704 sunt,
2753 5639 2982 5694 honeste
3012 5637 3217 5705 vivere,
3280 5641 3559 5699 neminem

1981 5734 2201 5801 laedere,
2236 5734 2327 5807 jus
2367 5748 2530 5790 suum
2551 5733 2752 5803 cuique
2783 5732 3048 5787 tribucre.
3201 5732 3207 5739 '

3153 5825 3234 5892 39
