3992 6422
472 381 609 449 1⁵231

1658 382 2030 446 ΜΑΤΤῊᾹΞΙ
2071 383 2503 449 BLASTARIS

3549 382 3658 449 1232

466 497 808 568 iudicantur,
847 491 912 549 ad
947 491 1243 563 provincia:
1295 491 1785 563 metropolitanum
1852 494 2040 560 abire;

2167 496 2191 548 ιί
2221 494 2597 564 δικαζόμενοι,
2634 493 2772 566 πρδς
2799 491 2894 548 τδν
2917 493 3018 564 τῆς
3045 492 3310 567 ἐπαρχίας
3343 494 3542 553 ἀπιέναι
3575 517 3662 570 μη-

466 588 555 641 sin
581 600 715 640 vero
739 593 893 639 trans
947 599 1098 638 mare
1147 583 1214 637 ad
1270 583 1406 638 alias
1460 584 1776 652 provincias
1825 584 2050 654 proﬁci-

470 685 716 740 scantur,
746 673 1044 746 segregari,
1085 675 1155 730 iis
1195 675 1288 743 qui
1325 683 1457 730 sunt
1491 676 1546 729 in
1584 658 1769 729 Africa
1829 691 1927 732 eos
1979 674 2046 730 ad

465 767 913 823 communionem
944 781 1052 820 non
1087 766 1535 822 admittentibus.
1589 764 1737 822 Hinc
1800 766 2050 821 ostendi-

472 871 583 926 tur,
620 876 728 914 non
762 860 926 915 licere
959 874 1111 929 papae
1155 857 1406 913 Romano
1458 860 1708 913 omnium
1770 858 2049 914 Ecclesia-

472 968 594 1006 rum
662 952 1054 1022 appellationes
1119 951 1456 1006 examinare.
1519 949 1578 1004 Si
1652 950 1798 1004 enim
1861 950 2050 1020 appel-

471 1045 709 1100 lationes
736 1045 788 1096 in
820 1043 1000 1098 Africa
1055 1042 1397 1107 examinare,
1437 1057 1558 1111 qua:
1592 1049 1845 1110 respectu
1868 1040 2055 1094 Romae

476 1146 628 1191 trans
657 1150 807 1191 mare
847 1137 952 1190 sita
996 1133 1332 1203 est,‘canon
1390 1150 1500 1190 non
1545 1135 1822 1196 concedit,
1881 1133 2054 1188 multo

477 1230 658 1283 minus
697 1228 753 1282 in
809 1228 954 1304 alias
992 1227 1242 1298 regiones
1287 1227 1392 1281 hoc
1449 1227 1536 1288 ius
1597 1227 1838 1283 habebit.

544 1320 734 1375 Cauon
796 1319 1023 1389 insuper
1090 1319 1191 1374 104
1221 1319 1397 1373 sacris
1449 1318 1738 1372 ordinibus
1782 1318 2053 1384 initiatos,

475 1412 569 1485 qui
629 1415 698 1469 ad
758 1427 940 1482 regem
995 1412 1220 1478 abeunt,
1257 1420 1312 1465 et
1351 1421 1542 1482 petunt
1599 1423 1652 1466 ut
1711 1410 1923 1482 judices
1978 1411 2056 1465 ci-

477 1497 614 1560 viles
679 1521 901 1560 causam
938 1518 1094 1559 suam
1161 1503 1504 1568 examinem,
1532 1502 1804 1570 judicium
1845 1502 2060 1558 scilicet

467 1599 914 1660 _ecclesiasticum
973 1597 1343 1667 repudiantes,
1375 1594 1617 1663 deponit;
1652 1607 1748 1650 eos
1779 1607 1906 1649 vero
1935 1591 2056 1663 epi-

478 1691 696 1762 scopale
733 1689 1002 1762 judicium
1049 1705 1088 1745 .a
1141 1702 1268 1759 rege
1324 1687 1685 1758 postulantes,
1712 1701 1821 1742 non
1879 1685 2057 1756 punit.

490 1862 493 1866 ’
548 1872 735 1928 Canon
796 1886 926 1927 vero
953 1872 1046 1938 30,
1087 1870 1144 1926 Si
1176 1871 1303 1935 duo,
1326 1860 1533 1941 inquit,
1559 1869 1790 1942 litigent,
1822 1884 2055 1941 quorum

481 1968 618 2023 alter
675 1968 727 2021 in
782 1967 904 2021 loco
962 1965 1019 2019 in
1079 1979 1189 2034 quo
1245 1963 1488 2019 tribunal
1541 1963 1792 2033 erigitur,
1847 1961 2059 2016 exami-

481 2060 758 2114 nationem
833 2067 1069 2121 recuset,
1156 2065 1408 2112 metuens
1482 2054 1626 2110 forte
1687 2070 1756 2110 ne
1827 2055 2058 2124 populus

481 2165 751 2224 propenso
811 2150 866 2203 in
928 2148 1302 2204 adversarium
1361 2149 1480 2218 ejus
1539 2147 1729 2203 animo
1793 2147 2054 2216 impetum

482 2247 537 2300 in
597 2244 747 2298 illum
802 2245 1050 2297 facturus
1076 2240 1148 2296 sit
1210 2241 1443 2311 (utpote
1497 2239 1592 2309 qui
1625 2238 1735 2292 illic
1764 2237 2058 2306 potentiam

483 2335 756 2403 habeat),
799 2335 883 2388 vel
937 2341 1099 2388 testes
1152 2331 1452 2402 producere
1507 2345 1634 2384 eum
1706 2344 1813 2383 non
1875 2329 2059 2394 sinat,

481 2424 560 2480 illi
623 2425 949 2494 permissum
1006 2433 1088 2477 est
1147 2423 1312 2477 alium
1378 2422 1558 2476 locum
1615 2419 1838 2488 eligere,
1877 2419 2060 2487 ibique

479 2533 705 2572 causam
737 2516 1158 2572 examinandam
1210 2513 1428 2581 sistere;
1458 2512 1701 2568 vicinum
1746 2521 1956 2573 tamen,
1990 2525 2060 2566 ne

477 2611 716 2668 dilIicilis
773 2611 844 2665 sit
885 2608 1161 2679 iudicibus
1209 2605 1610 2678 peregrinatio,
1640 2612 1695 2660 et
1744 2601 2060 2660 adversario

481 2707 708 2762 testium
766 2703 1081 2774 productio.

1209 2790 1337 2847 Lex.

542 2888 851 2946 .Justiniani
880 2884 1102 2940 Novella
1157 2884 1286 2946 tas,
1329 2882 1386 2938 Si
1430 2881 1544 2953 qui,
1579 2879 1777 2952 inquit,
1811 2879 2058 2952 eiusdem

481 2983 683 3054 synodi
746 2976 1102 3034 sanctissimi
1171 2975 1440 3046 episcopi,
1468 2974 1898 3028 controversiam
1959 2973 2060 3027 ali-

489 3090 650 3145 quam
713 3072 856 3127 intcr
912 3086 971 3125 se
1029 3068 1289 3134 habeant,
1355 3067 1472 3120 sive
1522 3065 1589 3119 de
1615 3063 1742 3135 jure
1788 3064 2057 3120 ecclesia-

2149 583 2500 654 τροπολίτην.
2552 585 2616 638 El
2647 585 2704 638 δέ
2739 587 2916 657 πέραν
2943 586 3045 656 τῆς
3073 586 3342 657 Θαλάσσης
3379 589 3501 660 πρὸς
3528 592 3664 658 ἀλλας

2159 675 2436 745 ἐπαρχίας
2464 677 2712 743 ἀπίοιεν,
2740 675 3125 747 ἀφορίζεσθαι,
3153 677 3261 732 τῶν
3290 680 3344 732 ἐν
3359 680 3567 753 ’Δφρικῇ
3603 687 3668 748 εις

2151 769 2443 822 κοινωνίαν
2463 768 2663 832 αὐτοὺς
2689 769 2764 838 μὴ
2787 770 3188 838 προσιεμένων.
3215 769 3478 823 Ἐντεῦθεν
3496 772 3672 826 δείκνυ-

2153 874 2240 910 ται
2281 857 2356 927 μὴ
2397 857 2602 922 ἐξεῖναι
2652 857 2733 930 τῷ
2773 858 3021 928 Ῥώμης,
3055 859 3236 922 πάσας
3261 861 3355 923 τὰς
3381 861 3670 931 ¹Ἐιιιιιλησίιις

2154 949 2467 1019 ἐπιτηρεῖν.
2500 951 2563 1002 Ei
2597 951 2706 1020 γὰρ
2729 951 2828 1014 τὰς
2862 951 2920 1003 ἐν
2943 949 3182 1022 Ἀφρικῇ
3212 953 3389 1021 τηρεῖν
3407 952 3463 1004 οὐ
3492 952 3673 1007 δίδωσιν

2153 1039 2183 1091 ό
2227 1038 2431 1105 κανὼν,
2475 1039 2653 1110 πέραν
2714 1041 2814 1109 τῆς
2866 1039 3144 1106 Θαλάσσης
3199 1040 3328 1108 πρὸς
3361 1040 3453 1110 τὴν
3491 1040 3673 1112 Ῥώμην

2153 1129 2528 1200 διακειμένας,
2579 1131 2744 1202 σχολῇ
2797 1131 2852 1200 γ’
2904 1131 2970 1185 ἂν
3011 1130 3137 1184 καθ’
3184 1129 3382 1200 ἐτέρων
3411 1132 3584 1200 χωρῶν
3625 1133 3675 1186 τὸ

2153 1222 2300 1276 τοιοῢ
2313 1239 2398 1276 τον
2429 1221 2638 1276 δίκαιον
2677 1221 2855 1292 σχοίη.

2239 1309 2300 1362 '0
2353 1309 2412 1364 δὲ
2460 1307 2534 1379 ρδ¹
2582 1309 2847 1380 καθαιρεῖ
2879 1309 3007 1374 τοὺς
3043 1313 3364 1382 προσιόντας
3395 1314 3677 1385 ίερωμένους

2155 1399 2234 1470 τῷ
2289 1399 2530 1469 βασιλεῖ,
2580 1399 2678 1454 καὶ
2746 1401 3036 1465 αἱτοῦντας
3105 1402 3408 1467 πολιτικοὺς
3460 1405 3679 1469 δικαστὰς

2157 1488 2226 1542 τά
2258 1488 2360 1559 τῆς
2389 1489 2702 1553 ὑποθέσεως
2735 1490 2914 1544 αὐτῶν
2949 1491 3229 1557 ἐξετάσαι,
3273 1493 3333 1547 τδ
3370 1495 3462 1563 τῆς
3489 1496 3682 1567 Ἐκκλη-

2159 1580 2278 1644 σίας
2313 1581 2792 1652 παραιτουμένους
2832 1581 3186 1651 δικαστήριον
3207 1602 3220 1617 ·
3251 1585 3545 1639 ἐπισκόπων
3581 1587 3682 1657 μέν·

2158 1688 2242 1726 τοι
2273 1670 2627 1743 δικαστήριον
2663 1672 2817 1740 παρά
2853 1671 3121 1743 βασιλέως
3153 1674 3432 1740 αἰτοῦντας
3468 1677 3558 1730 οὑκ
3583 1679 3682 1730 ἐπι-

2163 1762 2410 1833 πλήττει.

2239 1852 2300 1906 ’0
2328 1853 2385 1906 δέ
2424 1851 2490 1920 λ’,
2513 1852 2645 1907 Ἐἀν
2689 1851 2803 1920 δύο,
2840 1857 2998 1924 φησὶ,
3033 1854 3384 1922 δικάζωνται,
3414 1849 3483 1911 ὧν
3511 1856 3680 1928 ἕτερος,

2161 1945 2217 1998 ἐν
2247 1938 2290 2013 ᾧ
2316 1946 2378 1998 τδ
2403 1945 2757 2017 δικαστήριον
2786 1948 3112 2002 συνίσταται
3146 1949 3323 2019 τόπῳ,
3356 1950 3450 2020 τὴν
3479 1950 3683 2016 ἐξέτασιν

2160 2040 2535 2106 παραιτεῖται,
2571 2039 2926 2108 ὑπειδόμενος
2953 2040 3084 2102 ἴσως
3111 2041 3214 2110 τὴν
3244 2041 3336 2093 τοῦ
3367 2039 3489 2094 λαοῦ
3521 2043 3686 2094 ἐπεινὰ-

2161 2144 2376 2194 στασιν,
2411 2130 2490 2200 τῷ
2519 2133 2778 2201 ἀντιδίκῳ
2823 2129 2987 2184 αὑτοῦ
3037 2132 3455 2202 προσκειμένου,
3493 2132 3557 2197 ὡς
3592 2135 3686 2186 ἐκεῖ

2160 2221 2760 2291 παραδυναστεΰοντος,
2812 2223 2846 2293 ἢ
2901 2222 2994 2274 καὶ
3041 2221 3330 2292 μάρτυρας
3381 2225 3475 2278 οὐκ
3524 2224 3686 2286 ἐῶντος

2161 2315 2528 2384 παραγαγεῖν,
2562 2314 2778 2382 ἐφεῖται
2813 2312 2989 2382 τούτῳ
3018 2314 3188 2365 τόπον
3229 2314 3562 2379 ἐπιλέξασθαι
3595 2313 3688 2366 ἐτε-

2164 2419 2278 2473 ρον,
2304 2405 2466 2458 κάκετ
2489 2403 2558 2458 τά
2581 2403 2683 2473 τῆς
2707 2403 2860 2475 δίκης
2883 2401 3264 2472 ἐξετασθῆναι,
3288 2404 3509 2476 ἔγγιστα
3538 2407 3688 2476 μέντοι

2160 2502 2524 2572 διακείμενον,
2559 2504 2646 2559 ἵνα
2686 2505 2761 2575 μὴ
2790 2503 3059 2576 δυσχερὴς
3091 2505 3208 2567 τοῖς
3241 2503 3448 2571 κριταῖς
3480 2501 3510 2570 ή
3541 2499 3688 2550 ἐκεῖσε

2161 2593 2247 2663 εἴη
2284 2594 2587 2664 ἀποδημία,
2637 2594 2715 2664 τῷ
2760 2612 2820 2648 τε
2853 2595 3245 2668 ἀντιδίκῳοκαὶ
3271 2596 3337 2669 τῇ
3376 2592 3481 2647 τῶν
3521 2587 3691 2662 μαρτύ-

2162 2703 2274 2760 ρων
2301 2689 2530 2757 προσέτι
2566 2691 2905 2762 παραγωγῇ.

2844 2784 3065 2853 Νόμος.

2241 2868 2310 2924 Ἦ
2345 2870 2462 2952 ρκῇ
2489 2873 2923 2936 ’1ουστινιάνειος
2966 2872 3161 2944 νεαρὰ,
3201 2871 3264 2924 Et
3291 2870 3346 2924 δέ
3378 2885 3531 2930 τινες,
3566 2862 3690 2933 φησὶν

2159 2962 2446 3018 ὁσιώτατοι
2494 2964 2787 3019 ἐπίσκοποι
2833 2965 2932 3034 τῆς
2964 2965 3136 3032 αὐτῆς
3175 2963 3420 3024 συνόδου,
3461 2953 3697 3028 ιῐιμφισδή⁴

2159 3056 2321 3125 τησίν
2355 3071 2476 3108 τινα
2521 3055 2659 3126 πρὸς
2694 3055 2958 3125 ἀλλήλους
2987 3055 3194 3125 ἔχοιεν,
3221 3054 3333 3108 είτε
3363 3052 3499 3122 ὑπὲρ
3529 3046 3696 3114 ἐκκλη-

487 3135 652 3230 sltico,
684 3165 800 3220 sive
860 3163 928 3218 de
993 3160 1116 3216 aliis
1167 3159 1496 3228 quibusdam
1536 3157 1791 3228 negotiis,
1823 3157 2058 3225 primum

2172 3147 2456 3201 σιαστικοῦ
2486 3147 2723 3212 δικαίου,
2755 3149 2865 3200 εἴτε
2901 3147 3044 3218 ὑπὲρ
3077 3147 3258 3200 ἀλλων
3292 3144 3452 3198 τινῶν
3478 3135 3700 3212 πραγμά-

486 3251 946 3322 metropolitanus
1018 3263 1208 3302 eorum
1269 3263 1390 3302 cum
1453 3248 1673 3302 duobus
1730 3246 1855 3301 aliis
1921 3245 2071 3316 eius-

483 3330 614 3396 dem
645 3340 865 3412 .syuodi
926 3337 1238 3408 -episc0pis,
1264 3351 1496 3392 causam
1546 3336 1772 3403 iudicet.
1807 3335 1963 3401 Quod
2023 3334 2070 3390 si

488 3444 722 3504 utraque
771 3448 894 3502 pars
947 3431 1016 3486 iis
1049 3446 1168 3500 qua:
1217 3429 1458 3499 iudicata
1495 3437 1624 3482 sunt
1693 3443 1802 3482 non
1852 3424 2071 3496 acquie-

490 3536 632 3592 scat,
691 3535 821 3581 tunc
851 3524 1202 3580 beatissimus
1250 3523 1372 3592 ejus
1426 3521 1729 3577 dioeceseos
1756 3521 2070 3590 patriarcha

490 3619 634 3674 inter
688 3633 784 3673 eos
835 3616 1044 3683 audiat,
1077 3629 1255 3683 eaque
1303 3612 1552 3677 deliniat,
1585 3627 1708 3682 qua:
1753 3611 2070 3667 canonibus

487 3709 887 3766 ecclesiasticis
951 3715 1008 3761 et
1065 3706 1278 3774 legibus
1326 3716 1698 3759 consentanea
1753 3711 1905 3768 sunt,
1940 3718 2072 3757 neu-

488 3813 576 3858 tra
629 3813 795 3872 parte
869 3797 1150 3855 sententiae
1202 3796 1322 3866 ejus
1376 3797 1754 3852 contradicere
1831 3795 2070 3850 valente.

487 3893 822 3949 Patriarchae
868 3890 1015 3946 enim
1070 3888 1353 3945 sententiae
1386 3887 1736 3959 appellationi
1781 3902 1891 3943 nou
1945 3886 2074 3941 sub-

481 3989 694 4060 iacent.

565 4078 620 4134 Si
673 4079 796 4148 quis
870 4090 1002 4132 vero
1042 4079 1126 4130 .ab
1168 4071 1443 4145 episcopis
1484 4069 1765 4142 judicatus
1803 4071 1946 4126 intra
1974 4071 2072 4128 de-

479 4188 609 4228 cem
640 4172 758 4227 dies
782 4170 997 4241 judicio
1031 4149 1450 4226 contradixerit,
1475 4173 1596 4218 tum
1658 4163 1898 4218 locorum
1931 4178 2072 4234 pras-

498 4265 671 4319 lectus
704 4263 978 4332 negotium
1029 4259 1324 4320 examinet,
1355 4264 1409 4311 et
1439 4255 1524 4310 vel
1576 4256 1898 4310 sententiam
1938 4269 2076 4309 con-

491 4357 710 4420 ‘lirmet,
751 4354 834 4408 vel
867 4351 1191 4415 rescindat;
1233 4356 1288 4404 et
1317 4363 1399 4403 ne
1433 4348 1593 4402 liceat
1618 4346 1668 4400 ei
1689 4347 1782 4416 qui
1833 4345 2075 4401 secundo

499 4447 553 4502 in
614 4447 803 4501 eadem
864 4459 925 4498 re
981 4443 1158 4497 victus
1207 4451 1311 4507 est,
1352 4453 1668 4510 provocare.
1707 4437 1764 4490 Si
1812 4451 1942 4491 vero
1985 4435 2076 4505 iu-

2168 3256 2300 3306 των,
2332 3239 2601 3310 πρότερον
2648 3239 2678 3292 ὀ
2721 3239 3125 3310 μητροπολίτης
3173 3237 3357 3292 αὐτῶν
3391 3233 3506 3306 μεθ’
3530 3231 3698 3299 ἐτέρων

2168 3330 2264 3385 δύο
2285 3333 2352 3384 ἐκ
2381 3331 2490 3385 τῶν
2518 3333 2615 3402 τῆς
2639 3331 2812 3401 αὐτῆς
2838 3330 3062 3384 συνόδου
3082 3331 3404 3384 ἐπισκόπων
3423 3328 3479 3381 τὺ
3503 3324 3699 3395 πρᾶγμα

2170 3422 2428 3493 κρινέτω.
2477 3421 2600 3475 Κᾶν
2644 3421 2719 3492 μὴ
2753 3422 2988 3492 ἐμμείνῃ
3018 3421 3288 3491 ἑκάτερον
3323 3419 3480 3490 μέρος
3506 3416 3606 3475 τοῖς
3630 3425 3702 3462 κε·

2169 3513 2481 3584 κριμένοις,
2525 3512 2831 3584 τηνικαῦτα
2862 3515 2889 3566 ὁ
2934 3511 3359 3582 μακαριώτατος
3397 3505 3700 3576 πατριάρχης

2168 3606 2269 3674 τῆς
2309 3605 2634 3674 διοικήσεως
2680 3605 2896 3673 ἐκείνης
2947 3603 3154 3673 μεταξὺ
3203 3601 3384 3658 αὐτῶν
3430 3591 3699 3664 ἀκροάσθω,

2169 3698 2403 3750 κάκεῖνα
2430 3694 2684 3767 όριζέτω,
2722 3695 2883 3749 ἅτινα
2908 3697 3020 3758 τοῖς
3050 3689 3522 3763 ἐκκλησιαπικοῖς
3543 3682 3702 3738 κανόσι

2171 3788 2268 3843 καὶ
2295 3788 2487 3859 νόμοις
2519 3787 2758 3859 συνᾴδει,
2786 3787 3002 3849 οὐδενὸς
3037 3787 3242 3856 μέρους
3265 3783 3407 3837 κατά
3434 3780 3525 3848 τῆς
3550 3777 3701 3846 ψήφου

2171 3877 2334 3932 αὐτοῦ
2362 3876 2667 3945 ἀντιλέγειν
2702 3875 3030 3945 δυναμένου.
3058 3875 3131 3927 Οὐ
3155 3874 3269 3944 γὰρ
3290 3871 3382 3926 καὶ
3413 3865 3636 3938 ἐκκλήτῳ
3659 3860 3704 3913 al

2170 3971 2278 4026 τῶν
2311 3967 2671 4039 πατριαρχῶν
2698 3965 3024 4020 ὑπόκεινται
3050 3965 3245 4035 ψῆφοι.

2243 4062 2307 4116 Εἰ
2327 4061 2382 4115 δέ
2407 4079 2494 4126 τις
2525 4061 2635 4114 τῶν
2665 4059 2817 4130 παρὰ
2851 4061 2965 4122 τοῖς
3015 4058 3341 4121 ἐπισκόποις
3382 4051 3707 4123 δικαζομένων

2174 4153 2328 4217 ἐντὺς
2370 4153 2502 4206 δέκα
2543 4150 2767 4222 ἡμερῶν
2799 4150 3032 4222 ἀντείπῃ
3053 4149 3166 4211 τοῖς
3199 4147 3564 4218 κεκριμένοις,
3586 4153 3708 4208 τηνι-

2174 4251 2350 4305 καῦτα
2407 4253 2434 4303 ὁ
2486 4248 2593 4302 τῶν
2625 4248 2810 4300 τόπων
2839 4245 3026 4317 ἄρχων
3062 4245 3124 4298 τὸ
3156 4246 3397 4314 πρᾶγμα
3428 4236 3706 4306 ἐξεταζέτω,

2174 4341 2271 4396 καὶ
2324 4340 2356 4413 ἢ
2416 4339 2720 4410 βεδαιούτω
2761 4327 3117 4407 τῆν’ψῆφον,
3153 4333 3188 4404 ἢ
3247 4331 3596 4396 ἐκὸιῦαζέτω,
3633 4322 3710 4376 καὶ

2178 4432 2254 4504 μὴ
2309 4432 2514 4498 ὲξθέστιιι)
2571 4431 2649 4502 τῷ
2698 4431 2954 4498 δεύτερον
2998 4429 3056 4481 ἐν
3093 4427 3172 4498 τῷ
3203 4425 3431 4494 τοιούτῳ
3465 4419 3710 4490 πράγματι

499 4541 604 4592 de:
665 4535 994 4593 contrariam
1054 4532 1312 4602 episcOpo
1376 4529 1705 4586 sententiam
1761 4524 1922 4591 ferat,
1951 4525 2064 4594 ejus

2172 4523 2462 4595 ἡττηθέντι
2521 4521 2898 4578 ἐκκαλεῖσθαι.
2949 4518 3245 4582 Ἐναντίως
3287 4517 3346 4570 δέ
3407 4513 3514 4602 τοῦ.
3550 4511 3713 4579 ἄρχον-

486 4631 768 4688 sententia
829 4623 1175 4696 appellationi
1221 4621 1460 4677 obnoxia
1525 4627 1633 4682 est,
1667 4627 1720 4672 et
1769 4617 2072 4673 secundum

499 4727 670 4795 legem
737 4720 993 4783 refertus,
1028 4726 1083 4772 et
1155 4713 1525 4770 examinatur.
1593 4707 1753 4774 Quod
1811 4707 1857 4762 si
1927 4706 2073 4776 regis

500 4819 777 4881 mandato,
812 4813 896 4869 vel
934 4812 1098 4883 jussu
1136 4805 1460 4878 judiciario,
1503 4805 1794 4874 episcopus
1839 4800 2072 4870 iudicat,

483 4913 569 4967 .ad
619 4925 764 4968 eum,
802 4906 896 4976 qui
943 4917 1167 4959 causam
1235 4898 1405 4963 misit,
1440 4895 1736 4966 appellatio
1784 4892 2071 4947 referatur.

503 5003 563 5057 Si
620 5016 749 5056 vero
800 5013 891 5053 res
945 4991 1314 5050 ecclesiastica
1393 4987 1577 5050 fuerit,
1649 4985 1838 5040 civiles
1905 4981 2078 5051 magi-

493 5102 710 5150 stratus
738 5104 863 5143 cum
921 5086 1022 5139 hac
1091 5097 1256 5136 causa
1312 5076 1449 5132 nihil
1487 5076 1727 5131 habeant
1761 5085 2074 5138 commune,

492 5187 595 5240 sed
658 5177 991 5237 sanctissimi
1053 5173 1294 5243 episcopi
1334 5169 1507 5241 juxta
1569 5167 1787 5224 divinus
1835 5177 2077 5220 canones

484 5273 887 5334 econtroversize
930 5269 1105 5324 ﬁnem
1163 5266 1469 5334 imponant.
1569 5251 1578 5268 ’

572 5553 879 5626 lmperia'lis
920 5561 973 5607 et
1005 5547 1341 5621 principalis
1385 5543 1653 5600 sententia
1723 5539 2077 5613 appellationi

498 5667 608 5706 nou
643 5647 907 5716 subiacet,
938 5659 1114 5712 neque
1141 5641 1208 5694 ab
1234 5639 1339 5694 alio
1370 5643 1698 5691 retractatur
1745 5632 1850 5687 nisi
1881 5649 1907 5687 a
1940 5631 2082 5702 seip-

501 5756 614 5804 so;
663 5733 1120 5808 quemadmodum
1182 5739 1237 5783 et
1314 5726 1492 5782 Moses
1541 5724 1633 5794 qui
1693 5723 1862 5778 Deum
1918 5721 2078 5789 vidit,

499 5831 620 5901 lege
666 5831 776 5885 lata
837 5828 998 5894 dixit,
1031 5810 1370 5880 ltetractahis
1407 5819 1611 5891 iudicia
1650 5824 1767 5872 tua.

2178 4627 2270 4674 τος
2307 4609 2400 4664 τοῦ
2448 4610 2754 4663 ἐπισκόπου
2801 4607 3208 4678 ψηφιζομένου,
3253 4607 3288 4665 ἡ
3345 4603 3438 4657 τοῦ
3489 4600 3713 4670 ἄρχοντος

2178 4701 2359 4772 ψῆφος
2416 4701 2703 4754 ὑπόκειται
2754 4699 3029 4770 ἐκκλήτῳ,
3075 4699 3173 4751 καὶ
3230 4695 3378 4750 κατά
3438 4693 3525 4746 τὸν
3576 4687 3712 4754 νόμον

2180 4795 2515 4864 ἀναφέρεται
2554 4795 2650 4847 καὶ
2687 4792 3050 4861 γυμνάζεται.
3083 4791 3148 4843 Εί
3190 4789 3377 4858 μέντοι
3411 4803 3474 4854 γε
3511 4784 3569 4834 ἐκ
3595 4779 3715 4849 βασι-

2180 4886 2340 4956 λικῆς
2371 4885 2681 4948 κελεύσεως
2707 4885 2741 4955 ἢ
2789 4883 3114 4952 δικαστικῆς
3149 4881 3502 4950 προστάξεως
3533 4873 3716 4926 ἐπίσκο-

2181 4995 2285 5041 πος
2313 4979 2512 5049 κρίνει,
2547 4979 2580 5046 ἠ
2613 4977 2882 5048 ἐκκλητος
2923 4976 3016 5028 ἐπὶ
3045 4975 3136 5027 τὸν
3170 4969 3607 5044 παραπέμψαντα
3637 4961 3714 5049 si}?

2183 5046 2443 5124 ὑπόθεσιν
2480 5046 2866 5137 ἀναφερέσθω.
2903 5067 2965 5120 El
2997 5065 3056 5120 δὲ
3083 5063 3540 5132 ἐκκλησιαστικὸν
3577 5051 3648 5120 εἴη
3670 5046 3715 5137 ib

2185 5163 2445 5232 πρᾶγμα.
2486 5136 2759 5230 μηδεμίαν
2786 5157 3080 5212 κοινωνίαν
3105 5154 3382 5224 ἐχέτωσαν
3413 5150 3460 5201 οἱ
3490 5136 3714 5232 πολιτικοὶ

2178 5227 2448 5325 ᾶρχόπέτες
2488 5227 2638 5325 σρδξ
2661 5252 2761 5323 τὴν
2785 5249 3046 5318 τοιαύτην
3075 5244 3363 5306 ὑπόθεσιν,
3399 5238 3511 5293 ἀλλ’
3528 5235 3571 5288 ol
3593 5227 3716 5325 ocul-)-

2182 5317 2337 5400 ταυτόι
2369 5317 2662 5398 ἐπίσκοποι
2711 5317 2858 5397 κατὰ
2888 5317 3012 5403 τοὺς
3041 5337 3224 5408 ἱεροὺς
3245 5331 3479 5393 κανόνας
3505 5325 3575 5395 τῷ
3606 5317 3716 5390 πρά·

2186 5452 2362 5506 γματι
2393 5435 2568 5505 πέρας
2598 5433 3022 5486 ἐπιτιθέτωσαν.
3225 5481 3234 5486 .

2252 5525 2332 5579 Τὸ
2389 5503 2859 5596 αὐτοκρατορικον
2911 5523 3007 5575 καὶ
3047 5516 3330 5590 βασιλικὸν
3361 5510 3630 5596 κριτήριον
3651 5503 3717 5553 ἐκ·

2187 5618 2373 5688 κλήτῳ
2395 5617 2494 5686 οὐχ
2513 5593 2824 5680 ὑπόκειται,
2851 5611 2970 5665 οὐδὲ
2995 5607 3415 5678 ἀναψηλαφᾱται
3438 5600 3523 5670 ὑφ’
3543 5593 3715 5688 ιτέξοιτ.

2189 5679 2308 5764 ἀλλ’
2338 5679 2427 5776 ἀφ’
2456 5679 2654 5761 ἐαυτοῦ
2687 5707 2774 5760 ἀεὶ
2801 5679 3258 5772 ἐπανακρίνεται,
3292 5697 3437 5751 καθά
3476 5691 3561 5746 καὶ
3583 5689 3608 5740 ό
3633 5679 3721 5736 θεό-

2191 5817 2338 5868 πτης
2367 5798 2609 5867 Μωῦσῆς
2631 5796 2962 5868 νομοθετῶν,
2988 5791 3407 5864 Ἐπανακρινεῖς
3432 5785 3526 5848 τὰς
3547 5776 3721 5851 πείσεις

2194 5910 2314 5960 σου,
2339 5890 2722 5958 διηγόοευσεν.
