3992 6400
301 381 442 448 1233

1313 382 1725 448 SYNTAGMA
1762 379 2396 444 ALPHABETICUM.
2441 403 2514 418 -·
2551 375 2614 443 Ᾱι

3445 362 3585 431 137311

371 499 446 552 Τὸ
478 498 574 555 τοῦ
615 498 955 570 πατριάρχου
995 499 1290 571 κριτήριον
1322 499 1576 571 ὲκκλητῳ
1619 498 1721 568 οὐχ
1751 495 1882 550 ὑπό-

2056 495 2394 551 Patriarcltte
2449 492 2724 551 sententia
2760 489 3110 564 appellationi
3155 491 3275 546 non
3315 489 3585 562 subiacet;

300 609 501 657 κειται,
535 591 656 646 οὐδὲ
684 591 1114 663 ἀναψηλαφᾶται
1143 592 1236 662 ὑφ’
1263 591 1485 663 ἐτέρου,
1507 591 1586 655 ὡς
1619 589 1764 661 ἀρχὴ
1790 590 1885 642 καὶ

302 685 432 742 αὐτὸ
446 684 558 740 τῶν
589 685 1074 755 ἐκκλησιαστικῶν
1106 684 1431 755 κριτηρίων.
1462 684 1561 750 Ἐξ
1580 681 1746 737 αὐτοῦ
1774 679 1887 752 γὰρ

301 779 484 832 πάντα
527 775 600 829 τὰ
657 775 1096 847 ἐκκλησιαστικά
1132 777 1414 847 κριτήρια,
1473 774 1570 828 καὶ
1621 774 1704 837 είς
1753 773 1887 827 αὐτὸ

302 869 547 934 ἀναλύει,
599 868 694 920 καὶ
731 869 1159 938 ἀναστρέφεται,
1194 867 1329 921 αὐτὸ
1357 866 1416 920 δὲ
1460 865 1586 920 οὔτε
1626 866 1692 921 ἐκ
1717 882 1882 930 τινος,

302 960 432 1016 οὔτε
461 961 596 1031 πρὸς
623 959 845 1032 ἕτερον·
885 960 1132 1014 τοιοῦτον
1161 959 1275 1030 γὰρ
1300 960 1332 1029 ή
1366 961 1510 1032 άρχή
1529 974 1545 991 ·
1577 958 1888 1030 ἐπανακρί-

303 1069 454 1106 νεται
499 1051 557 1106 δὲ
597 1051 993 1122 πνευματικῶς
1032 1053 1127 1105 καὶ
1168 1051 1305 1106 αὐτὸ
1336 1052 1428 1122 ὑφ’
1458 1050 1679 1107 ἐαυτοῦ.
1721 1052 1886 1122 Ζήτει

303 1144 399 1198 καὶ
425 1143 489 1196 τδ
519 1150 568 1214 η’
596 1155 724 1212 κεφ.
751 1141 848 1197 τοῦ
873 1143 920 1196 Π
955 1143 1246 1214 στοιχείου.

375 1235 586 1293 Οὐδένα
615 1238 725 1292 τῶν
754 1241 868 1302 τοῖς
904 1237 1386 1308 ἐκκλησιαστικοῖς
1417 1238 1724 1294 τελούντων
1758 1237 1889 1310 βαθ-

309 1331 428 1400 μοῖς
479 1329 822 1396 ἐπίσκοπον,
871 1331 905 1402 ἢ
977 1331 1375 1403 πρεσϐύτερον,
1437 1330 1471 1402 ἦ
1527 1331 1798 1394 διάκονον,
1851 1328 1886 1398 ἢ

304 1421 492 1484 άπλῶς
539 1437 666 1473 τινα
691 1419 790 1474 τοῦ
821 1421 1128 1490 καταλόγου
1161 1422 1258 1476 τοῦ
1284 1418 1585 1491 ἱερατικοῦ,
1614 1419 1819 1474 ἄκοντα
1852 1418 1887 1490 ἢ

306 1513 521 1579 ἐκόντα,
568 1511 883 1582 κριτηρίοις
929 1515 1215 1584 κοσμικοίς
1272 1511 1649 1583 παρίστασθαι
1705 1511 1890 1581 ἀνεχό-

311 1605 476 1675 μεθα.
507 1606 568 1658 Ei
596 1605 705 1675 γὰρ
726 1605 936 1660 ἄκοντά
957 1622 1044 1669 τις
1065 1605 1375 1676 ἀπαγαγών
1405 1623 1526 1658 τινα
1553 1603 1663 1657 τῶν
1693 1604 1893 1673 ἐκκλη-

311 1697 608 1750 σιαστικῶν
629 1697 889 1767 κοσμικῷ
918 1698 1192 1769 κριτηρίῳ
1223 1697 1578 1767 παραστῆναι
1605 1695 1889 1766 βιάσηται,

310 1788 464 1859 παρὰ
510 1791 614 1860 τῆς
665 1790 948 1858 ἡμετέρας
1000 1789 1375 1859 γαληνότητος
1421 1789 1522 1859 τὴν
1569 1790 1892 1858 πρέπουσαν

311 1878 598 1932 παίδευσιν
654 1878 891 1943 δέξεται.
949 1879 1014 1932 Ei
1059 1879 1116 1931 δὲ
1151 1878 1294 1932 ἑκὼν
1321 1880 1349 1932 6
1381 1877 1658 1950 ἱερατικδς
1694 1877 1772 1946 τῷ
1801 1894 1892 1930 κο-

313 1971 499 2041 σμικῷ
537 1971 813 2042 κριτηρίῳ
865 1970 1274 2042 παρασταίη,ἢ
1329 1971 1424 2023 καὶ
1465 1969 1628 2031 αὐτὸς
1669 1968 1890 2040 πρῶτος

310 2063 412 2132 τὴν
467 2062 678 2117 ἐκεῖθεν
725 2062 910 2134 κρίσιν
963 2063 1060 2115 τοῦ
1107 2062 1568 2132 ὲκκλησιαστικοῦ
1602 2061 1889 2132 κριτηρίου

315 2154 743 2223 προτιμήσαιτο,
776 2147 934 2214 οὗτος
972 2152 1078 2206 κᾶν
1103 2151 1314 2205 ἐκεῖθεν
1342 2153 1543 2226 νομίσῃ
1585 2152 1648 2206 τὸ
1677 2152 1892 2207 δίκαιον

312 2243 519 2308 λαϐεῖν,
578 2243 684 2296 ὑπὸ
738 2243 846 2296 τῶν
899 2243 1062 2313 ίερῶν
1132 2243 1380 2296 κανόνων
1441 2243 1892 2308 καταδικάζεται.

315 2333 428 2389 Ποῦ
465 2334 576 2404 γὰρ
629 2333 778 2400 άξιος
825 2337 1014 2403 τυχεῖν
1051 2329 1126 2388 ὧν
1175 2335 1330 2403 ζητεῖ
1378 2336 1407 2389 6
1441 2335 1548 2403 τὴν
1585 2336 1761 2406 ἀρχὴν
1797 2335 1892 2389 τοῦ

315 2426 526 2493 ἀγῶνος
556 2424 664 2479 άπὸ
687 2428 788 2497 τῆς
822 2423 935 2479 τῶν
965 2425 1128 2480 θείων
1161 2425 1383 2497 θεσμῶν
1418 2426 1894 2498 καταὸαλλόμενος

315 2517 532 2588 ὕϐρεως
550 2533 568 2582 ;

295 2617 297 2619 ’
398 2608 560 2661 Ἀλλά
617 2606 716 2661 καὶ
779 2607 812 2677 ἡ
878 2607 987 2661 τῶν
1055 2608 1328 2678 βασιλέων
1405 2608 1735 2679 Ἡρακλείου
1803 2609 1896 2665 καὶ

316 2697 731 2751 Κωνσταντίνου
779 2699 970 2768 νεαρὰ,
1027 2700 1167 2770 μήτε
1221 2700 1523 2755 ἐπίσκοπον
1575 2701 1894 2773 διορίζεται,

319 2791 457 2860 μήτε
504 2787 788 2860 κληρικδν,
836 2791 975 2860 μήτε
1034 2791 1291 2862 μοναχὸν,
1329 2795 1682 2864 χρηματικῆς
1726 2795 1760 2865 ἢ
1807 2796 1897 2864 ἐγ-

315 2882 669 2951 κληματικῆς
724 2881 885 2952 χάριν
930 2883 1112 2946 αίτίας
1169 2883 1322 2954 παρὰ
1349 2885 1614 2954 πολιτικῷ
1662 2886 1696 2956 ἢ
1733 2903 1898 2952 στρα-

315 2973 553 3042 τιωτικῷ
606 2973 913 3040 ἀνάγεσθαι
976 2975 1221 3047 ἄρχοντι,
1287 2976 1428 3030 ἀλλὰ
1487 2979 1642 3047 παρὰ
1708 2980 1896 3050 μόνοις

313 3068 424 3129 τοῖς
459 3064 615 3128 ίδίοις
643 3064 991 3132 ἐπισκόποις,
1019 3066 1052 3137 ἢ
1082 3068 1534 3138 μητροπολίταις,
1563 3070 1599 3142 ἦ
1625 3071 1897 3142 πατριάρ-

314 3176 463 3230 χαις.

386 3251 462 3304 Ἥ
503 3251 562 3304 δὲ
595 3252 692 3306 τοῦ
725 3251 995 3323 βασιλέως
1019 3251 1285 3317 Ἀλεξίου,
1317 3252 1378 3306 El
1412 3254 1707 3325 μερισμὸς,
1732 3257 1892 3327 φησι,

313 3343 375 3396 ἐν
402 3347 514 3407 τοῖς
543 3345 972 3417 διαμαχομένοις
1006 3348 1150 3414 ἐστὶ,
1177 3347 1273 3401 κα)⁹
1295 3346 1324 3399 6
1355 3344 1456 3414 μὲν
1486 3348 1590 3416 τῆς
1619 3349 1895 3420 κοσμικῆς

315 3436 570 3505 φαίνεται
590 3437 1000 3504 καταστάσεως,
1022 3441 1051 3492 6
1075 3439 1134 3492 δὲ
1162 3436 1241 3510 τῷ
1269 3436 1396 3507 θείῳ
1420 3439 1608 3508 κλήρῳ
1639 3440 1897 3508 ἐγκατει-

313 3529 528 3596 λεκται,
564 3531 593 3582 6
629 3528 840 3598 ἐνάγων
878 3531 1184 3596 τηνικαῦτα
1217 3531 1297 3600 τῷ
1326 3529 1481 3602 φόρῳ
1506 3532 1602 3585 τοῦ
1631 3532 1899 3602 ἐναγομὲ-

314 3639 407 3674 νου
436 3623 500 3674 ἐκ
527 3622 729 3684 παντὸς
749 3622 1127 3690 ὑποκείσεται,
1155 3623 1251 3676 καὶ
1282 3623 1518 3686 ἕκαστος
1540 3625 1620 3688 είς
1642 3624 1703 3677 τὸ
1730 3623 1899 3696 πρόσ-

314 3727 484 3781 φορον
519 3713 883 3768 ἀπελεύσεται
912 3713 1293 3784 δικαστήριον.

387 3803 528 3866 Τοὺς
588 3802 853 3872 ἔκκλητον
904 3803 1128 3874 ἔχοντας
1157 3803 1422 3869 δικαστὰς
1456 3804 1718 3876 μείζονας
1755 3800 1898 3860 εἶναι

315 3893 400 3947 δεῖ
429 3894 544 3946 τῶν
574 3893 633 3960 ἐξ
655 3893 830 3964 ἀρχῆς
855 3894 1220 3949 δικασάντων.

391 3986 548 4039 Πᾶσα
582 3985 777 4056 ἀγωγὴ
801 3986 1118 4056 ἁρμόζουσα
1147 3986 1338 4058 σεπτῷ
1363 3989 1502 4058 οἴκῳ
1523 3990 1605 4052 είς
1629 4006 1902 4061 τεσσαρα-

318 4079 639 4132 κονταετίαν
663 4081 990 4133 ἐκτείνεται.
1027 4080 1176 4134 Ἀντὶ
1203 4083 1314 4150 γάρ
1342 4082 1577 4152 χρονίων
1611 4100 1903 4154 παραγρα-

321 4172 437 4241 φῶν
468 4171 578 4228 τῶν
617 4179 648 4225 ι’
679 4173 773 4227 καὶ
804 4180 853 4226 κ’
879 4174 976 4227 καὶ
1018 4171 1061 4225 λ’
1100 4174 1364 4227 ἐνιαυτῶν
1402 4178 1522 4236 ταῖς
1554 4175 1744 4243 ἁγίαις
1776 4174 1904 4230 Ἐκ-

317 4264 574 4335 κ).ηπίαις
620 4265 716 4320 καὶ
756 4267 870 4328 τοῖς
899 4265 1087 4328 άλλοις
1110 4265 1288 4319 ἅπασι
1323 4267 1652 4337 σεόασμίοις
1692 4267 1900 4335 τόποις,

320 4358 494 4427 μόνην
546 4359 648 4425 τὴν
699 4359 809 4412 τῶν
859 4364 910 4429 μ’
942 4358 1081 4412 ἐτῶν
1123 4360 1506 4430 παραγραφὴν
1550 4359 1904 4414 ἀνατίθεσθαι

317 4451 735 4519 προστάττομεν
755 4465 772 4482 ο
798 4449 995 4504 τούτου
1027 4451 1196 4504 αὐτοῦ
1227 4453 1661 4523 φυλαττομένου,
1687 4455 1784 4508 καὶ
1809 4455 1904 4508 ἐπὶ

1916 3183 1964 3248 C

1989 603 2166 657 neque
2195 596 2522 643 retractatur
2551 586 2621 641 ab
2651 587 2783 654 alio,
2818 594 3009 654 utpote
3041 584 3402 641 ecclesiastici
3437 583 3587 654 judi-

1989 680 2059 736 cii
2091 680 2368 750 princeps.
2388 678 2464 733 Er
2492 693 2557 734 ea
2581 679 2728 734 enim
2771 679 2956 733 omnia
2981 677 3355 733 ecclesiastica
3381 675 3588 746 judicia

1988 781 2044 826 et
2075 774 2128 826 in
2169 772 2344 841 ipsam
2380 773 2755 837 resolvuntur,
2797 781 2850 826 et
2898 762 3276 836 revertuntur;
3306 770 3424 839 ipsa
3456 784 3590 825 vero

1989 877 2169 932 neque
2191 863 2262 918 ab
2297 862 2712 933 aliquo,_nequc
2745 862 2813 917 ad
2844 863 3086 932 aliquem
3122 860 3404 927 refertur;
3441 861 3592 930 prin-

1989 968 2120 1024 ceps
2175 953 2322 1009 enim
2349 961 2436 1010 est
2467 971 2486 1024 ;
2522 963 2854 1010 retractatur
2887 969 3020 1010 vero
3053 952 3418 1023 spiritualiter
3468 950 3590 1022 ipsa

1988 1060 2020 1102 a
2063 1043 2272 1117 ‘seipsa.
2299 1047 2494 1114 Quaere
2521 1048 2686 1105 etiam
2744 1064 2869 1120 cap.
2902 1047 2936 1103 8
2965 1048 3071 1104 litt.
3103 1047 3177 1104 Π.

2058 1227 2173 1300 98
2195 1227 2483 1285 Neminem
2503 1229 2558 1284 in
2579 1230 2963 1288 ecclesiastico
2985 1230 3178 1301 aliquo
3191 1229 3363 1301 gradu
3385 1228 3593 1286 consti~

1991 1307 2194 1385 tutum,
2247 1320 2331 1374 vel
2377 1320 2721 1391 episcopum,
2771 1324 2856 1376 vel
2884 1323 3286 1393 presbyterum,
3336 1321 3424 1375 vel
3475 1319 3594 1375 dia-

1990 1424 2215 1476 conum,
2247 1411 2331 1465 vel
2364 1413 2619 1480 quemvis
2657 1413 2826 1468 alium
2859 1428 2927 1467 ex
2959 1414 3212 1484 catalogo
3234 1411 3592 1478 sacerdotali,

1991 1503 2268 1558 volentem
2291 1503 2378 1559 vel
2409 1503 2639 1559 invitum
2675 1506 3036 1560 saecularibus
3056 1505 3286 1576 judiciis
3315 1505 3435 1561 sisti
3460 1520 3590 1561 sus-

1993 1596 2257 1653 tinemus.
2291 1596 2348 1652 Si
2408 1599 2535 1670 quis
2574 1598 2722 1654 enim
2766 1598 3005 1667 aliquem
3081 1597 3589 1677 ecclesiasticarum

1993 1689 2225 1746 invitum
2260 1691 2328 1746 ad
2377 1698 2642 1748 saeculare
2697 1692 2969 1763 judicium
3063 1692 3328 1758 trahat,a
3396 1700 3590 1746 nostra

1995 1780 2292 1837 serenitate
2373 1791 2769 1852 competentem
2843 1781 3234 1839 coercitionem
3332 1779 3585 1847 accipiet:

1994 1874 2049 1928 Si
2092 1888 2226 1930 vero
2259 1874 2462 1945 aliquis
2517 1875 2870 1930 sacerdotum
2943 1875 3195 1928 smculari
3254 1870 3467 1942 judicio
3531 1882 3591 1922 se

1993 1966 2186 2020 volens
2246 1967 2475 2034 stiterit,
2521 1976 2616 2022 aut
2668 1966 2836 2021 etiam
2869 1965 3019 2036 prior
3072 1966 3189 2034 ipse
3255 1960 3590 2018 sententiam

1994 2057 2110 2114 illic
2184 2057 2360 2112 latam
2429 2057 2818 2113 ecclesiastico
2888 2056 3166 2112 auditorio
3265 2053 3588 2125 praetulerit,

1997 2139 2217 2204 ‘ametsi
2262 2149 2369 2204 sibi
2429 2147 2524 2220 jus
2553 2149 2679 2203 inde
2716 2148 2870 2203 reddi
2921 2157 3098 2218 putet,
3134 2162 3164 2201 a
3195 2147 3370 2202 sacris
3399 2160 3578 2201 cano-

1994 2239 2162 2295 ni-bus
2207 2239 2635 2294 condemnatur.
2694 2237 2794 2294 Ubi
2852 2239 2998 2292 enim
3053 2237 3254 2308 dignus
3320 2245 3406 2292 est
3463 2251 3594 2289 con-

1996 2334 2152 2403 sequi
2203 2347 2330 2401 quas
2384 2333 2684 2394 desiderat,
2721 2330 2816 2401 qui
2854 2331 2925 2385 ab
2975 2329 3133 2384 initio
3192 2328 3593 2385 controversia:

1994 2427 2068 2483 ob
2119 2425 2380 2497 iniuriam
2443 2426 2644 2481 divinis
2679 2424 2918 2480 decretis
2973 2423 3597 2494 illatam,deponitu~t'?'

2068 2613 2215 2681 Quin
2265 2621 2321 2669 et
2369 2613 2761 2682 imperatorum
2820 2609 3055 2667 lleraclii
3125 2617 3182 2665 et
3237 2607 3597 2671 Constantini-

1955 2709 1963 2716 ”
1998 2707 2236 2772 novella,
2274 2721 2376 2762 nec
2442 2707 2784 2776 episcopum,
2816 2719 2920 2760 nec
2973 2705 3261 2770 clericum,
3299 2719 3406 2759 nec
3469 2719 3592 2757 mo-

1995 2800 2261 2862 nachum,
2295 2813 2392 2866 pro
2425 2813 2589 2854 causa
2630 2797 2944 2867 pecuniaria
2977 2796 3060 2850 vel
3103 2795 3370 2850 criminali
3402 2809 3591 2851 coram

1997 2893 2147 2950 civili
2194 2892 2276 2948 vel
2317 2891 2538 2946 militari
2570 2891 2757 2962 judice
2812 2891 2935 2947 sisti
2985 2891 3254 2955 decernit,
3310 2889 3405 2944 sed
3466 2899 3590 2944 tan-

2000 2994 2116 3042 tum
2161 3001 2350 3041 coram
2399 2986 2638 3055 propriis
2684 2983 3096 3056 episcopis,.vel
3127 2981 3595 3054 metropolitanis,

2000 3079 2088 3135 vel
2148 3079 2500 3149 patriarchis.

2073 3255 2244 3309 Porro
2315 3253 2539 3310 novella-
2594 3254 2950 3326 imperatoris
3006 3253 3206 3320 Alcm,
3243 3253 3301 3307 Si
3362 3252 3586 3308 divisio.

1996 3345 2194 3418 inquit,
2260 3347 2401 3402 inter
2462 3347 2740 3417 litigantes
2791 3347 2974 3408 fuerit.
3009 3360 3314 3415 eorumque
3388 3345 3589 3399 altere

1995 3449 2151 3496 statu
2185 3440 2435 3495 saeculari
2494 3439 2587 3506 sitj.
2620 3440 2760 3494 alter
2794 3454 2925 3495 vero
2985 3454 3146 3495 sacro
3211 3439 3361 3494 clero
3410 3437 3589 3493 adnu-

1997 3545 2261 3599 meretur,
2295 3543 2450 3589 actor
2509 3535 2564 3589 in
2618 3550 2683 3589 eo
2717 3549 2849 3590 casu
2892 3532 2972 3589 rei
3033 3533 3150 3587 foro
3203 3529 3432 3586 omnino
3460 3530 3591 3584 sub-

1995 3629 2254 3700 jicietur,‘
2283 3639 2340 3685 et
2384 3631 2767 3701 unusquisque
2813 3629 2880 3684 ad
2927 3627 3203 3699 judicium
3252 3625 3590 3682 conveniens

2001 3722 2252 3777 accedet.

2070 3811 2296 3868 Judices
2330 3813 2396 3868 ad
2442 3829 2584 3884 quos
2624 3814 2790 3868 datur
2831 3812 3128 3883 appellatio
3178 3810 3444 3882 majores
3469 3824 3591 3866 esse

1999 3910 2219 3970 oportet
2277 3900 2344 3957 iis
2400 3903 2495 3972 qui
2546 3905 2616 3958 ab
2670 3902 2824 3957 initio
2869 3902 3219 3970 judicabant:

2072 3993 2265 4049 Omnis
2331 3993 2476 4048 actio
2544 4009 2667 4063 qua:
2730 3994 2919 4049 domui
2974 3993 3275 4048 venerabili
3332 3993 3593 4047 convenit

2004 4081 2060 4135 in
2097 4083 2474 4153 quadraginta
2497 4099 2672 4138 annos
2714 4085 3050 4139 extenditur.
3083 4084 3296 4138 Etenim
3334 4099 3436 4153 pro
3467 4084 3591 4139 ditro

2005 4175 2188 4229 turnis
2214 4175 2725 4246 praescriptionibus
2778 4176 2844 4230 lO
2881 4185 2934 4231 et
2978 4176 3051 4230 20
3084 4186 3138 4232 et
3160 4175 3232 4230 50
3291 4191 3587 4240 annorum,

2005 4266 2218 4321 sanctis
2239 4265 2587 4333 Ecclesiis,et
2612 4269 2739 4324 aliis
2770 4269 3025 4324 omnibus
3061 4270 3389 4323 venerandis
3427 4269 3586 4334 locis,

2006 4359 2179 4414 solam
2214 4360 2284 4415 40
2340 4375 2611 4415 annorum
2644 4361 3110 4432 praescriptionem
3161 4363 3279 4417 dari
3327 4361 3588 4418 concedi»

2007 4466 2156 4508 mus.
2189 4451 2333 4506 Idem
2369 4452 2699 4508 observatur
2731 4465 2784 4508 et
2816 4455 2870 4508 in
2925 4457 3230 4526 legatorum
3273 4455 3588 4519 exactione,

315 4543 388 4610 τῇ
440 4541 742 4610 ἀπαιτήσει
781 4541 891 4594 τῶν
933 4541 1176 4610 λετάτων
1220 4544 1317 4596 καὶ
1354 4543 1466 4598 τῶν
1500 4545 1894 4616 κληρονομιῶν,

2012 4547 2063 4591 et
2111 4537 2495 4593 haereditatntn
2559 4539 2614 4594 in
2653 4542 2772 4609 pios
2828 4559 2962 4599 usus
3018 4543 3358 4599 relictarum.
3395 4544 3591 4610 Quaere

317 4633 430 4685 τῶν
464 4632 544 4692 είς
571 4631 791 4696 ἀσεϐεῖς
827 4633 1010 4696 αίτίας
1042 4635 1586 4708 καταλελειμμένων.
1610 4639 1773 4709 Ζήτει
1803 4639 1899 4694 καὶ

317 4724 378 4775 ἐν
407 4723 486 4798 τῷ
506 4721 558 4792 η’
591 4741 716 4789 κεφ.
755 4725 850 4777 τοῦ
880 4725 935 4778 Μ
960 4725 1258 4796 στοιχείου.

391 4810 742 4884 Μονάστριαν
804 4815 838 4886 ἢ
894 4818 1202 4888 ὰσκήτριαν
1254 4819 1326 4872 δι’
1358 4819 1620 4891 οὐδεμίαν
1667 4825 1898 4894 ἀγωγὴν

319 4905 718 4979 συγχωροῦμεν
765 4909 1106 4978 άφέλκεσθαι
1152 4913 1218 4964 ἐκ
1261 4912 1372 4979 τῶν
1423 4913 1570 4968 ἰδίων
1625 4933 1900 4986 μοναστη-

361 5000 474 5054 ίων.

361 5020 474 5054 ιων.

319 5020 354 5072 ρ
392 5091 551 5144 Πᾶσα
615 5091 912 5160 ὑπόθεσις,
961 5095 1136 5165 χωρὶς
1191 5095 1301 5150 τῶν
1355 5097 1430 5168 μὴ
1495 5098 1899 5170 ἐπιδεχομένων

319 5181 649 5254 ὑπέρθεσιν,
676 5185 930 5256 ἐκκλήτῳ
960 5185 1252 5242 ὑπόκειται
1293 5188 1392 5260 οὐχ
1423 5187 1594 5256 ἅπαξ,
1627 5187 1764 5244 ἀλλὰ
1799 5192 1897 5245 καὶ

317 5277 423 5341 δίς.

390 5369 723 5432 Κελεύοντος
768 5371 1058 5442 ἄρχοντος,
1116 5373 1346 5437 δικαιως
1397 5373 1704 5445 νεμόμεθα,
1754 5376 1782 5428 6
1839 5375 1897 5429 δέ

314 5461 572 5532 ἀνάρχως
603 5463 664 5516 τὸ
697 5464 829 5518 [διον
853 5463 1188 5534 ἀφελόμενος
1213 5465 1471 5520 ἐκπίπτει
1495 5466 1686 5533 ain-0'3.

389 5643 470 5697 Τὰ
497 5645 682 5708 κακῶς
709 5645 972 5715 κριθέντα
1003 5647 1098 5700 καὶ
1129 5649 1472 5715 τυπωθέντα,
1509 5649 1632 5703 οὔτε
1680 5649 1896 5720 χρόνος,

316 5732 442 5786 οὔτε
473 5735 658 5802 νόμος,
684 5735 810 5787 οὔτε
841 5735 1102 5806 συνήθεια
1133 5737 1362 5806 βεϐαιοῖ.

391 5823 734 5890 Θεσπὶζομεν
791 5825 983 5890 μηδενὶ
1050 5826 1271 5893 ἐξεῖναι,
1320 5829 1413 5882 τοῦ
1472 5828 1895 5894 τελευτήσαντος

2011 4625 2176 4681 etiam
2203 4626 2258 4682 in
2291 4643 2416 4699 cap.
2455 4628 2489 4684 8
2528 4629 2720 4686 litterae
2746 4630 2822 4687 Μ.

2043 4813 2373 4870 'Monialem
2428 4816 2510 4870 vel
2563 4815 2863 4870 ascetriam
2912 4815 2984 4869 ob
3041 4815 3248 4869 nullam
3317 4817 3586 4871 actionem

2009 4921 2076 4961 ex
2125 4896 2483 4962 monasteriis
2527 4908 2646 4962 suis
2689 4906 2902 4962 extrahi
2958 4907 3351 4978 permittimus.

2078 5083 2272 5141 Omnis
2310 5100 2499 5150 causa.
2529 5087 2774 5156 exceptis
2825 5087 2894 5143 iis
2953 5103 3075 5158 quae
3106 5087 3422 5144 dilationem
3479 5105 3588 5146 non

2011 5181 2329 5248 admittunt,
2373 5181 2724 5252 appellationi
2785 5162 3189 5252 subjacet,'non
3247 5184 3438 5250 semel,
3491 5186 3586 5240 sed

2009 5274 2113 5328 bis.

2079 5368 2296 5425 Iudicis
2315 5369 2472 5440 jussu
2493 5371 2643 5441 jusle
2670 5373 3016 5444 possidemus
3037 5391 3161 5445 quae
3182 5375 3338 5430 nobis
3363 5391 3428 5429 ex
3461 5390 3587 5444 para-

2011 5463 2205 5517 titione
2234 5463 2492 5517 eveniunt
2524 5478 2538 5528 ;
2575 5464 2671 5532 qui
2703 5479 2834 5517 vero
2865 5465 2986 5520 sine
3017 5465 3175 5519 venia
3202 5463 3409 5534 judieis
3439 5465 3586 5535 quod

2009 5570 2170 5608 suum
2219 5562 2307 5608 est
2372 5553 2578 5616 aufert,
2614 5571 2680 5609 eo
2719 5557 2943 5610 excidit.

2079 5643 2213 5710 Quae
2293 5645 2436 5698 male
2501 5643 2745 5713 judicata
2801 5654 2856 5698 et
2906 5647 3156 5702 ordinata
3232 5655 3382 5712 sunt,
3415 5662 3585 5715 neque

2011 5741 2245 5801 tempus,
2280 5748 2380 5785 nec
2419 5733 2526 5790 lex.
2563 5748 2662 5785 nec
2710 5733 3050 5787 consuetudo
3109 5734 3416 5787 confirmat.

2084 5828 2376 5882 Sancimus
2410 5825 2544 5878 nulli
2573 5825 2739 5880 licere
2766 5824 2969 5878 mortui
3023 5825 3184 5893 ﬁlios,
3219 5827 3301 5882 vel
3332 5841 3586 5895 uxorem,
