3992 6394
322 374 467 437 123T

1322 388 1731 450 SYNTAGMA
1762 366 2481 458 ALPHABETICUMQ-F
2514 393 2573 462 Δ.

3428 390 3565 457 1238

320 495 618 567 ἐπιτίμιον·
658 498 736 571 μή
773 492 1190 573 ἀπαντήσαντος
1225 504 1282 560 δέ
1313 508 1653 577 παραυτίκα,
1684 507 1748 560 ἐκ
1775 508 1894 578 τρί-
1924 512 1943 569 Α

2059 522 2333 582 :rseveret,
2392 516 2636 587 synodus
2693 512 2853 588 juxta
2929 512 3176 569 criminis
3246 511 3567 584 qualitatem

318 606 416 689 του
438 590 541 689 τήν
571 591 743 646 αὑτοῦ
767 595 1102 666 μετάκλησιν
1134 596 1403 667 γίνεσθαι.
1425 599 1487 652 Ei
1516 599 1573 654 δὲ
1601 598 1700 655 καὶ
1723 599 1896 661 οὑτως

2059 621 2120 660 ιω
2153 606 2259 669 sibi
2296 607 2513 661 videtur
2534 615 2728 662 contra
2753 621 2878 689 eum
2933 605 3179 671 deﬁniat,
3224 606 3571 675 contumacia
3599 607 3610 617 '

324 680 573 749 ἐπιμένει
604 687 669 755 τῇ
696 687 974 759 ἀπειθείᾳ,
1004 690 1105 758 τὴν
1134 690 1357 744 σύνοδον
1396 692 1465 746 τὰ
1509 692 1742 758 δόξαντα
1774 684 1907 746 me“

326 772 492 827 αὑτοῦ
544 776 826 845 ὁρίζεσθαι
865 782 1008 834 κατά
1039 782 1138 852 τὴν
1187 782 1452 861 ποιότητα
1486 782 1582 838 τοῦ
1611 783 1897 856 ἐγκλήμα-

328 881 440 928 τος,
487 867 654 935 μηδὲν
681 868 786 938 τῆς
815 871 1107 936 ἀπειθείας
1140 873 1510 943 ἀποναμένου.

352 986 359 995 ι
410 958 475 1012 '0
496 958 553 1011 δὲ
576 960 676 1028 τῆς
698 964 757 1014 ἐν
780 963 1114 1035 Καρθαγένῃ
1144 964 1234 1039 ιβ’,
1260 965 1366 1019 Τὸν
1390 967 1721 1041 ἐγκλήμασι,
1743 969 1909 1040 (pridi;

334 1053 708 1122 περιπεσόντα
724 1054 1044 1119 ἐπίσκοπον,
1064 1055 1168 1108 ὑπὸ
1197 1052 1380 1128 πάσης
1415 1052 1688 1131 προσήκει
1719 1062 1909 1132 κρίνει-η

334 1141 462 1195 σθαι
490 1142 588 1212 τῆς
639 1144 884 1212 συνόδου,
919 1152 999 1213 είς
1048 1150 1116 1221 ἢν
1146 1144 1446 1215 δ’τοιοῦτος
1489 1153 1636 1206 τελεῖ
1681 1153 1904 1224 δηλαδή.

2001 713 2098 759 sua
2141 696 2278 753 nihil
2309 698 2577 787 adiutum.

2075 963 2259 1020 Canon
2297 972 2474 1017 autem
2504 962 2570 1017 i8
2601 977 2721 1035 syn.
2750 960 3037 1049 Cat-thas.)
3097 962 3453 1049 Episcopum,
3496 964 3583 1018 in—

2006 1056 2148 1126 quit,
2189 1057 2256 1110 in'
2295 1054 2528 1109 crimina
2586 1046 3023 1121 ineidentem,a'
3060 1046 3187 1111 tota
3231 1058 3471 1128 synodo,
3517 1056 3583 1110 ad

2009 1142 2175 1217 quam
2210 1161 2406 1217 nempe
2431 1147 2689 1216 pertinet,
2720 1146 2959 1217 iudicari
3009 1155 3244 1218 oportet.
3313 1138 3471 1212 Quod
3539 1149 3583 1203 si

334 1232 397 1287 Ei
434 1234 493 1288 δὲ
526 1235 792 1307 δυσχερὲς
840 1238 926 1307 afri
972 1245 1102 1307 τοὺς
1143 1243 1355 1305 πάντας
1405 1244 1437 1316 ἥ
1484 1244 1611 1308 τοὺς
1656 1244 1909 1310 πλείονας

2059 1237 2235 1294 illicile
2258 1239 2329 1294 sit
2359 1246 2419 1293 ut
2448 1233 2781 1292 omnes‘vel
2833 1238 3051 1308 plurimi
3110 1238 3463 1302 conveniant,
3520 1253 3587 1292 ne

336 1326 637 1394 συνελθεῖν,
655 1331 731 1400 μὴ
745 1329 1036 1409 ἐλάττονας
1063 1334 1195 1407 γοῦν
1217 1330 1362 1388 εἶναι
1391 1336 1500 1389 τῶν
1526 1335 1617 1406 ιβ’·
1643 1335 1786 1389 οὕτω
1802 1338 1911 1408 γὰρ

2059 1330 2300 1385 auciores
2331 1326 2796 1384 sintduodecim:
2854 1328 2935 1382 sic
2987 1326 3133 1382 enim
3176 1327 3325 1381 omni
3371 1334 3594 1381 contro-

338 1419 523 1489 πάσης
550 1423 997 1496 περιαιρεθείσης
1040 1426 1371 1496 ἀμφιϐολίας
1398 1467 1412 1492 ,
1463 1428 1523 1481 ού
1578 1427 1913 1497 περιοπτέος

2059 1422 2192 1477 ersia
2241 1421 2455 1476 sublata
2514 1434 2544 1473 a
2612 1420 2814 1489 populo
2866 1433 2967 1474 suo
3016 1433 3125 1473 non
3183 1426 3590 1473 contemnetur.

336 1512 489 1585 ἔσται
541 1516 657 1577 τοτς
703 1515 810 1569 ὑπὸ
857 1520 1037 1588 χεῖρα.
1080 1518 1185 1571 Τὸν
1213 1519 1270 1572 δέ
1335 1536 1400 1588 γε
1442 1518 1814 1590 πρεσϐύτερον
1855 1518 1917 1585 ἐξ

2063 1513 2403 1583 resbyterum
2436 1519 2623 1567 autem
2655 1525 2749 1565 sex
2785 1510 3029 1589 episcopi
3052 1508 3329 1580 judicant,
3372 1516 3425 1564 et
3479 1509 3597 1565 dia-

337 1605 615 1674 κρίνουσιν
649 1607 967 1675 ἐπίσκοποι,
999 1611 1094 1663 καλ
1126 1612 1280 1682 τρεῖς
1311 1612 1403 1665 τὸν
1429 1612 1702 1666 διάκονον·
1741 1614 1918 1682 ἀσφα-

337 1695 598 1764 λέστερόν
634 1714 754 1762 πως
780 1694 880 1763 τὰς
913 1699 1024 1754 τῶν
1065 1702 1261 1772 ίερέων
1292 1702 1507 1773 κρίσεις
1554 1707 1652 1774 τῆς
1698 1705 1917 1759 συνόδου

338 1785 544 1858 ταύτης
575 1784 825 1856 γίνεσθαι
859 1782 1365 1865 προμήθουμένης,
1414 1793 1490 1859 ὡς
1524 1794 1921 1865 ὑστεριζούσης

338 1875 640 1957 τῷθχρόνῳ
688 1880 824 1950 πρὸς
867 1881 968 1952 τήν
1017 1884 1078 1936 ἐν
1122 1861 1449 1956 Ἀντιοχείᾳ,
1494 1861 1738 1954 ἥπερ-ἐν
1769 1884 1845 1953 τῷ
1951 1861 1993 1917 Β

343 1969 528 2024 κανόνι
578 1969 680 2035 τὰς
717 1969 826 2025 τῶν
853 1974 1245 2046 πρεσϐυτέρων
1281 1976 1377 2050 καὶ
1416 1975 1684 2030 διακόνων
1723 1976 1915 2030 καθαι-

2019 1618 2218 1660 conum
2247 1612 2378 1658 tres.
2412 1600 2539 1656 Hac
2571 1600 2780 1656 scilicet
2809 1600 3052 1670 synodus
3076 1599 3283 1671 judicia
3334 1597 3596 1665 sacerdo-

2022 1704 2134 1752 tum
2163 1693 2380 1749 cautius
2419 1691 2537 1747 lieri
2568 1693 2905 1763 procuravit,
2938 1691 3102 1761 longo
3134 1688 3330 1761 nempe
3379 1697 3595 1759 tempo-

2022 1803 2082 1843 re
2111 1797 2235 1859 post
2267 1784 2661 1861 Antiochenam
2715 1784 2920 1850 habita,
2958 1797 3081 1853 quae
3122 1783 3176 1838 in
3205 1770 3330 1839 can.
3381 1781 3414 1836 4
3465 1797 3597 1853 pre—

2024 1872 2369 1951 sbyterorum
2391 1886 2445 1932 et
2459 1876 2816 1932 diaconorum
2836 1874 3206 1945 depositiones
3249 1874 3319 1941 ab
3352 1889 3460 1940 uno
3476 1870 3596 1953 cpi.-

2025 1987 2216 2045 scopo,
2248 1971 2629 2043 episcoporum
2648 1984 2780 2026 vero
2805 1984 2835 2024 a
2869 1958 3078 2040 synodo
3116 1967 3233 2022 ﬁeri
3262 1964 3529 2059 decrevit;
3582 2042 3589 2047 ⁷

346 2059 529 2128 ρέσεις
550 2061 793 2131 ὕφ’ἐνὸς
812 2065 1116 2121 ἐπισκόπου
1163 2067 1414 2136 γίνεσθαι
1461 2066 1783 2138 διορίζεται,
1814 2069 1920 2124 ὑπὸ
1970 2120 1971 2125 η

342 2151 446 2222 τῆς
476 2155 696 2209 συνόδου
726 2156 783 2211 δέ
821 2161 923 2223 τὰς
955 2159 1065 2214 τῶν
1094 2162 1433 2218 ἐπισκόπων.
1532 2186 1539 2191 ι
1584 2226 1591 2231 ,

358 2266 365 2273 ’
720 2320 723 2321 ν
790 2320 797 2327 _
847 2250 1068 2321 Πρᾶξις
1099 2254 1426 2324 συνοδική.
1476 2244 1481 2249 ’

419 2339 605 2412 Ταύτῃ
637 2356 721 2395 τοι
752 2342 846 2394 καὶ
874 2343 904 2394 ό
949 2342 1259 2413 ἀγιὼτατος
1301 2348 1656 2421 πατριάρχης
1707 2348 1925 2414 Λουκᾶς

351 2431 560 2502 ἄκυρον
615 2428 863 2505 ἡγήσατο
902 2435 1002 2505 τήν
1041 2435 1138 2490 τοῦ
1187 2438 1494 2496 ἐπισκόπου
1558 2440 1927 2514 Ἀμαθοῦντος

362 2524 617 2579 Ἰωάννου
650 2526 996 2596 καθαίρεσιν,
1025 2529 1092 2599 ἣν
1115 2528 1144 2580 ὁ
1175 2530 1609 2603 ἀρχιεπίσκοπος
1633 2536 1928 2608 ἐποιήσατο

352 2614 606 2687 Κύπρου,
665 2620 747 2672 ὅτι
800 2619 999 2674 ἕνδεκα
1037 2623 1223 2691 μόνοις
1257 2625 1435 2678 συνὼν
1463 2627 1807 2694 ἐπισκόποις,
1854 2625 1929 2701 μή

353 2707 618 2760 ἐπέκεινα
644 2703 714 2778 ἦν
755 2709 915 2774 αὐτὸς
953 2710 1052 2781 τῆς
1082 2712 1194 2767 τῶν
1220 2713 1424 2769 λοιπῶν
1462 2715 1783 2781 δωδεκάδος.

427 2796 590 2853 Καθά
618 2799 683 2871 δὴ
714 2801 809 2853 καὶ
839 2800 951 2855 ὁιδ¹
977 2802 1077 2872 τῆς
1116 2795 1290 2876 αὑτῆς
1321 2802 1391 2859 ἐν
1412 2798 1748 2881 Καρθατένῃ
1765 2806 1935 2878 διορί-

355 2890 534 2954 ζεται.
570 2888 817 2954 Ἒνόείσς
853 2893 963 2963 γὰρ
1000 2891 1188 2964 οὔσης,
1220 2896 1408 2965 φησὶν,
1453 2897 1794 2964 ἐπισκόπων,
1821 2892 1935 2951 ἐσθ’

354 2985 446 3036 ὅτε
499 2983 593 3037 καὶ
631 2982 735 3037 ὑπὸ
765 2990 806 3036 ε’
848 2982 1098 3055 κρίνεται
1146 2986 1175 3038 ό
1228 2985 1622 3058 πρεσϐύτερος,
1676 2978 1781 3040 καὶ,¹
1831 2980 1937 3041 snt

355 3078 528 3147 τριῶν
568 3079 597 3131 δ
647 3078 921 3151 διάκονος,
968 3078 1063 3131 τοῦ
1112 3074 1247 3132 ίδίου
1293 3079 1473 3132 αὐτῶν
1507 3080 1811 3134 ἐπισκόπου
1842 3082 1938 3133 ἐπ-

2596 2245 2744 2300 Actio
2783 2243 3060 2316 synodica.

2100 2338 2445 2408 Quapmpter
2474 2336 2858 2392 sanctissimus
2887 2331 3196 2405 patriarcha
3232 2329 3407 2385 Lucas
3440 2326 3604 2383 Joan-

2030 2427 2287 2498 nisloo
2311 2426 2663 2481 Amathuntis
2694 2425 2935 2503 episcopi
2966 2421 3362 2492 depositionem
3394 2419 3607 2473 irritam

2035 2520 2208 2586 duxit,
2262 2533 2425 2590 quam
2455 2516 3089 2593 Cyprilarchiepiscopus
3109 2512 3273 2582 fecit;
3302 2510 3448 2582 quod
3481 2525 3610 2566 cum

2036 2615 2290 2672 undecim
2315 2612 2586 2685 episcopis
2609 2611 2967 2677 conveniens.
2992 2611 3111 2681 ipse
3127 2623 3234 2665 non
3267 2608 3368 2664 nisi
3398 2607 3606 2663 duode.

2037 2707 2214 2762 cimus
2242 2714 2410 2762 esset.
2650 2692 2659 2707 ἲ
2690 2712 2693 2719 ’

2109 2794 2579 2861 Quemadmodum
2599 2802 2656 2850 et
2676 2793 2744 2849 i4
2774 2791 3016 2863 ejusdem
3043 2806 3162 2862 syn.
3189 2787 3454 2868 decernit.
3481 2786 3618 2842 Pro-

2042 2893 2162 2958 pter
2205 2886 2561 2956 paucitatem,
2625 2885 2825 2956 inquit,
2877 2883 3286 2951 episcoporum,
3331 2879 3617 2948 presbyter

2042 2976 2338 3047 aliquando
2364 2992 2393 3031 a
2424 2977 2687 3046 quinque,
2712 2983 2765 3029 et
2788 2975 3052 3030 diaconus
3071 2988 3100 3026 a
3127 2970 3302 3026 tribus
3319 2967 3619 3040 iudicatur,

2040 3067 2266 3138 proprio
2290 3080 2487 3121 eorum
2518 3049 2779 3134 episcopo
2799 3064 2940 3117 ultra
2961 3056 3061 3116 eos
3108 3052 3457 3129 praesidente,
3483 3054 3625 3107 adeo

358 3173 547 3222 έκεινα
579 3169 789 3223 τούτων
813 3166 1320 3239 προκαθεζομένου·
1354 3168 1496 3222 ὥστε
1524 3171 1574 3223 οί
1599 3170 1686 3240 ἐφ’
1709 3170 1940 3235 ἐαυτοὺς

2059 3167 2104 3212 η
2138 3159 2230 3227 qui
2263 3160 2364 3212 sub
2400 3171 2460 3213 se
2490 3156 2695 3210 habent
2736 3146 3066 3225 litigatores,
3124 3159 3279 3205 extra
3333 3144 3621 3204 deﬁnitum

358 3261 574 3332 ἔχοντες
629 3261 756 3324 τοὺς
792 3254 1187 3332 δικαζομένους
1243 3261 1400 3323 ἐκτὸς
1445 3260 1757 3343 ὀφείλουσιν
1799 3257 1940 3315 εἴναι

357 3353 455 3408 τοῦ
487 3353 828 3424 τεταγμένου
864 3351 1100 3424 ἀριθμοῦ
1136 3354 1247 3407 τῶν
1290 3354 1688 3418 συνδικαστῶν.

441 3445 503 3500 '0
533 3446 589 3499 δὲ
624 3446 724 3516 τῆς
772 3447 831 3499 ἐν
871 3445 1179 3518 ’Δντιοχείςι
1211 3445 1293 3511 ιδ’,
1346 3447 1710 3513 Ἐπισκόπου,
1741 3448 1941 3517 φησὶν,

362 3529 455 3590 ἒῖπί
483 3554 627 3590 τισιν
644 3534 964 3608 ἐγκλήμασι
984 3538 1316 3608 κρινομένου
1342 3538 1479 3605 πρὸς
1507 3538 1615 3592 τῶν
1644 3540 1748 3608 τῆς
1775 3540 1946 3610 ἐπαρ-

357 3630 483 3700 χίας
516 3629 857 3697 ἐπισκόπων,
912 3631 1031 3699 καὶ¹
1061 3631 1201 3702 πρὸς
1254 3630 1521 3700 ἀλλήλους
1569 3629 1937 3684 τούτωνδια-

360 3718 707 3790 φωνούντων,
753 3722 865 3775 τῶν
928 3723 1055 3790 μὲν,
1113 3720 1316 3786 ἀθῶον,
1363 3722 1474 3774 τῶν
1531 3723 1631 3785 δέ.
1692 3723 1946 3778 ὑπαίτιον

362 3813 839 3883 ἀποφαινομένων,
871 3813 1068 3869 δείτδν
1103 3813 1518 3886 μητροπολίτήν
1543 3817 1644 3884 τῆς
1673 3814 1947 3886 ἐπαρχίας

361 3902 583 3972 ἐκείνης
613 3903 709 3956 καὶ
740 3902 967 3972 ἐτέρους
1013 3904 1078 3955 ἐκ
1115 3904 1215 3973 τῆς
1243 3903 1444 3974 ὁμόρου
1482 3904 1948 3976 μεταπέμπεσθαι

365 3994 574 4065 χώρας,
613 3996 708 4048 καὶ
750 3994 851 4065 τὴν
881 3992 1307 4066 ἀμφισϐήτησιν
1351 3995 1422 4048 δι’
1452 3995 1680 4051 ἐκείνων
1726 3996 1952 4050 λύεσθαι

364 4085 463 4155 τῆς
489 4086 600 4138 τῶν
639 4084 907 4138 πλειόνων
934 4083 1121 4156 ψήφου
1154 4085 1576 4154 βεϐαιωθείσης.
1838 4100 1843 4105 ’

449 4178 509 4231 Ὀ
535 4177 593 4229 δέ
627 4183 711 4244 ιε’,
766 4177 829 4230 Ei
875 4177 934 4230 δέ
988 4177 1212 4240 πάντες.
1250 4179 1407 4248 φησὶ,
1458 4179 1588 4247 μίαν
1623 4178 1747 4232 κατ’
1780 4180 1959 4233 αὐτοῦ

368 4270 549 4339 ψῆφον
584 4268 951 4337 ἐξενέγκοιεν,
987 4271 1187 4339 μηκέτι
1236 4269 1372 4340 παρ’
1402 4268 1613 4340 ἑτέροις
1659 4270 1852 4324 τοῦτον
1880 4272 1958 4325 δι-

383 4361 670 4426 κάζεσθαι,
696 4361 832 4415 ἀλλά
860 4360 1044 4432 μένειν
1079 4359 1304 4430 βεϐαίαν
1328 4360 1429 4431 τήν
1454 4360 1748 4433 σύμφωνον
1775 4362 1957 4433 ψῆφον

388 4451 498 4506 τῶν
525 4451 621 4521 τῆς
659 4451 932 4522 ἐπαρχίας
958 4453 1299 4506 ἐπισκόπων.

358 4550 365 4555 ’
456 4540 626 4608 Οὗτος
665 4543 724 4597 δὲ
768 4541 1044 4615 ἀνῄρηται
1084 4544 1242 4615 ποιρά
1269 4544 1366 4599 τοῦ
1397 4544 1440 4600 δ’
1464 4540 1563 4616 τῆς
1592 4550 1650 4604 ἐν
1694 4549 1963 4622 Σαρδικῇ,

381 4641 583 4694 οὑτωσὶ
605 4637 919 4707 διεξιόντος·
950 4638 1061 4691 Τοῦ
1094 4640 1248 4710 κοινῇ
1297 4638 1468 4710 ψήφῳ
1493 4639 1604 4693 τῶν
1643 4640 1744 4711 τῆς
1791 4643 1963 4713 ἐπαρ-

380 4733 505 4806 χίας
546 4732 867 4786 ἐπισκόπων
898 4731 1346 4802 καθαιρεθέντος,
1402 4734 1498 4786 καὶ
1547 4735 1614 4803 τῇ
1669 4736 1839 4804 ψήφῳ
1868 4737 1961 4807 ,μὴ

390 4824 821 4886 ὑποκύπτοντος,
854 4822 974 4876 ἀλλ’
1013 4822 1095 4875 ἔτι
1143 4823 1524 4876 ἀποδύσασθαι
1570 4824 1826 4892 λέγοντος
1870 4825 1967 4878 δύ-

389 4914 582 4968 νασθαι
607 4914 677 4966 τὰ
700 4914 1046 4984 ἐγκλήματα,
1084 4915 1160 4983 μὴ
1206 4915 1473 4986 πρότερον
1521 4918 1603 4980 είς
1639 4916 1729 4970 τὸν
1771 4917 1965 4987 θρόνον

382 5006 547 5061 αὑτοῦ
588 5005 1018 5076 χειροτονεῖσθαι
1048 5005 1257 5076 ἕτερον,
1279 5009 1412 5079 πρὶν
1436 5007 1503 5060 ἂν
1525 5008 1552 5060 ὁ
1578 5009 1964 5075 πάππαςῬώ-

385 5116 492 5169 μης
532 5097 719 5165 μαθὼν
754 5098 821 5150 τὰ
859 5097 959 5165 τῆς
985 5097 1321 5160 ὑποθέσεως,
1376 5099 1502 5170 ὅρον
1548 5100 1835 5173 ἐξενέγκῃ,
1871 5103 1966 5157 καὶ

386 5193 735 5262 ἀποφήνηται
770 5188 803 5260 ἢ
827 5189 1171 5259 κυρωθῆναι,
1203 5190 1237 5260 ἢ
1265 5190 1652 5263 ἀνατραπῆναι
1677 5198 1774 5264 τὴν
1802 5212 1966 5249 κατα-

380 5284 560 5353 δίκην,
612 5285 712 5355 τῆς
756 5282 982 5352 δυτικῆς
1020 5282 1174 5346 ὄντος
1229 5282 1500 5354 ἐπαρχίας
1526 5284 1624 5338 τοῦ
1656 5288 1963 5341 ἐπισκόπου

379 5377 602 5449 δηλαδὴ,
637 5377 759 5447 ἥτις
796 5378 891 5430 καὶ
929 5375 1063 5445 μόνη
1118 5376 1198 5445 τῷ
1255 5376 1479 5449 Ῥώμης
1539 5381 1773 5445 ἀνεῖται,
1832 5380 1965 5434 ἔνθα

382 5473 478 5522 καὶ
515 5470 549 5539 ἠ
601 5467 822 5530 σύνοδος
869 5466 1010 5539 αὕτη
1064 5468 1444 5538 συνήθροιστο·
1489 5472 1582 5523 καὶ
1617 5471 1699 5535 δὶς
1730 5473 1838 5544 γὰρ
1870 5474 1964 5526 ἐκ·

383 5560 671 5615 καλεῖσθαι
697 5558 775 5629 τῷ
806 5557 1118 5630 κρινομένῳ
1158 5560 1395 5629 ἐφεῖται.

362 5644 371 5647 ⁷
464 5652 523 5704 '0
573 5652 630 5705 δέ
670 5648 732 5718 ε’,
786 5650 1266 5722 Καθαιρεθέντος,
1314 5653 1470 5724 φησὶ,
1523 5653 1621 5707 τοῦ
1657 5655 1960 5710 ἐπισκόπου

253 5804 272 5819 ,
387 5741 559 5811 ψήφῳ
589 5745 742 5813 κοινῇ
773 5741 886 5795 τῶν
908 5743 1008 5810 τῆς
1037 5743 1314 5814 ἐπαρχίας
1365 5745 1704 5812 ἐπισκόπων,
1746 5748 1841 5799 καὶ
1871 5745 1965 5799 ἐκ-

2037 3248 2284 3319 judicum
2318 3262 2608 3303 numerum
2640 3261 2763 3303 esse
2791 3242 3048 3301 debeant.

2113 3428 2303 3483 CanOn
2335 3435 2518 3482 autem
2553 3426 2640 3481 14.
2695 3424 2816 3496 syn.
2875 3422 3129 3478 Antioch.
3162 3459 3178 3486 ,
3216 3419 3272 3475 Si
3303 3418 3622 3490 episcopus,
3688 3494 3701 3507 .

2045 3520 2247 3595 inquit,
2276 3521 2369 3576 ob
2417 3520 2599 3590 aliqua
2656 3519 2888 3573 crimina
2936 3531 2968 3570 ιι
3017 3515 3312 3586 provinciae
3355 3512 3625 3583 episcopis

2043 3613 2339 3685 iudicetur,
2360 3612 2505 3680 iique
2538 3612 2684 3667 inter
2712 3624 2772 3666 se
2799 3608 3151 3674 dissentiant,
3209 3606 3332 3661 aliis
3360 3607 3626 3659 innocen-

2047 3712 2183 3769 tem,
2215 3702 2341 3759 aliis
2376 3716 2506 3757 vero
2561 3715 2717 3756 reum
2755 3698 3265 3770 pronuntiantibus,
3311 3693 3631 3763 metmpoli-

2051 3802 2242 3850 tan‘um
2279 3793 2429 3849 illius
2472 3791 2774 3863 provinciae
2804 3790 2944 3845 alios
2999 3804 3064 3844 ex
3097 3788 3279 3844 vicina
3345 3785 3629 3857 provincia

2051 3903 2281 3945 evocare
2297 3894 2533 3957 oportet,
2558 3896 2615 3941 et
2630 3900 2724 3955 per
2746 3884 2871 3940 illos
2888 3883 3321 3940 controversiam
3341 3880 3625 3946 dirimere,

2056 3979 2419 4057 plurimorum
2452 3977 2714 4047 suffragio
2747 3977 3097 4031 conﬁrmato.

2124 4156 2298 4213 Porro
2317 4169 2443 4211 can.
2479 4154 2569 4221 l5,
2623 4153 2682 4209 Si
2702 4167 2836 4208 vero
2862 4136 3079 4216 omnes,
3115 4150 3316 4220 inquit,
3342 4167 3507 4206 unam
3533 4151 3637 4207 ati-

2057 4264 2251 4305 versus
2283 4263 2408 4304 eum
2441 4246 2768 4316 sententiam
2807 4245 3058 4307 tulerint,
3094 4245 3142 4298 is
3174 4259 3246 4298 ne
3295 4232 3533 4315 amplius
3569 4245 3644 4317 ab,

2059 4341 2184 4397 aliis
2239 4338 2541 4408 iudicetur,
2601 4338 2699 4395 sed
2764 4339 3153 4408 episcoporum
3204 4336 3638 4413 provincialium

2064 4435 2223 4488 ﬁrma
2257 4442 2474 4488 maneat
2501 4432 2795 4487 sententia.
3705 4415 3711 4421 ’

2137 4526 2341 4581 Verum
2374 4539 2553 4579 canon
2590 4524 2679 4579 hic
2717 4539 2749 4580 a
2780 4523 2814 4578 4
2845 4539 2966 4598 syu.
2997 4523 3212 4580 Sardic.
3256 4524 3505 4580 sublatus
3537 4530 3639 4585 est,

2067 4619 2159 4690 qui
2195 4620 2274 4675 sic
2299 4619 2524 4675 statuit:
2559 4616 2665 4684 Qui
2686 4623 2968 4673 communi
2999 4619 3386 4688 episcOporum
3423 4617 3645 4686 provin-

2066 4710 2287 4767 cialium
2343 4712 2617 4766 sententia
2669 4711 2955 4781 depositus
3022 4711 3204 4776 fuerit,
3262 4720 3317 4767 et
3362 4692 3645 4766 sententiae

2066 4818 2177 4859 non
2208 4816 2268 4859 se
2298 4804 2610 4868 submittat,
2646 4804 2744 4859 sed
2778 4803 3010 4859 crimina
3041 4802 3252 4858 diluere
3292 4818 3454 4874 posse
3503 4801 3647 4856 afﬁr-

2069 4907 2198 4961 met,
2219 4895 2355 4951 aller
2382 4897 2436 4950 in
2458 4897 2721 4950 thronum
2748 4896 2870 4966 ejus
2898 4892 2965 4950 ne
2980 4894 3286 4956 ordinetur.
3322 4899 3643 4965 priusquam

2069 5002 2205 5061 papa
2235 4987 2521 5041 Romanus
2549 5001 2714 5042 causa
2744 4987 2962 5056 cognita
2990 5001 3103 5040 rem
3131 4986 3461 5050 deﬁnivcrit,
3497 5002 3649 5040 eam-

2067 5096 2175 5150 que
2207 5078 2612 5134 damnationem
2674 5078 3006 5134 auctoritate
3044 5093 3149 5134 sua
3207 5078 3640 5134 confirmandam

2069 5182 2161 5228 aut
2190 5173 2607 5228 rescindendam
2660 5172 3042 5240 declaraverit,
3081 5176 3127 5228 si
3161 5173 3372 5229 scilicet
3423 5173 3648 5243 provin-

2069 5267 2151 5321 cia
2179 5265 2423 5335 episcopi
2450 5265 2818 5319 occidentalis
2857 5265 2951 5329 sit,
2978 5280 3100 5334 qum
3126 5267 3239 5320 sola
3272 5264 3457 5321 Romae
3511 5265 3646 5319 sub-

2064 5357 2208 5428 jecta
2238 5367 2346 5422 est,
2375 5356 2467 5412 ubi
2497 5364 2550 5412 et
2572 5357 2809 5426 Synodus
2838 5358 2953 5413 haec
2994 5361 3464 5429 congregabatur;
3496 5357 3646 5428 judi-

2068 5460 2191 5504 cato
2225 5450 2371 5505 enim
2396 5451 2482 5506 bis
2517 5452 2791 5521 appellare
2821 5454 3152 5521 permissum
3186 5463 3292 5506 cst.

2138 5650 2372 5723 Insuper
2426 5652 2655 5723 quintus
2710 5667 2912 5720 canon,
2971 5652 3026 5707 Si
3087 5652 3392 5722 episcopus,
3452 5652 3648 5722 inquit,

2073 5745 2353 5799 communi
2425 5746 2812 5815 episcoporum
2886 5746 3302 5815 provincialium
3385 5750 3657 5803 sententia

391 5835 588 5903 κλητον
606 5833 697 5887 ἐπὶ
718 5832 812 5887 τὸν
834 5835 1070 5888 πάππαν
1089 5835 1742 5905 ποιησαμένου,κάκείνου
1765 5837 1938 5905 ἐτέροι

2083 5838 2363 5910 depositus
2384 5830 2567 5905 fuerit,
2597 5849 2650 5894 et
2681 5838 2747 5894 ad
2784 5853 2977 5911 papam
2999 5839 3415 5909 appellationem
3442 5840 3656 5907 fecerit,
