3992 6426
502 347 640 410 1239

1615 350 1617 352 ’
1684 348 2059 410 MATTH/El
2097 348 2518 415 BLASTARIS

3584 355 3702 422 1240

495 459 654 526 iSque
685 459 810 516 aliis
844 459 1039 518 vicinis
1059 440 1331 534 episcopis
1357 475 1576 517 causam
1611 462 1928 516 examinare
1968 475 2064 530 per

2164 463 2274 516 τῶν
2293 463 2698 533 ἀστυγειτόνων
2719 463 3050 530 ἐπισκόποις
3065 466 3164 538 τὴν
3183 465 3430 533 ἐξέτασιν
3448 466 3541 538 τῆς
3564 468 3696 541 δίκης
3721 507 3724 510 .

502 549 701 621 scripta
725 552 1091 627 mandaverit,
1149 553 1441 624 episcopus
1495 567 1624 607 vero
1672 552 1740 607 ab
1789 553 1857 608 iis
1897 551 2064 606 etiam

501 639 785 698 damnatus
804 659 999 700 rursus
1014 644 1479 700 examinationem
1514 642 1850 715 quasiverit,
1874 642 1918 698 si
1947 657 2067 712 quae

500 735 650 802 prius
678 735 922 804 judicata
956 745 1086 793 sunt
1125 751 1278 808 papa
1309 735 1557 793 suﬂicere
1578 735 1889 800 videantur,
1947 733 2067 804 epi-

501 838 792 895 scoporum
821 829 1090 884 sententia
1121 838 1240 884 rata
1269 829 1360 885 sit.
1396 827 1454 885 Si
1506 843 1636 884 vero
1669 827 1719 883 ei
1780 827 2069 896 episcopus

497 931 691 973 rursus
738 919 1070 988 judicandus
1119 921 1274 977 visus
1302 919 1487 986 fuerit,
1516 921 1807 976 damnatus
1849 918 1919 974 ad
1955 917 2068 972 Ro-

501 1024 645 1062 mam
693 1009 844 1065 abire
891 1026 960 1066 ne
1002 1021 1252 1083 cogatur,
1281 1012 1376 1069 sed
1419 1025 1553 1083 papa
1585 1012 1916 1084 presbyteris
1962 1009 2066 1066 sibi

499 1102 810 1170 conjunctis
837 1117 994 1157 suam
1033 1113 1354 1173 potestatem
1378 1106 1539 1169 dans,
1561 1119 1764 1175 eosque
1792 1104 1903 1159 illic
1935 1117 2060 1158 cum

500 1191 742 1262 regionis
790 1193 1063 1264 episcopis
1093 1196 1352 1260 mittens,
1381 1196 1812 1252 controversiam
1862 1194 2070 1254 exami-

500 1283 621 1338 nari
654 1284 896 1352 mandet,
925 1293 978 1340 et
1004 1285 1085 1342 sic
1119 1285 1354 1357 perlecta
1379 1288 1470 1342 ﬁat
1489 1287 1780 1344 sententia.

567 1549 739 1606 Porro
765 1565 941 1607 canon
989 1552 1056 1609 l9
1085 1568 1205 1625 syn.
1241 1553 1534 1626 Carthag.,
1592 1554 1697 1624 Qui
1725 1558 2065 1630 episcopum,

2165 550 2255 607 διὰ
2297 553 2521 623 γραφῆς
2547 555 2966 626 ἐπιτρέψαντος,
2997 557 3094 612 τοῦ
3141 557 3198 612 δέ
3250 557 3348 612 καὶ
3391 557 3493 612 ὑπὸ
3520 559 3698 616 τούτων

2166 644 2679 712 καταδικασθέντος,
2714 643 2873 712 αὖθίς
2901 664 2968 716 γε
3011 647 3118 719 μὴν
3143 648 3523 719 ἐπιζητοῦντος
3542 649 3702 714 ἐξέτα-

2169 753 2275 803 σιν,
2315 737 2366 790 εί
2397 737 2500 806 μὲν
2531 738 2596 793 τά
2633 738 2733 809 ήδη
2761 739 3022 809 κριθέντα
3053 740 3244 811 ἀρκεῖν
3270 743 3298 794 6
3329 741 3550 803 πάππας
3573 740 3704 810 νομί-

2168 845 2276 893 σει,
2310 828 2371 882 τὺ
2401 828 2570 898 κῦρος
2625 830 2660 900 ἡ
2707 829 2818 883 τῶν
2863 831 3184 885 ἐπισκόπων
3237 830 3406 901 ἐχέτω
3434 831 3702 898 ἀπόφασις.
3741 871 3744 878 .

2167 917 2234 972 Εί
2262 917 2320 970 δὲ
2343 917 2438 972 καὶ
2471 913 2631 982 αὖθις
2657 919 2916 990 κριθῆναι
2941 919 3035 974 τὸν
3068 919 3370 973 ἐπίσκοπον
3419 919 3704 987 δοκιμάσει,

2118 1062 2131 1092 γ
2170 1007 2248 1079 μὴ
2275 1009 2670 1078 ἀναγκαζέσθω
2699 1013 2727 1064 6
2754 1009 3177 1073 καταδικασθεὶς
3206 1010 3288 1074 είς
3328 1009 3540 1079 Ῥώμην
3568 1008 3706 1062 ἀπιέ-

2167 1100 2430 1165 ναι,ἀλλά
2445 1100 2548 1171 τὴν
2577 1101 2712 1155 ίδίαν
2739 1102 2768 1156 6
2795 1101 3033 1164 πάππας
3060 1100 3314 1166 ἐξουσίαν
3343 1100 3704 1172 πρεσϐυτέροις

2165 1191 2278 1245 τῶν
2307 1191 2658 1248 οίκειοτάτων
2684 1191 2835 1263 αύτῷ
2863 1193 3135 1261 δεδωκὼς,
3163 1193 3263 1247 καὶ
3301 1191 3519 1262 πέμψας
3549 1192 3705 1243 ἐκεῖσε

2170 1283 2312 1355 μετά
2343 1282 2452 1338 τῶν
2481 1282 2765 1354 ἐγχωρίων
2792 1284 3130 1347 ἐπισκόπων,
3162 1282 3233 1336 τά
3272 1281 3374 1353 τῆς
3426 1280 3706 1344 ὑποθέσεως

2168 1372 2524 1444 ἐξετασθῆναι
2552 1371 2892 1441 κελαυσάτω,
2931 1373 3028 1428 καὶ
3053 1371 3199 1430 οὕτω
3219 1383 3225 1388 ’
3245 1372 3426 1427 τελεία
3455 1372 3703 1444 ήάπόφα-

2168 1483 2254 1529 αις
2283 1466 2547 1534 γενέσθω.

2252 1557 2314 1615 Ὀ
2350 1558 2409 1613 δέ
2449 1559 2514 1613 ιθ¹
2551 1559 2652 1631 τῆς
2679 1560 2739 1613 ἐν
2780 1558 3140 1631 Καρθαγένῃ,
3175 1557 3284 1612 Τδν
3328 1553 3708 1628 κατηγοροῦντα

497 1642 700 1712 inquit,
734 1654 979 1710 accusat,
1005 1660 1191 1701 coram
1221 1649 1463 1718 regionis
1509 1651 1742 1720 primate
1795 1651 2064 1707 actionem

2166 1649 2490 1718 ἐπίσκοπον,
2529 1651 2680 1722 παρά
2701 1651 2778 1723 τῷ
2803 1653 2905 1720 τῆς
2933 1650 3120 1724 χώρας
3161 1651 3232 1705 τά
3270 1649 3464 1720 πρῶτα
3491 1648 3707 1718 φέροντι,

497 1735 782 1792 instituere
806 1737 997 1805 debet;
1027 1737 1075 1795 is
1105 1754 1237 1796 vero
1253 1740 1347 1810 qui
1366 1752 1654 1798 accusatur
1695 1751 1822 1799 ante
1847 1745 2063 1814 plenam

2165 1739 2265 1813 τὴν
2295 1742 2632 1813 κατηγορίαν
2655 1742 2756 1807 δεῖ,
2791 1743 2978 1813 φησὶν,
3003 1743 3244 1814 ἐνιστᾷν·
3275 1743 3304 1794 6
3331 1741 3387 1795 δέ
3411 1756 3475 1808 γε
3498 1753 3707 1808 κατηγο-

496 1828 822 1884 sententiam
864 1845 893 1882 a
919 1803 1183 1902 dignitate
1214 1803 1315 1888 sua
1341 1847 1450 1888 non
1483 1833 1824 1890 excludetur.
1848 1803 1912 1889 'Si
1937 1847 2064 1890 vero

2169 1803 2435 1907 ρούμενος
2452 1803 2576 1906 ’πρὸ
2599 1835 2702 1904 τῆς
2732 1803 2947 1898 τελείας
2965 1803 3315 1918 ἀποφάσεως
3352 1803 3452 1901 τῆς
3483 1803 3708 1894 ιδίας-τι-

497 1919 693 1976 litteris
723 1920 788 1975 ad
809 1921 1078 1990 judicium
1112 1933 1356 1990 vocetur,
1377 1933 1432 1979 et
1461 1925 1625 1981 unius
1661 1924 1866 1981 mensis
1891 1926 2064 1980 inter—

2169 1926 2278 1998 μῆς
2301 1927 2405 1981 οὐκ
2428 1927 2804 1982 ἀποκλείεται.
2835 1926 3142 1997 Γράμμασι
3178 1926 3368 1998 μέντοι
3389 1923 3598 1991 κληθεὶς
3629 1922 3706 1974 ἐπὶ

494 2010 665 2076 vallo,
695 2026 762 2066 ex
797 2027 910 2082 quo
939 2013 1145 2069 litteras
1178 2017 1472 2088 acceperit,
1517 2031 1626 2071 non
1687 2015 1946 2083 adiuerit,
2009 2018 2063 2074 in

2164 2019 2227 2072 τὸ
2258 2017 2635 2090 δικαστήριον,
2668 2020 2718 2072 εί
2751 2018 2829 2089 μὴ
2860 2019 3233 2088 ἀπαντήσειεν
3253 2017 3374 2080 ένδς
3398 2013 3708 2086 παραρρυέν-

496 2117 714 2172 poenam
747 2105 1135 2162 inobedientiae
1189 2117 1531 2179 segregatur,
1585 2123 1688 2164 nec
1721 2108 1773 2164 ei
1817 2109 2066 2166 ministe-

497 2191 638 2245 rium
667 2191 888 2263 aliquod
913 2207 1130 2249 sacrum
1159 2195 1430 2266 attingere
1452 2196 1654 2252 licebit.
1679 2196 1836 2263 Quod
1867 2198 1911 2253 si
1937 2212 2061 2254 cum

497 2295 528 2334 a
563 2281 748 2337 causis
778 2284 1104 2340 necessariis
1151 2300 1335 2340 revera
1362 2285 1609 2356 impediri
1638 2296 1919 2346 ostensum
1946 2287 2065 2343 lue-

497 2373 590 2438 rit,
624 2373 766 2428 alius
794 2374 844 2428 ei
879 2377 1083 2431 mensis
1104 2375 1382 2432 dilationis
1403 2377 1600 2446 datur;
1652 2391 1762 2449 quo
1801 2377 1989 2448 elapso
2015 2377 2064 2434 si

496 2481 605 2521 non
641 2467 878 2532 venerit,
900 2482 928 2522 a
953 2467 1194 2523 ﬁdelium
1215 2469 1602 2526 communione
1619 2469 1856 2540 ejicitur,
1891 2471 2064 2528 donec

493 2573 616 2628 quae
650 2559 754 2628 ipsi
784 2558 999 2630 objecta
1023 2569 1174 2624 sunt,
1213 2561 1675 2618 terminabuntur.
1714 2561 1812 2618 Sin
1876 2570 2062 2617 autem

494 2663 553 2706 se
570 2665 668 2704 nec
687 2664 869 2706 coram
893 2651 1188 2722 provinciae
1224 2652 1484 2720 exarcho,
1518 2668 1616 2709 nec
1636 2668 1821 2710 coram
1852 2653 2064 2725 synodo

493 2741 870 2798 anniversaria
917 2742 1113 2799 sistere
1159 2746 1458 2811 curaverit,
1517 2745 1636 2816 ipse
1691 2745 1959 2801 adversus
1999 2760 2060 2802 se

492 2835 818 2890 sententiam
839 2835 985 2898 tulit,
1039 2836 1368 2905 depositioni
1394 2838 1698 2908 subjectus.
1757 2839 2064 2895 Accusator

494 2936 624 2978 vero
653 2924 771 2979 siin
797 2924 1005 2993 judicio
1031 2935 1230 2996 praesto
1271 2925 1457 2992 luerit,
1515 2929 1900 2984 communione
1951 2943 2061 2984 non

494 3016 880 3084 interdicitur;
905 3019 990 3072 sin
1024 3033 1154 3074 vero
1183 3019 1286 3075 sub
1308 3027 1571 3090 praetextu
1604 3035 1666 3075 se
1713 3019 2059 3087 subduxerit,

2165 2124 2257 2173 τος
2283 2108 2474 2178 μηνὸς,
2505 2106 2567 2174 ἐξ
2595 2109 2719 2163 ὅτου
2743 2109 2812 2162 τά
2838 2108 3149 2180 γράμματα
3182 2108 3422 2175 ἐδέξατο,
3446 2108 3523 2170 είς
3543 2105 3707 2170 ποινὴν

2163 2200 2266 2270 τῆς
2291 2200 2576 2266 ἀπειθείας
2599 2200 2949 2270 ἀφορίζεται,
2985 2200 3063 2272 μὴ
3093 2200 3217 2266 ἐξὸν
3253 2199 3402 2272 αύτῷ
3433 2198 3710 2271 ἱερουργίας

2165 2291 2412 2362 ἅψασθαι
2445 2291 2806 2371 ὁπουδήποτε.
2847 2293 2910 2347 Εί
2943 2293 3000 2346 δέ
3038 2291 3260 2362 ἀληθῶς
3287 2292 3393 2346 ὑπὸ
3429 2291 3708 2358 ἀναγκαίων

2165 2382 2359 2437 αίτιῶν
2403 2383 2640 2456 δειχθείη
2695 2383 3065 2455 κωλυόμενος,
3103 2383 3294 2454 ἕτερος
3329 2382 3436 2454 μὴν
3474 2382 3550 2446 είς
3589 2396 3706 2452 προ·

2167 2473 2398 2543 θεσμίαν
2419 2475 2569 2547 αὐτῷ
2607 2475 2832 2532 δίδοται.
2871 2460 3194 2546 Ἐξήκοντος
3221 2476 3280 2530 δὲ
3307 2478 3402 2530 καὶ
3431 2475 3633 2538 τούτου,
3653 2470 3706 2525 ἂν

2169 2568 2248 2639 μὴ
2271 2569 2561 2639 ἀφίκηται,
2587 2571 2688 2640 τῆς
2709 2569 2820 2624 τῶν
2849 2569 3058 2623 πιστῶν
3078 2569 3372 2632 κοινωνίας
3395 2565 3704 2628 ἐκϐάλλεται,

2167 2659 2363 2731 μέχρις
2399 2661 2467 2715 ἂν
2495 2660 2564 2715 τὰ
2596 2661 2718 2715 κατ’
2757 2659 2922 2714 αὐτοῦ
2948 2660 3257 2732 λαληθέντα
3287 2659 3504 2730 δέξηται
3541 2657 3703 2726 πέρας.

2162 2753 2319 2823 Μήτε
2343 2752 2401 2806 δὲ
2440 2753 2580 2824 πρὸς
2616 2753 2708 2806 τδν
2732 2753 2832 2822 τῆς
2858 2751 3132 2824 ἐπαρχίας
3179 2751 3434 2822 ἔξαρχον,
3467 2750 3593 2820 μήτε
3616 2745 3705 2816 μὴν

2164 2844 2302 2914 πρὸς
2317 2845 2414 2916 τὴν
2434 2844 2666 2914 ἐτησίως
2688 2845 2991 2915 γενομένην
3015 2842 3239 2896 σύνοδον
3259 2840 3550 2912 ἀφικέσθαι
3569 2853 3705 2906 φρον·

2161 2935 2341 2998 τίσας,
2371 2935 2536 2998 αὐτὸς
2569 2935 2690 2989 καθ’
2716 2933 2914 2990 ἐαυτοῦ
2945 2933 3043 3006 τὴν
3075 2934 3237 3006 δίκην
3261 2933 3568 3004 ἐξήνεγκεν,
3597 2928 3706 2980 ὑπο-

2165 3024 2387 3096 ϐληθείς
2413 3025 2760 3096 καθαιρέσει.
2799 3025 2858 3079 '0
2887 3025 3072 3096 μέντοι
3103 3025 3441 3095 κατήγορος,
3469 3022 3542 3090 τῷ
3576 3020 3707 3073 δικα-

493 3105 611 3177 ipse
632 3107 850 3176 quidem
883 3119 1225 3180 segregatur,
1259 3119 1315 3168 et
1333 3111 1628 3182 episcopus
1682 3112 2062 3184 segregatione

2169 3117 2379 3188 στηρίῳ
2423 3117 2803 3188 ἐνδιατρίϐων,
2852 3134 2954 3188 της
3004 3117 3298 3179 κοινωνίας
3325 3117 3424 3169 οὐκ
3455 3115 3704 3184 είργεται·

493 3200 746 3256 solvitur.
773 3201 1079 3259 Ustendens
1109 3213 1292 3260 autem
1329 3219 1388 3260 se
1417 3219 1525 3259 non
1555 3219 1621 3260 ex
1657 3213 1944 3275 praztextu,
1972 3204 2066 3259 sed

383 3339 387 3343 .
493 3293 806 3348 rationabili
830 3292 898 3349 de
927 3309 1091 3351 causa
1125 3295 1389 3362 abfuisse,
1411 3296 1684 3352 actionem
1716 3310 1936 3351 movere
1959 3310 2068 3349 non

495 3384 897 3455 prohibebitur.
929 3385 1088 3453 Quod
1120 3388 1167 3443 si
1212 3387 1460 3446 moribus
1487 3397 1774 3460 suspectus
1795 3387 1886 3451 sit,
1904 3402 2069 3442 accu-

493 3476 759 3532 sationem
789 3478 942 3548 ιοι
968 3495 1092 3550 qua:
1114 3480 1354 3550 episcopi
1373 3480 1690 3550 dignitatem
1710 3478 1950 3548 attingit,
1980 3479 2068 3532 in-

494 3567 724 3624 stituere
747 3571 796 3624 ei
818 3571 1148 3639 permissum
1178 3587 1287 3628 non
1311 3573 1447 3639 erit;
1469 3573 1715 3627 actiones
1728 3585 1860 3626 vero
1887 3568 2071 3640 priva-

493 3669 577 3714 tas
599 3669 653 3714 et
676 3663 1018 3730 pecuniarias
1069 3673 1260 3718 contra
1302 3664 1481 3733 ipsum
1513 3677 1735 3718 movere
1784 3675 1895 3716 non
1936 3673 2068 3730 pro-

493 3746 788 3806 hibebitur.
819 3749 1020 3806 Verum
1047 3753 1207 3810 hodie
1232 3753 1548 3825 praestituta:
1579 3752 1889 3810 vocationis
1948 3751 2067 3808 dies

493 3841 676 3896 locum
703 3856 812 3897 non
855 3842 1079 3900 habent.

1216 4115 1346 4172 Lex.

555 4204 878 4265 Secundum
911 4222 1043 4265 vero
1075 4208 1342 4266 novellam
1381 4207 1678 4265 clarissimi
1717 4206 2068 4278 imperatoris

493 4296 782 4365 Manuelis,
818 4316 916 4372 per
954 4301 1058 4355 tria
1108 4300 1333 4372 triginta
1373 4301 1589 4356 dierum
1632 4302 1836 4366 edicta,
1877 4314 2069 4356 omnes

492 4398 704 4444 actores
728 4397 783 4443 ct
814 4389 891 4444 rei
920 4398 1302 4456 accersuntur,
1327 4390 1704 4461 cujuscunque
1729 4389 1843 4444 sint
1866 4397 2064 4454 status,

490 4490 546 4535 et
573 4480 1100 4553 cujusmodicunque
1125 4495 1294 4537 causa
1327 4481 1512 4536 fuerit.

561 4655 734 4712 Porro
763 4673 864 4714 nec
890 4673 1014 4714 can.
1041 4657 1121 4723 88_
1138 4659 1424 4731 permittit,
1451 4667 1507 4714 ut
1532 4659 1825 4730 episcopus
1853 4660 1946 4730 qui
1975 4674 2064 4716 ac-

489 4760 718 4806 cusatus
749 4750 834 4806 vel
866 4762 1182 4822 segregatus
1212 4752 1406 4817 fuerit,
1437 4754 1506 4806 ab
1533 4752 1850 4822 episc0patu
1881 4752 2064 4819 expel-

489 4845 656 4908 latur,
706 4845 881 4900 donec
927 4861 1049 4916 quae
1094 4845 1144 4899 ei
1193 4845 1407 4916 objecta
1458 4855 1587 4901 sunt
1627 4844 1842 4915 judicio
1887 4846 2062 4901 soluta

489 4939 711 4995 fuerint.

563 5031 769 5086 Eadem
804 5046 927 5086 can.
962 5031 1030 5087 16
1059 5047 1183 5103 syn.
1214 5045 1336 5100 quae
1367 5031 1540 5101 prima
1571 5036 1625 5084 et
1654 5031 1895 5086 secunda
1929 5031 2064 5087 diei-

490 5131 579 5175 tur
609 5133 792 5191 apcrte
841 5122 1054 5188 statuit,
1081 5123 1281 5192 jubens
1309 5121 1578 5177 neminem
1605 5121 1853 5176 ordinari
1882 5122 1936 5176 in
1967 5124 2065 5176 Ec-

489 5213 750 5280 clesiam,
799 5215 959 5282 cujus
1007 5214 1298 5284 cpiscopus
1349 5215 1527 5270 adhuc
1575 5215 1767 5270 vivens
1820 5217 2061 5270 nondum

490 5304 710 5375 proprio
754 5307 959 5362 honore
998 5307 1155 5376 plene
1195 5319 1377 5362 motus
1416 5307 1599 5370 fuerit,
1636 5309 1890 5377 quamvis
1927 5323 2065 5363 non-

490 5398 624 5452 nulli
666 5397 892 5452 criniina
936 5398 986 5453 ei
1028 5398 1330 5464 intentant,
1370 5408 1426 5454 et
1467 5399 1581 5468 ipse
1623 5399 1807 5454 animo
1853 5400 2065 5470 ahjecto

489 5492 631 5544 torte
672 5493 1130 5548 renuntiationern
1175 5493 1385 5547 fecerit.
1435 5492 1552 5547 Hoc
1593 5493 1736 5547 enim
1779 5494 2066 5548 seditionis

487 5592 541 5634 et
575 5583 842 5636 tumultus
869 5598 1034 5639 causa
1064 5593 1166 5639 est.
1199 5583 1407 5638 Debent
1437 5591 1618 5638 autem
1648 5583 1830 5638 clerici
1864 5585 2065 5654 impro-

489 5673 712 5727 bitatem
750 5675 803 5728 in
839 5676 1084 5731 omnium
1121 5675 1306 5730 odium
1344 5676 1714 5731 incurrentem
1749 5675 1976 5738 evitare,
2010 5689 2063 5733 et

492 5765 751 5822 canonice
785 5784 905 5838 quae
937 5770 985 5823 ei
1024 5769 1237 5839 objecta
1271 5778 1400 5826 sunt
1431 5769 1770 5838 examinare,
1805 5779 1861 5826 et
1893 5769 1940 5827 si
1979 5786 2064 5826 re-

2169 3209 2533 3280 ὑποχωρήσας
2563 3209 2618 3262 δὲ
2652 3209 2794 3262 κατά
2819 3217 2945 3262 τινα
2977 3208 3206 3279 σκῆψιν,
3230 3208 3394 3270 αὐτὸς
3426 3205 3520 3275 μὲν
3547 3199 3708 3271 ἀφορί-

2167 3301 2343 3366 ζεται,
2374 3301 2402 3353 ὃ
2422 3317 2485 3367 γε
2513 3300 2620 3372 μὴν
2642 3300 2942 3364 ἐπίσκοπος
2963 3301 3056 3354 τοῦ
3079 3297 3396 3371 ἀφορισμοῦ
3421 3294 3704 3351 ἀπολύεται.

2166 3391 2357 3456 Δείξας
2386 3391 2444 3445 δέ
2470 3391 2546 3463 μὴ
2579 3391 2720 3446 κατὰ
2757 3391 2982 3460 σκῆψιν,
3011 3390 3128 3444 ἀλλ’
3161 3390 3222 3456 ἐξ
3254 3388 3434 3450 αίτίας
3459 3378 3705 3450 εὐπροσώ-

2167 3502 2272 3540 που
2297 3484 2602 3556 γενομένην
2633 3484 2733 3554 τὴν
2767 3484 3144 3554 ὑποχώρησιν,
3177 3485 3277 3536 καὶ
3301 3481 3453 3542 αὖθις
3479 3475 3569 3548 τήν
3597 3471 3706 3525 ὑπό·

2167 3576 2318 3630 θεσιν
2355 3578 2529 3630 κινείν
2563 3576 2623 3629 ού
2657 3575 2951 3629 κωλύεται.
2981 3575 3042 3628 Ei
3085 3574 3143 3628 δέ
3171 3569 3592 3641 διαϐεϐλημένος
3632 3563 3704 3628 είη

2165 3670 2293 3732 τοὺς
2335 3669 2596 3738 τρόπους,
2648 3667 2988 3738 κατηγορίαν
3019 3665 3118 3734 μέν
3155 3665 3257 3735 τῆς
3299 3659 3590 3733 ἱερωσύνης
3627 3650 3704 3704 τοῦ

2165 3760 2472 3815 ἐπισκόπου
2525 3759 2952 3830 καθαπτομένην
2989 3758 3174 3827 λέγειν
3221 3757 3285 3810 ού
3337 3749 3703 3822 συγχωρεϊται.

2133 3909 2140 3922 ,
2170 3852 2304 3915 ίδίας
2333 3851 2390 3906 δέ
2435 3852 2529 3905 καὶ
2562 3853 2916 3922 χρηματικὰς
2945 3849 3068 3902 κατ’
3100 3847 3272 3902 αὐτοῦ
3309 3847 3477 3898 κινεῖν
3511 3835 3703 3906 ἀγωγὰς

2166 3943 2230 3996 ού
2261 3941 2571 3997 κωλύεται.
2593 3939 2738 3996 Ἀλλ’
2764 3941 2863 4010 ούχ
2893 3941 3039 3994 οὓτω
3082 3937 3255 3993 τανῦν
3301 3936 3359 3990 αί
3402 3927 3702 4006 προθεσμίαι

2165 4033 2268 4104 τῆς
2294 4033 2541 4104 κλήσεως
2566 4032 2677 4088 τῶν
2705 4031 2931 4104 ἡμερῶν
2963 4033 3228 4100 γίνονται.

2836 4125 3057 4192 Νόμος.

2240 4217 2400 4271 Κατά
2429 4217 2488 4271 δέ
2527 4232 2594 4286 γε
2641 4217 2742 4288 τὴν
2784 4215 2989 4285 νεαρὰν
3041 4213 3138 4268 τοῦ
3183 4211 3432 4282 ἀοιδίμου
3473 4201 3704 4279 βασιλέως

2168 4307 2450 4379 Μανουὴλ,
2489 4307 2579 4361 διὰ
2621 4306 2788 4377 τριῶν
2819 4305 3304 4376 παραγγελμάτων
3341 4289 3704 4373 τριακονθημέο

2171 4413 2284 4466 ρων
2319 4394 2760 4467 μετακαλοῦνται
2787 4395 2990 4456 πάντες
3012 4394 3304 4463 ἐνάγοντες
3338 4409 3396 4444 τε
3424 4388 3512 4442 καὶ
3541 4379 3705 4448 ἐναγό-

2089 4481 2144 4540 D
2172 4505 2347 4560 μενοι,
2386 4488 2487 4542 κᾶν
2535 4489 2652 4551 οίας
2686 4481 2789 4542 ὦσι
2838 4472 3256 4554 καταστάσεως,
3302 4481 3404 4538 κᾶν
3451 4479 3562 4539 οἵας
3657 4467 3706 4522 τδ

2170 4581 2340 4652 ἐγκλη
2351 4600 2426 4651 μα
2450 4569 2784 4646 ὑποθέσεως.

2256 4651 2397 4728 Ἀλλ’
2423 4673 2534 4728 οὐδ’
2560 4676 2590 4728 6
2637 4681 2729 4744 πη⁹
2757 4672 3046 4745 ἐπιτρέπει
3082 4673 3172 4726 τὸν
3207 4671 3315 4726 ὑπὸ
3345 4651 3701 4735 κατηγορίανῆ

2170 4764 2477 4837 ἀφορισμδν
2550 4765 2846 4835 γενόμενον
2903 4765 3205 4818 ἐπίσκοπον
3275 4762 3374 4829 τῆς
3433 4745 3702 4840 ἐπισκοπῆς

2172 4859 2520 4927 ἐξωθεῖσθαι,
2549 4856 2655 4920 ἕως
2678 4857 2746 4910 ἂν
2768 4857 2830 4909 τὸ
2858 4857 2981 4910 κατ’
3004 4855 3172 4910 αὑτοῦ
3207 4852 3343 4924 λυθῇ
3369 4844 3700 4913 δικαστήριον·

2243 5044 2325 5098 Τὰ
2355 5043 2491 5098 αὐτὰ
2525 5041 2622 5095 καὶ
2653 5042 2682 5094 6
2709 5040 2786 5104 ις’
2805 5041 2905 5110 τῆς
2931 5037 3232 5109 λεγομένης
3255 5040 3306 5088 α’
3328 5033 3418 5087 καί
3448 5029 3492 5100 β’
3511 5019 3698 5079 συνόδου

2171 5134 2354 5191 κανὼν
2385 5134 2574 5203 σαφῶς
2619 5133 2988 5196 διατάττεται,
3041 5129 3118 5200 μὴ
3165 5115 3700 5203 χειροτονεῖσθαίτινα
3771 5189 3775 5196 ἐ

2171 5225 2409 5279 κελεύων
2440 5201 2520 5286 είς
2571 5222 2894 5291 ἐκκλησίαν,
2928 5214 2996 5292 ἧς
3027 5223 3056 5273 6
3075 5221 3374 5279 ἐπίσκοπος
3398 5213 3474 5266 ἐτι
3504 5201 3698 5292 περιὼν,

2171 5314 2326 5371 οὔπω
2358 5317 2458 5385 τῆς
2518 5313 2657 5377 ίδίας
2708 5289 2912 5378 τελέως
2952 5289 3268 5381 -ἀπεκινήθη
3309 5305 3491 5377 τιμῆς.
3537 5301 3579 5353 εί
3623 5289 3700 5347 καὶ

2171 5411 2312 5482 πρός
2361 5425 2528 5462 τινων
2566 5406 2659 5460 ἐπὶ
2692 5406 3037 5476 ἐγκλήμασιν
3070 5403 3288 5476 ᾐτιάθη,
3323 5401 3413 5452 κοιλ⁸
3462 5387 3698 5482 μικροίρυῖ

2172 5472 2348 5568 χήσας
2368 5495 2499 5557 ἴσως
2520 5472 3206 5564 παραίτησιν-ἐποιήσατο.
3235 5490 3478 5548 Στάσεως
3500 5481 3598 5551 γὰρ
3624 5472 3700 5526 καὶ

2172 5588 2420 5656 ταραχῆς
2465 5586 2641 5639 αῐτιον
2676 5584 2832 5638 τοῦτό
2861 5602 2948 5652 γε.
2985 5586 3078 5638 Δεί
3113 5585 3172 5638 δὲ
3213 5581 3336 5642 τοὺς
3368 5581 3461 5648 τῆς
3499 5568 3699 5632 Ἐκκλη-

2174 5683 2296 5741 σίας
2343 5675 2524 5730 πᾶσάν
2545 5694 2608 5743 γε
2626 5677 3191 5747 φιλαπεχθημοσύνην
3210 5673 3434 5746 μάλιστα
3459 5663 3699 5735 περιίστα·

2175 5770 2325 5839 σθαι,
2356 5770 2492 5826 ἀλλά
2525 5769 2833 5834 κανονικῶς
2875 5769 2945 5824 τὰ
2995 5769 3116 5826 κατ’
3144 5767 3302 5823 αὑτὸν
3349 5753 3698 5828 ἐξετάζεσθαι·
