3992 6442
364 387 502 459 1⁵241
1319 389 1731 452 SYN'I‘AGMA
1775 389 1953 450 ALPI

2059 389 2405 452 BETlCUM.
2427 417 2494 429 —
2520 390 2582 453 Δ.
3477 391 3619 458 1⁸242

362 514 460 567 καὶ
487 511 537 565 εί
560 509 704 565 κατά
725 507 888 586 λόγον
914 508 950 580 ή
983 507 1322 580 παραίτησις
1355 507 1624 578 ἐγεγόνει,
1652 508 1685 577 ἢ
1719 523 1932 560 κανονιο

2059 508 2314 562 ιιιιιίίιιιὶο
2353 510 2501 578 justa
2542 510 2635 576 sit,
2680 518 2778 567 aut
2819 511 3080 569 canonice
3121 517 3342 584 propter
3381 511 3614 574 crimina

362 606 476 669 κῶς
500 603 591 658 διὰ
620 603 688 656 τά
712 601 1042 672 ἐγκλήματα
1073 601 1381 674 καθῃρέθη,
1410 598 1718 671 τηνικαῦτα
1749 600 1939 668 ἕτερον

2059 601 2324 670 lepositus
2367 600 2550 668 fuerit,
2593 613 2704 658 tum
2747 605 3013 662 alium-in
3053 608 3423 681 episcopatum
3464 614 3618 669 ordi-

364 698 448 758 είς
483 694 584 764 τὴν
607 693 917 764 ἐπισκοπὴν
943 691 1421 764 προχειρίζεσθαι.
1467 690 1632 744 Ἀλλά
1653 691 1748 742 καὶ
1781 689 1835 742 εί
1855 706 1940 753 τις

2059 709 2195 750 tare.
2227 695 2285 749 Si
2314 697 2438 766 quis
2471 713 2599 752 vero
2627 701 2682 752 in
2717 699 2924 755 honore
2952 716 3054 756 suo
3083 714 3230 759 recte
3261 707 3615 774 constitutus,

365 788 426 841 ἐν
455 789 522 858 τῇ
565 787 673 856 ἰδία
701 787 838 855 τιμῇ
892 785 1076 848 καλῶς
1131 784 1440 853 ἱδρυμένος,
1492 783 1568 853 μὴ
1610 782 1702 836 τὸν
1743 782 1944 834 οἰκεῖον

2059 789 2303 860 populum
2339 804 2500 842 suum
2535 804 2755 857 pascere
2787 794 3142 857 recusaverit,
3175 803 3230 848 et
3259 810 3289 849 a
3323 812 3483 867 grege
3517 813 3618 853 suo

367 879 544 934 ἐθέλοι
574 877 886 947 ποιμαίνειν
915 877 1068 941 λαὸν,
1113 876 1252 930 ἀλλὰ
1296 875 1396 945 τῆς
1441 875 1652 936 οἰκείας
1697 872 1943 934 ἀποστάς

2059 884 2329 939 liscedens
2363 884 2416 938 in
2451 883 2559 938 alio
2593 884 2712 938 loco
2750 885 2891 939 ultra
2927 901 3019 940 sex
3056 901 3276 942 menses
3310 903 3620 944 commora-

368 972 632 1041 ποίμνης,
655 970 794 1040 ὑπὲρ
821 969 884 1023 τὸ
907 969 1178 1039 ἑξάμηνον
1202 970 1258 1022 ἐν
1281 967 1454 1038 ἐτέρῳ
1479 965 1746 1036 διατρίϐοι
1768 965 1939 1033 τόπῳ,

2059 990 2135 1033 ius
2171 976 2369 1042 fuerit,
2406 978 2556 1032 nulla
2593 979 2918 1034 necessitate
2949 989 3207 1046 coactus,
3245 980 3485 1053 episcopi
3524 984 3624 1038 lto-

371 1066 448 1134 μὴ
469 1080 616 1126 τινος
643 1062 944 1129 ἀναγκαίου
971 1063 1381 1132 κατείργοντος,
1404 1060 1502 1131 τὴν
1525 1058 1620 1112 τοῦ
1642 1058 1942 1114 ἐπισκόπου

2059 1085 2178 1125 more
2205 1079 2260 1124 et
2292 1070 2550 1125 cathedra
2577 1070 2724 1141 juste
2755 1072 3074 1141 privabitur.

368 1159 541 1228 τιμήν
564 1157 661 1211 καὶ
697 1156 965 1226 καθέδραν
997 1155 1225 1216 δικαίως
1253 1153 1714 1224 ἀφαιρεθήσεται.

453 1245 516 1299 '0
537 1245 596 1300 δὲ
627 1244 677 1298 κ’
710 1247 808 1314 τῆς
840 1247 898 1298 ἐν
942 1244 1280 1316 Καρθαγένῃ
1329 1243 1730 1314 πρεσϐυτέροις
1769 1240 1803 1310 ἢ
1831 1239 1946 1292 δια-

2115 1251 2346 1322 lnsuper
2375 1266 2499 1307 can.
2533 1251 2605 1306 20
2637 1266 2760 1321 syn.
2792 1249 3054 1320 Carthag.
3087 1251 3530 1323 presbyterorum
3567 1261 3624 1308 et

369 1336 550 1400 κόνοις
581 1335 710 1405 περί
767 1351 932 1389 τινων
984 1335 1413 1404 ἐγκαλουμένοις
1464 1333 1558 1386 τὸν
1608 1332 1740 1385 ῐδιον
1765 1329 1945 1384 αὐτῶν

2059 1347 2402 1403 iiaconorum
2425 1344 2518 1414 qui
2545 1343 2908 1412 quorumdam
2926 1343 3216 1398 criminum
3237 1345 3476 1399 accusati
3503 1344 3622 1400 fue-

370 1426 674 1480 ἐπίσκοπον
706 1426 960 1494 ἐφίστησι
985 1425 1270 1493 δικαστὴν,
1305 1424 1402 1478 σύν
1431 1440 1496 1492 γε
1526 1422 1734 1492 ἑτέροις
1764 1423 1828 1474 ἐκ
1847 1419 1946 1489 τῆς

2059 1440 2179 1505 rint,
2211 1439 2527 1508 episcopum
2571 1437 2850 1506 proprium
2889 1435 3129 1506 judicem
3172 1437 3478 1502 constituit,
3512 1453 3621 1493 una

371 1519 545 1586 αὐτῆς
571 1516 862 1587 ἐπαρχίας,
898 1516 995 1580 οὓς
1043 1516 1110 1571 ἂν
1143 1515 1474 1581 ἐκλέξωνται
1519 1515 1570 1568 οί
1607 1511 1949 1582 κατηγορού-

2059 1547 2170 1588 :mn
2211 1531 2336 1586 aliis
2374 1529 2616 1594 ejusdem
2657 1529 2952 1598 provincia:
2987 1544 3128 1597 quos
3166 1530 3410 1584 accusati
3447 1530 3626 1600 elege-

375 1625 552 1678 μενοι,
587 1608 648 1672 ἐξ
676 1609 777 1677 μὲν
809 1609 903 1665 ἐπὶ
931 1608 1351 1678 πρεσϐυτέρων,
1381 1607 1476 1661 καὶ
1502 1605 1685 1675 τρισὶν
1711 1605 1807 1658 ἐπὶ
1827 1605 1948 1657 δια·

2059 1622 2188 1686 rint,
2215 1635 2310 1676 sex
2338 1619 2546 1674 scilicet
2570 1627 2764 1672 contra
2793 1617 3173 1688 presbyteros,
3203 1627 3256 1673 et
3285 1619 3460 1675 tribus
3486 1634 3625 1674 con-

372 1697 568 1751 κόνων.
603 1697 949 1767 Προθεσμίας
991 1697 1048 1750 δέ
1099 1696 1194 1750 καὶ
1243 1696 1594 1766 ἐπιτιμήσεις
1627 1695 1730 1758 τάς
1774 1692 1947 1757 αύτάς

2059 1719 2128 1764 ira
2150 1709 2435 1764 diaconos.
2456 1705 2800 1761 Praestitulas
2820 1721 2946 1761 vero
2967 1707 3084 1762 dies
3105 1719 3159 1762 et
3183 1722 3372 1777 ptenas
3395 1710 3617 1764 easdem

374 1783 517 1842 εἶναι
572 1789 669 1842 καὶ
717 1789 930 1852 τούτοις
969 1789 1159 1857 σαφῶς
1193 1787 1290 1842 καὶ
1338 1781 1495 1849 οὗτος
1520 1781 1796 1850 διέξεισιν,
1826 1783 1947 1847 οῑας

2059 1817 2172 1858 esse
2211 1800 2330 1856 vult
2371 1799 2458 1854 hic
2503 1813 2677 1853 canon
2723 1813 2787 1852 ac
2833 1814 2954 1868 quae.
3000 1813 3186 1854 contra
3234 1802 3519 1871 episcopos
3563 1803 3620 1857 in

371 1881 440 1953 δὴ
480 1882 576 1936 καὶ
608 1881 702 1934 ἐπὶ
737 1881 850 1935 τῶν
899 1881 1223 1935 ἐπισκόπων
1256 1882 1286 1933 6
1324 1877 1641 1949 προλαϐών.
1667 1877 1750 1931 Τὰ
1791 1877 1850 1930 δέ
1881 1892 1946 1943 γε

2059 1890 2220 1959 priori
2259 1891 2648 1946 decernuntur.
2685 1888 3038 1957 Reliquorum
3072 1899 3252 1945 autem
3291 1891 3621 1947 clericorum

373 1975 487 2026 τῶν
536 1973 742 2027 λοιπῶν
795 1973 1078 2043 κληρικῶν
1129 1973 1430 2042 αἰτιάματα
1483 1972 1644 2042 μόνος
1683 1972 1713 2024 6
1767 1968 1949 2025 αὐτῶν

2059 1997 2251 2038 causas
2279 1981 2454 2048 solus,
2485 1981 2686 2050 inquit,
2716 1995 2908 2036 eorum
2940 1983 3232 2053 episcopus
3262 1984 3624 2048 examinabit,

375 2065 678 2130 ἐπίσκοπος
707 2067 977 2132 ἐξετάσει,
1013 2067 1112 2120 καὶ
1147 2065 1347 2135 πέρατι
1372 2063 1557 2126 δώσει,
1588 2062 1778 2132 φησίν.

454 2159 516 2214 '0
547 2160 604 2213 δὲ
627 2159 702 2214 σθ’
732 2158 1125 2212 ἀποκλείεσθαι
1153 2157 1329 2226 λέγων
1373 2156 1465 2210 τὸν
1494 2155 1782 2224 κληρικδν,
1828 2152 1952 2216 ἑνὸς

378 2252 669 2321 ἐξήκοντος
703 2251 878 2314 ἔτους,
907 2249 1003 2306 καί⁵
1027 2251 1102 2321 μὴ
1121 2249 1424 2320 δεξαμένης
1453 2248 1632 2317 πέρας
1662 2247 1759 2318 τῆς
1781 2242 1948 2301 αὐτοῦ

377 2343 712 2410 ὑποθέσεως,
749 2344 810 2398 τδ
835 2342 931 2399 νῦν
956 2344 1080 2414 έχον
1107 2343 1209 2396 οὐκ
1241 2341 1477 2412 ἐνεργεῖ.

1055 2458 1277 2526 Νόμος.

449 2573 806 2645 Κατηγορίαν
836 2571 1029 2642 ἱερέως
1081 2571 1256 2635 οὐδεὶς
1291 2569 1402 2624 τῶν
1433 2567 1640 2624 λαῖκῶν
1673 2566 1950 2639 ἀρχόντων

376 2668 614 2734 δικάζει,
649 2667 789 2736 πλὴν
817 2668 864 2718 εἰ
896 2665 973 2736 μὴ
1004 2661 1390 2724 καθοσιώσεως
1431 2660 1686 2729 ἔγκλημα
1714 2660 1746 2728 ή
1779 2674 1953 2726 κατη-

379 2762 541 2832 γορία
575 2758 844 2830 περιέχει.
907 2756 1070 2825 Ζήτει
1113 2756 1207 2807 καὶ
1265 2755 1323 2806 ἐν
1355 2751 1433 2822 τῷ
1480 2756 1578 2816 ις’.
1615 2765 1744 2819 κεφ.
1779 2748 1872 2802 τοῦ
1903 2747 1950 2801 Π

379 2853 653 2923 στοιχείου
707 2851 943 2912 κανόνας
975 2848 1073 2918 τῆς
1123 2848 1180 2900 ὲν
1212 2841 1616 2916 Νεοκαισαρείᾳ.
1650 2841 1870 2895 συνόδου
1906 2839 1951 2894 θ’

377 2949 472 3000 καὶ
504 2951 558 3012 ι’,
587 2945 682 2998 καὶ
712 2941 976 3010 Θεοφίλου
1003 2946 1068 2994 ε’.
1168 2948 1176 2954 ”

448 3056 594 3128 Περὶ
627 3054 749 3110 τῶν
773 3054 845 3110 ἐν
883 3051 1011 3120 τοῖς
1050 3047 1470 3120 δικαστηρίοις
1506 3047 1877 3118 κατηγόρων.

464 3174 526 3228 '0
561 3178 617 3238 ς’
651 3172 751 3241 τῆς
782 3167 1046 3239 δευτέρας
1087 3166 1309 3221 συνόδου
1358 3163 1559 3232 κανὼν,
1589 3163 1682 3228 Εἰς
1716 3177 1955 3231 κατηγο-

378 3265 527 3338 ρίαν,
562 3263 754 3334 φησὶν,
803 3258 1188 3330 ἐπισκόπωνῆ
1225 3254 1507 3326 κληρικῶν
1551 3252 1675 3308 οὔτε
1741 3253 1948 3315 πάντας

375 3359 756 3426 ἀνεξετάστως
789 3352 1117 3426 προσίεσθαι
1145 3352 1249 3414 δεῖ,
1275 3348 1400 3404 οὕτε
1435 3347 1542 3418 μὴν
1580 3349 1791 3408 πάντας
1813 3344 1950 3397 ἀπο-

377 3453 609 3506 κλείειν.
643 3451 708 3503 Et
741 3449 841 3518 μέν
875 3446 986 3516 γάρ
1019 3442 1299 3512 ἰδιωτικήν
1324 3457 1408 3503 τις
1434 3438 1678 3507 ἐνίστησι
1701 3436 1824 3489 κατ’
1853 3433 1950 3486 αύ-

373 3543 486 3596 τῶν
521 3540 699 3610 δίκην,
722 3535 1030 3611 ήδικείσθαι
1064 3533 1241 3602 λέγων
1267 3588 1272 3593 ,
1303 3529 1468 3594 αὐτὸς
1524 3527 1620 3581 ἐπὶ
1659 3527 1951 3597 πράγμασι

376 3632 725 3702 κινουμένοις
753 3628 788 3700 ἢ
824 3627 1124 3696 ἀκινήτοις,
1169 3622 1204 3692 ἢ
1250 3618 1530 3688 ΰῦρίσθαι,
1576 3617 1611 3687 ή
1645 3633 1699 3669 τι
1740 3612 1952 3668 τοιοῦτο

377 3725 598 3788 παθεῖν,
643 3722 784 3793 μήτε
834 3718 1132 3790 πρόσωπον
1162 3713 1259 3767 τοῦ
1295 3708 1754 3781 κατηγοροῦντος,
1811 3705 1952 3776 μήτε

378 3814 682 3890 θρησκείαν
708 3812 936 3866 σκοπεῖν
960 3823 976 3840 ⁶
1017 3806 1225 3878 μηδένα
1252 3804 1362 3875 γάρ
1396 3802 1504 3857 τῶν
1535 3799 1764 3854 δικαίων
1815 3799 1954 3851 ἀπο·

376 3910 674 3980 τυγχάνειν
702 3907 934 3968 δίκαιον,
961 3901 1076 3957 ἀλλ’
1102 3900 1224 3969 ίσην
1256 3897 1464 3952 ἅπασιν
1487 3893 1642 3966 ήμᾶς
1666 3891 1953 3961 ἐπιφέρειν

376 4006 478 4074 τὴν
509 4001 808 4056 ἀδέκαστον
855 3995 1059 4066 ψῆφον,
1115 3988 1405 4059 ἐλεύθερον
1458 3986 1556 4040 καὶ
1597 3983 1699 4053 τῆς
1731 3980 1953 4038 οίασοῦν

382 4091 601 4154 ἀδικίας
650 4089 744 4144 τὸν
804 4086 1109 4139 ἐπίσκοπον
1167 4081 1408 4153 μάλιστα
1458 4079 1492 4148 ἢ
1551 4076 1644 4131 τὸν
1691 4075 1954 4146 κληρικδν

378 4183 769 4244 καθιστάντας.
789 4180 856 4236 Ei
892 4178 950 4232 δὲ
979 4171 1435 4245 ἐκκλησιαστικὸν
1464 4169 1552 4240 εἴη
1583 4168 1645 4220 τὸ
1675 4167 1951 4237 ἔγκλημα,

333 4280 657 4337 ,ἔκπτωσιν
705 4273 805 4344 τῆς
862 4269 1164 4342 ἱερωσύνης
1200 4265 1445 4318 ἐπισετον
1493 4259 1572 4331 τῷ
1629 4261 1952 4329 ἐπισκόπῳ,

376 4373 515 4440 ὅπερ
563 4369 657 4423 καὶ
689 4366 950 4439 δημόσιον
979 4361 1218 4430 λέγεται,
1257 4356 1354 4412 τοῦ
1390 4356 1667 4412 ἰδιωτικοῦ
1703 4355 1955 4407 ἀντιδια-

383 4461 762 4531 στελλόμενον,
819 4456 1010 4511 καθότι
1038 4455 1176 4523 πρὸς
1204 4453 1297 4507 τοῦ
1327 4453 1506 4523 δήμου
1534 4449 1737 4513 παντὸς
1771 4448 1955 4503 εἰώθει

2047 2082 2102 2130 et
2135 2073 2306 2128 ﬁniet.

2119 2166 2309 2220 Canon
2354 2179 2483 2221 vero
2525 2165 2593 2221 79
2638 2165 2850 2221 excludi
2897 2165 3088 2222 dicens
3131 2165 3416 2230 clericum,
3461 2167 3624 2236 cujus

2048 2271 2214 2311 causa
2256 2271 2368 2311 uno
2398 2270 2544 2311 anno
2579 2256 2767 2326 elapso
2798 2271 2908 2311 non
2946 2256 3153 2324 linitur,
3190 2257 3354 2314 hodie
3387 2273 3498 2314 non
3537 2269 3626 2315 est

2047 2365 2105 2404 ιιι
2139 2365 2264 2406 usu.

2772 2462 2904 2519 Lex.

2119 2574 2535 2630 Accusationcm
2563 2576 2863 2632 sacerdotis
2885 2590 3046 2632 nemo
3071 2574 3248 2633 laicus
3272 2576 3626 2649 magistratus

2045 2657 2278 2738 judicat,
2305 2667 2413 2723 nisi
2443 2668 2582 2722 laesa:
2609 2654 2914 2738 majestatis
2943 2670 3148 2722 crimen
3180 2670 3461 2724 accusatio
3491 2684 3628 2725 con-

2052 2759 2242 2815 tineat.
2271 2760 2464 2824 Quaere
2487 2760 2652 2814 etiam
2705 2762 2756 2814 in
2799 2775 2919 2830 cap.
2949 2761 3015 2815 l6
3050 2761 3155 2815 litt.
3184 2764 3228 2815 Π
3247 2777 3486 2818 canones
3514 2762 3548 2818 9
3570 2771 3627 2818 et

2052 2851 2120 2908 10
2148 2867 2270 2924 syn.
2303 2850 2784 2917 Neocaesariensis,
2811 2861 2866 2907 et
2892 2848 3183 2922 TheOphili
3214 2853 3491 2922 quintum.

2361 3053 2437 3111 De
2467 3056 2534 3111 iis
2568 3056 2657 3126 qui
2694 3056 2747 3110 in
2773 3054 2995 3125 judiciis
3043 3064 3320 3109 accusant.

2124 3170 2310 3228 Canon
2337 3170 2370 3226 6
2394 3185 2514 3240 syn.
2542 3187 2599 3235 li,
2625 3171 2701 3224 Ad
2730 3171 3160 3233 accusationem,
3189 3168 3390 3239 inquit,
3417 3168 3629 3238 episco-

2050 3279 2246 3334 porum
2271 3263 2352 3318 vel
2376 3263 2698 3318 clericorum
2727 3277 2832 3316 non
2857 3277 3049 3318 omnes
3072 3262 3190 3318 sine
3216 3259 3627 3315 examinatione

2050 3354 2336 3409 admittere
2381 3361 2625 3423 oportet,
2669 3367 2770 3406 nec
2809 3366 3001 3406 omnes
3037 3350 3351 3406 excludere.
3397 3346 3456 3404 Si
3499 3349 3627 3418 quis

2050 3445 2196 3501 enim
2232 3459 2454 3500 causam
2491 3443 2758 3515 privatam
2797 3451 2988 3498 contra
3023 3458 3119 3498 eos
3153 3441 3414 3502 instituit,
3449 3455 3508 3495 se
3543 3440 3630 3494 in-

2045 3535 2192 3606 juria
2241 3551 2425 3591 rerum
2477 3535 2759 3590 mobilium
2807 3536 2889 3590 vel
2935 3532 3302 3588 immobilium
3351 3530 3630 3585 ablatione

2053 3628 2188 3682 allici
2216 3628 2424 3692 dicens,
2450 3627 2545 3680 aut
2569 3625 2924 3689 contumelia,
2951 3634 3044 3680 aut
3071 3623 3216 3679 aliud
3244 3622 3448 3692 aliquid
3475 3622 3627 3690 ejus-

2053 3719 2199 3774 modi
2227 3718 2359 3787 pati,
2389 3732 2489 3772 nec
2520 3732 2752 3788 persona
2779 3717 3117 3773 accusatoris
3147 3726 3243 3771 aut
3270 3714 3464 3784 religio
3491 3730 3627 3769 exa-

2053 3810 2317 3863 minetur.
2345 3806 2564 3862 Justum
2606 3809 2752 3862 enim
2796 3817 2902 3873 est,
2923 3797 3004 3862 'ut
3045 3823 3208 3862 nemo
3245 3805 3466 3876 juribus
3509 3808 3627 3862 suis

2055 3898 2360 3962 fraudetur,
2391 3907 2446 3954 et
2475 3908 2535 3954 ut
2565 3915 2664 3954 nos
2693 3899 3021 3955 sententiam
3054 3898 3426 3969 incorruptam
3456 3899 3621 3952 omni-

2053 3990 2157 4047 bus
2194 3991 2472 4060 aaqualiter
2509 3991 2958 4059 pronuntiemus,
2994 3991 3314 4060 episcopum
3359 3990 3629 4059 praecipue

2053 4091 2110 4140 et
2145 4084 2401 4139 clericum
2437 4084 2506 4137 ab
2540 4083 2689 4138 omni
2723 4082 2989 4150 injustitia
3029 4082 3186 4151 102
3221 4081 3452 4136 liberum
3495 4096 3628 4135 cono

2055 4175 2362 4229 stituentes.
2398 4170 2455 4227 Si
2491 4187 2620 4228 vero
2654 4171 2862 4227 crimen
2896 4172 3329 4227 ecclesiasticum
3368 4171 3476 4236 sit,
3511 4170 3629 4240 cpia

2056 4281 2224 4336 scopo
2254 4281 2285 4320 a
2315 4264 2622 4321 sacerdotio
2650 4262 3047 4333 depositionem
3084 4263 3361 4318 intentans
3395 4261 3564 4332 (quod
3595 4277 3628 4318 a

2056 4362 2269 4427 privato
2303 4355 2851 4420 contradistiuctutn,
2886 4355 3164 4424 publicum
3203 4363 3444 4419 vocatur,
3482 4369 3626 4423 quo-

2057 4449 2203 4504 niam
2229 4449 2297 4504 ab
2319 4448 2468 4502 omni
2494 4450 2694 4517 populo
2718 4445 2911 4518 agitari
2936 4446 3189 4514 solebat),
3215 4461 3316 4501 nec
3342 4445 3628 4500 haereticos

379 4552 779 4627 γυμνάζεσθαι,
802 4548 927 4602 οὕτε
975 4545 1287 4618 αἱρετικοὺς
1324 4541 1746 4614 οίουσδηποτοῦν
1789 4555 1953 4611 προσ-

2060 4556 2416 4613 quoscunque
2440 4539 2728 4596 admittere
2754 4548 2992 4610 oportet,
3019 4554 3121 4594 nec
3146 4539 3547 4599 schismaticos.
3574 4545 3629 4592 et

383 4647 563 4702 ίεσθαι
591 4646 696 4709 δεῖ,
759 4641 888 4695 οὔτε
924 4639 1030 4711 μὴν
1059 4638 1458 4709 σχισματικοὺς
1490 4637 1586 4690 καὶ
1631 4633 1955 4708 παρασυνά-

380 4755 604 4809 γοντας,
633 4735 756 4789 ούδέ
798 4733 926 4796 τοὺς
954 4728 1078 4785 κατ’
1119 4729 1286 4792 ἄλλας
1328 4728 1510 4791 αίτίας
1561 4726 1763 4789 τελέως
1797 4724 1958 4778 ἐκδε-

381 4830 692 4902 δλημένους
718 4827 818 4897 τῆς
853 4823 1205 4893 Ἐκκλησίαςο
1238 4821 1299 4875 οὐ
1344 4820 1452 4891 μὴν
1483 4819 1608 4873 ούδέ
1646 4819 1771 4880 τοὺς
1819 4817 1957 4888 πρὸς

382 4923 566 4992 ὀλίγον
597 4921 698 4990 τῆς
743 4915 1074 4985 Ἐκκλησίας
1105 4911 1530 4981 άφορισθέντας,
1574 4908 1688 4962 εἴτε
1726 4906 1835 4962 τῶν
1859 4904 1954 4960 τοῦ

380 5017 588 5086 κλήρου
623 5007 758 5076 εἷεν,
783 5010 896 5063 εἴτε
925 5009 1035 5062 τῶν
1056 5006 1150 5059 τοῦ
1182 5004 1339 5070 λαοῦ,
1361 5002 1428 5056 ἂν
1455 5001 1530 5073 μὴ
1561 5002 1828 5072 πρότερον
1855 4999 1956 5063 τὰς

381 5109 502 5164 κατ’
543 5106 728 5161 αὐτῶν
786 5102 971 5165 αἰτίας
1001 5099 1447 5168 ἀποτρίψωνταιο
1487 5095 1624 5148 οὐδὲ
1675 5091 1956 5168 τοὺςύπὺ

382 5196 720 5269 κατηγορίαν
751 5198 933 5258 δντας,
979 5191 1108 5263 πρὶν
1144 5191 1211 5244 ἂν
1241 5188 1352 5242 τῶν
1391 5187 1754 5256 ἐγκλημάτων
1787 5184 1957 5240 ἀθῶοι

381 5291 652 5362 φανῶσιν.
695 5289 756 5343 El
804 5286 860 5340 δέ
899 5284 1106 5338 τούτων
1157 5282 1414 5335 ἁπάντων
1461 5279 1740 5349 ἐλεύθεροι
1764 5272 1875 5330 εἷεν
1906 5278 1955 5330 oi

383 5387 708 5454 κατήγοροι,
739 5381 860 5433 τότε
890 5378 980 5448 δὴ,
1014 5377 1153 5430 ἅττα
1196 5374 1264 5428 ἂν
1291 5373 1538 5440 ἐπάγωσι
1569 5370 1647 5441 τῷ
1671 5369 1957 5440 ὲπισκόπῳ

383 5476 731 5547 ἐγκλήματα,
786 5472 836 5523 οἱ
885 5469 985 5538 τῆς
1047 5464 1322 5535 ἐπαρχίας
1373 5462 1592 5531 ἐκείνης
1637 5461 1954 5524 ἐπίσκοποι,

381 5567 571 5639 φησὶν,
614 5563 986 5626 ἐξετάσουσιν.
1019 5557 1083 5610 Et
1134 5556 1190 5609 δὲ
1241 5548 1391 5608 οὗτοι
1449 5552 1526 5624 μὴ
1582 5548 1686 5605 οἶοί
1742 5568 1803 5604 τε
1841 5547 1954 5605 εἷεν

386 5661 564 5715 ταῦτα
589 5653 970 5715 διαλύσασθαι,
989 5652 1023 5720 ἡ
1048 5650 1145 5719 τῆς
1165 5647 1489 5716 διοικήσεως
1515 5645 1718 5715 μείζων
1739 5642 1956 5707 σύνοδος

383 5749 732 5818 δοκιμάσασα
767 5745 970 5814 πέρατι
1000 5740 1183 5794 δώσει.
1218 5736 1302 5790 Τὰ
1332 5737 1388 5789 δέ
1415 5753 1480 5804 γε
1506 5733 1602 5789 τοῦ
1627 5732 1892 5804 κληρικοῦ
1924 5735 1953 5787 6

385 5841 514 5900 ἴδιος
545 5839 844 5900 ἐπίσκοπος
889 5833 1158 5899 ἐξετάσειο
1206 5829 1570 5897 ἀτονήσαντος
1605 5826 1662 5882 δέ
1693 5826 1828 5895 πρὸς
1855 5825 1956 5892 τὴν

2057 4634 2436 4690 conventicula
2472 4632 2766 4695 iacientes,
2799 4647 2900 4686 nec
2931 4633 3068 4686 alios
3101 4631 3191 4702 qui
3225 4631 3329 4685 alia
3365 4631 3429 4686 de
3463 4646 3628 4686 causa

2055 4745 2122 4786 ex
2162 4727 2406 4784 Ecclesia
2443 4725 2603 4796 cjecti
2645 4723 2844 4779 fuerint
2889 4741 2904 4778 :
2949 4724 3138 4792 utique
3181 4734 3282 4776 nec
3324 4722 3415 4790 qui
3459 4736 3628 4790 parvo
3703 4708 3705 4710 ’

2057 4831 2304 4892 tempore
2335 4819 2404 4874 ab
2436 4817 2678 4875 Ecclesia
2711 4824 3084 4886 segregantur,
3116 4815 3231 4869 sive
3265 4813 3482 4879 clerici,
3515 4812 3630 4867 sive

2056 4913 2181 4968 laici
2220 4909 2445 4974 fuerint,
2477 4909 2581 4965 nisi
2617 4909 2770 4978 prius
2801 4905 3036 4962 crimina
3072 4905 3174 4961 sibi
3209 4905 3419 4974 objecta
3456 4905 3630 4958 dilue-

2057 5004 2201 5067 rint;
2238 5018 2417 5072 neque
2450 5016 2546 5056 eos
2579 5001 2670 5069 qui
2709 4997 2949 5052 accusati
2986 5004 3141 5059 sunt,
3177 4997 3348 5050 donec
3383 4994 3629 5048 crimini-

2059 5094 2159 5150 bus
2194 5093 2466 5146 immunes
2501 5095 2816 5158 appareant.
2849 5085 3001 5152 Quod
3037 5086 3080 5140 si
3117 5085 3278 5140 nullis
3315 5084 3629 5139 istiusmodi

2055 5183 2240 5240 causis
2271 5179 2494 5235 obnoxii
2531 5179 2642 5234 sint
2674 5187 3056 5240 accusatores,
3092 5186 3251 5240 tunc,
3287 5189 3630 5245 qumcunque

2055 5275 2285 5332 crimina
2315 5272 2576 5343 episcopo
2607 5272 2910 5334 intentant,
2943 5269 3226 5337 ejusdem,
3261 5269 3472 5338 inquit.
3505 5283 3631 5338 pro-

2057 5368 2248 5424 vincim
2285 5364 2526 5435 episcopi
2570 5363 2758 5417 eadem
2802 5362 3210 5425 examinabunt,
3253 5370 3307 5416 et
3348 5359 3394 5415 si
3443 5359 3518 5412 illi
3567 5374 3630 5412 ea

2055 5460 2306 5515 decidere
2341 5473 2448 5512 non
2485 5455 2719 5527 possint,
2752 5455 2927 5523 major
2957 5453 3261 5508 dimceseos
3293 5451 3535 5521 synodus
3566 5466 3629 5504 ea

2056 5549 2297 5606 deﬁniet.
2338 5547 2532 5603 Clerici
2575 5555 2755 5600 autem
2801 5558 3000 5598 causas
3039 5528 3328 5612 episropus
3373 5540 3630 5608 pmprius

2055 5639 2430 5706 examinabit;
2475 5653 2614 5706 quas
2643 5636 2690 5690 si
2737 5635 2948 5704 solvere
2998 5631 3207 5700 nequit,
3250 5630 3317 5685 ad
3367 5632 3628 5697 majorem

2053 5732 2322 5805 synodum
2364 5731 2833 5794 transmittentur;
2868 5724 3276 5779 accuSationcm
3311 5737 3439 5775 vero
3479 5723 3630 5790 prius

2057 5822 2280 5892 (inquit)
2314 5836 2421 5877 non
2453 5820 2760 5884 instituant,
2791 5830 2957 5890 quam
2987 5824 3337 5872 accusatores
3363 5828 3462 5884 per
3487 5813 3627 5868 scri-
