3992 6464
365 375 498 437 κιιδ

1332 379 1748 442 SYNTAGMA
1802 380 2435 445 ALPHABETICU‘M.
2479 410 2548 420 -
2583 383 2656 447 4.“

3483 389 3619 451 1246

445 493 506 547 Ὀ
547 493 604 547 δὲ
654 495 756 563 τῆς
805 495 862 548 ἐν
910 497 1238 571 Καρθαγὲνῃ
1291 501 1424 570 ρλα’,
1479 503 1718 573 Ἀρχὴν,
1761 501 1934 570 φησὶ,

2108 504 2296 559 Canon
2339 518 2469 558 vero
2490 505 2584 559 151
2623 520 2745 574 syn.
2770 504 3053 575 Carthag.,
3085 505 3188 572 Qui
3221 506 3394 573 prius,
3417 507 3613 573 inquit,

362 577 488 648 τοὺς
523 587 940 657 κεκωλυμένους
975 591 1398 662 ἐγκληματικῶς
1428 595 1665 662 ἐνάγειν,
1693 595 1813 648 οὐδὲ
1857 596 1938 657 είς

367 681 680 747 μαρτυρίαν
730 683 1052 750 προσίεσθαι
1087 685 1236 756 χρήο
1288 687 1417 748 τοὺς
1469 686 1515 739 δ’
1565 681 1633 740 αῦ
1683 687 1779 740 τὸν
1823 689 1940 757 βίον

367 771 635 831 ἀστείους,
663 765 737 824 ῶν
763 773 863 842 τὴν
897 775 1207 844 μαρτυρίαν
1233 777 1408 848 ἀληθῆ
1459 778 1675 847 ποιήσει
1709 780 1779 831 τά
1809 797 1940 850 προ-

369 855 700 930 ϐεϐιωμένα.
732 865 804 933 μὴ
827 866 1066 935 ἀνήϐους
1098 863 1260 929 εἶναι,
1292 868 1444 932 ἐντὸς
1471 869 1668 939 δηλαδὴ
1693 870 1753 923 ιδ’
1778 870 1935 936 ἐτῶν,

363 949 440 1020 τῷ
479 953 645 1020 μήπω
673 954 888 1017 τούτοις
915 957 1178 1019 εὐσταθὲς
1211 952 1352 1012 εἶναι
1383 959 1443 1013 τὸ
1476 959 1754 1030 φρόνημα.
1790 960 1939 1014 Ἀλλ’

362 1045 483 1096 οὐδὲ
517 1046 826 1108 οίκειακοῦς
853 1049 946 1099 τὸν
968 1050 1380 1120 κατηγοροῦντα
1405 1054 1674 1122 παράγειν
1696 1053 1776 1106 δεῖ
1801 1055 1940 1124 μάρο

363 1151 558 1203 τυρις,
593 1138 686 1188 καὶ
724 1134 1080 1202 ὑπεξουσίους
1125 1139 1295 1209 αὐτῷ,
1345 1141 1377 1208 ἢ
1426 1142 1795 1212 ὑποχειρίους,
1822 1145 1936 1209 οὒς,

364 1229 412 1278 εἰ
445 1227 520 1298 μὴ
548 1228 824 1281 πείθοιντο
852 1228 921 1282 τά
953 1229 1096 1284 κατά
1134 1230 1261 1283 νοῦν
1290 1232 1442 1303 αὐτῷ
1476 1231 1680 1301 λέγειν,
1721 1234 1950 1299 ἐξέσται·

363 1319 411 1369 οἱ
446 1317 717 1382 κολάζειν.
755 1317 967 1391 Σεμνῆς
996 1321 1053 1374 δὲ
1087 1325 1543 1393 μεταποιούμενοι
1570 1326 1856 1390 πολιτείας
1890 1330 1938 1380 οί

367 1409 692 1480 ὑποχείριοι,
732 1412 918 1482 ἱερεῖς,
949 1415 1110 1484 φημὶ,
1150 1417 1243 1466 καὶ
1273 1416 1531 1480 διάκονοι,
1582 1419 1676 1470 καὶ
1704 1418 1942 1486 λογικῶν

363 1503 733 1585 ἐπιστήμονες
773 1505 1133 1576 μαθημάτων,
1169 1507 1268 1561 οὐκ
1295 1509 1593 1580 ἀπόϐλητοι
1624 1510 1762 1578 πρὸς
1801 1526 1940 1580 μαρ-

361 1596 556 1664 τυρίαν
590 1595 829 1650 ἔσονται.

443 1689 502 1741 Ὀ
536 1689 592 1740 δὲ
620 1687 718 1755 νθ’,
757 1691 818 1742 Ei
853 1690 1130 1760 κληρικοὶ,
1167 1693 1320 1764 φησὶ,
1359 1694 1512 1763 παρὰ
1557 1694 1636 1763 τῷ
1680 1695 1778 1765 τῆς
1817 1695 1939 1748 Ἐκ-

339 1779 590 1848 ·κλησίας
616 1783 857 1850 κριθεῖεν
877 1783 1236 1856 δικαστηρίῳ,
1253 1785 1327 1849 ὡς
1341 1789 1368 1839 6
1383 1788 1444 1843 ’A
1455 1787 1710 1851 πόστολος
1728 1804 1938 1857 παραγ-

359 1869 563 1936 γέλλει,
592 1889 612 1923 ι
651 1871 834 1944 Ἰὀλμᾷ
868 1891 952 1936 τις
991 1876 1146 1944 ὑμῶν
1188 1879 1424 1948 πρᾶγμα
1456 1877 1618 1945 ἔχων,
1653 1879 1940 1949 κρίνεσθαι

359 1960 586 2012 ἐπὶτῶν
605 1962 828 2028 ἀδίκων,
848 1967 943 2019 καὶ
972 1968 1092 2036 οὑχί
1117 1969 1333 2022 ἐπὶτῶν
1363 1969 1535 2038 ἁγίων
1559 1986 1575 2036 ;
1615 1991 1634 2023 ι
1666 1971 1759 2024 καὶ
1785 1969 1940 2025 θάτε-

361 2071 453 2122 ρον
489 2055 654 2126 μέρος
701 2058 802 2127 τῆς
851 2058 1227 2130 ἐξενεχθείσης
1270 2062 1573 2131 καταγνοίη
1613 2061 1821 2131 ψήφου,
1861 2060 1940 2133 μὴ

359 2145 559 2209 ἐξεῖναι
589 2140 996 2220 θατέρῳμέρει
1023 2151 1103 2213 είς
1137 2151 1199 2204 τδ
1231 2151 1332 2220 τῆς
1363 2153 1636 2224 ἐκκλήτου
1680 2153 1940 2223 δικαστή-

363 2255 478 2306 ριον
503 2237 683 2293 ἕλκειν
718 2242 856 2313 πρὸς
892 2243 1205 2314 μαρτυρίαν
1239 2245 1332 2297 τὸν
1382 2245 1649 2316 πρότερον
1679 2246 1777 2315 τὴν
1807 2246 1940 2299 ὑπό-

361 2329 508 2382 θεσιν
538 2330 934 2402 δοκιμάσαντα,
973 2335 1005 2405 ἢ
1043 2337 1140 2390 καὶ
1162 2338 1491 2407 κρινομένης
1523 2337 1934 2408 παρατυχόντα,

363 2419 497 2489 μηδέ
529 2422 656 2486 τοὺς
698 2422 848 2491 γένει
898 2427 1280 2497 προσήκοντας
1335 2427 1740 2499 προϐάλλεσθαι
1791 2428 1934 2498 μάρ·

357 2528 550 2581 τυρας.

1046 2651 1255 2726 Νόμοι.

445 2786 820 2852 ’Δξιοπίστους
855 2784 1010 2852 εἶναι,
1024 2790 1106 2843 δεῖ
1127 2791 1256 2854 τοὺς
1285 2790 1593 2862 μάρτυρας.

433 2881 543 2934 Καὶ
567 2883 920 2952 ’παράγονται
960 2885 1052 2936 καὶ
1079 2883 1173 2936 ἐπὶ
1213 2883 1579 2953 χρηματικῶν
1605 2883 1700 2936 καὶ.
1728 2882 1934 2954 ἐγκλη-

364 2973 612 3041 ματικῶν
660 2973 994 3039 ὑποθέσεων,
1045 2975 1096 3027 εί
1135 2975 1211 3046 μὴ
1251 2975 1627 3047 κεκωλυμένοι
1683 2976 1789 3030 ὑπὸ
1840 2977 1934 3030 τοῦ

357 3065 549 3134 νόμου,
579 3067 610 3136 ἢ
647 3066 1191 3137 ὲξκουσατευόμενοι.

441 3156 775 3227 Ἀπόόλητος
823 3159 902 3218 είς
947 3158 1256 3230 μαρτυρίαν
1303 3159 1515 3228 γίνεται
1567 3163 1594 3213 6
1633 3161 2008 3252 καταδικα-ρ

362 3249 508 3312 σθεὶς
535 3249 621 3302 διὰ
651 3249 712 3302 τὸ
745 3249 968 3319 ποιῆσαι
993 3250 1282 3320 ταραχώδη
1312 3250 1612 3321 φλυαρίαν.

437 3343 529 3393 Δεῖ
564 3341 688 3403 τοὺς
743 3341 1030 3414 μάρτυρας
1084 3342 1350 3412 πρότερον
1402 3343 1654 3411 ὀμνύναι,
1716 3345 1850 3416 πρὶν
1898 3345 1933 3417 ἢ

363 3434 780 3502 μαρτυρήσωσι·
804 3436 916 3494 τοῖς
941 3433 1290 3502 τιμιωτέροις
1310 3433 1366 3486 δὲ
1395 3434 1598 3502 μᾶλλον
1630 3436 1931 3490 πιστεύειν.

374 3521 525 3585 Ἐνὸς
551 3522 609 3575 δὲ
641 3521 1030 3593 μαρτυρίσίρὺκ
1057 3521 1355 3592 ἐστιδεκτὴ
1386 3525 1444 3576 ἐν
1468 3524 1759 3594 οίᾳδήποτε
1782 3525 1931 3598 δίκῃ,

357 3615 464 3668 κᾶν
504 3615 870 3686 συγκλητικὸς

432 3797 510 3868 Τῇ
546 3797 691 3852 κατά
719 3795 816 3852 τοῦ
856 3796 1160 3850 ἐπισκόπου
1213 3797 1429 3869 ἀγωγῇ,
1473 3800 1520 3852 εί
1576 3799 1680 3870 μὲν
1717 3818 1934 3871 χρημα-

355 3892 483 3964 τικὴ
513 3891 623 3962 εἴη,
679 3891 842 3962 μέχρι
889 3891 1083 3962 λίτρας
1137 3892 1293 3960 μιᾶς,
1349 3891 1444 3946 δύο
1494 3895 1677 3946 πιστοὶ
1723 3893 1932 3964 ἔντιμοι

362 3982 644 4050 μάρτυρες
678 3978 956 4049 ἐνομότως
993 3981 1470 4052 μαρτυρήσουσιν·
1505 3983 1553 4034 εί
1600 3981 1658 4034 δὲ
1693 3982 1856 4053 μέχρι
1890 3984 1932 4034 ν’

357 4071 578 4144 λιτρῶν,
605 4073 774 4142 τρεῖς
800 4072 851 4124 εί
880 4071 937 4123 δὲ
960 4071 1240 4137 ἐπέκεινα,
1259 4077 1322 4124 ε’.
1349 4072 1410 4125 Εί
1433 4072 1491 4124 δὲ
1524 4059 1933 4144 ἐγκληματικδν

357 4165 442 4235 εῑη
478 4166 537 4217 τὸ
567 4165 821 4230 αἰτίαμα,
848 4163 938 4216 διὰ
982 4168 1023 4214 ε’
1067 4163 1362 4235 μαρτύρων
1394 4164 1610 4217 πιστῶν
1648 4167 1744 4219 καὶ
1788 4167 1934 4221 ἐντί-

359 4275 480 4329 μων
509 4257 797 4327 ὀμνύντων
829 4255 1234 4309 ἀποδείκνυται.

425 4349 538 4404 Οὐκ
571 4349 718 4399 ἐστιν
747 4345 1064 4410 ἀξιόπιστος
1114 4345 1326 4413 μάρτυς
1353 4345 1380 4396 6
1406 4339 1728 4398 κελεύεσθαι
1769 4344 1929 4399 δυνά-

360 4456 522 4512 μενος
561 4441 693 4508 παρ’
727 4435 866 4507 ἐμοῦ
901 4435 996 4488 ἐπὶ
1034 4435 1111 4506 τῷ
1145 4438 1517 4506 μαρτυρῆσαι.

2040 613 2304 652 accusare
2371 599 2747 667 prohibentur,
2799 613 2894 652 eos
2955 613 3054 652 nec
3124 601 3190 652 ad
3241 599 3614 655 testimonium

2039 690 2328 744 admittere
2361 697 2575 757 oportet
2623 705 2639 754 ;
2681 705 2774 744 eos
2808 705 2935 745 vero
2977 691 3069 758 qui
3109 691 3286 760 quoad
3318 693 3479 745 vitain
3517 693 3617 746 ho-
3706 676 3717 684 ’

2040 783 2179 836 nesti
2229 793 2400 846 sunt,
2463 799 2694 852 quorum
2765 784 3144 838 testimonium
3196 784 3305 838 vita
3367 795 3614 839 anteacta

2040 875 2506 944 comprobaverit,
2540 890 2646 928 non
2693 866 3004 943 impuberes
3036 890 3181 938 esse,
3210 878 3370 930 annis
3411 879 3618 932 scilicet

2040 971 2458 1039 quatuordecim
2530 973 2812 1036 minores,
2865 972 3008 1039 quod
3081 985 3274 1026 eorum
3345 970 3614 1039 judicium

2041 1059 2256 1112 ft‘rmum
2301 1074 2405 1113 non
2440 1059 2533 1113 sit.
2571 1061 2801 1127 Insuper
2849 1075 2952 1114 nec
2992 1071 3370 1115 accusatorem
3408 1060 3620 1128 produ-

2041 1165 2165 1206 cere
2201 1162 2417 1221 opOrtet
2459 1161 2624 1208 testes
2664 1155 3024 1218 domesticos,
3059 1165 3115 1208 et
3149 1153 3242 1221 qui
3297 1153 3401 1207 sub
3461 1163 3602 1220 pote-
3633 1171 3636 1175 ·

2039 1244 2442 1299 statesunttel
2465 1243 2717 1313 subjecti,
2751 1259 2912 1312 quos,
2940 1245 3042 1300 nisi
3085 1246 3225 1313 quod
3263 1245 3378 1313 ipse
3403 1246 3616 1312 probet,

2040 1333 2300 1398 dixerint,
2359 1336 2622 1404 puniendi
2685 1345 3014 1402 potestatem
3081 1336 3267 1389 habet.
3323 1335 3427 1400 Qui
3489 1349 3618 1388 vero

2041 1427 2410 1483 honestiorem
2451 1429 2500 1480 in
2541 1427 2744 1482 familia
2778 1428 2960 1482 locum
2991 1428 3259 1491 obtinent,
3307 1426 3619 1481 sacerdotes
3728 1457 3732 1460 -

2041 1517 2271 1580 scilicet,
2311 1525 2367 1574 et
2409 1519 2646 1585 diaconi,
2672 1531 2727 1574 et
2771 1521 2977 1586 clerici,
3009 1521 3101 1588 qui
3141 1520 3472 1574 mathemata
3513 1520 3611 1572 cal-

2041 1608 2174 1671 lent,
2214 1625 2244 1663 a
2278 1611 2593 1665 testimonio
2627 1611 2860 1666 dicendo
2894 1627 3241 1681 nequaquam
3277 1611 3616 1681 rejicientur.

2111 1699 2339 1768 Insuper
2372 1715 2549 1756 canon
2583 1701 2674 1766 59,
2707 1702 2763 1756 Si
2798 1703 3003 1768 clerici,
3031 1703 3228 1772 inquit,
3264 1703 3317 1756 in
3360 1701 3482 1755 foro
3520 1717 3616 1755 ec-

2041 1792 2349 1848 clesiastico
2392 1793 2625 1861 judicati
2681 1794 2905 1860 fuerint,
2935 1796 3085 1851 dicto
3139 1795 3437 1862 apostolico
3481 1809 3614 1846 con-

2043 1890 2336 1950 sequenter
2364 1899 2380 1935 :
2415 1900 2434 1931 σ
2468 1884 2644 1937 Audet
2671 1885 2796 1953 quis
2817 1884 3300 1938 vestrum'habens
3333 1882 3612 1950 negotium

2040 1974 2142 2029 sub
2166 1974 2588 2046 iniquisjudicio
2608 1975 3032 2037 eontendcre,et
3059 1989 3167 2028 non
3189 1975 3291 2029 sub
3312 1973 3554 2028 Sanctis:
3587 1991 3606 2024 ι

2038 2074 2093 2119 et
2144 2080 2251 2120 una
2309 2081 2434 2136 pars
2482 2067 2810 2120 sententiam
2850 2067 3116 2135 prolatam
3152 2065 3515 2126 damnaverit,
3548 2079 3616 2118 ne

2038 2155 2200 2210 liceat
2248 2156 2404 2210 alteri
2453 2158 2594 2226 parti
2651 2171 2777 2210 eum
2811 2157 2904 2226 qui
2939 2169 3167 2211 causam
3207 2156 3362 2225 prius
3400 2155 3614 2209 exami-

2037 2249 2206 2311 navit,
2238 2248 2322 2302 vel
2356 2248 2752 2302 examinationi
2801 2247 3072 2312 interfuit,
3108 2249 3174 2302 ad
3225 2246 3404 2301 forum
3435 2247 3613 2302 eccle-

2038 2341 2323 2396 siasticum
2369 2341 2670 2396 testimonii
2701 2341 2917 2396 dicendi
2957 2357 3124 2396 causa
3153 2341 3394 2406 trahere,
3436 2354 3614 2410 neque

2039 2433 2450 2505 prepinquitate
2481 2435 2806 2503 coniunctos
2842 2443 3010 2490 testes
3044 2435 3370 2504 producere.

2747 2652 2928 2724 Leges.

2107 2782 2302 2841 Testes
2333 2785 2438 2844 ﬁde
2472 2787 2666 2856 dignos
2700 2801 2824 2842 esse
2849 2793 3076 2855 oportet-

2073 2878 2475 2946 .Adbiberique
2525 2883 2757 2945 possunt
2810 2885 2920 2930 tam
2957 2877 3009 2930 in
3055 2878 3390 2946 pecuniariis
3441 2893 3607 2948 quam

2035 2969 2412 3025 critninalibus
2464 2969 2648 3024 causis
2694 2969 2746 3023 hi
2798 2970 2998 3040 quibus
3024 2971 3140 3037 lege
3182 2985 3289 3023 non
3327 2971 3610 3026 interdici-

2035 3071 2124 3117 tur
2157 3062 2553 3124 testimonibm,
2591 3062 2675 3114 vel
2700 3061 2792 3130 qui
2831 3077 2937 3114 non
2971 3073 3324 3117 excusantur.

2106 3153 2238 3222 Ejus
2271 3153 2641 3207 testimonium
2688 3154 2781 3222 qui
2817 3156 2885 3208 ob
2919 3157 3123 3210 editum
3166 3170 3388 3211 carmen
3440 3156 3612 3212 famo-

2035 3261 2155 3301 sum
2181 3244 2578 3300 condemnatus
2604 3253 2708 3311 est,
2734 3260 2838 3322 non
2869 3248 3200 3302 admittitur.

2105 3333 2296 3392 Testes
2337 3337 2655 3406 priusquam
2691 3338 3059 3392 testiinonium
3108 3340 3452 3409 perhibeant,
3483 3339 3608 3410 jus-

2029 3429 2324 3502 jurandum
2369 3440 2631 3498 praestare
2676 3429 2910 3496 debent;
2945 3441 2997 3485 et
3025 3433 3433 3488 honestioribus
3474 3435 3606 3487 fides

2034 3522 2217 3593 potius
2261 3519 2567 3574 adhibenda
2626 3529 2728 3576 est.
2766 3519 2940 3576 Unius
2969 3539 3098 3576 vero
3139 3525 3507 3578 testiinonium
3551 3525 3604 3578 in

2033 3627 2362 3686 quacunque
2437 3625 2604 3667 causa
2662 3613 2882 3668 admitti
2929 3629 3038 3668 non
3105 3613 3308 3679 debet,
3358 3617 3608 3686 quamvis

2033 3718 2254 3763 senator
2284 3707 2376 3760 sit.

2104 3796 2163 3851 In
2197 3798 2410 3852 actione
2442 3806 2630 3853 contra
2677 3797 3022 3865 episcopum,
3066 3794 3112 3850 si
3149 3795 3465 3864 pecuniaria
3514 3796 3605 3859 sit,

2034 3887 2100 3942 ad
2149 3905 2311 3942 unam
2367 3889 2560 3944 libram
2609 3889 2718 3942 duo
2764 3887 2952 3941 fideles
2989 3887 3204 3940 honesti
3230 3887 3604 3941 testimonium

2033 3978 2246 4044 dicent;
2284 3979 2366 4032 sin
2417 3981 2480 4033 ad
2544 3995 2575 4032 ι.
2608 3979 2796 4042 libras,
2841 3987 2989 4041 tres;
3041 3976 3085 4031 si
3142 3990 3271 4030 vero
3324 3975 3604 4046 deinceps,

2033 4073 2293 4142 quinque.
2329 4071 2484 4138 Quod
2520 4073 2764 4132 sicausa
2784 4067 3088 4122 criminalis
3117 4065 3302 4132 fuerit,
3329 4082 3424 4136 per
3444 4071 3608 4137 quin-

2033 4177 2140 4232 que
2175 4161 2310 4217 ftdos
2364 4172 2420 4216 et
2476 4161 2737 4215 honestos
2787 4170 2952 4213 testes
3004 4159 3377 4227 juramentum
3433 4162 3607 4214 susci-

2033 4253 2246 4322 pientes
2272 4251 2558 4320 probatur.

2103 4341 2225 4397 Non
2269 4351 2352 4397 est
2397 4343 2628 4397 idoneus
2677 4339 2834 4398 testis
2863 4342 2950 4396 cui
2987 4340 3257 4410 imperare
3289 4356 3514 4412 possum
3545 4348 3604 4395 ut

2033 4435 2408 4490 testimonium
2443 4435 2610 4510 dicat.
3421 4433 3426 4437 ’

438 4535 498 4586 '0
548 4533 854 4602 κατήγορος
885 4529 1198 4593 οίκειακοὺς
1252 4529 1538 4600 μάρτυρας
1593 4531 1654 4584 ού
1709 4529 1927 4587 δύναται

2103 4525 2412 4580 Accusator
2465 4535 2631 4582 testes
2665 4525 2732 4582 de
2777 4525 2942 4582 domo
2990 4543 3089 4583 sua
3131 4528 3434 4598 producere
3492 4543 3604 4584 non

357 4626 649 4694 παράγειν.

438 4717 498 4769 '0
527 4717 670 4769 κατά
705 4713 1074 4783 συκοφαντίαν
1127 4713 1222 4766 ἐπὶ
1277 4715 1621 4782 παραστάσει
1668 4716 1817 4784 παρά
1849 4718 1930 4768 δι-

359 4813 536 4881 καστῇ
587 4807 887 4879 προσφόρφ
921 4805 1245 4876 αἰτιώμενος
1281 4805 1605 4871 ἐπίσκοπον,
1659 4808 1702 4859 λ’
1742 4807 1928 4862 δίδωσι

357 4905 567 4969 λίτρας.

429 4995 585 5048 Κατὰ
631 4994 781 5066 τρεῖς
819 4991 1054 5061 τρόπους
1091 4991 1124 5061 ἡ
1177 4991 1512 5062 συκοφαντία
1546 4990 1776 5058 γίνεται,
1835 4990 1929 5044 καλΙ

356 5085 557 5156 τριπλῆ
612 5073 670 5150 η’
700 5083 1082 5149 ἐπεξέλευσις·
1131 5081 1163 5152 ἦ
1210 5083 1323 5150 γὰρ
1375 5083 1702 5149 συκοφαντεῖ
1741 5099 1822 5144 τις
1853 5082 1930 5146 ὡς

360 5177 612 5240 πλαστῶς
653 5175 997 5245 κατηγορῶν,
1033 5173 1064 5243 ἢ
1100 5173 1370 5244 προδότης
1400 5173 1500 5242 τῆς
1547 5173 1684 5237 ἰδίας
1727 5175 1928 5226 ὑποθέ-

360 5289 495 5332 σεως
525 5270 752 5337 γίνεται,
785 5267 831 5320 τ’
864 5250 1040 5336 ἀληθῆ
1075 5265 1400 5334 ἐγκλήματα
1425 5264 1710 5333 κρύπτων,
1741 5265 1773 5335 ἢ
1800 5281 1929 5334 φευ-

359 5363 586 5429 γοδικεῖ,
639 5361 861 5422 τελείως
918 5357 1221 5428 ἀναχωρῶν
1273 5357 1370 5424 τῆς
1427 5355 1786 5426 κατηγορίας.
1851 5358 1924 5410 Οὐ

360 5451 579 5513 πάντως
628 5450 684 5502 δέ
726 5449 1071 5516 συκοφάντης
1123 5447 1269 5500 ἐστὶν
1316 5447 1344 5497 6
1396 5445 1471 5515 μὴ
1525 5447 1849 5510 ἀποδεικνὺς
1899 5447 1928 5500 ὃ

361 5543 766 5611 κατηγόρησεν,
805 5538 918 5592 ἀλλ’
950 5540 1007 5591 ὲν
1047 5541 1114 5609 τῇ
1152 5538 1334 5607 κρίσει
1369 5537 1462 5589 τοῦ
1495 5536 1752 5590 δικαστοῦ
1787 5540 1926 5603 ἐστι,

367 5633 506 5705 μετά
542 5634 602 5686 τὸ
635 5631 1066 5701 ἐλευθερωθῆναι
1105 5631 1195 5683 τὸν
1230 5629 1733 5699 κατηγορούμενον,
1764 5627 1928 5698 ζητῆ-

360 5742 450 5776 σαι
481 5724 611 5793 περὶ
642 5723 851 5776 τούτου.
882 5723 999 5775 Κᾶν
1027 5721 1128 5790 μὲν
1151 5721 1284 5792 εἴπῃ
1313 5722 1425 5774 Οὐκ
1447 5720 1756 5784 ἀπέδειξας,
1782 5719 1928 5788 ἐφεί-

361 5833 490 5869 σατο
519 5815 700 5868 αὐτοῦ’
722 5815 785 5869 ἂν
809 5814 863 5868 δὲ
887 5814 1016 5884 είπῃ
1049 5812 1548 5882 Ἐσυκοφάντησας,
1570 5811 1926 5866 κατεδίκασεν

2032 4627 2232 4688 potest.

2103 4710 2208 4777 Qui
2253 4727 2348 4781 per
2375 4713 2710 4767 calumniam
2744 4711 2796 4766 in
2827 4710 3169 4767 exhibitione
3201 4727 3385 4766 coram
3421 4709 3605 4776 judice

2033 4810 2125 4873 qui
2162 4804 2611 4872 jurisdictionem
2651 4803 2815 4857 habet
2866 4803 3182 4872 episcopum
3233 4812 3481 4864 accusat,
3511 4799 3608 4855 tri-

2032 4895 2178 4963 ginta
2211 4895 2328 4948 auri
2361 4895 2529 4948 libras
2569 4895 2790 4964 pendat.

2102 4983 2384 5039 Calumnia
2416 4987 2591 5039 tribus
2625 4985 2802 5039 modis
2833 4984 2911 5052 fit,
2938 4995 2992 5039 et
3016 4985 3304 5054 tripliciter
3339 4983 3602 5053 punitur;

2032 5078 2114 5130 vel
2149 5077 2295 5129 enim
2350 5075 2722 5129 calumniatur
2779 5075 2903 5145 quis
2961 5084 3231 5131 accusans
3287 5076 3464 5138 falso,
3521 5075 3606 5128 vel

2030 5169 2212 5237 prodit
2259 5169 2532 5236 propriam
2583 5182 2829 5230 causam.
2859 5184 2983 5223 vera
3015 5168 3247 5224 crimina
3281 5167 3606 5232 occultans;

2030 5263 2114 5317 vel
2174 5263 2590 5330 tergiversatur,
2640 5263 2692 5316 in
2748 5263 3062 5318 universum
3128 5263 3196 5317 ab
3248 5263 3606 5318 accusatione

2030 5355 2320 5410 desistens.
2365 5353 2482 5409 Non
2545 5356 2770 5409 omnino
2809 5371 2941 5410 vero
2974 5357 3337 5412 calumniator
3369 5363 3472 5418 est,
3508 5355 3602 5422 qui

2030 5462 2140 5502 non
2193 5449 2388 5516 probat
2438 5448 2584 5515 quod
2624 5448 2874 5514 intendit,
2903 5450 2996 5503 sed
3041 5451 3092 5503 in
3131 5449 3360 5503 arbitrio
3399 5449 3606 5517 judicis

2028 5547 2112 5593 est
2139 5554 2232 5592 reo
2281 5539 2534 5593 absoluto
2569 5539 2672 5594 hac
2700 5541 2766 5593 de
2797 5556 2853 5594 re
2883 5540 3179 5608 inquirere.
3228 5539 3289 5591 Et
3330 5539 3599 5606 siquidem

2031 5631 2244 5693 dixerit,
2277 5629 2396 5684 Non
2423 5632 2689 5699 probasti,
2736 5632 2978 5702 pepercit
3009 5631 3096 5696 ei;
3133 5631 3179 5685 si
3213 5644 3344 5684 vero
3374 5630 3600 5695 dixerit,

2029 5718 2402 5776 Calumniatus
2435 5737 2515 5786 es,
2541 5723 2830 5776 calumnia:
2852 5736 2976 5774 eum
3009 5719 3418 5784 condemnavit,
3446 5718 3604 5791 105

2030 5813 2240 5867 etiamsi
2300 5815 2363 5868 de
2432 5829 2592 5883 ptena
2643 5815 2777 5868 nihil
2827 5813 3049 5868 dixerit.
3093 5809 3150 5866 Si
3207 5825 3335 5866 vero
3381 5809 3612 5875 dixerit,
