3992 6418
469 341 602 405 1247
1662 347 2034 411 ΜΑΤΊἭᾸΞΙ

2147 349 2506 410 LASTARIS
3541 354 3650 422 ιιιι

465 452 694 511 'l‘cmere
723 459 1020 524 accusasti.
1054 476 1162 518 non
1217 461 1348 520 facit
1373 462 1526 518 illum
1567 462 2051 526 calumniatorem,

2157 460 2321 514 αὑτὸν
2350 461 2432 525 εις
2464 461 2832 529 συκοφαντίαν
2863 475 2877 490 ⁸
2930 460 3037 515 κᾶν
3071 459 3233 530 μηδὲν
3268 461 3389 536 εἴπῃ
3430 467 3539 538 περὶ
3579 471 3658 540 τῆς

467 563 568 604 nec
611 565 786 620 pana!
833 553 1148 626 subjicitur.

2149 553 2362 622 ποινῆς,
2409 552 2770 607 ἐπακολουθεῖ
2806 554 2938 622 γάρ’
3001 553 3068 607 ἂν
3124 553 3180 606 δὲ
3222 554 3342 625 εῖπῃ
3366 593 3380 618 ,
3416 558 3659 628 Προπετῶς

2146 643 2447 713 ὲκίνησας,
2487 645 2655 715 ἦγουν
2703 643 2806 696 οὐκ
2857 642 3150 705 ἀπέδειξας
3181 683 3195 708 ,
3245 645 3303 698 οὐ
3358 649 3488 700 ποιεῖ
3529 651 3661 707 αὐτὸν

2149 734 2520 803 συκοφάντην,
2545 734 2668 787 οὐδὲ
2703 735 2896 806 ποινὴν
2923 734 2951 788 6
2983 733 3224 798 τοιοῦτος
3249 736 3535 805 ὑφίσταται.

537 819 732 874 Mulier
763 821 862 876 viri
895 822 1137 878 omnium
1180 839 1291 879 non
1330 824 1466 888 obit,
1497 839 1598 880 nec
1633 823 1688 879 in
1721 831 2046 878 testamento

2227 824 2292 876 'H
2318 824 2458 895 γυνὴ
2485 825 2544 878 οὑ
2581 825 2911 895 μετέρχεται
2942 823 3179 894 ἀνδρῷον
3208 827 3464 896 δφφίκιον,
3492 831 3598 884 οὐδὲ
3620 834 3665 886 ὲν

467 913 621 966 testis
644 927 771 968 esse
799 924 1001 982 potest,
1031 916 1136 971 nisi
1165 917 1217 971 in
1261 918 1466 986 quibus
1495 917 1596 971 viri
1629 931 1739 970 non
1773 915 2047 969 advocan-

467 1011 581 1061 tur.
625 1005 797 1062 Porro
845 1023 945 1063 nec
976 1008 1043 1064 iis
1077 1009 1294 1080 publice
1345 1024 1568 1066 causam
1603 1023 1762 1078 agere
1816 1007 2048 1076 permis-

467 1108 591 1148 sum
634 1105 753 1163 est;
792 1099 884 1153 sed
939 1107 1150 1153 tantum
1199 1114 1300 1170 pro
1355 1101 1558 1170 seipsis
1609 1114 1833 1155 causam
1876 1104 2048 1168 agunt

468 1187 687 1254 mulier,
725 1199 780 1244 et
805 1205 1003 1258 caseus;
1039 1192 1129 1247 ille
1160 1207 1291 1246 vero
1317 1202 1372 1248 et
1395 1193 1487 1262 jus
1517 1193 1701 1247 dicere
1733 1200 1932 1260 potest.

541 1279 682 1345 Quin
714 1291 768 1335 et
797 1283 1008 1338 novella
1037 1284 1108 1338 48
1154 1285 1505 1354 imperatoris
1545 1282 1745 1339 Leonis
1788 1284 2047 1339 mulieres

2149 915 2387 988 διαθήκῃ
2421 919 2716 987 μαρτυρεῖ,
2749 918 2798 970 εί
2839 918 2917 988 μὴ
2949 919 3007 970 ἐν
3037 911 3119 981 οἷς
3152 917 3336 988 ἄνδρες
3369 919 3424 972 οὑ
3464 937 3671 991 προσκα-

2145 1007 2386 1062 λοῦνται.
2436 1007 2581 1062 Ἀλλ⁹
2605 1008 2725 1061 οὐδὲ
2757 1010 3080 1078 συνηγορεῖν
3113 1008 3334 1073 ταύταις
3365 1011 3554 1078 ἐφεῖται
3593 1015 3670 1082 δη-

2149 1097 2335 1168 μοσίᾳ,
2367 1097 2589 1161 ἑαυταῖς
2620 1095 2679 1149 δὲ
2721 1097 2881 1167 μόνον
2922 1097 3284 1168 συνηγοροῦσι
3331 1100 3420 1155 καὶ
3445 1103 3568 1175 γυνὴ
3595 1105 3672 1159 καὶ

2147 1189 2350 1256 τυφλός
2378 1203 2393 1220 ’
2428 1206 2584 1253 ουτος
2609 1189 2667 1243 δὲ
2699 1191 2794 1242 καὶ
2823 1188 3066 1254 δικάζειν
3095 1190 3334 1248 δύναται.

2230 1286 2298 1339 Ἦ
2344 1286 2400 1339 δὲ
2437 1284 2528 1355 μη⁹
2564 1285 2744 1355 νεαρὰ
2795 1285 2890 1339 τοῦ
2949 1285 3216 1357 βασιλέως
3251 1286 3467 1350 Λέοντος
3506 1286 3674 1340 κωλύει

470 1372 524 1426 in
575 1377 1038 1432 conventionibus
1101 1387 1158 1433 et
1217 1379 1592 1434 contractibus
1667 1377 2045 1432 testimonium

2147 1375 2247 1440 τάς
2273 1379 2540 1445 γυναῖκας
2575 1379 2668 1431 ἐπὶ
2702 1378 3018 1448 συμφώνοις
3055 1379 3354 1448 μαρτυρεῖν
3394 1379 3478 1430 καὶ
3508 1378 3673 1430 συναλ-

467 1464 658 1521 dicere
712 1478 904 1522 vetat:
941 1469 994 1523 in
1043 1478 1202 1539 partu
1241 1479 1528 1532 autem.et
1584 1471 1637 1525 in
1689 1470 1756 1525 iis
1807 1485 1931 1540 qua:
1971 1469 2050 1526 fe-

2147 1467 2446 1539 λάγμασιψ
2473 1471 2568 1524 ἐπὶ
2600 1469 2658 1523 δὲ
2689 1469 2948 1532 τοκετῶν,
2982 1469 3079 1522 καὶ
3107 1469 3194 1536 ἐφ’
3218 1461 3290 1524 ὧν
3321 1468 3448 1538 μόνη
3475 1467 3673 1538 θηλειῶν

468 1557 633 1613 minis
665 1558 800 1614 solis
847 1561 1032 1616 videre
1071 1561 1432 1632 permittitur,
1462 1562 1836 1616 testimonium
1866 1561 2048 1619 dicere

2148 1561 2273 1632 ὄψις
2296 1562 2431 1633 ὑρᾷν
2469 1561 2930 1634 συγκεχώρηται,
2961 1560 3346 1630 ὲπιτρέπονται
3389 1561 3672 1630 μαρτυρεῖν.

467 1660 728 1720 possunt.

874 1763 960 1820 Ea:
981 1767 1183 1820 novella
1207 1765 1501 1822 Iustiniani
1539 1768 1660 1824 125.

542 1875 921 1933 Sanctissimis
948 1880 1283 1948 presbyteris
1310 1889 1364 1935 et
1387 1880 1654 1945 diaconis,
1674 1881 1718 1936 si
1753 1897 1852 1953 pro
1877 1897 2041 1938 causa

469 1969 791 2036 pecuniaria
822 1969 1023 2023 falsum
1062 1970 1438 2026 testimonium
1474 1970 1682 2026 dixisse
1717 1972 2040 2042 deprehensi

467 2063 600 2126 sint,
633 2077 742 2116 non
784 2071 966 2116 autem
1007 2062 1326 2132 iuramento
1358 2063 1709 2119 mendacium
1748 2065 2043 2121 conﬁrma-

467 2156 668 2218 verint,
711 2156 780 2210 iis
824 2172 925 2226 pro
970 2171 1129 2226 poma
1166 2157 1423 2219 sufﬁciet.
1455 2157 1634 2213 tribus
1677 2159 1838 2212 annis
1872 2174 1903 2213 a
1938 2159 2043 2212 mi-

467 2247 696 2303 nisterio
747 2250 1029 2318 separari,
1073 2260 1128 2304 et
1170 2251 1520 2307 monasteriis
1573 2252 1735 2306 tradi.
1809 2249 1867 2307 Si
1915 2267 2043 2307 vero

468 2341 756 2394 mendacio
806 2341 1184 2411 jnramenlnm
1252 2341 1577 2410 adiecerint,
1627 2358 1800 2396 canon
1863 2358 1959 2399 eos
2010 2357 2042 2397 a

469 2433 778 2487 sacerdotio
829 2434 1163 2503 praescindit.
1200 2433 1355 2500 Quod
1398 2435 1444 2488 si
1476 2434 1528 2487 in
1572 2449 1736 2488 causa
1769 2435 2040 2489 criminali

470 2525 668 2580 falsum
721 2527 1096 2582 testimonium
1161 2527 1422 2590 dixerint,
1507 2528 1742 2592 multati,
1799 2538 1960 2596 prout
2012 2545 2042 2581 ιι

469 2619 644 2674 sacris
705 2621 1006 2675 Canonibus
1052 2621 1335 2686 delinitur,
1383 2621 1532 2676 clero
1592 2621 1961 2686 denudantur,
1987 2631 2044 2677 et

469 2710 649 2780 pomis
681 2721 943 2780 praetcrea
970 2712 1228 2783 legitimis
1256 2713 1654 2782 subjiciuntur.

538 2890 832 2947 Sufﬁciunt
889 2893 955 2948 ad
1016 2893 1396 2964 probationem
1457 2894 1699 2966 quinque
1756 2903 1947 2962 testes,
1995 2895 2041 2951 si

469 2984 674 3052 scripta
713 3000 820 3038 non
858 2987 966 3038 sint
996 3003 1012 3050 ;
1060 2987 1102 3039 si
1136 3000 1265 3040 vero
1295 2987 1500 3056 scripta
1527 2988 1659 3053 sint,
1692 2988 1806 3044 sive
1840 2989 2046 3043 instru-

471 3085 674 3140 menta,
701 3085 812 3131 tres
832 3086 1042 3131 tantum
1072 3077 1380 3134 sufﬁciunt.

2333 1761 2436 1816 Ἐκ
2476 1761 2588 1829 τῆς
2605 1766 2742 1832 ρκγν
2791 1757 3297 1816 Ἰουστινιανείου
3321 1754 3545 1841 νεαρᾶς.

2217 1874 2346 1939 Τοῖς
2380 1873 2802 1937 εὐλαϐεστάτοις
2856 1873 3254 1943 πρεσϐυτέροις
3306 1872 3395 1925 καὶ
3427 1869 3677 1934 διακόνοις,

2144 1969 2192 2022 εί
2224 1967 2500 2038 εὑρεθεῖεν
2523 1965 2663 2037 ὑπὲρ
2685 1963 3041 2036 χρηματικῆς
3063 1963 3246 2026 αἰτίας
3275 1961 3678 2032 ψευδομαρτυρή-

2145 2075 2358 2122 σαντες,
2393 2058 2468 2129 μὴ
2496 2058 2680 2126 μέντοι
2704 2073 2768 2125 γε
2800 2056 2948 2127 ὅρκῳ
2963 2056 3024 2108 τὸ
3045 2054 3244 2123 ψεῦδος
3267 2053 3677 2124 βεϐαιωσάμενοι,

2142 2150 2357 2212 τούτοις
2391 2148 2642 2219 ἀρκέσει,
2669 2149 2792 2202 ἀντὶ
2825 2146 3102 2217 βασάνων,
3127 2147 3234 2223 ἐπὶ
3262 2147 3408 2216 τρεῖς
3435 2143 3678 2206 ὲνιαυτοῦς

2144 2241 2480 2313 χωρίζεσθαι
2506 2243 2608 2311 τῆς
2630 2239 2785 2304 θείας
2828 2239 3161 2309 ὑπηρεσίας,
3205 2237 3298 2292 καὶ
3339 2235 3682 2304 μοναστηρίοις

2145 2333 2556 2402 παραδίδοσθαι.
2583 2331 2644 2383 Ei
2666 2330 2723 2383 δὲ
2746 2332 2842 2384 καὶ
2866 2331 2945 2400 τῷ
2961 2328 3147 2399 ψεύδει
3169 2329 3261 2381 τὸν
3277 2329 3435 2399 ὅρκον
3454 2325 3682 2394 προσέθη·

2144 2444 2270 2491 καν,
2287 2427 2315 2480 6
2345 2423 2524 2478 κανὼν
2548 2423 2746 2487 αὐτοὺς
2764 2422 3036 2494 προέκοψε
3060 2422 3160 2489 τῆς
3189 2419 3508 2491 ἱερωσύνης.
3536 2417 3682 2484 ’Υπὲρ

2143 2518 2202 2573 δὲ
2236 2515 2664 2587 ὲγκληματικὼν
2687 2515 2879 2568 αίτιῶν
2907 2515 2958 2567 εἰ
2987 2511 3466 2583 ψευδομαρτυρίαν
3488 2510 3680 2570 εἴποιεν,

2145 2609 2557 2680 ἐγγραψάμενοι
2614 2605 2897 2677 δηλονότι,
2957 2607 3033 2668 ὠς
3087 2605 3211 2666 τοῖς
3269 2602 3432 2664 θείοις
3485 2599 3684 2670 ὥρισται

2146 2704 2361 2764 κανόσι,
2421 2702 2517 2752 τοῦ
2569 2699 2775 2769 κλήρου
2809 2697 3265 2767 ἀπογυμνοῦνται
3295 2695 3389 2748 καὶ
3415 2695 3528 2757 ταῖς
3557 2689 3684 2761 νομί·

2148 2809 2270 2864 μοις
2305 2792 2520 2854 ποιναῖς
2551 2789 2974 2843 ὑποϐάλλονται.

2223 2883 2481 2956 Ἀρκοῢσι
2519 2883 2657 2953 πρὸς
2680 2881 2956 2944 ἀπόδειξιν
2988 2880 3160 2933 πέντε
3196 2879 3490 2950 μάρτυρες,
3513 2872 3686 2944 ἐγγρά-

2145 2993 2262 3047 φων
2287 2976 2361 3047 μὴ
2387 2974 2577 3028 ὄντων·
2603 2973 2653 3025 εί
2679 2973 2737 3027 δέ
2763 2973 2904 3026 είσιν
2938 2970 3225 3040 ἔγγραφα,
3248 2969 3370 3040 ἦτοι
3401 2964 3688 3038 συμϐόλαια,

2145 3071 2292 3142 τρεῖς
2319 3067 2481 3138 μόνον
2509 3064 2798 3136 ἀρκοῦσιν.

545 3166 736 3222 Testes
770 3183 835 3221 ex
864 3167 1054 3224 auditu
1096 3170 1466 3226 testimonium
1503 3187 1570 3227 ne
1604 3171 1824 3237 dicant,
1850 3171 2040 3227 dicen-

2225 3160 2290 3213 Οί
2335 3158 2616 3230 μάρτυρες
2664 3158 2804 3227 ἀκοῇ
2853 3155 2929 3226 μὴ
2963 3153 3444 3226 μαρτυρείτωσαν,
3471 3150 3710 3218 λέγοντες·

470 3267 551 3312 tes
575 3258 700 3322 {Ab
743 3260 928 3330 aliquo
969 3261 1306 3328 audivimus,
1336 3262 1484 3317 hunc
1520 3262 1742 3327 debere,
1768 3263 1851 3317 vel
1889 3263 2043 3318 illum

470 3350 1005 3421 solvisse;quamvis
1036 3350 1305 3408 tabellarii
1335 3353 1446 3409 sint
1471 3355 1565 3425 qui
1603 3355 1718 3409 haac
1750 3361 2044 3409 testantur.

470 3440 528 3496 In
565 3445 730 3498 rebus
759 3443 904 3499 enim
929 3445 1311 3502 criminalibus
1342 3460 1568 3501 necesse
1613 3457 1698 3502 est
1763 3445 1918 3518 ipsos
1966 3453 2047 3502 te-

470 3543 589 3589 stes
620 3533 874 3605 produci,
918 3543 973 3591 et
1003 3551 1112 3592 non
1148 3551 1340 3592 eorum
1381 3537 1568 3592 verba.

539 3707 794 3765 Testibns
819 3721 872 3766 et
906 3727 1012 3766 non
1045 3712 1377 3770 teStimoniis
1405 3711 1738 3767 credendum
1773 3719 1892 3779 est;
1922 3727 2047 3766 nam

472 3801 540 3857 de
563 3803 887 3858 criminibus
911 3804 1128 3873 ipsitnet
1159 3807 1568 3875 interrogantur
1593 3823 1622 3859 a
1650 3805 1930 3874 judicibus
1955 3821 1970 3873 ;
1992 3813 2050 3861 et

472 3893 566 3964 qui
597 3911 703 3950 non
730 3895 924 3964 probat
959 3896 1104 3967 quod
1141 3895 1471 3961 intenderat,
1503 3897 1801 3966 relegatur.

544 4072 820 4144 Pauperes
869 4083 1034 4130 testes
1081 4089 1188 4128 non
1227 4083 1373 4129 sunt.
1403 4073 1618 4144 Pauper
1659 4090 1789 4130 vero
1817 4087 1919 4144 est,
1954 4075 2048 4147 qui

474 4181 580 4219 non
617 4167 781 4220 habet
807 4166 1176 4219 substantiam
1215 4163 1285 4220 50
1318 4165 1640 4219 solidorum.

545 4256 946 4312 Testimonium
1001 4272 1111 4311 non
1169 4257 1302 4311 dicit
1353 4257 1582 4314 libertus
1651 4257 1705 4313 in
1757 4269 2046 4329 patronum

472 4348 662 4420 ejusve
701 4350 896 4403 lilium.

546 4444 722 4497 Minor
749 4442 941 4513 viginti
969 4442 1130 4496 annis
1163 4441 1322 4496 testis
1349 4454 1473 4496 esse
1499 4456 1606 4495 non
1636 4451 1848 4510 potest;
1872 4459 2048 4512 neque

473 4535 654 4608 quiin
699 4535 918 4604 publico
955 4534 1163 4603 judicio
1209 4535 1498 4588 damnatus
1552 4544 1675 4595 est,
1709 4544 1764 4588 et
1820 4549 1928 4588 non
1991 4535 2046 4588 in
2079 4517 2123 4571 D

475 4627 746 4694 integrum
779 4625 1107 4690 restituitur,
1147 4639 1244 4680 nec
1276 4625 1369 4695 qui
1390 4624 1443 4678 in
1471 4624 1707 4679 vinculis
1735 4626 2051 4681 custodiave

473 4717 690 4786 publica
722 4728 838 4782 est;
883 4732 982 4771 nec
1013 4717 1104 4786 qui
1137 4717 1208 4771 ob
1231 4717 1604 4771 testimonium
1630 4717 1923 4772 dicendum
1955 4727 2053 4773 aut

474 4824 584 4864 non
609 4792 898 4863 dicendum
929 4809 1190 4878 pecunias
1222 4809 1507 4878 accepisse
1541 4809 1833 4864 convictus
1863 4807 2048 4876 fuerit,

475 4916 652 4972 neque
679 4901 772 4971 qui
807 4901 861 4955 in
898 4901 1150 4956 adulterii
1176 4900 1384 4970 judicio
1415 4901 1728 4954 dau'tnatur.

548 5012 718 5067 Filius
751 5012 913 5081 patri,
945 5022 1036 5066 aut
1059 5020 1212 5081 pater
1248 5011 1380 5078 lilio,
1413 5012 1569 5066 testis
1597 5025 1702 5065 non
1730 5019 1835 5064 est.

548 5126 659 5181 Nec
683 5127 971 5196 quisquam
1005 5127 1058 5180 in
1091 5140 1152 5181 re
1181 5141 1304 5180 sua.

553 5219 761 5273 Servus
821 5219 974 5272 testis
1022 5233 1130 5272 non
1164 5228 1266 5273 est.
1305 5218 1489 5272 Servis
1536 5217 1682 5273 enim
1726 5227 1915 5273 contra
1954 5221 2051 5274 do-

480 5311 664 5364 minos
743 5310 1057 5364 dicentibus
1117 5326 1224 5364 non
1306 5319 1512 5364 temere
1571 5311 1728 5364 tidem
1790 5311 2050 5366 adhibere

477 5409 718 5470 Oportet,
751 5401 950 5471 quippe
975 5401 1120 5470 quod
1158 5416 1350 5455 servus
1387 5417 1416 5453 a
1455 5411 1650 5455 natura
1683 5401 1904 5455 domino
1941 5404 2048 5456 ini-

483 5495 660 5548 micus
690 5493 782 5546 sit.

548 5585 650 5650 Qui
696 5586 748 5638 in
803 5587 1039 5653 aliquem
1101 5581 1472 5637 testimonium
1526 5582 1684 5648 dixit,
1749 5599 1943 5641 rursus
1994 5589 2048 5644 in

483 5695 608 5733 eum
645 5677 865 5745 produci
906 5693 1011 5729 non
1045 5687 1240 5744 potest.

559 5768 952 5824 Testimonium
981 5770 1106 5824 dare
1134 5771 1485 5826 prohibentur
1508 5772 1776 5839 impubes,
1822 5775 2043 5841 surdus,
2131 5839 2133 5841 _

2148 3253 2224 3315 ὡς
2269 3252 2617 3320 Ἦκούσαμεν
2653 3248 2717 3302 ἐκ
2742 3264 2891 3311 τινος
2939 3248 3091 3301 τόνδε
3117 3249 3445 3318 χρεωστεῖν,
3494 3245 3525 3314 ἢ
3568 3239 3692 3294 τόνδε

2150 3340 2611 3407 καταϐάλλεσθαι,
2662 3340 2768 3394 κᾶν
2821 3339 2872 3392 εί
2909 3338 3268 3408 ταϐουλάριοι
3319 3335 3426 3391 εῐεν
3466 3337 3515 3390 oi.
3541 3331 3694 3388 ταῦτα

2154 3434 2583 3506 μαρτυροῦντες.
2633 3431 2755 3485 Ἐπὶ
2782 3431 2891 3502 γὰρ
2919 3431 3029 3484 τῶν
3063 3427 3494 3500 ὲγκληματικῶν
3509 3427 3695 3490 ἀνάγκη

2150 3531 2304 3584 πᾶσα
2343 3525 2694 3597 παραχθῆναι
2732 3524 2860 3588 τοὺς
2893 3523 3203 3594 μάρτυρας,
3233 3522 3330 3578 καὶ
3371 3519 3447 3592 μὴ
3485 3519 3577 3580 τὰς
3604 3529 3695 3584 w-

2149 3621 2247 3684 νὰς
2281 3619 2485 3675 αὐτῶν.

2222 3713 2347 3775 Τοῖς
2390 3712 2629 3782 μάρτυσι
2668 3710 2762 3764 καὶ
2795 3709 2857 3761 οὐ
2883 3709 2998 3773 τοῖς
3033 3706 3364 3779 μαρτυρίοις
3391 3697 3692 3758 πιστευτέον·

2151 3804 2599 3876 αὑτοπροσὼπως
2628 3804 2736 3873 γὰρ
2768 3801 3085 3874 ἐρωτῶνται
3115 3801 3276 3871 παρὰ
3313 3800 3422 3853 τῶν
3455 3792 3696 3851 δικαστῶν

2150 3898 2247 3951 επὶ
2274 3896 2382 3951 τῶν
2407 3895 2794 3964 ἐγκλημάτων,
2826 3894 2924 3947 καὶ
2955 3895 2984 3945 6
3021 3893 3096 3966 μὴ
3124 3893 3346 3955 δεικνὺς
3379 3892 3439 3944 τὸ
3466 3887 3586 3958 παρ’
3612 3883 3698 3937 ait-

2149 3989 2245 4045 τοῦ
2273 3988 2540 4060 προτεθὲν
2575 3987 2907 4058 ὲξορίζεται.

2223 4082 2286 4133 Οί
2322 4081 2555 4148 πένητες
2600 4079 2663 4131 οὑ
2720 4075 3083 4147 μαρτυροῦσι·
3116 4077 3295 4148 πένης
3332 4075 3390 4129 δέ
3419 4075 3560 4128 ἐστιν
3587 4069 3614 4122 6
3639 4065 3701 4138 μὴ

2150 4171 2292 4244 ἔχων
2319 4172 2361 4224 ν’
2391 4171 2748 4242 νομισμάτων
2783 4168 3126 4236 περιουσίαν.

2223 4265 2300 4318 Οὐ
2362 4263 2636 4334 μαρτυρεῖ
2692 4259 3062 4331 ἀπελεύθερος
3121 4259 3271 4314 κατὰ
3329 4258 3624 4328 πάτρωνος,
3672 4247 3701 4316 ἦ

2151 4353 2345 4417 παιδὸς
2379 4352 2568 4405 αὑτοῦ.

2217 4448 2293 4501 Οὐ
2336 4448 2610 4516 μαρτυρεί
2656 4445 2684 4497 6
2734 4443 2917 4512 ἥττων
2964 4438 3073 4493 τῶν
3110 4439 3190 4493 κε’
3227 4439 3389 4505 ἑτῶν,
3439 4435 3558 4488 οὔτε
3595 4433 3621 4484 6
3657 4431 3702 4480 ὲν

2151 4539 2398 4610 δημοσίῳ
2421 4535 2760 4607 δικαστηρίῳ
2797 4533 3246 4597 καταδικασθεὶς,
3284 4533 3380 4586 καὶ
3417 4529 3489 4599 μὴ
3519 4529 3705 4578 ἀποκα-

2149 4631 2379 4696 ταστὰς,
2402 4631 2435 4700 ἢ
2460 4632 2516 4682 ὲν
2546 4629 2787 4698 δεσμοῖς,
2821 4628 2854 4698 ἢ
2884 4629 2942 4679 ὲν
2968 4627 3206 4695 δημοσίᾳ
3241 4622 3462 4694 φρουρᾷ
3491 4615 3703 4688 βληθείς

2151 4721 2276 4773 οὔτε
2313 4723 2341 4773 ό
2374 4719 2668 4788 ἐλεγχθεὶς
2690 4715 2880 4770 λαϐεῖν
2911 4718 3172 4786 χρήματα
3199 4716 3294 4767 ἐπὶ
3325 4713 3404 4783 τῷ
3447 4704 3697 4780 μαρτυρῆ-

2152 4830 2266 4876 σαι,
2312 4810 2344 4880 ῆ
2383 4809 2460 4880 μὴ
2492 4807 2846 4881 μαρτυρῆσαι
2870 4823 2885 4836 ο
2920 4805 3046 4861 οὔτε
3103 4808 3132 4859 ὁ
3181 4801 3602 4862 καταδικασθεὶς
3630 4794 3704 4848 ἐπὶ

2153 4905 2393 4976 μοιχείᾳ.

2225 5014 2344 5078 Υἱὸς
2375 5012 2568 5084 πατρὶ,
2606 5011 2640 5084 ἢ
2669 5011 2851 5082 πατὴρ
2886 5008 3010 5080 υίῷ,
3040 5009 3100 5062 οὐ
3138 5009 3436 5079 μαρτυρεῖ.

2223 5129 2362 5182 Οὔτε
2396 5127 2714 5198 οίοσδὴποτε
2747 5128 2805 5179 ὲν
2847 5125 2966 5196 ἰδίῳ
2995 5124 3314 5193 πράγματι.

2226 5223 2288 5276 '0
2319 5221 2506 5282 δοῦλος
2555 5220 2617 5272 οὐ
2674 5219 2985 5289 μαρτυρεῖ·
3029 5217 3089 5268 οὑ
3127 5218 3238 5286 γὰρ
3293 5215 3401 5287 χρὴ
3454 5208 3702 5267 πιστεύειν

2151 5315 2439 5385 προπετῶς
2494 5315 2608 5376 τοῖς
2660 5313 2902 5372 οἰκέταις
2949 5309 3173 5377 λέγουσι
3214 5311 3362 5361 κατὰ
3412 5305 3702 5361 δεσποτῶν’

2151 5407 2313 5475 φύσει
2343 5405 2450 5476 γὰρ
2478 5406 2505 5457 6
2530 5403 2714 5465 δοῦλος
2741 5401 2820 5472 τῷ
2851 5403 3091 5474 δεσπότῃ
3124 5401 3416 5472 πολέμιος.

2253 5586 2292 5638 Ο
2321 5585 2461 5637 κατὰ
2494 5600 2634 5644 τινος
2667 5581 2766 5651 ἤδη
2811 5580 3170 5652 μαρτυρήσας
3223 5579 3285 5632 οὐ
3323 5575 3587 5648 μαρτυρεῖ
3618 5570 3700 5626 πά-

2149 5680 2232 5732 λιν
2265 5677 2384 5729 κατ’
2421 5675 2610 5727 αὑτοῦ.

2223 5769 2509 5824 κωλύεται
2543 5767 2842 5837 μαρτυρεῖν
2873 5764 3092 5834 ἄνηϐος,
3122 5763 3331 5832 κωφὸς,
3359 5762 3571 5827 ἄλαλος,
3602 5773 3701 5828 μαι·
