3992 6396
319 374 462 443 1249

1315 364 1719 427 SYNTAGMA
1761 357 2400 422 ALPHABETICUM.
2441 380 2510 394 —
2550 358 2610 418 Δ.

3430 345 3568 408 1‘250

322 488 565 552 νόμενος,
593 482 822 546 ἄσωτος,
859 479 972 542 υίδς
1003 478 1103 532 ύπε
1115 474 1346 542 ξούσιος,
1370 477 1500 530 ὅταν
1531 477 1558 528 ό
1581 473 1762 544 πατὴρ
1792 471 1887 526 αύ-
1913 515 1923 530 ε

2036 479 2207 536 tutus,
2243 470 2491 534 insanus,
2539 465 2797 537 prodigus
2830 478 2847 528 ;
2898 470 2955 518 et
2999 458 3416 522 ﬁliusfamilias,
3443 471 3569 513 cum

323 581 418 636 τοῦ
455 577 586 648 παρ’
615 573 988 645 ἄλλουγραφῇ
1017 571 1358 643 κληρονόμος
1386 570 1444 624 ἐν
1473 567 1727 639 διαθήκῃ.

400 758 470 812 Ἦ
499 753 842 825 παραγραφὴ
887 751 1028 806 κατὰ
1063 750 1161 821 μὲν
1193 749 1317 811 τοὺς
1349 747 1549 817 νόμους
1588 743 1895 815 πολλαχῶς,
1929 731 1932 738 ’

1997 574 2151 632 pater
2189 562 2308 633 ejus
2361 563 2430 616 ab
2490 560 2600 614 alio
2639 557 2815 612 haeres
2871 556 2928 610 in
2962 561 3290 610 testamento
3336 550 3574 621 scriptus

1998 654 2187 709 fuerit.

2072 746 2335 816 Exceptio
2371 741 2680 800 secundum
2711 742 2858 812 leges
2895 739 3181 810 multiplex
3233 745 3337 802 est,
3375 749 3577 790 secun-

323 853 463 908 κατὰ
521 850 581 904 δὲ
637 849 764 912 τοὺς
798 847 1036 916 ῥήτορας
1061 840 1344 913 τετραχῶς
1371 840 1582 909 γίνεται
1610 853 1625 869 ο
1656 837 1764 891 ἀπὸ
1799 833 1897 888 τοῦ

2039 856 2130 894 um
2158 854 2284 895 vero
2335 837 2588 892 rhetoras
2617 833 2958 904 quadruplex
2994 848 3010 886 :
3041 831 3111 886 ab
3141 830 3394 890 absente,
3425 826 3578 880 velut

323 943 601 1002 λείποντος
625 957 641 972 ο
668 933 783 992 οἷον
807 936 1020 990 ἀσώτου
1052 935 1239 1005 πατὴρ
1289 931 1504 1002 ἀφανὴς
1533 929 1768 997 ἐγένετο,
1803 927 1902 980 καὶ⁸

326 1039 490 1108 φόνου
511 1038 540 1091 ό
565 1035 682 1098 υίδς
711 1032 906 1102 φεύγει
929 1048 945 1064 ο
996 1031 1108 1085 ἀπὸ
1137 1028 1232 1083 τοῦ
1274 1027 1706 1098 ὑπερϐάλλοντος
1725 1037 1741 1054 ο
1789 1019 1902 1076 οἷον

324 1129 458 1183 δέκα
483 1128 594 1180 νέοι
621 1125 980 1193 ἐπωμόσαντο
1006 1121 1082 1193 μὴ
1104 1121 1301 1190 γῆμαι,
1320 1119 1414 1173 καὶ⁵
1440 1117 1702 1186 φεύγουσι
1725 1113 1901 1169 κακοῦ

330 1223 448 1293 βίου
471 1237 484 1252 ·
508 1220 542 1289 ἢ
569 1219 664 1286 ἀφ’
691 1211 765 1270 ὧν
788 1216 968 1286 ἕτεροι
1002 1215 1374 1281 πεποιήκασιν
1397 1211 1458 1263 οὐ
1485 1211 1566 1264 δεῖ
1596 1207 1903 1278 κρίνεσθαι,

329 1308 442 1366 οἷον
469 1313 498 1365 δ
530 1307 946 1382 τρισαριστεὺς,
979 1300 1042 1360 οὗ
1075 1305 1262 1358 εἰκόνα
1289 1303 1530 1372 ἔστησαν
1557 1301 1607 1353 οἱ
1631 1298 1902 1368 πολέμιοι,

333 1407 428 1460 καὶ
457 1404 747 1476 προδοσίας
781 1402 1001 1472 φεύγων
1021 1417 1036 1432 ο
1075 1400 1109 1470 ἢ
1147 1396 1290 1451 κατὰ
1341 1395 1558 1466 χρόνον,
1588 1390 1702 1446 οἷον
1728 1389 1905 1444 δειλοῦ

334 1499 463 1561 παῖς
492 1496 804 1568 ἠρίστευσε,
831 1495 923 1547 καὶ
956 1490 1198 1562 μοιχείας
1243 1488 1420 1558 κρίνει
1452 1487 1551 1557 τὴν
1577 1484 1835 1554 γυναῖκα.

506 1674 634 1726 Ἔτι
665 1668 934 1738 περὶτῶν
955 1653 1220 1731 ἐνδίκως(
1234 1661 1731 1732 καθαιρεθέντων.

423 1761 482 1816 ”Ο
513 1762 554 1816 δ’
603 1763 782 1814 κανὼν
840 1762 938 1828 τῆς
989 1761 1046 1814 ἐν
1073 1757 1379 1827 Ἀντιοχείᾳ
1425 1755 1670 1818 συνόδου,
1710 1753 1774 1806 '0
1805 1750 1910 1804 ὑπὸ

340 1853 559 1906 συνόδου
594 1851 963 1922 καθαιρεθεὶς,
994 1849 1181 1918 φησὶν,
1217 1848 1540 1908 ἐπίσκοπος,
1563 1845 1646 1896 ἐτι
1693 1841 1753 1894 δὲ
1777 1857 1912 1910 πρε-

343 1943 623 2013 σϐύτερος,
679 1942 712 2014 ἢ
754 1941 1019 2004 διάκονος,
1081 1939 1186 1991 ὑπὸ
1231 1937 1326 1990 τοῦ
1371 1936 1503 1989 ίδίου
1534 1931 1692 1987 τοῦτο
1720 1930 1912 1984 παθὼν

342 2036 668 2099 ἐπισκόπου,
707 2035 754 2085 εί
811 2031 1094 2102 μετελθεῖν
1141 2027 1322 2082 ὁτιοῦν
1382 2024 1696 2098 βουληθείη,
1729 2021 1767 2077 ἃ.
1802 2023 1915 2083 τοῖς

343 2126 585 2194 ίερεῦσιν
614 2125 757 2187 ἔθος,
793 2123 868 2192 μὴ
905 2121 1112 2188 ἐξεῖναι
1154 2119 1336 2188 τούτῳ
1371 2116 1574 2179 ἀδίκως
1608 2115 1690 2168 ἐτι
1719 2113 1918 2166 διατει-

343 2219 558 2289 νομένῳ
585 2217 782 2272 παθεῖν
827 2215 992 2285 ἐτέρᾳ
1025 2212 1316 2282 προσιέναι
1354 2209 1579 2278 συνόδῳ,
1608 2207 1702 2261 καὶ
1731 2205 1917 2275 ζητεῖν

347 2310 590 2376 ἐξετάσει
618 2307 687 2360 τὰ
721 2307 842 2359 κατ’
875 2304 1038 2358 αὑτὸν
1075 2302 1316 2371 δοθῆναι,
1353 2299 1488 2370 μηδὲ
1547 2298 1736 2368 χώραν
1785 2297 1920 2350 ἀπο-

345 2398 534 2463 λογίας
560 2396 710 2466 αύτῷ
768 2387 1041 2466 μετεῖναιέ
1095 2392 1224 2456 τοὺς
1265 2391 1321 2445 δέ
1378 2407 1444 2460 γε
1485 2388 1796 2450 συνειδότας
1819 2385 1919 2456 τὴν

346 2489 472 2544 κατ’
521 2486 688 2540 αὑτοῦ
726 2485 1002 2552 ἀπόφασιν
1024 2523 1040 2546 ,
1084 2483 1179 2538 καὶ
1218 2483 1498 2536 κοινωνεῖν
1536 2479 1685 2550 αὐτῷ
1722 2476 1922 2549 τολμή-

349 2596 576 2642 σαντας,
609 2579 704 2632 xci.
730 2577 956 2639 τούτους
986 2577 1084 2646 τῆς
1107 2574 1436 2645 Ἑκκλησίας
1457 2570 1841 2627 ἐκκόπτεσθαι.

429 2673 490 2728 Ὀ
510 2671 566 2725 δὲ
591 2673 658 2743 ιβ’
677 2672 770 2724 τὸν
818 2672 924 2724 ὑπὸ
939 2669 1033 2724 τοῦ
1068 2668 1201 2724 ἰδίου
1228 2667 1382 2730 αὖθις
1403 2665 1704 2721 ἐπισκόπου
1730 2663 1925 2717 καθαι-

351 2763 605 2836 ρεθέντα,
625 2760 1049 2834 πρεσϐύτερονῆ
1072 2760 1334 2822 διάκονον,
1368 2758 1400 2828 ἢ
1431 2757 1534 2810 ὑπὸ
1563 2755 1784 2808 συνόδου
1808 2752 1927 2806 ἐπί-

353 2873 580 2921 σκοπον,
610 2852 951 2924 ἀπαγορεύει
975 2852 1264 2924 προσιέναι
1289 2849 1365 2918 τῷ
1392 2847 1626 2919 βασιλεῖ,
1655 2845 1752 2900 καὶ
1787 2842 1926 2915 παρ’

351 2947 504 3018 αὐτῷ
533 2949 718 3019 ζητεῖν
751 2947 849 3017 τὴν
880 2945 1155 3010 ἐξέτασιν,
1191 2943 1326 2996 ἀλλὰ
1364 2941 1575 3012 μείζονι
1604 2940 1926 2994 ἐπισκόπων

354 3040 580 3110 συνόδῳ,
607 3039 700 3092 καὶ
726 3038 762 3092 θ.
780 3035 992 3108 νομίζει
1020 3036 1206 3089 δίκαια
1228 3035 1398 3105 ἔχειν,
1421 3032 1634 3094 τούτοις
1652 3047 1928 3101 προσανα-

2001 932 2210 1004 prodigi
2243 939 2398 1002 pater
2427 945 2532 986 non
2569 939 2817 999 apparet,
2847 935 2904 980 et
2931 925 3076 979 illius
3103 919 3385 978 homicidii
3415 932 3577 972 accu-

2002 1031 2188 1087 satur;
2225 1023 2293 1076 ab
2337 1035 2594 1086 excessu,
2623 1027 2683 1072 ut
2742 1017 2932 1073 decem
2959 1016 3184 1081 iuvenes
3229 1011 3486 1082 juraruut
3519 1020 3581 1060 se

2003 1130 2113 1170 nou
2167 1127 2396 1168 uxorem
2429 1112 2718 1175 ducturos,
2753 1119 2809 1164 et
2862 1107 3019 1162 malae
3058 1105 3182 1159 vita:
3214 1111 3578 1164 accusantur;

2005 1210 2090 1262 vel
2121 1205 2190 1260 ab
2216 1221 2305 1268 eo,
2341 1203 2488 1275 quod
2538 1203 2664 1272 quis
2699 1201 2764 1257 de
2813 1201 2878 1255 iis
2908 1214 3027 1268 quae
3053 1197 3144 1252 alii
3188 1195 3439 1250 fecerunt
3471 1207 3580 1246 non

2006 1305 2282 1360 teneatur,
2315 1268 2377 1350 ut
2428 1268 2782 1356 fortissimus,
2821 1290 2976 1358 cujus
3031 1287 3320 1358 imaginem
3377 1283 3582 1338 initnici
3662 1268 3668 1272 ’

2006 1393 2323 1448 erexerunt,
2348 1382 2674 1453 proditionis
2698 1389 3022 1444 accusatur;
3049 1377 3129 1432 vel
3167 1377 3322 1446 juxta
3345 1384 3578 1442 tempus,

2007 1489 2068 1535 ut
2103 1477 2277 1533 timidi
2327 1477 2472 1531 tilius
2506 1476 2611 1529 dux
2644 1472 2981 1528 fortissimus
3025 1469 3221 1533 evasit,
3254 1477 3308 1522 et
3354 1481 3581 1520 uxorem

2009 1585 2165 1628 suam
2200 1569 2456 1624 adulterii
2497 1577 2742 1622 accusat.

2123 1660 2278 1730 105
2305 1659 2488 1720 Adhuc
2515 1660 2580 1712 de
2614 1659 2680 1712 iis
2710 1657 2800 1727 qui
2825 1655 2968 1726 juste
2996 1653 3218 1721 depositi
3254 1651 3474 1718 fuerint.

2081 1753 2269 1809 Cauon
2305 1753 2339 1806 4
2378 1768 2498 1822 syn.
2529 1749 2811 1812 Antioch.,
2876 1747 3198 1816 Episcopus,
3247 1742 3445 1812 inquit,
3488 1740 3581 1810 qui

2011 1863 2042 1902 a
2077 1846 2284 1918 synodo
2316 1844 2600 1912 depositus
2645 1841 2830 1905 fuerit,
2878 1854 2978 1893 ncc
3010 1853 3115 1892 non
3169 1835 3470 1906 presbyter,
3499 1833 3582 1885 vel

2013 1939 2278 1995 diaconus
2317 1936 2459 1992 idem
2507 1952 2536 1990 a
2570 1934 2789 2003 proprio
2827 1931 3082 1998 episcopo
3117 1943 3334 1998 passus,
3384 1925 3430 1980 si
3485 1923 3586 1978 ali-

2014 2031 2147 2100 quid
2204 2044 2392 2085 eorum
2446 2026 2659 2097 operari
2719 2023 2975 2087 voluerit,
3036 2035 3158 2090 quae
3210 2015 3586 2076 sacerdotibus

2015 2122 2198 2180 facere
2245 2137 2364 2177 mos
2399 2131 2500 2185 est,
2551 2134 2618 2173 ne
2664 2117 2826 2172 liceat
2867 2116 2938 2178 ei,
2975 2111 3230 2182 quamvis
3278 2125 3338 2166 se
3387 2108 3588 2178 injuste

2015 2217 2124 2287 pati
2157 2213 2476 2286 praetendat,
2511 2210 2738 2264 alteram
2771 2209 3043 2277 synodum
3091 2203 3262 2264 adire,
3293 2211 3348 2256 et
3380 2209 3586 2269 petere,

2019 2316 2079 2362 ut
2104 2321 2225 2376 qua:
2254 2305 2300 2359 ei
2337 2303 2550 2372 objecta
2580 2309 2709 2357 sunt
2739 2298 3149 2356 examinentur,
3179 2302 3275 2348 aut
3310 2290 3591 2346 defensio-

2020 2398 2106 2455 nis
2167 2397 2349 2451 locum
2415 2393 2636 2447 habere.
2706 2389 2747 2444 Ii
2820 2399 3001 2443 autem
3065 2385 3206 2455 qui,
3262 2381 3590 2438 sententiam

2021 2490 2284 2545 adversus
2311 2500 2436 2540 eum
2468 2483 2636 2536 latam
2672 2479 2932 2540 scientes,
2978 2491 3101 2530 cunt
3136 2474 3256 2543 ipso
3290 2470 3598 2528 communi-

1934 2581 1939 2585 ’
2022 2593 2150 2635 care
2177 2576 2299 2632 ausi
2325 2574 2545 2636 fuerint,
2575 2587 2640 2626 ex
2661 2570 2900 2627 Ecclesia
2932 2567 3274 2622 abdiceutur.

2095 2673 2321 2736 Insuper
2340 2684 2465 2724 can.
2496 2667 2563 2721 -12
2586 2665 2959 2737 presbyterum
2990 2663 3073 2716 vel
3101 2661 3386 2716 diaconum
3413 2674 3441 2712 a
3468 2670 3598 2726 pro-

2024 2763 2146 2836 prio
2174 2762 2431 2832 episcopo
2459 2759 2791 2828 depositum,
2823 2757 2909 2810 vel
2945 2754 3265 2823 episcOpum
3299 2766 3329 2805 a
3359 2749 3594 2822 synodo,

2027 2870 2211 2926 regem
2247 2854 2400 2906 adire
2426 2859 2590 2909 vetat,
2625 2858 2680 2904 et
2701 2846 3161 2902 exatninationetn
3197 2843 3267 2898 ab
3293 2855 3359 2896 eo
3387 2849 3592 2911 petere,

2027 2949 2126 3005 sed
2177 2949 2245 3002 ad
2311 2945 2574 3015 majorem
2628 2943 3012 3010 episcoporum
3071 2935 3341 3006 synodum
3391 2934 3493 3000 ire,
3545 2942 3601 2986 ct

2023 3041 2140 3111 jus,
2169 3037 2314 3110 quod
2350 3051 2407 3092 se
2441 3036 2644 3090 habere
2673 3038 2848 3102 putat,
2883 3031 2949 3084 ad
2990 3043 3086 3083 eos
3119 3025 3348 3091 referre,
3379 3040 3601 3078 eorum-

353 3130 572 3202 φέρειν,
599 3129 694 3183 καὶ
714 3129 815 3200 τὴν
846 3127 977 3197 παρ’
1000 3127 1184 3181 αὐτῶν
1212 3125 1462 3191 ἐξέτασιν
1483 3122 1805 3194 ἐκδέχεσθαι
1836 3121 1923 3174 καί

2036 3149 2138 3204 que
2155 3130 2618 3187 examinationem
2645 3135 2699 3180 et
2723 3124 2990 3190 judicium
3016 3121 3316 3190 suscipere.
3336 3117 3391 3172 Si
3417 3118 3602 3184 itaque

352 3227 660 3296 ἐπίκρισιν.
715 3225 777 3277 Et
807 3223 862 3276 δέ
895 3240 979 3287 τις
1007 3220 1216 3276 τούτων
1247 3221 1597 3290 ὀλιγωρήσας
1639 3216 1934 3288 ἐνοχλῆσαι

353 3318 619 3388 τολμήσει
663 3315 742 3386 τῷ
800 3315 1032 3386 βασιλεῖ,
1073 3314 1274 3384 μηκέτι
1326 3311 1514 3383 χώραν
1549 3311 1696 3381 ἔχειν
1730 3310 1932 3364 ἀπολο-

353 3411 507 3481 γίας,
539 3410 676 3482 μηδὲ
711 3409 908 3464 ἐλπίδα
946 3409 1253 3478 μελλούσης
1285 3405 1814 3465 ἀποκαταστάσεως.
1872 3401 1934 3454 Ei

353 3505 468 3575 γὰρ
495 3505 591 3558 καὶ
617 3503 784 3557 παντὶ
820 3500 1316 3570 καταδικαζομένῳ
1335 3500 1430 3552 καὶ
1467 3497 1778 3552 ἀδικεῖσθαι
1827 3496 1936 3547 oio-

358 3597 513 3666 μένῳ
559 3595 594 3666 ἡ
624 3595 723 3665 τῆς
748 3593 1086 3663 Ἐκκλησίας
1113 3591 1338 3662 βοήθεια
1379 3590 1613 3652 δίδοται,
1655 3588 1775 3642 ἀλλ’
1809 3586 1935 3640 ἐπεί

358 3688 448 3743 τοί
471 3705 538 3756 γε
570 3687 678 3742 τῶν
707 3686 1066 3758 πατριαρχῶν
1095 3685 1150 3738 αῖ
1179 3683 1359 3754 ψῆφοι
1384 3682 1638 3752 ἐκκλήτῳ
1666 3681 1768 3750 ούχ
1803 3678 1938 3733 ὑπό-

359 3793 602 3840 κεινται,
631 3777 660 3829 ὁ
689 3775 1041 3845 πειρώμενος
1087 3773 1358 3842 ἔκκλητον
1387 3773 1469 3836 είς
1518 3769 1749 3840 βασιλέα
1781 3768 1938 3838 ποιή-

361 3869 588 3933 σασθαι,
651 3869 793 3940 μετά
861 3868 961 3939 τὴν
1014 3867 1111 3921 τοῦ
1162 3866 1512 3937 πατριάρχου
1557 3860 1936 3932 ἐξενεχθεῖσαν

359 3963 664 4028 ἀπόφασιν,
699 3962 1027 4030 τιμωρεῖται
1057 3958 1201 4011 κατὰ
1226 3957 1318 4010 τὸν
1349 3957 1598 4024 παρόντα
1639 3951 1863 4006 κανόνα.

444 4055 504 4105 '0
526 4052 584 4108 δὲ
609 4058 694 4122 κη’
719 4052 828 4104 τῶν
853 4051 1027 4120 ἁγίων
1061 4049 1380 4104 ἀποστόλων
1405 4044 1586 4102 κανὼν
1629 4044 1723 4098 τὸν
1744 4042 1940 4097 καθαιο

366 4144 593 4214 ρεθέντα
625 4141 850 4206 δικαίως
887 4141 1207 4203 ἐπίσκοπον,
1244 4139 1277 4209 ἢ
1326 4137 1722 4208 πρεσϐύτερον,
1756 4135 1790 4206 ἢ
1820 4133 1938 4188 διά·

364 4255 545 4305 κονον,
572 4239 664 4290 ἐπὶ
693 4235 1006 4304 ἐγκλήμασι
1031 4234 1316 4302 φανεροῖς,
1342 4232 1437 4284 καὶ
1462 4229 1710 4300 ἅψασθαι
1734 4225 1935 4296 τολμή-

368 4346 540 4382 σαντα
576 4329 677 4398 τῆς
708 4323 1114 4396 ἀφαιρεθείσης
1164 4322 1313 4392 αύτῷ
1350 4319 1722 4390 λειτουργίας,
1777 4316 1938 4370 ἐκκό-

365 4419 601 4474 πτεσθαι
637 4420 962 4472 παντάπασι
985 4414 1204 4468 κελεύει
1242 4415 1339 4487 τῆς
1364 4410 1719 4481 Ἐκκλησίας,
1753 4408 1845 4462 διά
1876 4425 1938 4462 τε

2034 3226 2350 3296 quisquam,
2395 3222 2480 3276 his
2534 3219 2904 3287 contemptis,
2967 3211 3278 3282 imperatori
3342 3209 3602 3264 molestus

2033 3331 2154 3372 esse
2207 3329 2375 3370 ausus
2422 3313 2608 3376 fuerit,
2663 3312 2709 3366 is
2771 3306 3106 3363 delensionis
3157 3304 3341 3359 locum
3394 3301 3600 3355 nullum

2035 3410 2256 3473 habeat,
2314 3411 2406 3461 aut
2449 3420 2598 3475 spem
2651 3401 2852 3457 futurae
2900 3395 3284 3454 restitutionis.
3336 3391 3602 3460 Quamvis

2033 3504 2180 3558 enim
2213 3498 2360 3555 omni
2399 3498 2680 3561 damnato,
2724 3503 2777 3547 et
2811 3507 2869 3546 se
2909 3490 3106 3560 injuria
3156 3487 3300 3542 afﬁci
3332 3484 3601 3548 credenti,

2035 3594 2296 3650 Ecclesia:
2365 3588 2633 3645 auxilium
2697 3583 3068 3647 conceditur;
3145 3577 3406 3649 quoniam
3476 3590 3605 3630 vero

2035 3685 2472 3757 patriarcharum
2495 3678 2779 3737 sentcntiae
2800 3672 3151 3745 appellationi
3174 3686 3278 3725 non
3302 3669 3607 3739 subjiciun-

2037 3775 2258 3845 tur,qtti
2282 3781 2408 3845 post
2431 3773 2595 3826 latam
2620 3766 2944 3840 patriarcha:
2975 3762 3298 3820 sententiam
3329 3759 3397 3814 ad
3427 3773 3606 3827 regem

2036 3853 2454 3939 appellationem
2519 3861 2698 3916 facere
2751 3871 3007 3920 conatur,
3068 3853 3224 3925 juxta
3279 3861 3606 3923 praesentem

2035 3972 2303 4016 canonem
2341 3956 2586 4025 punitur.
3055 3983 3058 3986 η

2107 4048 2277 4104 Porro
2327 4053 2504 4102 sanet.
2555 4041 2783 4112 apostol.
2837 4054 2960 4096 can.
3007 4036 3078 4092 28
3116 4035 3472 4106 episcopum,
3517 4028 3606 4084 vel

2035 4140 2437 4214 presbyterum,
2471 4135 2553 4188 vel
2576 4133 2892 4197 diaconum,
2924 4130 3014 4198 qui
3046 4130 3193 4198 juste
3221 4125 3292 4179 ob
3316 4121 3607 4179 manifesta

2037 4232 2270 4288 crimina
2329 4225 2652 4298 depositus,
2741 4222 3106 4277 ministerium
3185 4217 3290 4272 sibi
3361 4215 3604 4268 ablatum

2038 4326 2303 4394 attingere
2358 4321 2575 4383 audeat,
2641 4317 2709 4372 ab
2769 4315 3014 4370 Ecclesia
3077 4311 3302 4367 omnino
3357 4306 3606 4364 abscindi

2036 4417 2212 4489 jubet,
2305 4421 2418 4467 tum
2481 4411 2550 4464 ob
2613 4423 2884 4465 summam
2954 4407 3095 4460 forte
3159 4399 3606 4473 impudentiam,

363 4512 526 4582 τυχὸν
544 4510 647 4581 τῆς
680 4508 973 4570 αὐθαδείας
995 4507 1059 4559 τδ
1089 4505 1301 4573 περιὸν,
1326 4505 1421 4558 καὶ
1452 4506 1538 4559 δτι
1571 4501 1750 4564 ἄλλως
1771 4501 1923 4554 κολα-

2046 4519 2160 4566 tum
2215 4504 2362 4578 quod
2414 4504 2526 4575 jam
2575 4503 2858 4572 depositus
2907 4501 3066 4555 aliter
3112 4493 3376 4554 canonice
3433 4490 3613 4563 puniri

367 4603 565 4672 σθῆναι
595 4599 902 4662 κανονικῶς
928 4600 1032 4652 οὐκ
1064 4598 1146 4652 ἔνι
1184 4598 1276 4650 τὸν
1302 4598 1406 4669 ἤδη
1439 4594 1866 4666 καθαιρεθέντα.

450 4692 510 4745 '0
539 4691 596 4745 δὲ
627 4692 702 4758 ξε]
728 4691 828 4759 τῆς
858 4691 917 4744 ἐν
979 4689 1334 4760 Καρθαγένῃ,
1387 4687 1616 4749 δικαίως
1672 4681 1940 4756 κληρικοῦ

367 4781 890 4843 καταδικασθέντος,
913 4778 1072 4848 φησὶ,
1095 4778 1234 4848 πρὸς
1261 4776 1356 4832 τοῦ
1386 4777 1589 4830 οἰκείου
1607 4775 1940 4838 ἐπισκόπου,

372 4872 578 4942 μηκέτι
601 4870 856 4940 ἐκκλήτῳ
879 4868 1076 4939 βοηθου
1085 4869 1276 4938 μένου,
1301 4866 1398 4920 τοῦ
1422 4862 1688 4935 κληρικοῦ
1712 4861 1938 4932 δηλαδὴ,

368 4968 497 5028 τοὺς
522 4967 669 5034 χειρὶ
703 4961 1045 5034 χρωμένους,
1102 4960 1198 5013 καὶ
1231 4957 1546 5020 κωλύοντας
1579 4956 1683 5026 τὴν
1703 4953 1946 5025 ὁρισθεῖ-

376 5042 478 5113 σαν
503 5057 627 5112 κατ’
681 5054 850 5109 αὐτοῦ
897 5054 1081 5123 ψῆφον
1111 5053 1205 5107 τὸν
1258 5052 1566 5105 ἐπίσκοπον
1597 5047 1942 5115 ἐπενεγκεῖν,

373 5149 644 5205 αίτεῖσθαι
672 5148 778 5218 χρὴ
806 5146 907 5214 τὴν
937 5144 1159 5198 σύνοδον
1189 5143 1325 5214 πρὸς
1358 5139 1454 5195 τοῦ
1482 5139 1752 5211 βασιλέως
1781 5137 1941 5208 ποινῇ

371 5245 597 5306 τούτους
629 5240 978 5309 χρηματικῇ,
1016 5238 1112 5291 καὶ
1145 5235 1438 5305 ἀφαιρέσει
1469 5235 1570 5305 τῆς
1602 5234 1769 5302 τιμῆς
1809 5230 1945 5284 ὕπο-

372 5329 688 5390 ϐάλλεσθαι,
723 5328 835 5379 εἴτε
861 5325 960 5396 τῆς
982 5325 1321 5395 Ἐκκλησίας
1354 5321 1464 5378 εἷεν
1495 5327 1546 5378 οῖ
1578 5322 1818 5376 τοιοῦτοι
1848 5321 1945 5392 δή-

373 5439 501 5488 που,
526 5422 637 5474 εῖτε
665 5419 762 5472 τοῦ
789 5419 944 5484 λαοῦ,
975 5417 1078 5472 κᾶν
1118 5419 1313 5482 ὁποίας
1343 5411 1448 5472 ὦσι
1477 5419 1571 5472 καὶ
1605 5415 1826 5488 ἡλικίας
1850 5417 1946 5469 καὶ

376 5521 614 5577 θύσεως.

453 5607 514 5659 Ὀ
544 5606 599 5659 δέ
625 5611 669 5658 ν’
693 5605 786 5659 καὶ
820 5605 931 5658 τῶν
961 5602 1285 5658 ἐπισκόπων
1316 5604 1444 5667 τοὺς
1475 5601 1551 5673 μὴ
1583 5604 1708 5665 ταῖς
1741 5602 1946 5672 ψήφοις

377 5699 796 5762 ὄποκύπτοντας
843 5700 943 5766 τῆς
983 5697 1206 5750 συνόδου
1242 5699 1308 5767 τῇ
1333 5695 1443 5749 τῶν
1479 5695 1763 5766 ἀρχόντων
1789 5695 1946 5760 ἐξου-

375 5792 472 5864 σίᾳ
508 5793 723 5848 κελεύει
746 5792 986 5848 δίδοσθαι
1007 5808 1024 5826 ο
1053 5789 1193 5861 πλὴν
1223 5789 1328 5846 οὐκ
1366 5773 1744 5858 ἔννομοντοὺς
1781 5789 1948 5858 ίερω-

2042 4609 2300 4659 nequeat.

2155 4618 2185 4654 u
2284 4639 2300 4654 .

2113 4618 2304 4750 ἓεῐῖζι
2334 4693 2496 4750 etiam
2527 4684 2597 4744 6'5
2624 4702 2746 4759 syn.
2779 4682 3000 4747 Cartlt.,
3026 4678 3084 4734 Si
3126 4675 3386 4741 clericus,
3415 4671 3614 4743 inquit,

2044 4801 2076 4842 a
2133 4786 2354 4858 proprio
2407 4784 2668 4854 episcopo
2718 4777 2866 4845 juste
2922 4771 3203 4842 depositus
3263 4767 3458 4826 fuerit,
3514 4777 3617 4818 nec

2046 4877 2428 4951 appellationis
2457 4873 2720 4929 auxiliqu
2769 4869 2966 4923 habeat
3032 4865 3135 4918 iste
3165 4859 3420 4923 clericus,
3453 4869 3619 4926 syno-

2046 4973 2149 5029 dus
2193 4986 2221 5024 a
2267 4983 2393 5038 rege
2436 4964 2692 5037 postulet,
2743 4967 2802 5013 ut
2849 4959 2942 5026 qui
2989 4951 3229 5024 potentia
3287 4956 3519 5004 utuntur
3563 4954 3619 5001 et

2047 5035 2360 5131 episcopum
2397 5035 2660 5126 prolatam
2689 5057 2875 5104 contra
2929 5060 3052 5100 eum
3103 5040 3429 5098 sententiam
3474 5035 3621 5091 inlli-

2049 5173 2176 5228 κοτε
2231 5169 2339 5210 non
2399 5152 2628 5211 sinunt,
2666 5159 2842 5217 poenae
2899 5136 3230 5212 pecuniaria:
3289 5140 3345 5186 et
3398 5127 3623 5184 honoris

2049 5219 2335 5316 privationi
2401 5239 2814 5308 subjiciuntur,
2877 5233 2995 5289 sive
3058 5230 3168 5283 sint
3236 5219 3620 5284 ecclesiastici,

2049 5308 2166 5390 sive
2211 5331 2373 5398 laici,
2409 5338 2464 5386 et
2512 5326 2894 5397 cujuscunque
2945 5318 3118 5376 mtatis
3157 5315 3241 5372 vel
3289 5308 3622 5370 conditionis

2048 5424 2275 5482 fuerint.

2114 5603 2345 5671 Insuper
2374 5613 2501 5654 can.
2539 5596 2608 5651 50
2637 5595 2944 5666 episc0pos,
2984 5588 3077 5660 qui
3109 5583 3301 5658 synodi
3334 5579 3625 5637 sententiis

2051 5709 2161 5750 nou
2201 5709 2262 5749 se
2319 5691 2670 5754 submittunt,
2720 5688 2772 5742 in
2823 5684 3241 5752 magistratuum
3300 5679 3626 5746 potestatem

2053 5787 2268 5844 tradere
2313 5783 2501 5848 iubet;
2537 5794 2721 5838 verum
2767 5778 2974 5849 justum
3031 5786 3140 5828 non
3191 5778 3296 5838 cst,
3317 5777 3376 5825 ut
3429 5762 3629 5822 sacrati
