1996 3204
240 169 311 202 2255

832 168 1017 200 HATTHIEI
1037 167 1250 199 BLASTARIS

1774 165 1828 198 l256

238 226 306 254 hens
320 234 327 252 :
341 235 351 251 ι
372 225 476 254 Doceat;
497 232 593 254 servos
620 225 679 254 suis
695 225 814 254 dominis
827 227 938 262 subjici,
955 231 983 254 et
998 227 1024 254 in

1082 225 1171 260 γεσίας
1180 222 1443 260 ἀντιλαμϐανόμενα
1452 230 1460 239 ·
1474 231 1485 249 ι
1498 221 1545 249 καὶ
1560 222 1627 257 πρὸς
1640 221 1683 249 τὺν
1691 222 1755 250 θεῖον
1767 224 1830 251 αὖθις

236 272 366 299 omnibus
384 271 453 299 bene
470 271 610 306 placentes
625 279 699 304 esse,
719 279 773 300 non
791 273 1022 306 contradicentes.

238 325 294 345 non
309 322 478 353 arrogantes,
495 316 544 345 sed
570 317 651 346 ﬁdem
674 325 786 346 omnem
810 314 910 346 bonam
924 322 1021 346 osten-

238 362 344 392 dentes.
368 371 378 389 ι

274 454 370 482 Canon
394 462 458 481 vero
478 454 513 481 82
533 457 623 481 sanet.
648 457 738 488 apost.
764 460 873 480 omnem
901 452 1023 480 scandali

241 501 415 528 occasionem
432 501 542 531 tollens,
556 507 610 526 non
629 500 764 534 permittit
779 507 887 527 servutn
901 499 960 527 sine
974 498 1025 525 do-

242 545 308 573 mini
323 546 401 573 venia
418 546 445 572 in
471 545 573 572 clerum
602 544 737 579 provehi;
767 545 818 572 hoc
842 545 914 571 enim
942 545 1026 571 totius

244 592 394 625 aliquando
410 591 508 618 domus
530 591 639 618 eversio
656 590 695 621 lit.
716 594 742 617 et
758 590 910 617 molestiam
936 597 962 617 et
976 591 1027 617 tri-

245 638 349 666 stitiam
366 637 477 664 domino
498 637 554 663 dat.
571 637 617 663 Vel
644 637 714 663 enim
733 644 827 663 Servus
856 637 908 663 iste
931 637 1027 664 domus

244 688 406 717 procurator
419 687 489 714 erat,
505 682 547 709 vel
569 683 689 709 tabernae
707 683 879 717 praepositus,
903 688 930 709 ct
947 683 1027 717 cujus

245 728 306 755 ﬁdei
319 728 429 754 credita:
441 732 518 754 erant
531 728 653 762 pecuni:e
668 728 700 754 ad
715 728 937 762 negotiationem.
949 728 1026 760 Quod

245 774 268 801 si
288 782 384 801 servus
412 773 497 808 gradu
519 781 599 800 sacro
638 773 736 806 dignus
762 774 944 804 existimetur.
973 774 1030 807 epi-

251 827 365 854 scopum
384 819 457 845 deeo
481 818 588 852 negotio
612 826 674 845 cum
691 818 802 845 domino
826 819 1029 846 communicare

246 869 363 899 oportet.
381 869 407 891 et
429 865 452 891 si
477 865 500 890 is
515 864 699 894 consenserit,
718 871 826 891 servum
844 871 939 890 secure
952 863 1028 889 ordi-

247 919 323 938 nare.
351 911 463 944 Magnus
489 911 589 936 etenim
624 910 725 936 Paulus
746 908 920 940 Ouesimutn,
942 900 1068 935 Phile-B

247 957 339 985 monis
355 963 476 987 servum,
492 956 571 989 cujus
589 954 771 981 ministerium
794 954 845 981 sibi
871 954 936 981 utile
956 954 1030 989 judi‘

247 1003 338 1034 cabat,
357 1002 416 1028 sine
439 1001 542 1027 domini
566 1001 705 1027 voluntate
720 1000 843 1027 detinere
861 1000 959 1032 noluit,
983 1000 1030 1028 sed

247 1049 336 1083 ipsum
348 1047 381 1074 ad
395 1047 580 1074 Philemonem
599 1045 715 1072 remisit.

283 1150 400 1184 Insuper
427 1148 445 1175 4
467 1156 529 1175 catt.
561 1156 588 1175 tv
611 1155 670 1183 syn.
694 1146 929 1174 excommunicari
954 1146 1033 1181 jubet

251 1203 314 1224 eum
348 1195 394 1230 qui
410 1201 519 1221 servum
543 1193 570 1220 in
586 1192 782 1219 monasterium
803 1192 909 1226 recipit,
927 1196 957 1219 ut
972 1200 1032 1219 mo-

253 1242 361 1269 nachus
377 1241 434 1272 liat,
450 1241 510 1267 sine
524 1239 627 1274 proprii
644 1238 748 1266 domini
764 1239 855 1265 venia.

596 1284 686 1319 Leges.

286 1332 340 1359 Lex
358 1332 392 1359 ad
411 1331 481 1359 servi
495 1330 645 1357 libertatem
660 1329 873 1362 sullicere'dicit,
884 1329 956 1364 qttod
967 1329 1035 1356 sciat

251 1379 380 1406 dominus
404 1385 467 1404 eum
485 1377 512 1403 in
529 1377 632 1404 clerum
659 1375 795 1410 cooptari,
812 1380 838 1403 et
856 1383 909 1402 non
925 1380 1036 1402 contra-

253 1425 337 1452 dicat.

286 1469 398 1497 Novella
414 1474 504 1496 autem
520 1468 621 1496 Leonis
632 1467 781 1501 Sapientis,
805 1466 916 1499 Servus,
935 1466 1033 1501 inquit,

250 1516 297 1549 qui
312 1516 339 1542 in
353 1516 455 1542 elerum
477 1518 620 1549 promotus
645 1518 686 1540 est
715 1513 855 1540 nesciente
875 1512 994 1543 domino,
1009 1515 1036 1539 et

251 1560 297 1595 qui
315 1561 478 1592 monachus,
497 1560 538 1586 vcl
555 1560 701 1594 episcopus
729 1559 768 1589 lit,
788 1557 821 1585 ad
842 1557 960 1592 priorem
987 1556 1070 1602 do-C

253 1607 357 1633 minum
388 1606 491 1633 invitus
516 1609 676 1636 revertatur,
704 1604 773 1631 nihil
801 1603 836 1630 ab
863 1603 1034 1630 ordinatione

251 1651 371 1685 adjutus.
387 1649 519 1677 Dominus
546 1654 636 1676 autem
656 1648 797 1676 indeﬁnite
819 1655 881 1675 eum
907 1655 1035 1674 revocare

251 1696 355 1731 nequit,
373 1696 419 1723 sed
436 1696 508 1722 intra
530 1695 716 1728 triennium,a
734 1699 855 1729 tempore
867 1700 924 1729 quo
932 1693 1033 1720 factum

252 1742 406 1774 resciverit,
421 1742 633 1769 numerandum.

286 1829 470 1856 Personarum
488 1829 576 1864 prima
589 1830 689 1858 divisio
702 1829 760 1857 haec
777 1833 819 1857 cst
831 1838 838 1857 :
855 1828 980 1856 homines
990 1827 1034 1855 alii

252 1880 317 1902 sunt
334 1875 423 1905 liberi.
441 1875 487 1902 alii
511 1880 601 1902 autem
620 1876 712 1908 servi;
738 1880 766 1902 et
791 1875 904 1902 libertas
926 1874 1035 1909 quidem

251 1920 399 1954 est,|108
408 1921 523 1948 facultas
534 1921 667 1948 naturalis
677 1921 789 1947 cuilibet
798 1927 929 1948 concessa
940 1919 1036 1954 agendi

252 1973 313 1998 qlle
331 1966 406 1996 velit,
423 1966 475 1992 nisi
488 1966 530 1993 lex
543 1966 584 1993 vel
604 1967 644 1993 vis
658 1966 797 2000 impediat.
811 1966 933 1993 Servitus
945 1970 1034 1992 autem

252 2015 295 2037 est
319 2010 385 2046 legis
404 2012 519 2038 ethnicaa
550 2016 575 2039 et
599 2012 668 2046 juris
686 2012 748 2038 belli
759 2011 871 2038 ellectus
887 2019 894 2043 ;
913 2019 959 2045 per
974 2018 1034 2039 eam

252 2057 352 2090 aliquis
368 2057 481 2085 alterius
490 2058 614 2092 potestati
631 2057 791 2091 subjicitur;
805 2057 877 2092 quod
892 2057 942 2091 legi
957 2061 1037 2084 natu~

253 2102 302 2128 rali
328 2104 495 2130 contrariunt
517 2107 570 2131 est.
597 2102 700 2130 Natura
727 2102 797 2130 enim
823 2110 918 2130 omnes
937 2103 1036 2130 liberos

252 2148 390 2182 produxit.

289 2192 395 2220 Rursus
407 2193 487 2221 liberi
502 2194 665 2222 dividuntur
680 2194 836 2229 dupliciter,
852 2194 879 2221 in
893 2193 1034 2227 ingenuos,

1073 270 1154 298 Τίτον
1163 278 1171 286 ε
1185 279 1196 296 ι
1213 270 1331 297 Δίδασκε
1342 269 1453 301 δούλους
1469 269 1580 300 οἰκείοις
1591 269 1727 301 δεσπόταις
1735 269 1834 297 ὑποτάσ-

1075 316 1179 346 σεσθαι,
1191 315 1239 342 καὶ
1254 315 1283 342 ἑν
1294 315 1377 343 πᾶσιν
1388 314 1553 348 εὐαρέστους
1564 311 1642 346 εἶναι,
1654 313 1690 349 μὴ
1703 314 1833 348 ἀντιλεγονο

1073 371 1135 394 τας.
1147 362 1185 398 μὴ
1199 362 1420 398 νοσφιζομένους,
1435 360 1503 388 ἀλλὰ
1516 361 1607 388 πίστιν
1617 361 1705 388 πᾶσαν
1719 361 1835 402 Msz

1077 409 1174 443 μένους
1190 409 1306 443 ἀγαθήν.
1322 416 1331 434 t

1119 455 1147 481 '0
1160 455 1188 482 δὲ
1204 455 1249 490 πβ¹
1265 454 1320 481 τῶν
1331 453 1416 488 ἁγίων
1431 453 1603 483 ἀποστόλων.
1616 453 1702 480 πᾶσαν
1716 452 1836 488 πρόφασιν

1078 500 1226 527 σκανδάλου
1241 500 1403 534 περιωρῶν,
1428 499 1479 526 οὐκ
1507 498 1648 533 ἐπιτρέπει
1668 497 1755 525 δοῦλον
1771 497 1838 523 ἁλλό-

1077 554 1152 580 τριον
1167 546 1242 580 παρὰ
1257 545 1371 579 γνώμην
1383 544 1431 571 τοῦ
1447 544 1578 571 δεσπότου
1603 542 1774 579 κληροῦσθαι·
1786 543 1838 570 ὅλου

1077 591 1132 626 γὰρ
1149 591 1224 617 οἴκου
1237 590 1379 625 ἀνατροπὴ
1393 590 1450 617 ἐσθ’
1464 591 1509 616 ὅτε
1524 590 1630 624 γίνεται
1643 588 1727 621 τοῦτο,
1741 588 1785 615 καὶ
1798 587 1838 614 λύ-

1079 645 1133 670 πης
1146 637 1192 663 καὶ⁵
1203 637 1314 671 ἀτιμίας
1331 636 1417 666 αίτιον
1425 635 1464 671 τῷ
1475 635 1602 670 δεσπότῃ.
1614 635 1650 661 Ἦ
1662 635 1714 669 γὰρ
1724 633 1767 660 τοῦ
1777 633 1840 660 οἴκου

1077 682 1172 709 τοῦτον
1186 679 1244 717 εἷχε
1256 682 1404 717 διοικητὴν,
1418 683 1434 716 ἢ
1450 681 1632 716 ἐργαστηρίου
1653 679 1840 716 προϊστάμενον,

1078 729 1095 763 ἦ
1111 729 1241 763 χρήματα
1257 729 1295 760 είς
1316 727 1451 763 ἐμπορίαν
1469 727 1645 755 πεπίστευτο.
1668 726 1700 754 Ei.
1711 725 1739 753 δὲ
1747 725 1813 759 ἄξιος
1830 725 1842 752 ό

1078 775 1188 809 οἰκέτης
1216 775 1355 810 ἱερατικοῦ
1379 775 1488 810 κριθείη
1508 773 1624 809 βαθμοῦ,
1638 771 1785 800 κοινοῦσθαι
1798 770 1842 807 χρὴ

1079 820 1124 846 τὸν
1137 821 1286 847 ἐπίσκοπον
1302 820 1335 847 τὰ
1364 821 1426 854 περὶ
1455 819 1540 847 αὑτοῦ
1563 819 1602 854 τῷ
1625 817 1748 853 δεσπότῃ,
1773 816 1844 854 κσὶιί

1081 867 1207 893 κάκεῖνον
1234 866 1310 901 σχοίη
1338 866 1508 901 πειθόμενον,
1534 865 1699 900 χειροτονεῖν
1713 862 1791 894 ἀδεῶς
1807 862 1844 888 τδν

1082 912 1200 946 οἰκέτην.
1218 913 1273 939 Καὶ
1289 913 1302 938 ό
1318 914 1404 946 μέγας
1429 912 1484 947 γὰρ
1511 911 1618 942 Παῦλος
1636 910 1681 937 τὸν
1704 909 1843 944 Ὀνήσιμον.

1080 957 1172 984 δοῦλον
1185 957 1249 984 ὅντα
1261 958 1424 992 Φιλήμονος,
1437 957 1483 985 καί
1500 965 1542 983 τοι
1554 957 1706 992 οῦχρηστον
1717 953 1786 988 αὐτῷ
1797 961 1846 988 κριι

1081 1003 1160 1030 θέντα
1179 1003 1220 1034 είς
1232 1003 1380 1034 διακονίαν,
1393 1003 1469 1036 ὅμως
1487 1003 1552 1030 ἄνευ
1569 1001 1682 1037 γνώμης
1697 1000 1742 1028 τοῦ
1762 998 1845 1027 διαπό-

1080 1057 1127 1074 του
1144 1049 1269 1083 κατέχειν
1284 1049 1332 1075 οὐκ
1342 1048 1411 1084 ᾤετο
1422 1049 1488 1081 δετν,
1499 1047 1556 1075 ἀλλ’
1569 1046 1692 1082 επεμψεν
1705 1045 1780 1074 αὐτὸν
1789 1044 1845 1080 πρὸς

1080 1094 1230 1127 Φιλήμονα.

1124 1139 1153 1166 '0
1169 1140 1197 1166 δὲ
1211 1140 1231 1167 δ’
1248 1140 1297 1176 τῆς
1315 1141 1449 1174 τετάρτης
1475 1140 1586 1167 συνόδου
1613 1139 1662 1166 καὶ
1686 1134 1847 1171 ἀκοινώνητον

1083 1184 1153 1213 εἶναι
1178 1186 1285 1213 κελεύει
1299 1189 1344 1213 τὸν
1363 1187 1507 1221 δεχόμενον
1518 1186 1559 1217 είς
1579 1184 1757 1220 μοναοτήριον
1770 1181 1847 1209 δοῦλον

1084 1232 1130 1259 ἐπὶ
1143 1232 1181 1267 τῷ
1200 1232 1316 1267 μονάσαι
1336 1232 1413 1267 παρὰ
1429 1232 1544 1266 γνώμην
1557 1230 1608 1257 τοῦ
1627 1229 1693 1257 ἰδίου
1707 1227 1832 1255 δεσπότου.

1425 1279 1527 1311 Νόμοι.

1127 1323 1157 1351 '0
1190 1324 1219 1351 δὲ
1245 1324 1326 1359 νόμος
1349 1324 1444 1360 ἀρκεῖν
1471 1324 1511 1355 εὶς
1541 1322 1702 1358 ἐλευθερίαν
1727 1322 1789 1358 φησὶ
1809 1319 1848 1348 τοῦ

1085 1369 1178 1396 δούλου
1207 1370 1237 1396 τὸ
1257 1370 1357 1401 εἰδότος
1371 1371 1419 1396 τοῦ
1436 1369 1567 1397 δεσπότου
1593 1370 1642 1397 καὶ
1658 1370 1697 1405 μὴ
1712 1367 1848 1403 ἀντιλέγον-

1085 1424 1140 1447 τος,
1154 1414 1193 1450 τῷ
1208 1416 1301 1451 κλήρῳ
1316 1415 1397 1442 αὑτὸν
1417 1415 1614 1448 καταλεγῆναι.

1127 1462 1160 1488 Ἦ
1173 1461 1202 1488 δὲ
1219 1461 1305 1495 νεαρὰ
1326 1461 1373 1488 τοῦ
1385 1461 1467 1495 σοφοῦ
1482 1461 1612 1493 Λέοντος,
1628 1461 1681 1487 Τὸν
1695 1457 1850 1495 κληρωθιντα

1085 1507 1188 1539 δοῦλον,
1203 1507 1297 1542 φησὶν,
1325 1507 1485 1542 ἀγνοοῦντος
1511 1506 1559 1533 τοῦ
1576 1507 1719 1537 δεσπότου,
1731 1505 1794 1533 ἀλλὰ
1807 1503 1851 1539 μὴν

1087 1554 1133 1581 καὶ
1150 1554 1196 1581 τὸν
1217 1553 1382 1589 μονάσαντα,
1396 1553 1500 1580 καὶτὸν
1516 1554 1650 1588 γεγονότα
1661 1549 1850 1586 intumuerat}

1086 1599 1211 1635 προτέρῳ
1225 1599 1342 1635 δεσπότῃ
1371 1599 1417 1626 καὶ
1433 1599 1536 1626 ἄκοντα
1550 1598 1793 1629 ἀποκαθίστασθαι,
1806 1603 1850 1631 μη-

1086 1646 1131 1673 δὲν
1142 1646 1190 1681 τῆς
1207 1646 1375 1681 χειροτονίας
1391 1645 1576 1680 ἀπονάμενον.
1606 1646 1646 1672 Οὺ
1661 1645 1714 1680 μὴν
1728 1643 1853 1679 ἀπροσδιο-

1087 1693 1187 1728 ρίστως
1212 1692 1326 1720 δύναται
1348 1693 1363 1718 ό
1392 1692 1526 1727 δεσπότης
1542 1691 1741 1719 ἀνακαλεῖσθαι
1762 1689 1851 1720 τοῦτον,

1086 1738 1143 1765 ἀλλ’
1168 1738 1244 1769 ἐντὸς
1268 1739 1391 1773 spatia:
1410 1738 1478 1773 μετὰ
1503 1737 1533 1765 τδ
1549 1737 1643 1764 λαϐεῖν
1671 1738 1750 1764 αὑτὸν
1764 1737 1852 1772 εἴδησιν

1086 1783 1133 1810 τοῦ
1146 1792 1287 1817 γεγονοτος
1302 1783 1520 1819 ἀριθμουμένης.

1126 1829 1160 1856 Ἦ
1172 1830 1226 1856 τῶν
1239 1829 1393 1867 προσώπων
1402 1830 1480 1865 ἄκρα
1490 1829 1625 1863 διαίρεσις
1637 1831 1707 1865 αὕτη
1720 1830 1790 1856 ἐστίν
1799 1836 1806 1845 '
1819 1828 1853 1856 ὅτι

1086 1875 1140 1901 τῶν
1152 1874 1303 1909 ἀνθρώπων
1321 1875 1345 1901 οἱ
1359 1875 1408 1910 μέν
1424 1875 1494 1902 εἰσιν
1510 1875 1662 1910 ἐλεύθεροι,
1678 1876 1703 1902 οἱ
1718 1876 1745 1902 δὲ
1759 1873 1835 1901 δοῦλοι
1845 1881 1852 1888 ·

1086 1921 1133 1947 καὶ
1148 1920 1289 1954 ἐλευθερία
1301 1921 1350 1955 μέν
1377 1921 1452 1948 ἐστιν
1478 1921 1605 1956 εὐχέρεια
1620 1921 1734 1957 φυσικὴ,
1762 1919 1853 1953 ἑκάστῳ

1088 1966 1266 2001 συγχωροῦσα
1282 1967 1412 2001 πράττειν
1422 1967 1441 1995 ἃ.
1454 1967 1588 2002 βούλεται,
1604 1969 1630 1996 εί
1645 1969 1682 2003 μὴ
1697 1966 1800 2003 νόμοςῆ
1817 1965 1854 2001 βία

1088 2012 1187 2039 κωλύει
1198 2020 1204 2026 ·
1220 2012 1326 2039 δουλεία
1342 2013 1372 2039 δέ
1399 2013 1475 2040 ἔστιν
1502 2013 1612 2041 ἔθνικοῦ
1625 2015 1709 2049 νόμου
1732 2012 1854 2040 διατύπω-

1088 2067 1131 2090 σις
1154 2059 1202 2085 καὶ
1218 2059 1345 2093 πολέμων
1361 2059 1479 2092 ἐπίνοια,
1493 2058 1524 2092 ὲξ
1538 2056 1571 2095 ἧς
1586 2068 1629 2092 τις
1643 2057 1852 2091 ὕποὸάλλεταιτῇ

1087 2104 1182 2138 ἑτέρου
1210 2104 1367 2139 δεσποτεία,
1380 2104 1550 2136 ὑπεναντίως
1574 2105 1624 2132 τοῦ
1643 2103 1758 2140 φυσικοῦ
1767 2103 1853 2139 νόμουο

1087 2150 1104 2185 ἡ
1114 2150 1167 2185 γὰρ
1180 2149 1260 2184 φύσις
1276 2149 1380 2180 πάντας
1391 2149 1552 2186 ἐλευθέρους
1561 2150 1734 2186 προήγαγεν.

1123 2196 1209 2223 Πάλιν
1223 2196 1248 2222 οἱ
1275 2196 1412 2231 ἐλεύθεροι
1425 2196 1595 2231 διαιροῦνται
1610 2198 1651 2228 είς
1661 2197 1720 2228 δύο,
1733 2197 1772 2228 είς
1787 2195 1855 2229 εὔγε-

252 2243 279 2264 et
294 2238 417 2265 libertos.
430 2239 463 2265 Et
481 2239 616 2274 ingenuus
634 2239 745 2273 quidem
761 2245 813 2269 est,
832 2238 878 2273 qui
893 2238 986 2265 statim
1002 2244 1033 2264 ac

1088 2242 1143 2271 νεϊς
1161 2241 1209 2267 καὶ
1236 2241 1444 2276 ἀπελευθέρους.
1476 2241 1532 2267 Καὶ
1548 2241 1666 2277 εὖγενὴς
1693 2241 1743 2277 μέν
1767 2239 1855 2267 ἐστινό

253 2288 334 2310 natus
354 2287 406 2316 est,
432 2284 500 2311 liber
515 2285 632 2317 exsistit,
648 2291 675 2312 et
688 2284 830 2312 servitutis
842 2284 938 2318 jugum
964 2291 1035 2309 nun-

252 2336 334 2363 quam
353 2330 489 2364 gustavit;
505 2330 620 2358 libertus
636 2338 709 2364 vero,
730 2330 777 2365 qui
790 2338 822 2358 ex
837 2337 917 2357 servo
936 2336 1035 2356 manu-

251 2375 337 2401 misso
351 2380 432 2402 natus
448 2380 500 2404 est.

286 2420 381 2448 Potest
395 2422 495 2456 aliquis
513 2430 624 2449 servum
639 2429 719 2449 suum
734 2422 937 2455 manumittere,
951 2424 994 2450 vel
1007 2423 1034 2451 in

251 2467 434 2494 sanctissimis
454 2468 593 2500 ecclesiis,
612 2469 653 2495 vel
668 2476 759 2495 coram
777 2468 903 2502 praeside,
931 2469 971 2495 vel
989 2476 1035 2496 co-

252 2519 309 2538 ram
337 2513 434 2540 amicis
461 2513 583 2547 quinque
612 2514 645 2540 ad
669 2514 720 2540 hoc
736 2514 853 2546 vocatis,
876 2514 918 2542 vel
948 2515 1035 2542 tribus

251 2559 500 2592 subscribeutibus,
515 2560 556 2587 vel
573 2568 621 2595 per
637 2561 753 2593 litteras,
766 2561 808 2588 vel
819 2561 845 2587 in
856 2566 1035 2596 testamento,

251 2604 293 2630 vel
313 2612 477 2639 quacunque
500 2612 622 2633 extrema
643 2607 792 2634 voluntate.
821 2606 853 2633 Et
874 2607 896 2634 si
924 2615 1034 2635 servutn

250 2657 331 2676 suum
349 2658 473 2684 personae
495 2651 588 2678 libera:
614 2652 715 2686 iunxit,
734 2653 775 2679 vel
792 2661 854 2679 eum
873 2658 969 2687 praeter
986 2661 1035 2681 vo-

250 2695 384 2723 luntatem
399 2705 476 2724 suam
488 2698 614 2731 junctum
627 2699 753 2731 audiens,
773 2699 798 2725 id
813 2699 941 2733 patiatur.

287 2741 388 2768 Servus
400 2743 446 2776 qui
458 2743 562 2770 sciente
585 2744 733 2771 dominoin
749 2744 875 2771 militiam
891 2745 950 2772 abit
975 2752 1034 2772 ma-

250 2786 420 2813 numittitur.

286 2831 337 2863 Qui
353 2832 454 2859 caedem
470 2831 572 2860 domini
593 2833 636 2864 sui
652 2833 768 2870 indicat.
785 2835 1032 2868 manumissionem

254 2874 352 2904 habeat
369 2885 419 2913 pro
437 2878 560 2914 praemio.

1084 2287 1186 2318 εὐθέως
1208 2286 1267 2321 ἅμα
1283 2286 1322 2321 τῷ
1341 2286 1470 2321 τεχθῆναι
1485 2286 1630 2322 ἐλεύθερος
1654 2286 1704 2318 ὢν,
1722 2287 1769 2314 καὶ
1781 2286 1853 2321 μήπω

1085 2331 1132 2358 τοῦ
1148 2331 1231 2366 ζυγοῦ
1257 2332 1308 2366 τῆς
1331 2332 1454 2363 δουλείας
1480 2332 1669 2368 γευσάμενος”
1688 2332 1855 2367 ἀπελεύθερος

1084 2378 1113 2405 δὲ
1129 2378 1142 2404 ό
1158 2379 1189 2404 ὲκ
1204 2377 1297 2404 δούλου
1311 2378 1540 2412 ἐλευθερωθέντος
1553 2379 1709 2414 γεννηθείς.

1121 2424 1237 2450 Δύναταί
1261 2432 1304 2455 τις
1332 2424 1492 2460 ἐλευθεροῦν
1513 2425 1560 2452 τὸν
1577 2425 1678 2452 ἑαυτοῦ
1694 2424 1784 2453 δοῦλον
1805 2423 1857 2458 ἢέν

1086 2471 1146 2501 ταῖς
1172 2469 1341 2503 ἁγιωτάταις
1366 2470 1538 2504 ἐκκλησίαις,
1552 2470 1569 2506 ἢ
1584 2471 1633 2496 ἐπὶ
1644 2469 1806 2506 ἄρχοντος,ἢ
1819 2468 1856 2494 ἐπὶ

1086 2517 1171 2551 φίλων
1184 2516 1265 2542 πέντε
1282 2516 1329 2543 ἐπὶ
1339 2515 1418 2542 τοῦτο
1432 2516 1671 2551 προσκληθέντων,
1689 2516 1706 2551 ἢ
1723 2517 1770 2543 καὶ
1787 2514 1857 2549 μέχρι

1085 2561 1168 2596 τριῶν
1193 2562 1441 2597 ἁπογραφομένων,
1455 2560 1472 2596 ἣ
1485 2561 1519 2588 δι’
1534 2561 1692 2596 ἐπιστολῆς,
1706 2561 1723 2597 ἢ
1737 2561 1765 2587 ὲν
1776 2558 1856 2593 διαθὴ-

1087 2615 1134 2643 κῃ,
1147 2607 1164 2642 ἢ
1181 2608 1210 2633 ὲν
1223 2607 1372 2642 οίᾳδήποτε
1386 2606 1529 2643 τελευταίᾳ.
1541 2607 1680 2643 βουλήσει.
1695 2608 1750 2634 Καὶ
1764 2606 1808 2633 ἐὰν
1820 2605 1857 2631 τὸν

1087 2653 1151 2679 ῐόιον
1164 2653 1255 2679 δοῦλον
1271 2652 1408 2686 ἐλευθέρῳ
1423 2652 1563 2688 προσώπῳ
1580 2652 1676 2688 ζεύξῃ,
1688 2653 1706 2688 ἦ
1718 2651 1790 2687 παρά
1798 2649 1858 2684 γνώ-

1088 2707 1143 2733 μην
1160 2697 1243 2724 αὺτοῦ
1257 2697 1443 2731 ζευγνύμενον
1459 2697 1581 2729 ἀκούσας
1599 2698 1764 2733 ἀνάσχηται.

1124 2743 1221 2774 Δοῦλος
1234 2743 1448 2778 στρατευόμενος
1460 2742 1564 2778 usque.
1575 2742 1622 2770 τοῦ
1631 2743 1732 2770 οἰκείου
1741 2741 1856 2770 δεσπότου

1088 2788 1291 2824 ἐλευθεροῦται.

1131 2835 1160 2860 ’0
1176 2834 1290 2869 μηνύων
1305 2833 1352 2861 τὸν
1379 2834 1459 2870 φόνον
1486 2835 1535 2862 τοῦ
1551 2835 1654 2864 οίκιίου
1667 2834 1794 2869 δεσπότου
1815 2831 1857 2868 τήν

1090 2880 1247 2916 ἐλευθερίαν
1263 2879 1348 2915 ἐχέτω
1373 2881 1410 2913 ὼς
1426 2880 1553 2910 ἔπαθλον.
