3992 6420
343 316 479 381 1257

1333 315 1743 386 SYNTAGMA
1782 313 2404 383 ALPHABETICUM.
2439 339 2510 356 -
2531 316 2601 378 Ε.

3467 311 3607 378 1253

408 424 605 491 Ποινὰς
640 427 930 497 ὑφίσταται
959 429 986 483 6
1033 429 1401 504 ἀπελεύθερος
1458 435 1536 505 μὴ
1583 435 1761 505 τιμῶν
1789 434 1916 497 τοὺς

2086 430 2290 487 Poenas
2320 431 2414 486 dat
2446 429 2676 485 libertus
2703 429 2796 501 qui
2820 428 3034 500 patroni
3067 428 3152 486 sui
3192 426 3331 485 ﬁlios
3358 440 3472 483 non
3509 428 3614 480 lio-

334 519 533 582 παῖδας
562 519 656 574 τοῦ
692 520 823 575 ίδίου
859 521 1147 593 πάτρωνος
1173 538 1188 553 ⁸
1215 525 1243 578 6
1272 525 1329 579 δὲ
1361 526 1604 599 ὑϐρίζων
1656 525 1921 581 καταδου-

2046 530 2207 577 torat.
2236 520 2339 587 Qui
2371 535 2502 576 vero
2536 535 2632 575 eos
2681 519 3016 576 contumelia
3041 519 3226 584 adicit,
3268 528 3330 575 ut
3355 520 3606 593 ingratus

332 610 522 665 λοῦται
562 612 656 666 ὑπ’
687 612 854 667 αὐτοῦ
888 614 965 678 ὡς
988 615 1310 686 ἀχάριστος.

407 703 513 756 Τὸν
554 704 856 775 πενόμενον
904 704 1168 776 πάτρωνα
1207 705 1586 775 ἀναγκάζεται
1617 707 1842 778 τρέφειν
1894 708 1922 760 6

335 794 725 866 ἀπελεύθερος.

592 886 845 941 ΚΕΦΔΛ.
899 886 978 940 ΙΒ’
1016 885 1191 960 ΙῐΔ⁰].
1241 886 1379 957 Περὶ
1410 884 1666 956 δωρεῶν.

1020 980 1231 1048 Νόμοι.

410 1071 570 1124 Πᾶσα
589 1070 771 1142 δωρεά
809 1070 992 1124 τελεία
1014 1072 1288 1142 γενομένη
1324 1071 1424 1126 οὐκ
1451 1070 1847 1144 ἀνατρέπεται,
1872 1069 1922 1123 εί

339 1163 416 1235 μὴ
451 1165 509 1230 ἐξ
540 1164 893 1236 ἀχαριστίας.

422 1256 551 1309 Ἐὰν
575 1258 604 1310 6
631 1257 731 1327 τὴν
764 1256 975 1328 δωρεάν
997 1254 1237 1327 εἰληφὼς
1299 1256 1596 1328 ἀχάριστος
1627 1254 1768 1325 ὀφθῇ
1794 1256 1924 1325 περί⁵

338 1348 430 1401 τὸν
463 1346 877 1419 δωρησάμενον,
926 1347 1144 1409 σκαιαῖς
1188 1345 1313 1399 κατ’
1369 1345 1537 1401 αὐτοῦ
1573 1343 1923 1416 χρησάμενος

339 1439 588 1509 ὕϐρεσιν,
614 1437 647 1508 ἢ
671 1441 863 1507 χεῖρας
894 1438 1117 1502 ἀδίκους
1142 1438 1421 1512 ἐπαγάγῃ,
1453 1437 1487 1508 ἢ
1523 1436 1729 1507 ζημίαν
1765 1436 1922 1506 μεγί-

341 1549 476 1602 στην
500 1532 797 1602 ἐπενέγκῃ,
829 1530 862 1602 ἣ
890 1530 973 1595 είς
992 1532 1092 1600 τὴν
1119 1530 1263 1602 ζωὴν
1297 1523 1690 1602 ὲπῗϐουλεύσῃ,
1711 1529 1744 1601 ἢ
1768 1529 1836 1582 τὰ
1864 1529 1923 1582 ὲν

337 1629 405 1697 τῇ
432 1625 610 1695 δωρεᾷ
631 1623 810 1677 πάντα
839 1622 952 1677 είτε
974 1624 1272 1696 ἐγγράφως
1300 1620 1334 1694 ἢ
1364 1623 1628 1694 ἀγράφως
1658 1620 1925 1690 γεγονότα

341 1718 420 1788 μὴ
449 1716 740 1789 πληρώσῃ,
773 1714 873 1787 μία
905 1716 1016 1787 γὰρ
1056 1718 1121 1770 ἐκ
1158 1715 1369 1770 τούτων
1410 1716 1522 1769 τῶν
1570 1713 1764 1768 αἰτιῶν
1826 1712 1923 1766 ἐὰν

2027 614 2083 668 in
2120 614 2443 669 servitutem
2470 611 2541 668 ab
2569 627 2636 668 eo
2660 611 2970 667 reducitur.

2100 701 2355 760 Libertus
2398 713 2693 775 patronum
2743 718 3042 775 pauperem
3090 702 3336 759 enutrirc
3368 703 3609 774 cegitur.

2292 887 2444 944 CAP.
2480 887 2574 942 ΧΠ
2604 885 2793 961 [XIV].
2825 886 2901 941 De
2934 887 3332 943 donationibus.

2742 978 2927 1050 Leges.
3496 1050 3505 1063 Ι

2095 1072 2289 1129 Omnis
2327 1071 2577 1138 donatio,
2635 1071 2683 1128 si
2746 1070 2990 1140 perfecta
3045 1068 3233 1137 fuerit,
3285 1084 3407 1125 non
3453 1085 3615 1126 revo-

2026 1173 2210 1232 catur,
2246 1163 2357 1219 nisi
2396 1162 2817 1232 iugratitudinis
2851 1177 3040 1218 causa.

2100 1254 2159 1310 Si
2191 1256 2284 1325 qui
2305 1255 2514 1310 donum
2536 1255 2841 1326 acceperit,
2871 1269 3001 1324 erga
3028 1254 3327 1310 donantem
3357 1254 3614 1327 ingratus

2027 1346 2300 1412 videatur,
2345 1356 2559 1403 atroces
2596 1347 2655 1402 in
2712 1362 2840 1402 eum
2876 1345 3118 1417 injurias
3171 1346 3480 1414 eﬂ‘undens,
3527 1348 3616 1404 vel

2029 1454 2229 1494 manus
2254 1439 2489 1509 injustas
2526 1440 2576 1496 ei
2598 1441 2869 1506 intulerit,
2894 1450 2993 1496 aut
3016 1442 3278 1497 damnum
3330 1457 3496 1513 grave
3532 1442 3620 1496 in-

2028 1531 2249 1597 ﬁixerit,
2291 1533 2378 1588 vel
2408 1533 2533 1591 vita:
2587 1533 2879 1589 insidiatus
2923 1532 3109 1596 fuerit,
3140 1535 3226 1589 vel
3272 1534 3458 1589 omnia
3494 1548 3622 1606 qua

2031 1623 2086 1679 in
2131 1625 2431 1681 donatione
2465 1625 2585 1681 sive
2618 1624 2843 1695 scriptis
2888 1623 2972 1680 vel
3022 1624 3144 1680 sine
3185 1624 3409 1694 scriptis
3451 1633 3614 1695 pacta

2030 1724 2180 1784 sunt,
2216 1730 2327 1772 non
2360 1715 2573 1784 fecerit,
2625 1718 2672 1773 si
2720 1732 2828 1772 una
2868 1731 2937 1772 ex
2977 1715 3065 1771 his
3092 1716 3278 1771 causis
3318 1717 3372 1771 in
3405 1716 3616 1784 judicio

340 1786 417 1862 ἐνῇ
449 1786 785 1878 δικαστηρίω
822 1807 967 1861 κατὰ
986 1786 1263 1861 σύστασιν
1309 1807 1561 1879 φανερῶς
1591 1805 1919 1878 ἀποδειχθῇ,

2046 1823 2130 1877 ρει*
2152 1810 2521 1865 assertionem
2545 1818 2732 1881 aperte
2765 1809 3054 1880 probetur,
3088 1803 3248 1864 facta:
3280 1808 3613 1865 donationes

341 1899 851 1971 ἀνατραπέσθωσαν
878 1901 932 1953 αί
968 1901 1265 1971 γενόμεναι
1284 1900 1506 1970 δωρεαί.

413 1990 550 2045 Οὔτε
584 1990 805 2061 ἄνηϐος,
856 1990 983 2046 οὕτε
1016 1991 1180 2055 ἄνους
1212 1991 1442 2048 δύναται
1493 1990 1824 2060 δωρεῖσθαι·
1867 1992 1927 2047 ιν

341 2084 519 2138 οὖδενὶ
547 2085 658 2155 γὰρ
688 2083 894 2138 τούτων
931 2084 1053 2137 ἐστὶ
1082 2083 1363 2154 βούλησις.

425 2177 555 2231 Ἐὰν
595 2175 893 2246 χαρίσηται
941 2192 1023 2239 τις
1051 2175 1256 2247 ἀφήλιξ
1305 2176 1415 2230 τινὶ
1450 2176 1685 2247 πρᾶγμα
1731 2174 1922 2240 αὑτοῦ,

342 2268 594 2333 δύναται,
623 2268 763 2338 μετά
786 2267 846 2319 τὸ
877 2267 1172 2338 παρελθεῖν
1191 2268 1263 2322 τὰ
1284 2262 1361 2322 κε’
1384 2267 1504 2339 ἐτη,
1530 2268 1682 2331 ὲντὺς
1699 2285 1926 2339 τετραει-

341 2362 462 2424 τίας
495 2361 717 2431 ἀγωγὴν
745 2362 1041 2428 ποιεῖσθαι,
1080 2362 1177 2416 καὶ
1211 2362 1275 2416 τὸ
1299 2364 1500 2416 οἰκεῖον
1531 2361 1926 2432 ἐπαναλαμϐά-

339 2471 455 2507 νειν
487 2454 744 2524 πρᾶγμα.
1829 2513 1833 2517 .

413 2545 483 2598 Et
502 2562 584 2608 τις
618 2542 829 2615 δωρεὰν
856 2545 1097 2617 ἄμετρον
1126 2544 1207 2612 είς
1256 2564 1381 2601 τινα
1413 2547 1447 2618 ἦ
1474 2564 1626 2610 τινας
1657 2546 1764 2600 τῶν
1796 2544 1925 2599 παί-

341 2637 450 2691 δων
479 2634 787 2707 ποιήσαιτο,
811 2636 1058 2705 ἀνάγκην
1087 2637 1201 2708 ἔχει
1226 2638 1285 2691 ὲν
1309 2641 1372 2709 τῇ
1400 2636 1632 2707 διανομῇ
1660 2635 1756 2688 τοῦ
1786 2635 1923 2707 κλή-

341 2744 463 2800 ρου,
490 2727 745 2782 τοσοῦτον
780 2727 1001 2797 ἑκάστῳ
1033 2727 1143 2781 τῶν
1193 2727 1399 2782 παίδων
1445 2728 1736 2797 φυλάττειν
1765 2726 1823 2779 τὸ
1858 2726 1924 2778 ὲκ

339 2820 435 2874 τοῦ
487 2820 653 2891 νόμου
700 2820 888 2891 μέρος,
946 2821 1069 2874 ὅσον
1117 2815 1187 2890 ἦν
1231 2822 1360 2891 πρὶν
1419 2821 1453 2890 ἢ
1511 2819 1613 2890 τὴν
1659 2816 1925 2889 δωρεὰνό

339 2911 527 2982 πατὴρ
581 2911 662 2975 είς
718 2910 844 2976 τοὺς
877 2911 1072 2975 παῖδας
1129 2913 1256 2975 τοὺς
1311 2911 1483 2984 ταύτῃ
1519 2911 1922 2982 τετιμημένους

339 3001 657 3071 ποιήσαιτο.

689 3093 881 3147 ΑΡΧΗ
921 3094 1060 3149 ΤΟΥ
1098 3095 1138 3150 Ε
1179 3090 1569 3149 ΣΤΟῙΧΕΙΟΥ.

711 3186 970 3242 ΚΕΦΑΛ.
1006 3186 1086 3243 A'.
1124 3188 1267 3258 Περὶ
1295 3188 1544 3257 ἐγγύης.

446 3282 490 3335 0
526 3279 624 3351 μὲν
649 3285 696 3334 κ’
733 3280 843 3333 τῶν
891 3280 1067 3349 ἁγίων
1109 3281 1429 3335 ἀποστόλων
1491 3279 1694 3345 κανὼν,
1754 3280 1925 3350 μηδὲν

339 3374 473 3445 περὶ
510 3373 778 3443 διαφορᾶς
809 3373 1015 3443 ἐγγύης
1061 3372 1533 3443 διαστειλάμενος,
1577 3372 1928 3444 ἀπροσδιορί-

341 3479 487 3529 στως
535 3466 751 3519 κελεύει
785 3466 877 3520 τὸν
927 3464 1134 3535 ἐγγύας
1163 3466 1379 3519 διδόντα
1429 3465 1694 3536 κληρικδν
1725 3466 1927 3520 καθαι-

344 3556 582 3628 ρεῖσθαι.
609 3556 805 3609 Δίδωσι
833 3556 890 3609 δέ
911 3573 997 3620 τις
1027 3556 1232 3625 ἐγγύας
1262 3557 1294 3628 ἢ
1319 3556 1461 3626 ὑπὲρ
1491 3556 1708 3622 ἑαυτοῦ,
1730 3556 1762 3626 ἢ
1786 3557 1926 3626 ὑπὲρ

339 3649 505 3703 ἄλλου
530 3663 545 3679 '
581 3649 673 3701 καὶ
704 3649 754 3702 εί
790 3650 891 3719 μὲν
919 3648 998 3712 είς
1047 3649 1407 3719 δικαστήριον
1442 3649 1634 3719 ἀχθεὶς
1668 3649 1697 3701 6
1728 3649 1925 3720 κληρι-

344 3742 461 3806 κὸς,
487 3743 577 3795 καὶ
614 3741 823 3810 ἐγγύας
852 3743 1321 3812 εἰσπραττόμενος
1358 3742 1501 3813 δοίη,
1554 3741 1650 3796 τοῦ
1685 3742 1760 3812 μὴ
1788 3744 1925 3796 ἀπο-

341 3836 537 3905 δρᾶναι
566 3835 748 3905 τυχὸν,
774 3834 929 3888 οὐδὲν
964 3834 1096 3906 περὶ
1130 3836 1192 3888 τὸ
1221 3835 1425 3887 οἰκεῖον
1456 3834 1675 3906 ἀξίωμα
1711 3835 1927 3907 ζημιω-

344 3929 593 4000 θήσεται.

428 4022 583 4073 Ἐπεὶ
611 4021 704 4074 καὶ¹
740 4022 789 4075 oi
830 4023 888 4074 ὲν
927 4024 995 4092 τῇ
1045 4022 1408 4093 οἱκουμενικῇ
1444 4022 1684 4094 τετάρτῃ
1719 4021 1925 4095 συνόδῳ

345 4113 481 4166 θεῖοι
506 4114 771 4183 Πατὲρες,
797 4113 891 4185 (ὡς
916 4114 945 4166 6
974 4111 1019 4166 λ’
1050 4114 1224 4185 αὐτῆς
1251 4114 1478 4178 διέξεισι
1497 4116 1726 4187 κανὼν),
1750 4118 1842 4169 καὶ
1878 4117 1925 4168 oi

345 4205 597 4268 συνόντες
622 4204 835 4269 τούτοις
865 4208 927 4258 ὲκ
952 4206 1052 4276 τῆς
1079 4206 1420 4277 συγκλήτου,
1451 4207 1679 4276 ὲγγύαςῑ
1707 4207 1925 4278 ἀπῄτη-

346 4314 449 4351 σαν
477 4300 605 4361 τοὺς
644 4294 738 4352 ἀπ’
767 4297 1047 4367 Αἰγύπτου
1080 4298 1420 4363 ἐπισκόπους
1462 4300 1793 4372 προσεδρίας
1826 4301 1927 4371 χά-

262 4392 269 4399 ”
347 4392 749 4463 ριν,ῆτούτων
801 4392 1170 4463 ἀποροῦντας,
1204 4391 1512 4462 ὲξωμοσίαν
1562 4391 1923 4462 ποιήσασθαι,

1948 3125 1999 3190 ο

2032 1911 2381 1956 revocentur.

2101 1990 2290 2061 Neque
2319 1992 2596 2062 impubes,
2622 2006 2727 2047 nec
2756 1991 2989 2048 insanus
3015 1995 3229 2049 donare
3270 1999 3524 2062 possunt,
3552 1990 3612 2046 in

2031 2088 2228 2136 neutro
2263 2083 2411 2136 enim
2444 2096 2634 2136 eorum
2663 2084 2919 2141 voluntas
2953 2092 3060 2140 est.

2105 2173 2163 2229 Si
2197 2175 2379 2230 minor
2421 2175 2628 2246 aliquid
2656 2191 2724 2231 ex
2763 2176 2929 2232 rebus
2960 2177 3079 2233 suis
3109 2176 3277 2232 alicui
3304 2176 3612 2236 donaverit.

2028 2270 2157 2330 post
2201 2263 2386 2333 lapsos
2422 2262 2493 2318 25
2537 2279 2738 2329 annos,
2795 2264 2942 2320 intra
2983 2266 3412 2336 quadriennium
3443 2269 3616 2324 aetio-

2031 2366 2154 2406 nem
2188 2367 2435 2419 movere,
2476 2363 2531 2408 ει
2566 2370 2679 2410 rem
2710 2369 2870 2411 suam
2903 2371 3233 2428 recuperate
3261 2364 3466 2428 ροιοει.

2102 2532 2157 2589 Si
2188 2535 2313 2605 quis
2335 2532 2688 2591 donationem
2728 2538 2847 2593 sine
2880 2553 3141 2594 mensura
3165 2538 3333 2594 alicui
3384 2541 3469 2594 vel
3510 2537 3615 2594 aii-

2026 2626 2230 2696 quibus
2253 2643 2316 2682 ex
2345 2627 2472 2684 ﬁliis
2503 2630 2717 2694 fecerit,
2765 2645 2990 2687 necesse
3016 2632 3182 2687 habet
3216 2632 3269 2686 in
3301 2633 3470 2688 sortis
3493 2635 3615 2689 dis-

2028 2718 2334 2775 tributione
2380 2728 2591 2777 tantam
2661 2732 2875 2793 partem
2935 2739 3035 2793 pro
3088 2725 3340 2795 quolibet
3386 2726 3499 2780 tllio
3542 2741 3612 2782 ex

2028 2811 2418 2870 distributione
2463 2829 2810 2879 conservare,
2872 2825 3077 2886 quanta
3132 2825 3274 2882 erat,
3307 2825 3610 2890 antequam

2026 2911 2182 2972 pater
2209 2904 2564 2960 donationem
2601 2905 2727 2962 ﬁliis
2760 2921 2823 2960 ea
2859 2907 3083 2962 donatis
3120 2906 3345 2963 fecerat.

2300 3083 2461 3159 109
2521 3085 2792 3143 lNlTlUM
2847 3087 3177 3145 LITTERE
3235 3092 3300 3149 E.

2470 3179 2620 3236 CAP.
2649 3181 2689 3237 Ι.
2727 3182 2799 3235 De
2824 3183 3182 3253 ﬁllejuasiane.

2102 3274 2291 3331 Canon
2315 3275 2387 3329 20
2414 3283 2591 3332 sanet.
2620 3278 3020 3346 apostolorum,
3048 3279 3191 3334 inter
3206 3279 3453 3336 diversas
3481 3275 3615 3334 lide-

2026 3370 2313 3442 jussiones
2351 3367 2487 3422 nihil
2544 3367 2914 3438 distinguens,
2951 3366 3237 3426 indeﬁnite
3265 3371 3445 3441 jubet,
3496 3374 3614 3429 elc-

2031 3465 2208 3519 ricum
2236 3461 2622 3530 ﬁdejubentem
2644 3459 2865 3533 deponi.
2894 3458 3183 3532 Fidcjubet
3200 3475 3384 3525 autem
3411 3466 3612 3547 aliquis

2030 3555 2116 3610 vel
2147 3570 2247 3625 pro
2272 3569 2357 3619 se,
2387 3552 2473 3608 vel
2496 3568 2594 3622 pro
2636 3554 2784 3622 alio;
2818 3566 2873 3608 et
2897 3553 3134 3611 clericus
3162 3555 3209 3611 si
3247 3556 3311 3610 ad
3336 3558 3611 3626 judicium

2031 3650 2252 3715 ductus,
2281 3649 2709 3706 satisdationem
2745 3656 2989 3714 coactus,
3021 3657 3262 3719 praestet,
3302 3649 3442 3705 forte
3464 3652 3615 3721 quod

2033 3755 2142 3794 non
2188 3741 2454 3811 aufugiet,
2499 3739 2567 3795 de
2615 3738 2884 3810 dignitate
2914 3754 3014 3795 sua
3052 3739 3103 3793 in
3148 3741 3455 3810 periculurn
3503 3758 3613 3797 non

2031 3834 2236 3889 veniet.

2112 4017 2570 4090 Quandoquidem
2606 4017 2662 4072 in
2690 4015 3030 4073 recumenica
3057 4030 3251 4086 quarta
3288 4019 3500 4088 synodo
3528 4021 3619 4075 di-

2032 4115 2146 4170 vini
2176 4112 2390 4176 Patres,
2422 4107 2591 4180 (sicut
2619 4105 2688 4162 50
2706 4120 2886 4160 canon
2920 4106 3286 4175 demonstrat)
3305 4117 3359 4162 et
3379 4111 3470 4177 qui
3509 4125 3616 4163 una

2030 4224 2100 4264 ex
2140 4212 2332 4260 senatu
2365 4204 2761 4266 convenerant,
2781 4196 2850 4251 ab
2886 4196 3160 4267 ASgyptiis
3188 4199 3462 4267 episcopis
3489 4200 3619 4254 ﬁde-

2027 4293 2529 4371 jussionesjudicio
2553 4292 2782 4349 sistendi
2802 4306 2968 4346 causa
3010 4292 3321 4361 exigebant,
3351 4297 3435 4348 vel
3458 4296 3526 4349 ab
3550 4296 3617 4349 iis

2030 4390 2126 4461 qui
2150 4386 2609 4444 satisdationibus
2628 4383 3087 4450 destituebantur,
3111 4383 3413 4453 juramenli
3433 4402 3620 4441 susce-

348 4484 642 4556 ὑπέρθεσιν
665 4483 961 4555 ζητοῦντας
987 4484 1204 4555 καιροῦ,
1227 4485 1322 4537 καὶ
1352 4483 1506 4537 οὐδὲν
1525 4483 1702 4537 οὐδενὶ
1725 4482 1925 4554 βλάϐος

2046 4481 2299 4552 ptionem,
2329 4479 2459 4534 dum
2487 4486 2702 4546 tempus
2718 4475 3000 4530 dilationis
3019 4485 3297 4545 quaerunt,
3319 4476 3500 4531 nullus
3519 4492 3620 4532 ex-

298 4633 315 4647 ,
345 4578 411 4631 ἐκ
460 4576 654 4631 τούτου
689 4576 1015 4647 γεγένηταιο
1050 4575 1404 4648 τρισκαίδεκα
1436 4563 1548 4647 γὰρ
1606 4575 1760 4639 ὄντες
1794 4578 1844 4629 oi
1870 4575 1931 4640 ἐξ

345 4671 626 4740 Αἰγύπτου
653 4671 953 4742 ἀρχιερεῖς,
980 4671 1306 4752 γράμμασιν
1337 4668 1438 4722 οὐκ
1461 4668 1741 4752 ἐπείθοντο
1769 4667 1837 4720 τὰ
1861 4668 1930 4737 τῇ

309 4752 321 4769 ’
344 4766 478 4836 ἁγίᾳ
507 4764 948 4837 δογματισθὲντα
988 4750 1191 4834 συνόδῳ
1217 4750 1707 4832 ύποσημήνασθαι,
1740 4761 1787 4813 εί
1834 4762 1931 4814 καὶ

281 4841 312 4857 ..ι

279 4863 312 4892 Ι,

296 4853 327 4907 ι»
345 4859 473 4920 τοὺς
504 4858 630 4928 περὶ
662 4857 754 4909 τὸν
815 4856 1110 4928 Διόσκορον
1151 4858 1246 4909 καὶ
1286 4855 1535 4925 Εὐτυχέα
1570 4853 1791 4924 συνάμα
1820 4855 1932 4917 τοῖς

347 4950 528 5013 ἄλλοις
557 4950 636 5020 τῷ
667 4949 968 5019 ἀναθέματι
994 4948 1379 5003 καθυπέϐαλον
1402 4963 1419 4980 ο
1446 4947 1800 5020 παρῃτοῦντο
1822 4946 1933 5016 γὰρ

346 5044 446 5112 οὐχ
467 5042 541 5105 ὡς
570 5043 1017 5112 ἀπαρεσκόμενοι
1037 5044 1152 5105 τοῖς
1186 5041 1510 5113 δρωμένοις,
1542 5040 1681 5093 ἀλλά
1704 5038 1779 5108 τῷ
1810 5038 1932 5103 ἔθος

349 5134 516 5204 ἔχειν,
553 5133 627 5196 ὡς
659 5133 867 5200 ἔλεγον,
895 5133 1062 5203 μηδέν
1095 5151 1144 5186 τι
1171 5134 1439 5203 πράττειν
1471 5130 1933 5202 ἐκκλησιαστικὸν

352 5225 477 5296 δίχα
512 5225 734 5294 γνώμης
772 5226 867 5280 τοῦ
900 5226 1051 5294 σφῶν
1086 5209 1279 5279 αὑτὼιῖ
1303 5223 1675 5294 πατριάρχου,
1708 5222 1803 5277 τοῦ
1831 5223 1933 5291 τῆς

361 5316 773 5390 Ἀλεξανδρείας
812 5316 1034 5388 δηλαδὴ,
1068 5308 1131 5369 οῦ
1166 5315 1471 5388 τηνικαῦτα
1506 5315 1535 5368 6
1562 5299 1934 5386 θρόνος’ἑκεῖ-

352 5426 442 5466 νος
477 5409 726 5480 χηρεύων
773 5406 1116 5480 ἧνηἊμέλει
1147 5409 1243 5464 καὶ
1292 5410 1488 5480 καιρὸν
1526 5409 1754 5481 ᾐτοῦντο
1780 5408 1934 5479 σφίσι

353 5504 575 5573 δοθῆναι
602 5505 795 5574 μέχρις
828 5503 894 5557 ἂν
923 5503 1340 5574 Ἀλεξανδρείας
1360 5503 1663 5566 ἐπίσκοπος
1685 5504 1931 5572 γένηται.

354 5596 464 5650 Καὶ
492 5597 543 5648 οἱ
578 5596 676 5665 μὲν
711 5595 809 5666 τῆς
834 5596 1052 5649 συνόδου
1076 5596 1212 5649 θεῖοι
1243 5596 1510 5667 Πατέρες,
1534 5596 1632 5666 τὴν
1664 5596 1936 5665 ἀναϐολὴν

355 5688 776 5753 ὑποπτεύοντες,
812 5681 915 5740 οἶοί
952 5705 1009 5739 τε
1040 5684 1195 5763 ἦσαν,
1224 5689 1550 5756 καθαίρεσιν
1578 5689 1803 5743 ἐκείνων
1834 5704 1935 5742 κα-

353 5780 788 5851 ταψηφίσασθαι.
834 5780 897 5833 Ui
935 5779 991 5831 δὲ
1020 5782 1117 5850 τῆς
1154 5781 1466 5848 συγκλήτου
1502 5784 1689 5854 μένειν
1736 5780 1934 5845 αὐτοὺς

674 5876 944 5936 Damon.
978 5875 1097 5939 Gn.
1138 5877 1405 5939 CXLIV.

2038 4575 2167 4631 inde
2183 4574 2443 4628 damnum
2469 4569 2689 4640 aliquod
2716 4568 3002 4625 sustinuit.
3023 4566 3160 4624 Cum
3181 4569 3327 4622 enim
3356 4569 3619 4624 tredecim

2036 4673 2304 4720 essentex
2323 4658 2558 4733 [Egypto
2586 4661 2885 4726 antistites,
2917 4661 3214 4715 noluerunt
3232 4675 3354 4730 quae
3371 4675 3402 4716 a
3425 4670 3622 4717 sancta

2037 4758 2250 4829 synodo
2283 4756 2712 4821 deﬁniebantur,
2748 4752 2971 4825 scriptis
2991 4752 3343 4818 conﬁrmare,
3365 4755 3620 4825 quamvis

2038 4853 2367 4909 Dioscorum
2387 4857 2441 4905 et
2457 4847 2813 4919 Eutychetem
2835 4861 2959 4901 cum
2977 4846 3101 4900 aliis
3119 4846 3459 4901 anathemati
3483 4847 3619 4901 sub-

2031 4942 2289 5012 jicereut.
2311 4939 2369 4994 ld
2389 4940 2533 4994 enim
2558 4944 2909 5001 recusarunt,
2928 4949 3037 4995 non
3066 4937 3213 5006 quod
3235 4951 3298 4989 ea
3320 4951 3444 5006 quae
3472 4936 3620 4991 facta

2035 5041 2194 5086 erant
2242 5032 2425 5084 minus
2457 5028 2773 5097 probarent,
2810 5026 2905 5080 sed
2936 5027 3084 5095 quod
3131 5026 3615 5092 consuetudinem,

2040 5135 2099 5178 ut
2136 5122 2379 5187 aiebant,
2414 5120 2702 5184 haberent,
2757 5116 2894 5171 nihil
2926 5118 2992 5172 de
3028 5117 3195 5173 rebus
3230 5118 3621 5175 ecclesiasticis

2038 5218 2373 5273 constituere
2401 5210 2715 5267 inconsulto
2742 5209 3054 5281 patriarcha
3086 5226 3213 5278 suo,
3244 5212 3622 5268 Alexandrino

2037 5310 2271 5375 scilicet,
2308 5307 2468 5376 cujus
2494 5314 2624 5361 tunc
2660 5304 2928 5375 temporis
2976 5306 3210 5362 thronus
3237 5321 3445 5361 vacuus
3477 5315 3620 5361 erat.

2038 5401 2281 5471 Tempus
2332 5400 2520 5471 itaque
2548 5398 2654 5455 sibi
2696 5399 2815 5453 dari
2859 5397 3234 5469 postulabant,
3283 5397 3462 5453 donec
3506 5398 3625 5467 epi-

2038 5509 2243 5564 scopus
2265 5492 2671 5550 Alexandrinus
2694 5491 2872 5546 factus
2898 5499 3065 5546 esset.
3100 5489 3297 5546 Verum
3326 5491 3518 5560 synodi
3540 5492 3624 5545 di-

2038 5589 2149 5659 vini
2170 5588 2360 5645 Patres
2382 5587 2791 5643 cunctationem
2813 5585 3185 5655 suspicantes,
3221 5582 3624 5652 depositione-ni

2039 5698 2233 5740 eorum
2275 5689 2607 5739 statuerunt.
2664 5679 2773 5735 Sed
2831 5688 3119 5735 senatores
3158 5692 3255 5731 eos
3301 5676 3357 5731 in
3395 5679 3623 5747 proprio

2049 5775 2240 5832 habitu
2272 5789 2497 5830 manere
2521 5782 2777 5843 oportere
2801 5770 3120 5835 censebant,
3155 5764 3200 5822 si
3229 5770 3618 5826 satisdationes

3150 5860 3226 5923 40
