3992 6426
438 358 578 424 1Ξ59

1634 348 2001 412 MATTIL‘EI
2045 348 2466 410 BLASTARIS

3510 320 3650 425 .1200

434 474 632 531 darent
664 482 724 524 se
755 478 864 521 non
888 461 1258 535 aufugituros,
1289 462 1373 518 vel
1395 460 1441 518 si
1464 460 1531 517 iis
1553 461 2011 524 destituerentur,

2119 462 2211 513 ἐπὶ
2241 460 2335 514 τοῦ
2362 460 2567 515 οἰκείου
2619 463 2899 533 σχήματος
2942 460 3123 534 ’ᾤοντο
3156 465 3288 530 δεῖν⁹
3337 468 3383 520 εἰ
3419 467 3550 523 δοῖεν
3570 473 3650 542 ἐγ-

430 568 808 636 juramentum
870 556 1246 625 susciperent;
1308 552 1455 621 quod
1507 549 1736 605 Patrum
1800 548 2010 622 synodo

436 651 666 725 placuit.
708 645 1004 718 Ἐξομοσία
1034 654 1217 700 autem
1248 643 1467 709 dicitur,
1520 657 1648 698 cum
1688 642 1810 711 quis
1854 650 2009 696 extra

436 747 684 816 quinque
713 738 1079 817 jurisjurandi
1148 736 1362 806 species
1406 734 1527 805 iege
1574 743 1813 790 statutas
1854 734 2010 803 jura-

438 844 684 890 tneutum
734 830 988 898 suscipit,
1022 843 1118 899 per
1144 838 1307 897 caput
1356 824 1499 881 forte
1524 825 1900 896 imperatoris,
1928 822 2011 877 vel

436 940 534 995 per
557 938 713 980 suam
740 922 1000 977 salutem.
1047 918 1226 987 Atque
1251 916 1368 971 haec
1396 914 1617 986 quidem
1658 914 1733 969 ita
1764 914 2010 984 contige-

434 1025 584 1073 runt.
619 1016 678 1071 SI
725 1028 858 1068 vero
909 1011 1199 1081 quisquam
1229 1023 1329 1079 pro
1359 1008 1466 1063 alio
1495 1007 1811 1076 ﬁdejubeat,
1834 1003 2012 1074 turpis

435 1108 649 1165 scilicet
687 1104 827 1159 lucri
878 1102 1075 1173 gratia,
1126 1099 1179 1153 id
1208 1114 1236 1152 a
1286 1098 1493 1154 sanctis
1538 1096 1840 1152 canonibus
1866 1096 2014 1151 etle-

437 1202 596 1272 gibus
615 1206 855 1254 vetatur.
907 1192 1233 1249 Ostenditur
1270 1200 1453 1246 autem
1493 1206 1556 1244 cx
1602 1189 1817 1245 novella
1840 1186 2012 1245 Justi-

433 1292 585 1349 niani
611 1305 779 1347 cum
813 1302 932 1359 quae
963 1286 1045 1343 sic
1080 1285 1293 1341 statuit.

1156 1456 1289 1513 Lex.

502 1560 610 1616 Sed
643 1571 743 1612 nec
780 1553 1129 1627 publicorum
1173 1550 1508 1605 tributorum
1544 1554 1885 1614 exactorem,
1928 1545 2013 1604 vel

436 1660 799 1722 reccptorem,
829 1646 915 1700 vel
945 1643 1291 1713 vectigalium
1314 1649 1410 1695 aut
1434 1639 1846 1711 possessionum
1876 1639 2015 1695 alie-

441 1759 635 1801 narum
696 1748 1060 1809 receptorem,
1124 1737 1213 1791 vel
1271 1744 1589 1792 curatorem
1648 1735 1867 1799 domus,
1927 1728 2015 1787 vel

2114 551 2253 620 γύας
2286 551 2361 623 μὴ
2390 553 2714 623 ἀποδρᾶναι,
2761 552 2794 625 ἢ
2827 553 3035 608 τούτων
3069 557 3423 627 ἀποροῦντες,
3471 561 3654 632 ἐξωμο.

2115 642 2239 697 σίαν
2273 646 2627 713 ποιήσαιντο·
2666 647 2802 716 ὅπερ
2833 648 2999 718 ἤρεσε
3049 648 3144 702 καὶ
3185 651 3252 719 τῇ
3288 650 3392 704 τῶν
3422 652 3654 726 Πατέρυν

2116 732 2343 804 συνόδῳ.
2389 733 2697 804 Ἐξωμοσία
2752 735 2808 789 δέ
2861 740 3002 798 ἐστι,
3031 738 3094 790 τὸ
3141 738 3249 802 ἔξω
3295 738 3403 794 τῶν
3440 748 3478 793 ε’
3500 742 3657 813 ὅρκων

2111 825 2332 895 ὀμόσαι,
2368 827 2477 880 τῶν
2510 827 3067 897 ἐμπεριειλημμένων
3098 829 3176 900 τῷ
3214 830 3385 901 νόμῳ,
3417 831 3450 904 ἦ
3477 835 3550 896 είς
3573 837 3660 903 τὴν

2114 916 2359 987 κεφαλὴν
2389 917 2484 971 τοῦ
2514 916 2782 987 βασιλέως
2817 918 3001 987 τυχὸν,
3029 918 3062 988 ἢ
3099 920 3180 983 είς
3209 920 3307 991 τὴν
3338 922 3538 975 οίκείαν
3563 939 3658 977 σω-

2070 1032 2083 1043 ~
2112 1007 2330 1078 τηρίαν.
2399 1007 2561 1062 Ἀλλά
2621 1006 2797 1062 ταῦτα
2829 1010 2928 1077 μὲν
2979 1011 3154 1081 ταύτῃ
3215 1011 3573 1081 συμϐέϐηκεν.
3604 1016 3658 1069 Εἰ

2117 1100 2307 1169 μέντοι
2354 1098 2457 1163 τὰς
2513 1096 2721 1168 ἐγγύας
2758 1098 2900 1171 ὑπὲρ
2959 1100 3151 1172 ἐτέρου
3198 1118 3286 1165 τις
3339 1102 3477 1174 δοίη,
3501 1108 3547 1159 εἰ
3576 1108 3661 1176 μὲν

2113 1191 2341 1263 αἰσχροῦ
2366 1190 2593 1261 κέρδους
2628 1192 2809 1264 χάριν,
2845 1192 3003 1246 τοῦτο
3032 1195 3133 1247 καὶ
3163 1197 3276 1257 τοῖς
3300 1195 3463 1261 θείοις
3495 1201 3663 1253 κανόσι

2114 1283 2211 1336 καὶ
2231 1284 2343 1346 τοῖς
2361 1281 2548 1353 νόμοις
2571 1283 2899 1354 ἀπείρηται·
2930 1286 3024 1339 καὶ
3055 1285 3333 1340 δείκνυται
3358 1288 3421 1341 ἐκ
3444 1290 3537 1360 τῆς
3559 1298 3661 1362 ρκγ⁰

2126 1370 2568 1429 ’Ῐουστινιανείου
2594 1377 2793 1445 νεαρᾶς
2827 1376 2971 1429 οὕτω
3003 1372 3375 1448 θεσπιζούσης
3403 1395 3417 1411 ο

2796 1470 3018 1538 Νόμος.
3044 1462 3047 1467 λ

2196 1556 2337 1610 Ἀλλ’
2397 1554 2521 1612 οὐδὲ
2571 1559 2885 1630 ἀπαιτητὴν
2933 1554 3213 1631 δημοσίων
3266 1562 3659 1636 συντελειῶν.ἢ

2115 1647 2520 1721 ἐκλήπτορα,ἢ
2578 1649 2860 1723 μισθωτὴν
2889 1651 3082 1720 τελῶν,
3138 1653 3171 1723 ἦ
3214 1651 3506 1724 ἀλλοτρίων
3552 1657 3664 1725 κτή-

2118 1757 2278 1805 σεων,
2299 1744 2332 1812 η
2362 1743 2675 1815 κουράτορα
2704 1744 2876 1810 οίκου,
2912 1747 2945 1817 ἢ
2973 1745 3196 1799 ἐντολέα
3216 1744 3393 1818 δίκης,
3422 1747 3453 1817 ἢ
3483 1746 3662 1817 ἐγγυηο

438 1848 618 1889 causa:
661 1836 1096 1902 procuratorem,
1144 1825 1229 1881 vel
1282 1838 1386 1897 pro
1439 1825 1525 1881 bis
1575 1824 1758 1880 causis
1788 1822 2011 1893 ﬁdejus-

2115 1831 2216 1902 τὴν
2239 1831 2381 1902 ὑπὲρ
2405 1832 2611 1887 τούτων
2630 1833 2739 1886 τῶν
2763 1835 2975 1899 αἰτιῶν,
3001 1834 3309 1890 ἐπίσκοπον
3338 1836 3370 1908 ἦ
3401 1839 3660 1909 οἰκονόμον

437 1941 639 1989 sorem,
670 1924 1012 1993 episcopum,
1055 1919 1137 1973 vel
1167 1932 1542 1983 (economum,
1583 1917 1668 1972 vel
1700 1916 1868 1972 alium
1903 1914 2014 1971 cie-

441 2016 613 2071 ricum
648 2014 1031 2082 cujuscunque
1055 2008 1279 2078 gradus,
1311 2008 1396 2061 vel
1427 2006 1757 2062 monachum
1791 2002 2013 2075 proprio

439 2104 685 2167 nomine,
721 2103 806 2157 vel
857 2100 1106 2155 ecclesia:
1137 2108 1233 2153 aut
1291 2096 1613 2152 monasterii
1642 2109 1763 2150 esse
1785 2094 2013 2165 permit-

439 2198 640 2262 timus;
680 2209 752 2249 ne
775 2194 879 2250 hoc
913 2199 1180 2262 praetextu
1228 2188 1442 2245 sanctis
1490 2203 1710 2259 quoque
1753 2186 2013 2242 domibus

437 2287 829 2343 detrimentum
869 2280 1147 2348 εστι-σιω,
1199 2286 1256 2336 et
1288 2279 1469 2336 dirlna
1500 2279 1806 2335 ministeria
1840 2278 2015 2349 impe-

440 2382 684 2439 diantur.
711 2372 780 2431 Et
812 2377 929 2430 haec
960 2373 1178 2444 quidem
1208 2372 1444 2428 novella.

522 2469 680 2538 Quod
716 2469 763 2523 si
817 2483 883 2522 ex
929 2464 1197 2521 charitate
1249 2473 1556 2529 moveatur,
1589 2471 1813 2533 propter
1842 2475 2010 2531 quam

441 2565 656 2621 animas
702 2569 921 2616 nostras
985 2572 1085 2629 pro
1140 2555 1405 2611 fratribus
1464 2548 1669 2609 nostris
1736 2554 2013 2623 deponere

435 2658 715 2729 jubemur,
745 2663 804 2708 ut
843 2654 889 2709 si
922 2652 1046 2722 quis
1095 2646 1369 2716 trahatur,
1420 2655 1474 2702 et
1529 2648 1600 2703 ab
1624 2661 1691 2702 eo
1738 2645 1805 2700 de
1846 2659 2012 2700 causa

439 2748 621 2817 aliqua
645 2745 1026 2816 ﬂdejussiones
1044 2746 1357 2813 exigantur,
1376 2748 1430 2794 et
1456 2738 1602 2810 quod
1633 2750 1745 2792 non
1775 2734 2011 2803 dederit,

440 2843 496 2898 in
530 2852 806 2896 carcerem
841 2837 1093 2892 abiturus
1140 2835 1234 2899 sit,
1262 2834 1385 2903 ejus
1417 2840 1598 2886 autem
1635 2828 1873 2884 clericus
1909 2828 2014 2881 mi-

440 2944 623 2990 sertus
669 2930 1056 2998 tidejussiOnes
1106 2941 1206 2998 pro
1249 2939 1315 2980 eo
1359 2926 1472 2990 det,
1504 2934 1611 2978 non
1642 2930 1853 2976 tantum
1901 2932 2012 2974 non

440 3025 766 3094 deponetur,
813 3019 908 3076 sed
956 3016 1334 3088 pulcherrima
1398 3013 1626 3084 praemia
1689 3010 1946 3080 accipiet,
1980 3023 2011 3063 a

435 3115 621 3186 judice
653 3113 863 3168 scilicet
888 3113 1060 3183 justo,
1093 3108 1262 3180 utqui
1288 3107 1607 3162 mandatum
1632 3102 2011 3174 evangelicum

440 3204 771 3276 impleverit.

1165 3290 1297 3347 Lex.

509 3390 610 3449 lus
640 3398 823 3446 autem
850 3387 1012 3444 civile
1042 3386 1274 3442 clericos
1302 3384 1356 3439 in
1380 3383 1472 3455 jus
1492 3386 1720 3438 vocatos
1740 3378 2014 3436 satisdare

434 3483 615 3558 jubet.

519 3570 676 3644 ιιο
696 3571 963 3630 Praedicta
1004 3576 1186 3625 autem
1217 3564 1515 3623 Justiniani
1539 3562 1751 3619 novella
1784 3560 2014 3617 clericos

440 3669 498 3725 in
545 3668 637 3739 jus
686 3674 912 3721 vocatos
964 3661 1352 3732 ﬁdejussiones
1391 3672 1499 3713 non
1531 3657 1665 3712 dare
1699 3654 1879 3726 jubet,
1917 3656 2014 3711 sed

437 3757 860 3830 promissionem
881 3751 1292 3825 pignoratitiam
1316 3749 1499 3804 facere
1528 3747 1650 3802 sine
1673 3746 2008 3815 juramento,

436 3858 725 3926 episcopos
777 3866 910 3909 vero
959 3852 1016 3905 in
1068 3849 1157 3919 jus
1208 3858 1438 3904 vocatos
1480 3861 1583 3903 nec
1628 3845 2014 3915 ﬁdejussiones

438 3951 591 4016 dare,
627 3962 727 4003 nec
766 3943 1188 4016 promissionem
1221 3940 1425 3997 facere.

437 4041 586 4099 CAP.
641 4040 705 4095 ll.
740 4038 811 4092 De
844 4033 1319 4091 consuetudinibus
1354 4032 1608 4089 Ecclesiae
1636 4050 1741 4090 non
1772 4035 2008 4105 scriptis.

509 4130 739 4202 Magnus
786 4128 1041 4194 Basilius,
1085 4128 1139 4181 in
1171 4125 1402 4195 epistola
1428 4126 1495 4181 ad
1529 4126 1854 4194 Diodorum,
1882 4141 2013 4183 con-

437 4225 782 4282 suetudinem
809 4238 918 4277 non
948 4222 1211 4289 scriptam
1230 4221 1368 4290 legis
1386 4222 1496 4275 vim
1526 4221 1730 4277 habere
1752 4220 1851 4283 ait.
1865 4219 2011 4290 quod

438 4335 467 4374 a
497 4316 704 4375 sanctis
738 4315 871 4369 viris
901 4313 1040 4369 ritus
1060 4312 1222 4368 nobis
1255 4312 1442 4368 traditi
1470 4309 1694 4370 fuerint.

502 4496 564 4553 In
594 4495 773 4566 capite
797 4502 978 4547 autem
1040 4490 1113 4545 27
1154 4502 1342 4544 eorum
1372 4500 1495 4561 quae
1521 4489 1590 4545 ad
1616 4488 1835 4545 beatum
1869 4490 2005 4544 Am-
2034 4528 2037 4543 1

432 4588 767 4661 pliilocbiuut
807 4586 874 4640 de
909 4591 1096 4641 sancto
1126 4581 1333 4652 Spiritu
1367 4584 1569 4653 scripta
1584 4590 1734 4649 sunt,
1769 4581 2003 4654 Dogma-

433 4692 566 4741 tum.
629 4678 829 4746 inquit,
870 4684 926 4730 et
972 4674 1431 4744 praedicationum
1484 4686 1606 4745 quae
1659 4676 1714 4730 in
1761 4676 2004 4730 Ecclesia

434 4776 744 4834 servantur,
780 4767 886 4822 alia
914 4764 1133 4837 quidem
1179 4778 1243 4818 ex
1291 4763 1543 4819 doctrina
1585 4764 1788 4833 scripta
1832 4764 2006 4819 babe-

433 4876 579 4925 mns,
613 4860 718 4915 alia
771 4872 903 4915 vero
952 4870 1019 4911 ex
1061 4856 1357 4912 traditione
1414 4854 1790 4925 apOStolorum
1842 4856 2005 4911 nobis

431 4953 558 5009 data
590 4953 645 5006 in
682 4952 944 5022 mysterio
975 4949 1344 5019 suscipimus;
1370 4962 1492 5017 qua:
1521 4956 1756 5016 utraque
1777 4945 2006 5001 easdem

435 5046 501 5099 ad
532 5045 790 5113 pietatem
824 5043 969 5097 vires
995 5039 1219 5096 habent.
1251 5039 1349 5095 His
1388 5050 1569 5094 autem
1594 5050 1755 5095 nemo
1783 5047 2009 5093 contra-

432 5138 598 5201 «πίωσι,
629 5135 723 5204 qui
756 5135 966 5189 rituum
1020 5130 1525 5186 ecclesiasticorum
1581 5131 1663 5185 vel
1718 5130 2003 5185 minimam

432 5222 823 5295 experientiam
872 5223 1146 5278 habuerit.
1199 5221 1257 5278 Si
1294 5222 1439 5278 enim
1472 5234 1578 5279 non
1608 5224 1843 5294 scriptas
1862 5238 2006 5297 'con-
2040 5238 2045 5241 ‘

434 5316 776 5381 tsuettttlittes,
816 5310 1077 5384 tanquam
1109 5322 1360 5382 m‘a‘guam
1407 5321 1732 5382 potestatem
1764 5326 1873 5369 non
1906 5317 2005 5371 Ita-

434 5409 644 5471 lieutes.
694 5422 955 5463 recusare
1013 5407 1375 5475 voluerimus,
1429 5407 1486 5461 in
1528 5407 1693 5462 rebus
1728 5408 2005 5477 principa-

429 5501 574 5555 libus
655 5502 833 5570 ipsum
913 5500 1268 5569 Evangelium
1359 5499 1731 5568 imprudentes
1803 5499 2007 5555 damno

432 5591 750 5655 atlieicmus,
796 5592 880 5645 vel
934 5591 1122 5661 potius
1157 5591 1209 5643 id
1258 5588 1404 5658 quod
1441 5587 1785 5642 emmtiatmn
1820 5598 1904 5644 est
1939 5591 2005 5643 ad

432 5682 637 5735 nudum
698 5697 896 5738 nomen
949 5683 1284 5750 redigcmus.
1328 5682 1423 5733 Ex.
1468 5696 1551 5750 gr.
1595 5680 1763 5746 ﬁgura
1823 5683 2004 5736 crucis

435 5772 663 5841 siguari,
702 5782 789 5826 aut
821 5775 886 5827 ad
916 5774 1183 5825 orientem
1219 5773 1349 5825 verti
1396 5773 1534 5825 inter
1563 5776 1851 5837 orandum,
1879 5773 2004 5840 quis

2112 1923 2339 1994 ἢᾶλλον
2387 1924 2648 1996 κληρικδν
2706 1924 3029 1996 οἰουδήποτε
3087 1927 3329 1999 βαθμοῦ,
3387 1929 3662 2000 ἢμοναχδν

2117 2012 2234 2084 ἰδίῳ
2262 2015 2514 2085 ὀνόματι,
2551 2015 2585 2086 ἢ
2651 2014 2754 2086 τῆς
2784 2015 3080 2089 ἐκκλησίας
3110 2019 3144 2090 ἢ
3191 2017 3286 2073 τοῦ
3322 2023 3659 2091 μοναστηρίου

2114 2102 2422 2157 ύπεισιέναι
2483 2104 2907 2176 συγχωροῦμεν
2958 2107 3048 2161 ἵνα
3105 2107 3183 2179 μὴ
3224 2108 3313 2162 διὰ
3350 2110 3448 2179 τῆς
3477 2111 3662 2181 προφά-

2116 2208 2252 2258 σεως
2277 2195 2483 2264 ταύτης
2511 2196 2606 2252 καὶ
2635 2198 2748 2261 τοῖς
2803 2197 2983 2268 ἁγίοις
3003 2198 3177 2264 οἴκοις
3210 2198 3388 2270 ζημία
3438 2204 3658 2272 γένηται,

2114 2286 2210 2339 καὶ
2241 2286 2298 2339 αἰ
2359 2286 2499 2341 θεῖαι
2560 2289 2863 2360 ὑπηρεσίαι
2917 2291 3328 2363 ἐμποδίζωνται
3350 2310 3365 2325 ’
3388 2296 3479 2349 καί
3510 2295 3660 2351 ταῦτα

2121 2379 2223 2450 μὲν
2255 2380 2288 2450 ἡ
2319 2381 2510 2451 νεαρά.

2185 2469 2249 2521 Et
2276 2468 2333 2522 δὲ
2371 2469 2562 2541 ἀγάπη
2597 2472 2658 2526 τὸ
2680 2471 2868 2527 κινοῦν
2895 2473 3008 2545 εἴη,
3055 2456 3129 2529 δι’
3150 2477 3220 2546 ἢν
3255 2476 3353 2531 καὶ
3384 2477 3661 2549 τὰς’ψυχάς

2185 2498 2249 2521 ut
2276 2498 2333 2522 υδ
2371 2498 2562 2541 arum]
2597 2498 2658 2526 τυ
2680 2498 2868 2527 κινουν
2895 2498 3008 2545 ειη,
3058 2498 3109 2529 οι
3150 2498 3220 2546 ην
3255 2498 3353 2531 και
3384 2498 3572 2549 τας-ψυ
3608 2498 3658 2544 ας

2114 2558 2274 2629 ἡμῶν
2305 2558 2514 2614 τιθέναι
2543 2561 2685 2633 ὑπὲρ
2714 2562 2825 2615 τῶν
2852 2563 3099 2634 ἀδελφῶν
3121 2567 3517 2638 ἐντετάλμεθα,
3545 2498 3658 2635 egw,

2114 2649 2165 2702 εἰ
2205 2649 2502 2719 ἑλκόμενόν
2521 2664 2667 2716 τινα,
2701 2653 2797 2706 καὶ
2849 2654 3055 2723 ἐγγύας
3099 2658 3505 2729 ἀπαιτούμενον
3539 2656 3660 2730 ὑπέρ

2113 2755 2258 2802 τινος
2288 2740 2704 2810 παραστάσεως,
2750 2744 2845 2797 καί
2875 2740 2951 2815 τῷ
2996 2745 3071 2817 μὴ
3102 2745 3369 2801 δύνασθαι
3396 2747 3566 2802 δοῦναι
3592 2748 3658 2813 εἰς
3678 2752 3689 2771 ⁸

2115 2831 2342 2903 εἱρκτὴν
2388 2832 2782 2903 ἀπαγόμενον,
2834 2836 2943 2888 τῶν
2990 2854 3072 2901 τις
3125 2838 3407 2910 κληρικῷν
3436 2841 3659 2912 ἐλεήσας,

2114 2922 2319 2991 ἐγγύας
2347 2924 2490 2995 ὑπὲρ
2524 2924 2689 2977 αὐτοῦ
2709 2924 2847 2997 δοίη,
2881 2927 2959 2997 μὴ
2993 2929 3075 2982 δτι
3119 2930 3512 3002 καθαιρέσεως,
3544 2930 3661 2985 ἀλλὰ

2114 3016 2211 3069 καὶ
2240 3016 2517 3088 λαμπρῶν
2539 3015 2903 3090 ἀξιωθήσεται
2935 3021 3046 3076 τῶν
3083 3024 3291 3093 γερῶν,
3329 3022 3501 3096 οἶμαι,
3535 3026 3662 3095 παρά

2113 3108 2191 3178 τῷ
2210 3108 2406 3180 δικαίῳ
2432 3111 2619 3182 κριτῇ,
2650 3109 2727 3175 ὡς
2768 3114 3135 3184 εὐαγγελικὴν
3187 3116 3562 3190 πεπληρωκὼς
3586 3120 3660 3171 ἐν·

2042 3199 2085 3257 C
2118 3200 2301 3273 τολήν.

2790 3300 3011 3369 Νόμος.

2199 3385 2259 3442 ’0
2278 3387 2336 3442 δέ
2365 3389 2531 3459 νόμος
2575 3392 2701 3456 τοὺς
2728 3392 3024 3465 κληρικοὺς
3043 3393 3443 3468 δικαζομένους
3482 3394 3660 3466 ἐγγύας

2114 3477 2329 3533 κελεύει
2354 3481 2576 3540 διδόναι.

2195 3570 2265 3625 Ἥ
2289 3571 2348 3626 δὲ
2376 3573 2608 3643 ρηθεῖσα
2630 3574 3063 3640 ’Ῑδυστινιάνειος
3107 3582 3288 3653 νεαρὰ
3330 3583 3454 3646 τοὺς
3492 3581 3659 3652 κληρι-

2114 3661 2245 3728 κοὺς
2279 3664 2668 3736 δικαζομένους
2700 3668 2916 3723 κελεύει
2949 3673 3024 3742 μὴ
3074 3671 3283 3728 διδόναι
3313 3674 3529 3744 ἐγγύας,
3559 3670 3659 3727 ἀλλ’

2112 3754 2405 3825 ὁμολογίαν
2459 3761 2637 3812 ποιεῖν
2696 3760 3034 3832 ἐνυπόθηκον
3086 3762 3217 3816 ἄνευ
3253 3765 3441 3835 ὅρκου·
3475 3763 3658 3828 τοὺςδέ

2113 3844 2449 3910 ἐπισκόπους
2496 3846 2886 3920 δικαζομένους
2912 3856 3051 3924 μήτε
3077 3854 3284 3923 ἐγγύας
3310 3857 3520 3923 διδόναι,
3539 3857 3655 3927 μήτε

2113 3938 2405 4009 ὁμολογίαν
2437 3942 2639 3996 ποιεῖν.

2113 4029 2365 4085 ΚΕΦΑΛ.
2399 4030 2474 4084 Β’.
2494 4032 2637 4101 Περί
2660 4030 2816 4088 ἐθῶν
2844 4034 2954 4105 τῆς
2989 4035 3358 4107 Ἐκκλησίας
3380 4034 3654 4108 ἀγράφων.

2198 4120 2258 4176 '0
2312 4123 2489 4194 μέγας
2546 4126 2828 4190 Βασίλειος
2880 4130 2937 4182 ἐν
2971 4129 3070 4200 μὲν
3120 4134 3186 4202 τῇ
3217 4133 3357 4203 πρὸς
3417 4130 3653 4199 Διόδωρον

2112 4213 2394 4286 ἐπιστολῇ,
2452 4215 2514 4270 τδ
2539 4217 2794 4289 ἄγραφον
2854 4218 2979 4284 εθος
3032 4221 3204 4292 νόμου
3248 4223 3474 4293 δύναμιν
3524 4219 3652 4290 ἔχειν

2113 4310 2269 4376 φησι,
2295 4309 2385 4362 διὰ
2411 4309 2471 4363 τὸ
2520 4310 2627 4363 ὑπὸ
2674 4311 2847 4380 ἁγίων
2877 4310 3088 4385 ἀνδρῶν
3117 4316 3251 4379 τοὺς
3283 4316 3512 4387 θεσμοὺς
3538 4312 3652 4384 ἡμῖν

2112 4396 2511 4471 παραδοθῆναι.

2197 4489 2286 4542 Ἐν
2307 4490 2363 4543 δὲ
2389 4490 2466 4561 τῷ
2501 4489 2581 4555 κζ’
2601 4490 2709 4547 τῶν
2740 4492 2873 4564 πρὸς
2898 4493 2992 4548 τὸν
3027 4496 3300 4567 μακάριον
3332 4495 3652 4566 Ἀμφιλόχιον

2112 4581 2245 4649 περί
2274 4581 2367 4634 τοῦ
2389 4582 2545 4650 ἀγίου
2567 4582 2707 4635 Πνεύ
2716 4598 2885 4654 ματος
2901 4587 3310 4656 γεγραμμένων
3341 4585 3648 4656 κεφαλαίων.

2106 4672 2226 4726 Τῶν
2258 4675 2316 4727 ἐν
2342 4677 2408 4743 τῇ
2455 4675 2774 4749 Ἐκκλησία,
2809 4678 2966 4749 φησί,
3018 4679 3429 4749 φυλαττομένων
3472 4676 3653 4745 δογμά-

2107 4778 2216 4815 των
2244 4764 2339 4817 καὶ
2374 4768 2771 4836 κηρυγμάτων,
2801 4769 2870 4821 τὰ
2905 4769 3006 4839 μὲν
3033 4769 3098 4822 ἐκ
3133 4770 3232 4838 τῆς
3255 4770 3500 4841 ἀγράφου
3525 4767 3650 4820 διδα-

2108 4856 2336 4920 σκαλίας
2368 4858 2587 4929 ἔχομεν,
2620 4860 2690 4913 τὰ
2715 4860 2773 4913 δὲ
2803 4864 2868 4915 ἐκ
2896 4862 2995 4932 τῆς
3018 4862 3127 4915 τῶν
3153 4863 3466 4917 ἀποστόλων
3492 4875 3652 4929 παρα·

2104 4946 2304 5011 δόσεως
2331 4947 2639 5003 διαδοθέντα
2662 4948 2796 5021 ὴμῖν
2823 4954 2881 5006 ἐν
2929 4957 3215 5026 μυστηρίῳ
3240 4952 3649 5024 παρεδεξὰμεθαν

2108 5039 2253 5108 ἆπερ
2290 5040 2577 5111 ἀμφότερα
2601 5043 2700 5113 τὴν
2755 5045 2927 5114 αὐτὴν
2986 5045 3142 5114 ἰσχὺν
3171 5046 3283 5117 ἔχει
3335 5046 3468 5117 πρὸς
3487 5043 3650 5097 θεοσέ-

2106 5130 2282 5197 ϐειαν,
2312 5133 2410 5185 καὶ
2432 5133 2642 5187 τούτοις
2665 5134 2841 5197 οὐδεὶς
2872 5136 3112 5206 ἀντερεῖ,
3142 5137 3290 5200 ὅστις
3319 5140 3453 5190 κατὰ
3477 5132 3650 5205 μικρὸν

2106 5222 2238 5293 γοῦν
2272 5224 2493 5295 θεσμῶν
2538 5226 3013 5296 ἐκκληωαστικῶν
3073 5229 3421 5295 πεπείραται.
3468 5228 3526 5279 Ei
3552 5224 3649 5295 γὰρ

2106 5317 2566 5387 ἐπιχειρήσαιμεν
2598 5320 2665 5373 τὰ
2694 5318 2920 5392 ἄγραφα
2948 5322 3056 5376 τῶν
3084 5321 3247 5387 ἐθῶν,
3265 5322 3366 5385 ’ὡς
3398 5319 3469 5389 μὴ
3496 5336 3558 5389 με
3571 5318 3648 5384 γά-

2107 5406 2208 5477 λην
2237 5408 2432 5473 ἔχοντα
2462 5410 2563 5480 τὴν
2616 5409 2849 5480 δύναμιν
2881 5411 3293 5482 παραιτεῖσθαι,
3321 5411 3566 5478 λάθοιμεν
3588 5405 3645 5458 ἂν

2106 5499 2187 5560 εἰς
2218 5497 2361 5550 αὑτά
2388 5499 2460 5552 τὰ
2490 5500 2680 5569 καίρια
2714 5499 3041 5570 ζημιοῦντες
3061 5503 3122 5556 τὸ
3158 5501 3504 5569 Εύαγγέλιον,
3529 5495 3644 5568 μᾶλ-

2106 5588 2199 5643 λον
2231 5590 2290 5643 δὲ
2338 5591 2427 5663 εἰς
2473 5590 2647 5662 ὄνομα
2679 5592 2839 5662 ψιλὸν
2875 5600 3258 5666 περιϊστάντες
3288 5596 3348 5647 τὸ
3384 5594 3638 5661 κήρυγμα·

2103 5676 2238 5750 οἷον,
2262 5684 2337 5736 τῶ
2366 5689 2523 5754 τύπῳ
2578 5687 2642 5738 ιῦ
2682 5687 2920 5758 σταυροῦ
2971 5685 3487 5759 κατασημαίνεσθαι,
3519 5681 3592 5739 τίς
3619 5678 3641 5726 ὁ

2105 5772 2189 5827 διὰ
2215 5773 2541 5844 γράμματος
2565 5777 2801 5841 διδάξας,
2827 5778 2863 5847 ἦ
2887 5778 2944 5830 τὸ
2970 5777 3104 5847 πρὸς
3130 5776 3387 5838 ἀνατολὰς
3409 5772 3638 5835 ἐπίστω·
