3992 6396
337 322 492 419 seet

1344 356 1634 415 SYNTAG
1650 356 1753 415 MA
1780 357 2398 420 ALPIIABETiCUM.
2426 382 2491 391 -
2535 357 2606 417 E.

3478 360 3617 427 1262

355 467 485 536 φθαι
520 465 662 520 κατὰ
722 467 822 538 τὴν
882 454 1226 539 προσευχήνς
1280 467 1451 535 ὀλίγοι
1483 468 1591 540 γάρ
1626 469 1806 539 ἴσμεν,
1850 471 1933 523 ὅτι

2041 482 2134 537 per
2175 471 2386 526 litteras
2414 470 2639 525 docuit?
2682 470 2841 526 Pauci
2871 473 3014 527 enim
3039 475 3267 542 scimus,
3296 478 3444 548 quod
3473 492 3621 535 anu-

354 558 450 630 τὴν
479 557 713 627 ἀρχαίαν
746 557 1018 628 ζητοῦμεν
1053 558 1310 628 πατρίδα,
1358 559 1447 611 τὸν
1486 559 1841 631 παράδεισον,
1872 561 1931 614 ὃν

353 651 655 720 ἐφύτευσεν
705 653 733 704 ὀ
777 652 909 715 Θεὸς
964 655 1024 705 ἑν
1089 652 1253 722 Ἐδὲμ
1307 654 1451 706 κατὰ
1500 653 1789 725 ἀνατολάς.
1820 655 1935 709 Καὶ

352 746 503 817 ὀρθοὶ
536 747 640 814 μὲν
670 744 992 815 πληροῦμεν
1014 746 1112 808 τὰς
1151 744 1319 814 εὐχὰς
1359 747 1425 816 τῇ
1462 747 1564 816 μιᾷ
1587 745 1695 798 τῶν
1726 744 1934 799 σαϐϐά-

352 856 479 903 των,
506 838 596 891 τὸν
626 838 685 891 δὲ
714 839 871 905 λόγον
894 839 955 890 οὐ
982 836 1183 901 πάντες
1207 837 1453 907 οἴδαμεν.
1493 838 1566 889 Οὐ
1612 836 1721 907 γὰρ
1765 836 1928 905 μόνον

351 928 425 991 ὡς
455 929 890 989 συναναστάντες
917 928 1163 1000 Χριστῷ,
1192 928 1288 981 καὶ
1313 929 1383 980 τὰ
1416 928 1529 982 ἅνω
1564 928 1751 998 ζητεῖν
1780 926 1933 997 ὀφεί-

351 1013 534 1088 λομεν,
570 1020 687 1073 ἀλλ’
718 1022 801 1072 ὅτι
825 1021 920 1073 καὶ
949 1021 1101 1073 δοκεί
1143 1037 1261 1083 πως
1291 1018 1436 1087 αὕτη
1490 1018 1585 1072 τοῦ
1622 1020 1935 1089 προσδοκω-

354 1113 518 1183 μένου
554 1112 748 1175 αἰῶνος
774 1109 914 1165 εἶναι
968 1111 1156 1177 εἰκὼν,
1197 1113 1295 1182 μία
1325 1112 1461 1167 οὖσα
1493 1113 1526 1182 ὴ
1569 1110 1707 1172 αὐτὴ
1732 1111 1935 1163 ἀνακυ-

351 1204 633 1271 κλουμένη
659 1204 754 1256 καὶ
780 1202 967 1271 ὀγδόη,
1009 1204 1465 1274 ἀναγκαίωςπὰς
1504 1207 1561 1255 ὲν
1592 1203 1729 1273 αὐτῇ
1764 1219 1938 1272 προσα-

353 1297 521 1363 ευχὰς
586 1294 822 1358 ἑστῶτες
904 1296 1381 1365 ἀποπληροῦμεν,
1449 1295 1536 1348 ἵνα
1602 1296 1666 1365 τῇ
1724 1296 1936 1364 συνεχεῖ

353 1388 670 1456 ὑπομνήσει
725 1387 827 1456 τῆς
884 1387 1243 1458 ἀτελευτήτου
1295 1387 1466 1457 ζωῆς,
1513 1387 1623 1441 τῶν
1673 1386 1807 1456 προς
1836 1389 1933 1455 τὴν

350 1477 650 1530 ἀνάστασιν
679 1477 900 1546 ἐκείνην
932 1477 1163 1546 ἐφοδίων
1196 1478 1273 1549 μὴ
1303 1477 1625 1547 ἀμελῶμεν.

658 1569 798 1636 Περὶ
837 1568 947 1636 τῆς
971 1571 1145 1638 ἁγίας
1168 1568 1619 1638 Πεντηκοστῆς.

421 1660 530 1714 Καὶ
554 1661 702 1715 πᾶσα
726 1661 783 1713 δὲ
812 1663 845 1729 ἡ
881 1663 1237 1730 Πεντηκοστὴ
1268 1662 1369 1731 τῆς
1388 1663 1447 1716 ἑν
1474 1661 1551 1730 τῷ
1584 1661 1743 1715 αίῶνι
1768 1677 1937 1727 προσ-

349 1751 662 1821 δνκωμένης
694 1752 1042 1816 ἀναστάσεως
1062 1755 1210 1805 ἐστιν
1239 1753 1565 1823 ὑπόμνημα.
1605 1753 1670 1806 Ἦ
1700 1754 1808 1823 γὰρ
1837 1754 1936 1821 μία

349 1843 533 1910 ἐκείνη
554 1844 648 1897 καὶ
669 1842 856 1915 πρώτη
880 1844 1082 1914 ἡμέρα,
1105 1845 1336 1908 ἑπτάκις
1357 1843 1919 1909 ἑπταπλασιασθείσα,

350 1939 448 2000 τὰς
482 1938 621 1991 ἑπτὰ
653 1939 748 2007 τῆς
785 1937 936 2006 ἱερᾶς
967 1939 1349 2009 Πεντηκοστῆς
1393 1937 1693 2006 ἑϐδομάδας
1723 1937 1925 1991 ἀποτε-

349 2030 431 2086 λε.
463 2031 560 2083 Διά
588 2029 653 2100 δὴ
676 2030 830 2082 τοῦτο
864 2031 958 2082 καὶ
981 2032 1010 2084 ὁ
1045 2030 1219 2099 μέγας
1247 2030 1432 2084 οὐτοσὶ
1462 2029 1769 2095 Βασίλειος,
1825 2029 1925 2093 τὰς

355 2119 703 2189 ίλαστηρίους
761 2119 945 2187 εὐχὰς,
1003 2118 1097 2173 ἐπὶ
1128 2122 1196 2191 τῇ
1247 2122 1342 2173 τοῦ
1405 2121 1561 2189 ἁγίου
1614 2119 1928 2189 Πνεύματος

352 2211 639 2282 ἐπιδημίᾳ,
668 2210 867 2279 ἄριστα
893 2210 1069 2263 πάντα
1100 2211 1431 2282 θεολογήσας
1456 2230 1517 2267 τε
1550 2213 1643 2266 καὶ
1665 2211 1929 2281 συνθέμε-

354 2317 462 2365 νος,
496 2300 586 2353 καὶ
619 2299 851 2370 δουλικῷ
890 2299 968 2370 τῷ
1005 2301 1245 2372 σχήματι
1301 2302 1506 2356 κλίνειν
1553 2305 1680 2371 γόνυ
1726 2319 1933 2374 παρεγη

353 2390 567 2461 γυήσας
596 2388 673 2458 τῷ
697 2389 829 2460 λαῷ,
856 2390 1062 2443 τούτων
1093 2390 1181 2445 ἐπ’
1223 2393 1549 2463 Ἐκκλησίας
1577 2395 1931 2465 ἑκφωνουμέ-

350 2500 479 2557 νων,
505 2482 603 2552 τὴν
628 2483 915 2538 αὐοεντίαν
937 2483 1031 2552 τῆς
1064 2486 1304 2555 φυσικῆς
1343 2486 1598 2557 Θεότητος
1641 2504 1933 2558 προσμαρ-

353 2574 531 2645 τυρῶν
564 2575 857 2629 κάντεῦθεν
884 2576 965 2645 τῷ
988 2576 1292 2646 Πνεύματι,
1342 2580 1443 2633 οὐκ
1464 2579 1603 2652 ᾤετο
1639 2581 1752 2639 δεῖν
1808 2582 1935 2637 ταύ·

351 2683 451 2728 τας
483 2666 1050 2733 ὑπαναγινὼσκεσθαι,
1090 2669 1157 2738 τῇ
1192 2668 1352 2742 τρίτῃ
1380 2669 1500 2740 ὥρᾳ
1523 2674 1620 2740 τῆς
1658 2676 1932 2742 κυριωνύ-

356 2774 460 2827 μου
491 2759 584 2812 καὶ
619 2758 1001 2827 Πεντηκοστῆς
1028 2759 1122 2813 τοῦ
1175 2760 1366 2831 Πάσχα
1402 2764 1640 2833 ἡμέρας,
1696 2764 1820 2821 καθ’
1864 2764 1933 2836 ἣν

355 2847 509 2917 ὥραν
538 2865 598 2901 τε
626 2849 722 2903 καὶ
773 2850 985 2919 ἡμέραν
1010 2850 1071 2903 τὸ
1105 2852 1372 2919 πανάγιον
1410 2853 1632 2923 Πνεῦμα
1656 2857 1936 2925 coracino-

356 2941 563 3000 στόλοις
612 2940 1038 3011 ἐπιδεδήμηκε-ιν.
1079 2941 1154 2995 Οὐ
1179 2939 1379 3015 γὰρῆν
1422 2944 1597 3009 σῶζον
1627 2946 1806 3015 λόγον,
1845 2947 1939 3000 τὸν

356 3033 643 3103 ὑποφήτην
673 3032 779 3085 τῶν
806 3033 1008 3103 ὀργίων
1052 3033 1147 3087 τοῦ
1191 3034 1531 3105 Ιινεύματος,
1558 3039 1772 3107 καὶτῆς
1819 3041 1934 3094 Ἐκ-

2042 3035 2398 3095 Pentecostes
2457 3043 2743 3116 privilegia
2798 3051 3013 3118 magnis
3074 3059 3356 3125 mysteriis

2035 576 2200 632 quam
2249 562 2481 637 patriam
2516 564 2837 632 quaerimus,
2892 567 3204 632 paradisum
3250 584 3414 639 quem
3470 572 3615 630 Deus

2036 652 2303 723 plantavit
2350 655 2406 709 in
2463 655 2609 711 Eden
2656 656 2724 713 ab
2770 657 3016 713 Oriente.
3052 657 3121 712 Et
3158 675 3348 729 preces
3388 663 3612 733 quidem

2035 755 2243 801 stantes
2268 748 2582 818 peragimus
2605 750 2659 801 in
2691 749 2865 816 prima
2909 750 3305 818 Sahbatorum,
3344 758 3612 811 rationem

2035 846 2218 891 autem
2281 853 2390 892 non
2441 854 2634 894 omnes
2684 842 2914 897 scimus.
2958 841 3076 896 Νόη
3126 845 3305 900 solum
3337 848 3504 911 enim,
3559 859 3619 902 ut

2036 928 2126 997 qui
2162 943 2286 983 cum
2323 929 2543 987 Christo
2591 933 3074 998 consurreximus,
3123 950 3244 1001 qua:
3271 952 3437 1006 supra
3489 949 3617 995 sunt

2037 1034 2290 1089 quarere
2311 1020 2598 1086 debemus,
2632 1022 2725 1077 sed
2753 1024 2898 1092 quod
2931 1025 3182 1081 videatur
3204 1043 3327 1084 esse
3349 1033 3619 1099 quodam-

2038 1110 2203 1165 modo
2237 1110 2427 1164 saeculi
2463 1112 2611 1180 quod
2663 1123 3015 1182 exspectatur
3066 1117 3269 1187 imago,
3319 1136 3445 1175 cum
3498 1124 3617 1191 ipsa

2038 1198 2384 1254 circularitcr
2408 1210 2628 1256 vertens
2651 1203 2825 1271 prima
2851 1204 2922 1258 sit
2949 1216 3004 1261 et
3031 1218 3248 1263 octava.
3286 1210 3620 1269 Necessario

2036 1290 2206 1360 igitur
2242 1291 2518 1348 orationes
2540 1293 2595 1346 in
2618 1309 2682 1347 ea
2712 1303 2923 1351 stantes
2946 1292 3284 1368 plangimus,
3307 1312 3366 1359 ut
3397 1309 3619 1362 assidua

2037 1382 2469 1438 commonitione
2509 1382 2632 1437 vitae
2683 1401 2964 1454 nunquam
3023 1391 3303 1460 desiturze,
3355 1398 3616 1456 viaticum

2039 1475 2107 1528 ad
2141 1489 2260 1533 eam
2296 1476 2840 1545 transmigrationem
2871 1497 2978 1536 non
3016 1485 3381 1555 negligamns.

2485 1567 2564 1631 De
2599 1577 2789 1623 sancta
2831 1571 3157 1633 Pentecoste.

2111 1657 2287 1713 Porro
2324 1666 2435 1712 tota
2457 1675 2680 1731 quoque
2710 1662 3029 1721 Pentecoste
3050 1677 3134 1722 est
3169 1675 3619 1742 resurrectionis,

2039 1762 2160 1817 quae
2212 1747 2264 1803 in
2294 1752 2494 1806 saeculo
2553 1764 2928 1824 exspectatur,
2983 1772 3424 1820 monumctum.
3466 1766 3620 1824 Unus

1955 1824 2173 1897 Bcnim
2227 1841 2321 1896 ille
2381 1851 2436 1898 et
2490 1845 2702 1914 primus
2751 1847 2870 1904 dies
2922 1857 3126 1921 septies
3190 1860 3614 1927 septuplicatus.

2030 1942 2239 2003 septem
2292 1949 2467 1991 sacrae
2513 1936 2867 1997 Pentecostcs
2904 1942 3277 2005 hebdomadas
3319 1951 3503 2009 elicit.
3546 1958 3616 2011 Et

2032 2034 2316 2093 propterea
2365 2043 2596 2097 magnus
2633 2032 2735 2086 iste
2795 2032 3032 2091 Basilius
3065 2052 3256 2107 preces
3287 2047 3619 2114 propitiato-

2036 2117 2148 2171 rias
2179 2118 2246 2171 de
2287 2116 2533 2188 Spiritus
2573 2123 2753 2177 sancti
2788 2126 3030 2182 adventu
3079 2132 3290 2200 optime
3339 2140 3614 2208 omnium,

2032 2216 2197 2276 prout
2259 2209 2573 2280 theologum
2607 2213 2788 2281 decet,
2815 2231 3175 2289 componens,
3233 2233 3291 2280 et
3340 2227 3470 2283 dum
3502 2231 3624 2287 istae

2034 2301 2492 2369 pronuntiantur,
2525 2307 2787 2376 populum
2815 2323 2975 2380 gestu
3030 2316 3217 2370 servili
3251 2322 3623 2388 genuﬂectere

2030 2389 2252 2463 iubens,
2278 2391 2589 2466 divinaque
2626 2407 2841 2457 natura:
2867 2411 3194 2472 potestatem
3223 2412 3444 2481 spiritui
3470 2431 3623 2473 com-

2036 2494 2313 2555 petentem
2350 2489 2548 2545 exinde
2578 2500 2876 2559 attestans,
2935 2511 3043 2552 non
3092 2506 3353 2561 censebat
3397 2523 3493 2565 eas
3539 2510 3623 2567 le-

2039 2575 2243 2643 gendas
2270 2593 2395 2634 esse
2431 2581 2565 2637 liora
2607 2585 2770 2638 tertia
2794 2586 2911 2643 ,diei
2942 2587 3243 2650 Dominicis
3275 2612 3306 2652 a
3349 2597 3622 2671 Paschate

2039 2667 2540 2741 Quinquagcsintm,
2578 2690 2685 2745 qua
2733 2677 2867 2734 hora
2909 2689 2964 2737 et
2991 2683 3080 2740 die
3115 2685 3357 2756 Spiritus
3389 2667 3621 2752 sanctus

2038 2762 2094 2815 in
2144 2765 2420 2833 apostolos
2460 2766 2761 2826 descendit.
2784 2772 3095 2832 Absurdum
3128 2781 3277 2837 enim
3310 2794 3396 2840 est
3422 2789 3617 2845 existi-

2042 2870 2195 2910 mare
2228 2858 2375 2926 quod
2404 2860 2494 2927 qui
2518 2860 2761 2931 Spiritus
2797 2869 3058 2936 mysteria
3083 2870 3478 2943 interpretatus
3506 2892 3617 2950 est,

2041 2955 2096 3001 et
2145 2947 2199 3002 in
2241 2949 2480 3007 Ecclesia
2535 2953 2683 3024 leges
2726 2957 2840 3024 dat,
2893 2962 3167 3027 praedictae
3230 2967 3526 3029 Dominicte
3568 2947 3623 3031 et

3406 3078 3621 3121 anneta

356 3126 587 3194 κλησίας
641 3124 731 3176 τὸν
797 3124 1117 3195 νομοθέτην,
1170 3125 1270 3195 τῆς
1315 3126 1599 3196 Κυριακῆς
1644 3128 1782 3198 ὁμοῦ
1840 3130 1934 3182 καὶ

2044 3129 2377 3186 destrueret.
2434 3134 2648 3191 Idcirco
2669 3139 2738 3192 ad
2775 3155 3060 3211 vesperam
3097 3124 3342 3214 ejusdem
3380 3154 3489 3211 diei
3528 3161 3624 3212 ha-

355 3215 737 3284 Πεντηκοττῆς
763 3214 827 3267 τὰ
857 3215 1093 3285 ρηθέντα
1120 3217 1414 3270 καταλύειν
1444 3218 1734 3289 πρεσϐεῖα,
1763 3222 1938 3289 μεγά-

352 3308 462 3362 λων
519 3306 841 3379 μυστηῴων
902 3306 1271 3377 ἐξηρτημένα.
1330 3310 1517 3384 Ταύτῃ
1578 3328 1661 3365 τοι
1716 3315 1811 3367 καὶ
1866 3315 1933 3384 τῇ

354 3401 567 3471 ἑσπέρᾳ
590 3401 685 3470 τῆς
743 3399 915 3468 αὐτῆς
961 3401 1172 3471 ἡμέρας
1199 3401 1405 3456 τούτων
1436 3404 1808 3474 ἐταμιεύσατο
1837 3408 1938 3477 τὴν

355 3495 685 3560 ἀνάγνωσιν,
710 3490 832 3544 καθ’
858 3490 983 3563 ἥνῆ
1029 3509 1089 3544 τε
1116 3493 1283 3562 κυρία
1339 3494 1446 3545 τῶν
1493 3496 1716 3566 ἡμερῶν
1767 3500 1861 3552 καὶ
1904 3500 1938 3571 ἡ

356 3583 707 3654 Πεντηκοστὴ
754 3582 900 3645 τέλος
934 3583 1033 3654 ἤδη
1066 3583 1352 3653 λαμϐάνει,
1387 3586 1443 3637 αἱ
1474 3586 1528 3638 δὲ
1554 3588 1653 3657 τῆς
1682 3589 1939 3659 δευτέρας

354 3677 571 3746 ἡμέρας
598 3674 762 3744 ἁρχαὶ
792 3673 1244 3739 καταδάλλοντσι,
1269 3676 1375 3729 ἀπὸ
1401 3676 1634 3747 ἑϐδόμης
1669 3677 1817 3749 ὥρας
1838 3681 1939 3746 τὰς

354 3770 527 3838 ἀρχὰς
560 3766 655 3834 τῆς
686 3764 977 3835 ὐστεραίας
1014 3765 1253 3834 ἑκάστης
1291 3767 1481 3829 εἰωθὸς
1519 3769 1693 3838 δήπου
1724 3769 1939 3841 λογίζε-

357 3858 520 3913 σθαι·
549 3858 709 3910 τοῦτο
763 3860 871 3926 γὰρ
918 3860 1016 3928 οὐχ
1043 3859 1192 3920 ὅπως
1239 3861 1305 3933 τῇ
1333 3858 1657 3931 Ἐκκλησία,
1694 3862 1811 3914 ἀλλ’
1835 3863 1937 3933 ἤδη

354 3952 447 4004 καὶ
478 3952 590 4011 τοῖς
616 3948 909 4012 πολιτικοῖς
944 3948 1090 4002 δοκεί
1113 3951 1317 4019 νόμοις,
1374 3949 1471 4006 καὶ
1505 3954 1616 4013 τοῖς
1641 3954 1706 4024 τῇ
1737 3954 1936 4024 ἀστρο-

355 4043 512 4113 λογίᾳ
536 4042 882 4114 ἐσχολακόσιν
907 4059 919 4071 ·
951 4044 998 4095 εὶ
1024 4043 1117 4095 καὶ
1145 4041 1342 4096 πλάνον
1366 4045 1477 4107 τοῖς
1504 4043 1720 4127 πολλοῖς
1742 4047 1938 4117 ἐνῆκεν

356 4137 389 4209 η
421 4134 526 4186 τῶν
555 4132 730 4203 εὐχῶν
754 4133 844 4186 ἐπὶ
874 4133 970 4201 τῆς
991 4131 1229 4203 ἑσπέρας
1256 4132 1583 4201 ἀνάγνωσις,
1608 4138 1675 4207 τῇ
1709 4135 1938 4208 δευτέρᾳ

354 4227 451 4296 τὴν
475 4225 567 4279 τοῦ
601 4228 758 4295 ἁγίου
781 4224 1101 4295 Πνεύματος
1128 4224 1477 4295 ἐπιφοίτησιν
1505 4226 1933 4296 ἐπιγράφεσθαι,

356 4318 390 4386 ﬁ
418 4318 475 4369 δέ
511 4319 625 4369 ἑστι
667 4316 981 4386 μεθέορτος,
1014 4313 1090 4377 ὥς
1121 4330 1185 4382 γε
1219 4314 1283 4385 δὴ
1316 4319 1408 4368 καὶ
1445 4316 1499 4368 αἱ
1533 4316 1767 4387 καθεξῆς
1803 4320 1937 4390 ἡμέ.

356 4422 449 4475 ραι
482 4405 578 4472 τῆς
611 4407 778 4474 αὐτῆς
809 4403 1102 4473 ἑϐδομάδος
1124 4418 1139 4433 ·
1183 4402 1308 4457 καθ’
1339 4403 1406 4474 ἦν
1438 4421 1494 4457 τε
1532 4404 1744 4477 ἡμέραν
1773 4410 1800 4461 ὁ
1824 4425 1938 4463 πα·

2044 3236 2168 3279 rum
2200 3238 2429 3292 precum
2489 3226 2779 3284 lectionem
2816 3236 3170 3303 reservabat,
3221 3255 3334 3310 quo
3374 3251 3629 3316 tempore.

2043 3314 2320 3382 praecipua
2379 3316 2619 3385 dierum,
2666 3321 2881 3378 scilicet
2935 3323 3258 3386 Pentecoste
3314 3314 3520 3403 linitur,
3563 3351 3618 3395 et

2045 3404 2283 3463 secunda
2337 3405 2457 3463 dies
2507 3408 2731 3465 initium
2785 3414 2990 3481 sumit;
3049 3418 3253 3476 etenim
3302 3438 3333 3478 a
3385 3429 3620 3494 septima

2044 3495 2180 3549 hora
2206 3495 2427 3554 initium
2452 3499 2892 3573 uniuscujusque
2910 3508 3014 3562 diei
3036 3514 3318 3579 sequentis
3337 3523 3618 3576 numerari

2045 3586 2214 3654 solet;
2250 3587 2324 3645 ita
2350 3590 2495 3644 enim
2527 3606 2637 3646 non
2688 3595 2869 3651 solum
2904 3597 3166 3657 Ecclesiae
3199 3615 3254 3659 et
3290 3586 3498 3678 legibus
3539 3615 3622 3667 ci-

2043 3677 2267 3742 vilibus.
2320 3680 2417 3736 sed
2468 3691 2524 3736 et
2554 3688 2915 3743 astronomia
2946 3704 3163 3762 quoque
3207 3677 3401 3767 peritis
3441 3703 3619 3758 visum

2042 3776 2127 3823 est
2177 3785 2190 3821 :
2234 3771 2489 3838 quamvis
2516 3771 2682 3829 lectio
2734 3777 2966 3834 istarum
3022 3796 3247 3851 precum
3290 3789 3344 3842 in
3390 3805 3618 3862 vespera

2042 3859 2313 3928 plurimos
2336 3860 2393 3921 in
2423 3878 2669 3920 errorem
2708 3866 2945 3934 induxit,
2991 3880 3050 3928 ut
3078 3874 3186 3929 diei
3216 3882 3463 3936 secundo
3489 3859 3622 3955 Spi-

2045 3952 2181 4009 ritus
2226 3952 2556 4016 descensum
2629 3960 2992 4028 ascriberent,
3043 3966 3136 4034 qui
3194 3980 3280 4024 est
3326 3973 3443 4028 dies
3496 3952 3623 4045 post

2044 4042 2264 4112 festum,
2296 4046 2437 4102 sicut
2472 4057 2529 4103 et
2553 4049 2750 4120 reliqui
2799 4053 2959 4110 istius
3001 4061 3344 4127 septimanae.
3392 4042 3622 4138 Insuper

2043 4130 2096 4185 in
2125 4148 2233 4202 quo
2280 4136 2369 4190 die
2399 4146 2553 4195 vetus
2594 4140 2679 4195 lex
2722 4143 3046 4202 tradebatur
3094 4149 3235 4220 (erat
3280 4164 3462 4210 autem
3516 4130 3623 4216 iste

2041 4222 2389 4299 Pentecoste)
2416 4229 2467 4283 in
2495 4246 2563 4286 eo
2583 4231 2856 4291 Paracleli
2879 4239 3179 4297 descensus
3195 4248 3448 4317 contigit,
3480 4256 3622 4308 unde

2045 4331 2212 4372 unum
2237 4328 2292 4373 et
2319 4321 2572 4377 eumdem
2605 4322 2779 4382 fuisse
2801 4327 2936 4399 legis
2963 4334 3164 4389 veteris
3200 4343 3255 4391 et
3280 4354 3435 4395 novae
3460 4342 3614 4414 ιιι

2043 4408 2414 4478 legislatorem
2476 4415 2775 4475 indicatur.
2828 4421 2896 4475 Et
2934 4438 3130 4480 rursus
3162 4427 3418 4488 dicitzln

353 4496 511 4559 λαιδς
540 4496 744 4551 ἐδίδοτο
795 4496 957 4565 νόμος
987 4494 1373 4567 (Πεντηκοστὴ
1410 4496 1465 4549 δὲ
1494 4492 1561 4566 ἦν
1585 4498 1781 4571 αὐτὴ,)
1816 4500 1934 4553 κατ’

2049 4516 2266 4571 quaque
2291 4504 2675 4573 genuﬂexione
2704 4520 2760 4568 et
2798 4518 3183 4574 assurectione
3214 4522 3392 4592 reipsa
3440 4537 3625 4582 osten—

355 4588 568 4660 ἑκείνην
614 4588 709 4640 καὶ
739 4588 771 4657 ἡ
800 4588 892 4640 τοῦ
925 4586 1289 4658 Παρακλήτου
1322 4588 1689 4658 ἐπιφοίτησις,
1718 4593 1815 4644 καὶ
1842 4592 1938 4645 ἕνα

355 4681 451 4734 καὶ
488 4681 578 4731 τὸν
607 4680 766 4733 αὐτὸν
821 4678 1072 4734 ἐντεῦθεν
1109 4679 1210 4748 τῆς
1254 4679 1501 4743 Παλαιᾶς
1533 4683 1629 4734 καὶ
1664 4682 1765 4752 τῆς
1791 4684 1939 4747 Νέας

355 4774 649 4845 νομοθέτην
678 4771 1061 4844 γνωρίζεσθαι.
1089 4773 1199 4826 Καὶ
1238 4772 1397 4838 αὖθίς
1431 4791 1567 4845 φησι
1605 4791 1619 4805 ⁸
1656 4777 1769 4829 Καὶ
1814 4775 1936 4829 καθ’

354 4864 591 4933 ἑκάστην
622 4862 676 4914 δὲ
725 4862 1072 4939 γονμκλισίαν
1103 4864 1196 4916 καὶ
1245 4862 1617 4920 διανάστασινί
1660 4865 1808 4942 ἑργῳ
1831 4867 1937 4921 δεί-

359 4973 585 5026 κνυμεν,
619 4956 699 5025 δτι
717 4954 806 5007 διὰ
838 4954 936 5024 τῆς
966 4955 1247 5025 ἁμαρτίας
1276 4958 1356 5021 εἰς
1387 4956 1493 5025 γῆν
1519 4957 1933 5029 κατερῥύημεν,

358 5047 454 5098 καὶ¹
481 5046 567 5098 διά
597 5046 693 5114 τῆς
724 5044 1320 5115 φιλανθρωπίαςαῧθις
1349 5047 1443 5100 τοῦ
1474 5048 1759 5110 κτίσαντος
1786 5050 1936 5121 ἡμᾶς

358 5142 435 5198 εἰς
475 5137 702 5206 οὐρανὸν
755 5136 1157 5206 ἁνελλήθημεν.
1213 5135 1295 5196 Τὰ
1334 5137 1391 5190 δὲ
1441 5140 1541 5208 τῆς
1591 5141 1935 5211 ἐπικλήσεως

358 5230 575 5300 ῥήματα
605 5229 696 5281 ἐπὶ
722 5224 815 5281 τοῦ
864 5227 1030 5298 ἄρτου
1063 5229 1164 5297 τῆς
1193 5229 1546 5300 εὐχαριστίας
1582 5231 1676 5284 καὶ
1707 5232 1800 5285 τοῦ
1836 5250 1936 5286 ποι

352 5319 546 5393 τηρίου
569 5321 669 5387 τῆς
696 5318 965 5385 εὐλογίας,
1002 5320 1084 5382 τίς
1114 5319 1223 5372 τῶν
1257 5321 1429 5387 ἁγίων
1474 5323 1770 5391 ἐγγράφως
1803 5325 1937 5393 ἡμῖν

355 5411 779 5477 καταλέλοιπεν;
805 5412 880 5464 Οὐ
911 5411 1019 5480 γὰρ
1049 5411 1259 5475 τούτοις
1282 5412 1622 5483 ἀρκούμεθα,
1645 5407 1719 5467 ὧν
1737 5414 1939 5468 sum:

356 5502 542 5564 στολος
582 5503 676 5554 καὶ
707 5504 766 5554 το
790 5501 1123 5569 Εὐαγγὲλιον
1150 5502 1491 5573 ἐπεμνήσθη,
1519 5503 1656 5556 ἀλλὰ
1677 5505 1939 5575 προλέγο-

360 5610 483 5664 μεν,
514 5595 607 5645 καὶ
634 5594 960 5662 ἑπιλέγομεν
992 5593 1177 5664 ἔτερα,
1204 5595 1280 5657 ὡς
1309 5595 1553 5665 μεγάλην
1580 5593 1773 5664 ἔχοντα
1801 5598 1938 5667 πρὸς

357 5684 417 5736 τὸ
452 5684 757 5753 μυστήριον
818 5684 993 5752 ἰσχὺν,
1050 5685 1115 5736 ἐκ
1167 5684 1269 5751 τῆς
1298 5685 1544 5754 ἀγράφου
1590 5686 1935 5750 διδασκαλίας

363 5773 809 5845 παραλαϐόντες·
861 5775 919 5828 τὸ
950 5775 1190 5842 εὐλογεῖν
1218 5774 1279 5829 τὸ
1303 5775 1446 5848 ὕδωρ
1499 5776 1593 5830 τοῦ
1624 5776 1937 5847 βαπτίσμα-

2043 4592 2248 4661 dimus,
2292 4599 2441 4666 quod
2480 4611 2710 4671 propter
2758 4615 3043 4674 peccatum
3085 4608 3142 4663 in
3174 4620 3375 4668 terram
3412 4617 3620 4687 delapsi

2043 4695 2259 4751 sumus,
2293 4693 2347 4739 et
2383 4701 2478 4754 per
2500 4689 2621 4758 ejus
2656 4692 2750 4760 qui
2796 4709 2898 4749 nos
2945 4698 3152 4752 creavit
3182 4699 3528 4760 clementiam
3564 4709 3618 4762 in

2044 4775 2246 4832 omium
2297 4779 2540 4833 revocati
2593 4795 2808 4838 sumus.
2848 4782 3020 4839 Porro
3054 4787 3420 4847 inrocationis
3454 4797 3618 4852 verba

2043 4881 2166 4939 qua:
2196 4867 2250 4920 in
2285 4869 2608 4925 ostensione
2638 4872 2795 4940 panis
2819 4873 3199 4941 Eucltaristize,
3231 4890 3284 4933 et
3310 4884 3501 4939 calicis
3531 4887 3622 4941 be-

2046 4954 2382 5011 nedictionis
2408 4956 2687 5024 dicuntur,
2721 4958 2846 5026 quis
2879 4976 2947 5015 ex
2981 4966 3186 5018 sanctis
3225 4968 3384 5023 nobis
3413 4971 3618 5041 scripta

2041 5047 2310 5119 reliquit?
2364 5047 2484 5103 Non
2549 5050 2694 5104 enim
2733 5051 2800 5106 iis
2849 5054 3041 5121 utique
3109 5061 3355 5113 contenti
3399 5078 3621 5130 sumus.

2040 5156 2279 5210 quorum
2306 5139 2607 5211 Apostolus
2639 5141 2719 5198 vel
2743 5141 3102 5215 Evangelium
3129 5152 3401 5218 mctninit,
3435 5157 3528 5209 sed
3564 5168 3621 5210 et

2041 5231 2353 5301 praefamur,
2408 5241 2464 5287 et
2505 5234 2611 5289 alia
2641 5235 3057 5306 subjungimus,
3110 5251 3170 5296 ut
3195 5259 3319 5314 quae
3360 5262 3617 5316 magnam

2040 5325 2150 5379 vim
2193 5325 2429 5381 habeant
2474 5325 2542 5380 ad
2574 5329 2923 5398 mysterium,
2967 5348 3033 5387 ex
3066 5349 3174 5389 non
3233 5338 3432 5407 scripta
3484 5340 3619 5393 dnc-

2041 5417 2185 5470 trina
2250 5415 2305 5471 id
2373 5416 2732 5488 accipientes.
2796 5420 3006 5491 Aquam
3083 5425 3338 5496 baptismi
3385 5431 3616 5486 benedi-

2041 5524 2189 5574 cere,
2237 5516 2291 5564 et
2338 5509 2617 5565 unctionis
2666 5511 2871 5580 oleum,
2912 5513 3092 5595 ipsum
3118 5518 3283 5572 etiam
3317 5520 3410 5589 qui
3444 5522 3618 5591 bapti-

2040 5613 2224 5667 zatur,
2277 5600 2567 5671 ipsamque
2606 5601 2833 5673 insuper
2879 5605 2987 5661 olei
3042 5614 3387 5677 unctionem,
3426 5623 3482 5667 et
3512 5614 3619 5668 alia

2047 5704 2269 5760 quoque
2331 5706 2453 5761 quae
2509 5691 2657 5747 circa
2709 5696 3040 5764 baptismum
3096 5698 3257 5767 ﬁunt,
3303 5707 3619 5763 renuntiare

2047 5782 2265 5838 Satanae
2290 5792 2345 5839 et
2377 5783 2587 5853 angelis
2609 5784 2754 5854 ejus,
2784 5800 2850 5842 ex
2879 5786 3123 5858 quatiam
3145 5802 3275 5851 sunt
3305 5797 3618 5870 scriptura!
