3992 6410
467 366 606 429 1Ξὸ3

1658 368 2028 432 MATTIIBI
2068 370 2496 432 BLASTARIS

3552 367 3661 437 126i

460 481 656 534 Nonne
704 494 771 534 ex
802 480 904 535 hac
951 494 1060 536 non
1094 478 1373 552 publicata
1419 488 1472 536 et
1521 495 1721 537 arcana
1756 485 2025 551 doctrina,

2141 503 2252 552 τος,
2281 487 2374 540 καὶ
2400 486 2461 539 τὸ
2495 485 2673 539 ἔλαιον
2699 454 2805 555 Ιτῆς
2838 483 3094 556 χρίσεως,
3135 483 3227 538 καὶ
3274 483 3481 556 προσέτι
3525 489 3661 545 αὐτὸν

459 588 625 641 quam
661 573 715 626 in
746 572 974 628 minime
996 575 1216 629 curioso
1243 583 1298 629 et
1341 589 1684 645 nequaquam
1712 577 1834 647 plus
1864 566 2041 648 quam‘

458 674 679 731 oportet
734 666 1097 735 investigante
1126 667 1346 722 silentio
1401 666 1592 723 Patres
1625 671 2029 734 custodierunt,

461 768 609 811 recte
635 757 712 810 illi
747 756 925 811 edocti
971 773 1092 826 quae
1123 767 1250 812 sunt
1276 757 1329 812 in
1379 754 1655 830 mysteriis
1687 762 1945 830 praeclara
1976 770 2033 817 et

460 848 763 903 veneranda
794 848 1013 903 silentio
1036 851 1296 905 servare?
1328 850 1462 916 Quae
1489 852 1634 906 enim
1667 870 1732 907 ne
1760 855 2030 923 suspicari

455 942 674 1007 quidem
728 941 855 994 licet
906 940 973 995 lis
1005 942 1098 1009 qui
1138 955 1245 995 non
1300 949 1429 995 sunt
1479 945 1752 1014 mysteriis
1802 944 2026 1008 initiati,

456 1032 735 1100 quomodo
793 1041 1230 1088 consentaneum
1263 1044 1352 1089 est
1403 1048 1593 1089 eorum
1626 1034 1933 1091 doctrinam
1972 1037 2027 1090 in

456 1127 676 1194 scriptis
738 1123 1118 1193 triumphare?
1179 1124 1307 1180 Haec
1360 1133 1445 1179 est
1505 1142 1692 1179 eorum
1743 1140 1864 1196 qua}
1916 1141 2027 1181 non

455 1217 657 1286 scripta
689 1222 818 1270 sunt
843 1214 1154 1269 traditionis
1198 1216 1361 1278 ratio,
1413 1225 1473 1268 ut
1505 1230 1572 1269 ne
1607 1216 1805 1286 saepius
1825 1216 2027 1284 agitata

454 1312 771 1377 dogmatum
791 1306 1029 1378 cognitio
1046 1307 1234 1361 multis
1254 1306 1378 1360 vilis
1400 1317 1453 1361 et
1480 1308 1876 1361 contemnenda
1902 1306 2027 1361 red-

452 1403 614 1457 datur
669 1409 892 1472 propter
958 1398 1439 1454 consuetudinem.
1501 1398 1664 1453 Aliud
1726 1407 1810 1454 est
1874 1400 2023 1454 enim

454 1494 677 1564 dogma,
705 1504 757 1547 et
787 1491 937 1546 aliud
978 1490 1329 1561 praedicatio;
1366 1492 1620 1559 dagmata
1666 1490 1814 1545 enim
1841 1498 2025 1546 tacen-

456 1593 565 1649 tur,
621 1582 1043 1651 prtedicationes
1102 1596 1231 1635 vero
1284 1580 1658 1650 publicantur.
1699 1579 1796 1636 Est
1841 1592 2025 1637 autem

450 1677 619 1731 etiam
646 1674 853 1730 silentii
884 1674 1096 1745 species
1126 1674 1460 1739 obscuritas,
1489 1689 1598 1744 qua
1628 1673 1802 1729 utitur
1832 1673 2022 1743 Scrip-

452 1778 595 1833 tura,
629 1782 751 1836 qua!
803 1765 983 1820 reddit
1029 1766 1349 1836 dogmatum
1402 1764 1730 1819 sententiam
1780 1776 2025 1820 contem-

2137 576 2229 631 τὸν
2260 576 2688 647 βαπτιζόμενον,
2750 576 2888 630 ἀλλὰ
2917 576 3016 630 καὶ
3067 576 3234 646 αὐτὴν
3279 578 3374 648 τὴν
3394 578 3481 633 τοῦ
3510 580 3664 638 ἐλαίου

2135 670 2338 740 χρίσιν,
2375 670 2472 723 καὶ
2497 672 2565 722 τὰ
2590 668 2691 722 ὅσα
2721 668 2851 737 περὶ
2883 668 2945 721 τὸ
2968 667 3251 739 βάπτισμα
3269 685 3285 702 ·
3310 670 3368 722 τὸ
3395 672 3666 727 ἀποτάσσεο

2135 761 2259 816 σθαι
2299 761 2377 832 τῷ
2403 762 2612 832 σατανᾷ
2666 761 2761 814 καὶ
2790 762 2904 824 τοῖς
2946 760 3202 828 ἀγγέλοις
3232 759 3414 826 αὐτοῦ,
3442 763 3504 815 ἐκ
3531 766 3668 829 ποίας

2133 852 2252 905 ἐστὶ
2282 852 2540 924 Γραφῆς;
2572 853 2671 905 οὐκ
2694 854 2758 905 ὲκ
2792 851 2892 920 τῆς
2924 852 3323 922 ἀδημοσιεύτου
3369 853 3557 925 ταύτης
3590 856 3672 909 καὶ

2131 942 2448 1014 ἀπορρήτου
2497 943 2866 1009 διδασκαλίας,
2924 943 2993 1014 ἢν
3051 943 3109 995 ὲν
3162 942 3670 1015 ἀπολυπραγμονήτῳ

2131 1033 2230 1087 καὶ
2295 1035 2616 1105 ἀπσριέργῳ
2652 1036 2779 1104 σιγῇ
2811 1035 2860 1087 οί
2914 1033 3162 1104 Πατέρες
3208 1033 3363 1103 ήμῶν
3410 1035 3672 1103 ἐφύλαξαν,

2131 1124 2312 1187 καλῶς
2335 1126 2533 1179 ἐκείνοι
2558 1125 2934 1193 δεδιδαγμένοι
2969 1125 3080 1178 τῶν
3115 1125 3426 1197 μυστηρίων
3445 1126 3508 1180 τὰ
3528 1126 3676 1195 σεμνά

2133 1217 2315 1287 σιωπῇ
2347 1214 2820 1281 διασώζεσθαι;Ἃ
2869 1214 2979 1284 γὰρ
3029 1214 3152 1268 οὐδὲ
3192 1214 3501 1268 ἐποπτεύειν
3525 1215 3677 1280 ἔξεστι

2128 1308 2238 1367 τοῖς
2270 1274 2561 1375 ἀμυήτοις,
2594 1274 2786 1359 τούτου
2816 1274 2933 1368 πῶς
2947 1274 3020 1375 ἦν
3058 1305 3206 1367 εἰκὸς
3235 1305 3334 1376 τὴν
3360 1274 3709 1376 διδασκαλίανξ

2130 1374 2487 1467 θριαμϐεύειν
2514 1398 2573 1449 ω
2598 1395 2969 1484 γράμμασιν
3022 1387 3194 1456 Οὗτος
3226 1396 3253 1447 6
3284 1374 3433 1463 λόγος
3462 1394 3553 1462 τῆς
3587 1374 3707 1497 τῶνὶ

2126 1488 2394 1557 ἀγράφων
2424 1489 2567 1542 ἐθῶν
2615 1476 2994 1559 παραδόσεως,
3017 1487 3094 1551 ὡς
3131 1485 3206 1558 μὴ
3241 1476 3706 1555 καταμεληθεῖσαν⁸

2127 1580 2236 1633 τῶν
2266 1579 2552 1651 δογμάτων
2574 1580 2673 1650 τὴν
2694 1580 2919 1648 γνῶσιν,
2946 1578 3418 1649 εὐκαταφρόνητον
3441 1581 3548 1639 τοῖς
3567 1576 3678 1629 πολ-

2127 1669 2239 1733 λοῖς
2270 1669 2532 1739 γενέσθαι
2580 1672 2671 1724 διὰ
2701 1669 3019 1741 συνήθειαν.
3047 1668 3211 1722 Ἄλλο
3239 1667 3337 1738 μὲν
3362 1667 3469 1737 γὰρ
3500 1667 3676 1735 δόγμα,

2135 1764 2232 1816 καὶ
2262 1762 2391 1817 ἀλλο
2412 1764 2696 1833 κήρυγμα.
2754 1762 2836 1814 Τὰ
2868 1763 2966 1833 μὲν
2997 1760 3105 1832 γὰρ
3132 1761 3382 1831 δόγματα
3416 1758 3679 1823 σιωπᾶται,

450 1861 602 1930 platu
653 1858 957 1923 ditiicilem,
1004 1858 1070 1913 ad
1106 1873 1297 1928 eorum
1355 1858 1649 1913 utilitatem
1710 1858 1804 1927 qui
1867 1859 1920 1913 in
1963 1867 2025 1914 e'a

2130 1855 2198 1908 τὰ
2233 1854 2290 1908 δὲ
2319 1855 2656 1925 κηρύγματα
2713 1853 3140 1924 δημοσιεύεται·
3202 1852 3412 1921 σιωπῆς
3461 1850 3514 1905 δὶ
3561 1846 3680 1911 εἶδος

450 1952 727 2006 incidunt.
781 1950 925 2015 Quin
969 1959 1023 2004 et
1073 1949 1431 2019 apostolicum
1475 1964 1599 2004 esse
1647 1948 1931 2015 existimo,
1972 1948 2029 2004 in
2067 2006 2078 2016 ,

450 2044 839 2099 traditionibus
892 2057 998 2096 non
1048 2042 1268 2111 scriptis
1337 2056 1679 2111 permanere.
1743 2042 1802 2095 lu
1850 2043 2027 2112 prima

448 2137 591 2191 cnim
634 2135 812 2206 Epist.
867 2134 934 2189 ad
986 2133 1509 2189 Thessalonicenscs
1542 2150 1556 2186 :
1597 2154 1616 2184 ‹
1649 2133 1799 2188 State
1836 2134 2022 2204 igitur,

449 2227 667 2289 fratres,
693 2236 747 2280 et
773 2224 1099 2278 traditiones
1130 2232 1370 2288 servate,
1418 2239 1557 2293 quas
1581 2223 1875 2285 didicistis.
1909 2226 2027 2281 sive

450 2333 546 2385 per
586 2329 893 2379 sermones,
945 2314 1064 2368 sive
1110 2327 1207 2382 per
1256 2315 1534 2383 epistolas.
1574 2333 1594 2365 ι
1660 2315 1773 2369 Hoc
1800 2316 2026 2386 insuper

450 2410 516 2464 ι).
556 2406 989 2476 Chrysostomus
1019 2404 1345 2474 caplicans:
1384 2402 1614 2468 Exinde,
1653 2403 1849 2474 inquit,
1909 2418 2025 2457 ma-

447 2499 708 2555 nifestum
735 2506 841 2562 est,
885 2499 1032 2567 quod
1068 2512 1178 2551 non
1210 2496 1398 2550 omnia
1429 2511 1528 2565 per
1556 2497 1822 2565 epistolas
1851 2496 2024 2551 tradi-

447 2592 667 2653 derunt,
706 2589 798 2644 sed
831 2588 1001 2642 multa
1033 2588 1153 2642 sine
1184 2587 1427 2657 scriptis.
1474 2586 1741 2643 Similiter
1769 2599 1875 2643 tam
1906 2588 2023 2643 haec

446 2699 612 2753 quam
650 2683 742 2736 illa
775 2681 880 2737 tide
914 2681 1078 2747 digna
1133 2693 1282 2745 sunt,
1330 2688 1389 2735 ut
1452 2681 1801 2735 traditionem
1840 2681 2021 2736 eccle-

445 2775 722 2830 siastiram
787 2773 891 2828 tide
944 2773 1164 2842 dignam
1217 2786 1574 2839 censeamus;
1633 2772 1855 2829 traditio
1911 2782 2019 2843 est,

446 2868 583 2923 nihil
618 2866 855 2938 amplius
880 2880 1145 2936 quaeras..

725 3133 879 3190 CAP.
907 3134 998 3189 111.
1022 3132 1099 3187 De
1127 3133 1355 3188 moribus
1392 3132 1737 3190 ercanicis.

2135 1948 2234 2001 καὶ
2258 1948 2292 2017 ἡ
2320 1947 2584 2016 ἀσάφεια,
2612 1942 2646 2020 ᾗ
2677 1947 2877 2017 χρῆται
2902 1948 2938 2018 ἡ
2963 1945 3180 2017 ι’ραφὴ,
3213 1944 3574 2014 δυσθεώρητον
3594 1958 3679 1996 κα-

2131 2039 2549 2104 τασκευάζουσα
2577 2039 2684 2092 τῶν
2715 2039 3000 2109 δογμάτων
3029 2038 3122 2091 τὸν
3167 2037 3316 2103 νοῦν,
3354 2036 3485 2106 πρδς
3514 2035 3569 2088 τδ
3592 2034 3680 2087 τῶν

2133 2131 2577 2200 ἐντυγχανόντων
2604 2129 2884 2193 λυσιτελές
2909 2142 2924 2158 ⁸
2949 2130 3044 2182 καὶ
3065 2127 3427 2182 ἀποστολικὸν
3452 2127 3504 2179 δὲ
3533 2123 3678 2194 δῐμαι,

2128 2219 2189 2272 τὸ
2213 2223 2332 2282 ταῖς
2362 2221 2637 2289 ἀγράφοις
2670 2218 3010 2291 παραδόσεσι
3064 2219 3432 2287 παραμένειν.
3466 2218 3548 2270 Ἕν
3572 2215 3682 2285 γοῦν

2126 2313 2197 2381 τῇ
2229 2311 2369 2382 πρὸς
2420 2311 2838 2374 Θεσσαλονικεῖς
2885 2309 3103 2383 πρώτῃ,
3147 2312 3296 2381 Ἀρα
3323 2305 3437 2373 οὖν,
3462 2308 3678 2376 ἀδελφοὶ,

2130 2404 2362 2473 στήκετε
2390 2403 2484 2456 καὶ
2511 2406 2765 2473 κρατεῖτε
2791 2402 2891 2465 τὰς
2916 2402 3250 2472 παραδόσεις
3278 2400 3343 2464 ἃς
3372 2400 3679 2470 ἐδιδάχθητε,

2128 2495 2239 2548 εἴτε
2263 2495 2352 2549 διὰ
2390 2494 2586 2563 λόγων,
2641 2495 2753 2548 εἴτε
2808 2494 2876 2547 δι’
2916 2494 3243 2561 ἐπιστολῶν,
3298 2493 3455 2546 τοῦτο
3494 2493 3682 2545 πάλινό

2129 2586 2273 2652 θεῖος
2331 2586 2698 2658 ἐξηγούμενος
2745 2586 3157 2656 Χρυσόστομος,
3194 2584 3497 2650 Ἐντεῦθεν,
3544 2585 3681 2654 φησὶ,

2124 2678 2306 2748 δῆλον,
2341 2681 2423 2733 ὅτι
2456 2680 2516 2733 οὐ
2539 2680 2719 2734 πάντα
2741 2677 2810 2732 δι’
2838 2677 3136 2747 ,ἐπιστολῆς
3164 2677 3537 2747 παρεδίδοσαν,
3559 2674 3676 2727 ἀλλά

2124 2770 2295 2825 πολλά
2316 2771 2412 2825 καὶ
2448 2771 2733 2841 ἀγράφως.
2777 2769 3012 2840 Ὁμοίως
3041 2768 3099 2821 δὲ
3154 2768 3388 2821 κάκεῖνα
3418 2766 3507 2819 καὶ
3530 2763 3683 2818 ταῦτά

2124 2864 2274 2916 ἐστιν
2299 2862 2611 2929 ἀξιόπιστα,
2643 2860 2784 2913 ὥστε
2820 2859 2915 2913 καί
2945 2857 3043 2924 τὴν
3098 2857 3407 2928 παράδοσιν
3440 2856 3527 2927 τῆς
3570 2855 3679 2908 Ἑκ-

2122 2955 2353 3027 κλησίας
2379 2954 2688 3020 ἀξιόπιστον
2707 2951 2991 3025 ἡγούμεθα
3007 2968 3020 2983 ·
3043 2950 3351 3019 παράδοσίς
3373 2951 3509 3015 ἐστι,
3533 2947 3678 3019 μηδὲν

2122 3050 2285 3103 πλέον
2316 3050 2486 3121 ζήτει.
3152 3038 3161 3041 ⁵

2403 3145 2656 3201 ΚΕΦᾹΛ.
2674 3146 2750 3201 Γ’.
2779 3145 2922 3216 Περὶ
2941 3146 3097 3200 ἐθῶν
3109 3140 3508 3211 Ἑλληνικῶν.

518 3226 908 3299 Sexagesimus
941 3228 1220 3282 secundus
1250 3242 1300 3280 vt
1332 3241 1458 3311 syn.
1492 3241 1617 3281 can.
1648 3225 1836 3281 ﬁdeles
1865 3224 2014 3281 Grat-

2212 3234 2274 3293 Ὀ
2307 3235 2385 3301 ξδ’
2412 3237 2513 3305 τῆς
2541 3244 2596 3303 ς’
2653 3193 2882 3291 συνόδού
2916 3235 3097 3311 κανῶν
3128 3237 3193 3289 τὸ
3235 3193 3528 3306 ἑλῖληνικοῖς
3557 3228 3685 3283 ἔθεσι
3781 3284 3791 3301 η

444 3319 652 3374 canicis
707 3317 954 3372 moribus
1001 3317 1185 3379 inuiti,
1216 3317 1581 3386 perniciosum
1615 3317 1786 3372 ducit.
1823 3315 2021 3373 Kalen-

442 3411 542 3465 das
573 3410 779 3479 itaquc,
807 3418 861 3463 et
887 3409 1045 3473 B0ta,
1068 3418 1122 3462 et
1150 3407 1448 3472 Brumalia,
1480 3416 1534 3463 et
1563 3409 1878 3478 huiusmodi
1914 3409 2019 3464 alia

443 3505 696 3559 meminit
756 3505 809 3557 in
851 3504 1052 3573 quibus
1110 3501 1285 3557 Graeci
1325 3501 1587 3573 mysteria
1616 3503 1896 3557 celebrare
1926 3517 2020 3558 so-

442 3599 648 3653 lebant.
689 3595 756 3650 Et
812 3596 1014 3651 festum
1065 3594 1287 3664 quidem
1342 3593 1709 3649 Kalendarum
1756 3595 1810 3648 in
1841 3595 2018 3664 prima

440 3688 683 3744 Januarii
748 3689 950 3742 mensis
1001 3687 1089 3740 die
1154 3687 1450 3755 quotannis
1500 3685 1902 3750 celebrabatur,
1952 3700 2019 3740 eo

441 3782 585 3850 quod
619 3789 748 3834 tunc
782 3781 1044 3848 temporis
1079 3782 1207 3832 luna
1236 3787 1552 3842 renovetur,
1587 3786 1641 3832 et
1674 3778 1795 3845 ejus
1823 3778 2019 3832 funda-

441 3881 687 3926 mentum
742 3868 944 3923 abhiuc
991 3869 1271 3935 Statuitur,
1323 3868 1470 3937 quod
1507 3876 1677 3922 totum
1719 3876 1932 3937 tempus
1957 3883 2019 3924 se

437 3961 681 4031 jucunde
737 3970 1118 4015 transacturos
1163 3960 1574 4015 existimabant.
1627 3960 1686 4014 In
1739 3960 1844 4014 tria
1884 3973 2018 4015 vero

439 4055 713 4108 mensium
751 4051 868 4106 dies
923 4042 1231 4106 diviserunt
1279 4051 1549 4105 Romani:
1602 4051 1740 4107 alias
1795 4050 2017 4121 quidem

443 4144 1142 4206 Kalendas‘nominarunt,
1184 4143 1319 4198 alias
1345 4158 1476 4197 vero
1500 4141 1706 4208 Nonas,
1736 4144 1875 4198 alias
1923 4158 2022 4197 au-

443 4250 552 4293 tem
586 4239 740 4292 Idus.
795 4235 926 4289 Bota
989 4234 1242 4305 equidem
1305 4233 1465 4299 Pani,
1512 4244 1568 4289 ut
1616 4236 1783 4291 habet
1814 4236 2018 4304 fabula,

441 4333 790 4395 dediearunt,
839 4338 1103 4397 tanquam
1164 4328 1459 4396 pecoribus
1489 4337 1541 4382 et
1586 4328 1780 4385 ovibus
1810 4330 2024 4400 prospi-

443 4427 631 4481 cienti.
662 4422 942 4476 Brumalia
977 4431 1156 4474 autem
1188 4420 1273 4474 vel
1308 4419 1555 4488 llusalia,
1596 4422 1758 4475 etiam
1796 4424 1956 4477 hodie
1989 4437 2021 4476 a

447 4516 679 4572 rusticis
718 4524 843 4584 post
876 4521 1127 4567 sanctum
1158 4513 1370 4567 Pascha
1405 4513 1674 4569 celebrari
1708 4515 2018 4581 videantur,
2050 4546 2098 4603 ι)

443 4625 566 4679 quae
597 4607 813 4661 Baccho
847 4621 878 4659 α
928 4604 1132 4659 Graecis
1168 4604 1434 4658 celebrata
1491 4604 1733 4660 fuerunt.
1762 4605 2019 4662 Bromius

442 4702 587 4756 enim
629 4699 771 4769 apud
807 4699 929 4752 illos
961 4706 1044 4751 est
1076 4698 1149 4750 illi
1191 4698 1514 4765 epithetum.
1549 4698 1687 4751 Tolli
1719 4698 1883 4751 etiam
1908 4700 2022 4753 vult

442 4812 564 4849 can.
602 4804 656 4847 et
680 4794 879 4847 festum
908 4792 960 4844 iu
989 4791 1162 4857 prima
1189 4789 1376 4845 Martis
1399 4792 1487 4844 die
1535 4789 1892 4856 celebratum,
1926 4805 2024 4859 pro

443 4888 570 4942 anni
613 4884 798 4940 forsan
859 4891 1249 4954 tempestatum
1291 4891 1346 4936 et
1379 4883 1522 4937 aeris
1555 4883 1859 4951 temperie;
1894 4898 2021 4938 nam

442 4979 692 5034 Graecum
729 4986 847 5032 erat
881 4986 934 5031 et
962 4977 1085 5034 hoc.
1132 4974 1199 5028 Et
1231 4974 1476 5044 publicas
1535 4975 1829 5029 mulierum
1857 4975 2024 5030 salta-

442 5072 643 5134 tiones,
677 5080 935 5137 tanquam
973 5068 1036 5120 ad
1072 5066 1352 5120 libidinem
1386 5067 1713 5132 excitantes,
1746 5068 2020 5137 prohibet;

443 5170 498 5211 et
523 5158 845 5211 muliebrem
882 5165 1085 5209 vestem
1109 5154 1285 5217 viros,
1319 5153 1400 5208 vel
1434 5165 1640 5208 vestem
1672 5154 1790 5208 viro
1821 5169 2022 5210 conve-

445 5250 689 5304 nientem
732 5249 1016 5302 mulierem
1063 5248 1313 5312 induere,
1391 5256 1452 5300 ut
1502 5247 1725 5315 quidem
1775 5244 2023 5302 fecerunt

444 5341 539 5411 qui
583 5340 797 5394 Baccho
857 5337 1055 5393 festum
1115 5338 1372 5407 agebant.
1426 5334 1597 5390 Porro
1647 5347 1699 5391 et
1757 5352 2022 5407 personas

445 5432 686 5488 comicas
717 5433 966 5496 induere,
997 5444 1118 5499 qua:
1150 5431 1216 5481 ad
1260 5428 1526 5497 quosdam
1562 5437 1864 5483 scommate
1898 5445 2023 5498 per-

444 5525 794 5594 strittgendos
846 5523 1004 5592 112
1035 5530 1397 5575 exercentur:
1447 5521 1532 5574 vel
1592 5522 1851 5591 tragicas,
1898 5538 2022 5592 qua:

447 5624 668 5669 movent
703 5612 929 5667 aﬂ‘ectus
980 5621 1037 5666 et
1090 5610 1333 5664 inferunt
1358 5611 1537 5665 luctus
1567 5629 1580 5666 :
1616 5616 1698 5666 vel
1727 5616 2034 5684 satyricas;

449 5720 570 5773 qua:
601 5706 654 5758 in
694 5705 890 5759 Bacchi
926 5706 1186 5757 honorem
1228 5721 1255 5757 a
1290 5704 1501 5774 Satyris
1524 5713 1577 5758 et
1624 5708 1847 5762 Bacchis
1878 5708 2020 5764 cele-

449 5795 699 5851 brantur.
731 5796 929 5851 Bacchi
967 5810 1094 5851 vero
1134 5810 1331 5851 nomen
1369 5798 1422 5851 in
1469 5798 1835 5853 torcularibus
1864 5802 2021 5856 invo—

2127 3328 2254 3392 τοὺς
2296 3331 2521 3392 πιστοὺς
2579 3330 2956 3401 προσανέχειν,
3007 3328 3116 3383 τῶν
3160 3328 3425 3399 ὀλεθρίων
3472 3323 3683 3396 ἡγεῖται.

2128 3423 2414 3484 Καλάνδας
2442 3422 2595 3491 γοῦν,
2630 3425 2724 3477 καὶ
2759 3422 2910 3493 βοτὰ,
2939 3424 3032 3475 καὶ
3063 3421 3393 3492 βρουμάλια,
3423 3420 3511 3472 καὶ.
3529 3414 3686 3470 τοιαῦθ

2125 3531 2197 3568 τα
2230 3514 2499 3585 μέμνηται
2532 3513 2687 3578 ἄττα,
2723 3514 2781 3566 έν
2805 3508 2886 3577 οἷς
2924 3513 3145 3575 τελετὰς
3176 3513 3333 3582 ἄγειν
3369 3514 3476 3574 τοῖς
3511 3507 3685 3576 Ἕλλη·

2131 3621 2214 3658 σιν
2247 3605 2469 3658 εἴθιστο.
2500 3606 2609 3658 Καὶ
2643 3606 2675 3676 ἡ
2707 3605 2805 3675 μὲν
2832 3604 2942 3657 τῶν
2969 3604 3253 3658 καλανδῶν
3297 3604 3457 3676 ἑορτὴ
3485 3599 3686 3670 ὲτησὶως

2130 3696 2188 3750 ἔν
2222 3698 2290 3767 τῇ
2324 3694 2370 3749 α’
2423 3696 2516 3749 τοῦ
2560 3697 2894 3768 Ἰανουαρίου
2947 3697 3180 3750 ἐτελεῖτο
3234 3697 3427 3767 μηνὸς,
3456 3693 3531 3764 τῷ
3554 3707 3685 3760 τηνιο

2130 3786 2305 3841 καῦτα
2334 3788 2431 3858 τὴν
2454 3789 2684 3859 σελήνην
2709 3788 3175 3853 ἀνακαινίζεσθαι,
3211 3790 3309 3844 καὶ
3340 3788 3430 3840 τὸν
3462 3785 3686 3856 θεμέλιον

2128 3879 2329 3950 ταύτης
2362 3878 2585 3933 αὐτόθεν
2605 3878 2956 3950 ψηφίζεσθαι,
2984 3880 3272 3949 οἰομένους
3311 3878 3428 3949 μετ’
3450 3873 3685 3945 εὐθυμίας

2129 3973 2220 4025 τδν
2248 3971 2369 4024 ὅλον
2393 3971 2600 4039 διάγειν
2629 3971 2842 4042 χρόνον.
2866 3971 2960 4034 Είς
2988 3971 3115 4041 τρία
3152 3971 3212 4025 δὲ
3242 3971 3464 4041 διῄρουν
3492 3970 3538 4022 οἱ
3573 3966 3687 4020 Ῥω·

2133 4065 2282 4135 μαῖοι
2311 4064 2418 4117 τῶν
2448 4065 2634 4136 μηνῶν
2663 4064 2761 4128 τὰς
2782 4065 2998 4136 ἡμέρας
3019 4081 3034 4095 ’
3067 4064 3163 4117 καὶ
3188 4065 3289 4129 τὰς
3310 4066 3407 4136 μὲν
3435 4059 3685 4132 ὠνόμαζον

2129 4153 2421 4219 καλάνδας,
2468 4156 2566 4217 τὰς
2596 4153 2674 4219 δὲ,
2713 4156 2936 4223 νόννας,
2993 4154 3090 4217 τὰς
3117 4155 3199 4221 δὲ,
3236 4155 3433 4220 εἰδούς,
3477 4153 3542 4205 τά
3562 4151 3614 4203 δέ
3631 4164 3686 4217 γε

2132 4244 2260 4315 βοτά
2281 4244 2357 4313 τῷ
2391 4246 2544 4308 Πανί,
2570 4245 2645 4308 ὼς
2673 4247 2700 4298 6
2722 4245 2884 4315 λῆρος
2919 4246 3053 4315 ἔχει,
3097 4248 3337 4313 ἀνεῖντο,
3364 4240 3449 4298 οἶα
3480 4242 3581 4297 τῶν
3609 4240 3685 4311 βο⁴

2128 4335 2260 4399 τῶν,
2300 4335 2419 4406 ἦτοι
2444 4335 2553 4388 τῶν
2589 4335 2876 4406 προϐάτων
2910 4336 3113 4407 ὲφόρῳ.
3143 4337 3227 4390 Τά
3259 4338 3443 4406 μέντοι
3472 4330 3687 4406 βρουμά-

2128 4428 2217 4480 λια
2245 4427 2279 4498 ἢ
2313 4427 2593 4499 ρουσάλια,
2626 4429 2722 4481 καὶ
2753 4428 2814 4481 τὸ
2846 4429 3084 4498 τήμερον
3136 4423 3283 4480 εἶναι
3313 4427 3449 4499 μετὰ
3477 4425 3534 4477 τὸ
3554 4425 3687 4491 ἅγιον

2130 4518 2322 4589 Πάσχα
2354 4520 2412 4571 ὲν
2444 4520 2555 4581 τοῖς
2589 4519 2847 4590 ἀγρόταις
2883 4523 3152 4591 γενόμενα
3184 4521 3288 4573 ῐδοι
3336 4536 3421 4582 τις
3451 4518 3534 4580 ἂν,
3562 4516 3687 4578 άπερ

2127 4607 2407 4661 ὲτὲλοῠντό
2432 4625 2564 4661 ποτε
2587 4609 2665 4679 τῷ
2687 4610 2925 4681 Διονύσῳ
2948 4611 3097 4680 παρά
3128 4615 3241 4672 τοῖς
3264 4610 3509 4680 Ἕλλησι.
3540 4600 3688 4675 Βροῦ-

2130 4717 2226 4769 μος
2256 4701 2365 4771 γὰρ
2393 4701 2523 4771 παρ’
2551 4703 2731 4765 αὐτοῖς
2761 4702 2931 4770 τούτῳ
2966 4703 3238 4756 ἐπίθετον.
3292 4699 3689 4771 Περιαιρεθῆναι

2124 4792 2181 4845 δὲ
2219 4790 2469 4861 βούλεται
2504 4795 2531 4847 ό
2561 4793 2741 4847 κανὼν
2768 4794 2862 4848 καὶ
2890 4797 2990 4863 τὴν
3037 4797 3096 4847 έν
3121 4798 3188 4864 τῇ
3250 4801 3299 4848 α’
3331 4794 3425 4846 τοῦ
3463 4788 3686 4861 Μαρτίου

2124 4874 2458 4956 τελουμένην
2511 4885 2703 4955 ἑορτὴν
2741 4885 3020 4957 (έλληνικὴ
3050 4887 3107 4938 δὲ
3137 4882 3205 4955 ἦν
3231 4886 3329 4938 καὶ
3354 4884 3537 4952 αὕτη),
3566 4880 3687 4948 ὑπὲρ

2123 4975 2221 5044 τῆς
2241 4977 2351 5030 τῶν
2381 4977 2540 5047 ὡρῶν
2563 4977 2703 5047 τάχα
2731 4979 2825 5032 καὶ
2843 4977 2938 5031 τοῦ
2966 4979 3125 5046 ἀέρος
3150 4976 3470 5046 εὐκρασίαςε
3496 4970 3687 5028 Κωλύει

2125 5068 2218 5121 καὶ
2250 5069 2349 5131 τὰς
2378 5068 2486 5122 τῶν
2518 5069 2756 5138 γυναίων
2789 5070 3053 5141 δημοσίας
3112 5069 3394 5139 ὀρχήσεις,
3443 5068 3516 5130 ὡς
3569 5062 3688 5132 πρὸς

2125 5162 2421 5216 ἀκολασίαν
2476 5162 2825 5233 ὲρεθιζούσας
2853 5178 2868 5194 ο
2912 5164 3005 5217 καὶ
3055 5163 3116 5215 τ’)
3148 5160 3469 5230 γυναικείαν
3518 5152 3686 5224 στολὴν

2122 5254 2250 5316 τοὺς
2311 5254 2509 5322 ἄνδρας
2561 5252 2862 5321 ἐνδύεσθαι,
2926 5253 2960 5324 ἢ
3002 5256 3270 5322 γυναῖκας
3311 5252 3410 5322 τὴν
3452 5248 3687 5320 ἀνδράσιν

2125 5345 2405 5416 ἁρμόδιον,
2441 5344 2517 5407 ὥς
2549 5361 2613 5413 γε
2639 5345 2703 5415 δὴ
2731 5345 2900 5413 ἔδρων
2929 5343 2979 5396 oi
3012 5344 3095 5413 τῷ
3142 5340 3388 5407 Διονύσῳ
3413 5336 3686 5412 βακχεύον-

2121 5437 2365 5499 τες.”Ετι
2392 5452 2452 5489 τε
2468 5436 2791 5506 προσωπεῖα
2814 5433 3037 5504 κωμικὰ
3060 5433 3409 5496 ὑποδύεσθαι,
3426 5433 3504 5494 είς
3528 5428 3690 5495 σκώμ-

2127 5547 2271 5600 ματα
2305 5528 2454 5581 ἔστιν
2484 5521 2558 5579 ὧν
2597 5526 3037 5598 ἐπιτηδευόμενα
3060 5540 3074 5557 ⁸
3103 5525 3137 5596 ἢ
3168 5525 3431 5593 τραγικὰ,
3461 5522 3527 5574 τὰ
3551 5533 3689 5588 περι·

2124 5621 2296 5691 παθῆ,
2342 5622 2435 5674 καὶ
2489 5620 2723 5691 θρήνους
2754 5620 3090 5689 ἐμποιοῦντα
3114 5635 3128 5650 ο
3159 5617 3189 5688 ἢ
3219 5617 3507 5688 σατυρικὰ,
3529 5615 3592 5668 τὰ
3617 5614 3689 5673 είς

2120 5715 2287 5783 τιμὴν
2343 5713 2420 5783 τῷ
2466 5715 2707 5782 Διονύσῳ
2746 5712 3049 5783 τελούμενα
3104 5711 3258 5779 παρά
3309 5709 3559 5779 Σατύρων
3602 5711 3688 5761 καὶ

2123 5805 2371 5874 Βάκχων.
2409 5802 2481 5858 Τὸ
2519 5804 2574 5857 δὲ
2606 5805 2663 5858 ἐν
2695 5805 2805 5867 τοῖς
2848 5802 3025 5875 ληνοῖς
3050 5804 3111 5857 τὸ
3147 5800 3241 5867 τοῦ
3294 5802 3543 5857 Διονύσου
3577 5801 3685 5853 ἑπι-
