3992 6394
227 446 241 457 ,
270 383 409 449 1Ξ65

1328 389 1738 451 SYNTAGMA
1781 386 2410 448 ALPHABETICUM.
2446 410 2515 421 -
2542 384 2607 447 E.

3439 378 3595 444 1286'

274 492 458 562 λέγειν
488 494 679 567 ὄνομα,
715 497 810 551 καὶ
855 497 967 562 τοῖς
1000 498 1179 563 πίθοις
1210 500 1571 571 ἐπιχεομένου
1602 501 1697 553 τοῦ
1727 501 1872 555 οἴνου

1995 511 2127 561 :are,
2160 504 2218 550 et
2269 497 2399 550 vino
2453 494 2618 550 doliis
2671 491 2855 548 infuso
2909 489 3250 555 cachinnari,
3285 491 3571 560 quomodo

274 587 693 658 ἐπικαγχάζειν,
727 590 846 654 πῶς
873 591 974 644 οὐκ
1005 592 1246 662 ἀτεχνῶς
1271 592 1564 655 δυσσεϐἐς;
1600 592 1662 645 '0
1692 594 1875 646 τοίνυν

276 679 459 733 κανὼν
489 681 617 744 τοὺς
668 683 728 736 ἐν
756 683 955 753 γνώσει
986 686 1232 739 τοιοῦτόν
1258 704 1311 739 τι
1360 686 1682 751 ποιοῦντας,
1711 686 1876 757 ἱερω-

275 769 477 839 μένους
503 766 604 841 μὶν
635 772 817 841 ὄντας,
841 774 1228 847 καθαιρεῖσθαι
1252 779 1581 847 προστάττει
1602 793 1618 809 ·
1651 779 1875 842 λαῖκοὺς

273 860 353 925 δὲ,
385 864 773 933 ἀφορίζεσθαι.

361 954 421 1006 Ὅ
441 954 500 1008 δὲ
535 954 607 1020 ξε¹
629 956 809 1012 καὶτὸ
844 959 986 1013 κατὰ
1028 959 1127 1023 τὰς
1149 961 1454 1031 νουμηνίας
1491 964 1768 1032 πυρκαϊὰς
1813 965 1875 1018 ἐν

287 1047 402 1110 ταῖς
432 1048 721 1115 πλατείαις
745 1050 1029 1115 ἀνάπτειν,
1080 1054 1178 1106 καὶ
1211 1053 1617 1124 ὑπεράλλεσθαι
1642 1056 1873 1122 τούτων,

296 1140 357 1203 ὃς
402 1142 658 1205 ἀσεϐείας
698 1143 1012 1214 ήρτυμένον
1053 1145 1361 1216 ἐλληνικῆς,
1402 1147 1753 1218 ἐξαιρεθῆναι
1783 1165 1876 1201 τε-

295 1230 415 1296 .ἐως
463 1233 679 1289 κελεύει
700 1250 715 1268 '
749 1236 808 1299 ὃς
832 1235 891 1289 δὲ
938 1237 1100 1291 τοῦτο
1137 1238 1312 1291 ποιῶν
1340 1239 1647 1309 φωραθείη,
1682 1237 1876 1293 τοῦτον

304 1322 402 1391 ev,
441 1325 709 1396 κληρικὺν
738 1327 891 1393 ὅντα,
922 1330 1335 1401 καθαιρεῖσθαι,
1360 1312 1647 1397 ramice,
1683 1326 1879 1402 ἀφορί-

292 1415 493 1479 ζεσθαι.
545 1418 639 1472 Ἐκ
664 1418 720 1472 δέ
748 1419 850 1489 τῆς
901 1420 1174 1492 τετάρτης
1202 1421 1314 1475 τῶν
1349 1421 1670 1488 Βασιλειῶν,
1721 1424 1881 1477 ἀπει-

291 1511 516 1580 δημένον
545 1510 686 1566 εἶναι
718 1514 879 1568 τοῦτο
912 1517 1008 1569 καὶ
1040 1516 1120 1586 τῷ
1153 1517 1372 1587 παλαιῷ
1423 1517 1667 1572 δείκνυσι
1701 1520 1875 1590 νόμῳ,

291 1600 409 1657 ἔνθα
455 1606 615 1675 φησὶ,
653 1624 674 1658 ι
717 1607 829 1660 Καὶ
865 1607 1190 1679 ᾠκοδόμησε
1230 1610 1541 1679 Μανασσῆς
1569 1611 1877 1684 θυσιαστή-

287 1709 397 1761 οιον
420 1693 568 1766 πάσῃ
610 1698 676 1766 τῇ
727 1700 960 1770 στρατιᾷ
992 1698 1087 1752 τοῦ
1116 1699 1372 1770 ούρανοῦ,
1410 1700 1506 1754 καὶ
1544 1701 1779 1772 διήγαγε
1812 1706 1879 1757 τὰ

289 1783 445 1838 τέκνα
477 1786 644 1839 αὑτοῦ
673 1789 732 1841 ὲν
760 1792 916 1859 πυρὶ,
947 1791 1045 1844 καὶ
1074 1790 1477 1863 ἐκλῃδονίξετο,
1513 1794 1606 1847 καὶ
1632 1794 1877 1859 οἰωνίζε-

1980 604 2091 642 non
2128 599 2213 643 est
2251 590 2608 643 vehementer
2643 585 2922 656 impium?
2973 585 3159 640 Canon
3197 584 3418 653 quidem
3452 598 3572 647 eos,

1978 680 2075 752 qui
2136 683 2377 737 scienter
2411 683 2516 736 hoc
2572 679 2805 744 faciunt,
2841 680 2887 734 si
2927 679 3040 733 sint
3102 677 3322 747 quidem
3361 676 3573 742 clerici,

1980 771 2202 841 deponi,
2270 774 2317 828 si
2361 786 2491 828 vero
2528 771 2678 837 laici,
2711 769 2986 841 segregari
3018 767 3196 838 jubet.

2053 951 2449 1021 Sexagesimus
2502 966 2634 1007 vero
2663 951 2891 1022 quintus
2929 965 3110 1007 canon
3138 949 3297 1012 illud,
3340 946 3489 1018 quod
3522 947 3582 1001 iit

1980 1043 2130 1098 circa
2179 1043 2487 1104 novilunia.
2541 1045 2645 1100 hoc
2700 1053 2805 1108 est,
2836 1058 3002 1114 rogos
3046 1042 3102 1096 in
3144 1040 3342 1111 plateis
3372 1052 3600 1114 acceng-

1980 1134 2134 1197 dere,
2164 1143 2219 1189 et
2254 1150 2421 1203 supra
2452 1134 2578 1188 illos
2614 1133 2839 1197 saltare,
2871 1141 2930 1187 ut
2958 1133 3202 1188 Graecam
3239 1131 3578 1201 impietatem

1979 1224 2332 1288 exhibentes,
2352 1223 2583 1278 omnino
2617 1223 2732 1278 tolli
2759 1222 2938 1293 jubet.
2962 1220 3069 1288 Qui
3098 1234 3229 1275 vero
3259 1220 3363 1274 hoc
3397 1218 3583 1273 facere

1981 1316 2442 1388 deprehenditur,
2482 1317 2529 1373 si
2560 1316 2803 1372 clericus
2835 1315 3057 1385 quidem
3096 1314 3188 1379 sit,
3222 1313 3534 1379 deponatur
3563 1326 3581 1376 ;

1984 1408 2069 1464 sin
2114 1421 2241 1461 vero
2269 1406 2865 1477 laicus.,.Segregetur.
2894 1406 2963 1460 Et
2991 1405 3098 1460 hoc
3122 1403 3291 1460 veteri
3313 1402 3429 1472 lege
3458 1414 3584 1457 esse

1980 1499 2211 1555 vetitum
2244 1513 2311 1552 ex
2337 1487 2535 1568 quarto
2570 1498 2776 1567 [legum
2813 1495 3153 1563 ostenditur,
3217 1494 3311 1548 ubi
3346 1492 3578 1563 legitur:

1989 1608 2009 1642 ι
2046 1591 2112 1645 Ει
2144 1589 2735 1646 aediﬁcavitblanasses
2768 1590 2942 1644 altare
2968 1588 3239 1642 universae
3273 1585 3399 1641 coeli
3442 1584 3588 1639 mili.

1985 1682 2102 1747 tiae,
2137 1693 2191 1739 et
2233 1682 2376 1740 ﬁlios
2406 1699 2538 1739 suos
2566 1698 2664 1753 per
2711 1682 2895 1752 ignem
2932 1680 3201 1747 traduxit,
3238 1686 3293 1733 et
3335 1677 3583 1749 auguriis

1985 1775 2373 1847 auspiciisque
2403 1791 2538 1831 usus
2568 1784 2672 1842 est,
2706 1784 2762 1832 ct
2793 1774 2923 1830 fecit
2953 1773 3356 1841 ventriloquos,
3387 1780 3446 1825 et
3493 1769 3582 1839 di-

272 1891 359 1941 το,
379 1876 473 1928 καὶ
505 1878 761 1948 ἐποίησεν
790 1862 1292 1955 ἐγγαστριμύθους,
1316 1885 1412 1937 καὶ
1434 1884 1686 1954 γνὼστας
1708 1887 1882 1959 ἐπλή-

1995 1867 2274 1923 vinatores
2310 1867 2721 1938 multiplicavit,
2752 1878 2807 1923 et
2845 1865 2979 1921 fecit
3011 1865 3217 1920 malum
3254 1877 3442 1920 coram
3477 1862 3585 1916 Do-

274 1966 427 2030 θυνε,
458 1969 552 2021 καὶ
604 1968 833 2041 ἐποίησε
889 1970 950 2024 τδ
979 1973 1221 2043 πονηρὸν
1258 1972 1494 2043 ξνώπιον
1523 1972 1620 2029 τοῦ
1670 1976 1885 2047 Κυρίου

273 2058 729 2132 τοῦ-παροργίσαι
756 2063 942 2120 αὐτόν.
967 2085 988 2119 ι
1031 2066 1121 2121 Ἐν
1149 2066 1251 2135 μὲν
1271 2066 1367 2121 οὖν
1393 2069 1516 2131 ταῖς
1560 2072 1888 2142 νουμηνίαις

274 2150 484 2207 εἴθιστο
532 2155 626 2208 καὶ
668 2156 948 2223 Ἰουδαίοις
997 2160 1092 2214 καὶ
1137 2161 1402 2233 Ἕλλησιν
1448 2163 1732 2235 ἐορτάζειν
1786 2147 1887 2220 καὶ

277 2244 410 2312 γόνυ
446 2246 676 2312 κλίνειν,
721 2248 800 2312 ὡς
842 2251 903 2305 τὸ
938 2254 1198 2323 μηνιαϊον
1241 2255 1521 2325 διάστημα
1550 2256 1753 2312 διέλθοι
1791 2259 1887 2313 εύ⁹

275 2337 487 2406 τυχῶς,
524 2339 655 2409 περὶ
683 2333 759 2395 ὧν
790 2343 884 2397 καὶ
915 2345 944 2398 ὁ
976 2343 1110 2408 Θεὸς
1139 2345 1331 2418 εἴρηκέ
1361 2365 1464 2401 που
1490 2348 1582 2403 διὰ
1622 2348 1716 2403 τοῦ
1748 2368 1885 2423 προ-

281 2428 485 2499 φήτου,
521 2448 541 2481 ι
581 2429 696 2495 Τὰς
718 2434 1021 2505 νουμηνίας
1050 2436 1207 2506 ὑμῶν
1244 2438 1430 2493 καὶτὰ
1459 2440 1707 2496 σάϐϐατα
1735 2443 1890 2511 μισεῖ

276 2519 316 2588 ἡ
343 2518 491 2591 ψυχή
517 2537 644 2591 μου,
686 2539 707 2573 ι
742 2522 934 2595 ὥσπερ
958 2521 1053 2580 οὖν
1083 2528 1177 2580 καὶ
1206 2528 1266 2583 ἐν
1292 2527 1371 2600 τῷ
1397 2529 1535 2594 τέως
1560 2530 1698 2584 Θεοῦ
1724 2533 1884 2604 χάρι-

282 2626 366 2677 τι,
397 2611 558 2681 εὐχαὶ
581 2614 719 2690 πρὸς
741 2614 880 2669 Θεὸν
911 2616 1216 2688 ίλαστήριοι
1248 2619 1386 2690 πρὸς
1418 2619 1514 2674 τοῦ
1534 2621 1730 2675 πιστοῦ
1752 2623 1884 2676 λαοῦ

280 2702 555 2773 γίνονται,
596 2689 693 2760 καὶ
724 2707 1011 2778 άγιασμοὶ,
1045 2711 1142 2764 καὶ
1190 2711 1269 2782 τῷ
1296 2689 1453 2767 ῦδατι
1481 2714 1582 2785 τῆς
1627 2714 1885 2785 εὐλογίας

280 2798 578 2868 χριόμεθα.
643 2799 933 2871 Πυρκαῖὰς
986 2803 1045 2857 δὲ
1097 2805 1434 2872 ἀνάπτοντες
1487 2808 1883 2882 ὑπερήλλοντο,

283 2891 423 2952 ἴσως
446 2890 707 2961 οἰόμενοι,
742 2894 811 2948 τὰ
840 2894 941 2965 μὲν
966 2894 1253 2966 φθάσαντα
1285 2898 1560 2968 δήπουθεν
1613 2901 1879 2974 δυσχερῆ,

281 2981 535 3053 ὡσπερεὶ⁵
591 2984 1251 3058 κατακαιόμεναφροῦδα
1289 2988 1559 3057 γίνεσθαι,
1615 2992 1771 3045 αῐσια
1822 2991 1882 3046 δὲ

282 3072 628 3129 ἀνακύπτειν
655 3074 968 3130 είσέπειτα·
1005 3079 1268 3149 στρατιὰν
1303 3080 1488 3152 μέντοι
1520 3080 1616 3136 τοῦ
1642 3083 1880 3152 ούρανοῦ

284 3165 420 3229 τοὺς
457 3165 694 3237 ἀστέρας
717 3167 961 3238 νοητέον.
984 3168 1095 3222 Καὶ
1123 3169 1172 3222 oi
1220 3169 1321 3241 μὲν
1357 3170 1492 3224 θεῖοι
1521 3164 1671 3226 οὗτοι
1698 3173 1880 3228 Πατέο

1992 1958 2165 2025 mino,
2201 1966 2262 2013 ut
2292 1959 2445 2013 illum
2486 1959 2553 2014 ad
2582 1958 2720 2014 iram
2747 1968 3096 2029 provocarct.
3129 1975 3147 2009 ι
3170 1957 3234 2011 In
3279 1952 3578 2011 noviluniis

1988 2049 2161 2119 igitur
2190 2065 2311 2106 mos
2339 2060 2461 2106 erat
2487 2059 2546 2107 et
2601 2050 2810 2107 Judaeis
2859 2059 2914 2106 et
2967 2049 3174 2106 Graecis
3210 2048 3410 2104 festum
3441 2047 3588 2103 cele—

1988 2140 2151 2197 brare
2194 2152 2249 2197 et
2282 2157 2427 2212 genu
2455 2142 2700 2209 ﬂectere,
2737 2152 2798 2198 ut
2851 2150 3026 2198 totum
3061 2140 3268 2196 mensis
3300 2139 3585 2197 residuum

1989 2232 2221 2290 feliciter
2254 2236 2745 2307 transigerent;de
2772 2236 2977 2307 quibus
3013 2244 3068 2290 ει
3109 2234 3255 2289 Deus
3289 2231 3586 2301 aliquando

1989 2325 2210 2383 locutus
2242 2340 2328 2384 est
2368 2343 2469 2399 per
2517 2330 2881 2399 prophetam:
2923 2346 2943 2380 ι
2993 2326 3286 2383 Novilunia
3319 2333 3588 2380 vestravet

1991 2415 2233 2474 Sabbata
2270 2419 2400 2475 odio
2434 2419 2604 2474 habet
2632 2419 2816 2474 anima
2847 2435 2968 2475 mea
3011 2437 3025 2475 :
3068 2438 3087 2472 ι
3124 2429 3185 2474 ιιι
3209 2418 3378 2487 igitur
3425 2424 3481 2471 et
3529 2417 3603 2470 in.

1987 2525 2181 2585 eorum
2217 2512 2341 2567 loco
2372 2527 2469 2582 per
2504 2513 2593 2567 Dei
2651 2513 2891 2583 gratiam
2945 2527 3140 2581 preces
3181 2509 3598 2580 prapitiatorize

1991 2612 2048 2661 et
2094 2604 2564 2661 sanctificationes
2591 2620 2620 2660 a
2653 2604 2802 2659 fideli
2833 2604 3036 2675 populo
3077 2603 3190 2658 Deo
3222 2610 3585 2672 peraguntur,

1988 2708 2044 2753 et
2075 2712 2218 2767 aqua
2258 2697 2665 2753 benedictionis
2712 2697 3056 2766 inungimur.
3110 2694 3217 2761 Qui
3251 2708 3384 2749 vero
3418 2707 3583 2763 rogos

1988 2787 2387 2855 accendebant,
2437 2803 2604 2858 super
2658 2788 2786 2844 illos
2835 2787 3137 2853 saltabant,
3192 2787 3594 2840 existimantes

1987 2878 2205 2947 forsan,
2259 2880 2433 2951 quod,
2483 2895 2606 2950 qua:
2660 2880 2816 2950 prius
2863 2880 2979 2935 illis
3029 2876 3369 2934 accidissent
3419 2876 3586 2942 mala,

1986 2973 2142 3043 quasi
2179 2973 2474 3029 combusta
2501 2972 2734 3028 evanida
2764 2972 2911 3038 ﬁeri,
2943 2981 3133 3043 postea
3167 2987 3314 3040 ,νει-ο
3366 2971 3423 3025 in
3472 2986 3592 3026 me-

1985 3065 2123 3121 liora
2151 3073 2426 3121 mutatum
2456 3065 2548 3120 iri.
2577 3064 2681 3121 Per
2705 3064 2962 3120 militiam
2987 3065 3213 3135 quidem
3240 3064 3364 3119 C(Bli
3388 3063 3594 3118 intelli-

1982 3161 2161 3230 genda
2196 3167 2328 3214 sunt
2365 3168 2560 3215 astra:
2596 3168 2651 3214 et
2680 3157 2853 3214 divini
2881 3174 3104 3230 quoque
3142 3158 3224 3213 illi
3260 3157 3473 3220 Patres,
3519 3157 3590 3211 il—

289 3275 388 3329 ρες
405 3258 491 3325 τὸ,
521 3237 875 3331 διήγαγενίέν
912 3263 1068 3332 πυρὶ,
1097 3237 1232 3316 ἀντὶ*
1266 3263 1360 3316 τοῦ
1391 3265 1719 3337 ὑπερπηδᾷν
1760 3268 1879 3330 τοῖς

1995 3251 2111 3317 lud,
2150 3253 2398 3307 traduxit
2426 3266 2524 3322 per
2549 3251 2752 3323 ignem,
2784 3266 2884 3320 pro
2918 3251 3044 3318 hoc,
3070 3250 3234 3318 jussit
3260 3250 3387 3306 ﬁliis
3414 3259 3570 3306 trans

284 3350 503 3414 τέκνοις
532 3353 851 3419 ἐπέταττεν,
871 3354 1214 3419 ἐξελάϐοντο.
1248 3354 1306 3409 '0
1337 3356 1394 3410 δέ
1442 3358 1599 3427 ἆγιος
1620 3360 1890 3430 Κύριλλος

300 3440 741 3512 Ἀλεξανδρείας,
779 3445 872 3499 τὸν
900 3446 1190 3517 προφήτην
1229 3445 1599 3518 ἐξηγούμενος
1633 3448 1901 3518 Ἦσαῖκνρ“

285 3535 415 3589 ἀντὶ
455 3535 574 3601 τοῦ,
606 3536 999 3593 ὡλοκαύτωσεν
1046 3538 1214 3593 αὐτοῦ
1240 3542 1355 3605 τοῖς
1384 3541 1666 3612 δαίμοσιν,
1700 3545 1890 3617 ἡρμή-

286 3639 476 3679 νευσε.
531 3624 762 3698 κλῃδὼν
819 3628 877 3681 δέ
909 3629 1056 3681 ἐστιν
1090 3630 1126 3701 ή
1159 3628 1249 3685 διά
1278 3648 1443 3685 τινων
1472 3634 1715 3703 σημείων
1756 3651 1892 3705 μανι

286 3713 433 3779 τεία,
470 3714 779 3773 οὑτινοσοῦν
809 3718 1091 3785 ἐθέλοντος
1129 3722 1232 3792 τὴν
1267 3722 1404 3777 ἰδίαν
1437 3724 1608 3795 τύχην
1635 3743 1893 3797 καταμα-

290 3805 435 3863 θεῖν.
470 3809 779 3881 Οἰωνισμὺς
821 3811 879 3865 δέ
907 3813 1023 3867 ἐστι
1049 3814 1112 3868 τὸ
1141 3816 1433 3887 ἐπιτηρεῖν
1473 3820 1573 3881 τὰς
1603 3818 1716 3872 τῶν
1743 3817 1893 3891 ὀρνί-

290 3897 403 3953 θων
427 3900 661 3971 πτήσεις
678 3919 740 3955 τε
763 3903 858 3957 καὶ
889 3903 1163 3974 κλαγγὰς,
1186 3907 1217 3961 δ
1232 3908 1326 3962 καὶ
1352 3910 1719 3964 οίωνοσκοπία
1737 3911 1893 3982 παρὰ

288 3991 409 4054 τοῖς
447 3990 708 4063 Ἕλλησιν
739 3994 1089 4067 ὡνομάζετο.’
1147 3998 1619 4070 Ἐγγαστρίμυθοι
1676 4001 1735 4055 δέ
1796 4003 1895 4057 καὶ

292 4083 534 4153 γνῶσται
563 4085 815 4155 λέγονται
865 4089 916 4143 οι
963 4091 1273 4154 σατανικῶς
1329 4092 1743 4162 ἐνθουσιῶντες,
1796 4095 1893 4150 καὶ

293 4176 658 4246 προλέγοντες
703 4179 865 4251 δῆθεν
923 4181 993 4236 τὰ
1030 4181 1308 4251 ἄγνωστα,
1360 4165 1659 4241 οἷαίέίσιν
1685 4189 1741 4241 αἱ
1779 4188 1893 4243 τῶν

308 4269 651 4340 ’Δθιγγάνων
690 4277 970 4343 γυναῖκες,
1007 4275 1103 4329 καὶ
1145 4278 1201 4332 αἱ
1250 4277 1340 4332 διὰ
1364 4278 1476 4334 τῶν
1508 4279 1716 4350 κριθῶν
1752 4297 1894 4353 μαν-

292 4362 613 4434 τευόμεναι.
648 4366 710 4419 Εἰ
749 4366 934 4421 τοίνυν
967 4369 1118 4442 παρὰ
1166 4373 1281 4431 τοῖς
1304 4372 1621 4444 δεξαμένοις
1649 4374 1742 4428 τὸν
1768 4377 1898 4431 ἀτε-

294 4456 555 4527 λέστερον
599 4459 764 4527 νόμον
796 4462 1009 4532 πονηρὰ
1033 4461 1213 4519 ταῦτα
1250 4464 1452 4533 ἐδόκει,
1477 4467 1574 4521 καὶ
1598 4469 1699 4539 τὴν
1721 4468 1893 4541 ὀργὴν

1991 3344 2168 3410 silire,
2197 3352 2559 3416 acceperunt.
2612 3343 2853 3400 Sanctus
2886 3359 3019 3399 vero
3073 3342 3312 3415 Cyrillus
3344 3342 3588 3396 Alexana

2001 3431 2135 3486 driae
2160 3431 2455 3502 episcopus
2492 3432 2817 3501 prophetam
2836 3432 3038 3488 Isaiam
3072 3432 3383 3502 explicans,
3418 3432 3593 3485 inter-

1989 3530 2240 3590 pretatus
2272 3533 2357 3579 est
2388 3522 2524 3579 illud
2564 3541 2578 3579 :
2607 3523 2714 3579 Pro
2751 3525 2855 3580 hoc
2884 3524 3232 3581 damonihus
3270 3524 3388 3580 suis
3433 3525 3589 3580 holo-

1993 3623 2248 3669 caustum
2276 3616 2498 3672 obtulit.
2557 3617 2692 3674 Sors
2766 3627 2950 3673 autem
2985 3626 3071 3673 est
3112 3633 3211 3688 per
3251 3619 3407 3690 signa
3436 3634 3589 3689 qna:-

1998 3707 2125 3762 dam
2159 3707 2455 3776 divinatio,
2486 3711 2729 3781 quando.
2759 3712 2887 3782 quis
2918 3712 3033 3767 vult
3085 3712 3370 3784 propriam
3429 3711 3588 3767 addi«

1992 3813 2149 3854 scere
2186 3799 2489 3856 fortunam.
2521 3801 2844 3872 Auspicium
2878 3819 3011 3860 vero
3043 3814 3151 3869 est,
3204 3819 3330 3858 cum
3366 3805 3586 3857 volatus

1993 3891 2176 3947 avium
2196 3902 2251 3948 et
2279 3887 2506 3965 clangOr
2540 3897 2938 3951 observantur:
2962 3896 3109 3966 quod
3142 3895 3360 3966 quidem
3381 3910 3410 3948 a
3442 3894 3590 3950 Grae-

1994 3982 2076 4038 cis
2103 3984 2469 4038 οίωνοσκοπία
2515 3985 2831 4042 dicebatur.
2869 3985 3419 4057 Ventriloquiautem
3456 4002 3589 4041 aru-

1993 4075 2283 4144 spicesque
2307 4076 2587 4143 dicuntur,
2603 4076 2700 4148 qui
2717 4078 3159 4144 sataniceatllati,
3186 4079 3489 4148 praedicunt
3520 4093 3591 4136 ea

1994 4181 2119 4236 qua:
2148 4169 2410 4238 cognosci
2430 4185 2541 4225 non
2564 4180 2819 4242 possunt,
2845 4172 3038 4242 quales
3061 4179 3192 4227 sunt
3217 4170 3585 4241 Athingarum

1993 4259 2281 4327 mulieres,
2313 4271 2370 4317 et
2394 4278 2517 4333 qua:
2546 4278 2644 4334 per
2682 4263 2889 4320 hordea
2922 4265 3304 4335 auspicantur.
3336 4263 3395 4320 Si
3417 4264 3586 4336 igitur

1994 4354 2063 4408 ab
2096 4352 2188 4419 iis,
2214 4353 2310 4425 qui
2360 4354 2543 4411 minus
2577 4344 2882 4426 perfectam
2930 4357 3151 4413 vivendi
3205 4358 3377 4427 legem
3423 4370 3587 4412 acce-

1994 4454 2213 4516 perunt,
2258 4448 2375 4503 haec
2425 4449 2614 4520 iniqua
2661 4464 2782 4505 esse
2817 4458 2874 4528 et
2930 4451 3068 4505 iram
3116 4449 3337 4505 Domini
3390 4465 3589 4520 provo-

298 4546 511 4616 Κυρίου
541 4548 784 4619 ἠρέθιζε,
823 4552 976 4622 πόσῳ
1035 4554 1238 4625 μᾶλλον
1288 4558 1406 4621 τοῖς
1438 4558 1532 4613 τὸν
1558 4539 1888 4632 τελεώτερον

1997 4553 2125 4595 care
2169 4539 2558 4598 existimantur
2590 4560 2604 4598 :
2637 4552 2849 4613 quanto
2891 4544 3069 4615 magis
3104 4543 3289 4610 nobis,
3339 4543 3436 4614 qui
3468 4557 3589 4598 ma-

297 4639 399 4694 καὶ
439 4646 960 4716 πνευματικῶτερον
990 4646 1158 4718 νόμον
1175 4651 1594 4721 παραλαϐοῦσιν
1630 4655 1790 4725 ἡμῖν,
1816 4657 1892 4720 ὡς

300 4729 520 4803 ἄθεσμα
550 4735 646 4788 καὶ
693 4735 868 4808 ἀσεϐῆ
919 4739 1274 4795 παντάπασιν
1298 4742 1687 4814 ἀπεστράφθαι
1722 4763 1895 4818 προσ-

301 4825 433 4895 ήκει
460 4842 475 4891 ;

390 4916 449 4971 '0
474 4917 531 4972 δὲ
557 4920 639 4974 οα’
665 4922 758 4976 καὶ
794 4927 909 4990 τοῖς
945 4925 1354 4998 διδασκομένοις
1402 4931 1531 4996 τοὺς
1584 4933 1918 4999 πολιτικοὺς.

302 5009 509 5080 νόμους
539 5012 847 5083 ἀφορισμὸν
877 5018 1318 5087 ἐπανατείνεται,
1355 5021 1405 5075 εί
1437 5023 1519 5076 έτι
1545 5025 1657 5088 τοῖς
1686 5022 1902 5095 έλληνι-

305 5100 430 5162 κοῖς
457 5100 605 5157 ἔθεσι
632 5107 966 5176 κεχρημένοι
1019 5110 1217 5174 στολὰς
1249 5112 1586 5177 ἐνδύσονται,
1619 5114 1753 5180 ἰδίας
1799 5117 1899 5187 μὲν

306 5192 361 5245 οι
393 5193 500 5248 τῶν
535 5199 878 5268 μαθημάτων
928 5202 1245 5274 ἀρχόμενοι,
1301 5205 1440 5270 ιδίας
1469 5207 1528 5261 δέ
1554 5208 1605 5263 oi
1657 5209 1767 5263 τῶν
1812 5226 1901 5262 τε·

302 5284 594 5359 λεωτέρων
622 5291 966 5363 ἐφικόμενοι,
994 5297 1108 5357 τοῖς
1141 5314 1201 5351 τε
1232 5297 1328 5354 ἐπὶ
1356 5297 1600 5368 θεάτρων
1630 5300 1896 5367 ἀνιοῦσιν,

306 5377 448 5432 ἀλλὰ
488 5380 682 5454 δήκαὶ
726 5385 825 5450 τὰς
874 5386 1180 5457 λεγομένας
1234 5389 1534 5462 κυλίστρας
1581 5392 1897 5458 παίζουσιν,

306 5470 492 5524 ὁποῖαί
526 5473 641 5527 ποτ’
661 5475 728 5528 ἂν
765 5472 928 5547 ἦσαν.
976 5479 1162 5534 Ταῦτα
1189 5479 1299 5552 γὰρ
1329 5481 1548 5536 ἅπαντα
1574 5484 1763 5554 εὐχαῖς
1786 5486 1897 5538 τῶν

308 5560 618 5618 θεσπεσίων
647 5567 853 5623 τούτων
884 5570 1197 5641 νομοθετῶν
1219 5572 1279 5626 τὸ
1313 5575 1554 5646 τήμερον
1587 5572 1727 5629 εἶναι
1757 5576 1902 5630 σεσί-

311 5667 502 5723 γηται.

565 5749 814 5806 ΚΕΦΑΛ.
850 5755 923 5809 A'.
957 5755 1099 5822 Περὶ
1125 5756 1280 5812 ἐθῶν
1303 5759 1652 5825 πολιτικῶν.

1010 5851 1228 5919 Νόμος.

392 5927 626 6005 Περὶῶν
667 5937 942 6011 ἔγγραφος
972 5941 1032 5995 οὐ
1062 5942 1241 5996 κεῖται
1292 5943 1481 6013 νόμος,
1536 5943 1901 6012 napus-ude-

2001 4631 2084 4701 gis
2141 4630 2435 4701 perfectam
2512 4634 2799 4707 magisque
2862 4636 3211 4707 spiritualem
3273 4634 3591 4704 accepimus

2002 4726 2202 4795 legem,
2257 4737 2317 4781 ut
2385 4726 2577 4799 iniqua
2623 4738 2677 4784 et
2728 4728 2905 4800 impia
2973 4729 3203 4784 omnino
3265 4729 3441 4785 averti
3496 4729 3593 4783 de-

2001 4819 2133 4876 bent
2155 4821 2178 4874 ῗ
2605 4825 2615 4841 ’

2071 4912 2528 4986 Septuagesimus
2557 4916 2773 4986 primus
2808 4930 2988 4972 canon
3026 4915 3127 4971 eis
3171 4915 3265 4985 qui
3316 4916 3591 4971 docentur

2000 5006 2152 5079 leges
2186 5009 2400 5074 civiles,
2440 5010 2871 5081 segregationem
2927 5010 3187 5075 intendit,
3236 5010 3293 5065 si
3345 5011 3585 5080 amplius

2001 5100 2208 5159 Graecis
2237 5103 2487 5159 moribus
2520 5103 2626 5171 usi,
2662 5103 2834 5160 stolas
2863 5104 3095 5161 induent
3126 5105 3417 5174 (peculiari
3467 5107 3592 5177 qui,

2001 5195 2123 5252 dem
2156 5205 2386 5251 utuntur
2433 5200 2528 5267 qui
2579 5199 2891 5255 studiorum
2947 5201 3289 5257 curriculum
3337 5202 3592 5273 ingrede-

2003 5298 2214 5357 rentur,
2241 5297 2298 5345 et
2332 5292 2598 5361 peculiari
2637 5293 2804 5348 etiam
2866 5308 2994 5349 cum
3030 5309 3222 5350 eorum
3271 5307 3475 5351 metam
3508 5309 3591 5351 av-

2004 5381 2309 5453 tigissent),
2352 5398 2479 5438 cum
2531 5384 2585 5439 in
2638 5385 2917 5441 theatrum
2968 5386 3439 5459 ingrederentur;
3493 5388 3587 5442 sed

2003 5473 2227 5544 quidem
2284 5474 2549 5548 Cylistras
2589 5476 2768 5534 dictas
2820 5480 3176 5550 peragebant,
3235 5494 3588 5549 quaecunque

2004 5567 2252 5627 fuerunt.
2278 5570 2403 5628 Haec
2428 5573 2576 5628 enim
2607 5573 2792 5628 omnia
2831 5574 2972 5629 votis
3013 5572 3330 5628 divinorum
3364 5572 3599 5628 illorum.

2004 5663 2392 5735 legislatorum.
2416 5667 2578 5724 hodie
2610 5669 2866 5724 silentur.
3091 5657 3101 5665 ’

2210 5759 2364 5829 ll]
2402 5761 2419 5780 ⁴¹
2455 5759 2610 5817 CAP.
2644 5759 2734 5816 1V.
2767 5761 2840 5816 De
2867 5761 3101 5815 moribus
3131 5761 3388 5831 politicis.

2730 5852 2862 5908 Lex.

2086 5944 2265 6026 Deiis
2291 5960 2522 6012 quorum
2558 5954 2873 6004 nonexstat
2908 5946 2993 6003 lex
3031 5947 3258 6016 scripta,
3295 5960 3503 6000 morem
3530 5950 3596 5998 et
