3992 6418
474 346 609 411 i261

1661 371 1713 429 Μ
1724 371 2028 435 ΑΤῙῊᾹΞΙ
2070 377 2358 436 BLASTA
2368 379 2499 438 [HS

3558 387 3669 455 12ΐὸ

472 472 928 529 consuetudinem
982 477 1285 539 observare
1343 494 1599 554 oportet;
1638 491 1727 544 sin
1778 500 1959 548 autem
1992 501 2039 547 et

2150 512 2264 549 τειν
2288 496 2369 559 δεῖ
2398 496 2460 549 τὸ
2490 494 2610 559 ἔθος
2663 498 2758 551 καὶ
2796 497 2893 568 τὴν
2930 498 3223 568 συνήθειαν
3243 517 3257 533 ο
3296 500 3343 554 εἰ
3369 500 3422 555 δὲ
3448 504 3532 555 καὶ
3550 505 3680 561 τοῦτο

471 562 576 616 hoc
608 563 847 633 deﬁciat,
875 581 940 622 ea
971 584 1095 639 quae
1152 575 1327 644 magis
1379 578 1667 646 accedunt,
1699 590 1756 637 et
1802 582 1853 637 ei
1903 584 2050 653 quod

470 655 735 720 quaeritur
765 667 895 714 sunt
929 661 1130 734 simijia
1160 667 1320 734 sequi
1357 679 1607 739 oportet;
1644 673 1692 728 si
1741 688 1872 729 vero
1913 676 2050 730 illud

468 758 580 834 non
626 748 739 810 llat,
799 750 1219 816 prudentiorum
1267 758 1434 814 simul
1471 770 1528 815 et
1556 764 1925 834 complurium
1952 781 2049 820 ra-

470 833 582 888 leat
612 840 906 895 sententia.
940 842 1093 900 Tunc
1124 848 1368 905 civitatis
1387 852 1618 923 alicujus
1640 833 2051 925 autprovinciae

467 926 677 981 utimur
730 937 1150 1002 consuetudine,
1211 944 1435 1011 quando
1476 954 1851 1005 controversia
1887 952 1952 1006 de
1984 966 2047 1006 ea

470 1036 528 1071 re
561 1034 727 1085 mnta,
755 1028 1077 1082 conlirmata
1115 1030 1299 1088 fuerit.
1329 1034 1461 1100 Quae
1492 1038 1660 1107 igitur
1700 1041 1860 1110 longa
1912 1057 2047 1097 con-

466 1115 757 1171 suetudine
806 1122 1109 1187 approbata
1155 1135 1210 1179 et
1276 1129 1465 1184 multis
1531 1132 1695 1187 annis
1754 1134 2047 1188 observata

465 1216 596 1259 sunt
635 1225 742 1264 non
798 1214 1004 1277 minus,
1062 1234 1380 1290 quamquae
1414 1224 1619 1293 scripta
1671 1235 1818 1291 sunt,
1869 1228 2049 1282 solent

464 1301 673 1357 valere.

805 1396 959 1451 CAP.
1002 1399 1064 1454 Υ.
1102 1400 1177 1455 De
1206 1405 1447 1474 paciﬁcis
1484 1408 1693 1465 litteris.

536 1483 733 1551 Quaere
766 1505 887 1556 cap.
919 1491 951 1547 9
985 1493 1178 1549 littera:
1209 1498 1275 1552 Δ.

751 1582 904 1638 CAP.
940 1585 1026 1639 Vi.
1066 1586 1140 1640 De
1172 1590 1343 1644 sacris
1411 1592 1758 1662 imaginibus.

532 1670 921 1741 Octogesimus
955 1682 1235 1737 secundus
1275 1699 1323 1737 Vl
1360 1699 1483 1755 syn.
1515 1702 1718 1752 canon,
1765 1685 2043 1753 Picturas,

464 1763 561 1827 ait,
595 1768 874 1823 coloribus
920 1769 1257 1841 describere,
1293 1779 1643 1836 manentibus
1693 1782 1873 1837 adhuc
1912 1797 2041 1847 pro-

461 1859 685 1929 totypis,
716 1861 961 1931 ineptum
1012 1876 1161 1922 esset
1202 1883 1266 1922 ac
1300 1871 1663 1940 superﬂuum.
1701 1874 1911 1928 Exinde
1946 1874 2045 1945 igi-

461 1959 551 2004 tur
588 1967 792 2021 agnum
827 1956 882 2011 in
918 1958 1132 2027 pictura
1169 1976 1277 2015 non
1328 1965 1550 2035 depiugi
1585 1965 1853 2032 decernit,
1887 1968 2043 2034 cuius

461 2044 734 2111 sanguine
773 2062 1006 2117 magnus
1037 2051 1169 2105 olim
1220 2051 1399 2109 Moses
1453 2055 1646 2111 limina
1682 2059 2040 2127 consignatis,

460 2134 769 2191 destruenti
823 2143 1021 2211 angelo
1084 2143 1398 2201 inaccessas
1463 2146 1591 2202 fecit
1658 2149 1890 2215 domos;
1943 2164 2044 2205 nec

460 2225 769 2297 Baptistam
823 2231 998 2301 digito
1047 2235 1204 2291 illum
1272 2249 1699 2306 monstrantem,
1744 2250 1807 2297 et
1839 2243 2043 2313 populo

459 2324 813 2389 clamantem,
863 2343 884 2380 ι
928 2330 1067 2385 Ecce
1128 2332 1320 2402 Agnus
1381 2333 1518 2389 Dei:
1580 2353 1598 2385 ι
1639 2336 1733 2390 sed
1796 2335 2042 2406 picturas

456 2413 680 2482 quidem
707 2426 957 2487 typorum
987 2422 1286 2489 deliueare,
1328 2434 1384 2480 et
1408 2427 1718 2481 humanum
1747 2426 1843 2483 Dei
1873 2428 2041 2484 Verbi

456 2505 705 2562 habitum
769 2510 825 2565 in
869 2512 1203 2583 imaginibus
1254 2517 1500 2588 pingere.
1542 2519 1697 2573 Illum
1747 2521 1893 2574 enim
1959 2522 2041 2575 vi-

456 2603 652 2658 dentes
673 2615 727 2657 et
750 2608 1066 2673 adorantes,
1099 2610 1151 2663 in
1181 2623 1449 2680 quantum
1481 2612 1745 2682 possibile
1768 2624 1873 2680 est,
1900 2614 2041 2670 inei—

457 2692 680 2750 iabilem
716 2697 837 2766 ejus
865 2699 1228 2769 abjectionem
1292 2712 1348 2759 et
1380 2719 1549 2775 supra
1592 2707 1792 2763 mentis
1824 2708 2038 2779 cogita-

454 2788 660 2851 tionem
697 2789 1064 2847 humilitatem
1128 2794 1526 2865 intelligamus,
1584 2807 1753 2869 atque
1808 2802 1931 2867 ejus
1981 2803 2035 2857 in

454 2896 619 2937 carne
651 2886 1121 2949 comet-sationes.
1157 2888 1468 2957 passiones,
1502 2900 1737 2946 mortem
1772 2893 1899 2948 vitm
1947 2910 2041 2949 au-

455 2985 691 3039 ctorem,
747 2985 802 3031 et
855 2978 1279 3050 quibuscunque
1352 2996 1662 3038 servamur.
1717 2982 2035 3039 Veneraudi

454 3069 602 3123 enim
634 3077 765 3123 sunt
801 3072 933 3139 typi,
969 3073 1286 3128 honoranda
1328 3086 1459 3129 vero
1495 3078 1732 3131 iunxime
1780 3088 1865 3132 est
1898 3078 2037 3132 reri-

454 3174 560 3225 tas,
602 3162 696 3231 qui
726 3162 840 3216 haec
872 3164 1030 3218 nobis
1059 3162 1190 3219 facit
1217 3176 1459 3221 assueta.
1491 3167 1700 3238 Exinde
1726 3169 2036 3225 Ostenditur
2063 3177 2107 3236 ς.

454 3268 565 3309 non
615 3270 738 3311 esse
789 3261 1144 3325 conveniens,
1205 3262 1491 3318 columbas
1546 3264 1599 3317 iu
1660 3263 1894 3320 ecclesia
1941 3279 2042 3334 pro

453 3346 664 3415 Spiritu
723 3359 917 3405 sancto
951 3353 1224 3421 emittere,
1279 3354 1362 3409 vel
1404 3370 1503 3425 pro
1535 3355 1695 3411 stella
1728 3372 1921 3412 cereos
1952 3371 2044 3412 ac-

452 3443 711 3506 cendere,
767 3452 820 3496 et
855 3458 955 3513 pro
1001 3444 1260 3501 ineﬂnbili
1301 3449 1652 3517 generatione
1709 3465 1943 3521 puerum
1986 3460 2040 3505 et

453 3543 689 3589 stratum
724 3537 942 3591 thorum
978 3540 1309 3609 exprimere.

643 3737 825 3794 Pirotii
859 3743 1183 3810 patriarchte
1211 3754 1261 3799 et
1302 3744 1565 3800 Theodori
1598 3744 1852 3801 Studitrz.

525 3893 736 3950 Dicitur
792 3899 972 3968 imago
1025 3909 1091 3953 eo
1132 3900 1279 3968 quod
1316 3901 1583 3955 imitetur.
1618 3900 1779 3955 Aliud
1822 3911 1907 3956 est
1937 3915 2037 3956 na-

452 3990 649 4044 turalis
694 3992 899 4060 imago,
953 4000 1006 4045 et
1060 3992 1209 4047 aliud
1269 3994 1608 4062 imitatoria;
1659 3996 1927 4052 illa-enim
1964 3996 2034 4051 ab

450 4084 663 4153 urigine
697 4093 893 4138 natura
926 4099 1034 4138 non
1066 4085 1270 4152 diﬂ'ert,
1312 4087 1408 4142 sed
1441 4100 1702 4156 persona,
1731 4098 1791 4143 ut
1827 4088 1971 4145 tilius
1999 4100 2031 4145 a

450 4186 604 4244 patre
637 4190 652 4229 :
687 4191 791 4228 uua
849 4177 1049 4231 etenim
1085 4186 1169 4231 est
1199 4179 1493 4247 utriusque
1528 4188 1748 4243 natura,
1781 4180 1905 4235 dua:
1934 4194 2034 4236 au-

454 4279 557 4323 tem
593 4285 879 4337 personae;
914 4273 1032 4326 hate
1066 4285 1220 4333 vero,
1254 4286 1285 4325 e
1317 4273 1614 4337 contrario,
1638 4274 1707 4327 al)
1732 4273 2029 4344 archetypo

453 4378 685 4431 persona
722 4362 1070 4435 nondiﬂert.
1117 4364 1212 4419 sed
1245 4374 1463 4430 natura,
1496 4372 1557 4419 ut
1591 4365 1776 4436 imago
1820 4365 2028 4421 Christi

2155 584 2421 647 ἐκλείπει.
2461 571 2781 641 ἀκολουθεῖν
2833 589 2913 642 δεῖ
2960 590 3075 652 τοῖς
3117 588 3313 660 μᾶλλον
3361 590 3679 662 πλησιάζουσι

2153 681 2251 734 καὶ
2277 680 2481 733 ὲοικόσι
2532 681 2611 750 τῷ
2669 681 3027 751 ζητουμένῳο
3071 681 3138 735 ἂν
3193 681 3250 736 δὲ
3291 683 3415 756 μηδὲ
3446 685 3590 740 τοῦτο
3633 686 3679 761 ᾗ,

2151 771 2261 824 τῶν
2292 774 2676 842 συνετωτέρων
2713 774 2829 843 ἅμα
2858 775 2959 828 καὶ
3002 774 3263 829 πλειόνων
3300 778 3332 847 ἡ
3364 778 3541 850 γνώμη
3567 797 3681 850 κρα-

2150 861 2335 916 τείτω.
2365 864 2498 915 Τότε
2530 864 2852 935 κεχρήμεθα
2882 868 2947 935 τῇ
3008 866 3267 937 συνηθείᾳ
3309 869 3403 937 τῆς
3437 869 3620 933 πόλεως
3649 872 3678 940 ἢ

2151 953 2444 1024 ἐπαρχίας,
2475 955 2563 1007 ὅτε
2597 955 3076 1026 ἁμφισδητηθεῖσα
3107 960 3140 1028 ἡ
3160 958 3377 1029 τοιαύτη
3394 959 3680 1031 ἐϐεϐαιώθη.

2150 1046 2242 1099 Διδ
2267 1048 2362 1100 καὶ
2387 1050 2453 1102 τὰ
2476 1051 2693 1120 ,μακρᾷ
2727 1051 2990 1123 συνηθείᾳ
3038 1051 3445 1120 δοκιμασθέντα,
3482 1052 3566 1106 καί
3609 1055 3685 1106 ἐπὶ

2151 1138 2384 1203 πολλοὺς
2421 1143 2705 1204 ἐνιαυτοὺς
2735 1143 3082 1215 φυλαχθέντα
3136 1146 3235 1216 οὑχ
3283 1140 3438 1217 ἦττον
3469 1147 3569 1199 τῶν
3608 1149 3685 1214 ἂγ-

2150 1232 2379 1301 γράφων
2405 1238 2628 1303 κρατεῖν
2660 1236 2872 1290 εἴωθεν.

2285 1417 2542 1473 ΚΕΦΑΔ.
2578 1417 2656 1475 E'.
2696 1422 2837 1488 Περὶ
2869 1421 3191 1489 εἰρηνικῶν
3212 1421 3566 1492 γραμμάτων.

2219 1503 2383 1575 Ζήτει
2416 1508 2477 1559 τὸ
2517 1507 2561 1559 0'
2600 1509 2894 1575 κεφάλαιον
2912 1510 3005 1564 τοῦ
3031 1511 3075 1564 Α
3101 1512 3386 1582 στοιχείου.

2398 1599 2655 1655 ΚΕΦΑΛ.
2692 1601 2783 1668 ς’.
2817 1600 2961 1669 Περὶ
2990 1602 3247 1656 εἰκόνων
3279 1602 3480 1672 ἁγίων.

2230 1691 2291 1744 '0
2321 1690 2411 1745 π6’
2441 1693 2538 1759 τῆς
2572 1698 2625 1756 ς’
2651 1692 2875 1747 συνόδου
2907 1694 3111 1757 κανὼν,
3139 1695 3279 1758 Τοὺς
3311 1694 3527 1758 τύπους,
3555 1696 3691 1764 φησι.

2146 1786 2261 1846 τοῖς
2294 1784 2549 1855 χρώμασι
2588 1785 2845 1854 γράφειν,
2874 1786 3288 1859 ¹ιη-ιῑιιιοιτηκότων
3310 1786 3407 1857 ήδη
3443 1787 3543 1839 τῶν
3562 1804 3689 1856 πρω-

2146 1878 2420 1942 τοτὺπων,
2449 1877 2816 1948 ἀπειρόκαλον
2857 1878 2923 1932 ἂν
2954 1880 3043 1947 εἰη
3092 1882 3190 1933 καὶ
3229 1880 3499 1949 περιττόν.
3530 1880 3694 1932 Ἔνθεν

2145 1987 2228 2023 τοι
2270 1970 2364 2022 καὶ
2393 1969 2485 2022 τὸν
2521 1972 2579 2022 ὲν
2610 1970 2687 2038 τῷ
2715 1970 2872 2041 τύπῳ
2897 1972 3071 2039 ἀμνὸν
3131 1971 3383 2035 θεσπίζει
3414 1974 3484 2041 μὴ
3510 1973 3693 2044 ζωγρα-

2146 2061 2387 2128 φεῖσθαι,
2441 2054 2502 2113 οὑ
2550 2060 2630 2130 τῷ
2654 2060 2852 2130 αἵματι
2878 2061 2907 2112 ὁ
2937 2061 3110 2131 μέγας
3168 2061 3335 2116 πάλαι
3363 2061 3690 2130 Μωσῆςντὰς

2146 2151 2305 2218 ehi;
2346 2152 2540 2221 χρίων,
2594 2154 2693 2206 οὑκ
2738 2154 2989 2221 εἰσιτητὰ
3020 2153 3192 2206 ἐτίθει
3227 2154 3295 2208 τὰ
3325 2153 3469 2208 ἔνδον
3505 2153 3574 2222 τῷ
3596 2152 3689 2206 ὀλε-

2145 2242 2285 2312 θρίῳ
2310 2243 2559 2313 δαίμονι·
2598 2244 2733 2315 μηδὲ
2779 2244 2871 2297 τὸν
2899 2244 3217 2317 Βαπτιστὴν
3255 2244 3498 2315 δακτύλῳ
3534 2244 3693 2297 τοῦτον

2143 2335 2588 2403 ὑποδεξικνύοντα,
2648 2336 2741 2390 καὶ
2792 2337 3079 2405 φωνοῦντα
3119 2341 3253 2401 «τοῖς
3315 2336 3481 2399 λαοῖς,
3538 2333 3627 2386 Ἴδε
3672 2335 3692 2385 ὁ

2141 2426 2316 2498 ἀμνὸς
2349 2428 2443 2481 τοῦ
2467 2428 2605 2482 Θεοῦ
2632 2447 2646 2461 ο
2678 2429 2815 2483 ἀλλᾶ
2847 2430 2946 2493 τὰς
2985 2429 3089 2499 μὲν
3143 2430 3365 2499 γραφὰς
3401 2427 3692 2498 διαγράφειν

2140 2518 2254 2572 τῶν
2282 2519 2471 2573 τύπων
2497 2536 2510 2551 ’
2548 2521 2639 2574 τὸν
2663 2520 2722 2573 δὲ
2750 2519 3095 2591 ἀνθρώπινον
3120 2522 3452 2592 χαρακτῆρα
3474 2519 3563 2573 τοῦ
3576 2518 3692 2572 Θεοῦ

2140 2611 2316 2679 Λόγου
2372 2612 2720 2697 ἀναστηλοῦγ
2785 2614 2845 2666 ἐν
2875 2613 3085 2667 εἰκόσι·
3120 2613 3318 2668 τοῦτον
3354 2614 3462 2685 γὰρ
3496 2614 3695 2684 δρῶντες

2141 2707 2238 2758 καὶ
2290 2705 2747 2778 προσκυνοῦντες,
2785 2708 2886 2775 τῆς
2936 2705 3104 2760 αὑτοῦ
3149 2707 3605 2778 συγκαταδάσεως
3647 2705 3695 2756 τὸ

2139 2799 2459 2870 ἁπόρῤητον
2481 2799 2547 2854 ἐκ
2577 2798 2686 2855 τῶν
2711 2798 2953 2854 δυνατῶν
2979 2799 3342 2871 λογιζόμεθα,
3374 2799 3466 2855 καὶ
3495 2799 3553 2855 τὸ
3577 2796 3692 2865 ὑπὲρ

2140 2889 2352 2943 ἔννοιαν
2387 2890 2488 2961 τῆς
2521 2891 2942 2961 ταπεινότητος,
2972 2892 3043 2946 τά
3085 2908 3146 2946 τε
3183 2897 3241 2947 ἐν
3270 2895 3337 2964 τῇ
3373 2893 3528 2963 σαρκὶ
3555 2890 3691 2946 αὑτοῦ

2142 2980 2539 3051 πολιτεύματα,
2593 2981 2664 3035 τὰ
2696 2983 2868 3053 πάθη,
2895 2982 2987 3036 τὸν
3015 2983 3117 3051 τῆς
3153 2982 3305 3054 ζωῆς
3349 2984 3594 3055 πρόξενον
3614 2980 3691 3034 θά-

2138 3090 2323 3136 νατον,
2353 3074 2452 3128 καὶ
2474 3074 2619 3137 ὅσοις
2653 3072 3003 3144 σεσώσμεθα.
3025 3075 3234 3131 Σεπτοὶ
3281 3076 3382 3145 μὲν
3418 3075 3519 3146 γὰρ
3544 3074 3627 3128 καὶ
3651 3072 3691 3123 οἰ

2141 3162 2326 3229 τύποι,
2350 3164 2611 3234 τιμητέον
2633 3164 2691 3219 δι
2722 3165 2958 3235 μάλιστα
2980 3165 3081 3236 τὴν
3114 3165 3404 3235 ἀλήθειαν,
3432 3164 3522 3220 καὶ
3548 3163 3694 3217 ταῦτα

2146 3259 2279 3327 ἡμῖν
2306 3257 2784 3327 ὲπιχωριάσασσν.
2823 3256 3105 3311 Ἐντεῦθεν
3155 3258 3438 3312 δείκνυται
3487 3257 3555 3328 μὴ
3580 3251 3694 3308 εἷναι

2142 3352 2444 3420 προσῆκον,
2475 3352 2812 3421 περιστερὰς
2867 3350 2954 3404 ἐπ’
2984 3350 3294 3421 iniuncta;
3314 3339 3434 3406 ἀντὶ
3458 3350 3545 3405 τοῦ
3566 3348 3699 3417 ἁγίου

2140 3441 2462 3512 Πνεῦματος
2515 3442 2818 3496 ἀπολύεινο
2875 3442 2932 3513 ἢ,
2984 3443 3105 3496 ἀντί
3140 3442 3239 3497 τοῦ
3274 3445 3499 3513 ἀστέρος
3552 3438 3701 3508 κηρὸν

2138 3536 2427 3605 ἀνάπτειν,
2468 3536 2565 3590 καὶ
2595 3533 2717 3588 ἀντὶ
2753 3535 2852 3603 τῆς
2887 3535 3211 3606 ἀπορρήτου
3241 3536 3543 3605 γεννήσεως
3598 3531 3702 3583 παῖ-

2138 3625 2206 3680 δα
2241 3627 2332 3678 καὶ
2369 3626 2663 3698 στρωμνὴν
2693 3625 3034 3681 ὑποτιθέναι.

2170 3740 2403 3803 Φωτιον
2440 3740 2810 3809 πατριάρχου
2841 3740 2939 3793 καὶ
2970 3739 3283 3809 Θεοδώρου
3309 3740 3415 3796 τοῦ
3450 3737 3671 3794 Στρυδί-

2890 3826 3018 3866 του.

2209 3900 2392 3956 Εἰκὼν
2414 3901 2633 3965 λέγεται
2666 3900 2816 3972 παρὰ
2847 3901 2909 3954 τὸ
2943 3900 3212 3958 ἑοικέναι.
3238 3904 3405 3959 Ἄλλο
3440 3902 3626 3975 φυσικὴ
3646 3899 3705 3952 εἰσ

2135 3992 2273 4058 κὼν,
2318 3995 2416 4048 καὶ
2477 3993 2607 4047 ἄλλο
2649 3994 2963 4065 μιμητική·
3007 3995 3040 4064 ἡ
3088 3994 3215 4062 μὲν,
3253 3997 3317 4051 οὑ
3352 3980 3705 4066 φυσιιιὴεῖδια⁴

2137 4089 2311 4159 φορὰν
2347 4087 2549 4157 ἔχουσα
2580 4086 2716 4155 πρὸς
2750 4085 2809 4138 τὸ
2838 4085 3035 4151 αἴτιον,
3062 4086 3186 4139 ἀλλ’
3220 4087 3606 4153 ὑποστατικὴν,
3635 4081 3701 4144 ὡς

2131 4182 2161 4234 ὁ
2191 4179 2308 4242 υίὸς
2333 4177 2468 4248 πρὸς
2498 4177 2593 4230 τὸν
2615 4175 2827 4247 ποτέρα
2853 4190 2868 4205 ·
2897 4176 2995 4247 μία
3020 4176 3123 4247 μὲν
3152 4178 3268 4248 γὰρ
3299 4178 3509 4232 τούτων
3532 4176 3702 4247 φύσις,

2131 4270 2225 4323 δύο
2254 4270 2310 4323 δὲ
2343 4267 2678 4332 ὑποστάσεις
2707 4284 2721 4299 ο
2759 4270 2792 4340 ή
2825 4267 2883 4323 δὲ
2914 4270 3259 4337 τούναντίον,
3296 4272 3394 4341 οὑχ
3430 4270 3697 4325 ὑποστατι-

2129 4362 2233 4432 κὴν
2261 4360 2532 4430 διαφορὰν
2572 4359 2774 4432 ἔχουσα
2807 4359 2948 4431 πρὸς
2994 4359 3057 4414 τὸ
3089 4362 3431 4433 ἀρχέτυπον,
3466 4360 3593 4413 ἀλλὰ
3619 4372 3703 4425 φυο

449 4471 479 4508 a
514 4456 918 4521 Christo;una
967 4456 1171 4509 etenim
1227 4464 1314 4511 est
1364 4457 1555 4511 horum
1597 4472 1857 4527 persona,
1904 4459 2027 4513 dum

2142 4452 2314 4521 σικὴν,
2346 4451 2421 4514 ὡς
2450 4452 2484 4522 ὴ
2524 4451 2693 4505 εἰκὼν
2727 4451 2823 4505 τοῦ
2856 4451 3099 4523 Χριστοῦ
3137 4454 3279 4525 πρὸς
3319 4454 3410 4506 τὸν
3458 4446 3700 4521 Χριστόν⁹

450 4561 582 4601 vero
612 4557 864 4603 naturae:
893 4562 1018 4600 nam
1056 4548 1162 4602 alia
1196 4558 1283 4603 est
1318 4550 1559 4603 materiae
1586 4549 1747 4619 pictae
1807 4559 2024 4615 natura,

449 4642 555 4694 alia
582 4639 807 4703 Christi,
842 4651 1115 4708 quatenus
1150 4652 1235 4696 est
1272 4641 1459 4708 homo,
1480 4651 1537 4696 et
1571 4651 1631 4697 ut
1671 4645 2028 4700 circumscri-

448 4733 616 4797 bitur,
644 4741 699 4786 et
739 4732 994 4801 imaginis
1049 4734 1406 4804 archetypum
1462 4736 1695 4791 exsistit.
1724 4736 1858 4791 Cum
1897 4737 2030 4791 ado-

447 4836 606 4880 ratur
640 4825 843 4892 imago,
873 4827 1125 4881 Christus
1182 4829 1465 4895 adoratur,
1502 4828 1661 4897 cujus
1709 4828 2030 4883 similitudi-

447 4939 573 4978 nem
609 4924 798 4988 refert,
832 4939 938 4978 non
971 4934 1154 4979 autem
1200 4926 1425 4979 materia
1456 4938 1577 4991 quze
1609 4924 2028 4978 similitudinem

452 5020 704 5086 accepit:
743 5027 805 5071 ut
849 5031 975 5072 eum
1015 5018 1069 5071 in
1121 5017 1344 5087 speculo
1379 5028 1609 5086 apparet
1649 5016 1866 5085 imago;
1902 5017 2031 5069 huic

450 5109 596 5162 enim
633 5109 865 5173 admoti,
894 5122 1002 5164 non
1035 5092 1351 5175 materiam,
1377 5109 1472 5164 sed
1499 5108 1798 5179 imaginem
1823 5109 2034 5163 oscula-

451 5216 599 5254 nmr.
634 5200 702 5252 Et
730 5202 906 5256 deleta
944 5200 1140 5269 ﬁgura,
1187 5200 1348 5269 cujus
1401 5200 1577 5270 gratia
1608 5210 1726 5253 erat
1755 5198 2031 5258 adoratio.

449 5300 636 5347 manet
687 5294 919 5348 materia
948 5310 978 5348 a
1008 5295 1227 5349 nemine
1249 5295 1502 5357 adorata,
1542 5301 1728 5361 utpote
1758 5307 1880 5362 quae
1902 5306 2026 5346 cum

451 5386 750 5441 simulacro
809 5386 946 5441 nihil
981 5386 1184 5442 haheat
1234 5400 1548 5441 commune.
1592 5384 1764 5440 Porro
1813 5394 1866 5439 et
1898 5384 1944 5440 si
1978 5385 2031 5438 in

451 5477 659 5531 annulo
704 5476 777 5531 sit
831 5479 1071 5547 signum,
1128 5478 1274 5547 quod
1331 5478 1669 5547 cogitatione
1722 5491 1749 5529 a
1803 5479 2032 5530 materia

450 5579 766 5636 separatur,
799 5571 934 5624 nihil
965 5570 1196 5626 omnino
1246 5584 1373 5624 cum
1409 5570 1637 5624 materia
1684 5568 2033 5637 habetlla‘

454 5674 776 5728 commune,
838 5664 966 5719 licet
1004 5678 1100 5732 per
1165 5662 1449 5717 materiam
1513 5661 1775 5731 imaginis
1812 5661 2029 5730 signum

454 5751 680 5806 CVSlllil.

2137 4550 2236 4619 μία
2279 4549 2377 4619 μὲν
2409 4550 2518 4619 γὰρ
2563 4550 2598 4617 ἡ
2662 4550 2963 4612 ὑπόστασις
2992 4547 3202 4602 τούτων
3226 4589 3243 4614 ,
3298 4548 3395 4604 δύο
3423 4548 3477 4602 δὲ
3508 4546 3703 4613 φύσεις·

2136 4641 2268 4711 ἄλλη
2300 4641 2407 4711 γὰρ
2440 4639 2602 4711 φύσις
2636 4638 3001 4711 ὑλογρσφίας,
3024 4642 3124 4694 καὶ
3143 4639 3283 4710 ἄλλη
3320 4635 3557 4711 Χριστοῦ
3579 4629 3706 4688 κατὰ

2133 4734 2196 4787 τὸ
2228 4731 2590 4804 ἀνθρώπινον,
2613 4726 2786 4797 καθ’ὑ
2811 4731 2905 4784 καὶ
2935 4730 3370 4802 περιγράφεται,
3391 4730 3484 4782 καί
3502 4724 3706 4797 ἀρχέτυ·

2136 4844 2237 4880 πον
2272 4826 2481 4888 εἰκόνος
2515 4823 2861 4877 καθίσταται.
2888 4824 3387 4893 Ιιροσκυνουμένης
3412 4822 3506 4892 τῆς
3533 4818 3707 4875 εἰκόνος

2135 4922 2163 4973 δ
2194 4919 2432 4990 Χριστὸς
2459 4919 2878 4987 προσκυνεῖται,
2904 4909 2964 4970 οὗ
2988 4918 3138 4970 ἐστιν
3169 4917 3457 4983 ὁμοίωσις,
3482 4914 3572 4968 καὶ
3603 4910 3703 4977 οὐχὶ

2135 5015 2169 5084 ἠ
2206 5011 2582 5080 ὑποδεξαμένη
2604 5008 2703 5080 τὴν
2731 5008 2996 5077 ὁμοίωσιν
3032 5008 3156 5080 ὕλη,
3194 5008 3274 5072 ὡς
3306 5010 3402 5061 ἐπὶ
3427 5008 3521 5077 τῆς
3544 5016 3704 5073 φαινοο

2139 5101 2312 5171 μένης
2347 5101 2406 5153 ὲν
2453 5098 2531 5168 τῷ
2573 5099 2874 5170 κατόπτρῳ
2922 5100 3131 5163 εἰκόνος
3153 5114 3164 5131 ³
3201 5101 3383 5171 ταύτῃ
3417 5098 3522 5167 γὰρ
3554 5107 3700 5163 1:903-

2138 5193 2422 5261 φυόμενοι,
2456 5192 2519 5245 οὑ
2551 5191 2650 5262 τὴν
2710 5190 2866 5256 ὓλην,
2916 5192 3017 5262 τὴν
3043 5191 3099 5245 δὲ
3130 5191 3329 5244 εἰκόνα
3358 5183 3699 5261 περιπτυσσό-

2143 5284 2283 5355 μεθα
2301 5301 2316 5314 ο
2348 5283 2443 5336 καὶ
2472 5281 2868 5350 ἀφανισθέντος
2894 5282 2991 5335 τοῦ
3055 5282 3487 5352 ὲκτυπώματος,
3522 5278 3599 5345 ἐφ’
3623 5268 3659 5341 ᾦ
3682 5271 3705 5339 ἡ

2146 5374 2543 5447 πρνισκὺνησις,
2573 5374 2606 5445 η
2636 5372 2737 5444 ὑλη
2792 5374 3106 5443 μεμένηκεν
3146 5370 3584 5440 ἀπροτκύνητοε,
3619 5378 3706 5431 μη·

2143 5467 2233 5518 δέν
2259 5484 2309 5519 τι
2355 5467 2791 5534 κεκοινωνηκυῖα
2826 5462 2903 5531 τῷ
2933 5462 3283 5533 ὁμοιώματι·
3332 5460 3466 5513 ἀλλὰ
3494 5457 3582 5511 καὶ
3604 5456 3632 5522 ἡ
3658 5453 3704 5503 ἐν

2144 5559 2223 5628 τῷ
2255 5556 2527 5627 δακτυλίῳ
2567 5556 2844 5627 σφραγὶς,
2888 5559 2953 5626 τῇ
2987 5555 3205 5624 ἐπινοίᾳ
3257 5554 3395 5607 οὖσα
3449 5549 3544 5620 τῆς
3597 5545 3706 5611 ὕλης

2145 5649 2561 5719 κεχωρισμένη,
2596 5648 2749 5702 οὐδὲν
2792 5648 2926 5715 πρὸς
2964 5648 3063 5703 τὴν
3114 5647 3252 5711 ὓλην
3287 5647 3409 5709 ταῖς
3457 5637 3707 5709 ἀληθείαις

2142 5744 2257 5811 ἔχει
2293 5742 2496 5805 κοινδν,
2539 5742 2588 5794 εἰ
2613 5741 2706 5794 καὶ
2735 5740 2866 5812 περί
2902 5739 3005 5811 τὴν
3034 5740 3165 5811 ὑλην
3200 5741 3234 5808 ἠ
3270 5735 3507 5808 σφραγὶς
3535 5731 3624 5800 τῆς
3648 5724 3709 5778 εἶ’

2140 5830 2291 5903 κάνοέ
2323 5840 2645 5911 ὑφέστηκεν.
