  <div class='ocr_page' id='page_1' title='image "/cluster/home/n/w/nwhite01/storage/ocr_20150623/144:no.2/coo.31924054870492/640.png"; bbox 0 0 3992 6396; ppageno 0'>
   <div class='ocr_carea' id='block_1_1' title="bbox 306 361 461 427">
    <p class='ocr_par' dir='ltr' id='par_1_1' title="bbox 306 361 461 427">
     <span class='ocr_line' id='line_1_1' title="bbox 306 361 461 427; baseline 0 -1"><span class='ocrx_word' id='word_1_1' title='bbox 306 361 461 427; x_wconf 76' lang='grc'><strong>1269</strong></span> 
     </span>
    </p>
   </div>
   <div class='ocr_carea' id='block_1_2' title="bbox 1284 370 2591 443">
    <p class='ocr_par' dir='ltr' id='par_1_2' title="bbox 1284 370 2591 443">
     <span class='ocr_line' id='line_1_2' title="bbox 1284 370 2591 443; baseline 0.008 -12"><span class='ocrx_word' id='word_1_2' title='bbox 1284 370 1693 433; x_wconf 78' lang='lat' dir='ltr'><strong>SYNTAGMA</strong></span> <span class='ocrx_word' id='word_1_3' title='bbox 1733 373 2356 443; x_wconf 74' lang='lat' dir='ltr'><strong>ALPHABETICUM.</strong></span> <span class='ocrx_word' id='word_1_4' title='bbox 2403 405 2472 418; x_wconf 92' lang='grc'><strong>-</strong></span> <span class='ocrx_word' id='word_1_5' title='bbox 2514 378 2591 441; x_wconf 71' lang='grc' dir='ltr'><strong>Ε.-</strong></span> 
     </span>
    </p>
   </div>
   <div class='ocr_carea' id='block_1_3' title="bbox 3433 376 3631 441">
    <p class='ocr_par' dir='ltr' id='par_1_3' title="bbox 3433 376 3631 441">
     <span class='ocr_line' id='line_1_3' title="bbox 3433 376 3631 441; baseline 0 0"><span class='ocrx_word' id='word_1_6' title='bbox 3433 376 3571 441; x_wconf 75' lang='lat' dir='ltr'><strong>mo</strong></span> <span class='ocrx_word' id='word_1_7' title='bbox 3596 377 3631 412; x_wconf 52' lang='grc' dir='ltr'><strong>τκ</strong></span> 
     </span>
    </p>
   </div>
   <div class='ocr_carea' id='block_1_4' title="bbox 376 478 1904 570">
    <p class='ocr_par' dir='ltr' id='par_1_4' title="bbox 376 478 1878 561">
     <span class='ocr_line' id='line_1_4' title="bbox 376 478 1878 561; baseline 0.008 -28"><span class='ocrx_word' id='word_1_8' title='bbox 376 478 601 542; x_wconf 68' lang='grc' dir='ltr'>Παντὸς·</span> <span class='ocrx_word' id='word_1_9' title='bbox 646 478 957 551; x_wconf 81' lang='grc' dir='ltr'><strong>μιμητικῶς</strong></span> <span class='ocrx_word' id='word_1_10' title='bbox 1008 482 1415 555; x_wconf 76' lang='grc' dir='ltr'>εἰκονιζομένου</span> <span class='ocrx_word' id='word_1_11' title='bbox 1479 488 1577 559; x_wconf 82' lang='grc' dir='ltr'><strong>οὐχ</strong></span> <span class='ocrx_word' id='word_1_12' title='bbox 1628 489 1878 561; x_wconf 81' lang='grc' dir='ltr'><strong>ἡφύσις,</strong></span> 
     </span>
    </p>
   </div>
   <div class='ocr_carea' id='block_1_5' title="bbox 2019 478 3565 570">
    <p class='ocr_par' dir='ltr' id='par_1_5' title="bbox 2052 492 3565 570">
     <span class='ocr_line' id='line_1_5' title="bbox 2052 492 3565 570; baseline -0.002 -17"><span class='ocrx_word' id='word_1_13' title='bbox 2052 499 2332 570; x_wconf 78' lang='lat' dir='ltr'><strong>Quidquid</strong></span> <span class='ocrx_word' id='word_1_14' title='bbox 2364 498 2670 555; x_wconf 91' lang='lat' dir='ltr'><strong>imitatione</strong></span> <span class='ocrx_word' id='word_1_15' title='bbox 2704 495 2993 568; x_wconf 75' lang='lat' dir='ltr'><strong>ﬁguratur,</strong></span> <span class='ocrx_word' id='word_1_16' title='bbox 3028 509 3132 551; x_wconf 89' lang='lat' dir='ltr'><strong>non</strong></span> <span class='ocrx_word' id='word_1_17' title='bbox 3179 492 3303 567; x_wconf 83' lang='lat' dir='ltr'><strong>ejus</strong></span> <span class='ocrx_word' id='word_1_18' title='bbox 3341 503 3565 570; x_wconf 69' lang='lat' dir='ltr'><strong>natura,</strong></span> 
     </span>
    </p>
   </div>
   <div class='ocr_carea' id='block_1_6' title="bbox 304 571 1890 644">
    <p class='ocr_par' dir='ltr' id='par_1_6' title="bbox 304 571 1890 644">
     <span class='ocr_line' id='line_1_6' title="bbox 304 571 1890 644; baseline 0.008 -18"><span class='ocrx_word' id='word_1_19' title='bbox 304 572 424 627; x_wconf 83' lang='grc' dir='ltr'>ἀλλ’</span> <span class='ocrx_word' id='word_1_20' title='bbox 452 571 805 644; x_wconf 78' lang='grc' dir='ltr'>ὴῦπόστασις</span> <span class='ocrx_word' id='word_1_21' title='bbox 855 575 1185 642; x_wconf 78' lang='grc' dir='ltr'>είκονίζεται</span> <span class='ocrx_word' id='word_1_22' title='bbox 1209 596 1224 610; x_wconf 76' lang='grc' dir='ltr'><strong>ο</strong></span> <span class='ocrx_word' id='word_1_23' title='bbox 1255 580 1351 632; x_wconf 79' lang='grc' dir='ltr'><strong>καὶ</strong></span> <span class='ocrx_word' id='word_1_24' title='bbox 1381 579 1471 635; x_wconf 80' lang='grc' dir='ltr'>διὰ</span> <span class='ocrx_word' id='word_1_25' title='bbox 1504 581 1890 638; x_wconf 52' lang='grc' dir='ltr'>τοῦτοηταὺτὸν</span> 
     </span>
    </p>
   </div>
   <div class='ocr_carea' id='block_1_7' title="bbox 304 662 1886 749">
    <p class='ocr_par' dir='ltr' id='par_1_7' title="bbox 304 662 1886 749">
     <span class='ocr_line' id='line_1_7' title="bbox 304 662 1886 749; baseline 0.008 -32"><span class='ocrx_word' id='word_1_26' title='bbox 304 662 384 734; x_wconf 82' lang='grc' dir='ltr'><strong>τῷ</strong></span> <span class='ocrx_word' id='word_1_27' title='bbox 409 664 705 738; x_wconf 84' lang='grc' dir='ltr'><strong>ἀρχετύπῳ</strong></span> <span class='ocrx_word' id='word_1_28' title='bbox 735 667 956 737; x_wconf 84' lang='grc' dir='ltr'>ήείκὼν</span> <span class='ocrx_word' id='word_1_29' title='bbox 989 668 1176 735; x_wconf 83' lang='grc' dir='ltr'>αὐτοῦ,</span> <span class='ocrx_word' id='word_1_30' title='bbox 1203 671 1265 723; x_wconf 86' lang='grc' dir='ltr'><strong>ού</strong></span> <span class='ocrx_word' id='word_1_31' title='bbox 1296 672 1363 742; x_wconf 78' lang='grc' dir='ltr'>τῇ</span> <span class='ocrx_word' id='word_1_32' title='bbox 1402 672 1566 742; x_wconf 82' lang='grc' dir='ltr'>φύσει</span> <span class='ocrx_word' id='word_1_33' title='bbox 1589 715 1605 741; x_wconf 92' lang='grc'><strong>,</strong></span> <span class='ocrx_word' id='word_1_34' title='bbox 1636 675 1775 730; x_wconf 78' lang='grc' dir='ltr'>ἀλλὰ</span> <span class='ocrx_word' id='word_1_35' title='bbox 1820 679 1886 749; x_wconf 82' lang='grc' dir='ltr'>τῇ</span> 
     </span>
    </p>
   </div>
   <div class='ocr_carea' id='block_1_8' title="bbox 304 756 1718 833">
    <p class='ocr_par' dir='ltr' id='par_1_8' title="bbox 304 756 1718 833">
     <span class='ocr_line' id='line_1_8' title="bbox 304 756 1718 833; baseline 0.01 -25"><span class='ocrx_word' id='word_1_36' title='bbox 304 756 622 831; x_wconf 56' lang='grc' dir='ltr'>ὑποστάσει,</span> <span class='ocrx_word' id='word_1_37' title='bbox 658 759 828 830; x_wconf 72' lang='grc' dir='ltr'>ἤγουν</span> <span class='ocrx_word' id='word_1_38' title='bbox 858 763 926 831; x_wconf 80' lang='grc' dir='ltr'><strong>τῇ</strong></span> <span class='ocrx_word' id='word_1_39' title='bbox 957 763 1187 833; x_wconf 82' lang='grc' dir='ltr'>μιμήσει</span> <span class='ocrx_word' id='word_1_40' title='bbox 1214 765 1316 830; x_wconf 83' lang='grc' dir='ltr'>τῆς</span> <span class='ocrx_word' id='word_1_41' title='bbox 1344 766 1718 833; x_wconf 78' lang='grc' dir='ltr'><strong>ὑποστάσεως.</strong></span> 
     </span>
    </p>
   </div>
   <div class='ocr_carea' id='block_1_9' title="bbox 377 854 1891 930">
    <p class='ocr_par' dir='ltr' id='par_1_9' title="bbox 377 854 1891 930">
     <span class='ocr_line' id='line_1_9' title="bbox 377 854 1891 930; baseline 0.008 -25"><span class='ocrx_word' id='word_1_42' title='bbox 377 854 490 914; x_wconf 78' lang='grc' dir='ltr'><strong>Τὰς</strong></span> <span class='ocrx_word' id='word_1_43' title='bbox 548 854 699 924; x_wconf 79' lang='grc' dir='ltr'>ἰερὰς</span> <span class='ocrx_word' id='word_1_44' title='bbox 752 856 971 918; x_wconf 84' lang='grc' dir='ltr'>εἰκόνας</span> <span class='ocrx_word' id='word_1_45' title='bbox 1016 858 1473 930; x_wconf 85' lang='grc' dir='ltr'>ἀναστηλοῦμεν,</span> <span class='ocrx_word' id='word_1_46' title='bbox 1540 862 1628 917; x_wconf 82' lang='grc' dir='ltr'>ἵνα</span> <span class='ocrx_word' id='word_1_47' title='bbox 1684 864 1891 927; x_wconf 87' lang='grc' dir='ltr'>ταύτας</span> 
     </span>
    </p>
   </div>
   <div class='ocr_carea' id='block_1_10' title="bbox 306 941 1895 1026">
    <p class='ocr_par' dir='ltr' id='par_1_10' title="bbox 306 941 1895 1026">
     <span class='ocr_line' id='line_1_10' title="bbox 306 941 1895 1026; baseline 0.009 -32"><span class='ocrx_word' id='word_1_48' title='bbox 306 941 565 1013; x_wconf 77' lang='grc' dir='ltr'>ὁρῶντες,</span> <span class='ocrx_word' id='word_1_49' title='bbox 596 944 664 997; x_wconf 78' lang='grc' dir='ltr'>δι’</span> <span class='ocrx_word' id='word_1_50' title='bbox 703 945 886 1000; x_wconf 86' lang='grc' dir='ltr'>αὐτῶν</span> <span class='ocrx_word' id='word_1_51' title='bbox 915 948 1165 1019; x_wconf 81' lang='grc' dir='ltr'><strong>δοκῶμεν</strong></span> <span class='ocrx_word' id='word_1_52' title='bbox 1218 952 1353 1022; x_wconf 75' lang='grc' dir='ltr'>ὁρᾷν</span> <span class='ocrx_word' id='word_1_53' title='bbox 1383 951 1451 1006; x_wconf 71' lang='grc' dir='ltr'><strong>τὰ</strong></span> <span class='ocrx_word' id='word_1_54' title='bbox 1488 953 1696 1007; x_wconf 88' lang='grc' dir='ltr'>τούτων</span> <span class='ocrx_word' id='word_1_55' title='bbox 1728 955 1895 1026; x_wconf 83' lang='grc' dir='ltr'><strong>ἀρχέ-</strong></span> 
     </span>
    </p>
   </div>
   <div class='ocr_carea' id='block_1_11' title="bbox 1999 587 3573 664">
    <p class='ocr_par' dir='ltr' id='par_1_11' title="bbox 1999 587 3573 664">
     <span class='ocr_line' id='line_1_11' title="bbox 1999 587 3573 664; baseline -0.004 -15"><span class='ocrx_word' id='word_1_56' title='bbox 1999 594 2362 662; x_wconf 81' lang='lat' dir='ltr'><strong>sed‘persona</strong></span> <span class='ocrx_word' id='word_1_57' title='bbox 2419 592 2734 664; x_wconf 88' lang='lat' dir='ltr'><strong>ﬁguratur:</strong></span> <span class='ocrx_word' id='word_1_58' title='bbox 2792 598 2849 646; x_wconf 85' lang='lat' dir='ltr'><strong>et</strong></span> <span class='ocrx_word' id='word_1_59' title='bbox 2898 588 2970 645; x_wconf 91' lang='lat' dir='ltr'><strong>ob</strong></span> <span class='ocrx_word' id='word_1_60' title='bbox 3005 587 3080 656; x_wconf 82' lang='lat' dir='ltr'><strong>id,</strong></span> <span class='ocrx_word' id='word_1_61' title='bbox 3108 587 3253 644; x_wconf 89' lang='lat' dir='ltr'><strong>idem</strong></span> <span class='ocrx_word' id='word_1_62' title='bbox 3293 588 3441 658; x_wconf 86' lang='lat' dir='ltr'><strong>quod</strong></span> <span class='ocrx_word' id='word_1_63' title='bbox 3482 602 3573 643; x_wconf 74' lang='lat' dir='ltr'><strong>ar-</strong></span> 
     </span>
    </p>
   </div>
   <div class='ocr_carea' id='block_1_12' title="bbox 1996 679 3566 758">
    <p class='ocr_par' dir='ltr' id='par_1_12' title="bbox 1996 679 3566 758">
     <span class='ocr_line' id='line_1_12' title="bbox 1996 679 3566 758; baseline -0.005 -17"><span class='ocrx_word' id='word_1_64' title='bbox 1996 687 2263 758; x_wconf 87' lang='lat' dir='ltr'><strong>chetypus</strong></span> <span class='ocrx_word' id='word_1_65' title='bbox 2298 685 2418 754; x_wconf 85' lang='lat' dir='ltr'><strong>ejus</strong></span> <span class='ocrx_word' id='word_1_66' title='bbox 2450 693 2535 741; x_wconf 89' lang='lat' dir='ltr'><strong>est</strong></span> <span class='ocrx_word' id='word_1_67' title='bbox 2564 685 2770 753; x_wconf 80' lang='lat' dir='ltr'><strong>imago,</strong></span> <span class='ocrx_word' id='word_1_68' title='bbox 2790 696 2900 737; x_wconf 91' lang='lat' dir='ltr'><strong>non</strong></span> <span class='ocrx_word' id='word_1_69' title='bbox 2937 688 3156 748; x_wconf 89' lang='lat' dir='ltr'><strong>natura,</strong></span> <span class='ocrx_word' id='word_1_70' title='bbox 3177 679 3272 737; x_wconf 86' lang='lat' dir='ltr'><strong>sed</strong></span> <span class='ocrx_word' id='word_1_71' title='bbox 3304 694 3566 751; x_wconf 86' lang='lat' dir='ltr'><strong>persona,</strong></span> 
     </span>
    </p>
   </div>
   <div class='ocr_carea' id='block_1_13' title="bbox 1864 770 2755 848">
    <p class='ocr_par' dir='ltr' id='par_1_13' title="bbox 1864 770 2755 848">
     <span class='ocr_line' id='line_1_13' title="bbox 1864 770 2755 848; baseline -0.004 -14"><span class='ocrx_word' id='word_1_72' title='bbox 1864 782 1873 787; x_wconf 83' lang='grc'><strong>’</strong></span> <span class='ocrx_word' id='word_1_73' title='bbox 1952 770 1963 779; x_wconf 38' lang='lat' dir='ltr'><em>l</em></span> <span class='ocrx_word' id='word_1_74' title='bbox 1994 777 2110 834; x_wconf 85' lang='lat' dir='ltr'><strong>sive</strong></span> <span class='ocrx_word' id='word_1_75' title='bbox 2144 778 2451 832; x_wconf 70' lang='lat' dir='ltr'><strong>inuitatione</strong></span> <span class='ocrx_word' id='word_1_76' title='bbox 2487 791 2755 848; x_wconf 66' lang='lat' dir='ltr'><strong>personae.</strong></span> 
     </span>
    </p>
   </div>
   <div class='ocr_carea' id='block_1_14' title="bbox 2068 864 3601 940">
    <p class='ocr_par' dir='ltr' id='par_1_14' title="bbox 2068 864 3601 940">
     <span class='ocr_line' id='line_1_14' title="bbox 2068 864 3601 940; baseline -0.003 -16"><span class='ocrx_word' id='word_1_77' title='bbox 2068 869 2268 925; x_wconf 80' lang='lat' dir='ltr'><strong>Sacras</strong></span> <span class='ocrx_word' id='word_1_78' title='bbox 2304 870 2566 940; x_wconf 83' lang='lat' dir='ltr'><strong>imagines</strong></span> <span class='ocrx_word' id='word_1_79' title='bbox 2598 870 2900 939; x_wconf 73' lang='lat' dir='ltr'><strong>pingimus,</strong></span> <span class='ocrx_word' id='word_1_80' title='bbox 2945 876 3006 925; x_wconf 87' lang='lat' dir='ltr'><strong>ut</strong></span> <span class='ocrx_word' id='word_1_81' title='bbox 3047 881 3143 923; x_wconf 89' lang='lat' dir='ltr'><strong>eas</strong></span> <span class='ocrx_word' id='word_1_82' title='bbox 3170 864 3445 931; x_wconf 85' lang='lat' dir='ltr'><strong>videntes,</strong></span> <span class='ocrx_word' id='word_1_83' title='bbox 3474 878 3601 935; x_wconf 73' lang='lat' dir='ltr'><strong>per</strong></span> 
     </span>
    </p>
   </div>
   <div class='ocr_carea' id='block_1_15' title="bbox 1993 957 3603 1034">
    <p class='ocr_par' dir='ltr' id='par_1_15' title="bbox 1993 957 3603 1034">
     <span class='ocr_line' id='line_1_15' title="bbox 1993 957 3603 1034; baseline -0.001 -19"><span class='ocrx_word' id='word_1_84' title='bbox 1993 975 2090 1015; x_wconf 88' lang='lat' dir='ltr'><strong>eas</strong></span> <span class='ocrx_word' id='word_1_85' title='bbox 2124 962 2309 1017; x_wconf 86' lang='lat' dir='ltr'><strong>videre</strong></span> <span class='ocrx_word' id='word_1_86' title='bbox 2343 962 2563 1018; x_wconf 89' lang='lat' dir='ltr'><strong>illarum</strong></span> <span class='ocrx_word' id='word_1_87' title='bbox 2596 963 2923 1034; x_wconf 86' lang='lat' dir='ltr'><strong>archetypos</strong></span> <span class='ocrx_word' id='word_1_88' title='bbox 2954 959 3265 1021; x_wconf 82' lang='lat' dir='ltr'><strong>videamur.</strong></span> <span class='ocrx_word' id='word_1_89' title='bbox 3299 964 3355 1013; x_wconf 90' lang='lat' dir='ltr'><strong>et</strong></span> <span class='ocrx_word' id='word_1_90' title='bbox 3386 957 3442 1013; x_wconf 92' lang='lat' dir='ltr'><strong>in</strong></span> <span class='ocrx_word' id='word_1_91' title='bbox 3471 973 3603 1013; x_wconf 63' lang='lat' dir='ltr'><strong>no-&#39;~</strong></span> 
     </span>
    </p>
   </div>
   <div class='ocr_carea' id='block_1_16' title="bbox 305 1037 1904 1124">
    <p class='ocr_par' dir='ltr' id='par_1_16' title="bbox 305 1037 1892 1115">
     <span class='ocr_line' id='line_1_16' title="bbox 305 1037 1892 1115; baseline 0.008 -29"><span class='ocrx_word' id='word_1_92' title='bbox 305 1050 477 1095; x_wconf 87' lang='grc' dir='ltr'>τυπα.</span> <span class='ocrx_word' id='word_1_93' title='bbox 508 1038 605 1090; x_wconf 73' lang='grc' dir='ltr'>καὶ</span> <span class='ocrx_word' id='word_1_94' title='bbox 637 1037 897 1105; x_wconf 82' lang='grc' dir='ltr'><strong>γίνωνται</strong></span> <span class='ocrx_word' id='word_1_95' title='bbox 945 1041 1078 1111; x_wconf 77' lang='grc' dir='ltr'>ἡμῖν</span> <span class='ocrx_word' id='word_1_96' title='bbox 1107 1042 1482 1113; x_wconf 75' lang='grc' dir='ltr'>ὑπομνήματα</span> <span class='ocrx_word' id='word_1_97' title='bbox 1511 1044 1608 1097; x_wconf 74' lang='grc' dir='ltr'>καὶ</span> <span class='ocrx_word' id='word_1_98' title='bbox 1640 1062 1892 1115; x_wconf 84' lang='grc' dir='ltr'>παρηγο-</span> 
     </span>
    </p>
   </div>
   <div class='ocr_carea' id='block_1_17' title="bbox 2019 1037 3574 1124">
    <p class='ocr_par' dir='ltr' id='par_1_17' title="bbox 2019 1050 3574 1124">
     <span class='ocr_line' id='line_1_17' title="bbox 2019 1050 3574 1124; baseline -0.002 -16"><span class='ocrx_word' id='word_1_99' title='bbox 2019 1054 2080 1109; x_wconf 71' lang='lat' dir='ltr'><strong>iis</strong></span> <span class='ocrx_word' id='word_1_100' title='bbox 2106 1055 2431 1110; x_wconf 85' lang='lat' dir='ltr'><strong>memoriam</strong></span> <span class='ocrx_word' id='word_1_101' title='bbox 2477 1062 2533 1110; x_wconf 88' lang='lat' dir='ltr'><strong>et</strong></span> <span class='ocrx_word' id='word_1_102' title='bbox 2570 1055 2904 1111; x_wconf 88' lang='lat' dir='ltr'><strong>desiderium</strong></span> <span class='ocrx_word' id='word_1_103' title='bbox 2941 1054 3368 1124; x_wconf 82' lang='lat' dir='ltr'><strong>archetyporum</strong></span> <span class='ocrx_word' id='word_1_104' title='bbox 3418 1050 3574 1108; x_wconf 79' lang='lat' dir='ltr'><strong>exci-</strong></span> 
     </span>
    </p>
   </div>
   <div class='ocr_carea' id='block_1_18' title="bbox 311 1129 1890 1211">
    <p class='ocr_par' dir='ltr' id='par_1_18' title="bbox 311 1129 1890 1211">
     <span class='ocr_line' id='line_1_18' title="bbox 311 1129 1890 1211; baseline 0.008 -29"><span class='ocrx_word' id='word_1_105' title='bbox 311 1129 406 1200; x_wconf 88' lang='grc' dir='ltr'><strong>ρία</strong></span> <span class='ocrx_word' id='word_1_106' title='bbox 444 1131 539 1184; x_wconf 89' lang='grc' dir='ltr'><strong>τοῦ</strong></span> <span class='ocrx_word' id='word_1_107' title='bbox 575 1133 785 1198; x_wconf 87' lang='grc' dir='ltr'>πόθου,</span> <span class='ocrx_word' id='word_1_108' title='bbox 839 1136 936 1189; x_wconf 86' lang='grc' dir='ltr'><strong>τοῦ</strong></span> <span class='ocrx_word' id='word_1_109' title='bbox 995 1138 1133 1205; x_wconf 67' lang='grc' dir='ltr'>πρὸς</span> <span class='ocrx_word' id='word_1_110' title='bbox 1167 1140 1237 1192; x_wconf 82' lang='grc' dir='ltr'>τὰ</span> <span class='ocrx_word' id='word_1_111' title='bbox 1280 1141 1489 1193; x_wconf 83' lang='grc' dir='ltr'>τούτων</span> <span class='ocrx_word' id='word_1_112' title='bbox 1532 1140 1890 1211; x_wconf 84' lang='grc' dir='ltr'>πρωτότυπα.</span> 
     </span>
    </p>
   </div>
   <div class='ocr_carea' id='block_1_19' title="bbox 309 1222 1894 1301">
    <p class='ocr_par' dir='ltr' id='par_1_19' title="bbox 309 1222 1894 1301">
     <span class='ocr_line' id='line_1_19' title="bbox 309 1222 1894 1301; baseline 0.006 -27"><span class='ocrx_word' id='word_1_113' title='bbox 309 1222 479 1276; x_wconf 73' lang='grc' dir='ltr'>Ὀςον</span> <span class='ocrx_word' id='word_1_114' title='bbox 506 1223 616 1295; x_wconf 80' lang='grc' dir='ltr'><strong>γὰρ</strong></span> <span class='ocrx_word' id='word_1_115' title='bbox 649 1229 900 1298; x_wconf 75' lang='grc' dir='ltr'><strong>συνεχῶςΔ</strong></span> <span class='ocrx_word' id='word_1_116' title='bbox 920 1230 976 1283; x_wconf 84' lang='grc' dir='ltr'><strong>αἰ</strong></span> <span class='ocrx_word' id='word_1_117' title='bbox 1004 1230 1212 1294; x_wconf 77' lang='grc' dir='ltr'><strong>εἰκόνες</strong></span> <span class='ocrx_word' id='word_1_118' title='bbox 1255 1231 1511 1301; x_wconf 79' lang='grc' dir='ltr'><strong>ὁρῶνται,</strong></span> <span class='ocrx_word' id='word_1_119' title='bbox 1558 1231 1815 1286; x_wconf 70' lang='grc' dir='ltr'>τοσοῦτον</span> <span class='ocrx_word' id='word_1_120' title='bbox 1844 1233 1894 1285; x_wconf 84' lang='grc' dir='ltr'><strong>οἰ</strong></span> 
     </span>
    </p>
   </div>
   <div class='ocr_carea' id='block_1_20' title="bbox 310 1314 1895 1395">
    <p class='ocr_par' dir='ltr' id='par_1_20' title="bbox 310 1314 1895 1395">
     <span class='ocr_line' id='line_1_20' title="bbox 310 1314 1895 1395; baseline 0.007 -29"><span class='ocrx_word' id='word_1_121' title='bbox 310 1314 517 1376; x_wconf 84' lang='grc' dir='ltr'>ταύτας</span> <span class='ocrx_word' id='word_1_122' title='bbox 543 1318 779 1385; x_wconf 82' lang='grc' dir='ltr'>ὁρῶντες</span> <span class='ocrx_word' id='word_1_123' title='bbox 818 1319 1194 1374; x_wconf 76' lang='grc' dir='ltr'>διανίστανται</span> <span class='ocrx_word' id='word_1_124' title='bbox 1228 1323 1366 1391; x_wconf 74' lang='grc' dir='ltr'>πρὸς</span> <span class='ocrx_word' id='word_1_125' title='bbox 1394 1322 1494 1391; x_wconf 78' lang='grc' dir='ltr'>τὴν</span> <span class='ocrx_word' id='word_1_126' title='bbox 1519 1323 1634 1376; x_wconf 85' lang='grc' dir='ltr'><strong>τῶν</strong></span> <span class='ocrx_word' id='word_1_127' title='bbox 1660 1323 1895 1395; x_wconf 77' lang='grc' dir='ltr'>ἀρχετύ-</span> 
     </span>
    </p>
   </div>
   <div class='ocr_carea' id='block_1_21' title="bbox 311 1409 1183 1482">
    <p class='ocr_par' dir='ltr' id='par_1_21' title="bbox 311 1409 1183 1482">
     <span class='ocr_line' id='line_1_21' title="bbox 311 1409 1183 1482; baseline 0.008 -23"><span class='ocrx_word' id='word_1_128' title='bbox 311 1422 431 1460; x_wconf 85' lang='grc' dir='ltr'><strong>πων</strong></span> <span class='ocrx_word' id='word_1_129' title='bbox 458 1409 683 1478; x_wconf 84' lang='grc' dir='ltr'>μνήμην</span> <span class='ocrx_word' id='word_1_130' title='bbox 712 1411 809 1463; x_wconf 76' lang='grc' dir='ltr'>καὶ</span> <span class='ocrx_word' id='word_1_131' title='bbox 833 1411 1183 1482; x_wconf 77' lang='grc' dir='ltr'><strong>ἐπιπόθησιν.</strong></span> 
     </span>
    </p>
   </div>
   <div class='ocr_carea' id='block_1_22' title="bbox 394 1498 1895 1579">
    <p class='ocr_par' dir='ltr' id='par_1_22' title="bbox 394 1498 1895 1579">
     <span class='ocr_line' id='line_1_22' title="bbox 394 1498 1895 1579; baseline 0.007 -28"><span class='ocrx_word' id='word_1_132' title='bbox 394 1498 462 1552; x_wconf 86' lang='grc' dir='ltr'><em>Ἢ</em></span> <span class='ocrx_word' id='word_1_133' title='bbox 502 1499 602 1570; x_wconf 81' lang='grc' dir='ltr'>μὲν</span> <span class='ocrx_word' id='word_1_134' title='bbox 623 1501 681 1553; x_wconf 82' lang='grc' dir='ltr'>ὲν</span> <span class='ocrx_word' id='word_1_135' title='bbox 714 1501 986 1573; x_wconf 87' lang='grc' dir='ltr'>πνεύματι</span> <span class='ocrx_word' id='word_1_136' title='bbox 1019 1505 1114 1557; x_wconf 72' lang='grc' dir='ltr'>καὶ</span> <span class='ocrx_word' id='word_1_137' title='bbox 1146 1505 1375 1578; x_wconf 75' lang='grc' dir='ltr'><strong>ἀληθείᾳ</strong></span> <span class='ocrx_word' id='word_1_138' title='bbox 1402 1506 1630 1579; x_wconf 76' lang='grc' dir='ltr'>λατρεία</span> <span class='ocrx_word' id='word_1_139' title='bbox 1687 1510 1752 1578; x_wconf 81' lang='grc' dir='ltr'><strong>τῇ</strong></span> <span class='ocrx_word' id='word_1_140' title='bbox 1789 1524 1895 1578; x_wconf 69' lang='grc' dir='ltr'>μαι</span> 
     </span>
    </p>
   </div>
   <div class='ocr_carea' id='block_1_23' title="bbox 314 1590 1896 1669">
    <p class='ocr_par' dir='ltr' id='par_1_23' title="bbox 314 1590 1896 1669">
     <span class='ocr_line' id='line_1_23' title="bbox 314 1590 1896 1669; baseline 0.006 -26"><span class='ocrx_word' id='word_1_141' title='bbox 314 1590 483 1662; x_wconf 83' lang='grc' dir='ltr'>καρίᾳ</span> <span class='ocrx_word' id='word_1_142' title='bbox 535 1591 726 1663; x_wconf 81' lang='grc' dir='ltr'>Τριάδι</span> <span class='ocrx_word' id='word_1_143' title='bbox 758 1594 912 1665; x_wconf 81' lang='grc' dir='ltr'>παρὰ</span> <span class='ocrx_word' id='word_1_144' title='bbox 961 1594 1072 1649; x_wconf 86' lang='grc' dir='ltr'><strong>τῶν</strong></span> <span class='ocrx_word' id='word_1_145' title='bbox 1108 1596 1404 1667; x_wconf 77' lang='grc' dir='ltr'>όρθοδόξων</span> <span class='ocrx_word' id='word_1_146' title='bbox 1439 1598 1851 1669; x_wconf 80' lang='grc' dir='ltr'>ἀπονενέμηται</span> <span class='ocrx_word' id='word_1_147' title='bbox 1879 1614 1896 1631; x_wconf 75' lang='grc' dir='ltr'><strong>ο</strong></span> 
     </span>
    </p>
   </div>
   <div class='ocr_carea' id='block_1_24' title="bbox 310 1682 1899 1760">
    <p class='ocr_par' dir='ltr' id='par_1_24' title="bbox 310 1682 1899 1760">
     <span class='ocr_line' id='line_1_24' title="bbox 310 1682 1899 1760; baseline 0.006 -25"><span class='ocrx_word' id='word_1_148' title='bbox 310 1683 432 1745; x_wconf 85' lang='grc' dir='ltr'>ταῖς</span> <span class='ocrx_word' id='word_1_149' title='bbox 478 1682 537 1736; x_wconf 72' lang='grc' dir='ltr'>δὲ</span> <span class='ocrx_word' id='word_1_150' title='bbox 588 1684 776 1752; x_wconf 86' lang='grc' dir='ltr'>ἁγίαις</span> <span class='ocrx_word' id='word_1_151' title='bbox 833 1687 1043 1740; x_wconf 84' lang='grc' dir='ltr'>εἰκόσιν</span> <span class='ocrx_word' id='word_1_152' title='bbox 1081 1688 1143 1740; x_wconf 83' lang='grc' dir='ltr'>οὐ</span> <span class='ocrx_word' id='word_1_153' title='bbox 1195 1685 1423 1760; x_wconf 83' lang='grc' dir='ltr'>λατρεία</span> <span class='ocrx_word' id='word_1_154' title='bbox 1475 1692 1718 1757; x_wconf 79' lang='grc' dir='ltr'>πάντως,</span> <span class='ocrx_word' id='word_1_155' title='bbox 1762 1689 1899 1744; x_wconf 75' lang='grc' dir='ltr'>ἀλλὰ</span> 
     </span>
    </p>
   </div>
   <div class='ocr_carea' id='block_1_25' title="bbox 313 1777 1913 1855">
    <p class='ocr_par' dir='ltr' id='par_1_25' title="bbox 313 1777 1913 1855">
     <span class='ocr_line' id='line_1_25' title="bbox 313 1777 1913 1855; baseline 0.005 -26"><span class='ocrx_word' id='word_1_156' title='bbox 313 1777 709 1848; x_wconf 80' lang='grc' dir='ltr'>προσκύνησις.</span> <span class='ocrx_word' id='word_1_157' title='bbox 742 1779 833 1832; x_wconf 76' lang='grc' dir='ltr'><strong>καὶ</strong></span> <span class='ocrx_word' id='word_1_158' title='bbox 853 1780 1164 1850; x_wconf 72' lang='grc' dir='ltr'>ἀσπασμὸς,</span> <span class='ocrx_word' id='word_1_159' title='bbox 1192 1784 1286 1835; x_wconf 66' lang='grc' dir='ltr'>καὶ</span> <span class='ocrx_word' id='word_1_160' title='bbox 1316 1783 1473 1854; x_wconf 82' lang='grc' dir='ltr'>τιμή.</span> <span class='ocrx_word' id='word_1_161' title='bbox 1499 1783 1563 1835; x_wconf 85' lang='grc' dir='ltr'>Εἰ</span> <span class='ocrx_word' id='word_1_162' title='bbox 1590 1783 1700 1855; x_wconf 84' lang='grc' dir='ltr'>γὰρ</span> <span class='ocrx_word' id='word_1_163' title='bbox 1742 1784 1834 1837; x_wconf 67' lang='grc' dir='ltr'>καὶ</span> <span class='ocrx_word' id='word_1_164' title='bbox 1864 1784 1913 1854; x_wconf 69' lang='grc' dir='ltr'><strong>ἠ</strong></span> 
     </span>
    </p>
   </div>
   <div class='ocr_carea' id='block_1_26' title="bbox 1995 1145 3579 1219">
    <p class='ocr_par' dir='ltr' id='par_1_26' title="bbox 1995 1145 3579 1219">
     <span class='ocr_line' id='line_1_26' title="bbox 1995 1145 3579 1219; baseline -0.003 -18"><span class='ocrx_word' id='word_1_165' title='bbox 1995 1155 2138 1203; x_wconf 87' lang='lat' dir='ltr'><strong>tent.</strong></span> <span class='ocrx_word' id='word_1_166' title='bbox 2192 1145 2329 1202; x_wconf 87' lang='lat' dir='ltr'><strong>Nam</strong></span> <span class='ocrx_word' id='word_1_167' title='bbox 2402 1149 2651 1217; x_wconf 89' lang='lat' dir='ltr'><strong>quandiu</strong></span> <span class='ocrx_word' id='word_1_168' title='bbox 2705 1147 2975 1219; x_wconf 77' lang='lat' dir='ltr'><strong>imagines</strong></span> <span class='ocrx_word' id='word_1_169' title='bbox 3030 1146 3229 1202; x_wconf 89' lang='lat' dir='ltr'><strong>crebro</strong></span> <span class='ocrx_word' id='word_1_170' title='bbox 3296 1145 3579 1210; x_wconf 85' lang='lat' dir='ltr'><strong>videntur,</strong></span> 
     </span>
    </p>
   </div>
   <div class='ocr_carea' id='block_1_27' title="bbox 1998 1238 3585 1317">
    <p class='ocr_par' dir='ltr' id='par_1_27' title="bbox 1998 1238 3585 1317">
     <span class='ocr_line' id='line_1_27' title="bbox 1998 1238 3585 1317; baseline -0.002 -23"><span class='ocrx_word' id='word_1_171' title='bbox 1998 1239 2183 1295; x_wconf 89' lang='lat' dir='ltr'><strong>taudiu</strong></span> <span class='ocrx_word' id='word_1_172' title='bbox 2215 1241 2310 1310; x_wconf 88' lang='lat' dir='ltr'><strong>qui</strong></span> <span class='ocrx_word' id='word_1_173' title='bbox 2359 1255 2454 1296; x_wconf 90' lang='lat' dir='ltr'><strong>eas</strong></span> <span class='ocrx_word' id='word_1_174' title='bbox 2485 1240 2693 1308; x_wconf 84' lang='lat' dir='ltr'><strong>vident,</strong></span> <span class='ocrx_word' id='word_1_175' title='bbox 2739 1241 2807 1296; x_wconf 91' lang='lat' dir='ltr'><strong>ad</strong></span> <span class='ocrx_word' id='word_1_176' title='bbox 2854 1242 3285 1317; x_wconf 80' lang='lat' dir='ltr'><strong>archetyporum</strong></span> <span class='ocrx_word' id='word_1_177' title='bbox 3318 1238 3585 1297; x_wconf 53' lang='lat' dir='ltr'><strong>recorda:</strong></span> 
     </span>
    </p>
   </div>
   <div class='ocr_carea' id='block_1_28' title="bbox 1999 1330 3037 1393">
    <p class='ocr_par' dir='ltr' id='par_1_28' title="bbox 1999 1330 3037 1393">
     <span class='ocr_line' id='line_1_28' title="bbox 1999 1330 3037 1393; baseline 0.003 -7"><span class='ocrx_word' id='word_1_178' title='bbox 1999 1330 2202 1387; x_wconf 84' lang='lat' dir='ltr'><strong>tionem</strong></span> <span class='ocrx_word' id='word_1_179' title='bbox 2233 1340 2288 1388; x_wconf 90' lang='lat' dir='ltr'><strong>et</strong></span> <span class='ocrx_word' id='word_1_180' title='bbox 2311 1332 2648 1389; x_wconf 83' lang='lat' dir='ltr'><strong>desiderium</strong></span> <span class='ocrx_word' id='word_1_181' title='bbox 2678 1334 3037 1393; x_wconf 78' lang='lat' dir='ltr'><strong>excitantur-</strong></span> 
     </span>
    </p>
   </div>
   <div class='ocr_carea' id='block_1_29' title="bbox 2070 1512 3613 1586">
    <p class='ocr_par' dir='ltr' id='par_1_29' title="bbox 2070 1512 3613 1586">
     <span class='ocr_line' id='line_1_29' title="bbox 2070 1512 3613 1586; baseline 0.003 -19"><span class='ocrx_word' id='word_1_182' title='bbox 2070 1512 2262 1575; x_wconf 84' lang='lat' dir='ltr'><strong>Cultus</strong></span> <span class='ocrx_word' id='word_1_183' title='bbox 2292 1513 2513 1584; x_wconf 86' lang='lat' dir='ltr'><strong>quidem</strong></span> <span class='ocrx_word' id='word_1_184' title='bbox 2548 1514 2603 1569; x_wconf 92' lang='lat' dir='ltr'><strong>in</strong></span> <span class='ocrx_word' id='word_1_185' title='bbox 2639 1514 2835 1585; x_wconf 88' lang='lat' dir='ltr'><strong>spiritu</strong></span> <span class='ocrx_word' id='word_1_186' title='bbox 2869 1522 2925 1571; x_wconf 84' lang='lat' dir='ltr'><strong>et</strong></span> <span class='ocrx_word' id='word_1_187' title='bbox 2986 1516 3242 1583; x_wconf 84' lang='lat' dir='ltr'><strong>veritate,</strong></span> <span class='ocrx_word' id='word_1_188' title='bbox 3268 1530 3390 1586; x_wconf 65' lang='lat' dir='ltr'><strong>quae</strong></span> <span class='ocrx_word' id='word_1_189' title='bbox 3419 1516 3613 1573; x_wconf 66' lang='lat' dir='ltr'><strong>latrifr</strong></span> 
     </span>
    </p>
   </div>
   <div class='ocr_carea' id='block_1_30' title="bbox 2000 1602 3576 1669">
    <p class='ocr_par' dir='ltr' id='par_1_30' title="bbox 2000 1602 3576 1669">
     <span class='ocr_line' id='line_1_30' title="bbox 2000 1602 3576 1669; baseline 0.003 -9"><span class='ocrx_word' id='word_1_190' title='bbox 2000 1602 2426 1669; x_wconf 70' lang='lat' dir='ltr'><strong>dicitur,beataa</strong></span> <span class='ocrx_word' id='word_1_191' title='bbox 2476 1604 2732 1661; x_wconf 83' lang='lat' dir='ltr'><strong>Trinitati</strong></span> <span class='ocrx_word' id='word_1_192' title='bbox 2782 1607 2851 1662; x_wconf 91' lang='lat' dir='ltr'><strong>ab</strong></span> <span class='ocrx_word' id='word_1_193' title='bbox 2905 1608 3234 1664; x_wconf 80' lang='lat' dir='ltr'><strong>orthodoxis</strong></span> <span class='ocrx_word' id='word_1_194' title='bbox 3273 1609 3576 1665; x_wconf 86' lang='lat' dir='ltr'><strong>tribuitur:</strong></span> 
     </span>
    </p>
   </div>
   <div class='ocr_carea' id='block_1_31' title="bbox 2003 1698 3580 1769">
    <p class='ocr_par' dir='ltr' id='par_1_31' title="bbox 2003 1698 3580 1769">
     <span class='ocr_line' id='line_1_31' title="bbox 2003 1698 3580 1769; baseline 0.001 -14"><span class='ocrx_word' id='word_1_195' title='bbox 2003 1698 2210 1755; x_wconf 87' lang='lat' dir='ltr'><strong>sanctis</strong></span> <span class='ocrx_word' id='word_1_196' title='bbox 2240 1709 2422 1755; x_wconf 90' lang='lat' dir='ltr'><strong>autem</strong></span> <span class='ocrx_word' id='word_1_197' title='bbox 2448 1698 2795 1769; x_wconf 76' lang='lat' dir='ltr'><strong>imaginibus</strong></span> <span class='ocrx_word' id='word_1_198' title='bbox 2827 1715 2938 1755; x_wconf 87' lang='lat' dir='ltr'><strong>non</strong></span> <span class='ocrx_word' id='word_1_199' title='bbox 2981 1700 3209 1755; x_wconf 90' lang='lat' dir='ltr'><strong>omnino</strong></span> <span class='ocrx_word' id='word_1_200' title='bbox 3251 1700 3439 1766; x_wconf 90' lang='lat' dir='ltr'><strong>latria,</strong></span> <span class='ocrx_word' id='word_1_201' title='bbox 3480 1700 3580 1758; x_wconf 88' lang='lat' dir='ltr'><strong>sed</strong></span> 
     </span>
    </p>
   </div>
   <div class='ocr_carea' id='block_1_32' title="bbox 2004 1790 3581 1865">
    <p class='ocr_par' dir='ltr' id='par_1_32' title="bbox 2004 1790 3581 1865">
     <span class='ocr_line' id='line_1_32' title="bbox 2004 1790 3581 1865; baseline 0.001 -19"><span class='ocrx_word' id='word_1_202' title='bbox 2004 1791 2269 1857; x_wconf 88' lang='lat' dir='ltr'><strong>adoratio,</strong></span> <span class='ocrx_word' id='word_1_203' title='bbox 2298 1791 2559 1848; x_wconf 85' lang='lat' dir='ltr'><strong>salutatio</strong></span> <span class='ocrx_word' id='word_1_204' title='bbox 2604 1802 2657 1848; x_wconf 89' lang='lat' dir='ltr'><strong>et</strong></span> <span class='ocrx_word' id='word_1_205' title='bbox 2686 1792 2887 1847; x_wconf 80' lang='lat' dir='ltr'><strong>honor.</strong></span> <span class='ocrx_word' id='word_1_206' title='bbox 2934 1790 3088 1848; x_wconf 89' lang='lat' dir='ltr'><strong>Licet</strong></span> <span class='ocrx_word' id='word_1_207' title='bbox 3118 1792 3266 1849; x_wconf 89' lang='lat' dir='ltr'><strong>enim</strong></span> <span class='ocrx_word' id='word_1_208' title='bbox 3322 1791 3581 1865; x_wconf 74' lang='lat' dir='ltr'><strong>imaginis</strong></span> 
     </span>
    </p>
   </div>
   <div class='ocr_carea' id='block_1_33' title="bbox 315 1868 1904 1955">
    <p class='ocr_par' dir='ltr' id='par_1_33' title="bbox 315 1868 1903 1944">
     <span class='ocr_line' id='line_1_33' title="bbox 315 1868 1903 1944; baseline 0.003 -21"><span class='ocrx_word' id='word_1_209' title='bbox 315 1868 450 1939; x_wconf 79' lang='grc' dir='ltr'>τιμὴ</span> <span class='ocrx_word' id='word_1_210' title='bbox 487 1869 588 1940; x_wconf 82' lang='grc' dir='ltr'>τῆς</span> <span class='ocrx_word' id='word_1_211' title='bbox 623 1871 832 1934; x_wconf 80' lang='grc' dir='ltr'>εἰκόνος</span> <span class='ocrx_word' id='word_1_212' title='bbox 852 1872 944 1925; x_wconf 77' lang='grc' dir='ltr'><strong>ἐπὶ</strong></span> <span class='ocrx_word' id='word_1_213' title='bbox 969 1874 1029 1926; x_wconf 79' lang='grc' dir='ltr'><strong>τὸ</strong></span> <span class='ocrx_word' id='word_1_214' title='bbox 1061 1873 1425 1944; x_wconf 88' lang='grc' dir='ltr'>πρωτότυπον</span> <span class='ocrx_word' id='word_1_215' title='bbox 1447 1874 1739 1943; x_wconf 76' lang='grc' dir='ltr'>διαϐαίνει,</span> <span class='ocrx_word' id='word_1_216' title='bbox 1786 1874 1903 1929; x_wconf 78' lang='grc' dir='ltr'>ἀλλ’</span> 
     </span>
    </p>
   </div>
   <div class='ocr_carea' id='block_1_34' title="bbox 2019 1868 3585 1955">
    <p class='ocr_par' dir='ltr' id='par_1_34' title="bbox 2019 1881 3585 1955">
     <span class='ocr_line' id='line_1_34' title="bbox 2019 1881 3585 1955; baseline 0.001 -19"><span class='ocrx_word' id='word_1_217' title='bbox 2019 1887 2184 1938; x_wconf 66' lang='lat' dir='ltr'><strong>nonor</strong></span> <span class='ocrx_word' id='word_1_218' title='bbox 2205 1883 2273 1937; x_wconf 80' lang='lat' dir='ltr'><strong>ad</strong></span> <span class='ocrx_word' id='word_1_219' title='bbox 2300 1891 2650 1955; x_wconf 86' lang='lat' dir='ltr'><strong>prototypum</strong></span> <span class='ocrx_word' id='word_1_220' title='bbox 2696 1881 2917 1948; x_wconf 74' lang='lat' dir='ltr'><strong>transit,</strong></span> <span class='ocrx_word' id='word_1_221' title='bbox 2943 1881 3102 1936; x_wconf 87' lang='lat' dir='ltr'><strong>latria</strong></span> <span class='ocrx_word' id='word_1_222' title='bbox 3153 1891 3337 1938; x_wconf 89' lang='lat' dir='ltr'><strong>tamen</strong></span> <span class='ocrx_word' id='word_1_223' title='bbox 3369 1892 3454 1937; x_wconf 89' lang='lat' dir='ltr'><strong>est</strong></span> <span class='ocrx_word' id='word_1_224' title='bbox 3483 1894 3585 1938; x_wconf 64' lang='grc' dir='ltr'>εσυ</span> 
     </span>
    </p>
   </div>
   <div class='ocr_carea' id='block_1_35' title="bbox 316 1963 1897 2038">
    <p class='ocr_par' dir='ltr' id='par_1_35' title="bbox 316 1963 1897 2038">
     <span class='ocr_line' id='line_1_35' title="bbox 316 1963 1897 2038; baseline 0.006 -24"><span class='ocrx_word' id='word_1_225' title='bbox 316 1964 350 2031; x_wconf 82' lang='grc' dir='ltr'><strong>ἡ</strong></span> <span class='ocrx_word' id='word_1_226' title='bbox 376 1963 603 2033; x_wconf 78' lang='grc' dir='ltr'>λατρεία</span> <span class='ocrx_word' id='word_1_227' title='bbox 632 1965 728 2033; x_wconf 82' lang='grc' dir='ltr'><strong>τῆς</strong></span> <span class='ocrx_word' id='word_1_228' title='bbox 760 1965 1042 2035; x_wconf 77' lang='grc' dir='ltr'>μακαρίας</span> <span class='ocrx_word' id='word_1_229' title='bbox 1078 1966 1247 2038; x_wconf 87' lang='grc' dir='ltr'>μόνης</span> <span class='ocrx_word' id='word_1_230' title='bbox 1278 1968 1398 2021; x_wconf 72' lang='grc' dir='ltr'>ἐστὶ</span> <span class='ocrx_word' id='word_1_231' title='bbox 1430 1967 1688 2038; x_wconf 83' lang='grc' dir='ltr'>Τριάδος,</span> <span class='ocrx_word' id='word_1_232' title='bbox 1716 1969 1811 2023; x_wconf 79' lang='grc' dir='ltr'>καὶ</span> <span class='ocrx_word' id='word_1_233' title='bbox 1836 1969 1897 2023; x_wconf 84' lang='grc' dir='ltr'>οὐ</span> 
     </span>
    </p>
   </div>
   <div class='ocr_carea' id='block_1_36' title="bbox 314 2053 1904 2133">
    <p class='ocr_par' dir='ltr' id='par_1_36' title="bbox 314 2053 1904 2133">
     <span class='ocr_line' id='line_1_36' title="bbox 314 2053 1904 2133; baseline 0.007 -26"><span class='ocrx_word' id='word_1_234' title='bbox 314 2053 425 2107; x_wconf 89' lang='grc' dir='ltr'><strong>τῶν</strong></span> <span class='ocrx_word' id='word_1_235' title='bbox 454 2054 672 2110; x_wconf 87' lang='grc' dir='ltr'>σεπτῶν</span> <span class='ocrx_word' id='word_1_236' title='bbox 731 2056 987 2125; x_wconf 83' lang='grc' dir='ltr'>εἰκόνων,</span> <span class='ocrx_word' id='word_1_237' title='bbox 1039 2058 1128 2113; x_wconf 75' lang='grc' dir='ltr'>ἵνα</span> <span class='ocrx_word' id='word_1_238' title='bbox 1189 2059 1267 2131; x_wconf 81' lang='grc' dir='ltr'>μὴ</span> <span class='ocrx_word' id='word_1_239' title='bbox 1301 2061 1765 2133; x_wconf 83' lang='grc' dir='ltr'>κτισματολάτραι</span> <span class='ocrx_word' id='word_1_240' title='bbox 1806 2064 1904 2118; x_wconf 76' lang='grc' dir='ltr'>καὶ</span> 
     </span>
    </p>
   </div>
   <div class='ocr_carea' id='block_1_37' title="bbox 318 2147 916 2219">
    <p class='ocr_par' dir='ltr' id='par_1_37' title="bbox 318 2147 916 2219">
     <span class='ocr_line' id='line_1_37' title="bbox 318 2147 916 2219; baseline 0.007 -19"><span class='ocrx_word' id='word_1_241' title='bbox 318 2147 517 2201; x_wconf 83' lang='grc' dir='ltr'>ὐλολάτ</span> <span class='ocrx_word' id='word_1_242' title='bbox 527 2166 621 2218; x_wconf 86' lang='grc' dir='ltr'><strong>ραι</strong></span> <span class='ocrx_word' id='word_1_243' title='bbox 654 2148 916 2219; x_wconf 80' lang='grc' dir='ltr'>δόξωμεν.</span> 
     </span>
    </p>
   </div>
   <div class='ocr_carea' id='block_1_38' title="bbox 399 2241 1903 2322">
    <p class='ocr_par' dir='ltr' id='par_1_38' title="bbox 399 2241 1903 2322">
     <span class='ocr_line' id='line_1_38' title="bbox 399 2241 1903 2322; baseline 0.007 -28"><span class='ocrx_word' id='word_1_244' title='bbox 399 2241 518 2295; x_wconf 78' lang='grc' dir='ltr'><strong>Ἐπ’</strong></span> <span class='ocrx_word' id='word_1_245' title='bbox 547 2242 715 2296; x_wconf 86' lang='grc' dir='ltr'>αὐτοῦ</span> <span class='ocrx_word' id='word_1_246' title='bbox 763 2243 863 2314; x_wconf 80' lang='grc' dir='ltr'>μὲν</span> <span class='ocrx_word' id='word_1_247' title='bbox 890 2243 986 2297; x_wconf 85' lang='grc' dir='ltr'><strong>τοῦ</strong></span> <span class='ocrx_word' id='word_1_248' title='bbox 1010 2243 1249 2316; x_wconf 79' lang='grc' dir='ltr'>Χριστοῦ</span> <span class='ocrx_word' id='word_1_249' title='bbox 1280 2245 1621 2322; x_wconf 75' lang='grc' dir='ltr'>λατρευτικὴ</span> <span class='ocrx_word' id='word_1_250' title='bbox 1669 2250 1702 2320; x_wconf 85' lang='grc' dir='ltr'><strong>ή</strong></span> <span class='ocrx_word' id='word_1_251' title='bbox 1733 2266 1903 2322; x_wconf 81' lang='grc' dir='ltr'>προσο</span> 
     </span>
    </p>
   </div>
   <div class='ocr_carea' id='block_1_39' title="bbox 316 2334 1903 2413">
    <p class='ocr_par' dir='ltr' id='par_1_39' title="bbox 316 2334 1903 2413">
     <span class='ocr_line' id='line_1_39' title="bbox 316 2334 1903 2413; baseline 0.006 -24"><span class='ocrx_word' id='word_1_252' title='bbox 316 2334 547 2404; x_wconf 79' lang='grc' dir='ltr'>κύνησις</span> <span class='ocrx_word' id='word_1_253' title='bbox 603 2337 701 2388; x_wconf 79' lang='grc' dir='ltr'><strong>καὶ</strong></span> <span class='ocrx_word' id='word_1_254' title='bbox 786 2338 1024 2408; x_wconf 76' lang='grc' dir='ltr'>φυσική’</span> <span class='ocrx_word' id='word_1_255' title='bbox 1085 2340 1114 2392; x_wconf 89' lang='grc' dir='ltr'><strong>ό</strong></span> <span class='ocrx_word' id='word_1_256' title='bbox 1161 2341 1490 2410; x_wconf 84' lang='grc' dir='ltr'>προσκυνῶν</span> <span class='ocrx_word' id='word_1_257' title='bbox 1547 2343 1656 2413; x_wconf 81' lang='grc' dir='ltr'><strong>γὰρ</strong></span> <span class='ocrx_word' id='word_1_258' title='bbox 1738 2342 1903 2398; x_wconf 82' lang='grc' dir='ltr'>αὐτὸν</span> 
     </span>
    </p>
   </div>
   <div class='ocr_carea' id='block_1_40' title="bbox 320 2430 1904 2506">
    <p class='ocr_par' dir='ltr' id='par_1_40' title="bbox 320 2430 1904 2506">
     <span class='ocr_line' id='line_1_40' title="bbox 320 2430 1904 2506; baseline 0.008 -27"><span class='ocrx_word' id='word_1_259' title='bbox 320 2430 736 2499; x_wconf 79' lang='grc' dir='ltr'>συμπροσκυνεῖ</span> <span class='ocrx_word' id='word_1_260' title='bbox 784 2432 879 2484; x_wconf 82' lang='grc' dir='ltr'>καὶ</span> <span class='ocrx_word' id='word_1_261' title='bbox 908 2431 1002 2485; x_wconf 81' lang='grc' dir='ltr'>τὸν</span> <span class='ocrx_word' id='word_1_262' title='bbox 1057 2433 1274 2505; x_wconf 77' lang='grc' dir='ltr'>Πατέρα</span> <span class='ocrx_word' id='word_1_263' title='bbox 1323 2435 1421 2489; x_wconf 74' lang='grc' dir='ltr'>καὶ</span> <span class='ocrx_word' id='word_1_264' title='bbox 1468 2435 1530 2489; x_wconf 80' lang='grc' dir='ltr'><strong>τὸ</strong></span> <span class='ocrx_word' id='word_1_265' title='bbox 1578 2435 1806 2506; x_wconf 82' lang='grc' dir='ltr'>Πνεῦμα</span> <span class='ocrx_word' id='word_1_266' title='bbox 1842 2438 1904 2491; x_wconf 76' lang='grc' dir='ltr'>τὸ</span> 
     </span>
    </p>
   </div>
   <div class='ocr_carea' id='block_1_41' title="bbox 319 2520 1896 2601">
    <p class='ocr_par' dir='ltr' id='par_1_41' title="bbox 319 2520 1896 2601">
     <span class='ocr_line' id='line_1_41' title="bbox 319 2520 1896 2601; baseline 0.005 -26"><span class='ocrx_word' id='word_1_267' title='bbox 319 2520 494 2589; x_wconf 74' lang='grc' dir='ltr'>ἅγιον,</span> <span class='ocrx_word' id='word_1_268' title='bbox 530 2525 633 2593; x_wconf 80' lang='grc' dir='ltr'>τὴν</span> <span class='ocrx_word' id='word_1_269' title='bbox 656 2524 714 2576; x_wconf 75' lang='grc' dir='ltr'>ἑν</span> <span class='ocrx_word' id='word_1_270' title='bbox 740 2524 933 2596; x_wconf 85' lang='grc' dir='ltr'>Τριάδι</span> <span class='ocrx_word' id='word_1_271' title='bbox 965 2525 1094 2594; x_wconf 90' lang='grc' dir='ltr'>μίαν</span> <span class='ocrx_word' id='word_1_272' title='bbox 1121 2525 1306 2597; x_wconf 84' lang='grc' dir='ltr'>φύσιν,</span> <span class='ocrx_word' id='word_1_273' title='bbox 1338 2529 1473 2600; x_wconf 82' lang='grc' dir='ltr'>ὅπερ</span> <span class='ocrx_word' id='word_1_274' title='bbox 1507 2529 1654 2583; x_wconf 70' lang='grc' dir='ltr'>ἐστὶν</span> <span class='ocrx_word' id='word_1_275' title='bbox 1681 2530 1896 2601; x_wconf 75' lang='grc' dir='ltr'>ἰι-τρια-</span> 
     </span>
    </p>
   </div>
   <div class='ocr_carea' id='block_1_42' title="bbox 316 2613 1905 2692">
    <p class='ocr_par' dir='ltr' id='par_1_42' title="bbox 316 2613 1905 2692">
     <span class='ocr_line' id='line_1_42' title="bbox 316 2613 1905 2692; baseline 0.006 -24"><span class='ocrx_word' id='word_1_276' title='bbox 316 2613 445 2685; x_wconf 82' lang='grc' dir='ltr'>δικὴ</span> <span class='ocrx_word' id='word_1_277' title='bbox 493 2616 869 2689; x_wconf 85' lang='grc' dir='ltr'>προσκύνησις</span> <span class='ocrx_word' id='word_1_278' title='bbox 905 2621 1000 2671; x_wconf 75' lang='grc' dir='ltr'>καὶ</span> <span class='ocrx_word' id='word_1_279' title='bbox 1025 2619 1280 2691; x_wconf 88' lang='grc' dir='ltr'>λατρεία.</span> <span class='ocrx_word' id='word_1_280' title='bbox 1322 2621 1447 2676; x_wconf 78' lang='grc' dir='ltr'>Ἐπί</span> <span class='ocrx_word' id='word_1_281' title='bbox 1475 2621 1532 2675; x_wconf 72' lang='grc' dir='ltr'>δὲ</span> <span class='ocrx_word' id='word_1_282' title='bbox 1560 2623 1659 2692; x_wconf 85' lang='grc' dir='ltr'>τῆς</span> <span class='ocrx_word' id='word_1_283' title='bbox 1693 2624 1905 2688; x_wconf 81' lang='grc' dir='ltr'>εἰκόνος</span> 
     </span>
    </p>
   </div>
   <div class='ocr_carea' id='block_1_43' title="bbox 318 2706 1906 2786">
    <p class='ocr_par' dir='ltr' id='par_1_43' title="bbox 318 2706 1906 2786">
     <span class='ocr_line' id='line_1_43' title="bbox 318 2706 1906 2786; baseline 0.006 -26"><span class='ocrx_word' id='word_1_284' title='bbox 318 2706 415 2760; x_wconf 84' lang='grc' dir='ltr'><strong>τοῦ</strong></span> <span class='ocrx_word' id='word_1_285' title='bbox 467 2707 732 2779; x_wconf 80' lang='grc' dir='ltr'>Χριστοῦ,</span> <span class='ocrx_word' id='word_1_286' title='bbox 786 2710 1076 2783; x_wconf 81' lang='grc' dir='ltr'>σχετικὴὴ</span> <span class='ocrx_word' id='word_1_287' title='bbox 1112 2712 1491 2783; x_wconf 82' lang='grc' dir='ltr'>προσκύνησις</span> <span class='ocrx_word' id='word_1_288' title='bbox 1540 2716 1636 2768; x_wconf 72' lang='grc' dir='ltr'>καὶ</span> <span class='ocrx_word' id='word_1_289' title='bbox 1690 2717 1906 2786; x_wconf 73' lang='grc' dir='ltr'>όμὼνυυ</span> 
     </span>
    </p>
   </div>
   <div class='ocr_carea' id='block_1_44' title="bbox 324 2800 1906 2874">
    <p class='ocr_par' dir='ltr' id='par_1_44' title="bbox 324 2800 1906 2874">
     <span class='ocr_line' id='line_1_44' title="bbox 324 2800 1906 2874; baseline 0.005 -25"><span class='ocrx_word' id='word_1_290' title='bbox 324 2814 426 2867; x_wconf 87' lang='grc' dir='ltr'><strong>μος</strong></span> <span class='ocrx_word' id='word_1_291' title='bbox 447 2816 462 2831; x_wconf 88' lang='grc'><strong>·</strong></span> <span class='ocrx_word' id='word_1_292' title='bbox 492 2800 520 2852; x_wconf 81' lang='grc' dir='ltr'>ὁ</span> <span class='ocrx_word' id='word_1_293' title='bbox 552 2800 875 2868; x_wconf 84' lang='grc' dir='ltr'>προσκυνῶν</span> <span class='ocrx_word' id='word_1_294' title='bbox 905 2800 1015 2871; x_wconf 82' lang='grc' dir='ltr'><strong>γὰρ</strong></span> <span class='ocrx_word' id='word_1_295' title='bbox 1057 2803 1229 2871; x_wconf 77' lang='grc' dir='ltr'>αὐτὴν</span> <span class='ocrx_word' id='word_1_296' title='bbox 1257 2802 1319 2855; x_wconf 82' lang='grc' dir='ltr'><strong>ού</strong></span> <span class='ocrx_word' id='word_1_297' title='bbox 1359 2808 1775 2874; x_wconf 81' lang='grc' dir='ltr'>συμπροσκυνεϊ</span> <span class='ocrx_word' id='word_1_298' title='bbox 1811 2807 1906 2860; x_wconf 82' lang='grc' dir='ltr'>τὸν</span> 
     </span>
    </p>
   </div>
   <div class='ocr_carea' id='block_1_45' title="bbox 320 2890 1908 2970">
    <p class='ocr_par' dir='ltr' id='par_1_45' title="bbox 320 2890 1908 2970">
     <span class='ocr_line' id='line_1_45' title="bbox 320 2890 1908 2970; baseline 0.007 -28"><span class='ocrx_word' id='word_1_299' title='bbox 320 2890 543 2960; x_wconf 79' lang='grc' dir='ltr'>Πατέρα</span> <span class='ocrx_word' id='word_1_300' title='bbox 575 2891 672 2943; x_wconf 73' lang='grc' dir='ltr'>καὶ</span> <span class='ocrx_word' id='word_1_301' title='bbox 709 2891 803 2945; x_wconf 79' lang='grc' dir='ltr'>τὸν</span> <span class='ocrx_word' id='word_1_302' title='bbox 832 2892 982 2955; x_wconf 83' lang='grc' dir='ltr'>Υίὸν,</span> <span class='ocrx_word' id='word_1_303' title='bbox 1013 2893 1149 2946; x_wconf 82' lang='grc' dir='ltr'>ἀλλὰ</span> <span class='ocrx_word' id='word_1_304' title='bbox 1188 2893 1350 2964; x_wconf 88' lang='grc' dir='ltr'>μόνον</span> <span class='ocrx_word' id='word_1_305' title='bbox 1387 2897 1479 2948; x_wconf 79' lang='grc' dir='ltr'>τὸν</span> <span class='ocrx_word' id='word_1_306' title='bbox 1505 2897 1563 2947; x_wconf 82' lang='grc' dir='ltr'>ὲν</span> <span class='ocrx_word' id='word_1_307' title='bbox 1584 2896 1722 2970; x_wconf 81' lang='grc' dir='ltr'>αὐτῇ</span> <span class='ocrx_word' id='word_1_308' title='bbox 1773 2896 1908 2968; x_wconf 82' lang='grc' dir='ltr'>Χρι-</span> 
     </span>
    </p>
   </div>
   <div class='ocr_carea' id='block_1_46' title="bbox 323 2984 1905 3065">
    <p class='ocr_par' dir='ltr' id='par_1_46' title="bbox 323 2984 1905 3065">
     <span class='ocr_line' id='line_1_46' title="bbox 323 2984 1905 3065; baseline 0.007 -29"><span class='ocrx_word' id='word_1_309' title='bbox 323 2984 472 3049; x_wconf 84' lang='grc' dir='ltr'>στὸν,</span> <span class='ocrx_word' id='word_1_310' title='bbox 505 2984 596 3037; x_wconf 79' lang='grc' dir='ltr'><strong>τὸν</strong></span> <span class='ocrx_word' id='word_1_311' title='bbox 616 2985 705 3038; x_wconf 79' lang='grc' dir='ltr'><strong>διὰ</strong></span> <span class='ocrx_word' id='word_1_312' title='bbox 732 2985 795 3039; x_wconf 79' lang='grc' dir='ltr'><strong>τὸ</strong></span> <span class='ocrx_word' id='word_1_313' title='bbox 826 2987 1186 3058; x_wconf 80' lang='grc' dir='ltr'>σαρκωθῆναι</span> <span class='ocrx_word' id='word_1_314' title='bbox 1212 2988 1619 3061; x_wconf 81' lang='grc' dir='ltr'>εἰκονιζόμενον</span> <span class='ocrx_word' id='word_1_315' title='bbox 1644 2993 1786 3047; x_wconf 81' lang='grc' dir='ltr'>κατὰ</span> <span class='ocrx_word' id='word_1_316' title='bbox 1807 2993 1905 3065; x_wconf 81' lang='grc' dir='ltr'>τὴν</span> 
     </span>
    </p>
   </div>
   <div class='ocr_carea' id='block_1_47' title="bbox 324 3077 1908 3156">
    <p class='ocr_par' dir='ltr' id='par_1_47' title="bbox 324 3077 1908 3156">
     <span class='ocr_line' id='line_1_47' title="bbox 324 3077 1908 3156; baseline 0.005 -25"><span class='ocrx_word' id='word_1_317' title='bbox 324 3078 671 3149; x_wconf 79' lang='grc' dir='ltr'>σωματοειδῆ</span> <span class='ocrx_word' id='word_1_318' title='bbox 701 3077 830 3133; x_wconf 79' lang='grc' dir='ltr'>θέαν</span> <span class='ocrx_word' id='word_1_319' title='bbox 860 3078 1050 3146; x_wconf 86' lang='grc' dir='ltr'>αὑτοῦ,</span> <span class='ocrx_word' id='word_1_320' title='bbox 1087 3081 1224 3152; x_wconf 83' lang='grc' dir='ltr'>ὅπερ</span> <span class='ocrx_word' id='word_1_321' title='bbox 1251 3081 1368 3134; x_wconf 74' lang='grc' dir='ltr'>ἐστι</span> <span class='ocrx_word' id='word_1_322' title='bbox 1397 3082 1625 3156; x_wconf 82' lang='grc' dir='ltr'>σχετικὴ</span> <span class='ocrx_word' id='word_1_323' title='bbox 1660 3084 1908 3154; x_wconf 81' lang='grc' dir='ltr'>προσκύ-</span> 
     </span>
    </p>
   </div>
   <div class='ocr_carea' id='block_1_48' title="bbox 321 3173 995 3245">
    <p class='ocr_par' dir='ltr' id='par_1_48' title="bbox 321 3173 995 3245">
     <span class='ocr_line' id='line_1_48' title="bbox 321 3173 995 3245; baseline 0.003 -19"><span class='ocrx_word' id='word_1_324' title='bbox 321 3189 479 3243; x_wconf 85' lang='grc' dir='ltr'>νησις</span> <span class='ocrx_word' id='word_1_325' title='bbox 503 3173 596 3226; x_wconf 79' lang='grc' dir='ltr'>καὶ</span> <span class='ocrx_word' id='word_1_326' title='bbox 628 3174 995 3245; x_wconf 80' lang='grc' dir='ltr'>ύποστατική.</span> 
     </span>
    </p>
   </div>
   <div class='ocr_carea' id='block_1_49' title="bbox 2002 1971 3579 2037">
    <p class='ocr_par' dir='ltr' id='par_1_49' title="bbox 2002 1971 3579 2037">
     <span class='ocr_line' id='line_1_49' title="bbox 2002 1971 3579 2037; baseline -0.001 -8"><span class='ocrx_word' id='word_1_327' title='bbox 2002 1973 2111 2029; x_wconf 87' lang='lat' dir='ltr'><strong>lius</strong></span> <span class='ocrx_word' id='word_1_328' title='bbox 2169 1974 2343 2029; x_wconf 66' lang='lat' dir='ltr'><strong>beatae</strong></span> <span class='ocrx_word' id='word_1_329' title='bbox 2396 1971 2709 2037; x_wconf 79' lang='lat' dir='ltr'><strong>Trinitatis,</strong></span> <span class='ocrx_word' id='word_1_330' title='bbox 2752 1987 2862 2026; x_wconf 93' lang='lat' dir='ltr'><strong>non</strong></span> <span class='ocrx_word' id='word_1_331' title='bbox 2913 1972 3081 2027; x_wconf 87' lang='lat' dir='ltr'><strong>etiam</strong></span> <span class='ocrx_word' id='word_1_332' title='bbox 3138 1972 3579 2028; x_wconf 75' lang='lat' dir='ltr'><strong>venerandarum</strong></span> 
     </span>
    </p>
   </div>
   <div class='ocr_carea' id='block_1_50' title="bbox 2003 2063 3605 2137">
    <p class='ocr_par' dir='ltr' id='par_1_50' title="bbox 2003 2063 3605 2137">
     <span class='ocr_line' id='line_1_50' title="bbox 2003 2063 3605 2137; baseline 0 -16"><span class='ocrx_word' id='word_1_333' title='bbox 2003 2066 2331 2137; x_wconf 75' lang='lat' dir='ltr'><strong>imaginum,</strong></span> <span class='ocrx_word' id='word_1_334' title='bbox 2366 2081 2436 2122; x_wconf 90' lang='lat' dir='ltr'><strong>ne</strong></span> <span class='ocrx_word' id='word_1_335' title='bbox 2465 2075 2845 2123; x_wconf 77' lang='lat' dir='ltr'><strong>creaturarum</strong></span> <span class='ocrx_word' id='word_1_336' title='bbox 2877 2070 2932 2119; x_wconf 89' lang='lat' dir='ltr'><strong>et</strong></span> <span class='ocrx_word' id='word_1_337' title='bbox 2953 2063 3312 2120; x_wconf 82' lang='lat' dir='ltr'><strong>materiarum</strong></span> <span class='ocrx_word' id='word_1_338' title='bbox 3337 2065 3605 2121; x_wconf 41' lang='lat' dir='ltr'><strong>cultores‘</strong></span> 
     </span>
    </p>
   </div>
   <div class='ocr_carea' id='block_1_51' title="bbox 2003 2156 2491 2212">
    <p class='ocr_par' dir='ltr' id='par_1_51' title="bbox 2003 2156 2491 2212">
     <span class='ocr_line' id='line_1_51' title="bbox 2003 2156 2491 2212; baseline -0.006 0"><span class='ocrx_word' id='word_1_339' title='bbox 2003 2171 2127 2212; x_wconf 90' lang='lat' dir='ltr'><strong>esse</strong></span> <span class='ocrx_word' id='word_1_340' title='bbox 2184 2156 2491 2212; x_wconf 84' lang='lat' dir='ltr'><strong>videamur.</strong></span> 
     </span>
    </p>
   </div>
   <div class='ocr_carea' id='block_1_52' title="bbox 2079 2246 3584 2321">
    <p class='ocr_par' dir='ltr' id='par_1_52' title="bbox 2079 2246 3584 2321">
     <span class='ocr_line' id='line_1_52' title="bbox 2079 2246 3584 2321; baseline 0 -19"><span class='ocrx_word' id='word_1_341' title='bbox 2079 2246 2197 2303; x_wconf 86' lang='lat' dir='ltr'><strong>Soli</strong></span> <span class='ocrx_word' id='word_1_342' title='bbox 2251 2249 2474 2321; x_wconf 87' lang='lat' dir='ltr'><strong>quidem</strong></span> <span class='ocrx_word' id='word_1_343' title='bbox 2533 2249 2756 2306; x_wconf 87' lang='lat' dir='ltr'><strong>Christo</strong></span> <span class='ocrx_word' id='word_1_344' title='bbox 2817 2266 2915 2321; x_wconf 83' lang='lat' dir='ltr'><strong>per</strong></span> <span class='ocrx_word' id='word_1_345' title='bbox 2972 2252 3192 2307; x_wconf 86' lang='lat' dir='ltr'><strong>latriam</strong></span> <span class='ocrx_word' id='word_1_346' title='bbox 3227 2258 3282 2305; x_wconf 87' lang='lat' dir='ltr'><strong>et</strong></span> <span class='ocrx_word' id='word_1_347' title='bbox 3312 2247 3584 2304; x_wconf 86' lang='lat' dir='ltr'><strong>naturalis</strong></span> 
     </span>
    </p>
   </div>
   <div class='ocr_carea' id='block_1_53' title="bbox 2004 2340 3584 2416">
    <p class='ocr_par' dir='ltr' id='par_1_53' title="bbox 2004 2340 3584 2416">
     <span class='ocr_line' id='line_1_53' title="bbox 2004 2340 3584 2416; baseline 0 -21"><span class='ocrx_word' id='word_1_348' title='bbox 2004 2340 2258 2396; x_wconf 86' lang='lat' dir='ltr'><strong>adoratio</strong></span> <span class='ocrx_word' id='word_1_349' title='bbox 2312 2344 2609 2397; x_wconf 82' lang='lat' dir='ltr'><strong>convenit:</strong></span> <span class='ocrx_word' id='word_1_350' title='bbox 2664 2360 2787 2399; x_wconf 87' lang='lat' dir='ltr'><strong>nam</strong></span> <span class='ocrx_word' id='word_1_351' title='bbox 2851 2345 2946 2416; x_wconf 90' lang='lat' dir='ltr'><strong>qui</strong></span> <span class='ocrx_word' id='word_1_352' title='bbox 2992 2360 3120 2401; x_wconf 90' lang='lat' dir='ltr'><strong>eum</strong></span> <span class='ocrx_word' id='word_1_353' title='bbox 3166 2344 3378 2408; x_wconf 86' lang='lat' dir='ltr'><strong>adorat,</strong></span> <span class='ocrx_word' id='word_1_354' title='bbox 3415 2341 3584 2398; x_wconf 89' lang='lat' dir='ltr'><strong>simul</strong></span> 
     </span>
    </p>
   </div>
   <div class='ocr_carea' id='block_1_54' title="bbox 2004 2432 3587 2507">
    <p class='ocr_par' dir='ltr' id='par_1_54' title="bbox 2004 2432 3587 2507">
     <span class='ocr_line' id='line_1_54' title="bbox 2004 2432 3587 2507; baseline 0.001 -20"><span class='ocrx_word' id='word_1_355' title='bbox 2004 2435 2198 2487; x_wconf 88' lang='lat' dir='ltr'><strong>adorat</strong></span> <span class='ocrx_word' id='word_1_356' title='bbox 2228 2441 2283 2488; x_wconf 90' lang='lat' dir='ltr'><strong>et</strong></span> <span class='ocrx_word' id='word_1_357' title='bbox 2310 2432 2510 2489; x_wconf 86' lang='lat' dir='ltr'><strong>Filium</strong></span> <span class='ocrx_word' id='word_1_358' title='bbox 2540 2442 2594 2489; x_wconf 93' lang='lat' dir='ltr'><strong>et</strong></span> <span class='ocrx_word' id='word_1_359' title='bbox 2626 2434 2843 2491; x_wconf 85' lang='lat' dir='ltr'><strong>Patrem</strong></span> <span class='ocrx_word' id='word_1_360' title='bbox 2893 2444 2948 2490; x_wconf 91' lang='lat' dir='ltr'><strong>et</strong></span> <span class='ocrx_word' id='word_1_361' title='bbox 2992 2435 3252 2507; x_wconf 85' lang='lat' dir='ltr'><strong>Spiritum</strong></span> <span class='ocrx_word' id='word_1_362' title='bbox 3304 2442 3587 2497; x_wconf 84' lang='lat' dir='ltr'><strong>sanctum,</strong></span> 
     </span>
    </p>
   </div>
   <div class='ocr_carea' id='block_1_55' title="bbox 2006 2524 3581 2595">
    <p class='ocr_par' dir='ltr' id='par_1_55' title="bbox 2006 2524 3581 2595">
     <span class='ocr_line' id='line_1_55' title="bbox 2006 2524 3581 2595; baseline 0.001 -15"><span class='ocrx_word' id='word_1_363' title='bbox 2006 2540 2172 2580; x_wconf 90' lang='lat' dir='ltr'><strong>unam</strong></span> <span class='ocrx_word' id='word_1_364' title='bbox 2206 2527 2259 2580; x_wconf 90' lang='lat' dir='ltr'><strong>in</strong></span> <span class='ocrx_word' id='word_1_365' title='bbox 2313 2524 2582 2583; x_wconf 87' lang='lat' dir='ltr'><strong>Trinitate</strong></span> <span class='ocrx_word' id='word_1_366' title='bbox 2612 2536 2889 2595; x_wconf 88' lang='lat' dir='ltr'><strong>naturam,</strong></span> <span class='ocrx_word' id='word_1_367' title='bbox 2925 2538 2981 2584; x_wconf 92' lang='lat' dir='ltr'><strong>et</strong></span> <span class='ocrx_word' id='word_1_368' title='bbox 3014 2529 3127 2584; x_wconf 69' lang='lat' dir='ltr'><strong>haec</strong></span> <span class='ocrx_word' id='word_1_369' title='bbox 3164 2538 3250 2583; x_wconf 88' lang='lat' dir='ltr'><strong>est</strong></span> <span class='ocrx_word' id='word_1_370' title='bbox 3285 2526 3581 2583; x_wconf 88' lang='lat' dir='ltr'><strong>Trinitatis</strong></span> 
     </span>
    </p>
   </div>
   <div class='ocr_carea' id='block_1_56' title="bbox 2005 2615 3587 2690">
    <p class='ocr_par' dir='ltr' id='par_1_56' title="bbox 2005 2615 3587 2690">
     <span class='ocr_line' id='line_1_56' title="bbox 2005 2615 3587 2690; baseline 0.001 -18"><span class='ocrx_word' id='word_1_371' title='bbox 2005 2615 2255 2673; x_wconf 87' lang='lat' dir='ltr'><strong>adoratio</strong></span> <span class='ocrx_word' id='word_1_372' title='bbox 2290 2626 2346 2673; x_wconf 92' lang='lat' dir='ltr'><strong>et</strong></span> <span class='ocrx_word' id='word_1_373' title='bbox 2378 2618 2559 2674; x_wconf 79' lang='lat' dir='ltr'><strong>latria.</strong></span> <span class='ocrx_word' id='word_1_374' title='bbox 2588 2619 2818 2690; x_wconf 83' lang='lat' dir='ltr'><strong>lmagini</strong></span> <span class='ocrx_word' id='word_1_375' title='bbox 2852 2636 2981 2676; x_wconf 88' lang='lat' dir='ltr'><strong>vero</strong></span> <span class='ocrx_word' id='word_1_376' title='bbox 3017 2620 3217 2676; x_wconf 85' lang='lat' dir='ltr'><strong>Christi</strong></span> <span class='ocrx_word' id='word_1_377' title='bbox 3253 2622 3312 2675; x_wconf 88' lang='lat' dir='ltr'><strong>ﬁt</strong></span> <span class='ocrx_word' id='word_1_378' title='bbox 3335 2620 3587 2676; x_wconf 88' lang='lat' dir='ltr'><strong>adoratio</strong></span> 
     </span>
    </p>
   </div>
   <div class='ocr_carea' id='block_1_57' title="bbox 2005 2708 3585 2781">
    <p class='ocr_par' dir='ltr' id='par_1_57' title="bbox 2005 2708 3585 2781">
     <span class='ocr_line' id='line_1_57' title="bbox 2005 2708 3585 2781; baseline 0.002 -20"><span class='ocrx_word' id='word_1_379' title='bbox 2005 2708 2233 2763; x_wconf 87' lang='lat' dir='ltr'><strong>relativa</strong></span> <span class='ocrx_word' id='word_1_380' title='bbox 2277 2716 2333 2765; x_wconf 88' lang='lat' dir='ltr'><strong>et</strong></span> <span class='ocrx_word' id='word_1_381' title='bbox 2379 2710 2682 2781; x_wconf 68' lang='lat' dir='ltr'><strong>aequivoca.</strong></span> <span class='ocrx_word' id='word_1_382' title='bbox 2718 2710 2823 2778; x_wconf 85' lang='lat' dir='ltr'><strong>Qui</strong></span> <span class='ocrx_word' id='word_1_383' title='bbox 2863 2712 3011 2766; x_wconf 79' lang='lat' dir='ltr'><strong>enim</strong></span> <span class='ocrx_word' id='word_1_384' title='bbox 3066 2727 3186 2766; x_wconf 86' lang='lat' dir='ltr'><strong>eam</strong></span> <span class='ocrx_word' id='word_1_385' title='bbox 3235 2712 3447 2776; x_wconf 91' lang='lat' dir='ltr'><strong>adorat,</strong></span> <span class='ocrx_word' id='word_1_386' title='bbox 3474 2725 3585 2765; x_wconf 87' lang='lat' dir='ltr'><strong>non</strong></span> 
     </span>
    </p>
   </div>
   <div class='ocr_carea' id='block_1_58' title="bbox 2007 2801 3586 2870">
    <p class='ocr_par' dir='ltr' id='par_1_58' title="bbox 2007 2801 3586 2870">
     <span class='ocr_line' id='line_1_58' title="bbox 2007 2801 3586 2870; baseline 0.001 -14"><span class='ocrx_word' id='word_1_387' title='bbox 2007 2801 2172 2857; x_wconf 86' lang='lat' dir='ltr'><strong>simul</strong></span> <span class='ocrx_word' id='word_1_388' title='bbox 2233 2802 2428 2858; x_wconf 89' lang='lat' dir='ltr'><strong>adorat</strong></span> <span class='ocrx_word' id='word_1_389' title='bbox 2480 2801 2699 2859; x_wconf 89' lang='lat' dir='ltr'><strong>Patrem</strong></span> <span class='ocrx_word' id='word_1_390' title='bbox 2736 2814 2792 2860; x_wconf 89' lang='lat' dir='ltr'><strong>et</strong></span> <span class='ocrx_word' id='word_1_391' title='bbox 2820 2801 3044 2870; x_wconf 90' lang='lat' dir='ltr'><strong>Filium,</strong></span> <span class='ocrx_word' id='word_1_392' title='bbox 3079 2804 3174 2859; x_wconf 90' lang='lat' dir='ltr'><strong>sed</strong></span> <span class='ocrx_word' id='word_1_393' title='bbox 3207 2803 3385 2859; x_wconf 88' lang='lat' dir='ltr'><strong>solum</strong></span> <span class='ocrx_word' id='word_1_394' title='bbox 3428 2804 3485 2858; x_wconf 91' lang='lat' dir='ltr'><strong>in</strong></span> <span class='ocrx_word' id='word_1_395' title='bbox 3521 2818 3586 2858; x_wconf 88' lang='lat' dir='ltr'><strong>ea</strong></span> 
     </span>
    </p>
   </div>
   <div class='ocr_carea' id='block_1_59' title="bbox 2007 2893 3587 2967">
    <p class='ocr_par' dir='ltr' id='par_1_59' title="bbox 2007 2893 3587 2967">
     <span class='ocr_line' id='line_1_59' title="bbox 2007 2893 3587 2967; baseline 0.001 -18"><span class='ocrx_word' id='word_1_396' title='bbox 2007 2893 2308 2960; x_wconf 85' lang='lat' dir='ltr'><strong>Christum,</strong></span> <span class='ocrx_word' id='word_1_397' title='bbox 2337 2911 2404 2950; x_wconf 90' lang='lat' dir='ltr'><strong>eo</strong></span> <span class='ocrx_word' id='word_1_398' title='bbox 2438 2895 2582 2966; x_wconf 87' lang='lat' dir='ltr'><strong>quod</strong></span> <span class='ocrx_word' id='word_1_399' title='bbox 2608 2911 2829 2951; x_wconf 85' lang='lat' dir='ltr'><strong>carnem</strong></span> <span class='ocrx_word' id='word_1_400' title='bbox 2856 2896 3238 2967; x_wconf 86' lang='lat' dir='ltr'><strong>assumpserit,</strong></span> <span class='ocrx_word' id='word_1_401' title='bbox 3263 2910 3587 2965; x_wconf 83' lang='lat' dir='ltr'><strong>expressum</strong></span> 
     </span>
    </p>
   </div>
   <div class='ocr_carea' id='block_1_60' title="bbox 2009 2986 3603 3059">
    <p class='ocr_par' dir='ltr' id='par_1_60' title="bbox 2009 2986 3603 3059">
     <span class='ocr_line' id='line_1_60' title="bbox 2009 2986 3603 3059; baseline 0 -16"><span class='ocrx_word' id='word_1_402' title='bbox 2009 2988 2313 3043; x_wconf 86' lang='lat' dir='ltr'><strong>secundum</strong></span> <span class='ocrx_word' id='word_1_403' title='bbox 2349 2989 2692 3059; x_wconf 88' lang='lat' dir='ltr'><strong>corporalem</strong></span> <span class='ocrx_word' id='word_1_404' title='bbox 2715 2988 2835 3059; x_wconf 85' lang='lat' dir='ltr'><strong>ejus</strong></span> <span class='ocrx_word' id='word_1_405' title='bbox 2853 2997 3164 3059; x_wconf 83' lang='lat' dir='ltr'><strong>aspectum,</strong></span> <span class='ocrx_word' id='word_1_406' title='bbox 3197 3004 3318 3059; x_wconf 75' lang='lat' dir='ltr'><strong>qua:</strong></span> <span class='ocrx_word' id='word_1_407' title='bbox 3347 2996 3431 3044; x_wconf 89' lang='lat' dir='ltr'><strong>est</strong></span> <span class='ocrx_word' id='word_1_408' title='bbox 3456 2986 3603 3043; x_wconf 42' lang='lat' dir='ltr'><strong>ado-e</strong></span> 
     </span>
    </p>
   </div>
   <div class='ocr_carea' id='block_1_61' title="bbox 2007 3080 2877 3153">
    <p class='ocr_par' dir='ltr' id='par_1_61' title="bbox 2007 3080 2877 3153">
     <span class='ocr_line' id='line_1_61' title="bbox 2007 3080 2877 3153; baseline 0.002 -18"><span class='ocrx_word' id='word_1_409' title='bbox 2007 3080 2149 3136; x_wconf 88' lang='lat' dir='ltr'><strong>ratio</strong></span> <span class='ocrx_word' id='word_1_410' title='bbox 2174 3081 2397 3137; x_wconf 84' lang='lat' dir='ltr'><strong>relativa</strong></span> <span class='ocrx_word' id='word_1_411' title='bbox 2425 3089 2481 3137; x_wconf 91' lang='lat' dir='ltr'><strong>et</strong></span> <span class='ocrx_word' id='word_1_412' title='bbox 2514 3081 2877 3153; x_wconf 82' lang='lat' dir='ltr'><strong>hypostatica.</strong></span> 
     </span>
    </p>
   </div>
   <div class='ocr_carea' id='block_1_62' title="bbox 404 3242 1904 3341">
    <p class='ocr_par' dir='ltr' id='par_1_62' title="bbox 404 3242 1904 3341">
     <span class='ocr_line' id='line_1_62' title="bbox 404 3242 1904 3341; baseline 0.005 -23"><span class='ocrx_word' id='word_1_413' title='bbox 404 3266 464 3318; x_wconf 89' lang='grc' dir='ltr'><strong>Ὀ</strong></span> <span class='ocrx_word' id='word_1_414' title='bbox 489 3265 589 3334; x_wconf 82' lang='grc' dir='ltr'>μὲν</span> <span class='ocrx_word' id='word_1_415' title='bbox 616 3266 850 3334; x_wconf 78' lang='grc' dir='ltr'>Χριστὸς</span> <span class='ocrx_word' id='word_1_416' title='bbox 880 3242 1072 3335; x_wconf 61' lang='grc' dir='ltr'>όράται</span> <span class='ocrx_word' id='word_1_417' title='bbox 1123 3267 1183 3321; x_wconf 80' lang='grc' dir='ltr'>ὲν</span> <span class='ocrx_word' id='word_1_418' title='bbox 1224 3270 1295 3339; x_wconf 77' lang='grc' dir='ltr'>τῇ</span> <span class='ocrx_word' id='word_1_419' title='bbox 1322 3268 1495 3323; x_wconf 88' lang='grc' dir='ltr'>εἰκόνι</span> <span class='ocrx_word' id='word_1_420' title='bbox 1539 3269 1731 3334; x_wconf 76' lang='grc' dir='ltr'>αὑτοῦ,</span> <span class='ocrx_word' id='word_1_421' title='bbox 1764 3270 1904 3341; x_wconf 84' lang='grc' dir='ltr'>αῦτη</span> 
     </span>
    </p>
   </div>
   <div class='ocr_carea' id='block_1_63' title="bbox 2019 3242 3603 3341">
    <p class='ocr_par' dir='ltr' id='par_1_63' title="bbox 2080 3261 3603 3339">
     <span class='ocr_line' id='line_1_63' title="bbox 2080 3261 3603 3339; baseline 0.003 -23"><span class='ocrx_word' id='word_1_422' title='bbox 2080 3261 2340 3321; x_wconf 84' lang='lat' dir='ltr'><strong>Christus</strong></span> <span class='ocrx_word' id='word_1_423' title='bbox 2388 3266 2609 3335; x_wconf 90' lang='lat' dir='ltr'><strong>quidem</strong></span> <span class='ocrx_word' id='word_1_424' title='bbox 2661 3267 2718 3323; x_wconf 93' lang='lat' dir='ltr'><strong>in</strong></span> <span class='ocrx_word' id='word_1_425' title='bbox 2767 3283 2865 3323; x_wconf 88' lang='lat' dir='ltr'><strong>sua</strong></span> <span class='ocrx_word' id='word_1_426' title='bbox 2901 3267 3139 3339; x_wconf 78' lang='lat' dir='ltr'><strong>imagine</strong></span> <span class='ocrx_word' id='word_1_427' title='bbox 3163 3266 3432 3332; x_wconf 81' lang='lat' dir='ltr'><strong>cernitur,</strong></span> <span class='ocrx_word' id='word_1_428' title='bbox 3466 3280 3603 3337; x_wconf 58' lang='lat' dir='ltr'><strong>qua</strong></span> 
     </span>
    </p>
   </div>
   <div class='ocr_carea' id='block_1_64' title="bbox 319 3358 1909 3435">
    <p class='ocr_par' dir='ltr' id='par_1_64' title="bbox 319 3358 1909 3435">
     <span class='ocr_line' id='line_1_64' title="bbox 319 3358 1909 3435; baseline 0.004 -22"><span class='ocrx_word' id='word_1_429' title='bbox 319 3358 380 3413; x_wconf 75' lang='grc' dir='ltr'>δὲ</span> <span class='ocrx_word' id='word_1_430' title='bbox 413 3359 708 3424; x_wconf 74' lang='grc' dir='ltr'>ύςρίσταται</span> <span class='ocrx_word' id='word_1_431' title='bbox 738 3362 798 3413; x_wconf 82' lang='grc' dir='ltr'>ὲν</span> <span class='ocrx_word' id='word_1_432' title='bbox 854 3359 1020 3430; x_wconf 83' lang='grc' dir='ltr'>αὐτῷ,</span> <span class='ocrx_word' id='word_1_433' title='bbox 1071 3362 1210 3432; x_wconf 86' lang='grc' dir='ltr'>ὅπερ</span> <span class='ocrx_word' id='word_1_434' title='bbox 1242 3364 1275 3431; x_wconf 80' lang='grc' dir='ltr'>ἠ</span> <span class='ocrx_word' id='word_1_435' title='bbox 1311 3363 1440 3416; x_wconf 78' lang='grc' dir='ltr'>σκιὰ</span> <span class='ocrx_word' id='word_1_436' title='bbox 1468 3363 1546 3435; x_wconf 85' lang='grc' dir='ltr'><strong>τῷ</strong></span> <span class='ocrx_word' id='word_1_437' title='bbox 1580 3364 1816 3434; x_wconf 86' lang='grc' dir='ltr'>σώματι,</span> <span class='ocrx_word' id='word_1_438' title='bbox 1847 3358 1909 3420; x_wconf 76' lang='grc' dir='ltr'><strong>οὗ</strong></span> 
     </span>
    </p>
   </div>
   <div class='ocr_carea' id='block_1_65' title="bbox 2010 3356 3592 3430">
    <p class='ocr_par' dir='ltr' id='par_1_65' title="bbox 2010 3356 3592 3430">
     <span class='ocr_line' id='line_1_65' title="bbox 2010 3356 3592 3430; baseline 0.002 -20"><span class='ocrx_word' id='word_1_439' title='bbox 2010 3363 2064 3410; x_wconf 90' lang='lat' dir='ltr'><strong>et</strong></span> <span class='ocrx_word' id='word_1_440' title='bbox 2094 3356 2150 3411; x_wconf 93' lang='lat' dir='ltr'><strong>in</strong></span> <span class='ocrx_word' id='word_1_441' title='bbox 2190 3359 2311 3427; x_wconf 90' lang='lat' dir='ltr'><strong>ipso</strong></span> <span class='ocrx_word' id='word_1_442' title='bbox 2349 3359 2606 3415; x_wconf 89' lang='lat' dir='ltr'><strong>subsistit</strong></span> <span class='ocrx_word' id='word_1_443' title='bbox 2633 3368 2692 3415; x_wconf 90' lang='lat' dir='ltr'><strong>ut</strong></span> <span class='ocrx_word' id='word_1_444' title='bbox 2721 3360 2912 3415; x_wconf 90' lang='lat' dir='ltr'><strong>umbra</strong></span> <span class='ocrx_word' id='word_1_445' title='bbox 2964 3361 3020 3414; x_wconf 92' lang='lat' dir='ltr'><strong>in</strong></span> <span class='ocrx_word' id='word_1_446' title='bbox 3058 3374 3310 3430; x_wconf 87' lang='lat' dir='ltr'><strong>corpore,</strong></span> <span class='ocrx_word' id='word_1_447' title='bbox 3339 3375 3369 3414; x_wconf 88' lang='lat' dir='ltr'><strong>a</strong></span> <span class='ocrx_word' id='word_1_448' title='bbox 3400 3373 3510 3429; x_wconf 91' lang='lat' dir='ltr'><strong>quo</strong></span> <span class='ocrx_word' id='word_1_449' title='bbox 3535 3364 3592 3414; x_wconf 89' lang='lat' dir='ltr'><strong>et</strong></span> 
     </span>
    </p>
   </div>
   <div class='ocr_carea' id='block_1_66' title="bbox 321 3449 1904 3527">
    <p class='ocr_par' dir='ltr' id='par_1_66' title="bbox 321 3454 1904 3527">
     <span class='ocr_line' id='line_1_66' title="bbox 321 3454 1904 3527; baseline 0.003 -20"><span class='ocrx_word' id='word_1_450' title='bbox 321 3455 419 3507; x_wconf 77' lang='grc' dir='ltr'><strong>καὶ</strong></span> <span class='ocrx_word' id='word_1_451' title='bbox 453 3454 774 3524; x_wconf 80' lang='grc' dir='ltr'>μερισθῆναι</span> <span class='ocrx_word' id='word_1_452' title='bbox 807 3454 1018 3522; x_wconf 84' lang='grc' dir='ltr'>ταύτην</span> <span class='ocrx_word' id='word_1_453' title='bbox 1072 3454 1384 3525; x_wconf 86' lang='grc' dir='ltr'>ἀμήχανον,</span> <span class='ocrx_word' id='word_1_454' title='bbox 1417 3456 1520 3509; x_wconf 75' lang='grc' dir='ltr'>κᾶν</span> <span class='ocrx_word' id='word_1_455' title='bbox 1554 3455 1637 3527; x_wconf 69' lang='grc' dir='ltr'><strong>μὴ,</strong></span> <span class='ocrx_word' id='word_1_456' title='bbox 1656 3456 1744 3510; x_wconf 83' lang='grc' dir='ltr'>διὰ</span> <span class='ocrx_word' id='word_1_457' title='bbox 1774 3475 1904 3512; x_wconf 81' lang='grc' dir='ltr'>παν-</span> 
     </span>
    </p>
   </div>
   <div class='ocr_carea' id='block_1_67' title="bbox 2019 3449 3592 3527">
    <p class='ocr_par' dir='ltr' id='par_1_67' title="bbox 2019 3449 3592 3524">
     <span class='ocr_line' id='line_1_67' title="bbox 2019 3449 3592 3524; baseline 0.003 -22"><span class='ocrx_word' id='word_1_458' title='bbox 2019 3449 2160 3505; x_wconf 91' lang='lat' dir='ltr'><strong>illam</strong></span> <span class='ocrx_word' id='word_1_459' title='bbox 2210 3452 2456 3521; x_wconf 89' lang='lat' dir='ltr'><strong>separari</strong></span> <span class='ocrx_word' id='word_1_460' title='bbox 2497 3454 2841 3524; x_wconf 86' lang='lat' dir='ltr'><strong>impossibile</strong></span> <span class='ocrx_word' id='word_1_461' title='bbox 2883 3463 2992 3519; x_wconf 90' lang='lat' dir='ltr'><strong>est,</strong></span> <span class='ocrx_word' id='word_1_462' title='bbox 3045 3453 3174 3508; x_wconf 90' lang='lat' dir='ltr'><strong>licet</strong></span> <span class='ocrx_word' id='word_1_463' title='bbox 3225 3452 3318 3508; x_wconf 89' lang='lat' dir='ltr'><strong>illa</strong></span> <span class='ocrx_word' id='word_1_464' title='bbox 3372 3466 3592 3522; x_wconf 80' lang='lat' dir='ltr'><strong>semper</strong></span> 
     </span>
    </p>
   </div>
   <div class='ocr_carea' id='block_1_68' title="bbox 318 3545 1912 3618">
    <p class='ocr_par' dir='ltr' id='par_1_68' title="bbox 318 3545 1912 3618">
     <span class='ocr_line' id='line_1_68' title="bbox 318 3545 1912 3618; baseline 0.001 -19"><span class='ocrx_word' id='word_1_465' title='bbox 318 3547 414 3609; x_wconf 80' lang='grc' dir='ltr'>τὸς</span> <span class='ocrx_word' id='word_1_466' title='bbox 452 3546 592 3614; x_wconf 85' lang='grc' dir='ltr'>αῦτη</span> <span class='ocrx_word' id='word_1_467' title='bbox 620 3546 903 3614; x_wconf 85' lang='grc' dir='ltr'>φαίνηται.</span> <span class='ocrx_word' id='word_1_468' title='bbox 957 3545 1100 3599; x_wconf 82' lang='grc' dir='ltr'>Ἀλλ’</span> <span class='ocrx_word' id='word_1_469' title='bbox 1131 3546 1319 3616; x_wconf 83' lang='grc' dir='ltr'>ὥσπερ</span> <span class='ocrx_word' id='word_1_470' title='bbox 1347 3548 1378 3618; x_wconf 78' lang='grc' dir='ltr'><strong>ἡ</strong></span> <span class='ocrx_word' id='word_1_471' title='bbox 1414 3547 1543 3600; x_wconf 81' lang='grc' dir='ltr'>σκιὰ</span> <span class='ocrx_word' id='word_1_472' title='bbox 1572 3550 1639 3618; x_wconf 84' lang='grc' dir='ltr'><strong>τῇ</strong></span> <span class='ocrx_word' id='word_1_473' title='bbox 1676 3548 1912 3618; x_wconf 77' lang='grc' dir='ltr'>ἐπιλάμ-</span> 
     </span>
    </p>
   </div>
   <div class='ocr_carea' id='block_1_69' title="bbox 316 3627 1910 3713">
    <p class='ocr_par' dir='ltr' id='par_1_69' title="bbox 316 3627 1910 3713">
     <span class='ocr_line' id='line_1_69' title="bbox 316 3627 1910 3713; baseline 0.003 -20"><span class='ocrx_word' id='word_1_474' title='bbox 316 3640 414 3710; x_wconf 75' lang='grc' dir='ltr'><strong>ψει</strong></span> <span class='ocrx_word' id='word_1_475' title='bbox 441 3639 718 3693; x_wconf 83' lang='grc' dir='ltr'>δείκνυται</span> <span class='ocrx_word' id='word_1_476' title='bbox 754 3638 850 3693; x_wconf 93' lang='grc' dir='ltr'><strong>τοῦ</strong></span> <span class='ocrx_word' id='word_1_477' title='bbox 881 3638 1056 3711; x_wconf 79' lang='grc' dir='ltr'>ἡλίου,</span> <span class='ocrx_word' id='word_1_478' title='bbox 1090 3638 1235 3694; x_wconf 75' lang='grc' dir='ltr'>οὕτω</span> <span class='ocrx_word' id='word_1_479' title='bbox 1284 3642 1435 3712; x_wconf 77' lang='grc' dir='ltr'>καὶὴ</span> <span class='ocrx_word' id='word_1_480' title='bbox 1468 3641 1706 3713; x_wconf 81' lang='grc' dir='ltr'>Χριστοῦ</span> <span class='ocrx_word' id='word_1_481' title='bbox 1745 3627 1910 3698; x_wconf 75' lang='grc' dir='ltr'>εἰκὼν</span> 
     </span>
    </p>
   </div>
   <div class='ocr_carea' id='block_1_70' title="bbox 317 3729 1593 3802">
    <p class='ocr_par' dir='ltr' id='par_1_70' title="bbox 317 3729 1593 3802">
     <span class='ocr_line' id='line_1_70' title="bbox 317 3729 1593 3802; baseline 0.003 -18"><span class='ocrx_word' id='word_1_482' title='bbox 317 3733 389 3802; x_wconf 77' lang='grc' dir='ltr'>τῇ</span> <span class='ocrx_word' id='word_1_483' title='bbox 416 3730 750 3783; x_wconf 83' lang='grc' dir='ltr'>διατυπώσει</span> <span class='ocrx_word' id='word_1_484' title='bbox 783 3730 885 3798; x_wconf 85' lang='grc' dir='ltr'>τῆς</span> <span class='ocrx_word' id='word_1_485' title='bbox 924 3729 1078 3800; x_wconf 76' lang='grc' dir='ltr'>ὕλης.</span> <span class='ocrx_word' id='word_1_486' title='bbox 1588 3729 1593 3735; x_wconf 71' lang='grc'><em>’</em></span> 
     </span>
    </p>
   </div>
   <div class='ocr_carea' id='block_1_71' title="bbox 396 3820 1911 3894">
    <p class='ocr_par' dir='ltr' id='par_1_71' title="bbox 396 3820 1911 3894">
     <span class='ocr_line' id='line_1_71' title="bbox 396 3820 1911 3894; baseline 0 -15"><span class='ocrx_word' id='word_1_487' title='bbox 396 3825 507 3892; x_wconf 83' lang='grc' dir='ltr'><strong>Οὐχ</strong></span> <span class='ocrx_word' id='word_1_488' title='bbox 536 3824 612 3885; x_wconf 83' lang='grc' dir='ltr'>ὡς</span> <span class='ocrx_word' id='word_1_489' title='bbox 654 3822 813 3887; x_wconf 80' lang='grc' dir='ltr'>Θεοὺς</span> <span class='ocrx_word' id='word_1_490' title='bbox 866 3823 968 3886; x_wconf 83' lang='grc' dir='ltr'><strong>τὰς</strong></span> <span class='ocrx_word' id='word_1_491' title='bbox 1019 3820 1238 3887; x_wconf 79' lang='grc' dir='ltr'>εἰκόνας</span> <span class='ocrx_word' id='word_1_492' title='bbox 1293 3823 1731 3894; x_wconf 83' lang='grc' dir='ltr'>προσκυνοῦμεν,</span> <span class='ocrx_word' id='word_1_493' title='bbox 1788 3825 1911 3879; x_wconf 80' lang='grc' dir='ltr'>οὐδὲ</span> 
     </span>
    </p>
   </div>
   <div class='ocr_carea' id='block_1_72' title="bbox 318 3915 1913 3988">
    <p class='ocr_par' dir='ltr' id='par_1_72' title="bbox 318 3915 1913 3988">
     <span class='ocr_line' id='line_1_72' title="bbox 318 3915 1913 3988; baseline 0.002 -20"><span class='ocrx_word' id='word_1_494' title='bbox 318 3915 422 3980; x_wconf 81' lang='grc' dir='ltr'><strong>τὰς</strong></span> <span class='ocrx_word' id='word_1_495' title='bbox 447 3918 671 3979; x_wconf 80' lang='grc' dir='ltr'>ἐλπίδας</span> <span class='ocrx_word' id='word_1_496' title='bbox 700 3919 801 3988; x_wconf 79' lang='grc' dir='ltr'>τῆς</span> <span class='ocrx_word' id='word_1_497' title='bbox 834 3916 1109 3985; x_wconf 81' lang='grc' dir='ltr'>σωτηρίας</span> <span class='ocrx_word' id='word_1_498' title='bbox 1142 3916 1200 3967; x_wconf 67' lang='grc' dir='ltr'>ἐν</span> <span class='ocrx_word' id='word_1_499' title='bbox 1228 3915 1421 3979; x_wconf 82' lang='grc' dir='ltr'>αὑταῖς</span> <span class='ocrx_word' id='word_1_500' title='bbox 1450 3916 1673 3986; x_wconf 77' lang='grc' dir='ltr'>ἔχομεν,</span> <span class='ocrx_word' id='word_1_501' title='bbox 1700 3917 1823 3971; x_wconf 84' lang='grc' dir='ltr'>οὐδὲ</span> <span class='ocrx_word' id='word_1_502' title='bbox 1851 3918 1913 3971; x_wconf 82' lang='grc' dir='ltr'>τὸ</span> 
     </span>
    </p>
   </div>
   <div class='ocr_carea' id='block_1_73' title="bbox 322 4010 1913 4081">
    <p class='ocr_par' dir='ltr' id='par_1_73' title="bbox 322 4010 1913 4081">
     <span class='ocr_line' id='line_1_73' title="bbox 322 4010 1913 4081; baseline 0.001 -18"><span class='ocrx_word' id='word_1_503' title='bbox 322 4010 470 4063; x_wconf 84' lang='grc' dir='ltr'>θεῖον</span> <span class='ocrx_word' id='word_1_504' title='bbox 518 4011 683 4074; x_wconf 74' lang='grc' dir='ltr'>σέϐας</span> <span class='ocrx_word' id='word_1_505' title='bbox 745 4011 938 4074; x_wconf 75' lang='grc' dir='ltr'>αὑταῖς</span> <span class='ocrx_word' id='word_1_506' title='bbox 976 4010 1355 4080; x_wconf 82' lang='grc' dir='ltr'>ἀπονέμομεν,</span> <span class='ocrx_word' id='word_1_507' title='bbox 1403 4010 1478 4072; x_wconf 86' lang='grc' dir='ltr'><strong>ὡς</strong></span> <span class='ocrx_word' id='word_1_508' title='bbox 1516 4012 1567 4065; x_wconf 85' lang='grc' dir='ltr'><strong>οἰ</strong></span> <span class='ocrx_word' id='word_1_509' title='bbox 1639 4011 1913 4081; x_wconf 84' lang='grc' dir='ltr'>Ἑλλήνων</span> 
     </span>
    </p>
   </div>
   <div class='ocr_carea' id='block_1_74' title="bbox 321 4102 1914 4174">
    <p class='ocr_par' dir='ltr' id='par_1_74' title="bbox 321 4102 1914 4174">
     <span class='ocr_line' id='line_1_74' title="bbox 321 4102 1914 4174; baseline 0.001 -19"><span class='ocrx_word' id='word_1_510' title='bbox 321 4103 537 4167; x_wconf 82' lang='grc' dir='ltr'>παῖδες,</span> <span class='ocrx_word' id='word_1_511' title='bbox 563 4102 701 4156; x_wconf 81' lang='grc' dir='ltr'>ἀλλὰ</span> <span class='ocrx_word' id='word_1_512' title='bbox 731 4102 894 4172; x_wconf 83' lang='grc' dir='ltr'>μόνον</span> <span class='ocrx_word' id='word_1_513' title='bbox 946 4103 1047 4173; x_wconf 82' lang='grc' dir='ltr'>τὴν</span> <span class='ocrx_word' id='word_1_514' title='bbox 1076 4102 1265 4172; x_wconf 77' lang='grc' dir='ltr'>σχέσιν</span> <span class='ocrx_word' id='word_1_515' title='bbox 1299 4102 1399 4156; x_wconf 73' lang='grc' dir='ltr'>καὶ</span> <span class='ocrx_word' id='word_1_516' title='bbox 1432 4103 1530 4171; x_wconf 85' lang='grc' dir='ltr'>τὴν</span> <span class='ocrx_word' id='word_1_517' title='bbox 1565 4104 1791 4173; x_wconf 83' lang='grc' dir='ltr'>ἀγάπην</span> <span class='ocrx_word' id='word_1_518' title='bbox 1816 4106 1914 4174; x_wconf 81' lang='grc' dir='ltr'>τῆς</span> 
     </span>
    </p>
   </div>
   <div class='ocr_carea' id='block_1_75' title="bbox 320 4195 1915 4267">
    <p class='ocr_par' dir='ltr' id='par_1_75' title="bbox 320 4195 1915 4267">
     <span class='ocr_line' id='line_1_75' title="bbox 320 4195 1915 4267; baseline 0.001 -18"><span class='ocrx_word' id='word_1_519' title='bbox 320 4195 483 4267; x_wconf 84' lang='grc' dir='ltr'>ήμῶν</span> <span class='ocrx_word' id='word_1_520' title='bbox 505 4196 709 4266; x_wconf 82' lang='grc' dir='ltr'>ψυχῆς,</span> <span class='ocrx_word' id='word_1_521' title='bbox 754 4198 821 4266; x_wconf 82' lang='grc' dir='ltr'>ἣν</span> <span class='ocrx_word' id='word_1_522' title='bbox 854 4195 1054 4267; x_wconf 79' lang='grc' dir='ltr'>ἔχομεν</span> <span class='ocrx_word' id='word_1_523' title='bbox 1096 4197 1179 4259; x_wconf 86' lang='grc' dir='ltr'><strong>εἰς</strong></span> <span class='ocrx_word' id='word_1_524' title='bbox 1210 4195 1279 4248; x_wconf 79' lang='grc' dir='ltr'><strong>τὰ</strong></span> <span class='ocrx_word' id='word_1_525' title='bbox 1308 4196 1670 4266; x_wconf 88' lang='grc' dir='ltr'>πρωτότυπα,</span> <span class='ocrx_word' id='word_1_526' title='bbox 1699 4197 1789 4250; x_wconf 73' lang='grc' dir='ltr'><strong>διὰ</strong></span> <span class='ocrx_word' id='word_1_527' title='bbox 1815 4198 1915 4267; x_wconf 75' lang='grc' dir='ltr'>τῆς</span> 
     </span>
    </p>
   </div>
   <div class='ocr_carea' id='block_1_76' title="bbox 319 4284 1917 4356">
    <p class='ocr_par' dir='ltr' id='par_1_76' title="bbox 319 4284 1917 4356">
     <span class='ocr_line' id='line_1_76' title="bbox 319 4284 1917 4356; baseline -0.001 -17"><span class='ocrx_word' id='word_1_528' title='bbox 319 4287 584 4354; x_wconf 83' lang='grc' dir='ltr'>τοιαύτης</span> <span class='ocrx_word' id='word_1_529' title='bbox 615 4288 1039 4356; x_wconf 85' lang='grc' dir='ltr'>προσκυνήσεως</span> <span class='ocrx_word' id='word_1_530' title='bbox 1081 4285 1475 4355; x_wconf 77' lang='grc' dir='ltr'>ὲμφανίζομεν.</span> <span class='ocrx_word' id='word_1_531' title='bbox 1501 4284 1663 4338; x_wconf 82' lang='grc' dir='ltr'>Ὅθεν</span> <span class='ocrx_word' id='word_1_532' title='bbox 1695 4285 1789 4338; x_wconf 86' lang='grc' dir='ltr'><strong>τοῦ</strong></span> <span class='ocrx_word' id='word_1_533' title='bbox 1819 4303 1917 4356; x_wconf 86' lang='grc' dir='ltr'><strong>χα-</strong></span> 
     </span>
    </p>
   </div>
   <div class='ocr_carea' id='block_1_77' title="bbox 326 4377 1914 4450">
    <p class='ocr_par' dir='ltr' id='par_1_77' title="bbox 326 4377 1914 4450">
     <span class='ocr_line' id='line_1_77' title="bbox 326 4377 1914 4450; baseline 0.001 -19"><span class='ocrx_word' id='word_1_534' title='bbox 326 4380 601 4450; x_wconf 80' lang='grc' dir='ltr'>ρακτῆρος</span> <span class='ocrx_word' id='word_1_535' title='bbox 630 4379 905 4446; x_wconf 75' lang='grc' dir='ltr'>λυθέντος,</span> <span class='ocrx_word' id='word_1_536' title='bbox 927 4379 1002 4443; x_wconf 86' lang='grc' dir='ltr'><strong>ὡς</strong></span> <span class='ocrx_word' id='word_1_537' title='bbox 1031 4377 1190 4445; x_wconf 79' lang='grc' dir='ltr'>ξύλον</span> <span class='ocrx_word' id='word_1_538' title='bbox 1213 4379 1407 4450; x_wconf 78' lang='grc' dir='ltr'>ἀργὸν,</span> <span class='ocrx_word' id='word_1_539' title='bbox 1439 4378 1540 4450; x_wconf 79' lang='grc' dir='ltr'>τήν</span> <span class='ocrx_word' id='word_1_540' title='bbox 1570 4394 1702 4432; x_wconf 87' lang='grc' dir='ltr'>ποτε</span> <span class='ocrx_word' id='word_1_541' title='bbox 1738 4394 1914 4432; x_wconf 85' lang='grc' dir='ltr'>κατα-</span> 
     </span>
    </p>
   </div>
   <div class='ocr_carea' id='block_1_78' title="bbox 321 4471 799 4543">
    <p class='ocr_par' dir='ltr' id='par_1_78' title="bbox 321 4471 799 4543">
     <span class='ocr_line' id='line_1_78' title="bbox 321 4471 799 4543; baseline 0.002 -17"><span class='ocrx_word' id='word_1_542' title='bbox 321 4474 556 4543; x_wconf 83' lang='grc' dir='ltr'>καίομεν</span> <span class='ocrx_word' id='word_1_543' title='bbox 585 4471 799 4527; x_wconf 79' lang='grc' dir='ltr'>εἰκόνα.</span> 
     </span>
    </p>
   </div>
   <div class='ocr_carea' id='block_1_79' title="bbox 875 4560 1353 4633">
    <p class='ocr_par' dir='ltr' id='par_1_79' title="bbox 875 4560 1353 4633">
     <span class='ocr_line' id='line_1_79' title="bbox 875 4560 1353 4633; baseline -0.002 -15"><span class='ocrx_word' id='word_1_544' title='bbox 875 4562 1016 4633; x_wconf 80' lang='grc' dir='ltr'>Περὶ</span> <span class='ocrx_word' id='word_1_545' title='bbox 1061 4560 1353 4631; x_wconf 72' lang='grc' dir='ltr'>σταυροῦ.</span> 
     </span>
    </p>
   </div>
   <div class='ocr_carea' id='block_1_80' title="bbox 396 4652 1910 4723">
    <p class='ocr_par' dir='ltr' id='par_1_80' title="bbox 396 4652 1910 4723">
     <span class='ocr_line' id='line_1_80' title="bbox 396 4652 1910 4723; baseline -0.002 -11"><span class='ocrx_word' id='word_1_546' title='bbox 396 4660 503 4713; x_wconf 78' lang='grc' dir='ltr'><strong>Τὸν</strong></span> <span class='ocrx_word' id='word_1_547' title='bbox 536 4657 631 4711; x_wconf 90' lang='grc' dir='ltr'><strong>τοῦ</strong></span> <span class='ocrx_word' id='word_1_548' title='bbox 666 4655 902 4723; x_wconf 77' lang='grc' dir='ltr'>σταυροῦ</span> <span class='ocrx_word' id='word_1_549' title='bbox 934 4654 1106 4708; x_wconf 89' lang='grc' dir='ltr'>τύπον</span> <span class='ocrx_word' id='word_1_550' title='bbox 1138 4656 1202 4707; x_wconf 85' lang='grc' dir='ltr'>ὲκ</span> <span class='ocrx_word' id='word_1_551' title='bbox 1255 4654 1350 4707; x_wconf 88' lang='grc' dir='ltr'><strong>δύο</strong></span> <span class='ocrx_word' id='word_1_552' title='bbox 1403 4652 1578 4720; x_wconf 80' lang='grc' dir='ltr'>ξύλων</span> <span class='ocrx_word' id='word_1_553' title='bbox 1610 4656 1910 4710; x_wconf 85' lang='grc' dir='ltr'>συνάπτον-</span> 
     </span>
    </p>
   </div>
   <div class='ocr_carea' id='block_1_81' title="bbox 320 4747 1912 4820">
    <p class='ocr_par' dir='ltr' id='par_1_81' title="bbox 320 4747 1912 4820">
     <span class='ocr_line' id='line_1_81' title="bbox 320 4747 1912 4820; baseline 0.001 -18"><span class='ocrx_word' id='word_1_554' title='bbox 320 4769 435 4817; x_wconf 77' lang='grc' dir='ltr'>τες,</span> <span class='ocrx_word' id='word_1_555' title='bbox 471 4750 635 4820; x_wconf 85' lang='grc' dir='ltr'>ἡνίκα</span> <span class='ocrx_word' id='word_1_556' title='bbox 680 4767 764 4812; x_wconf 88' lang='grc' dir='ltr'><strong>τις</strong></span> <span class='ocrx_word' id='word_1_557' title='bbox 797 4750 929 4819; x_wconf 77' lang='grc' dir='ltr'>ἡμῖν</span> <span class='ocrx_word' id='word_1_558' title='bbox 979 4747 1087 4801; x_wconf 86' lang='grc' dir='ltr'><strong>τῶν</strong></span> <span class='ocrx_word' id='word_1_559' title='bbox 1141 4747 1384 4801; x_wconf 84' lang='grc' dir='ltr'>ἀπίστων</span> <span class='ocrx_word' id='word_1_560' title='bbox 1430 4747 1912 4816; x_wconf 80' lang='grc' dir='ltr'>ὲγκαλέσαιεν,ὡς</span> 
     </span>
    </p>
   </div>
   <div class='ocr_carea' id='block_1_82' title="bbox 325 4838 1909 4912">
    <p class='ocr_par' dir='ltr' id='par_1_82' title="bbox 325 4838 1909 4912">
     <span class='ocr_line' id='line_1_82' title="bbox 325 4838 1909 4912; baseline -0.004 -15"><span class='ocrx_word' id='word_1_561' title='bbox 325 4841 484 4910; x_wconf 76' lang='grc' dir='ltr'>ξύλον</span> <span class='ocrx_word' id='word_1_562' title='bbox 515 4841 908 4912; x_wconf 85' lang='grc' dir='ltr'>προσκυνοῦσι,</span> <span class='ocrx_word' id='word_1_563' title='bbox 944 4838 1223 4910; x_wconf 82' lang='grc' dir='ltr'>δυνάμεθα</span> <span class='ocrx_word' id='word_1_564' title='bbox 1255 4839 1324 4892; x_wconf 79' lang='grc' dir='ltr'>τὰ</span> <span class='ocrx_word' id='word_1_565' title='bbox 1347 4839 1440 4892; x_wconf 89' lang='grc' dir='ltr'><strong>δύο</strong></span> <span class='ocrx_word' id='word_1_566' title='bbox 1475 4838 1611 4903; x_wconf 82' lang='grc' dir='ltr'>ξύλα</span> <span class='ocrx_word' id='word_1_567' title='bbox 1635 4838 1909 4910; x_wconf 82' lang='grc' dir='ltr'>χωρίσαν-</span> 
     </span>
    </p>
   </div>
   <div class='ocr_carea' id='block_1_83' title="bbox 321 4929 1912 5002">
    <p class='ocr_par' dir='ltr' id='par_1_83' title="bbox 321 4929 1912 5002">
     <span class='ocr_line' id='line_1_83' title="bbox 321 4929 1912 5002; baseline -0.004 -14"><span class='ocrx_word' id='word_1_568' title='bbox 321 4952 440 5001; x_wconf 80' lang='grc' dir='ltr'>τες,</span> <span class='ocrx_word' id='word_1_569' title='bbox 470 4934 566 4987; x_wconf 72' lang='grc' dir='ltr'>καὶ</span> <span class='ocrx_word' id='word_1_570' title='bbox 594 4933 685 4986; x_wconf 81' lang='grc' dir='ltr'>τὸν</span> <span class='ocrx_word' id='word_1_571' title='bbox 712 4933 883 4985; x_wconf 85' lang='grc' dir='ltr'>τύπον</span> <span class='ocrx_word' id='word_1_572' title='bbox 928 4930 1022 4984; x_wconf 79' lang='grc' dir='ltr'><strong>τοῦ</strong></span> <span class='ocrx_word' id='word_1_573' title='bbox 1055 4930 1288 5002; x_wconf 87' lang='grc' dir='ltr'>σταυροῦ</span> <span class='ocrx_word' id='word_1_574' title='bbox 1335 4929 1712 4995; x_wconf 85' lang='grc' dir='ltr'>διαλύσαντες,</span> <span class='ocrx_word' id='word_1_575' title='bbox 1741 4929 1912 4982; x_wconf 84' lang='grc' dir='ltr'>ταῦτα</span> 
     </span>
    </p>
   </div>
   <div class='ocr_carea' id='block_1_84' title="bbox 323 5022 1909 5099">
    <p class='ocr_par' dir='ltr' id='par_1_84' title="bbox 323 5022 1909 5099">
     <span class='ocr_line' id='line_1_84' title="bbox 323 5022 1909 5099; baseline -0.004 -17"><span class='ocrx_word' id='word_1_576' title='bbox 323 5028 750 5099; x_wconf 63' lang='grc' dir='ltr'>νομίζεινβιργὰ</span> <span class='ocrx_word' id='word_1_577' title='bbox 775 5027 931 5092; x_wconf 83' lang='grc' dir='ltr'>ξύλα,</span> <span class='ocrx_word' id='word_1_578' title='bbox 965 5026 1060 5079; x_wconf 77' lang='grc' dir='ltr'>καὶ</span> <span class='ocrx_word' id='word_1_579' title='bbox 1102 5025 1197 5079; x_wconf 69' lang='grc' dir='ltr'><strong>τὸν</strong></span> <span class='ocrx_word' id='word_1_580' title='bbox 1240 5025 1470 5078; x_wconf 80' lang='grc' dir='ltr'>ἄπιστον</span> <span class='ocrx_word' id='word_1_581' title='bbox 1505 5022 1909 5094; x_wconf 76' lang='grc' dir='ltr'>ἐπιστομίζειν,</span> 
     </span>
    </p>
   </div>
   <div class='ocr_carea' id='block_1_85' title="bbox 323 5116 1913 5189">
    <p class='ocr_par' dir='ltr' id='par_1_85' title="bbox 323 5116 1913 5189">
     <span class='ocr_line' id='line_1_85' title="bbox 323 5116 1913 5189; baseline -0.005 -12"><span class='ocrx_word' id='word_1_582' title='bbox 323 5124 408 5178; x_wconf 84' lang='grc' dir='ltr'>ὃτι</span> <span class='ocrx_word' id='word_1_583' title='bbox 438 5123 497 5176; x_wconf 81' lang='grc' dir='ltr'>οὐ</span> <span class='ocrx_word' id='word_1_584' title='bbox 534 5122 594 5176; x_wconf 79' lang='grc' dir='ltr'>τὸ</span> <span class='ocrx_word' id='word_1_585' title='bbox 619 5119 776 5189; x_wconf 82' lang='grc' dir='ltr'>ξύλον</span> <span class='ocrx_word' id='word_1_586' title='bbox 798 5159 814 5187; x_wconf 93' lang='grc'><strong>,</strong></span> <span class='ocrx_word' id='word_1_587' title='bbox 853 5119 990 5175; x_wconf 80' lang='grc' dir='ltr'>ἀλλὰ</span> <span class='ocrx_word' id='word_1_588' title='bbox 1018 5119 1109 5173; x_wconf 80' lang='grc' dir='ltr'>τὸν</span> <span class='ocrx_word' id='word_1_589' title='bbox 1138 5117 1233 5173; x_wconf 85' lang='grc' dir='ltr'><strong>τοῦ</strong></span> <span class='ocrx_word' id='word_1_590' title='bbox 1284 5116 1521 5188; x_wconf 87' lang='grc' dir='ltr'>σταυροῦ</span> <span class='ocrx_word' id='word_1_591' title='bbox 1551 5116 1724 5170; x_wconf 86' lang='grc' dir='ltr'>τύπον</span> <span class='ocrx_word' id='word_1_592' title='bbox 1760 5116 1913 5169; x_wconf 77' lang='grc' dir='ltr'>σεϐό-</span> 
     </span>
    </p>
   </div>
   <div class='ocr_carea' id='block_1_86' title="bbox 326 5213 498 5285">
    <p class='ocr_par' dir='ltr' id='par_1_86' title="bbox 326 5213 498 5285">
     <span class='ocr_line' id='line_1_86' title="bbox 326 5213 498 5285; baseline 0.012 -19"><span class='ocrx_word' id='word_1_593' title='bbox 326 5213 498 5285; x_wconf 84' lang='grc' dir='ltr'>μεοα.</span> 
     </span>
    </p>
   </div>
   <div class='ocr_carea' id='block_1_87' title="bbox 399 5304 1910 5378">
    <p class='ocr_par' dir='ltr' id='par_1_87' title="bbox 399 5304 1910 5378">
     <span class='ocr_line' id='line_1_87' title="bbox 399 5304 1910 5378; baseline -0.007 -14"><span class='ocrx_word' id='word_1_594' title='bbox 399 5311 507 5364; x_wconf 82' lang='grc' dir='ltr'><strong>Σὺν</strong></span> <span class='ocrx_word' id='word_1_595' title='bbox 541 5309 693 5378; x_wconf 79' lang='grc' dir='ltr'>φόϐῳ</span> <span class='ocrx_word' id='word_1_596' title='bbox 722 5307 819 5363; x_wconf 69' lang='grc' dir='ltr'><strong>καί⁵</strong></span> <span class='ocrx_word' id='word_1_597' title='bbox 843 5306 1074 5375; x_wconf 79' lang='grc' dir='ltr'>ἀληθείᾳ</span> <span class='ocrx_word' id='word_1_598' title='bbox 1115 5304 1426 5377; x_wconf 79' lang='grc' dir='ltr'>προσιτέον,</span> <span class='ocrx_word' id='word_1_599' title='bbox 1463 5305 1560 5359; x_wconf 71' lang='grc' dir='ltr'>καὶ</span> <span class='ocrx_word' id='word_1_600' title='bbox 1594 5320 1910 5373; x_wconf 87' lang='grc' dir='ltr'>προσκυνη-</span> 
     </span>
    </p>
   </div>
   <div class='ocr_carea' id='block_1_88' title="bbox 324 5396 1910 5469">
    <p class='ocr_par' dir='ltr' id='par_1_88' title="bbox 324 5396 1910 5469">
     <span class='ocr_line' id='line_1_88' title="bbox 324 5396 1910 5469; baseline -0.004 -11"><span class='ocrx_word' id='word_1_601' title='bbox 324 5404 447 5458; x_wconf 77' lang='grc' dir='ltr'>τὲον</span> <span class='ocrx_word' id='word_1_602' title='bbox 476 5401 572 5464; x_wconf 83' lang='grc' dir='ltr'><strong>τὰς</strong></span> <span class='ocrx_word' id='word_1_603' title='bbox 593 5400 756 5469; x_wconf 78' lang='grc' dir='ltr'>ἁγίας</span> <span class='ocrx_word' id='word_1_604' title='bbox 785 5400 1030 5463; x_wconf 87' lang='grc' dir='ltr'>εἰκόνας,</span> <span class='ocrx_word' id='word_1_605' title='bbox 1062 5400 1158 5452; x_wconf 72' lang='grc' dir='ltr'>καὶ</span> <span class='ocrx_word' id='word_1_606' title='bbox 1193 5398 1515 5452; x_wconf 77' lang='grc' dir='ltr'>πιστευτέον</span> <span class='ocrx_word' id='word_1_607' title='bbox 1559 5398 1722 5468; x_wconf 84' lang='grc' dir='ltr'>χάριν</span> <span class='ocrx_word' id='word_1_608' title='bbox 1757 5396 1910 5451; x_wconf 86' lang='grc' dir='ltr'>θείαν</span> 
     </span>
    </p>
   </div>
   <div class='ocr_carea' id='block_1_89' title="bbox 327 5488 1676 5563">
    <p class='ocr_par' dir='ltr' id='par_1_89' title="bbox 327 5488 1676 5563">
     <span class='ocr_line' id='line_1_89' title="bbox 327 5488 1676 5563; baseline -0.004 -16"><span class='ocrx_word' id='word_1_609' title='bbox 327 5493 618 5563; x_wconf 69' lang='grc' dir='ltr'>ἔπιφοιτᾷν</span> <span class='ocrx_word' id='word_1_610' title='bbox 654 5493 709 5544; x_wconf 83' lang='grc' dir='ltr'>ὲν</span> <span class='ocrx_word' id='word_1_611' title='bbox 732 5490 946 5555; x_wconf 81' lang='grc' dir='ltr'>αὐταῖς,</span> <span class='ocrx_word' id='word_1_612' title='bbox 985 5488 1261 5558; x_wconf 80' lang='grc' dir='ltr'>ἁγιασμοῦ</span> <span class='ocrx_word' id='word_1_613' title='bbox 1291 5489 1676 5559; x_wconf 81' lang='grc' dir='ltr'>μεταδοτικήν.</span> 
     </span>
    </p>
   </div>
   <div class='ocr_carea' id='block_1_90' title="bbox 350 5578 1870 5652">
    <p class='ocr_par' dir='ltr' id='par_1_90' title="bbox 350 5578 1870 5652">
     <span class='ocr_line' id='line_1_90' title="bbox 350 5578 1870 5652; baseline -0.005 -13"><span class='ocrx_word' id='word_1_614' title='bbox 350 5583 612 5652; x_wconf 74' lang='grc' dir='ltr'>Διαφορὰ</span> <span class='ocrx_word' id='word_1_615' title='bbox 647 5582 768 5637; x_wconf 81' lang='grc' dir='ltr'>τῶν</span> <span class='ocrx_word' id='word_1_616' title='bbox 795 5580 1039 5638; x_wconf 79' lang='grc' dir='ltr'>σεπτῶν</span> <span class='ocrx_word' id='word_1_617' title='bbox 1064 5582 1316 5636; x_wconf 80' lang='grc' dir='ltr'>εἰκόνων</span> <span class='ocrx_word' id='word_1_618' title='bbox 1351 5579 1499 5648; x_wconf 81' lang='grc' dir='ltr'>πρὸς</span> <span class='ocrx_word' id='word_1_619' title='bbox 1528 5579 1599 5633; x_wconf 84' lang='grc' dir='ltr'>τὰ</span> <span class='ocrx_word' id='word_1_620' title='bbox 1628 5578 1870 5633; x_wconf 66' lang='grc' dir='ltr'>εἴδωλα.</span> 
     </span>
    </p>
   </div>
   <div class='ocr_carea' id='block_1_91' title="bbox 410 5671 1909 5746">
    <p class='ocr_par' dir='ltr' id='par_1_91' title="bbox 410 5671 1909 5746">
     <span class='ocr_line' id='line_1_91' title="bbox 410 5671 1909 5746; baseline -0.005 -16"><span class='ocrx_word' id='word_1_621' title='bbox 410 5677 479 5730; x_wconf 85' lang='grc' dir='ltr'><strong>Ἦ</strong></span> <span class='ocrx_word' id='word_1_622' title='bbox 515 5676 788 5746; x_wconf 77' lang='grc' dir='ltr'>σεὸασμία</span> <span class='ocrx_word' id='word_1_623' title='bbox 847 5674 1014 5729; x_wconf 85' lang='grc' dir='ltr'>εἰκὼν</span> <span class='ocrx_word' id='word_1_624' title='bbox 1068 5674 1207 5745; x_wconf 78' lang='grc' dir='ltr'>πρὸς</span> <span class='ocrx_word' id='word_1_625' title='bbox 1244 5673 1307 5726; x_wconf 84' lang='grc' dir='ltr'>τὸ</span> <span class='ocrx_word' id='word_1_626' title='bbox 1348 5672 1641 5742; x_wconf 78' lang='grc' dir='ltr'>βδελυκτὸν</span> <span class='ocrx_word' id='word_1_627' title='bbox 1691 5671 1909 5725; x_wconf 78' lang='grc' dir='ltr'>εἴδωλον</span> 
     </span>
    </p>
   </div>
   <div class='ocr_carea' id='block_1_92' title="bbox 325 5760 1910 5838">
    <p class='ocr_par' dir='ltr' id='par_1_92' title="bbox 325 5760 1910 5838">
     <span class='ocr_line' id='line_1_92' title="bbox 325 5760 1910 5838; baseline -0.006 -17"><span class='ocrx_word' id='word_1_628' title='bbox 325 5768 533 5837; x_wconf 75' lang='grc' dir='ltr'>ταύτην</span> <span class='ocrx_word' id='word_1_629' title='bbox 558 5767 672 5838; x_wconf 71' lang='grc' dir='ltr'>ἔχει</span> <span class='ocrx_word' id='word_1_630' title='bbox 692 5766 790 5838; x_wconf 73' lang='grc' dir='ltr'>τὴν</span> <span class='ocrx_word' id='word_1_631' title='bbox 823 5763 1115 5833; x_wconf 75' lang='grc' dir='ltr'>διαφορὰν.</span> <span class='ocrx_word' id='word_1_632' title='bbox 1147 5765 1230 5819; x_wconf 82' lang='grc' dir='ltr'>ὅτι</span> <span class='ocrx_word' id='word_1_633' title='bbox 1262 5762 1371 5816; x_wconf 85' lang='grc' dir='ltr'><strong>τῶν</strong></span> <span class='ocrx_word' id='word_1_634' title='bbox 1405 5761 1505 5831; x_wconf 80' lang='grc' dir='ltr'>μὲν</span> <span class='ocrx_word' id='word_1_635' title='bbox 1546 5760 1782 5815; x_wconf 85' lang='grc' dir='ltr'>εἰδώλων</span> <span class='ocrx_word' id='word_1_636' title='bbox 1842 5760 1910 5813; x_wconf 80' lang='grc' dir='ltr'>τὰ</span> 
     </span>
    </p>
   </div>
   <div class='ocr_carea' id='block_1_93' title="bbox 325 5852 1908 5931">
    <p class='ocr_par' dir='ltr' id='par_1_93' title="bbox 325 5852 1908 5931">
     <span class='ocr_line' id='line_1_93' title="bbox 325 5852 1908 5931; baseline -0.006 -18"><span class='ocrx_word' id='word_1_637' title='bbox 325 5858 662 5927; x_wconf 82' lang='grc' dir='ltr'>πρωτότυπα</span> <span class='ocrx_word' id='word_1_638' title='bbox 690 5858 864 5931; x_wconf 67' lang='grc' dir='ltr'>ψευδῆ</span> <span class='ocrx_word' id='word_1_639' title='bbox 892 5856 1177 5929; x_wconf 82' lang='grc' dir='ltr'>τυγχάνει,</span> <span class='ocrx_word' id='word_1_640' title='bbox 1209 5854 1350 5909; x_wconf 83' lang='grc' dir='ltr'>θεῶν</span> <span class='ocrx_word' id='word_1_641' title='bbox 1379 5852 1490 5922; x_wconf 77' lang='grc' dir='ltr'><strong>γὰρ</strong></span> <span class='ocrx_word' id='word_1_642' title='bbox 1530 5852 1908 5921; x_wconf 72' lang='grc' dir='ltr'>ἔκτυπὼματα</span> 
     </span>
    </p>
   </div>
   <div class='ocr_carea' id='block_1_94' title="bbox 2011 3544 3593 3617">
    <p class='ocr_par' dir='ltr' id='par_1_94' title="bbox 2011 3544 3593 3617">
     <span class='ocr_line' id='line_1_94' title="bbox 2011 3544 3593 3617; baseline 0.003 -22"><span class='ocrx_word' id='word_1_643' title='bbox 2011 3557 2121 3596; x_wconf 87' lang='lat' dir='ltr'><strong>non</strong></span> <span class='ocrx_word' id='word_1_644' title='bbox 2157 3553 2401 3613; x_wconf 88' lang='lat' dir='ltr'><strong>apparet.</strong></span> <span class='ocrx_word' id='word_1_645' title='bbox 2432 3544 2537 3600; x_wconf 89' lang='lat' dir='ltr'><strong>Sed</strong></span> <span class='ocrx_word' id='word_1_646' title='bbox 2574 3546 3037 3617; x_wconf 85' lang='lat' dir='ltr'><strong>quemadmodum</strong></span> <span class='ocrx_word' id='word_1_647' title='bbox 3072 3546 3265 3601; x_wconf 87' lang='lat' dir='ltr'><strong>umbra</strong></span> <span class='ocrx_word' id='word_1_648' title='bbox 3297 3545 3593 3617; x_wconf 86' lang='lat' dir='ltr'><strong>splendore</strong></span> 
     </span>
    </p>
   </div>
   <div class='ocr_carea' id='block_1_95' title="bbox 2012 3634 3603 3707">
    <p class='ocr_par' dir='ltr' id='par_1_95' title="bbox 2012 3634 3603 3707">
     <span class='ocr_line' id='line_1_95' title="bbox 2012 3634 3603 3707; baseline 0.001 -18"><span class='ocrx_word' id='word_1_649' title='bbox 2012 3634 2143 3689; x_wconf 77' lang='lat' dir='ltr'><strong>solis</strong></span> <span class='ocrx_word' id='word_1_650' title='bbox 2168 3647 2416 3706; x_wconf 87' lang='lat' dir='ltr'><strong>apparet,</strong></span> <span class='ocrx_word' id='word_1_651' title='bbox 2444 3636 2514 3691; x_wconf 90' lang='lat' dir='ltr'><strong>ad</strong></span> <span class='ocrx_word' id='word_1_652' title='bbox 2545 3639 2797 3692; x_wconf 88' lang='lat' dir='ltr'><strong>eumdem</strong></span> <span class='ocrx_word' id='word_1_653' title='bbox 2824 3639 3049 3693; x_wconf 88' lang='lat' dir='ltr'><strong>modum</strong></span> <span class='ocrx_word' id='word_1_654' title='bbox 3084 3643 3140 3692; x_wconf 89' lang='lat' dir='ltr'><strong>et</strong></span> <span class='ocrx_word' id='word_1_655' title='bbox 3163 3637 3370 3693; x_wconf 87' lang='lat' dir='ltr'><strong>Christi</strong></span> <span class='ocrx_word' id='word_1_656' title='bbox 3403 3637 3603 3707; x_wconf 80' lang='lat' dir='ltr'><strong>imago</strong></span> 
     </span>
    </p>
   </div>
   <div class='ocr_carea' id='block_1_96' title="bbox 2013 3728 2636 3796">
    <p class='ocr_par' dir='ltr' id='par_1_96' title="bbox 2013 3728 2636 3796">
     <span class='ocr_line' id='line_1_96' title="bbox 2013 3728 2636 3796; baseline 0.005 -16"><span class='ocrx_word' id='word_1_657' title='bbox 2013 3729 2259 3781; x_wconf 71' lang='lat' dir='ltr'><strong>materia:</strong></span> <span class='ocrx_word' id='word_1_658' title='bbox 2286 3728 2636 3796; x_wconf 81' lang='lat' dir='ltr'><strong>ﬁguratione.</strong></span> 
     </span>
    </p>
   </div>
   <div class='ocr_carea' id='block_1_97' title="bbox 2070 3813 3609 3888">
    <p class='ocr_par' dir='ltr' id='par_1_97' title="bbox 2070 3813 3609 3888">
     <span class='ocr_line' id='line_1_97' title="bbox 2070 3813 3609 3888; baseline -0.001 -17"><span class='ocrx_word' id='word_1_659' title='bbox 2070 3815 2203 3872; x_wconf 80' lang='lat' dir='ltr'><strong>Non</strong></span> <span class='ocrx_word' id='word_1_660' title='bbox 2260 3826 2320 3873; x_wconf 90' lang='lat' dir='ltr'><strong>ut</strong></span> <span class='ocrx_word' id='word_1_661' title='bbox 2352 3819 2484 3873; x_wconf 90' lang='lat' dir='ltr'><strong>deos</strong></span> <span class='ocrx_word' id='word_1_662' title='bbox 2544 3818 2811 3888; x_wconf 83' lang='lat' dir='ltr'><strong>imagines</strong></span> <span class='ocrx_word' id='word_1_663' title='bbox 2865 3817 3188 3882; x_wconf 84' lang='lat' dir='ltr'><strong>adoramus,</strong></span> <span class='ocrx_word' id='word_1_664' title='bbox 3233 3829 3412 3885; x_wconf 83' lang='lat' dir='ltr'><strong>neque</strong></span> <span class='ocrx_word' id='word_1_665' title='bbox 3441 3813 3494 3869; x_wconf 93' lang='lat' dir='ltr'><strong>in</strong></span> <span class='ocrx_word' id='word_1_666' title='bbox 3525 3814 3609 3870; x_wconf 69' lang='lat' dir='ltr'><strong>iis</strong></span> 
     </span>
    </p>
   </div>
   <div class='ocr_carea' id='block_1_98' title="bbox 2014 3906 3592 3983">
    <p class='ocr_par' dir='ltr' id='par_1_98' title="bbox 2014 3906 3592 3983">
     <span class='ocr_line' id='line_1_98' title="bbox 2014 3906 3592 3983; baseline -0.004 -16"><span class='ocrx_word' id='word_1_667' title='bbox 2014 3926 2169 3983; x_wconf 80' lang='lat' dir='ltr'><strong>spem</strong></span> <span class='ocrx_word' id='word_1_668' title='bbox 2202 3911 2398 3967; x_wconf 86' lang='lat' dir='ltr'><strong>salutis</strong></span> <span class='ocrx_word' id='word_1_669' title='bbox 2429 3913 2718 3977; x_wconf 83' lang='lat' dir='ltr'><strong>habemus,</strong></span> <span class='ocrx_word' id='word_1_670' title='bbox 2745 3924 2923 3981; x_wconf 87' lang='lat' dir='ltr'><strong>neque</strong></span> <span class='ocrx_word' id='word_1_671' title='bbox 2953 3909 3163 3966; x_wconf 85' lang='lat' dir='ltr'><strong>cultum</strong></span> <span class='ocrx_word' id='word_1_672' title='bbox 3195 3908 3440 3964; x_wconf 83' lang='lat' dir='ltr'><strong>divinum</strong></span> <span class='ocrx_word' id='word_1_673' title='bbox 3479 3906 3592 3962; x_wconf 90' lang='lat' dir='ltr'><strong>illis</strong></span> 
     </span>
    </p>
   </div>
   <div class='ocr_carea' id='block_1_99' title="bbox 2014 3999 3596 4077">
    <p class='ocr_par' dir='ltr' id='par_1_99' title="bbox 2014 3999 3596 4077">
     <span class='ocr_line' id='line_1_99' title="bbox 2014 3999 3596 4077; baseline -0.002 -21"><span class='ocrx_word' id='word_1_674' title='bbox 2014 4003 2346 4077; x_wconf 70' lang='lat' dir='ltr'><strong>prazbemus,</strong></span> <span class='ocrx_word' id='word_1_675' title='bbox 2375 4014 2433 4058; x_wconf 90' lang='grc' dir='ltr'><strong>ιιι</strong></span> <span class='ocrx_word' id='word_1_676' title='bbox 2462 4003 2748 4074; x_wconf 88' lang='lat' dir='ltr'><strong>gentilium</strong></span> <span class='ocrx_word' id='word_1_677' title='bbox 2782 4003 2919 4057; x_wconf 88' lang='lat' dir='ltr'><strong>ﬁlii:</strong></span> <span class='ocrx_word' id='word_1_678' title='bbox 2958 4002 3053 4058; x_wconf 87' lang='lat' dir='ltr'><strong>sed</strong></span> <span class='ocrx_word' id='word_1_679' title='bbox 3085 4002 3264 4057; x_wconf 86' lang='lat' dir='ltr'><strong>solum</strong></span> <span class='ocrx_word' id='word_1_680' title='bbox 3305 3999 3474 4055; x_wconf 86' lang='lat' dir='ltr'><strong>animi</strong></span> <span class='ocrx_word' id='word_1_681' title='bbox 3499 4013 3596 4053; x_wconf 80' lang='lat' dir='ltr'><strong>no-</strong></span> 
     </span>
    </p>
   </div>
   <div class='ocr_carea' id='block_1_100' title="bbox 2016 4093 3594 4164">
    <p class='ocr_par' dir='ltr' id='par_1_100' title="bbox 2016 4093 3594 4164">
     <span class='ocr_line' id='line_1_100' title="bbox 2016 4093 3594 4164; baseline -0.002 -14"><span class='ocrx_word' id='word_1_682' title='bbox 2016 4095 2119 4150; x_wconf 91' lang='lat' dir='ltr'><strong>stri</strong></span> <span class='ocrx_word' id='word_1_683' title='bbox 2147 4093 2400 4150; x_wconf 65' lang='lat' dir='ltr'><strong>allectum</strong></span> <span class='ocrx_word' id='word_1_684' title='bbox 2430 4104 2485 4150; x_wconf 88' lang='lat' dir='ltr'><strong>et</strong></span> <span class='ocrx_word' id='word_1_685' title='bbox 2527 4095 2880 4161; x_wconf 90' lang='lat' dir='ltr'><strong>charitatem,</strong></span> <span class='ocrx_word' id='word_1_686' title='bbox 2912 4109 3016 4163; x_wconf 85' lang='lat' dir='ltr'><strong>qua</strong></span> <span class='ocrx_word' id='word_1_687' title='bbox 3051 4101 3374 4164; x_wconf 82' lang='lat' dir='ltr'><strong>protelypos</strong></span> <span class='ocrx_word' id='word_1_688' title='bbox 3407 4105 3594 4162; x_wconf 89' lang='lat' dir='ltr'><strong>prose-</strong></span> 
     </span>
    </p>
   </div>
   <div class='ocr_carea' id='block_1_101' title="bbox 2015 4180 3593 4257">
    <p class='ocr_par' dir='ltr' id='par_1_101' title="bbox 2015 4180 3593 4257">
     <span class='ocr_line' id='line_1_101' title="bbox 2015 4180 3593 4257; baseline -0.002 -17"><span class='ocrx_word' id='word_1_689' title='bbox 2015 4187 2259 4257; x_wconf 88' lang='lat' dir='ltr'><strong>quimur,</strong></span> <span class='ocrx_word' id='word_1_690' title='bbox 2296 4185 2607 4256; x_wconf 82' lang='lat' dir='ltr'><strong>hujusmodi</strong></span> <span class='ocrx_word' id='word_1_691' title='bbox 2646 4185 2967 4240; x_wconf 86' lang='lat' dir='ltr'><strong>adoratione</strong></span> <span class='ocrx_word' id='word_1_692' title='bbox 3010 4182 3381 4238; x_wconf 84' lang='lat' dir='ltr'><strong>ostendimus.</strong></span> <span class='ocrx_word' id='word_1_693' title='bbox 3438 4180 3593 4238; x_wconf 81' lang='lat' dir='ltr'><strong>[inde</strong></span> 
     </span>
    </p>
   </div>
   <div class='ocr_carea' id='block_1_102' title="bbox 2014 4276 3605 4350">
    <p class='ocr_par' dir='ltr' id='par_1_102' title="bbox 2014 4276 3605 4350">
     <span class='ocr_line' id='line_1_102' title="bbox 2014 4276 3605 4350; baseline 0 -18"><span class='ocrx_word' id='word_1_694' title='bbox 2014 4277 2335 4333; x_wconf 87' lang='lat' dir='ltr'><strong>charactere</strong></span> <span class='ocrx_word' id='word_1_695' title='bbox 2381 4278 2586 4343; x_wconf 89' lang='lat' dir='ltr'><strong>soluto,</strong></span> <span class='ocrx_word' id='word_1_696' title='bbox 2648 4288 2708 4334; x_wconf 90' lang='lat' dir='ltr'><strong>ut</strong></span> <span class='ocrx_word' id='word_1_697' title='bbox 2757 4279 2963 4350; x_wconf 88' lang='lat' dir='ltr'><strong>lignum</strong></span> <span class='ocrx_word' id='word_1_698' title='bbox 2993 4277 3260 4345; x_wconf 88' lang='lat' dir='ltr'><strong>otiosum,</strong></span> <span class='ocrx_word' id='word_1_699' title='bbox 3316 4276 3508 4343; x_wconf 88' lang='lat' dir='ltr'><strong>talem,</strong></span> <span class='ocrx_word' id='word_1_700' title='bbox 3542 4277 3605 4332; x_wconf 74' lang='lat' dir='ltr'><strong>si</strong></span> 
     </span>
    </p>
   </div>
   <div class='ocr_carea' id='block_1_103' title="bbox 2015 4370 3232 4443">
    <p class='ocr_par' dir='ltr' id='par_1_103' title="bbox 2015 4370 3232 4443">
     <span class='ocr_line' id='line_1_103' title="bbox 2015 4370 3232 4443; baseline -0.002 -15"><span class='ocrx_word' id='word_1_701' title='bbox 2015 4370 2237 4443; x_wconf 86' lang='lat' dir='ltr'><strong>quando</strong></span> <span class='ocrx_word' id='word_1_702' title='bbox 2267 4370 2456 4438; x_wconf 80' lang='lat' dir='ltr'><strong>fuerit,</strong></span> <span class='ocrx_word' id='word_1_703' title='bbox 2483 4370 2866 4428; x_wconf 85' lang='lat' dir='ltr'><strong>eomburimus</strong></span> <span class='ocrx_word' id='word_1_704' title='bbox 2895 4371 3232 4442; x_wconf 61' lang='lat' dir='ltr'><strong>imaginem-</strong></span> 
     </span>
    </p>
   </div>
   <div class='ocr_carea' id='block_1_104' title="bbox 2667 4550 2949 4606">
    <p class='ocr_par' dir='ltr' id='par_1_104' title="bbox 2667 4550 2949 4606">
     <span class='ocr_line' id='line_1_104' title="bbox 2667 4550 2949 4606; baseline 0 -1"><span class='ocrx_word' id='word_1_705' title='bbox 2667 4550 2747 4606; x_wconf 87' lang='lat' dir='ltr'><strong>De</strong></span> <span class='ocrx_word' id='word_1_706' title='bbox 2772 4567 2949 4606; x_wconf 62' lang='lat' dir='ltr'><strong>cruce:</strong></span> 
     </span>
    </p>
   </div>
   <div class='ocr_carea' id='block_1_105' title="bbox 2086 4645 3595 4719">
    <p class='ocr_par' dir='ltr' id='par_1_105' title="bbox 2086 4645 3595 4719">
     <span class='ocr_line' id='line_1_105' title="bbox 2086 4645 3595 4719; baseline 0.003 -16"><span class='ocrx_word' id='word_1_707' title='bbox 2086 4645 2282 4703; x_wconf 90' lang='lat' dir='ltr'><strong>Crucis</strong></span> <span class='ocrx_word' id='word_1_708' title='bbox 2319 4645 2550 4717; x_wconf 80' lang='lat' dir='ltr'><strong>ﬁguram</strong></span> <span class='ocrx_word' id='word_1_709' title='bbox 2601 4661 2668 4700; x_wconf 79' lang='lat' dir='ltr'><strong>ex</strong></span> <span class='ocrx_word' id='word_1_710' title='bbox 2712 4645 2936 4702; x_wconf 85' lang='lat' dir='ltr'><strong>duobus</strong></span> <span class='ocrx_word' id='word_1_711' title='bbox 2966 4646 3134 4716; x_wconf 88' lang='lat' dir='ltr'><strong>lignis</strong></span> <span class='ocrx_word' id='word_1_712' title='bbox 3173 4659 3595 4719; x_wconf 84' lang='lat' dir='ltr'><strong>componentes,</strong></span> 
     </span>
    </p>
   </div>
   <div class='ocr_carea' id='block_1_106' title="bbox 2015 4738 3590 4812">
    <p class='ocr_par' dir='ltr' id='par_1_106' title="bbox 2015 4738 3590 4812">
     <span class='ocr_line' id='line_1_106' title="bbox 2015 4738 3590 4812; baseline 0.003 -18"><span class='ocrx_word' id='word_1_713' title='bbox 2015 4740 2060 4794; x_wconf 91' lang='lat' dir='ltr'><strong>si</strong></span> <span class='ocrx_word' id='word_1_714' title='bbox 2093 4741 2311 4810; x_wconf 88' lang='lat' dir='ltr'><strong>quando</strong></span> <span class='ocrx_word' id='word_1_715' title='bbox 2334 4738 2636 4795; x_wconf 81' lang='lat' dir='ltr'><strong>inﬁdelium</strong></span> <span class='ocrx_word' id='word_1_716' title='bbox 2669 4739 2871 4810; x_wconf 88' lang='lat' dir='ltr'><strong>aliquis</strong></span> <span class='ocrx_word' id='word_1_717' title='bbox 2900 4754 3002 4795; x_wconf 88' lang='lat' dir='ltr'><strong>nos</strong></span> <span class='ocrx_word' id='word_1_718' title='bbox 3026 4742 3410 4809; x_wconf 87' lang='lat' dir='ltr'><strong>reprehendat,</strong></span> <span class='ocrx_word' id='word_1_719' title='bbox 3440 4744 3590 4812; x_wconf 87' lang='lat' dir='ltr'><strong>quod</strong></span> 
     </span>
    </p>
   </div>
   <div class='ocr_carea' id='block_1_107' title="bbox 2012 4832 3595 4906">
    <p class='ocr_par' dir='ltr' id='par_1_107' title="bbox 2012 4832 3595 4906">
     <span class='ocr_line' id='line_1_107' title="bbox 2012 4832 3595 4906; baseline 0.001 -17"><span class='ocrx_word' id='word_1_720' title='bbox 2012 4834 2222 4906; x_wconf 89' lang='lat' dir='ltr'><strong>lignum</strong></span> <span class='ocrx_word' id='word_1_721' title='bbox 2258 4836 2588 4897; x_wconf 83' lang='lat' dir='ltr'><strong>adoremus;</strong></span> <span class='ocrx_word' id='word_1_722' title='bbox 2622 4847 2938 4903; x_wconf 86' lang='lat' dir='ltr'><strong>possumus,</strong></span> <span class='ocrx_word' id='word_1_723' title='bbox 2968 4832 3185 4887; x_wconf 89' lang='lat' dir='ltr'><strong>duobus</strong></span> <span class='ocrx_word' id='word_1_724' title='bbox 3220 4832 3384 4904; x_wconf 87' lang='lat' dir='ltr'><strong>lignis</strong></span> <span class='ocrx_word' id='word_1_725' title='bbox 3436 4849 3595 4904; x_wconf 77' lang='lat' dir='ltr'><strong>sepa-</strong></span> 
     </span>
    </p>
   </div>
   <div class='ocr_carea' id='block_1_108' title="bbox 2014 4924 3587 4997">
    <p class='ocr_par' dir='ltr' id='par_1_108' title="bbox 2014 4924 3587 4997">
     <span class='ocr_line' id='line_1_108' title="bbox 2014 4924 3587 4997; baseline -0.002 -16"><span class='ocrx_word' id='word_1_726' title='bbox 2014 4928 2170 4991; x_wconf 90' lang='lat' dir='ltr'><strong>ratis,</strong></span> <span class='ocrx_word' id='word_1_727' title='bbox 2206 4936 2260 4982; x_wconf 91' lang='lat' dir='ltr'><strong>et</strong></span> <span class='ocrx_word' id='word_1_728' title='bbox 2292 4927 2479 4982; x_wconf 86' lang='lat' dir='ltr'><strong>crucis</strong></span> <span class='ocrx_word' id='word_1_729' title='bbox 2514 4927 2684 4997; x_wconf 78' lang='lat' dir='ltr'><strong>ﬁgura</strong></span> <span class='ocrx_word' id='word_1_730' title='bbox 2732 4924 3023 4986; x_wconf 82' lang='lat' dir='ltr'><strong>dissoluta,</strong></span> <span class='ocrx_word' id='word_1_731' title='bbox 3055 4938 3119 4978; x_wconf 91' lang='lat' dir='ltr'><strong>ea</strong></span> <span class='ocrx_word' id='word_1_732' title='bbox 3164 4924 3381 4979; x_wconf 84' lang='lat' dir='ltr'><strong>inutilia</strong></span> <span class='ocrx_word' id='word_1_733' title='bbox 3439 4925 3587 4995; x_wconf 84' lang='lat' dir='ltr'><strong>ligna</strong></span> 
     </span>
    </p>
   </div>
   <div class='ocr_carea' id='block_1_109' title="bbox 2013 5011 3590 5084">
    <p class='ocr_par' dir='ltr' id='par_1_109' title="bbox 2013 5011 3590 5084">
     <span class='ocr_line' id='line_1_109' title="bbox 2013 5011 3590 5084; baseline -0.001 -16"><span class='ocrx_word' id='word_1_734' title='bbox 2013 5028 2263 5078; x_wconf 85' lang='lat' dir='ltr'><strong>censere,</strong></span> <span class='ocrx_word' id='word_1_735' title='bbox 2289 5022 2344 5067; x_wconf 88' lang='lat' dir='ltr'><strong>et</strong></span> <span class='ocrx_word' id='word_1_736' title='bbox 2364 5014 2596 5069; x_wconf 80' lang='lat' dir='ltr'><strong>inﬁdelis</strong></span> <span class='ocrx_word' id='word_1_737' title='bbox 2627 5028 2691 5067; x_wconf 91' lang='lat' dir='ltr'><strong>os</strong></span> <span class='ocrx_word' id='word_1_738' title='bbox 2719 5013 3028 5076; x_wconf 75' lang='lat' dir='ltr'><strong>obsu-uere,</strong></span> <span class='ocrx_word' id='word_1_739' title='bbox 3053 5011 3198 5081; x_wconf 89' lang='lat' dir='ltr'><strong>quod</strong></span> <span class='ocrx_word' id='word_1_740' title='bbox 3219 5027 3328 5067; x_wconf 85' lang='lat' dir='ltr'><strong>non</strong></span> <span class='ocrx_word' id='word_1_741' title='bbox 3355 5013 3590 5084; x_wconf 88' lang='lat' dir='ltr'><strong>lignum,</strong></span> 
     </span>
    </p>
   </div>
   <div class='ocr_carea' id='block_1_110' title="bbox 2013 5106 3027 5177">
    <p class='ocr_par' dir='ltr' id='par_1_110' title="bbox 2013 5106 3027 5177">
     <span class='ocr_line' id='line_1_110' title="bbox 2013 5106 3027 5177; baseline -0.004 -15"><span class='ocrx_word' id='word_1_742' title='bbox 2013 5107 2109 5163; x_wconf 87' lang='lat' dir='ltr'><strong>sed</strong></span> <span class='ocrx_word' id='word_1_743' title='bbox 2144 5106 2327 5162; x_wconf 89' lang='lat' dir='ltr'><strong>crucis</strong></span> <span class='ocrx_word' id='word_1_744' title='bbox 2367 5108 2595 5177; x_wconf 87' lang='lat' dir='ltr'><strong>ﬁguram</strong></span> <span class='ocrx_word' id='word_1_745' title='bbox 2632 5120 2983 5161; x_wconf 83' lang='lat' dir='ltr'><strong>veneremur.</strong></span> <span class='ocrx_word' id='word_1_746' title='bbox 3008 5116 3027 5129; x_wconf 78' lang='lat'><em>‘</em></span> 
     </span>
    </p>
   </div>
   <div class='ocr_carea' id='block_1_111' title="bbox 2085 5285 3618 5356">
    <p class='ocr_par' dir='ltr' id='par_1_111' title="bbox 2085 5285 3618 5356">
     <span class='ocr_line' id='line_1_111' title="bbox 2085 5285 3618 5356; baseline -0.001 -12"><span class='ocrx_word' id='word_1_747' title='bbox 2085 5289 2141 5344; x_wconf 89' lang='lat' dir='ltr'><strong>lu</strong></span> <span class='ocrx_word' id='word_1_748' title='bbox 2171 5290 2365 5345; x_wconf 84' lang='lat' dir='ltr'><strong>timore</strong></span> <span class='ocrx_word' id='word_1_749' title='bbox 2398 5299 2452 5344; x_wconf 90' lang='lat' dir='ltr'><strong>et</strong></span> <span class='ocrx_word' id='word_1_750' title='bbox 2483 5288 2717 5342; x_wconf 85' lang='lat' dir='ltr'><strong>veritate</strong></span> <span class='ocrx_word' id='word_1_751' title='bbox 2761 5302 2949 5343; x_wconf 85' lang='lat' dir='ltr'><strong>sacras</strong></span> <span class='ocrx_word' id='word_1_752' title='bbox 2994 5285 3290 5356; x_wconf 54' lang='lat' dir='ltr'><strong>imagines.</strong></span> <span class='ocrx_word' id='word_1_753' title='bbox 3320 5286 3618 5342; x_wconf 87' lang='lat' dir='ltr'><strong>accedere-</strong></span> 
     </span>
    </p>
   </div>
   <div class='ocr_carea' id='block_1_112' title="bbox 2010 5377 3609 5455">
    <p class='ocr_par' dir='ltr' id='par_1_112' title="bbox 2010 5377 3609 5455">
     <span class='ocr_line' id='line_1_112' title="bbox 2010 5377 3609 5455; baseline -0.009 -14"><span class='ocrx_word' id='word_1_754' title='bbox 2010 5394 2066 5441; x_wconf 93' lang='lat' dir='ltr'><strong>et</strong></span> <span class='ocrx_word' id='word_1_755' title='bbox 2113 5383 2622 5455; x_wconf 62' lang='lat' dir='ltr'><strong>adorare-oportet,</strong></span> <span class='ocrx_word' id='word_1_756' title='bbox 2663 5391 2718 5437; x_wconf 90' lang='lat' dir='ltr'><strong>et</strong></span> <span class='ocrx_word' id='word_1_757' title='bbox 2768 5380 2995 5436; x_wconf 86' lang='lat' dir='ltr'><strong>credere</strong></span> <span class='ocrx_word' id='word_1_758' title='bbox 3053 5377 3295 5434; x_wconf 83' lang='lat' dir='ltr'><strong>divinam</strong></span> <span class='ocrx_word' id='word_1_759' title='bbox 3351 5377 3609 5448; x_wconf 74' lang='lat' dir='ltr'><strong>gratiam.</strong></span> 
     </span>
    </p>
   </div>
   <div class='ocr_carea' id='block_1_113' title="bbox 2012 5470 3392 5546">
    <p class='ocr_par' dir='ltr' id='par_1_113' title="bbox 2012 5470 3392 5546">
     <span class='ocr_line' id='line_1_113' title="bbox 2012 5470 3392 5546; baseline -0.007 -15"><span class='ocrx_word' id='word_1_760' title='bbox 2012 5477 2121 5532; x_wconf 84' lang='lat' dir='ltr'><strong>illis</strong></span> <span class='ocrx_word' id='word_1_761' title='bbox 2157 5478 2359 5541; x_wconf 88' lang='lat' dir='ltr'><strong>inesse,</strong></span> <span class='ocrx_word' id='word_1_762' title='bbox 2383 5491 2504 5546; x_wconf 65' lang='lat' dir='ltr'><strong>qua:</strong></span> <span class='ocrx_word' id='word_1_763' title='bbox 2540 5473 3029 5531; x_wconf 83' lang='lat' dir='ltr'><strong>sanctiﬁcationem</strong></span> <span class='ocrx_word' id='word_1_764' title='bbox 3058 5470 3392 5539; x_wconf 86' lang='lat' dir='ltr'><strong>impertitur.</strong></span> 
     </span>
    </p>
   </div>
   <div class='ocr_carea' id='block_1_114' title="bbox 2011 5559 3585 5639">
    <p class='ocr_par' dir='ltr' id='par_1_114' title="bbox 2011 5559 3585 5639">
     <span class='ocr_line' id='line_1_114' title="bbox 2011 5559 3585 5639; baseline -0.005 -16"><span class='ocrx_word' id='word_1_765' title='bbox 2011 5569 2090 5625; x_wconf 81' lang='lat' dir='ltr'><strong>De</strong></span> <span class='ocrx_word' id='word_1_766' title='bbox 2127 5569 2433 5639; x_wconf 73' lang='lat' dir='ltr'><strong>diﬂ&#39;erentia</strong></span> <span class='ocrx_word' id='word_1_767' title='bbox 2490 5566 2912 5623; x_wconf 77' lang='lat' dir='ltr'><strong>venerandarum</strong></span> <span class='ocrx_word' id='word_1_768' title='bbox 2969 5563 3265 5633; x_wconf 75' lang='lat' dir='ltr'><strong>imaginum</strong></span> <span class='ocrx_word' id='word_1_769' title='bbox 3301 5561 3367 5614; x_wconf 84' lang='lat' dir='ltr'><strong>ab</strong></span> <span class='ocrx_word' id='word_1_770' title='bbox 3399 5559 3585 5617; x_wconf 67' lang='lat' dir='ltr'><strong>idolis.</strong></span> 
     </span>
    </p>
   </div>
   <div class='ocr_carea' id='block_1_115' title="bbox 2084 5650 3621 5730">
    <p class='ocr_par' dir='ltr' id='par_1_115' title="bbox 2084 5650 3621 5730">
     <span class='ocr_line' id='line_1_115' title="bbox 2084 5650 3621 5730; baseline -0.008 -12"><span class='ocrx_word' id='word_1_771' title='bbox 2084 5661 2407 5717; x_wconf 78' lang='lat' dir='ltr'><strong>Venerauda</strong></span> <span class='ocrx_word' id='word_1_772' title='bbox 2444 5661 2624 5730; x_wconf 83' lang='lat' dir='ltr'><strong>imago</strong></span> <span class='ocrx_word' id='word_1_773' title='bbox 2651 5660 2720 5714; x_wconf 88' lang='lat' dir='ltr'><strong>ab</strong></span> <span class='ocrx_word' id='word_1_774' title='bbox 2753 5653 3110 5712; x_wconf 87' lang='lat' dir='ltr'><strong>abominabili</strong></span> <span class='ocrx_word' id='word_1_775' title='bbox 3146 5652 3296 5708; x_wconf 89' lang='lat' dir='ltr'><strong>idolo</strong></span> <span class='ocrx_word' id='word_1_776' title='bbox 3324 5650 3466 5707; x_wconf 87' lang='lat' dir='ltr'><strong>hanc</strong></span> <span class='ocrx_word' id='word_1_777' title='bbox 3491 5651 3621 5706; x_wconf 20' lang='lat' dir='ltr'><strong>lia-7</strong></span> 
     </span>
    </p>
   </div>
   <div class='ocr_carea' id='block_1_116' title="bbox 2010 5745 3583 5821">
    <p class='ocr_par' dir='ltr' id='par_1_116' title="bbox 2010 5745 3583 5821">
     <span class='ocr_line' id='line_1_116' title="bbox 2010 5745 3583 5821; baseline -0.008 -11"><span class='ocrx_word' id='word_1_778' title='bbox 2010 5754 2104 5811; x_wconf 86' lang='lat' dir='ltr'><strong>bet</strong></span> <span class='ocrx_word' id='word_1_779' title='bbox 2140 5753 2529 5817; x_wconf 80' lang='lat' dir='ltr'><strong>diﬁ‘erentiam,</strong></span> <span class='ocrx_word' id='word_1_780' title='bbox 2551 5750 2696 5821; x_wconf 87' lang='lat' dir='ltr'><strong>quod</strong></span> <span class='ocrx_word' id='word_1_781' title='bbox 2727 5748 2949 5820; x_wconf 90' lang='lat' dir='ltr'><strong>quidem</strong></span> <span class='ocrx_word' id='word_1_782' title='bbox 2982 5745 3583 5815; x_wconf 68' lang='lat' dir='ltr'><strong>idolorum&#39;prototypa</strong></span> 
     </span>
    </p>
   </div>
   <div class='ocr_carea' id='block_1_117' title="bbox 2011 5838 3620 5913">
    <p class='ocr_par' dir='ltr' id='par_1_117' title="bbox 2011 5838 3620 5913">
     <span class='ocr_line' id='line_1_117' title="bbox 2011 5838 3620 5913; baseline -0.013 -9"><span class='ocrx_word' id='word_1_783' title='bbox 2011 5856 2141 5904; x_wconf 88' lang='lat' dir='ltr'><strong>sunt</strong></span> <span class='ocrx_word' id='word_1_784' title='bbox 2166 5846 2322 5913; x_wconf 78' lang='lat' dir='ltr'><strong>falsa,</strong></span> <span class='ocrx_word' id='word_1_785' title='bbox 2351 5845 2578 5901; x_wconf 86' lang='lat' dir='ltr'><strong>deorum</strong></span> <span class='ocrx_word' id='word_1_786' title='bbox 2612 5841 2757 5899; x_wconf 84' lang='lat' dir='ltr'><strong>enim</strong></span> <span class='ocrx_word' id='word_1_787' title='bbox 2788 5839 2995 5910; x_wconf 75' lang='lat' dir='ltr'><strong>efﬁgies</strong></span> <span class='ocrx_word' id='word_1_788' title='bbox 3016 5838 3169 5894; x_wconf 78' lang='lat' dir='ltr'><strong>dicta</strong></span> <span class='ocrx_word' id='word_1_789' title='bbox 3195 5848 3360 5893; x_wconf 86' lang='lat' dir='ltr'><strong>sunt:</strong></span> <span class='ocrx_word' id='word_1_790' title='bbox 3391 5850 3443 5890; x_wconf 90' lang='lat' dir='ltr'><strong>at</strong></span> <span class='ocrx_word' id='word_1_791' title='bbox 3473 5849 3583 5891; x_wconf 74' lang='lat' dir='ltr'><strong>non</strong></span> <span class='ocrx_word' id='word_1_792' title='bbox 3611 5877 3620 5883; x_wconf 91' lang='lat'><strong>.</strong></span> 
     </span>
    </p>
   </div>
  </div>
