3992 6418
456 341 593 411 1271

448 545 596 615 quod
638 562 860 604 «omnes
893 549 1138 621 gentium
1194 551 1270 608 dii
1320 561 1450 609 sunt
1473 551 1765 610 daemonia-
1799 573 1819 607 ›
1858 557 2031 613 hono—

448 636 753 695 randarum
801 650 984 697 autem
1033 642 1336 715 imaginum
1376 660 1505 702 vera
1557 655 1683 702 sunt
1729 648 1915 704 omnia
1946 665 2032 704 ar-

450 732 707 805 chetypa.
766 734 944 793 Unius
983 737 1132 793 enim
1183 746 1268 794 est
1318 737 1613 807 Christus;
1649 742 1877 799 alterius
1934 741 2031 797 Dei

452 832 671 893 mater;
703 825 934 882 alterius
962 824 1277 885 Pratcursor
1302 846 1319 894 ;
1341 838 1396 885 et
1426 830 1867 902 uniuscujusque
1906 847 2034 887 san-

452 925 667 972 ctorum
725 918 963 974 aliorum
1006 921 1227 992 aliquis.
1266 921 1514 989 Quorum
1553 939 1687 979 vero
1740 934 2030 996 prototypa

455 1020 585 1065 sunt
641 1010 803 1076 falsa,
861 1028 1051 1069 eorum
1114 1030 1295 1089 neque
1342 1016 1613 1089 imagines
1668 1031 1848 1086 neque
1886 1017 2032 1072 idola

458 1104 618 1174 113
644 1105 795 1172 juste
827 1106 1085 1162 dicantur
1117 1123 1260 1177 esse,
1290 1111 1386 1166 sed
1421 1110 1747 1180 simpliciter
1772 1124 2034 1165 manuum
2080 1122 2083 1125 '

458 1196 747 1252 hominum
796 1214 962 1270 opera
1016 1216 1158 1256 vana
1211 1211 1266 1257 et
1314 1202 1557 1269 inutilia,
1589 1214 1643 1258 et
1672 1213 1835 1259 terra
1868 1202 2037 1259 surda

457 1289 708 1344 materia.
765 1290 834 1346 Et
893 1291 947 1346 in
999 1292 1333 1366 imaginibus
1361 1294 1582 1363 quidem
1614 1303 2036 1366 prototyporum

453 1378 650 1436 forma:
708 1378 1098 1448 ostenduntur,
1157 1387 1215 1440 in
1271 1386 1434 1441 idolis
1481 1401 1611 1442 vero
1660 1400 2034 1457 nequaquam.

452 1470 591 1527 Nam
634 1473 765 1528 idoli
830 1474 983 1533 Jovis
1032 1487 1385 1549 prototypum
1421 1488 1505 1535 est
1555 1478 1764 1546 aether;
1805 1476 2038 1534 Junonis

455 1580 608 1629 vero,
645 1582 774 1631 aer;
813 1566 1073 1638 Neptuni,
1106 1586 1283 1642 aqua;
1314 1570 1558 1639 Cereris,
1602 1583 1748 1629 terra
1784 1587 1801 1638 ;
1831 1570 2041 1642 Apolli-

456 1656 564 1723 nis,
616 1659 739 1723 sol;
782 1659 988 1726 Dianae,
1036 1661 1206 1730 luna;
1240 1662 1452 1729 Martis,
1505 1665 1765 1739 animus;
1816 1663 2038 1727 Bacchi,
2094 1664 2098 1666 ⁷

453 1748 695 1806 ebrietas
727 1768 742 1815 ;
778 1750 1027 1819 Veneris,
1061 1753 1313 1821 lascivia,
1364 1765 1418 1812 et
1472 1756 1733 1813 similiter
1759 1756 1827 1810 de
1865 1754 1990 1809 aliis
2021 1771 2035 1808 :

452 1849 507 1892 rt
538 1841 777 1895 maxime
805 1841 873 1896 de
905 1843 1200 1902 duodecim
1233 1846 1664 1916 antiquioribus.
1687 1845 1835 1901 Idola
1866 1846 2037 1917 igitur

2148 1854 2368 1922 λαγνεία
2392 1893 2407 1918 ,
2459 1854 2555 1906 καὶ
2605 1851 2717 1905 τῶν
2750 1849 2927 1905 ἄλλων
2958 1848 3165 1917 όμοίως
3192 1864 3205 1877 '

456 1932 650 1987 horum
688 1933 936 1989 omnium
969 1936 1267 1991 humanam
1309 1936 1557 1993 referunt
1608 1936 1870 2007 speciem.
1905 1936 2039 2003 Quae

452 2040 597 2087 vero,
617 2025 882 2082 dicuntur
931 2037 1216 2100 prototypa
1256 2030 1447 2084 talium
1480 2030 1809 2101 imaginum,
1840 2029 2036 2099 partim

413 2117 679 2187 .quidem
739 2119 945 2175 habent
995 2119 1243 2176 diversas
1316 2120 1549 2188 formas,
1602 2128 1662 2176 ut
1719 2120 2036 2184 elementa;

453 2210 652 2279 partim
682 2219 811 2265 sunt
847 2212 1075 2268 omnino
1114 2214 1326 2283 absque
1368 2213 1570 2279 forma,
1599 2223 1659 2268 ut
1698 2214 1990 2284 passiones
2022 2228 2038 2279 ;

453 2302 644 2357 omnia
676 2318 809 2360 vero
839 2304 945 2358 vita
993 2306 1239 2362 carentia
1271 2314 1327 2362 et
1358 2307 1726 2362 insensibilia.

902 2394 1057 2452 CAP.
1084 2396 1197 2451 VII.
1222 2397 1297 2451 De
1319 2396 1584 2454 incendio.

1159 2484 1344 2558 Leges.

529 2575 586 2631 Si
637 2577 787 2647 quis,
824 2577 1047 2649 stipulae
1073 2579 1160 2634 sui
1189 2579 1382 2650 praedii
1416 2579 1813 2635 comburendae
1849 2595 2038 2646 causa,

456 2671 535 2726 illi
567 2673 744 2741 ignem
786 2672 1125 2739 immiserit,
1165 2682 1220 2729 et
1251 2673 1395 2746 ignis
1437 2675 1671 2730 ulterius
1710 2688 2041 2745 progressus

456 2761 637 2817 aliena
694 2764 977 2819 exusserit
1034 2763 1265 2833 praedia,
1320 2763 1408 2819 vel
1462 2763 1704 2819 alienum
1771 2765 2039 2826 vinctum,

458 2863 677 2925 vportet
705 2855 1019 2910 audientem
1061 2855 1413 2923 examinare;
1450 2864 1506 2911 et
1553 2856 1600 2911 si
1635 2872 1731 2926 per
1756 2855 2041 2927 negligen-

457 2945 592 3000 tiam
633 2948 721 3000 vel
760 2945 1088 3017 imperitiam
1145 2946 1504 3003 accendentis
1545 2947 1650 3002 iste
1688 2946 1832 3018 ignis
1868 2946 2044 2999 conti-

459 3037 631 3107 gerit,
654 3037 742 3091 vel
779 3039 825 3092 si
877 3052 987 3091 non
1028 3037 1158 3093 totis
1193 3038 1407 3094 viribus
1436 3038 1688 3104 cavebat,
1725 3054 1794 3093 ne
1822 3036 2041 3092 ﬂamma

460 3128 696 3184 ulterius
754 3130 1202 3199 progrederetur,
1253 3138 1314 3185 ut
1374 3131 1659 3203 negligens
1715 3141 1770 3186 et
1814 3131 2043 3200 ignavus

459 3219 584 3273 talis
616 3221 1043 3276 condemnatur.
1077 3220 1134 3274 Si
1166 3235 1299 3276 vero
1341 3221 1527 3276 omnia
1567 3221 1659 3276 ille
1689 3221 2041 3283 observabat,

463 3317 689 3380 repente
730 3319 916 3365 autem
966 3319 1168 3368 ventus
1220 3320 1448 3368 exortus
1495 3313 1638 3383 ignis
1679 3310 1955 3366 ﬂammam
1993 3310 2045 3364 in

460 3401 853 3458 eombustibile
919 3402 1256 3474 immiserit,
1317 3405 1436 3461 sine
1495 3405 1655 3475 culpa
1715 3404 1808 3479 qui
1868 3405 2046 3475 ignem

461 3494 709 3551 accendit
738 3493 1037 3563 iudicatur.
1896 3495 1903 3501 ’

537 3671 596 3728 Si
651 3689 782 3730 casu
837 3674 1024 3744 aliquo
1071 3675 1269 3729 domus
1327 3671 1563 3741 alicujus
1610 3671 1954 3736 incendatur,
1995 3681 2051 3726 et

465 3750 667 3821 exinde
698 3766 838 3837 ignis
852 3780 1183 3830 excurrens,
1207 3765 1515 3834 adjacentia
1545 3763 1823 3826 incendat,
1844 3763 2048 3818 nemini

465 3858 763 3928 subjicitur
799 3858 895 3928 qui
943 3858 1125 3929 primo
1161 3858 1477 3921 incendium
1522 3871 1726 3928 passus
1753 3869 1856 3912 est.
1892 3856 2050 3924 Quod

466 3953 527 4005 tit
559 3965 627 4006 ex
652 3964 784 4007 casu
820 3950 1160 4015 incendium,
1193 3952 1554 4006 condonatur.

538 4043 642 4112 Qui
676 4045 901 4099 domum
921 4042 1008 4099 vel
1042 4043 1362 4099 thesaurum
1396 4044 1563 4099 tritici
1589 4042 1828 4098 scienter
1860 4043 2051 4099 inccn-

465 4135 569 4200 dit,
603 4136 780 4207 primo
813 4135 1158 4202 verberatus,
1185 4134 1387 4191 deinde
1421 4136 1803 4189 comburatur.
1888 4166 1899 4180 ο

542 4227 646 4297 Qui
675 4230 905 4284 domum
944 4228 1180 4300 alicujus
1220 4242 1319 4300 per
1343 4226 1531 4283 dolum
1571 4226 1839 4292 incendit,
1876 4227 2055 4299 capite

467 4320 758 4396 puniatur.
2026 4318 2027 4321 “

544 4415 604 4469 Si
644 4415 795 4483 quis,
836 4411 1098 4468 incendio
1135 4410 1303 4480 facto,
1335 4419 1396 4467 ut
1425 4410 1703 4483 propriam
1742 4419 2053 4471 conservet,

884 433 921 440 η
1653 356 2029 421 ΜΑΤΤΗᾸιΙ
2071 339 2497 424 BLAs'rARts

448 459 678 552 deorum
726 464 879 525 sunt,
936 458 1033 517 sed
1088 458 1423 531 daemonum,
1454 470 1519 518 ut
1572 462 1708 520 dicit
1746 466 2056 537 Propheta,

2148 469 2270 529 ιίναι
2293 473 2589 544 λεγόμενα,
2634 475 2699 530 ού
2737 474 2899 543 θεῶν,
2958 478 3094 533 ἀλλά
3132 479 3394 550 δαιμόνων
3439 484 3664 552 εἰσὶν,ὦς

3553 367 3665 437 i272

2135 580 2305 636 φησιν
2336 566 2365 618 6
2393 565 2708 636 προφήτης,
2754 565 2839 639 ὅτι
2876 584 2897 619 ι
2931 567 3135 632 πάντες
3170 570 3216 622 οἰ
3260 567 3368 622 θεοί
3391 569 3492 622 τῶν
3530 571 3668 625 ἐθνῶν

2132 656 2389 726 δαιμόνια
2410 671 2423 685 ·
2438 673 2457 707 ι
2486 654 2596 710 τῶν
2613 656 2670 709 δὲ
2695 657 2894 727 τιμίων
2916 656 3142 713 εἰκόνων
3160 657 3327 729 ἀληθῆ
3347 658 3409 712 τά
3427 659 3669 730 ἀρχέτυπα

2135 750 2338 803 πάντα.
2365 749 2482 818 Τῆς
2508 748 2607 819 μὲν
2629 749 2737 821 γὰρ
2771 753 2798 803 6
2816 749 3075 820 Χριστὸς,
3095 750 3194 821 τῆς
3237 750 3291 805 δὲ
3318 751 3349 819 ή
3377 751 3671 829 Θεομήτωρ·

2135 840 2237 912 τῆς
2281 841 2338 894 δὲ
2368 843 2395 893 6
2425 842 2765 913 Πρόδρομος·
2787 842 2883 895 καὶ
2904 841 3149 911 ἑκάστης
3167 842 3388 906 ἕκαστος
3402 842 3500 895 τῶν
3524 843 3672 898 ἄλλων

2137 935 2332 999 ἁγίων.
2365 929 2471 988 Ἦν
2507 934 2563 988 δὲ
2613 934 2684 988 τὰ
2742 918 3085 1005 πρωτότυπα
3131 934 3325 1003 ψευδῆ,
3357 933 3551 987 τούτων
3574 935 3674 988 οὐδὲ

2138 1027 2367 1092 εἰκόνες,
2395 1026 2518 1080 οὐδὲ
2554 1025 2755 1080 εἴδωλα
2783 1024 3012 1094 λέγοιντ’
3037 1024 3103 1079 ἂν
3126 1023 3363 1089 δικαίως,
3388 1021 3493 1075 ἀλλ’
3514 1022 3673 1086 ἁπλῶς

2138 1118 2278 1189 ἔργα
2307 1118 2510 1189 χειρῶν
2545 1117 2852 1190 ἀνθρώπων
2909 1116 3119 1185 μάταια
3165 1115 3262 1168 καὶ
3294 1115 3544 1185 ἄχρηστα,
3597 1114 3677 1166 καὶ

2139 1213 2242 1282 γῆς
2256 1197 2375 1280 ’ῦλη
2400 1212 2556 1279 κωφή
2581 1225 2595 1242 ⁸
2633 1210 2728 1265 καὶ
2748 1211 2872 1273 ταῖς
2910 1208 3011 1280 μὲν
3049 1210 3257 1262 εἰκόσιν
3280 1209 3332 1260 αἰ
3366 1206 3556 1277 μορ-ραι
3584 1203 3675 1257 τῶν

2140 1301 2519 1374 πρωτοτύπων
2553 1299 2938 1370 ὲμφαίνονται,
2993 1301 3106 1361 τοῖς
3159 1296 3394 1360 εἰδώλοις
3449 1296 3501 1348 δὲ
3548 1295 3678 1349 οὐδα-

2145 1394 2287 1466 μῶς.
2319 1393 2428 1448 Τοῦ
2460 1392 2561 1463 μὲν
2589 1391 2699 1461 γὰρ
2740 1390 2962 1444 εἰδώλου
3012 1389 3106 1444 τοῦ
3145 1388 3264 1451 Διὸς
3293 1387 3617 1459 πρωτότυπον
3656 1384 3679 1435 ὁ

2140 1489 2307 1560 αἰθήρ
2332 1505 2346 1520 ·
2377 1487 2477 1557 τῆς
2536 1486 2592 1540 δὲ
2621 1484 2827 1555 Ἥρας,
2868 1485 2897 1538 6
2929 1484 3039 1553 ἀήρ
3062 1499 3077 1513 υ
3125 1480 3221 1535 τοῦ
3252 1478 3585 1542 Ποσειδῶνος.
3632 1478 3682 1529 τὸ

2144 1579 2325 1649 ὕδωρο
2371 1580 2470 1647 τῆς
2533 1576 2854 1647 Δήμητρας,
2904 1575 2938 1644 ἡ
2995 1573 3103 1642 γῆ·
3150 1571 3246 1626 τοῦ
3297 1568 3680 1632 Ἀπόλλωνος,ό

2141 1672 2328 1743 ἥλιος·
2382 1670 2483 1737 τῆς
2554 1667 2897 1738 Ἀρτέμιδος,
2936 1669 2970 1737 ἡ
3009 1665 3246 1738 σελήνηο
3300 1662 3393 1717 τοῦ
3427 1659 3684 1727 ’Ἄρεως-,ό

2146 1762 2349 1831 θυμός’
2392 1760 2487 1814 τοῦ
2544 1758 2828 1823 Διονύσου,
2886 1758 2919 1829 ή
2953 1757 3134 1828 μέθη·
3177 1755 3274 1827 τῆς
3318 1751 3684 1824 Ἀφροδίτης,ή

3257 1845 3351 1901 καὶ
3380 1843 3567 1913 μᾶλλον
3596 1841 3684 1893 τῶν

2138 1945 2347 1999 δώδεκα
2372 1942 2485 1998 τῶν
2539 1942 2940 2012 παλαιοτέρων.
3000 1941 3084 1994 Τὰ
3120 1939 3218 2010 μὲν
3253 1937 3346 1992 οῦν
3376 1934 3559 1989 εἴδωλα
3582 1932 3685 1985 τού-

2138 2054 2248 2090 των
2278 2039 2497 2092 πάντων
2522 2035 2973 2106 ἀνθρωπόμορφα
2995 2051 3009 2065 '
3060 2034 3133 2087 τά
3171 2032 3229 2086 δὲ
3272 2029 3533 2099 λεγόμενα
3559 2042 3685 2096 πρω-

2140 2131 2351 2183 τότυπα
2380 2128 2489 2183 τῶν
2510 2127 2774 2181 τοιούτων
2802 2125 3036 2180 εἰδώλων
3063 2167 3077 2190 ,
3134 2125 3203 2178 τὰ
3239 2123 3336 2192 μὲν
3361 2119 3686 2192 ὲτερόμορφαο

2141 2224 2284 2291 λέγω
2310 2221 2375 2293 δὴ
2404 2222 2473 2274 τὰ
2503 2221 2769 2290 στοιχεῖα,
2794 2218 2867 2272 τά
2897 2217 2955 2271 δὲ
2998 2216 3284 2278 παντελῶς
3318 2214 3549 2285 ἄμορφα,
3570 2208 3687 2278 φημί

2141 2312 2207 2381 δὴ
2229 2311 2294 2365 τὰ
2325 2311 2472 2381 πάθη
2493 2328 2506 2342 ·
2550 2310 2731 2363 πάντα
2755 2307 2995 2372 δὲάζωα
3026 2308 3122 2361 καί⁶
3155 2304 3476 2372 ἀναίσθητα.

2477 2400 2734 2457 ΚΕΦΑΛ.
2754 2401 2828 2454 Z’.
2858 2398 2997 2468 Περί
3025 2394 3413 2473 ιέῖμστέγηωνθμοὶ)ὅ

2332 2560 2335 2563 _
2824 2491 3041 2559 Νόμος.

2215 2586 2284 2640 Et
2313 2603 2396 2648 τις
2428 2583 2688 2653 καλάμην
2746 2582 2842 2635 τοῦ
2893 2579 3027 2633 ἰδίου
3063 2577 3350 2649 χωραφίου
3405 2573 3689 2645 βουλόμενος

2142 2680 2370 2741 καῦσαι,
2422 2675 2647 2730 ἐνέϐαλε
2678 2672 2803 2728 κατ’
2830 2670 2999 2728 αὐτοῦ
3035 2668 3176 2740 πῦρ,
3200 2669 3261 2722 τὸ
3288 2667 3346 2721 δὲ
3378 2665 3481 2736 πῦρ
3505 2662 3586 2715 καί
3612 2674 3691 2712 πε-

2146 2771 2384 2843 ραιτέρω
2422 2768 2686 2842 προελθὸν
2714 2766 2783 2819 τὰ
2811 2763 3068 2834 ἀλλότρια
3099 2742 3410 2817 κατέκαυσέ
3449 2754 3687 2843 χωράφια,

2143 2841 2176 2937 ἦ
2207 2841 2611 2932 τδννάλλότριον
2638 2857 2968 2930 ἀμπελῶνα,
2999 2854 3084 2908 δεῖ
3113 2853 3211 2907 τὸν
3241 2849 3511 2921 ἀκροατὴν
3536 2841 3692 2909 ἕξεται
3744 2841 3747 2845 ’

2143 2954 2295 3019 ζειν·
2344 2952 2442 3005 καὶ
2484 2951 2534 3003 εἰ
2592 2948 2694 3020 μὲν
2751 2945 2894 3000 κατά
2943 2944 3220 3017 ρᾳθυμίαν
3266 2938 3579 3014 ἢάπειρξαν
3616 2948 3693 2986 “Iov

2144 3044 2450 3110 ἀνάψαντος
2497 3042 2557 3094 τὸ
2583 3040 2695 3112 πῦρ
2727 3038 2884 3093 τοῦτο
2912 3037 3167 3106 γέγονεν,
3208 3033 3241 3107 ἢ
3282 3035 3333 3087 εἰ
3367 3033 3440 3104 μὴ
3483 3042 3695 3099 παρεφυ-

2146 3136 2353 3202 λάξατο
2376 3137 2529 3206 πάσῃ
2578 3131 2834 3202 δυνάμει,
2871 3129 2967 3183 τοῦ
3005 3128 3082 3199 μὴ
3116 3126 3409 3198 προελθεῖν
3436 3122 3528 3182 τὴν
3551 3119 3696 3190 φλόγα

2150 3228 2488 3302 περαιτέρω,
2521 3225 2597 3288 ὼς
2628 3223 2912 3293 ἀμελήσας
2950 3222 2978 3273 ὁ
3011 3218 3260 3282 τοιοῦτος
3289 3218 3381 3272 καὶ
3411 3212 3697 3302 ρᾳθυμήσεξς

2150 3299 2606 3384 καταδικάζεται.
2636 3318 2701 3370 Εἰ
2728 3315 2786 3368 δὲ
2827 3314 3007 3369 πάντα
3042 3311 3143 3382 μὲν
3170 3312 3381 3371 ἐκεῖνος
3412 3299 3695 3376 παρεφυλά-

2153 3416 2300 3481 ξατο,
2344 3411 2541 3483 ἀθρόον
2587 3409 2646 3465 δὲ
2677 3406 2894 3477 πνεῦμα
2942 3402 3265 3476 προσπεσὸν
3293 3402 3391 3470 τὴν
3436 3397 3524 3452 τοῦ
3554 3392 3700 3483 πυρδς

2152 3479 2331 3578 excire.
2360 3479 2454 3558 ἐπὶ
2494 3501 2588 3554 τὸν
2624 3497 2935 3571 βλαφθέντα
2992 3495 3353 3566 μετήνεγκεν,
3388 3479 3701 3545 ἀνεύθυνοςδ

2151 3598 2212 3651 τὸ
2234 3598 2347 3665 πῦρ
2367 3594 2578 3663 ἀνάψας
2611 3590 2873 3646 διατελεῖ.

2236 3688 2366 3742 Ἐὰν
2413 3686 2522 3741 ἀπό
2547 3700 2693 3747 τινος
2721 3682 2894 3753 τύχης
2925 3677 3073 3744 οἰκός
3116 3696 3268 3743 τινος
3299 3671 3597 3747 ἐμπρησθῇ,
3623 3666 3703 3721 κά-

2146 3756 2336 3838 κεῖθεν
2359 3780 2420 3832 τὺ
2440 3777 2553 3849 πῦρ
2592 3776 2869 3847 ὲκδραμδν
2888 3773 2956 3828 τά
2988 3760 3701 3849 συμπαρακείμεναεμπρήέ

2156 3892 2252 3945 σῃ,
2293 3854 2446 3925 οὐδὲν
2474 3846 2765 3923 ὑπόκειται
2819 3866 2848 3918 6
2890 3864 3012 3919 κατ’
3043 3862 3225 3933 ἀρχὰς
3265 3846 3611 3929 ἐμπρησθείς.
3653 3846 3699 3897 '0

2154 3964 2301 4022 κατὰ
2331 3964 2506 4036 τύχην
2537 3960 2832 4032 γενόμενος
2862 3955 3203 4028 ἑμπρησμὺς
3251 3950 3678 4020 συγγινώσκεται.

2234 4053 2298 4111 Ὀ
2344 4054 2525 4117 οἰκίαν
2559 4052 2593 4122 ἢ
2647 4049 2823 4119 σωρὸν
2861 4048 3013 4101 σίτου
3041 4043 3259 4107 καύσας
3304 4044 3362 4095 ὲν
3388 4038 3598 4108 εἰδήσει,
3621 4045 3701 4081 τυ·

2157 4145 2315 4215 φθείς
2354 4146 2620 4213 πρότερον
2645 4140 3019 4211 πυρίκαυστος
3047 4136 3287 4204 γίνεται.

2243 4239 2304 4292 Ὅ
2339 4235 2484 4292 κατά
2512 4234 2665 4290 δόλον
2696 4230 2909 4295 καύσας
2933 4223 3085 4284 οἰκόν
3111 4243 3287 4294 τινος,
3316 4218 3613 4294 κεφαλικῶς
3641 4229 3706 4266 τι-

2164 4334 2455 4405 μωρεῖται.

2230 4397 2300 4477 Εἰ
2336 4439 2421 4484 τις
2468 4415 2804 4491 ἐμπρησμοῦ
2850 4413 3173 4484 γενομένου,
3230 4408 3320 4463 διὰ
3348 4407 3411 4462 τδ
3448 4397 3709 4491 σῶσαι

470 4506 642 4564 vicini
677 4507 902 4562 domum
947 4505 1307 4573 subverterit,
1341 4517 1524 4561 cessat
1554 4505 1642 4560 lex
1678 4505 1897 4575 Aquilia
1937 4504 2055 4559 sive

2166 4516 2302 4570 ῐδιον
2335 4487 2514 4575 οἷκον,
2542 4487 2913 4579 καταστρέψει
2942 4505 3038 4558 τὸν
3075 4503 3173 4558 τοῦ
3224 4502 3512 4591 γείτονοςὶ
3534 4487 3712 4591 ἀργεῖό

473 4603 763 4669 danmum,
822 4601 938 4656 sive
974 4598 1118 4672 ignis
1153 4597 1523 4669 praecesserit,
1581 4597 1699 4653 sive
1765 4595 1921 4667 prius
1964 4610 2062 4649 ex-

472 4694 713 4752 stinctus
746 4696 842 4751 sit.

861 4786 1018 4844 CAP.
1051 4784 1191 4842 VIII.
1217 4785 1292 4841 De
1323 4782 1669 4854 emphgteusi.

547 4880 745 4949 Quaere
785 4879 841 4935 in
896 4878 964 4935 16
995 4893 1118 4948 cap.
1157 4876 1444 4950 praesentis
1473 4876 1695 4941 litterae,
1728 4887 1856 4929 can.
1890 4871 1958 4925 12
1988 4887 2060 4927 rit

472 4975 692 5045 synodL

1040 5120 1047 5129 ,
1204 5062 1335 5119 Lex.

548 5161 865 5218 Centesima
907 5173 1041 5215 vero
1082 5164 1138 5212 et
1178 5154 1442 5211 vicesima
1493 5151 1788 5210 Iustiniani
1850 5151 2062 5207 novella

479 5253 557 5310 ait
579 5269 593 5311 :
614 5249 1006 5309 lnterdicimus
1042 5247 1373 5314 oeconomis,
1405 5254 1461 5302 et
1493 5244 2060 5306 administratoribus,

479 5355 536 5401 et
568 5341 926 5401 chartulariis
977 5339 1375 5396 venerabilium
1425 5339 1740 5404 domorum,
1780 5344 1834 5390 et
1868 5350 2061 5390 eorum

480 5438 810 5510 parentibus
842 5442 898 5490 et
925 5434 1139 5499 liberis,
1173 5434 1257 5489 vel
1286 5433 1412 5488 aliis
1443 5431 1724 5486 amnitatis
1751 5429 1875 5498 jure
1908 5428 2067 5483 aliter

482 5528 817 5601 conjunctis,
853 5527 1246 5599 empltyteuses
1275 5536 1330 5581 et
1355 5524 1660 5578 locationes
1683 5521 1769 5576 vel
1794 5521 2064 5592 hypotlie-

482 5639 577 5679 cas
611 5637 796 5677 rerum
852 5619 1245 5683 immobilium,
1297 5633 1420 5688 qua;
1454 5617 1518 5670 ad
1556 5616 1677 5670 illas
1725 5615 2066 5670 venerabiles

487 5714 682 5770 domos
706 5713 1003 5785 pertinent,
1033 5711 1242 5772 subire,
1278 5710 1361 5763 vel
1397 5725 1490 5779 per
1526 5723 1604 5772 se,
1641 5708 1726 5762 vel
1760 5724 1855 5778 per
1891 5708 2065 5762 inter-

498 5806 702 5875 positas
734 5820 1017 5876 personas,
1046 5803 1173 5874 quia
1206 5802 1418 5856 irritam
1452 5817 1571 5856 esse
1597 5801 2056 5870 permutationem

2177 4601 2503 4664 ’Δκουῖλιος,
2554 4599 2676 4669 ἢτοι
2729 4597 2763 4669 ή
2820 4594 3020 4666 ζημία,
3079 4593 3190 4646 εῖτε
3237 4591 3302 4645 τὸ
3333 4588 3442 4660 πῦρ
3488 4583 3710 4656 ἔφθασεν,

2166 4694 2279 4751 εἴτε
2308 4691 2679 4765 προεσϐέσθη.

2436 4786 2693 4841 ΚΕΦΑΔ.
2726 4778 2812 4836 H’.
2856 4778 2996 4847 Περὶ
3021 4774 3470 4846 ἐμφυτεύσεως.

2239 4879 2401 4950 Ζήτει
2449 4878 2507 4930 ὲν
2538 4874 2617 4947 τῷ
2650 4881 2727 4940 ις’
2757 4890 2885 4942 κεφ.
2915 4870 3012 4926 τοῦ
3040 4870 3317 4941 παρόντος
3351 4861 3606 4933 στοιχείου
3631 4873 3712 4910 καί

2168 4971 2300 5028 νόνα
2331 4969 2403 5024 ιδ’
2432 4969 2536 5041 τῆς
2561 4967 2608 5034 ζ’
2641 4967 2889 5022 συνόδου.

2842 5059 3071 5128 Νόμος.

2249 5155 2316 5209 Ἦ
2354 5154 2411 5210 δὲ
2445 5160 2526 5226 ρκ’
2570 5154 3003 5217 Ἶουστινιάνειος
3058 5152 3250 5220 νεαρά,
3285 5140 3711 5217 ’Λπαγορεύομενν

2170 5251 2323 5319 φησι.
2357 5250 2472 5312 τοῖς
2499 5246 2826 5316 οἰκονόμοις,
2866 5247 2961 5300 καὶ
3005 5245 3333 5312 διοικηταῖς,
3389 5240 3483 5294 καὶ
3518 5245 3712 5319 χαρτουξ

2165 5342 2377 5414 λαρίοις
2400 5341 2512 5395 τῶν
2543 5338 2759 5408 εὐαγῶν
2784 5338 2950 5393 οῖκων
2975 5377 2988 5403 ,
3018 5338 3253 5399 καὶτοῖς
3305 5332 3486 5389 αὐτῶν
3523 5317 3710 5396 γονεῦσί

2167 5451 2229 5487 τε
2264 5424 2363 5488 καὶ
2391 5434 2602 5494 παισὶν,
2644 5431 2677 5502 ἢ
2735 5429 2881 5484 κατά
2913 5428 3073 5497 γένος
3120 5425 3298 5489 ἄλλως
3352 5422 3709 5495 προσήκουσιν.

2169 5521 2536 5594 ἐμφυτεύσεις
2564 5538 2624 5574 τε
2652 5520 2749 5575 καὶ
2782 5518 3098 5590 μισθώσεις,
3119 5519 3289 5588 ἤγουν
3319 5513 3586 5581 ὑποθήκας
3613 5505 3713 5556 ἀκι-

2169 5616 2348 5685 νήτων
2376 5614 2859 5683 πραγμάτων,τοῖς
2890 5612 3073 5672 αὐτοῖς
3090 5607 3353 5676 εὐαγὲσιν
3381 5605 3543 5665 οῖκοις
3570 5610 3713 5685 1:99?-

2168 5683 2436 5776 ηκόντων,
2507 5705 2837 5767 ὑπεισιέναι,
2866 5704 2899 5773 ἦ
2934 5700 3000 5755 δι’
3032 5698 3264 5762 ἑαυτῶν,
3299 5698 3334 5769 ἢ
3365 5695 3451 5750 διὰ
3478 5683 3714 5776 mpeer

2170 5769 2278 5852 των
2303 5769 2631 5867 προσώπων,
2668 5797 2791 5848 ἐπεὶ
2833 5769 3124 5864 ἀνίσχυρον
3187 5782 3329 5842 εἶναι
3360 5779 3637 5850 κελεύομεν
3659 5769 3708 5825 τὸ
