3992 6394
359 377 499 442 1273

1304 346 1739 446 smmum
1782 387 2417 450 ALPHABETICUM.
2458 415 2527 426 —
2569 390 2638 449 E.

3499 386 3636 453 1274

358 496 717 567 συνάλλαγμα
738 514 751 528 ·
786 496 884 552 καὶ
910 494 1203 551 ἐκπίπτειν
1230 496 1333 567 μέν
1355 496 1448 552 τὸν
1470 499 1956 570 ἐμφυτευσάμενον

2072 496 2316 560 ‘ubemus
2347 522 2360 559 :
2396 512 2453 559 et
2477 504 2698 574 quidem
2728 502 3140 575 emphyteutam
3166 511 3219 558 et
3246 502 3636 559 conductorem

357 591 452 643 καὶ
478 587 972 660 ἐκμισθωσάμενον
1002 588 1098 642 τοῦ
1129 589 1559 659 ἐμφυτευθέντος
1591 591 1941 664 πράγματος,

354 682 689 752 ζημιοῦσθαι
720 682 776 736 δὲ
829 682 926 737 καὶ
958 684 1060 753 τὴν
1104 682 1545 752 καταϐληθεῖσαν
1586 688 1665 749 εἰς
1699 685 1835 739 αὐτὸ
1868 704 1947 739 τι-

360 774 468 844 μήν
490 787 505 804 ⁸
534 773 663 836 τοὺς
697 774 755 827 δὲ
787 774 887 845 τὴν
914 774 1169 844 τοιαύτην
1199 777 1535 845 ἐμφύτευσιν
1564 776 1947 847 διαπραξαμέ-

356 882 481 930 νους
537 867 860 936 οἰκονόμους
903 867 1155 921 τοσοῦτον
1187 868 1521 938 ζημιοῦσθαι
1558 869 1651 920 καὶ
1703 884 1947 938 προσκυ-

359 958 590 1029 ροῦσθαι
642 959 720 1030 τῷ
756 961 911 1031 οῖκῳ,
942 961 1077 1029 ὅσην
1107 961 1200 1014 καὶ
1248 961 1277 1013 ό
1306 962 1793 1031 ἐμφυτευσάμενος
1847 962 1946 1026 τῆς

356 1052 798 1124 καταϐληθείσης
827 1055 992 1124 τιμῆς
1027 1052 1236 1121 ὑπέστη
1271 1051 1495 1123 ζημίαν.
1530 1053 1593 1106 El
1620 1053 1676 1106 δὲ
1704 1055 1735 1123 ἡ
1768 1051 1940 1123 ἐμφύ-

358 1161 541 1207 τευσις
607 1143 752 1197 κατὰ
803 1143 961 1211 λόγον
1013 1143 1312 1214 πραχθείη,
1369 1143 1460 1197 τὸν
1506 1141 1855 1214 ἐμφυτευτὴν
1887 1142 1946 1195 τὺ

357 1238 568 1290 πάκτον
595 1237 773 1289 τελεῖν
806 1235 948 1293 κατὰ
974 1235 1075 1307 τὴν
1116 1236 1349 1306 δύναμιν
1377 1235 1488 1291 τῶν
1522 1233 1945 1307 ἐμφυτευτικῶν

361 1346 428 1380 συ
438 1330 739 1400 μεολαίων.

432 1422 500 1474 Ai
530 1423 758 1492 κτήσεις
792 1423 903 1476 τῶν
934 1423 1148 1492 εύαγῶν
1199 1422 1368 1477 οἴκων
1406 1420 1663 1475 δύνανται
1722 1418 1946 1491 μισθοῦ·

361 1511 485 1565 σθαι
510 1512 1056 1584 καὶέμιρυτεύεσθαι,
1110 1516 1330 1568 πάντων
1363 1516 1473 1566 τῶν
1506 1512 1813 1584 μοναχῶνῆ
1839 1513 1946 1566 τῶν

346 1606 638 1676 κληρικῶν
667 1609 724 1660 ἐν
750 1608 827 1678 τῷ
863 1606 1181 1678 συμϐολαίῳ
1207 1608 1308 1675 τῆς
1335 1606 1594 1677 πράξεως
1632 1606 1949 1660 συναινούν-

357 1717 491 1766 των,
532 1699 625 1753 καὶ
655 1700 1037 1770 φανερούντων
1065 1701 1373 1771 συμφέρειν
1392 1699 1451 1753 τὸ
1479 1700 1786 1771 γινόμενον.

2056 613 2172 651 rem
2202 597 2256 651 in
2292 597 2677 670 emphyteusin
2721 596 2903 651 datam
2951 598 3225 659 amittere,
3266 607 3318 650 ct
3363 598 3538 667 pretio
3581 599 3639 651 in

2054 706 2176 745 eam
2204 690 2463 759 imposito
2488 690 2744 757 multari;
2776 689 2898 743 illos
2921 699 3105 744 autem
3132 690 3224 758 qui
3248 690 3407 756 talem
3433 689 3641 744 faciunt

2053 780 2436 853 em‘phyteusin
2466 796 2806 845 tecouomos,
2847 791 3059 836 tantum
3083 784 3192 851 pati
3214 774 3473 837 damnum
3494 784 3639 853 quod

2055 871 2221 927 domo
2257 871 2621 942 adjudicetur,
2663 885 2934 944 quantum
2965 876 3130 929 etiam
3182 876 3275 944 qui
3313 877 3378 929 ad
3414 879 3643 948 empby-

2057 963 2238 1018 teusin
2281 966 2559 1020 concessit
2612 966 2859 1035 impositi
2908 968 3066 1036 pretii
3106 969 3372 1021 damnum
3415 969 3641 1025 subivit.

2058 1055 2115 1111 Si
2146 1071 2276 1111 vero
2302 1057 2462 1126 juxta
2487 1058 2757 1112 rationem
2775 1061 2834 1113 lit
2858 1061 3258 1132 empbyteusis,
3284 1063 3639 1134 emphyteuta

2057 1156 2275 1217 pactum
2309 1158 2551 1217 praestet,
2592 1150 2895 1205 secundum
2932 1153 3040 1206 vim
3082 1162 3369 1223 pactorum
3417 1154 3643 1225 emplty-

2060 1243 2413 1297 tcuticorum.

2131 1424 2292 1496 114
2311 1425 2695 1481 Possessiones
2712 1426 3109 1481 venerabilium
3130 1428 3421 1483 domorum
3440 1428 3642 1484 elocari

2055 1529 2112 1572 et
2144 1518 2196 1571 iu
2229 1517 2615 1587 empbytcusin
2658 1519 2882 1573 concedi
2932 1529 3183 1589 possunt,
3223 1521 3267 1575 si
3301 1537 3491 1577 omnes
3530 1538 3647 1577 mo-

2057 1610 2220 1665 nachi
2252 1611 2333 1665 vel
2354 1612 2538 1666 clerici
2568 1612 2635 1666 ad
2658 1612 3091 1668 confirmandam
3113 1615 3386 1669 actionem
3412 1632 3648 1671 consen-

2059 1702 2217 1767 tiant,
2249 1710 2303 1757 et
2340 1703 2637 1759 ostendant
2668 1705 2820 1771 illud,
2869 1706 3019 1775 quod
3048 1705 3255 1761 factum
3305 1716 3411 1772 est,
3445 1723 3646 1763 conve-

2058 1810 2201 1849 mre.

447 1877 505 1931 '0
561 1878 911 1951 ἐμφυτευτὴς
971 1880 1067 1933 καὶ
1113 1880 1466 1950 ἐκμισθωτὴς
1530 1880 1623 1934 ἐπὶ
1660 1879 1868 1933 διετίαν
1917 1881 1949 1953 ἢ

2131 1887 2186 1943 Si
2229 1889 2583 1960 emphyteuta
2632 1899 2686 1944 et
2720 1892 3027 1948 conductor
3081 1909 3178 1963 per
3226 1894 3509 1949 biennium
3559 1895 3646 1950 vel

360 1970 603 2040 τριετίαν
635 1972 973 2042 ἀγνωμονῶν
1007 1976 1138 2044 περὶ
1164 1974 1224 2027 τὸ
1252 1974 1469 2044 ἐτήσιον
1498 1974 1727 2039 πάκτον,
1762 1974 1794 2045 ἢ
1833 1977 1951 2043 χεῖ-

365 2077 459 2133 ρον
494 2061 669 2115 ποιῶν
699 2062 761 2113 τὸ
812 2064 1070 2132 πρᾶγμα,
1137 2063 1490 2117 ἐκϐαλλέσθω
1537 2065 1635 2134 τῆς
1674 2064 1951 2133 ἐμφυτεύ-

366 2171 524 2218 σεως,
560 2155 633 2225 μὴ
689 2155 989 2228 δυνάμενος
1025 2156 1153 2228 περ)⁵
1193 2159 1293 2228 τῆς
1323 2157 1592 2227 ἐργασίας
1635 2161 1808 2211 κινεῖν
1855 2157 1949 2210 τοῦ

363 2228 538 2318 ἀγροῦ
561 2266 575 2280 ο
609 2249 709 2302 οὐκ
750 2249 1075 2303 ἐκϐάλλεται
1128 2251 1207 2314 δὲ,
1236 2251 1322 2319 ἐφ’
1352 2250 1475 2302 ὅσον
1511 2251 1699 2303 δίδωσι
1748 2249 1807 2302 τὸ
1835 2250 1952 2320 ὀρι-

366 2337 496 2390 σθέν
538 2336 770 2401 πάκτον,
802 2339 851 2391 εἰ
894 2339 992 2393 καὶ
1041 2339 1195 2411 παρὰ
1223 2338 1318 2393 τοῦ
1365 2340 1630 2412 δημοσίου
1657 2340 1952 2410 ἐνεφυτεύ-

367 2448 521 2485 σατο.
654 2439 677 2457 ⁹
808 2480 837 2485 _

438 2524 512 2576 Ού
543 2523 769 2578 δύναται
805 2523 1060 2577 ἐκϐαλεῖν
1110 2524 1314 2577 ἄκοντα
1346 2521 1439 2576 τὸν
1470 2521 1895 2593 μισθωσάμενον
1924 2523 1954 2575 ὁ

367 2612 674 2685 μισθώσας,
729 2613 832 2667 κᾶν
864 2614 1021 2677 ἄλλος
1080 2614 1306 2670 πλείονα
1326 2618 1522 2669 τούτου
1564 2614 1839 2686 εἰσαγάγῃ
1867 2631 1956 2683 μι-

367 2706 659 2777 σθώματα,
693 2706 940 2773 δηλονότι
991 2705 1100 2777 πρὸ
1126 2705 1221 2760 τοῦ
1254 2707 1569 2779 ὡρισμένου
1604 2707 1824 2778 χρόνου,
1860 2707 1955 2760 καὶ

364 2801 464 2855 ἐὰν
492 2802 811 2874 εὐγνωμονῇ
838 2804 1046 2868 ἐκεῖνος
1075 2803 1206 2874 περὶ
1228 2801 1258 2855 δ
1298 2802 1621 2873 ὡμολόγησε
1650 2799 1835 2854 δοῦναι
1863 2799 1956 2869 μί-

371 2892 591 2963 σθωμα.

365 3005 622 3061 ΚΕΦΔΛ.
644 3006 722 3060 6’.
742 3004 883 3076 Περὶ
898 3004 1250 3076 ἐνδυμάτων
1265 3004 1566 3076 ἀρμοδίων
1583 3004 1709 3072 τοῖς
1721 3005 1959 3077 ἱερωμέ-

1077 3093 1231 3143 νοις.

449 3170 510 3225 Ὀ
540 3170 623 3237 κζ’
649 3173 750 3243 τῆς
780 3172 840 3237 ς’
868 3170 1086 3224 συνόδου
1120 3168 1323 3232 κανὼν.
1352 3171 1562 3241 Μηδεὶς
1589 3169 1699 3223 τῶν
1734 3171 1792 3223 ἐν
1820 3170 1957 3242 κλή-

367 3262 941 3338 ρῳκατειλεγμένων,
994 3263 1182 3335 φησὶν,
1238 3262 1512 3316 ἀνοίκειον
1563 3262 1958 3333 ἀμφιεννύσθω

366 3356 596 3430 χιτῶνα,
640 3355 766 3427 μήτ’
790 3358 849 3408 ἐν
876 3355 1032 3409 πόλει
1059 3355 1286 3423 διάγων,
1320 3356 1458 3426 μήτε
1485 3355 1592 3425 μὴν
1635 3358 1693 3408 ἐν
1722 3355 1827 3425 ὁδῷ
1858 3355 1959 3425 βα-

365 3452 555 3518 δίζων,
606 3449 744 3504 ἀλλὰ
795 3449 959 3520 στολῇ
1017 3448 1331 3519 κεχρήσθω,
1378 3448 1497 3518 ἢνὸ
1545 3448 1737 3520 χρόνος
1795 3450 1954 3520 καὶὴ

370 3544 630 3611 συνήθεια
685 3541 1008 3613 συμϐαίνειν
1042 3540 1119 3612 τῷ
1148 3542 1258 3593 τῶν
1316 3539 1597 3612 κληρικῶν
1623 3540 1831 3605 ἐδίδαξε
1862 3542 1958 3595 τά-

367 3635 641 3707 γματι.⁹0
663 3634 719 3689 δὲ
746 3634 876 3703 περὶ
908 3631 1192 3703 ἐλαχίστου
1221 3632 1502 3701 τιθέμενος
1529 3632 1624 3685 τοῦ
1651 3637 1959 3704 προσήκον-

365 3747 460 3794 τος
492 3728 684 3783 τούτου
721 3729 999 3797 σχήματος
1044 3725 1145 3796 τὴν
1192 3725 1505 3795 συνήθειαν,
1559 3727 1653 3780 ἐπὶ
1686 3726 1960 3798 ἐϐδομάδα

371 3821 505 3895 μίαν
535 3819 903 3891 ἀφοριζέσθω.

451 3915 512 3969 '0
544 3915 600 3970 δὲ
627 3916 725 3986 τῆς
754 3913 799 3979 ζ’
826 3919 902 3981 ις’
935 3913 1036 3967 οὐκ
1089 3914 1265 3969 οίεται
1305 3912 1415 3968 δεῖν
1467 3911 1744 3982 ίερατικδν
1790 3912 1963 3982 ἄνδρα

370 4008 723 4064 πολυτελέσιν
756 4007 997 4078 ἱματίοις
1045 4005 1386 4080 κεχρῆσθαιο
1441 4007 1600 4062 Πᾶσα
1640 4006 1770 4076 γὰρ,
1804 4007 1959 4075 φησὶ,

371 4100 602 4172 βλακεία
630 4100 724 4154 καὶ
766 4099 1043 4172 κόσμησις
1074 4097 1365 4168 σωματικὴ
1416 4095 1715 4167 ἀλλοτρίως
1748 4094 1848 4164 τῆς
1888 4096 1965 4147 ie-

373 4198 475 4268 ρᾶς
505 4193 690 4265 ἔχουσι
734 4168 971 4258 τάξεωςῖ
1003 4191 1142 4255 Τοὺς
1194 4188 1288 4245 οῦν
1342 4187 1574 4251 ἑαυτοὺς
1619 4187 1963 4257 κοσμοῦντας

369 4287 708 4350 ἐπισκόπους
738 4285 771 4359 ἢ
802 4285 1105 4357 κληρικοῦς
1132 4282 1399 4354 ἀνθηραῖς
1429 4281 1647 4354 ἐσθῆσι,
1677 4281 1800 4336 δέον
1827 4282 1963 4335 ἐαυ-

366 4378 499 4442 τοῦς
532 4374 904 4447 διορθοῦσθαι,
966 4373 1329 4445 ἐπιτιμᾶσθαι
1361 4372 1419 4427 δὲ
1467 4372 1546 4444 τῷ
1575 4372 1732 4444 κακῷ
1768 4372 1964 4442 ἐπιμέο

369 4489 604 4538 νονταςο
638 4471 907 4536 ὡσαύτως
954 4471 1224 4534 καὶτοὺς
1265 4470 1335 4523 τὰ
1391 4468 1543 4540 μύρα
1595 4467 1958 4539 χριομένουςο

2058 1981 2356 2035 triennium
2398 1982 2788 2039 sitcontumax
2826 1986 2886 2039 in
2911 1987 3079 2040 annui
3113 1988 3252 2056 pacti
3275 1988 3643 2056 praestatione,

2055 2074 2138 2126 vel
2174 2074 2504 2129 deteriorem
2539 2091 2654 2131 rem
2690 2077 2865 2146 ipsam
2927 2078 3140 2145 reddat,
3192 2080 3261 2134 ab
3303 2081 3645 2150 emphyteusi

2054 2164 2338 2235 ejiciatur,
2371 2183 2472 2222 nec
2500 2177 2827 2237 potestatem
2859 2169 3063 2225 habeat
3096 2172 3148 2225 in
3172 2186 3305 2241 agro
3335 2173 3595 2241 operandi
3629 2189 3644 2225 :

2056 2266 2115 2313 at
2175 2274 2283 2313 non
2343 2259 2563 2330 eiicitur
2601 2262 2823 2331 quando
2879 2263 3047 2317 solvit
3079 2271 3344 2319 statutum
3398 2272 3645 2334 pactum,

2054 2350 2277 2407 etiamsi
2306 2351 2384 2407 rei
2408 2352 2638 2422 publica:
2661 2354 2733 2408 sit
2762 2354 3159 2427 empltyteusis.

2127 2529 2363 2587 Invitum
2421 2532 2624 2604 ejicere
2671 2533 3067 2590 conducentem
3131 2552 3237 2591 non
3286 2547 3466 2605 potest
3511 2555 3649 2597 con-

2056 2630 2275 2690 ductor,
2322 2623 2449 2679 licet
2496 2625 2639 2679 alius
2674 2625 2769 2680 illo
2800 2625 3067 2694 maiorem
3108 2628 3265 2683 daret
3312 2631 3644 2698 mercedem,

2057 2732 2255 2787 nempe
2287 2729 2413 2772 ante
2438 2726 2706 2773 statutum
2740 2727 2978 2787 tempus,
3010 2721 3114 2776 etsi
3144 2731 3441 2778 contumax
3474 2725 3545 2780 sit
3577 2724 3647 2779 de

2059 2822 2145 2872 ea,
2169 2824 2334 2880 quam
2354 2808 2486 2864 dare
2516 2810 2797 2879 promisit,
2832 2812 3105 2867 mercede.

2132 3011 2288 3068 CAP.
2318 3011 2415 3067 IX.
2451 3011 2527 3066 De
2560 3011 2785 3067 vestibus
2806 3012 2875 3065 ad
2905 3021 3143 3067 sacratos
3166 2996 3574 3081 pertinentibus.

2134 3171 2447 3227 Vicesimus
2482 3171 2751 3241 septimus
2776 3181 2943 3228 sextae
2974 3172 3170 3242 synodi
3206 3187 3384 3227 canon
3424 3174 3600 3245 inquit
3628 3190 3644 3228 :

2062 3262 2258 3319 Nullus
2292 3277 2509 3329 eorum,
2544 3264 2637 3333 qui
2684 3264 2735 3316 in
2774 3263 2905 3318 cleri
2955 3265 3269 3332 catalogum
3304 3264 3458 3318 relati
3494 3273 3646 3328 sunt,

2060 3365 2266 3411 vestem
2318 3356 2421 3412 sibi
2467 3370 2576 3410 non
2613 3356 3032 3411 convenientem
3086 3358 3303 3421 induat,
3356 3373 3537 3427 neque
3592 3359 3649 3412 in

2061 3446 2286 3503 civitate
2316 3447 2542 3518 degens,
2566 3463 2741 3516 neque
2767 3447 2989 3517 quidem
3020 3449 3126 3502 iter
3149 3447 3465 3517 ingrediens
3498 3464 3511 3501 :
3552 3449 3647 3504 sed

2060 3549 2216 3597 veste
2235 3549 2443 3604 utatur,
2457 3556 2621 3610 quam
2644 3550 2860 3610 tempus
2879 3551 2931 3595 et
2952 3542 3296 3596 consuetudo
3316 3542 3649 3597 clericorum

2061 3636 2242 3692 ordini
2266 3635 2559 3690 convenire
2577 3635 2785 3689 docuit.
2806 3634 2909 3701 Qui
2934 3649 3065 3691 vero
3079 3636 3245 3704 hujus
3267 3636 3651 3693 convenientis

2064 3730 2292 3785 habitus
2319 3729 2779 3784 consuetudinem
2812 3728 3137 3794 contemnit,
3161 3744 3259 3799 per
3285 3744 3449 3783 unam
3477 3729 3651 3800 septi«

2063 3837 2150 3877 ma
2160 3837 2286 3876 nam
2329 3828 2670 3892 segregetur.

2140 3911 2400 3981 Septima:
2458 3911 2652 3982 synodi
2710 3911 2960 3968 decimus
2994 3920 3214 3968 'sextus
3275 3927 3454 3968 canon
3541 3927 3655 3968 non

2064 4004 2347 4059 existimat
2371 4013 2629 4072 oportere
2654 4003 3002 4058 sacerdotem
3036 4003 3379 4074 sumptuosis
3402 4003 3655 4057 vestibus

2067 4096 2189 4151 uti:
2226 4095 2420 4150 Omnis
2459 4096 2628 4158 enim,
2663 4095 2865 4164 inquit,
2900 4095 3066 4151 luxus
3096 4104 3152 4149 et
3194 4106 3424 4150 ornatus
3452 4111 3654 4164 corpo-

2065 4202 2195 4242 reus
2240 4202 2273 4242 a
2319 4185 2651 4241 sacerdotali
2710 4187 2905 4241 ordine
2947 4189 3019 4241 sit
3053 4187 3290 4243 alienus.
3354 4186 3655 4257 Episcopus

2068 4282 2235 4353 igitur
2265 4283 2348 4338 vel
2378 4280 2639 4348 clericos,
2663 4282 2757 4353 qui
2782 4298 2840 4337 se
2864 4281 3077 4339 ﬂoridis
3094 4290 3369 4337 exornant
3391 4282 3655 4346 vestibus,

2067 4390 2126 4431 se
2155 4375 2441 4445 corrigere
2476 4383 2722 4444 oportet;
2758 4375 2943 4446 puniri
2985 4390 3139 4442 vero,
3182 4375 3230 4431 si
3272 4378 3325 4430 iu
3358 4374 3503 4429 malo
3533 4390 3659 4445 pcr-

2067 4466 2290 4533 sistant,
2337 4467 2594 4523 similiter
2646 4480 2702 4523 et
2749 4467 2845 4538 qui
2894 4477 3024 4524 sunt
3062 4478 3351 4539 unguento
3404 4467 3656 4522 delibuti.

372 4568 510 4642 πρδς
557 4566 635 4630 δὲ,
665 4565 762 4620 καὶ
803 4565 933 4628 τοὺς
975 4563 1322 4636 ἐγχελῶντας
1350 4564 1472 4626 ταῖς
1499 4561 1597 4634 τὴν
1628 4560 1824 4632 εὐτελῆ
1865 4561 1956 4616 καὶ

2072 4557 2239 4615 Porro
2271 4568 2327 4616 et
2360 4561 2452 4631 qui
2489 4560 2598 4617 illis
2651 4560 2887 4617 irrident
2920 4562 3014 4631 qui
3064 4562 3225 4617 vilem
3262 4571 3318 4617 et
3349 4564 3658 4618 modestum

374 4660 581 4733 σεμνὴν
636 4658 1061 4731 περικειμένους
1091 4657 1390 4729 ἀμφίεσιν,
1426 4656 1540 4719 τοῖς
1591 4654 1969 4726 προσήκουσιν

372 4755 678 4825 ἐπιτιμίοις
733 4750 1099 4825 διορθοῦσθαι.
1142 4749 1240 4803 Ἐκ
1278 4749 1389 4821 γὰρ
1426 4748 1539 4802 τῶν
1584 4746 1797 4804 ἄνωθεν
1834 4749 1969 4819 χρό-

373 4868 505 4915 νων,
544 4850 652 4912 πᾶς
687 4845 964 4918 ῑερατικδς
998 4843 1137 4916 ἀνὴρ
1173 4843 1314 4915 μετὰ
1347 4840 1587 4914 μετρίων
1614 4842 1714 4898 καὶ
1751 4840 1970 4912 σεμνῶν

372 4942 600 5014 ἁμερίων
643 4938 1014 5005 ἐπολιτεύετο,
1076 4937 1194 4991 Πᾶν
1229 4936 1339 5007 γὰρ
1397 4935 1427 4989 ὃ
1482 4934 1559 5008 μὴ
1602 4934 1693 4989 διὰ
1749 4935 1965 5007 χρείαν,

372 5035 514 5090 ἀλλὰ
542 5033 632 5088 διὰ
661 5031 1052 5101 καλλωπισμὸν
1078 5028 1596 5101 παραλαμϐάνεται,
1624 5027 1968 5099 περπερείας

374 5128 492 5200 ἔχει
526 5125 887 5197 κατηγορίαν,
915 5125 943 5177 ὁ
981 5122 1157 5195 μέγας
1181 5121 1286 5193 ἔφη
1317 5120 1623 5184 Βασίλειος.
1664 5118 1853 5191 Ταύτῃ
1881 5135 1966 5172 τοι

376 5221 491 5277 οὐδ’
535 5222 604 5273 ἐκ
660 5217 909 5291 σηρικῶν
940 5216 1283 5288 ὑφασμάτων
1343 5213 1582 5284 ἐσθῆτας
1638 5211 1963 5277 ἐνεδέδυντο,

377 5312 637 5383 ὑφαντῶν
669 5311 995 5383 περιεργείᾳ
1024 5308 1476 5379 πεποικιλμένας,
1498 5305 1618 5360 οὐδέ
1650 5323 1772 5360 τινα
1792 5322 1965 5377 προσ·

381 5408 636 5462 ετίθεσαν
689 5404 987 5476 ἑτερόχροα
1044 5403 1399 5474 ἐπιϐλήματα
1437 5403 1553 5463 τοῖς
1613 5400 1809 5470 ἄκροις
1857 5399 1967 5452 τῶν

379 5498 612 5568 ἱματίων
631 5513 646 5530 ο
682 5497 927 5565 ἥκουσαν
957 5497 1066 5565 γὰρ
1095 5493 1197 5564 τῆς
1227 5491 1561 5560 θεοφθόγγου
1596 5488 1863 5559 γλώττης,
1883 5488 1966 5540 ὅτι

377 5590 428 5647 οἱ
458 5590 530 5643 τά
590 5589 811 5659 μαλακὰ
858 5588 1151 5660 φοροῦντες
1205 5588 1263 5640 ἐν
1310 5588 1423 5648 τοῖς
1461 5584 1631 5647 οἴκοις
1661 5582 1772 5635 τῶν
1813 5580 1967 5652 βασι-

378 5684 516 5739 λέων
563 5682 691 5737 είσί.
715 5683 877 5754 Ζήτει
910 5681 972 5734 τὸ
1006 5681 1086 5735 κδ’
1125 5669 1266 5749 ’κεφ.
1292 5679 1386 5732 τοῦ
1417 5678 1457 5731 Γ
1491 5676 1782 5746 στοιχείου.

465 5778 526 5829 ὐ
566 5775 625 5830 δέ
655 5773 754 5844 τῆς
794 5777 852 5827 ἐν
909 5772 1199 5844 Λαοδικείᾳ
1246 5771 1468 5825 συνόδου
1503 5769 1606 5835 κ6’,
1651 5768 1746 5822 καὶ
1782 5767 1810 5820 ὀ
1855 5765 1959 5834 κγ’,

382 5864 457 5920 Οὐ
485 5865 583 5932 δεῖ,
609 5867 763 5938 φησὶ,
796 5864 883 5919 τὸν
919 5864 1223 5936 ὑπηρέτην,
1262 5863 1381 5934 ἦτοι
1410 5860 1784 5924 ύποδιάκονον,
1819 5858 1962 5927 ὠρά-

2078 4652 2342 4708 amictum
2392 4653 2569 4709 induti
2633 4663 2785 4722 sunt,
2846 4655 3313 4710 convenientibus
3368 4654 3660 4725 suppliciis

2079 4748 2400 4817 punientur.
2433 4746 2477 4801 Α
2502 4746 2886 4817 superioribus
2914 4747 3060 4801 enim
3086 4762 3263 4817 usque
3295 4747 3657 4815 temporibus,

2077 4837 2258 4893 omnis
2292 4838 2556 4893 sacerdos
2587 4851 2712 4892 cum
2756 4835 3053 4890 moderatis
3094 4844 3148 4891 et
3188 4836 3452 4891 modestis
3495 4835 3659 4889 indu-

2077 4930 2281 4986 mentis
2309 4929 2753 4986 administrabat.
2796 4927 3074 4997 Quidquid
3108 4914 3397 4983 enimnon
3436 4938 3661 4998 propter

2078 5037 2265 5087 usum,
2305 5023 2403 5077 sed
2439 5020 2867 5077 ostentatorium
2913 5029 3177 5076 ornatum
3221 5021 3544 5088 assumitur,
3602 5021 3659 5075 in

2077 5115 2240 5170 luxus
2302 5114 2541 5169 incurrit
2602 5112 3117 5184 reprehensionem,
3188 5114 3368 5183 inquit
3428 5128 3660 5182 magnus

2074 5209 2335 5269 Basilius.
2359 5206 2710 5278 Quapropter
2730 5221 2907 5277 neque
2921 5222 2987 5261 ex
3016 5200 3211 5262 sericis
3239 5206 3474 5263 texturis
3497 5207 3662 5261 vesti-

2075 5309 2259 5356 menta
2296 5299 2622 5366 induebant,
2661 5307 2938 5353 textorum
2975 5299 3298 5354 curiositate
3329 5300 3605 5366 variegata
3641 5312 3660 5352 :

2074 5410 2255 5464 neque
2281 5394 2336 5448 in
2363 5391 2816 5447 vestimentorum
2865 5391 3098 5447 ﬁmbriis
3127 5392 3340 5462 adjecta
3362 5402 3521 5444 erant
3548 5392 3656 5447 ulla

2075 5487 2240 5543 alieni
2282 5484 2482 5541 coloris
2530 5484 2927 5538 additamenta.
2966 5483 3313 5538 Audiverunt
3340 5482 3485 5536 enim
3521 5483 3661 5538 divi-

2075 5596 2203 5635 num
2244 5594 2582 5641 sermonem,
2608 5575 2754 5647 quod
2786 5594 2803 5627 I
2845 5576 2943 5642 Qui
2976 5575 3237 5629 mollibus
3272 5575 3580 5629 vestiuntur
3603 5576 3657 5629 in

2073 5672 2282 5727 aedibus
2314 5686 2501 5742 regum
2535 5677 2684 5723 sunt.
2723 5687 2744 5720 ι
2788 5668 2983 5734 Quaere
3002 5666 3074 5721 24
3117 5682 3263 5737 .cap.
3298 5666 3494 5721 littera:
3524 5667 3587 5722 Γ.

2145 5764 2471 5820 Laodicenae
2512 5763 2706 5834 synodi
2747 5777 2925 5817 canon
2960 5760 3256 5816 vicesimus
3293 5759 3573 5815 secundus
3603 5770 3656 5814 ct

2072 5858 2370 5914 vicesimus
2407 5858 2601 5915 tertius
2631 5855 2783 5911 aiunt
2814 5871 2827 5909 :
2860 5852 2979 5909 Non
3004 5852 3162 5910 decet
3195 5850 3533 5918 ministrum,
3569 5851 3651 5903 vel
