  <div class='ocr_page' id='page_1' title='image "/cluster/home/n/w/nwhite01/storage/ocr_20150623/144:no.2/coo.31924054870492/645.png"; bbox 0 0 4054 6422; ppageno 0'>
   <div class='ocr_carea' id='block_1_1' title="bbox 430 344 3718 428">
    <p class='ocr_par' dir='ltr' id='par_1_1' title="bbox 430 344 3718 428">
     <span class='ocr_line' id='line_1_1' title="bbox 430 344 3718 428; baseline 0.001 -20"><span class='ocrx_word' id='word_1_1' title='bbox 430 364 569 428; x_wconf 62' lang='lat'><strong>1.273</strong></span> <span class='ocrx_word' id='word_1_2' title='bbox 1623 351 1988 414; x_wconf 65' lang='lat' dir='ltr'><strong>narrum</strong></span> <span class='ocrx_word' id='word_1_3' title='bbox 2020 350 2457 412; x_wconf 76' lang='lat' dir='ltr'><strong>BLASTARIS</strong></span> <span class='ocrx_word' id='word_1_4' title='bbox 3567 344 3718 410; x_wconf 77' lang='lat'><strong>1280</strong></span> 
     </span>
    </p>
   </div>
   <div class='ocr_carea' id='block_1_2' title="bbox 425 464 2025 545">
    <p class='ocr_par' dir='ltr' id='par_1_2' title="bbox 425 470 2009 545">
     <span class='ocr_line' id='line_1_2' title="bbox 425 470 2009 545; baseline -0.009 -12"><span class='ocrx_word' id='word_1_5' title='bbox 425 478 709 533; x_wconf 82' lang='lat' dir='ltr'><strong>ordinatio</strong></span> <span class='ocrx_word' id='word_1_6' title='bbox 746 475 1053 541; x_wconf 90' lang='lat' dir='ltr'><strong>tribuitur;</strong></span> <span class='ocrx_word' id='word_1_7' title='bbox 1101 475 1306 545; x_wconf 84' lang='lat' dir='ltr'><strong>quippe</strong></span> <span class='ocrx_word' id='word_1_8' title='bbox 1332 472 1568 527; x_wconf 85' lang='lat' dir='ltr'><strong>obtinuit</strong></span> <span class='ocrx_word' id='word_1_9' title='bbox 1614 470 1840 537; x_wconf 85' lang='lat' dir='ltr'><strong>antiqua</strong></span> <span class='ocrx_word' id='word_1_10' title='bbox 1875 481 2009 520; x_wconf 87' lang='lat' dir='ltr'><strong>con-</strong></span> 
     </span>
    </p>
   </div>
   <div class='ocr_carea' id='block_1_3' title="bbox 2130 464 3716 545">
    <p class='ocr_par' dir='ltr' id='par_1_3' title="bbox 2130 464 3716 539">
     <span class='ocr_line' id='line_1_3' title="bbox 2130 464 3716 539; baseline 0.003 -24"><span class='ocrx_word' id='word_1_11' title='bbox 2130 468 2380 539; x_wconf 74' lang='grc' dir='ltr'>ιριάρχου</span> <span class='ocrx_word' id='word_1_12' title='bbox 2429 469 2863 538; x_wconf 57' lang='grc' dir='ltr'>ἀπονενψηται,</span> <span class='ocrx_word' id='word_1_13' title='bbox 2899 469 2995 522; x_wconf 78' lang='grc' dir='ltr'>ἆτε</span> <span class='ocrx_word' id='word_1_14' title='bbox 3026 469 3295 538; x_wconf 85' lang='grc' dir='ltr'>πρότερον</span> <span class='ocrx_word' id='word_1_15' title='bbox 3323 466 3448 530; x_wconf 73' lang='grc' dir='ltr'>ἔθος</span> <span class='ocrx_word' id='word_1_16' title='bbox 3476 466 3538 519; x_wconf 75' lang='grc' dir='ltr'>ὃν</span> <span class='ocrx_word' id='word_1_17' title='bbox 3569 464 3716 536; x_wconf 74' lang='grc' dir='ltr'>πρὸς</span> 
     </span>
    </p>
   </div>
   <div class='ocr_carea' id='block_1_4' title="bbox 422 557 2025 637">
    <p class='ocr_par' dir='ltr' id='par_1_4' title="bbox 422 557 2003 637">
     <span class='ocr_line' id='line_1_4' title="bbox 422 557 2003 637; baseline -0.009 -13"><span class='ocrx_word' id='word_1_18' title='bbox 422 569 680 632; x_wconf 86' lang='lat' dir='ltr'><strong>suetudo,</strong></span> <span class='ocrx_word' id='word_1_19' title='bbox 727 579 784 623; x_wconf 90' lang='lat' dir='ltr'><strong>ut</strong></span> <span class='ocrx_word' id='word_1_20' title='bbox 827 582 926 637; x_wconf 91' lang='lat' dir='ltr'><strong>per</strong></span> <span class='ocrx_word' id='word_1_21' title='bbox 961 566 1115 621; x_wconf 89' lang='lat' dir='ltr'><strong>illum</strong></span> <span class='ocrx_word' id='word_1_22' title='bbox 1154 563 1403 633; x_wconf 80' lang='lat' dir='ltr'><strong>Byzantii</strong></span> <span class='ocrx_word' id='word_1_23' title='bbox 1444 562 1740 631; x_wconf 88' lang='lat' dir='ltr'><strong>episcopus</strong></span> <span class='ocrx_word' id='word_1_24' title='bbox 1773 557 2003 613; x_wconf 88' lang='lat' dir='ltr'><strong>ordina-</strong></span> 
     </span>
    </p>
   </div>
   <div class='ocr_carea' id='block_1_5' title="bbox 2130 557 3717 637">
    <p class='ocr_par' dir='ltr' id='par_1_5' title="bbox 2135 557 3717 631">
     <span class='ocr_line' id='line_1_5' title="bbox 2135 557 3717 631; baseline 0.001 -22"><span class='ocrx_word' id='word_1_25' title='bbox 2135 559 2302 613; x_wconf 79' lang='grc' dir='ltr'>αὑτοῦ</span> <span class='ocrx_word' id='word_1_26' title='bbox 2328 560 2754 631; x_wconf 71' lang='grc' dir='ltr'>χειροτονεῖσθαι</span> <span class='ocrx_word' id='word_1_27' title='bbox 2800 562 2893 615; x_wconf 78' lang='grc' dir='ltr'>τὸν</span> <span class='ocrx_word' id='word_1_28' title='bbox 2931 562 3232 615; x_wconf 65' lang='grc' dir='ltr'>ἐπίσκοπον</span> <span class='ocrx_word' id='word_1_29' title='bbox 3282 558 3602 622; x_wconf 78' lang='grc' dir='ltr'><strong>Βυζαντίου.</strong></span> <span class='ocrx_word' id='word_1_30' title='bbox 3649 557 3717 610; x_wconf 87' lang='grc' dir='ltr'>Ὁ</span> 
     </span>
    </p>
   </div>
   <div class='ocr_carea' id='block_1_6' title="bbox 428 649 2025 729">
    <p class='ocr_par' dir='ltr' id='par_1_6' title="bbox 428 649 2004 729">
     <span class='ocr_line' id='line_1_6' title="bbox 428 649 2004 729; baseline -0.007 -14"><span class='ocrx_word' id='word_1_31' title='bbox 428 671 598 715; x_wconf 84' lang='lat' dir='ltr'><strong>retur.</strong></span> <span class='ocrx_word' id='word_1_32' title='bbox 632 659 864 729; x_wconf 77' lang='lat' dir='ltr'><strong>Magnus</strong></span> <span class='ocrx_word' id='word_1_33' title='bbox 896 673 1028 713; x_wconf 85' lang='lat' dir='ltr'><strong>vero</strong></span> <span class='ocrx_word' id='word_1_34' title='bbox 1056 656 1454 712; x_wconf 84' lang='lat' dir='ltr'><strong>Constantinus</strong></span> <span class='ocrx_word' id='word_1_35' title='bbox 1482 654 1621 708; x_wconf 88' lang='lat' dir='ltr'><strong>hanc</strong></span> <span class='ocrx_word' id='word_1_36' title='bbox 1656 652 1710 705; x_wconf 92' lang='lat' dir='ltr'><strong>in</strong></span> <span class='ocrx_word' id='word_1_37' title='bbox 1744 649 2004 704; x_wconf 80' lang='lat' dir='ltr'><strong>anmenis-</strong></span> 
     </span>
    </p>
   </div>
   <div class='ocr_carea' id='block_1_7' title="bbox 2130 649 3713 729">
    <p class='ocr_par' dir='ltr' id='par_1_7' title="bbox 2130 649 3713 722">
     <span class='ocr_line' id='line_1_7' title="bbox 2130 649 3713 722; baseline -0.001 -19"><span class='ocrx_word' id='word_1_38' title='bbox 2130 652 2291 718; x_wconf 82' lang='grc' dir='ltr'>ιέγας</span> <span class='ocrx_word' id='word_1_39' title='bbox 2320 651 2376 704; x_wconf 80' lang='grc' dir='ltr'>δὲ</span> <span class='ocrx_word' id='word_1_40' title='bbox 2409 653 2823 715; x_wconf 80' lang='grc' dir='ltr'>Κωνσταντῖνος</span> <span class='ocrx_word' id='word_1_41' title='bbox 2847 652 2947 722; x_wconf 79' lang='grc' dir='ltr'><strong>τὴν</strong></span> <span class='ocrx_word' id='word_1_42' title='bbox 2977 654 3037 705; x_wconf 73' lang='grc' dir='ltr'>ὲν</span> <span class='ocrx_word' id='word_1_43' title='bbox 3063 652 3338 721; x_wconf 78' lang='grc' dir='ltr'><strong>καλλίστῳ</strong></span> <span class='ocrx_word' id='word_1_44' title='bbox 3358 649 3456 703; x_wconf 81' lang='grc' dir='ltr'>τοῦ</span> <span class='ocrx_word' id='word_1_45' title='bbox 3489 651 3713 718; x_wconf 80' lang='grc' dir='ltr'><strong>κόσμου</strong></span> 
     </span>
    </p>
   </div>
   <div class='ocr_carea' id='block_1_8' title="bbox 427 742 2025 815">
    <p class='ocr_par' dir='ltr' id='par_1_8' title="bbox 427 744 2008 815">
     <span class='ocr_line' id='line_1_8' title="bbox 427 744 2008 815; baseline -0.005 -10"><span class='ocrx_word' id='word_1_46' title='bbox 427 753 572 807; x_wconf 83' lang='lat' dir='ltr'><strong>simo</strong></span> <span class='ocrx_word' id='word_1_47' title='bbox 624 751 817 806; x_wconf 92' lang='lat' dir='ltr'><strong>mundi</strong></span> <span class='ocrx_word' id='word_1_48' title='bbox 883 751 1008 806; x_wconf 90' lang='lat' dir='ltr'><strong>loco</strong></span> <span class='ocrx_word' id='word_1_49' title='bbox 1056 750 1213 805; x_wconf 82' lang='lat' dir='ltr'><strong>sitam</strong></span> <span class='ocrx_word' id='word_1_50' title='bbox 1278 748 1493 809; x_wconf 85' lang='lat' dir='ltr'><strong>urbem,</strong></span> <span class='ocrx_word' id='word_1_51' title='bbox 1545 744 1909 815; x_wconf 78' lang='lat' dir='ltr'><strong>magnitudini</strong></span> <span class='ocrx_word' id='word_1_52' title='bbox 1954 751 2008 797; x_wconf 87' lang='lat' dir='ltr'><strong>et</strong></span> 
     </span>
    </p>
   </div>
   <div class='ocr_carea' id='block_1_9' title="bbox 2130 742 3719 815">
    <p class='ocr_par' dir='ltr' id='par_1_9' title="bbox 2130 742 3719 814">
     <span class='ocr_line' id='line_1_9' title="bbox 2130 742 3719 814; baseline -0.001 -20"><span class='ocrx_word' id='word_1_53' title='bbox 2130 743 2372 813; x_wconf 79' lang='grc' dir='ltr'>ιειμένην</span> <span class='ocrx_word' id='word_1_54' title='bbox 2404 746 2638 814; x_wconf 76' lang='grc' dir='ltr'>ταυτηνὶ</span> <span class='ocrx_word' id='word_1_55' title='bbox 2681 742 2861 809; x_wconf 85' lang='grc' dir='ltr'>πόλιν,</span> <span class='ocrx_word' id='word_1_56' title='bbox 2901 745 2998 797; x_wconf 77' lang='grc' dir='ltr'>καὶ</span> <span class='ocrx_word' id='word_1_57' title='bbox 3034 743 3305 813; x_wconf 81' lang='grc' dir='ltr'>μεγέθους</span> <span class='ocrx_word' id='word_1_58' title='bbox 3343 744 3441 796; x_wconf 73' lang='grc' dir='ltr'>καὶ</span> <span class='ocrx_word' id='word_1_59' title='bbox 3470 742 3719 802; x_wconf 76' lang='grc' dir='ltr'><strong>κάλλους</strong></span> 
     </span>
    </p>
   </div>
   <div class='ocr_carea' id='block_1_10' title="bbox 427 831 2025 915">
    <p class='ocr_par' dir='ltr' id='par_1_10' title="bbox 427 838 2009 915">
     <span class='ocr_line' id='line_1_10' title="bbox 427 838 2009 915; baseline -0.006 -16"><span class='ocrx_word' id='word_1_60' title='bbox 427 845 829 915; x_wconf 77' lang='lat' dir='ltr'><strong>pulchritudini</strong></span> <span class='ocrx_word' id='word_1_61' title='bbox 853 844 917 897; x_wconf 87' lang='lat' dir='ltr'><strong>ad</strong></span> <span class='ocrx_word' id='word_1_62' title='bbox 946 858 1109 914; x_wconf 88' lang='lat' dir='ltr'><strong>quam</strong></span> <span class='ocrx_word' id='word_1_63' title='bbox 1131 841 1379 911; x_wconf 77' lang='lat' dir='ltr'><strong>pervenit</strong></span> <span class='ocrx_word' id='word_1_64' title='bbox 1401 840 1701 907; x_wconf 82' lang='lat' dir='ltr'><strong>adaugens,</strong></span> <span class='ocrx_word' id='word_1_65' title='bbox 1723 838 1807 893; x_wconf 91' lang='lat' dir='ltr'><strong>sui</strong></span> <span class='ocrx_word' id='word_1_66' title='bbox 1835 838 2009 906; x_wconf 85' lang='lat' dir='ltr'><strong>ipsius</strong></span> 
     </span>
    </p>
   </div>
   <div class='ocr_carea' id='block_1_11' title="bbox 2130 831 3720 915">
    <p class='ocr_par' dir='ltr' id='par_1_11' title="bbox 2130 831 3720 908">
     <span class='ocr_line' id='line_1_11' title="bbox 2130 831 3720 908; baseline 0.002 -22"><span class='ocrx_word' id='word_1_67' title='bbox 2130 831 2174 888; x_wconf 66' lang='grc' dir='ltr'>εὖ</span> <span class='ocrx_word' id='word_1_68' title='bbox 2205 836 2449 906; x_wconf 77' lang='grc' dir='ltr'>ἤκουσαν</span> <span class='ocrx_word' id='word_1_69' title='bbox 2478 836 2796 908; x_wconf 74' lang='grc' dir='ltr'><strong>ἀνεγείρας,</strong></span> <span class='ocrx_word' id='word_1_70' title='bbox 2829 838 2930 906; x_wconf 78' lang='grc' dir='ltr'>τὴν</span> <span class='ocrx_word' id='word_1_71' title='bbox 2976 837 3115 889; x_wconf 89' lang='grc' dir='ltr'>ίδίαν</span> <span class='ocrx_word' id='word_1_72' title='bbox 3149 836 3287 905; x_wconf 79' lang='grc' dir='ltr'>αὐτῇ</span> <span class='ocrx_word' id='word_1_73' title='bbox 3327 836 3529 905; x_wconf 81' lang='grc' dir='ltr'>κλῆσιν</span> <span class='ocrx_word' id='word_1_74' title='bbox 3564 836 3720 889; x_wconf 81' lang='grc' dir='ltr'>ἀπε-</span> 
     </span>
    </p>
   </div>
   <div class='ocr_carea' id='block_1_12' title="bbox 431 927 2010 999">
    <p class='ocr_par' dir='ltr' id='par_1_12' title="bbox 431 927 2010 999">
     <span class='ocr_line' id='line_1_12' title="bbox 431 927 2010 999; baseline -0.008 -8"><span class='ocrx_word' id='word_1_75' title='bbox 431 936 660 991; x_wconf 75' lang='lat' dir='ltr'><strong>donavit</strong></span> <span class='ocrx_word' id='word_1_76' title='bbox 714 936 961 999; x_wconf 86' lang='lat' dir='ltr'><strong>nomine,</strong></span> <span class='ocrx_word' id='word_1_77' title='bbox 995 943 1051 989; x_wconf 85' lang='lat' dir='ltr'><strong>et</strong></span> <span class='ocrx_word' id='word_1_78' title='bbox 1104 948 1259 988; x_wconf 68' lang='lat' dir='ltr'><strong>nova:</strong></span> <span class='ocrx_word' id='word_1_79' title='bbox 1295 933 1479 988; x_wconf 57' lang='lat' dir='ltr'><strong>Romae</strong></span> <span class='ocrx_word' id='word_1_80' title='bbox 1512 931 1672 985; x_wconf 88' lang='lat' dir='ltr'><strong>titulo</strong></span> <span class='ocrx_word' id='word_1_81' title='bbox 1707 927 2010 997; x_wconf 78' lang='lat' dir='ltr'><strong>insignivit.</strong></span> 
     </span>
    </p>
   </div>
   <div class='ocr_carea' id='block_1_13' title="bbox 510 1020 2013 1096">
    <p class='ocr_par' dir='ltr' id='par_1_13' title="bbox 510 1020 2013 1096">
     <span class='ocr_line' id='line_1_13' title="bbox 510 1020 2013 1096; baseline -0.003 -18"><span class='ocrx_word' id='word_1_82' title='bbox 510 1026 817 1082; x_wconf 77' lang='lat' dir='ltr'><strong>Vicesimus</strong></span> <span class='ocrx_word' id='word_1_83' title='bbox 871 1038 1098 1081; x_wconf 86' lang='lat' dir='ltr'><strong>octavus</strong></span> <span class='ocrx_word' id='word_1_84' title='bbox 1134 1040 1188 1079; x_wconf 80' lang='lat' dir='ltr'><strong>tv</strong></span> <span class='ocrx_word' id='word_1_85' title='bbox 1220 1041 1341 1096; x_wconf 86' lang='lat' dir='ltr'><strong>syn.</strong></span> <span class='ocrx_word' id='word_1_86' title='bbox 1390 1024 1487 1089; x_wconf 89' lang='lat' dir='ltr'><strong>ait,</strong></span> <span class='ocrx_word' id='word_1_87' title='bbox 1530 1024 1742 1084; x_wconf 87' lang='lat' dir='ltr'><strong>eadem,</strong></span> <span class='ocrx_word' id='word_1_88' title='bbox 1782 1037 1905 1091; x_wconf 72' lang='lat' dir='ltr'><strong>quae</strong></span> <span class='ocrx_word' id='word_1_89' title='bbox 1978 1020 2013 1073; x_wconf 76' lang='lat'><strong>5</strong></span> 
     </span>
    </p>
   </div>
   <div class='ocr_carea' id='block_1_14' title="bbox 433 1115 2014 1190">
    <p class='ocr_par' dir='ltr' id='par_1_14' title="bbox 433 1115 2014 1190">
     <span class='ocr_line' id='line_1_14' title="bbox 433 1115 2014 1190; baseline -0.005 -16"><span class='ocrx_word' id='word_1_90' title='bbox 433 1135 613 1174; x_wconf 89' lang='lat' dir='ltr'><strong>canon</strong></span> <span class='ocrx_word' id='word_1_91' title='bbox 649 1121 693 1171; x_wconf 85' lang='grc' dir='ltr'>ι]</span> <span class='ocrx_word' id='word_1_92' title='bbox 726 1119 920 1190; x_wconf 79' lang='lat' dir='ltr'><strong>synodi</strong></span> <span class='ocrx_word' id='word_1_93' title='bbox 966 1138 980 1173; x_wconf 92' lang='lat'>:</span> <span class='ocrx_word' id='word_1_94' title='bbox 1026 1117 1139 1172; x_wconf 87' lang='lat' dir='ltr'><strong>Nos</strong></span> <span class='ocrx_word' id='word_1_95' title='bbox 1171 1132 1387 1187; x_wconf 89' lang='lat' dir='ltr'><strong>quoque</strong></span> <span class='ocrx_word' id='word_1_96' title='bbox 1417 1115 1766 1171; x_wconf 85' lang='lat' dir='ltr'><strong>decernimus</strong></span> <span class='ocrx_word' id='word_1_97' title='bbox 1820 1122 1873 1167; x_wconf 89' lang='lat' dir='ltr'><strong>et</strong></span> <span class='ocrx_word' id='word_1_98' title='bbox 1903 1121 2014 1167; x_wconf 81' lang='lat' dir='ltr'><strong>sta-</strong></span> 
     </span>
    </p>
   </div>
   <div class='ocr_carea' id='block_1_15' title="bbox 434 1204 2015 1277">
    <p class='ocr_par' dir='ltr' id='par_1_15' title="bbox 434 1204 2015 1277">
     <span class='ocr_line' id='line_1_15' title="bbox 434 1204 2015 1277; baseline -0.006 -9"><span class='ocrx_word' id='word_1_99' title='bbox 434 1214 663 1274; x_wconf 86' lang='lat' dir='ltr'><strong>tnimus,</strong></span> <span class='ocrx_word' id='word_1_100' title='bbox 697 1211 1139 1267; x_wconf 70' lang='lat' dir='ltr'><strong>ntsanctissimae</strong></span> <span class='ocrx_word' id='word_1_101' title='bbox 1160 1207 1791 1277; x_wconf 65' lang='lat' dir='ltr'><strong>Constantinopolitanm</strong></span> <span class='ocrx_word' id='word_1_102' title='bbox 1821 1204 2015 1259; x_wconf 85' lang='lat' dir='ltr'><strong>Eccle-</strong></span> 
     </span>
    </p>
   </div>
   <div class='ocr_carea' id='block_1_16' title="bbox 434 1298 2019 1373">
    <p class='ocr_par' dir='ltr' id='par_1_16' title="bbox 434 1298 2019 1373">
     <span class='ocr_line' id='line_1_16' title="bbox 434 1298 2019 1373; baseline -0.004 -14"><span class='ocrx_word' id='word_1_103' title='bbox 434 1306 530 1359; x_wconf 79' lang='lat' dir='ltr'><strong>siae</strong></span> <span class='ocrx_word' id='word_1_104' title='bbox 567 1306 799 1358; x_wconf 79' lang='lat' dir='ltr'><strong>thronus</strong></span> <span class='ocrx_word' id='word_1_105' title='bbox 826 1304 1135 1373; x_wconf 68' lang='lat' dir='ltr'><strong>aequalibus</strong></span> <span class='ocrx_word' id='word_1_106' title='bbox 1169 1318 1292 1357; x_wconf 89' lang='lat' dir='ltr'><strong>cum</strong></span> <span class='ocrx_word' id='word_1_107' title='bbox 1327 1301 1627 1369; x_wconf 86' lang='lat' dir='ltr'><strong>antiquiori</strong></span> <span class='ocrx_word' id='word_1_108' title='bbox 1651 1299 1821 1354; x_wconf 84' lang='lat' dir='ltr'><strong>Roma</strong></span> <span class='ocrx_word' id='word_1_109' title='bbox 1849 1298 2019 1368; x_wconf 82' lang='lat' dir='ltr'><strong>privi-</strong></span> 
     </span>
    </p>
   </div>
   <div class='ocr_carea' id='block_1_17' title="bbox 432 1392 2020 1463">
    <p class='ocr_par' dir='ltr' id='par_1_17' title="bbox 432 1392 2020 1463">
     <span class='ocr_line' id='line_1_17' title="bbox 432 1392 2020 1463; baseline -0.003 -15"><span class='ocrx_word' id='word_1_110' title='bbox 432 1394 593 1463; x_wconf 83' lang='lat' dir='ltr'><strong>legiis</strong></span> <span class='ocrx_word' id='word_1_111' title='bbox 646 1394 898 1457; x_wconf 79' lang='lat' dir='ltr'><strong>fruatur;</strong></span> <span class='ocrx_word' id='word_1_112' title='bbox 942 1394 1144 1462; x_wconf 86' lang='lat' dir='ltr'><strong>quippe</strong></span> <span class='ocrx_word' id='word_1_113' title='bbox 1191 1408 1314 1460; x_wconf 77' lang='lat' dir='ltr'><strong>quze</strong></span> <span class='ocrx_word' id='word_1_114' title='bbox 1351 1392 1584 1461; x_wconf 89' lang='lat' dir='ltr'><strong>imperio</strong></span> <span class='ocrx_word' id='word_1_115' title='bbox 1619 1401 1673 1446; x_wconf 89' lang='lat' dir='ltr'><strong>et</strong></span> <span class='ocrx_word' id='word_1_116' title='bbox 1705 1401 1901 1445; x_wconf 90' lang='lat' dir='ltr'><strong>senatu</strong></span> <span class='ocrx_word' id='word_1_117' title='bbox 1933 1397 2020 1444; x_wconf 81' lang='lat' dir='ltr'><strong>est</strong></span> 
     </span>
    </p>
   </div>
   <div class='ocr_carea' id='block_1_18' title="bbox 437 1482 2020 1562">
    <p class='ocr_par' dir='ltr' id='par_1_18' title="bbox 437 1482 2020 1562">
     <span class='ocr_line' id='line_1_18' title="bbox 437 1482 2020 1562; baseline -0.003 -24"><span class='ocrx_word' id='word_1_118' title='bbox 437 1486 727 1540; x_wconf 88' lang='lat' dir='ltr'><strong>honorata.</strong></span> <span class='ocrx_word' id='word_1_119' title='bbox 781 1484 939 1539; x_wconf 82' lang='lat' dir='ltr'><strong>Unde</strong></span> <span class='ocrx_word' id='word_1_120' title='bbox 968 1486 1131 1538; x_wconf 74' lang='lat' dir='ltr'><strong>etiam</strong></span> <span class='ocrx_word' id='word_1_121' title='bbox 1182 1501 1291 1539; x_wconf 90' lang='lat' dir='ltr'><strong>non</strong></span> <span class='ocrx_word' id='word_1_122' title='bbox 1331 1500 1493 1562; x_wconf 70' lang='lat' dir='ltr'><strong>secus</strong></span> <span class='ocrx_word' id='word_1_123' title='bbox 1538 1499 1602 1540; x_wconf 93' lang='lat' dir='ltr'><strong>ac</strong></span> <span class='ocrx_word' id='word_1_124' title='bbox 1654 1482 1805 1535; x_wconf 85' lang='lat' dir='ltr'><strong>illam</strong></span> <span class='ocrx_word' id='word_1_125' title='bbox 1837 1482 2020 1536; x_wconf 74' lang='lat' dir='ltr'><strong>eccle~</strong></span> 
     </span>
    </p>
   </div>
   <div class='ocr_carea' id='block_1_19' title="bbox 435 1576 2019 1645">
    <p class='ocr_par' dir='ltr' id='par_1_19' title="bbox 435 1576 2019 1645">
     <span class='ocr_line' id='line_1_19' title="bbox 435 1576 2019 1645; baseline -0.003 -15"><span class='ocrx_word' id='word_1_126' title='bbox 435 1577 677 1630; x_wconf 85' lang='lat' dir='ltr'><strong>siasticis</strong></span> <span class='ocrx_word' id='word_1_127' title='bbox 711 1576 1013 1645; x_wconf 74' lang='lat' dir='ltr'><strong>privilegiis</strong></span> <span class='ocrx_word' id='word_1_128' title='bbox 1063 1576 1344 1630; x_wconf 75' lang='lat' dir='ltr'><strong>honestari</strong></span> <span class='ocrx_word' id='word_1_129' title='bbox 1394 1586 1629 1643; x_wconf 84' lang='lat' dir='ltr'><strong>oportet,</strong></span> <span class='ocrx_word' id='word_1_130' title='bbox 1674 1590 1737 1631; x_wconf 83' lang='lat' dir='ltr'><strong>ac</strong></span> <span class='ocrx_word' id='word_1_131' title='bbox 1784 1576 2019 1643; x_wconf 88' lang='lat' dir='ltr'><strong>primum</strong></span> 
     </span>
    </p>
   </div>
   <div class='ocr_carea' id='block_1_20' title="bbox 2114 926 3468 1000">
    <p class='ocr_par' dir='ltr' id='par_1_20' title="bbox 2114 926 3468 1000">
     <span class='ocr_line' id='line_1_20' title="bbox 2114 926 3468 1000; baseline 0.002 -21"><span class='ocrx_word' id='word_1_132' title='bbox 2114 928 2402 996; x_wconf 80' lang='grc' dir='ltr'>χαρισατο,</span> <span class='ocrx_word' id='word_1_133' title='bbox 2439 929 2531 981; x_wconf 79' lang='grc' dir='ltr'>καὶ</span> <span class='ocrx_word' id='word_1_134' title='bbox 2563 929 2690 983; x_wconf 74' lang='grc' dir='ltr'>νέαν</span> <span class='ocrx_word' id='word_1_135' title='bbox 2714 928 3190 1000; x_wconf 85' lang='grc' dir='ltr'>προσεπωνόμασε</span> <span class='ocrx_word' id='word_1_136' title='bbox 3224 926 3468 998; x_wconf 95' lang='grc' dir='ltr'>Ῥώμην.</span> 
     </span>
    </p>
   </div>
   <div class='ocr_carea' id='block_1_21' title="bbox 2200 1017 3722 1090">
    <p class='ocr_par' dir='ltr' id='par_1_21' title="bbox 2200 1017 3722 1090">
     <span class='ocr_line' id='line_1_21' title="bbox 2200 1017 3722 1090; baseline 0 -19"><span class='ocrx_word' id='word_1_137' title='bbox 2200 1018 2262 1071; x_wconf 87' lang='grc'><strong>’0</strong></span> <span class='ocrx_word' id='word_1_138' title='bbox 2296 1018 2354 1071; x_wconf 74' lang='grc' dir='ltr'>δὲ</span> <span class='ocrx_word' id='word_1_139' title='bbox 2391 1017 2477 1089; x_wconf 87' lang='grc' dir='ltr'>κη’</span> <span class='ocrx_word' id='word_1_140' title='bbox 2506 1021 2604 1087; x_wconf 83' lang='grc' dir='ltr'>τῆς</span> <span class='ocrx_word' id='word_1_141' title='bbox 2634 1021 2675 1074; x_wconf 81' lang='grc' dir='ltr'>δ’</span> <span class='ocrx_word' id='word_1_142' title='bbox 2719 1021 2963 1083; x_wconf 75' lang='grc' dir='ltr'><strong>συνόδου,</strong></span> <span class='ocrx_word' id='word_1_143' title='bbox 2990 1021 3072 1073; x_wconf 87' lang='grc' dir='ltr'>Τὰ</span> <span class='ocrx_word' id='word_1_144' title='bbox 3102 1019 3245 1073; x_wconf 81' lang='grc' dir='ltr'>αὐτὰ</span> <span class='ocrx_word' id='word_1_145' title='bbox 3280 1022 3378 1073; x_wconf 79' lang='grc' dir='ltr'>καὶ</span> <span class='ocrx_word' id='word_1_146' title='bbox 3409 1021 3575 1090; x_wconf 71' lang='grc' dir='ltr'>ἡμεῖς</span> <span class='ocrx_word' id='word_1_147' title='bbox 3595 1017 3722 1090; x_wconf 71' lang='lat' dir='ltr'><strong>6p!-</strong></span> 
     </span>
    </p>
   </div>
   <div class='ocr_carea' id='block_1_22' title="bbox 2119 1111 3721 1183">
    <p class='ocr_par' dir='ltr' id='par_1_22' title="bbox 2119 1111 3721 1183">
     <span class='ocr_line' id='line_1_22' title="bbox 2119 1111 3721 1183; baseline -0.014 0"><span class='ocrx_word' id='word_1_148' title='bbox 2119 1111 2309 1181; x_wconf 63' lang='grc' dir='ltr'><strong>ξομενο</strong></span> <span class='ocrx_word' id='word_1_149' title='bbox 2347 1114 2501 1180; x_wconf 64' lang='grc' dir='ltr'>φησὶ.</span> <span class='ocrx_word' id='word_1_150' title='bbox 2543 1112 2623 1183; x_wconf 83' lang='grc' dir='ltr'><strong>τῷ</strong></span> <span class='ocrx_word' id='word_1_151' title='bbox 2656 1119 2707 1182; x_wconf 85' lang='grc' dir='ltr'>γ’</span> <span class='ocrx_word' id='word_1_152' title='bbox 2754 1112 2854 1183; x_wconf 83' lang='grc' dir='ltr'>τῆς</span> <span class='ocrx_word' id='word_1_153' title='bbox 2893 1112 2938 1182; x_wconf 83' lang='grc' dir='ltr'><strong>β’</strong></span> <span class='ocrx_word' id='word_1_154' title='bbox 2971 1111 3197 1166; x_wconf 85' lang='grc' dir='ltr'>συνόδου</span> <span class='ocrx_word' id='word_1_155' title='bbox 3229 1113 3439 1174; x_wconf 88' lang='grc' dir='ltr'>κανόνι,</span> <span class='ocrx_word' id='word_1_156' title='bbox 3475 1113 3571 1164; x_wconf 78' lang='grc' dir='ltr'>καὶ</span> <span class='ocrx_word' id='word_1_157' title='bbox 3600 1113 3721 1181; x_wconf 79' lang='grc' dir='ltr'>ψη-</span> 
     </span>
    </p>
   </div>
   <div class='ocr_carea' id='block_1_23' title="bbox 2120 1202 3715 1274">
    <p class='ocr_par' dir='ltr' id='par_1_23' title="bbox 2120 1202 3715 1274">
     <span class='ocr_line' id='line_1_23' title="bbox 2120 1202 3715 1274; baseline 0.002 -20"><span class='ocrx_word' id='word_1_158' title='bbox 2120 1202 2416 1272; x_wconf 78' lang='grc' dir='ltr'>φιζόμεθα,</span> <span class='ocrx_word' id='word_1_159' title='bbox 2466 1205 2560 1257; x_wconf 85' lang='grc' dir='ltr'>τὸν</span> <span class='ocrx_word' id='word_1_160' title='bbox 2607 1204 2796 1274; x_wconf 80' lang='grc' dir='ltr'>θρόνον</span> <span class='ocrx_word' id='word_1_161' title='bbox 2848 1204 2949 1271; x_wconf 78' lang='grc' dir='ltr'><strong>τῆς</strong></span> <span class='ocrx_word' id='word_1_162' title='bbox 3000 1203 3316 1273; x_wconf 75' lang='grc' dir='ltr'><strong>ἁγιωτάτης</strong></span> <span class='ocrx_word' id='word_1_163' title='bbox 3369 1203 3715 1272; x_wconf 82' lang='grc' dir='ltr'>Ἐκκλησίας</span> 
     </span>
    </p>
   </div>
   <div class='ocr_carea' id='block_1_24' title="bbox 2122 1294 3717 1365">
    <p class='ocr_par' dir='ltr' id='par_1_24' title="bbox 2122 1294 3717 1365">
     <span class='ocr_line' id='line_1_24' title="bbox 2122 1294 3717 1365; baseline 0.001 -17"><span class='ocrx_word' id='word_1_164' title='bbox 2122 1295 2760 1359; x_wconf 80' lang='grc' dir='ltr'>Κωνσταντινουπόλεως</span> <span class='ocrx_word' id='word_1_165' title='bbox 2792 1296 2863 1349; x_wconf 81' lang='grc' dir='ltr'><strong>τὰ</strong></span> <span class='ocrx_word' id='word_1_166' title='bbox 2905 1294 2997 1350; x_wconf 81' lang='grc' dir='ltr'><strong>ῖσα</strong></span> <span class='ocrx_word' id='word_1_167' title='bbox 3029 1296 3221 1363; x_wconf 82' lang='grc' dir='ltr'>φέρειν</span> <span class='ocrx_word' id='word_1_168' title='bbox 3251 1295 3351 1365; x_wconf 80' lang='grc' dir='ltr'>τῆς</span> <span class='ocrx_word' id='word_1_169' title='bbox 3396 1295 3717 1363; x_wconf 75' lang='grc' dir='ltr'>πρεσϐυτέ-</span> 
     </span>
    </p>
   </div>
   <div class='ocr_carea' id='block_1_25' title="bbox 2124 1384 3718 1456">
    <p class='ocr_par' dir='ltr' id='par_1_25' title="bbox 2124 1384 3718 1456">
     <span class='ocr_line' id='line_1_25' title="bbox 2124 1384 3718 1456; baseline 0.001 -19"><span class='ocrx_word' id='word_1_170' title='bbox 2124 1401 2223 1454; x_wconf 88' lang='grc' dir='ltr'><strong>ρας</strong></span> <span class='ocrx_word' id='word_1_171' title='bbox 2264 1384 2486 1455; x_wconf 83' lang='grc' dir='ltr'><strong>Ῥώμης</strong></span> <span class='ocrx_word' id='word_1_172' title='bbox 2541 1386 2833 1455; x_wconf 79' lang='grc' dir='ltr'>πρεσϐεῖα,</span> <span class='ocrx_word' id='word_1_173' title='bbox 2864 1384 2962 1440; x_wconf 69' lang='grc' dir='ltr'>ἅτε</span> <span class='ocrx_word' id='word_1_174' title='bbox 3000 1386 3251 1456; x_wconf 83' lang='grc' dir='ltr'>βασιλείᾳ</span> <span class='ocrx_word' id='word_1_175' title='bbox 3282 1387 3378 1438; x_wconf 77' lang='grc' dir='ltr'>καὶ</span> <span class='ocrx_word' id='word_1_176' title='bbox 3412 1386 3718 1455; x_wconf 82' lang='grc' dir='ltr'><strong>συγκλήτῳ</strong></span> 
     </span>
    </p>
   </div>
   <div class='ocr_carea' id='block_1_26' title="bbox 2124 1475 3718 1550">
    <p class='ocr_par' dir='ltr' id='par_1_26' title="bbox 2124 1475 3718 1550">
     <span class='ocr_line' id='line_1_26' title="bbox 2124 1475 3718 1550; baseline 0.002 -21"><span class='ocrx_word' id='word_1_177' title='bbox 2124 1477 2476 1548; x_wconf 85' lang='grc' dir='ltr'>τιμηθεῖσαν.</span> <span class='ocrx_word' id='word_1_178' title='bbox 2513 1479 2702 1549; x_wconf 85' lang='grc' dir='ltr'>Ταύτη</span> <span class='ocrx_word' id='word_1_179' title='bbox 2727 1497 2833 1543; x_wconf 89' lang='grc' dir='ltr'>τοι,</span> <span class='ocrx_word' id='word_1_180' title='bbox 2863 1481 2958 1534; x_wconf 74' lang='grc' dir='ltr'>καὶ</span> <span class='ocrx_word' id='word_1_181' title='bbox 2989 1475 3081 1534; x_wconf 82' lang='grc' dir='ltr'><strong>οἷά</strong></span> <span class='ocrx_word' id='word_1_182' title='bbox 3110 1497 3218 1550; x_wconf 86' lang='grc' dir='ltr'><strong>περ</strong></span> <span class='ocrx_word' id='word_1_183' title='bbox 3245 1480 3480 1548; x_wconf 81' lang='grc' dir='ltr'>ἐκείνην,</span> <span class='ocrx_word' id='word_1_184' title='bbox 3510 1480 3571 1533; x_wconf 80' lang='grc' dir='ltr'>ὲν</span> <span class='ocrx_word' id='word_1_185' title='bbox 3591 1483 3718 1542; x_wconf 83' lang='grc' dir='ltr'>τοῖς</span> 
     </span>
    </p>
   </div>
   <div class='ocr_carea' id='block_1_27' title="bbox 2124 1570 3719 1642">
    <p class='ocr_par' dir='ltr' id='par_1_27' title="bbox 2124 1570 3719 1642">
     <span class='ocr_line' id='line_1_27' title="bbox 2124 1570 3719 1642; baseline 0.001 -20"><span class='ocrx_word' id='word_1_186' title='bbox 2124 1570 2607 1639; x_wconf 81' lang='grc' dir='ltr'>ὲκκλησιαστικοῖς</span> <span class='ocrx_word' id='word_1_187' title='bbox 2645 1571 2728 1624; x_wconf 90' lang='grc' dir='ltr'><strong>δεῖ</strong></span> <span class='ocrx_word' id='word_1_188' title='bbox 2783 1571 3187 1641; x_wconf 85' lang='grc' dir='ltr'>μεγαλύνεσθαι</span> <span class='ocrx_word' id='word_1_189' title='bbox 3217 1573 3559 1642; x_wconf 84' lang='grc' dir='ltr'>προνομίοις,</span> <span class='ocrx_word' id='word_1_190' title='bbox 3602 1590 3719 1624; x_wconf 80' lang='grc' dir='ltr'>πα-</span> 
     </span>
    </p>
   </div>
   <div class='ocr_carea' id='block_1_28' title="bbox 435 1662 2025 1737">
    <p class='ocr_par' dir='ltr' id='par_1_28' title="bbox 435 1668 2025 1737">
     <span class='ocr_line' id='line_1_28' title="bbox 435 1668 2025 1737; baseline -0.001 -16"><span class='ocrx_word' id='word_1_191' title='bbox 435 1669 657 1737; x_wconf 90' lang='lat' dir='ltr'><strong>quidem</strong></span> <span class='ocrx_word' id='word_1_192' title='bbox 699 1669 841 1723; x_wconf 89' lang='lat' dir='ltr'><strong>inter</strong></span> <span class='ocrx_word' id='word_1_193' title='bbox 884 1669 1022 1723; x_wconf 88' lang='lat' dir='ltr'><strong>alias</strong></span> <span class='ocrx_word' id='word_1_194' title='bbox 1065 1669 1351 1732; x_wconf 89' lang='lat' dir='ltr'><strong>ecclesias,</strong></span> <span class='ocrx_word' id='word_1_195' title='bbox 1404 1668 1707 1723; x_wconf 82' lang='lat' dir='ltr'><strong>secundum</strong></span> <span class='ocrx_word' id='word_1_196' title='bbox 1742 1681 1869 1721; x_wconf 87' lang='lat' dir='ltr'><strong>vero</strong></span> <span class='ocrx_word' id='word_1_197' title='bbox 1901 1674 2025 1735; x_wconf 83' lang='lat' dir='ltr'><strong>post</strong></span> 
     </span>
    </p>
   </div>
   <div class='ocr_carea' id='block_1_29' title="bbox 2130 1662 3715 1737">
    <p class='ocr_par' dir='ltr' id='par_1_29' title="bbox 2130 1662 3715 1734">
     <span class='ocr_line' id='line_1_29' title="bbox 2130 1662 3715 1734; baseline 0.002 -21"><span class='ocrx_word' id='word_1_198' title='bbox 2130 1662 2238 1714; x_wconf 91' lang='grc' dir='ltr'><strong>σῶν</strong></span> <span class='ocrx_word' id='word_1_199' title='bbox 2294 1662 2395 1731; x_wconf 74' lang='grc' dir='ltr'>μὲν</span> <span class='ocrx_word' id='word_1_200' title='bbox 2444 1662 2556 1715; x_wconf 88' lang='grc' dir='ltr'><strong>τῶν</strong></span> <span class='ocrx_word' id='word_1_201' title='bbox 2593 1662 2772 1716; x_wconf 79' lang='grc' dir='ltr'>ἄλλων</span> <span class='ocrx_word' id='word_1_202' title='bbox 2828 1664 3281 1734; x_wconf 83' lang='grc' dir='ltr'>προτιμωμένην,</span> <span class='ocrx_word' id='word_1_203' title='bbox 3334 1663 3600 1733; x_wconf 71' lang='grc' dir='ltr'>δευτέραν</span> <span class='ocrx_word' id='word_1_204' title='bbox 3649 1665 3715 1716; x_wconf 83' lang='grc' dir='ltr'>δὲ</span> 
     </span>
    </p>
   </div>
   <div class='ocr_carea' id='block_1_30' title="bbox 437 1759 2018 1828">
    <p class='ocr_par' dir='ltr' id='par_1_30' title="bbox 437 1759 2018 1828">
     <span class='ocr_line' id='line_1_30' title="bbox 437 1759 2018 1828; baseline -0.002 -14"><span class='ocrx_word' id='word_1_205' title='bbox 437 1761 587 1814; x_wconf 85' lang='lat' dir='ltr'><strong>illam</strong></span> <span class='ocrx_word' id='word_1_206' title='bbox 611 1764 788 1814; x_wconf 87' lang='lat' dir='ltr'><strong>locum</strong></span> <span class='ocrx_word' id='word_1_207' title='bbox 815 1761 1086 1825; x_wconf 88' lang='lat' dir='ltr'><strong>obtinere,</strong></span> <span class='ocrx_word' id='word_1_208' title='bbox 1112 1777 1238 1815; x_wconf 89' lang='lat' dir='ltr'><strong>nam</strong></span> <span class='ocrx_word' id='word_1_209' title='bbox 1265 1761 1526 1816; x_wconf 90' lang='lat' dir='ltr'><strong>omnibus</strong></span> <span class='ocrx_word' id='word_1_210' title='bbox 1550 1760 1731 1815; x_wconf 89' lang='lat' dir='ltr'><strong>modis</strong></span> <span class='ocrx_word' id='word_1_211' title='bbox 1752 1759 2018 1828; x_wconf 74' lang='lat' dir='ltr'><strong>aequalem</strong></span> 
     </span>
    </p>
   </div>
   <div class='ocr_carea' id='block_1_31' title="bbox 2133 1752 3717 1824">
    <p class='ocr_par' dir='ltr' id='par_1_31' title="bbox 2133 1752 3717 1824">
     <span class='ocr_line' id='line_1_31' title="bbox 2133 1752 3717 1824; baseline 0.002 -20"><span class='ocrx_word' id='word_1_212' title='bbox 2133 1752 2253 1821; x_wconf 83' lang='grc' dir='ltr'>μετ’</span> <span class='ocrx_word' id='word_1_213' title='bbox 2282 1753 2501 1823; x_wconf 77' lang='grc' dir='ltr'>ἐκείνην</span> <span class='ocrx_word' id='word_1_214' title='bbox 2549 1753 2924 1824; x_wconf 81' lang='grc' dir='ltr'>ὑπάρχουσαν,</span> <span class='ocrx_word' id='word_1_215' title='bbox 2957 1755 3066 1808; x_wconf 88' lang='grc' dir='ltr'><strong>τῶν</strong></span> <span class='ocrx_word' id='word_1_216' title='bbox 3099 1755 3232 1809; x_wconf 82' lang='grc' dir='ltr'>ίσων</span> <span class='ocrx_word' id='word_1_217' title='bbox 3272 1754 3383 1823; x_wconf 83' lang='grc' dir='ltr'><strong>γὰρ</strong></span> <span class='ocrx_word' id='word_1_218' title='bbox 3411 1756 3469 1807; x_wconf 81' lang='grc' dir='ltr'>ὲν</span> <span class='ocrx_word' id='word_1_219' title='bbox 3495 1754 3717 1807; x_wconf 69' lang='grc' dir='ltr'>ἅπασιν</span> 
     </span>
    </p>
   </div>
   <div class='ocr_carea' id='block_1_32' title="bbox 436 1842 2025 1923">
    <p class='ocr_par' dir='ltr' id='par_1_32' title="bbox 436 1852 2020 1923">
     <span class='ocr_line' id='line_1_32' title="bbox 436 1852 2020 1923; baseline 0 -18"><span class='ocrx_word' id='word_1_220' title='bbox 436 1852 745 1919; x_wconf 78' lang='lat' dir='ltr'><strong>intelligere</strong></span> <span class='ocrx_word' id='word_1_221' title='bbox 776 1869 886 1906; x_wconf 90' lang='lat' dir='ltr'><strong>non</strong></span> <span class='ocrx_word' id='word_1_222' title='bbox 926 1868 1224 1921; x_wconf 88' lang='lat' dir='ltr'><strong>possumus</strong></span> <span class='ocrx_word' id='word_1_223' title='bbox 1258 1872 1271 1907; x_wconf 89' lang='lat'><strong>:</strong></span> <span class='ocrx_word' id='word_1_224' title='bbox 1304 1854 1431 1907; x_wconf 86' lang='lat' dir='ltr'><strong>licet</strong></span> <span class='ocrx_word' id='word_1_225' title='bbox 1478 1854 1702 1923; x_wconf 88' lang='lat' dir='ltr'><strong>quidam</strong></span> <span class='ocrx_word' id='word_1_226' title='bbox 1755 1852 2020 1922; x_wconf 63' lang='lat' dir='ltr'><strong>praeposi-</strong></span> 
     </span>
    </p>
   </div>
   <div class='ocr_carea' id='block_1_33' title="bbox 2130 1842 3712 1923">
    <p class='ocr_par' dir='ltr' id='par_1_33' title="bbox 2130 1842 3712 1916">
     <span class='ocr_line' id='line_1_33' title="bbox 2130 1842 3712 1916; baseline 0.002 -19"><span class='ocrx_word' id='word_1_227' title='bbox 2130 1842 2410 1907; x_wconf 82' lang='grc' dir='ltr'>ἀξιοῦσθαι</span> <span class='ocrx_word' id='word_1_228' title='bbox 2433 1845 2639 1914; x_wconf 84' lang='grc' dir='ltr'>ταύτην</span> <span class='ocrx_word' id='word_1_229' title='bbox 2662 1845 2946 1915; x_wconf 83' lang='grc' dir='ltr'>ἀμήχανον</span> <span class='ocrx_word' id='word_1_230' title='bbox 2967 1860 2983 1877; x_wconf 84' lang='lat'><strong>&#39;</strong></span> <span class='ocrx_word' id='word_1_231' title='bbox 3018 1847 3067 1898; x_wconf 87' lang='grc' dir='ltr'><strong>εί</strong></span> <span class='ocrx_word' id='word_1_232' title='bbox 3091 1845 3188 1899; x_wconf 89' lang='grc' dir='ltr'><strong>καί</strong></span> <span class='ocrx_word' id='word_1_233' title='bbox 3218 1862 3364 1909; x_wconf 89' lang='grc' dir='ltr'>τινες</span> <span class='ocrx_word' id='word_1_234' title='bbox 3394 1845 3494 1916; x_wconf 80' lang='grc' dir='ltr'>τὴν</span> <span class='ocrx_word' id='word_1_235' title='bbox 3525 1846 3712 1914; x_wconf 80' lang='grc' dir='ltr'>μετὰ,</span> 
     </span>
    </p>
   </div>
   <div class='ocr_carea' id='block_1_34' title="bbox 436 1943 2015 2014">
    <p class='ocr_par' dir='ltr' id='par_1_34' title="bbox 436 1943 2015 2014">
     <span class='ocr_line' id='line_1_34' title="bbox 436 1943 2015 2014; baseline -0.001 -16"><span class='ocrx_word' id='word_1_236' title='bbox 436 1943 665 2010; x_wconf 87' lang='lat' dir='ltr'><strong>tionem,</strong></span> <span class='ocrx_word' id='word_1_237' title='bbox 710 1954 857 2014; x_wconf 89' lang='lat' dir='ltr'><strong>post,</strong></span> <span class='ocrx_word' id='word_1_238' title='bbox 899 1945 1129 1999; x_wconf 89' lang='lat' dir='ltr'><strong>omnino</strong></span> <span class='ocrx_word' id='word_1_239' title='bbox 1181 1945 1531 2011; x_wconf 75' lang='lat' dir='ltr'><strong>aﬂirmative,</strong></span> <span class='ocrx_word' id='word_1_240' title='bbox 1586 1946 1825 1999; x_wconf 83' lang='lat' dir='ltr'><strong>maxime</strong></span> <span class='ocrx_word' id='word_1_241' title='bbox 1884 1958 2015 1998; x_wconf 88' lang='lat' dir='ltr'><strong>vero</strong></span> 
     </span>
    </p>
   </div>
   <div class='ocr_carea' id='block_1_35' title="bbox 439 2036 2015 2108">
    <p class='ocr_par' dir='ltr' id='par_1_35' title="bbox 439 2036 2015 2108">
     <span class='ocr_line' id='line_1_35' title="bbox 439 2036 2015 2108; baseline 0 -18"><span class='ocrx_word' id='word_1_242' title='bbox 439 2036 664 2091; x_wconf 85' lang='lat' dir='ltr'><strong>indocto</strong></span> <span class='ocrx_word' id='word_1_243' title='bbox 686 2045 740 2091; x_wconf 91' lang='lat' dir='ltr'><strong>et</strong></span> <span class='ocrx_word' id='word_1_244' title='bbox 776 2038 1049 2107; x_wconf 88' lang='lat' dir='ltr'><strong>imperite,</strong></span> <span class='ocrx_word' id='word_1_245' title='bbox 1085 2038 1526 2108; x_wconf 84' lang='lat' dir='ltr'><strong>interpretantes,</strong></span> <span class='ocrx_word' id='word_1_246' title='bbox 1556 2054 1664 2093; x_wconf 92' lang='lat' dir='ltr'><strong>non</strong></span> <span class='ocrx_word' id='word_1_247' title='bbox 1697 2037 2015 2092; x_wconf 82' lang='lat' dir='ltr'><strong>inferiorem</strong></span> 
     </span>
    </p>
   </div>
   <div class='ocr_carea' id='block_1_36' title="bbox 334 2126 2016 2212">
    <p class='ocr_par' dir='ltr' id='par_1_36' title="bbox 334 2126 2016 2212">
     <span class='ocr_line' id='line_1_36' title="bbox 334 2126 2016 2212; baseline 0 -32"><span class='ocrx_word' id='word_1_248' title='bbox 334 2205 344 2212; x_wconf 32' lang='lat'><em>.</em></span> <span class='ocrx_word' id='word_1_249' title='bbox 439 2126 548 2181; x_wconf 91' lang='lat' dir='ltr'><strong>loci</strong></span> <span class='ocrx_word' id='word_1_250' title='bbox 601 2136 656 2182; x_wconf 89' lang='lat' dir='ltr'><strong>et</strong></span> <span class='ocrx_word' id='word_1_251' title='bbox 705 2128 992 2198; x_wconf 90' lang='lat' dir='ltr'><strong>dignitatis</strong></span> <span class='ocrx_word' id='word_1_252' title='bbox 1029 2130 1283 2199; x_wconf 86' lang='lat' dir='ltr'><strong>gradum,</strong></span> <span class='ocrx_word' id='word_1_253' title='bbox 1324 2132 1419 2185; x_wconf 86' lang='lat' dir='ltr'><strong>sed</strong></span> <span class='ocrx_word' id='word_1_254' title='bbox 1463 2129 1724 2199; x_wconf 89' lang='lat' dir='ltr'><strong>temporis</strong></span> <span class='ocrx_word' id='word_1_255' title='bbox 1766 2128 2016 2183; x_wconf 87' lang='lat' dir='ltr'><strong>ordinem</strong></span> 
     </span>
    </p>
   </div>
   <div class='ocr_carea' id='block_1_37' title="bbox 441 2218 2020 2300">
    <p class='ocr_par' dir='ltr' id='par_1_37' title="bbox 441 2218 2020 2300">
     <span class='ocr_line' id='line_1_37' title="bbox 441 2218 2020 2300; baseline 0.001 -27"><span class='ocrx_word' id='word_1_256' title='bbox 441 2218 755 2289; x_wconf 77' lang='lat' dir='ltr'><strong>signiﬁcare</strong></span> <span class='ocrx_word' id='word_1_257' title='bbox 789 2222 1198 2277; x_wconf 81' lang='lat' dir='ltr'><strong>existimavere.</strong></span> <span class='ocrx_word' id='word_1_258' title='bbox 1244 2221 1382 2276; x_wconf 86' lang='lat' dir='ltr'><strong>Nam</strong></span> <span class='ocrx_word' id='word_1_259' title='bbox 1427 2223 1481 2275; x_wconf 93' lang='lat' dir='ltr'><strong>in</strong></span> <span class='ocrx_word' id='word_1_260' title='bbox 1534 2221 2020 2300; x_wconf 68' lang='lat' dir='ltr'><strong>nominibusreci-</strong></span> 
     </span>
    </p>
   </div>
   <div class='ocr_carea' id='block_1_38' title="bbox 443 2310 2021 2383">
    <p class='ocr_par' dir='ltr' id='par_1_38' title="bbox 443 2310 2021 2383">
     <span class='ocr_line' id='line_1_38' title="bbox 443 2310 2021 2383; baseline 0.004 -21"><span class='ocrx_word' id='word_1_261' title='bbox 443 2310 623 2365; x_wconf 79' lang='lat' dir='ltr'><strong>tandis</strong></span> <span class='ocrx_word' id='word_1_262' title='bbox 674 2325 897 2365; x_wconf 85' lang='lat' dir='ltr'><strong>necesse</strong></span> <span class='ocrx_word' id='word_1_263' title='bbox 955 2320 1041 2367; x_wconf 86' lang='lat' dir='ltr'><strong>est</strong></span> <span class='ocrx_word' id='word_1_264' title='bbox 1073 2321 1132 2367; x_wconf 92' lang='lat' dir='ltr'><strong>ut</strong></span> <span class='ocrx_word' id='word_1_265' title='bbox 1186 2329 1354 2367; x_wconf 91' lang='lat' dir='ltr'><strong>unum</strong></span> <span class='ocrx_word' id='word_1_266' title='bbox 1403 2314 1577 2383; x_wconf 78' lang='lat' dir='ltr'><strong>prius,</strong></span> <span class='ocrx_word' id='word_1_267' title='bbox 1609 2314 1839 2368; x_wconf 88' lang='lat' dir='ltr'><strong>alterum</strong></span> <span class='ocrx_word' id='word_1_268' title='bbox 1890 2329 2021 2368; x_wconf 87' lang='lat' dir='ltr'><strong>vero</strong></span> 
     </span>
    </p>
   </div>
   <div class='ocr_carea' id='block_1_39' title="bbox 444 2401 2018 2471">
    <p class='ocr_par' dir='ltr' id='par_1_39' title="bbox 444 2401 2018 2471">
     <span class='ocr_line' id='line_1_39' title="bbox 444 2401 2018 2471; baseline 0.003 -17"><span class='ocrx_word' id='word_1_269' title='bbox 444 2401 722 2469; x_wconf 90' lang='lat' dir='ltr'><strong>posterius</strong></span> <span class='ocrx_word' id='word_1_270' title='bbox 747 2403 1091 2471; x_wconf 83' lang='lat' dir='ltr'><strong>proferatur;</strong></span> <span class='ocrx_word' id='word_1_271' title='bbox 1127 2413 1186 2458; x_wconf 92' lang='lat' dir='ltr'><strong>ut</strong></span> <span class='ocrx_word' id='word_1_272' title='bbox 1212 2413 1265 2459; x_wconf 88' lang='lat' dir='ltr'><strong>et</strong></span> <span class='ocrx_word' id='word_1_273' title='bbox 1295 2405 1347 2458; x_wconf 91' lang='lat' dir='ltr'><strong>in</strong></span> <span class='ocrx_word' id='word_1_274' title='bbox 1375 2419 1665 2471; x_wconf 79' lang='lat' dir='ltr'><strong>consessu,</strong></span> <span class='ocrx_word' id='word_1_275' title='bbox 1699 2406 1933 2461; x_wconf 88' lang='lat' dir='ltr'><strong>etctiam</strong></span> <span class='ocrx_word' id='word_1_276' title='bbox 1961 2406 2018 2459; x_wconf 92' lang='lat' dir='ltr'><strong>in</strong></span> 
     </span>
    </p>
   </div>
   <div class='ocr_carea' id='block_1_40' title="bbox 443 2492 1387 2563">
    <p class='ocr_par' dir='ltr' id='par_1_40' title="bbox 443 2492 1387 2563">
     <span class='ocr_line' id='line_1_40' title="bbox 443 2492 1387 2563; baseline 0.006 -17"><span class='ocrx_word' id='word_1_277' title='bbox 443 2492 941 2563; x_wconf 89' lang='lat' dir='ltr'><strong>subscriptionibus</strong></span> <span class='ocrx_word' id='word_1_278' title='bbox 956 2497 1207 2552; x_wconf 80' lang='lat' dir='ltr'><strong>accidere</strong></span> <span class='ocrx_word' id='word_1_279' title='bbox 1226 2498 1387 2552; x_wconf 82' lang='lat' dir='ltr'><strong>solet.</strong></span> 
     </span>
    </p>
   </div>
   <div class='ocr_carea' id='block_1_41' title="bbox 517 2581 2024 2652">
    <p class='ocr_par' dir='ltr' id='par_1_41' title="bbox 517 2581 2024 2652">
     <span class='ocr_line' id='line_1_41' title="bbox 517 2581 2024 2652; baseline 0.005 -16"><span class='ocrx_word' id='word_1_280' title='bbox 517 2581 755 2652; x_wconf 87' lang='lat' dir='ltr'><strong>Insignis</strong></span> <span class='ocrx_word' id='word_1_281' title='bbox 819 2583 924 2640; x_wconf 86' lang='lat' dir='ltr'><strong>hoc</strong></span> <span class='ocrx_word' id='word_1_282' title='bbox 976 2585 1111 2641; x_wconf 88' lang='lat' dir='ltr'><strong>dicit</strong></span> <span class='ocrx_word' id='word_1_283' title='bbox 1170 2585 1439 2650; x_wconf 79' lang='lat' dir='ltr'><strong>Zonaras,</strong></span> <span class='ocrx_word' id='word_1_284' title='bbox 1492 2586 1569 2641; x_wconf 87' lang='lat' dir='ltr'><strong>Ne</strong></span> <span class='ocrx_word' id='word_1_285' title='bbox 1624 2586 1768 2642; x_wconf 80' lang='lat' dir='ltr'><strong>forte</strong></span> <span class='ocrx_word' id='word_1_286' title='bbox 1821 2588 2024 2643; x_wconf 69' lang='lat' dir='ltr'><strong>dixerit</strong></span> 
     </span>
    </p>
   </div>
   <div class='ocr_carea' id='block_1_42' title="bbox 444 2675 2020 2751">
    <p class='ocr_par' dir='ltr' id='par_1_42' title="bbox 444 2675 2020 2751">
     <span class='ocr_line' id='line_1_42' title="bbox 444 2675 2020 2751; baseline 0.006 -26"><span class='ocrx_word' id='word_1_287' title='bbox 444 2675 744 2744; x_wconf 67' lang='lat' dir='ltr'><strong>quistiiam,</strong></span> <span class='ocrx_word' id='word_1_288' title='bbox 767 2677 1028 2746; x_wconf 86' lang='lat' dir='ltr'><strong>quoniam</strong></span> <span class='ocrx_word' id='word_1_289' title='bbox 1050 2679 1222 2734; x_wconf 84' lang='lat' dir='ltr'><strong>divini</strong></span> <span class='ocrx_word' id='word_1_290' title='bbox 1258 2679 1472 2750; x_wconf 80' lang='lat' dir='ltr'><strong>Patres,</strong></span> <span class='ocrx_word' id='word_1_291' title='bbox 1491 2680 1735 2736; x_wconf 79' lang='lat' dir='ltr'><strong>futurum</strong></span> <span class='ocrx_word' id='word_1_292' title='bbox 1762 2691 2020 2751; x_wconf 87' lang='lat' dir='ltr'><strong>tanquam</strong></span> 
     </span>
    </p>
   </div>
   <div class='ocr_carea' id='block_1_43' title="bbox 445 2773 2021 2844">
    <p class='ocr_par' dir='ltr' id='par_1_43' title="bbox 445 2773 2021 2844">
     <span class='ocr_line' id='line_1_43' title="bbox 445 2773 2021 2844; baseline 0.004 -21"><span class='ocrx_word' id='word_1_293' title='bbox 445 2785 687 2838; x_wconf 67' lang='lat' dir='ltr'><strong>praesens</strong></span> <span class='ocrx_word' id='word_1_294' title='bbox 729 2773 1116 2842; x_wconf 85' lang='lat' dir='ltr'><strong>praevidentes,</strong></span> <span class='ocrx_word' id='word_1_295' title='bbox 1150 2774 1453 2829; x_wconf 83' lang='lat' dir='ltr'><strong>Romanam</strong></span> <span class='ocrx_word' id='word_1_296' title='bbox 1491 2790 1684 2844; x_wconf 87' lang='lat' dir='ltr'><strong>nempe</strong></span> <span class='ocrx_word' id='word_1_297' title='bbox 1723 2775 2021 2831; x_wconf 83' lang='lat' dir='ltr'><strong>Ecclesiam</strong></span> 
     </span>
    </p>
   </div>
   <div class='ocr_carea' id='block_1_44' title="bbox 445 2868 2021 2933">
    <p class='ocr_par' dir='ltr' id='par_1_44' title="bbox 445 2868 2021 2933">
     <span class='ocr_line' id='line_1_44' title="bbox 445 2868 2021 2933; baseline 0.004 -18"><span class='ocrx_word' id='word_1_298' title='bbox 445 2875 674 2932; x_wconf 81' lang='lat' dir='ltr'><strong>propter</strong></span> <span class='ocrx_word' id='word_1_299' title='bbox 700 2881 921 2920; x_wconf 87' lang='lat' dir='ltr'><strong>errores</strong></span> <span class='ocrx_word' id='word_1_300' title='bbox 954 2882 1088 2921; x_wconf 87' lang='lat' dir='ltr'><strong>suos</strong></span> <span class='ocrx_word' id='word_1_301' title='bbox 1112 2868 1180 2921; x_wconf 89' lang='lat' dir='ltr'><strong>ab</strong></span> <span class='ocrx_word' id='word_1_302' title='bbox 1203 2869 1640 2922; x_wconf 82' lang='lat' dir='ltr'><strong>orthodoxorum</strong></span> <span class='ocrx_word' id='word_1_303' title='bbox 1664 2878 1807 2923; x_wconf 67' lang='lat' dir='ltr'><strong>caatu</strong></span> <span class='ocrx_word' id='word_1_304' title='bbox 1835 2884 2021 2933; x_wconf 77' lang='lat' dir='ltr'><strong>segre-</strong></span> 
     </span>
    </p>
   </div>
   <div class='ocr_carea' id='block_1_45' title="bbox 444 2956 2026 3026">
    <p class='ocr_par' dir='ltr' id='par_1_45' title="bbox 444 2956 2026 3026">
     <span class='ocr_line' id='line_1_45' title="bbox 444 2956 2026 3026; baseline 0.005 -20"><span class='ocrx_word' id='word_1_305' title='bbox 444 2956 704 3021; x_wconf 84' lang='lat' dir='ltr'><strong>gandam,</strong></span> <span class='ocrx_word' id='word_1_306' title='bbox 741 2966 907 3026; x_wconf 89' lang='lat' dir='ltr'><strong>atque</strong></span> <span class='ocrx_word' id='word_1_307' title='bbox 938 2958 1006 3012; x_wconf 89' lang='lat' dir='ltr'><strong>ab</strong></span> <span class='ocrx_word' id='word_1_308' title='bbox 1036 2959 1186 3012; x_wconf 89' lang='lat' dir='ltr'><strong>omni</strong></span> <span class='ocrx_word' id='word_1_309' title='bbox 1221 2959 1463 3013; x_wconf 83' lang='lat' dir='ltr'><strong>ﬁdelium</strong></span> <span class='ocrx_word' id='word_1_310' title='bbox 1493 2961 1774 3016; x_wconf 88' lang='lat' dir='ltr'><strong>consortio</strong></span> <span class='ocrx_word' id='word_1_311' title='bbox 1797 2962 2026 3015; x_wconf 85' lang='lat' dir='ltr'><strong>elimau-</strong></span> 
     </span>
    </p>
   </div>
   <div class='ocr_carea' id='block_1_46' title="bbox 446 3047 2021 3123">
    <p class='ocr_par' dir='ltr' id='par_1_46' title="bbox 446 3047 2021 3123">
     <span class='ocr_line' id='line_1_46' title="bbox 446 3047 2021 3123; baseline 0.004 -22"><span class='ocrx_word' id='word_1_312' title='bbox 446 3047 572 3102; x_wconf 88' lang='lat' dir='ltr'><strong>dam</strong></span> <span class='ocrx_word' id='word_1_313' title='bbox 601 3052 739 3112; x_wconf 87' lang='lat' dir='ltr'><strong>lore,</strong></span> <span class='ocrx_word' id='word_1_314' title='bbox 770 3051 977 3120; x_wconf 86' lang='lat' dir='ltr'><strong>primas</strong></span> <span class='ocrx_word' id='word_1_315' title='bbox 1005 3052 1135 3105; x_wconf 86' lang='lat' dir='ltr'><strong>huic</strong></span> <span class='ocrx_word' id='word_1_316' title='bbox 1165 3052 1505 3121; x_wconf 87' lang='lat' dir='ltr'><strong>detulerunt,</strong></span> <span class='ocrx_word' id='word_1_317' title='bbox 1535 3063 1699 3123; x_wconf 85' lang='lat' dir='ltr'><strong>atque</strong></span> <span class='ocrx_word' id='word_1_318' title='bbox 1724 3055 1797 3108; x_wconf 85' lang='lat' dir='ltr'><strong>ita</strong></span> <span class='ocrx_word' id='word_1_319' title='bbox 1830 3054 2021 3109; x_wconf 81' lang='lat' dir='ltr'><strong>iisdem</strong></span> 
     </span>
    </p>
   </div>
   <div class='ocr_carea' id='block_1_47' title="bbox 447 3139 2021 3216">
    <p class='ocr_par' dir='ltr' id='par_1_47' title="bbox 447 3139 2021 3216">
     <span class='ocr_line' id='line_1_47' title="bbox 447 3139 2021 3216; baseline 0.006 -24"><span class='ocrx_word' id='word_1_320' title='bbox 447 3139 753 3210; x_wconf 82' lang='lat' dir='ltr'><strong>privilegiis</strong></span> <span class='ocrx_word' id='word_1_321' title='bbox 776 3157 897 3195; x_wconf 88' lang='lat' dir='ltr'><strong>eam</strong></span> <span class='ocrx_word' id='word_1_322' title='bbox 949 3142 1301 3210; x_wconf 88' lang='lat' dir='ltr'><strong>decorarunt,</strong></span> <span class='ocrx_word' id='word_1_323' title='bbox 1330 3161 1450 3215; x_wconf 74' lang='lat' dir='ltr'><strong>qua:</strong></span> <span class='ocrx_word' id='word_1_324' title='bbox 1490 3156 1545 3200; x_wconf 93' lang='lat' dir='ltr'><strong>ut</strong></span> <span class='ocrx_word' id='word_1_325' title='bbox 1581 3146 1668 3199; x_wconf 90' lang='lat' dir='ltr'><strong>illa</strong></span> <span class='ocrx_word' id='word_1_326' title='bbox 1702 3147 2021 3216; x_wconf 84' lang='lat' dir='ltr'><strong>aliquando,</strong></span> 
     </span>
    </p>
   </div>
   <div class='ocr_carea' id='block_1_48' title="bbox 446 3235 2023 3305">
    <p class='ocr_par' dir='ltr' id='par_1_48' title="bbox 446 3235 2023 3305">
     <span class='ocr_line' id='line_1_48' title="bbox 446 3235 2023 3305; baseline 0.005 -20"><span class='ocrx_word' id='word_1_327' title='bbox 446 3235 815 3305; x_wconf 84' lang='lat' dir='ltr'><strong>principatum</strong></span> <span class='ocrx_word' id='word_1_328' title='bbox 854 3236 906 3290; x_wconf 90' lang='lat' dir='ltr'><strong>in</strong></span> <span class='ocrx_word' id='word_1_329' title='bbox 953 3238 1208 3293; x_wconf 89' lang='lat' dir='ltr'><strong>omnibus</strong></span> <span class='ocrx_word' id='word_1_330' title='bbox 1251 3237 1382 3293; x_wconf 92' lang='lat' dir='ltr'><strong>olim</strong></span> <span class='ocrx_word' id='word_1_331' title='bbox 1418 3239 1704 3295; x_wconf 85' lang='lat' dir='ltr'><strong>obtinebit.</strong></span> <span class='ocrx_word' id='word_1_332' title='bbox 1758 3240 1833 3294; x_wconf 85' lang='lat' dir='ltr'><strong>De</strong></span> <span class='ocrx_word' id='word_1_333' title='bbox 1877 3240 2023 3293; x_wconf 80' lang='lat' dir='ltr'><strong>Con-</strong></span> 
     </span>
    </p>
   </div>
   <div class='ocr_carea' id='block_1_49' title="bbox 449 3326 2025 3400">
    <p class='ocr_par' dir='ltr' id='par_1_49' title="bbox 449 3326 2025 3400">
     <span class='ocr_line' id='line_1_49' title="bbox 449 3326 2025 3400; baseline 0.003 -19"><span class='ocrx_word' id='word_1_334' title='bbox 449 3326 956 3395; x_wconf 64' lang='lat' dir='ltr'><strong>stantinopolitanae</strong></span> <span class='ocrx_word' id='word_1_335' title='bbox 989 3344 1156 3398; x_wconf 85' lang='lat' dir='ltr'><strong>porro</strong></span> <span class='ocrx_word' id='word_1_336' title='bbox 1189 3327 1451 3386; x_wconf 79' lang='lat' dir='ltr'><strong>Ecclesiae</strong></span> <span class='ocrx_word' id='word_1_337' title='bbox 1472 3330 1774 3400; x_wconf 84' lang='lat' dir='ltr'><strong>privilegiis</strong></span> <span class='ocrx_word' id='word_1_338' title='bbox 1807 3330 2025 3386; x_wconf 89' lang='lat' dir='ltr'><strong>abunde</strong></span> 
     </span>
    </p>
   </div>
   <div class='ocr_carea' id='block_1_50' title="bbox 448 3417 2025 3491">
    <p class='ocr_par' dir='ltr' id='par_1_50' title="bbox 448 3417 2025 3491">
     <span class='ocr_line' id='line_1_50' title="bbox 448 3417 2025 3491; baseline 0.006 -22"><span class='ocrx_word' id='word_1_339' title='bbox 448 3417 729 3474; x_wconf 89' lang='lat' dir='ltr'><strong>disserens</strong></span> <span class='ocrx_word' id='word_1_340' title='bbox 753 3434 955 3485; x_wconf 88' lang='lat' dir='ltr'><strong>canon,</strong></span> <span class='ocrx_word' id='word_1_341' title='bbox 991 3421 1060 3478; x_wconf 90' lang='lat' dir='ltr'><strong>de</strong></span> <span class='ocrx_word' id='word_1_342' title='bbox 1091 3422 1421 3478; x_wconf 73' lang='lat' dir='ltr'><strong>dimcesibus</strong></span> <span class='ocrx_word' id='word_1_343' title='bbox 1460 3424 1626 3477; x_wconf 89' lang='lat' dir='ltr'><strong>etiam</strong></span> <span class='ocrx_word' id='word_1_344' title='bbox 1657 3423 1732 3477; x_wconf 89' lang='lat' dir='ltr'><strong>illi</strong></span> <span class='ocrx_word' id='word_1_345' title='bbox 1763 3418 2025 3491; x_wconf 83' lang='lat' dir='ltr'><strong>subjectis</strong></span> 
     </span>
    </p>
   </div>
   <div class='ocr_carea' id='block_1_51' title="bbox 447 3508 2027 3584">
    <p class='ocr_par' dir='ltr' id='par_1_51' title="bbox 447 3508 2027 3584">
     <span class='ocr_line' id='line_1_51' title="bbox 447 3508 2027 3584; baseline 0.006 -23"><span class='ocrx_word' id='word_1_346' title='bbox 447 3508 774 3577; x_wconf 90' lang='lat' dir='ltr'><strong>constituit;</strong></span> <span class='ocrx_word' id='word_1_347' title='bbox 846 3512 1005 3584; x_wconf 78' lang='lat'><strong>115</strong></span> <span class='ocrx_word' id='word_1_348' title='bbox 1060 3514 1185 3568; x_wconf 90' lang='lat' dir='ltr'><strong>illas</strong></span> <span class='ocrx_word' id='word_1_349' title='bbox 1232 3530 1364 3570; x_wconf 83' lang='lat' dir='ltr'><strong>vero</strong></span> <span class='ocrx_word' id='word_1_350' title='bbox 1409 3515 1544 3571; x_wconf 88' lang='lat' dir='ltr'><strong>dicit</strong></span> <span class='ocrx_word' id='word_1_351' title='bbox 1596 3531 1719 3571; x_wconf 88' lang='lat' dir='ltr'><strong>esse</strong></span> <span class='ocrx_word' id='word_1_352' title='bbox 1761 3516 2027 3572; x_wconf 72' lang='lat' dir='ltr'><strong>diteceses</strong></span> 
     </span>
    </p>
   </div>
   <div class='ocr_carea' id='block_1_52' title="bbox 446 3594 2025 3674">
    <p class='ocr_par' dir='ltr' id='par_1_52' title="bbox 446 3594 2025 3674">
     <span class='ocr_line' id='line_1_52' title="bbox 446 3594 2025 3674; baseline 0.006 -25"><span class='ocrx_word' id='word_1_353' title='bbox 446 3594 611 3662; x_wconf 61' lang='grc' dir='ltr'>Λεία),</span> <span class='ocrx_word' id='word_1_354' title='bbox 660 3597 816 3654; x_wconf 91' lang='lat' dir='ltr'><strong>Ponti</strong></span> <span class='ocrx_word' id='word_1_355' title='bbox 862 3613 915 3655; x_wconf 91' lang='lat' dir='ltr'><strong>et</strong></span> <span class='ocrx_word' id='word_1_356' title='bbox 975 3601 1244 3658; x_wconf 79' lang='lat' dir='ltr'><strong>Thraciae.</strong></span> <span class='ocrx_word' id='word_1_357' title='bbox 1275 3603 1341 3658; x_wconf 89' lang='lat' dir='ltr'><strong>Et</strong></span> <span class='ocrx_word' id='word_1_358' title='bbox 1370 3605 1587 3659; x_wconf 59' lang='lat' dir='ltr'><strong>Asiana!</strong></span> <span class='ocrx_word' id='word_1_359' title='bbox 1633 3604 1854 3674; x_wconf 81' lang='lat' dir='ltr'><strong>quidem</strong></span> <span class='ocrx_word' id='word_1_360' title='bbox 1886 3606 2025 3659; x_wconf 67' lang='lat' dir='ltr'><strong>diua-</strong></span> 
     </span>
    </p>
   </div>
   <div class='ocr_carea' id='block_1_53' title="bbox 448 3692 2029 3764">
    <p class='ocr_par' dir='ltr' id='par_1_53' title="bbox 448 3692 2029 3764">
     <span class='ocr_line' id='line_1_53' title="bbox 448 3692 2029 3764; baseline 0.006 -25"><span class='ocrx_word' id='word_1_361' title='bbox 448 3701 604 3741; x_wconf 85' lang='lat' dir='ltr'><strong>ccses</strong></span> <span class='ocrx_word' id='word_1_362' title='bbox 639 3699 789 3754; x_wconf 88' lang='lat' dir='ltr'><strong>sunt,</strong></span> <span class='ocrx_word' id='word_1_363' title='bbox 819 3706 940 3759; x_wconf 66' lang='lat' dir='ltr'><strong>quae</strong></span> <span class='ocrx_word' id='word_1_364' title='bbox 987 3694 1053 3748; x_wconf 90' lang='lat' dir='ltr'><strong>ad</strong></span> <span class='ocrx_word' id='word_1_365' title='bbox 1086 3692 1330 3748; x_wconf 83' lang='lat' dir='ltr'><strong>Taurum</strong></span> <span class='ocrx_word' id='word_1_366' title='bbox 1367 3710 1542 3764; x_wconf 90' lang='lat' dir='ltr'><strong>usque</strong></span> <span class='ocrx_word' id='word_1_367' title='bbox 1573 3703 1811 3748; x_wconf 89' lang='lat' dir='ltr'><strong>montem</strong></span> <span class='ocrx_word' id='word_1_368' title='bbox 1838 3704 2029 3748; x_wconf 80' lang='lat' dir='ltr'><strong>exten-</strong></span> 
     </span>
    </p>
   </div>
   <div class='ocr_carea' id='block_1_54' title="bbox 451 3778 2025 3856">
    <p class='ocr_par' dir='ltr' id='par_1_54' title="bbox 451 3778 2025 3856">
     <span class='ocr_line' id='line_1_54' title="bbox 451 3778 2025 3856; baseline 0.007 -25"><span class='ocrx_word' id='word_1_369' title='bbox 451 3778 690 3847; x_wconf 88' lang='lat' dir='ltr'><strong>duntur;</strong></span> <span class='ocrx_word' id='word_1_370' title='bbox 722 3782 958 3838; x_wconf 76' lang='lat' dir='ltr'><strong>Pontica:</strong></span> <span class='ocrx_word' id='word_1_371' title='bbox 981 3801 1132 3848; x_wconf 90' lang='lat' dir='ltr'><strong>vero,</strong></span> <span class='ocrx_word' id='word_1_372' title='bbox 1159 3802 1281 3856; x_wconf 60' lang='lat' dir='ltr'><strong>quae</strong></span> <span class='ocrx_word' id='word_1_373' title='bbox 1310 3788 1484 3842; x_wconf 87' lang='lat' dir='ltr'><strong>Ponto</strong></span> <span class='ocrx_word' id='word_1_374' title='bbox 1517 3788 1729 3841; x_wconf 86' lang='lat' dir='ltr'><strong>Euxino</strong></span> <span class='ocrx_word' id='word_1_375' title='bbox 1747 3786 2025 3856; x_wconf 83' lang='lat' dir='ltr'><strong>adjacent,</strong></span> 
     </span>
    </p>
   </div>
   <div class='ocr_carea' id='block_1_55' title="bbox 451 3865 2026 3945">
    <p class='ocr_par' dir='ltr' id='par_1_55' title="bbox 451 3865 2026 3945">
     <span class='ocr_line' id='line_1_55' title="bbox 451 3865 2026 3945; baseline 0.006 -24"><span class='ocrx_word' id='word_1_376' title='bbox 451 3865 853 3937; x_wconf 85' lang='lat' dir='ltr'><strong>Trapezuntem</strong></span> <span class='ocrx_word' id='word_1_377' title='bbox 897 3889 1067 3945; x_wconf 88' lang='lat' dir='ltr'><strong>usque</strong></span> <span class='ocrx_word' id='word_1_378' title='bbox 1103 3885 1157 3931; x_wconf 90' lang='lat' dir='ltr'><strong>et</strong></span> <span class='ocrx_word' id='word_1_379' title='bbox 1184 3876 1455 3943; x_wconf 86' lang='lat' dir='ltr'><strong>interius;</strong></span> <span class='ocrx_word' id='word_1_380' title='bbox 1490 3876 1774 3933; x_wconf 68' lang='lat' dir='ltr'><strong>Thracicaa</strong></span> <span class='ocrx_word' id='word_1_381' title='bbox 1824 3888 2026 3945; x_wconf 82' lang='lat' dir='ltr'><strong>autem,</strong></span> 
     </span>
    </p>
   </div>
   <div class='ocr_carea' id='block_1_56' title="bbox 451 3961 1676 4041">
    <p class='ocr_par' dir='ltr' id='par_1_56' title="bbox 451 3961 1676 4041">
     <span class='ocr_line' id='line_1_56' title="bbox 451 3961 1676 4041; baseline 0.008 -26"><span class='ocrx_word' id='word_1_382' title='bbox 451 3976 575 4031; x_wconf 69' lang='lat' dir='ltr'><strong>qua:</strong></span> <span class='ocrx_word' id='word_1_383' title='bbox 600 3973 729 4019; x_wconf 90' lang='lat' dir='ltr'><strong>sunt</strong></span> <span class='ocrx_word' id='word_1_384' title='bbox 756 3980 928 4037; x_wconf 90' lang='lat' dir='ltr'><strong>usque</strong></span> <span class='ocrx_word' id='word_1_385' title='bbox 963 3968 1226 4039; x_wconf 86' lang='lat' dir='ltr'><strong>adipsum</strong></span> <span class='ocrx_word' id='word_1_386' title='bbox 1256 3961 1676 4041; x_wconf 73' lang='lat' dir='ltr'><strong>Dyrrhachium.</strong></span> 
     </span>
    </p>
   </div>
   <div class='ocr_carea' id='block_1_57' title="bbox 453 4200 2030 4335">
    <p class='ocr_par' dir='ltr' id='par_1_57' title="bbox 453 4200 2030 4335">
     <span class='ocr_line' id='line_1_57' title="bbox 453 4200 2030 4335; baseline 0.008 -79"><span class='ocrx_word' id='word_1_387' title='bbox 453 4200 632 4269; x_wconf 81' lang='lat' dir='ltr'><strong>Quare</strong></span> <span class='ocrx_word' id='word_1_388' title='bbox 700 4204 1182 4265; x_wconf 77' lang='lat' dir='ltr'><strong>Thessalonicensis</strong></span> <span class='ocrx_word' id='word_1_389' title='bbox 1231 4213 1518 4335; x_wconf 52' lang='lat' dir='ltr'><strong>lepiscopus</strong></span> <span class='ocrx_word' id='word_1_390' title='bbox 1583 4214 1693 4283; x_wconf 74' lang='lat' dir='ltr'><strong>fuit</strong></span> <span class='ocrx_word' id='word_1_391' title='bbox 1750 4229 1904 4284; x_wconf 70' lang='lat' dir='ltr'><strong>papae</strong></span> <span class='ocrx_word' id='word_1_392' title='bbox 1949 4214 2030 4268; x_wconf 81' lang='lat' dir='ltr'><strong>le-</strong></span> 
     </span>
     <span class='ocr_line' id='line_1_58' title="bbox 1161 4299 1339 4335; baseline 0 0"><span class='ocrx_word' id='word_1_393' title='bbox 1161 4299 1224 4335; x_wconf 91' lang='lat' dir='ltr'><strong>aa</strong></span> <span class='ocrx_word' id='word_1_394' title='bbox 1255 4300 1339 4335; x_wconf 77' lang='lat' dir='ltr'><strong>us.</strong></span> 
     </span>
    </p>
   </div>
   <div class='ocr_carea' id='block_1_58' title="bbox 1159 4299 1339 4351">
    <p class='ocr_par' dir='ltr' id='par_1_58' title="bbox 1159 4299 1339 4351">
     <span class='ocr_line' id='line_1_59' title="bbox 1159 4299 1339 4351; baseline 0.011 -17"><span class='ocrx_word' id='word_1_395' title='bbox 1159 4299 1339 4351; x_wconf 80' lang='lat' dir='ltr'><strong>gams.</strong></span> 
     </span>
    </p>
   </div>
   <div class='ocr_carea' id='block_1_59' title="bbox 525 4409 2030 4483">
    <p class='ocr_par' dir='ltr' id='par_1_59' title="bbox 525 4409 2030 4483">
     <span class='ocr_line' id='line_1_60' title="bbox 525 4409 2030 4483; baseline 0.005 -18"><span class='ocrx_word' id='word_1_396' title='bbox 525 4409 851 4481; x_wconf 84' lang='lat' dir='ltr'><strong>Quanquam</strong></span> <span class='ocrx_word' id='word_1_397' title='bbox 868 4413 999 4467; x_wconf 92' lang='lat' dir='ltr'><strong>olim</strong></span> <span class='ocrx_word' id='word_1_398' title='bbox 1033 4415 1206 4483; x_wconf 87' lang='lat' dir='ltr'><strong>episc.</strong></span> <span class='ocrx_word' id='word_1_399' title='bbox 1239 4412 1793 4472; x_wconf 83' lang='lat' dir='ltr'><strong>Thessalonicensem</strong></span> <span class='ocrx_word' id='word_1_400' title='bbox 1813 4426 1868 4472; x_wconf 92' lang='lat' dir='ltr'><strong>et</strong></span> <span class='ocrx_word' id='word_1_401' title='bbox 1891 4417 2030 4472; x_wconf 85' lang='lat' dir='ltr'><strong>alios</strong></span> 
     </span>
    </p>
   </div>
   <div class='ocr_carea' id='block_1_60' title="bbox 452 4505 2110 4599">
    <p class='ocr_par' dir='ltr' id='par_1_60' title="bbox 452 4505 2110 4599">
     <span class='ocr_line' id='line_1_61' title="bbox 452 4505 2110 4599; baseline 0 -36"><span class='ocrx_word' id='word_1_402' title='bbox 452 4506 831 4563; x_wconf 67' lang='lat' dir='ltr'><strong>Occidentales</strong></span> <span class='ocrx_word' id='word_1_403' title='bbox 850 4506 1162 4574; x_wconf 87' lang='lat' dir='ltr'><strong>episcopos,</strong></span> <span class='ocrx_word' id='word_1_404' title='bbox 1188 4505 1553 4570; x_wconf 82' lang='lat' dir='ltr'><strong>Athenarum,</strong></span> <span class='ocrx_word' id='word_1_405' title='bbox 1573 4509 1720 4572; x_wconf 88' lang='lat' dir='ltr'><strong>dico,</strong></span> <span class='ocrx_word' id='word_1_406' title='bbox 1750 4507 2025 4574; x_wconf 85' lang='lat' dir='ltr'><strong>Corinthi,</strong></span> <span class='ocrx_word' id='word_1_407' title='bbox 2055 4536 2110 4599; x_wconf 68' lang='grc' dir='ltr'><strong><em>Β</em></strong></span> 
     </span>
    </p>
   </div>
   <div class='ocr_carea' id='block_1_61' title="bbox 450 4597 2025 4670">
    <p class='ocr_par' dir='ltr' id='par_1_61' title="bbox 450 4597 2025 4670">
     <span class='ocr_line' id='line_1_62' title="bbox 450 4597 2025 4670; baseline 0.001 -17"><span class='ocrx_word' id='word_1_408' title='bbox 450 4599 768 4665; x_wconf 78' lang='lat' dir='ltr'><strong>Patratnm,</strong></span> <span class='ocrx_word' id='word_1_409' title='bbox 800 4608 856 4652; x_wconf 91' lang='lat' dir='ltr'><strong>et</strong></span> <span class='ocrx_word' id='word_1_410' title='bbox 889 4597 1186 4663; x_wconf 68' lang='lat' dir='ltr'><strong>Ravennae,</strong></span> <span class='ocrx_word' id='word_1_411' title='bbox 1236 4599 1445 4670; x_wconf 87' lang='lat' dir='ltr'><strong>legatos</strong></span> <span class='ocrx_word' id='word_1_412' title='bbox 1486 4600 1675 4655; x_wconf 90' lang='lat' dir='ltr'><strong>habuit</strong></span> <span class='ocrx_word' id='word_1_413' title='bbox 1709 4615 1868 4669; x_wconf 88' lang='lat' dir='ltr'><strong>papa,</strong></span> <span class='ocrx_word' id='word_1_414' title='bbox 1900 4609 2025 4655; x_wconf 78' lang='lat' dir='ltr'><strong>tan—</strong></span> 
     </span>
    </p>
   </div>
   <div class='ocr_carea' id='block_1_62' title="bbox 451 4688 2026 4762">
    <p class='ocr_par' dir='ltr' id='par_1_62' title="bbox 451 4688 2026 4762">
     <span class='ocr_line' id='line_1_63' title="bbox 451 4688 2026 4762; baseline 0 -17"><span class='ocrx_word' id='word_1_415' title='bbox 451 4706 620 4762; x_wconf 90' lang='lat' dir='ltr'><strong>quam</strong></span> <span class='ocrx_word' id='word_1_416' title='bbox 665 4691 735 4745; x_wconf 90' lang='lat' dir='ltr'><strong>ab</strong></span> <span class='ocrx_word' id='word_1_417' title='bbox 776 4690 898 4757; x_wconf 83' lang='lat' dir='ltr'><strong>ejus</strong></span> <span class='ocrx_word' id='word_1_418' title='bbox 938 4688 1081 4743; x_wconf 74' lang='lat' dir='ltr'><strong>fat-ie</strong></span> <span class='ocrx_word' id='word_1_419' title='bbox 1121 4689 1276 4759; x_wconf 88' lang='lat' dir='ltr'><strong>(illud</strong></span> <span class='ocrx_word' id='word_1_420' title='bbox 1308 4689 1455 4744; x_wconf 89' lang='lat' dir='ltr'><strong>enim</strong></span> <span class='ocrx_word' id='word_1_421' title='bbox 1500 4692 1641 4760; x_wconf 86' lang='lat' dir='ltr'><strong>apud</strong></span> <span class='ocrx_word' id='word_1_422' title='bbox 1690 4689 1911 4746; x_wconf 75' lang='lat' dir='ltr'><strong>Graecos</strong></span> <span class='ocrx_word' id='word_1_423' title='bbox 1944 4691 2026 4747; x_wconf 84' lang='lat' dir='ltr'><strong>si-</strong></span> 
     </span>
    </p>
   </div>
   <div class='ocr_carea' id='block_1_63' title="bbox 453 4780 2030 4854">
    <p class='ocr_par' dir='ltr' id='par_1_63' title="bbox 453 4780 2030 4854">
     <span class='ocr_line' id='line_1_64' title="bbox 453 4780 2030 4854; baseline 0.003 -19"><span class='ocrx_word' id='word_1_424' title='bbox 453 4783 680 4854; x_wconf 79' lang='lat' dir='ltr'><strong>gniﬁcat</strong></span> <span class='ocrx_word' id='word_1_425' title='bbox 732 4780 1096 4852; x_wconf 88' lang='lat' dir='ltr'><strong>vocabulum)</strong></span> <span class='ocrx_word' id='word_1_426' title='bbox 1152 4790 1243 4847; x_wconf 92' lang='lat' dir='ltr'><strong>ut,</strong></span> <span class='ocrx_word' id='word_1_427' title='bbox 1285 4780 1509 4851; x_wconf 86' lang='lat' dir='ltr'><strong>quando</strong></span> <span class='ocrx_word' id='word_1_428' title='bbox 1557 4781 1792 4852; x_wconf 88' lang='lat' dir='ltr'><strong>publicis</strong></span> <span class='ocrx_word' id='word_1_429' title='bbox 1834 4782 2030 4839; x_wconf 86' lang='lat' dir='ltr'><strong>adesse</strong></span> 
     </span>
    </p>
   </div>
   <div class='ocr_carea' id='block_1_64' title="bbox 335 4874 2025 4945">
    <p class='ocr_par' dir='ltr' id='par_1_64' title="bbox 335 4874 2025 4945">
     <span class='ocr_line' id='line_1_65' title="bbox 335 4874 2025 4945; baseline -0.001 -15"><span class='ocrx_word' id='word_1_430' title='bbox 335 4924 344 4945; x_wconf 86' lang='lat'><strong>,</strong></span> <span class='ocrx_word' id='word_1_431' title='bbox 451 4876 722 4943; x_wconf 87' lang='lat' dir='ltr'><strong>quosdam</strong></span> <span class='ocrx_word' id='word_1_432' title='bbox 758 4890 789 4929; x_wconf 92' lang='lat' dir='ltr'><strong>e</strong></span> <span class='ocrx_word' id='word_1_433' title='bbox 818 4874 1066 4943; x_wconf 90' lang='lat' dir='ltr'><strong>partibus</strong></span> <span class='ocrx_word' id='word_1_434' title='bbox 1096 4888 1253 4944; x_wconf 67' lang='lat' dir='ltr'><strong>papae</strong></span> <span class='ocrx_word' id='word_1_435' title='bbox 1280 4889 1418 4945; x_wconf 88' lang='lat' dir='ltr'><strong>opus</strong></span> <span class='ocrx_word' id='word_1_436' title='bbox 1446 4883 1594 4929; x_wconf 88' lang='lat' dir='ltr'><strong>esset</strong></span> <span class='ocrx_word' id='word_1_437' title='bbox 1627 4875 2025 4942; x_wconf 87' lang='lat' dir='ltr'><strong>conventibus&#39;,</strong></span> 
     </span>
    </p>
   </div>
   <div class='ocr_carea' id='block_1_65' title="bbox 453 4965 2031 5037">
    <p class='ocr_par' dir='ltr' id='par_1_65' title="bbox 453 4965 2031 5037">
     <span class='ocr_line' id='line_1_66' title="bbox 453 4965 2031 5037; baseline 0.001 -17"><span class='ocrx_word' id='word_1_438' title='bbox 453 4965 601 5021; x_wconf 80' lang='lat' dir='ltr'><strong>illius</strong></span> <span class='ocrx_word' id='word_1_439' title='bbox 654 4967 835 5021; x_wconf 89' lang='lat' dir='ltr'><strong>locum</strong></span> <span class='ocrx_word' id='word_1_440' title='bbox 890 4966 1253 5036; x_wconf 88' lang='lat' dir='ltr'><strong>supplerent;</strong></span> <span class='ocrx_word' id='word_1_441' title='bbox 1310 4981 1341 5020; x_wconf 88' lang='lat' dir='ltr'><strong>e</strong></span> <span class='ocrx_word' id='word_1_442' title='bbox 1382 4976 1576 5020; x_wconf 90' lang='lat' dir='ltr'><strong>nostro</strong></span> <span class='ocrx_word' id='word_1_443' title='bbox 1625 4973 1805 5020; x_wconf 86' lang='lat' dir='ltr'><strong>tamen</strong></span> <span class='ocrx_word' id='word_1_444' title='bbox 1866 4982 2031 5037; x_wconf 77' lang='lat' dir='ltr'><strong>grege</strong></span> 
     </span>
    </p>
   </div>
   <div class='ocr_carea' id='block_1_66' title="bbox 454 5061 2026 5132">
    <p class='ocr_par' dir='ltr' id='par_1_66' title="bbox 454 5061 2026 5132">
     <span class='ocr_line' id='line_1_67' title="bbox 454 5061 2026 5132; baseline 0 -17"><span class='ocrx_word' id='word_1_445' title='bbox 454 5063 628 5117; x_wconf 82' lang='lat' dir='ltr'><strong>fuere.</strong></span> <span class='ocrx_word' id='word_1_446' title='bbox 656 5061 772 5117; x_wconf 88' lang='lat' dir='ltr'><strong>Non</strong></span> <span class='ocrx_word' id='word_1_447' title='bbox 803 5062 949 5117; x_wconf 87' lang='lat' dir='ltr'><strong>enim</strong></span> <span class='ocrx_word' id='word_1_448' title='bbox 979 5070 1058 5118; x_wconf 91' lang='lat' dir='ltr'><strong>tot</strong></span> <span class='ocrx_word' id='word_1_449' title='bbox 1087 5072 1239 5117; x_wconf 83' lang='lat' dir='ltr'><strong>extra</strong></span> <span class='ocrx_word' id='word_1_450' title='bbox 1275 5077 1405 5117; x_wconf 88' lang='lat' dir='ltr'><strong>suos</strong></span> <span class='ocrx_word' id='word_1_451' title='bbox 1441 5062 1576 5116; x_wconf 85' lang='lat' dir='ltr'><strong>lines</strong></span> <span class='ocrx_word' id='word_1_452' title='bbox 1603 5061 1889 5132; x_wconf 87' lang='lat' dir='ltr'><strong>episcopos</strong></span> <span class='ocrx_word' id='word_1_453' title='bbox 1923 5061 2026 5116; x_wconf 90' lang='lat' dir='ltr'><strong>sibi</strong></span> 
     </span>
    </p>
   </div>
   <div class='ocr_carea' id='block_1_67' title="bbox 452 5153 2027 5223">
    <p class='ocr_par' dir='ltr' id='par_1_67' title="bbox 452 5153 2027 5223">
     <span class='ocr_line' id='line_1_68' title="bbox 452 5153 2027 5223; baseline -0.002 -14"><span class='ocrx_word' id='word_1_454' title='bbox 452 5153 732 5222; x_wconf 86' lang='lat' dir='ltr'><strong>subjectos</strong></span> <span class='ocrx_word' id='word_1_455' title='bbox 781 5154 1001 5221; x_wconf 89' lang='lat' dir='ltr'><strong>habuit,</strong></span> <span class='ocrx_word' id='word_1_456' title='bbox 1060 5163 1121 5210; x_wconf 91' lang='lat' dir='ltr'><strong>ut</strong></span> <span class='ocrx_word' id='word_1_457' title='bbox 1175 5154 1299 5209; x_wconf 92' lang='lat' dir='ltr'><strong>illos</strong></span> <span class='ocrx_word' id='word_1_458' title='bbox 1342 5155 1660 5220; x_wconf 85' lang='lat' dir='ltr'><strong>ordinaret;</strong></span> <span class='ocrx_word' id='word_1_459' title='bbox 1706 5161 1767 5208; x_wconf 90' lang='lat' dir='ltr'><strong>ut</strong></span> <span class='ocrx_word' id='word_1_460' title='bbox 1794 5153 2027 5223; x_wconf 44' lang='lat' dir='ltr'><strong>,quidatn</strong></span> 
     </span>
    </p>
   </div>
   <div class='ocr_carea' id='block_1_68' title="bbox 454 5236 2030 5315">
    <p class='ocr_par' dir='ltr' id='par_1_68' title="bbox 454 5236 2030 5315">
     <span class='ocr_line' id='line_1_69' title="bbox 454 5236 2030 5315; baseline 0.002 -19"><span class='ocrx_word' id='word_1_461' title='bbox 454 5236 867 5298; x_wconf 66' lang='lat' dir='ltr'><strong>eiistimarunt.</strong></span> <span class='ocrx_word' id='word_1_462' title='bbox 904 5244 1283 5313; x_wconf 78' lang='lat' dir='ltr'><strong>Excogitatum</strong></span> <span class='ocrx_word' id='word_1_463' title='bbox 1320 5254 1404 5301; x_wconf 91' lang='lat' dir='ltr'><strong>est</strong></span> <span class='ocrx_word' id='word_1_464' title='bbox 1446 5255 1627 5300; x_wconf 90' lang='lat' dir='ltr'><strong>autem</strong></span> <span class='ocrx_word' id='word_1_465' title='bbox 1670 5245 1774 5299; x_wconf 89' lang='lat' dir='ltr'><strong>hoc</strong></span> <span class='ocrx_word' id='word_1_466' title='bbox 1805 5254 2030 5315; x_wconf 90' lang='lat' dir='ltr'><strong>propter</strong></span> 
     </span>
    </p>
   </div>
   <div class='ocr_carea' id='block_1_69' title="bbox 455 5336 2031 5407">
    <p class='ocr_par' dir='ltr' id='par_1_69' title="bbox 455 5336 2031 5407">
     <span class='ocr_line' id='line_1_70' title="bbox 455 5336 2031 5407; baseline 0.003 -19"><span class='ocrx_word' id='word_1_467' title='bbox 455 5336 557 5390; x_wconf 64' lang='lat' dir='ltr'><strong>vite</strong></span> <span class='ocrx_word' id='word_1_468' title='bbox 601 5337 1018 5407; x_wconf 86' lang='lat' dir='ltr'><strong>longitudinem,</strong></span> <span class='ocrx_word' id='word_1_469' title='bbox 1049 5354 1117 5394; x_wconf 92' lang='lat' dir='ltr'><strong>ne</strong></span> <span class='ocrx_word' id='word_1_470' title='bbox 1145 5341 1310 5394; x_wconf 66' lang='lat' dir='ltr'><strong>taedio</strong></span> <span class='ocrx_word' id='word_1_471' title='bbox 1341 5338 1686 5395; x_wconf 67' lang='lat' dir='ltr'><strong>adicerentur</strong></span> <span class='ocrx_word' id='word_1_472' title='bbox 1737 5338 1795 5403; x_wconf 92' lang='lat' dir='ltr'><strong>ii,</strong></span> <span class='ocrx_word' id='word_1_473' title='bbox 1831 5338 1921 5407; x_wconf 91' lang='lat' dir='ltr'><strong>qui</strong></span> <span class='ocrx_word' id='word_1_474' title='bbox 1961 5337 2031 5392; x_wconf 87' lang='lat' dir='ltr'><strong>il-</strong></span> 
     </span>
    </p>
   </div>
   <div class='ocr_carea' id='block_1_70' title="bbox 455 5430 2031 5499">
    <p class='ocr_par' dir='ltr' id='par_1_70' title="bbox 455 5430 2031 5499">
     <span class='ocr_line' id='line_1_71' title="bbox 455 5430 2031 5499; baseline 0.001 -16"><span class='ocrx_word' id='word_1_475' title='bbox 455 5430 565 5483; x_wconf 89' lang='lat' dir='ltr'><strong>linc</strong></span> <span class='ocrx_word' id='word_1_476' title='bbox 596 5430 755 5484; x_wconf 90' lang='lat' dir='ltr'><strong>nobis</strong></span> <span class='ocrx_word' id='word_1_477' title='bbox 801 5444 895 5499; x_wconf 89' lang='lat' dir='ltr'><strong>per</strong></span> <span class='ocrx_word' id='word_1_478' title='bbox 937 5431 1107 5485; x_wconf 90' lang='lat' dir='ltr'><strong>maria</strong></span> <span class='ocrx_word' id='word_1_479' title='bbox 1138 5431 1292 5487; x_wconf 86' lang='lat' dir='ltr'><strong>missi</strong></span> <span class='ocrx_word' id='word_1_480' title='bbox 1343 5430 1563 5485; x_wconf 79' lang='lat' dir='ltr'><strong>iuerint.</strong></span> <span class='ocrx_word' id='word_1_481' title='bbox 1615 5430 1770 5497; x_wconf 83' lang='lat' dir='ltr'><strong>Quod</strong></span> <span class='ocrx_word' id='word_1_482' title='bbox 1804 5439 1859 5485; x_wconf 89' lang='lat' dir='ltr'><strong>et</strong></span> <span class='ocrx_word' id='word_1_483' title='bbox 1900 5431 2031 5485; x_wconf 89' lang='lat' dir='ltr'><strong>hinc</strong></span> 
     </span>
    </p>
   </div>
   <div class='ocr_carea' id='block_1_71' title="bbox 456 5522 2030 5595">
    <p class='ocr_par' dir='ltr' id='par_1_71' title="bbox 456 5522 2030 5595">
     <span class='ocr_line' id='line_1_72' title="bbox 456 5522 2030 5595; baseline 0.003 -21"><span class='ocrx_word' id='word_1_484' title='bbox 456 5522 807 5577; x_wconf 75' lang='lat' dir='ltr'><strong>manifestum</strong></span> <span class='ocrx_word' id='word_1_485' title='bbox 846 5533 954 5589; x_wconf 89' lang='lat' dir='ltr'><strong>est,</strong></span> <span class='ocrx_word' id='word_1_486' title='bbox 986 5524 1132 5594; x_wconf 89' lang='lat' dir='ltr'><strong>quod</strong></span> <span class='ocrx_word' id='word_1_487' title='bbox 1161 5540 1268 5579; x_wconf 91' lang='lat' dir='ltr'><strong>non</strong></span> <span class='ocrx_word' id='word_1_488' title='bbox 1297 5538 1516 5594; x_wconf 89' lang='lat' dir='ltr'><strong>semper</strong></span> <span class='ocrx_word' id='word_1_489' title='bbox 1541 5524 1617 5579; x_wconf 89' lang='lat' dir='ltr'><strong>illi</strong></span> <span class='ocrx_word' id='word_1_490' title='bbox 1655 5540 1686 5579; x_wconf 89' lang='lat' dir='ltr'><strong>a</strong></span> <span class='ocrx_word' id='word_1_491' title='bbox 1716 5523 1858 5579; x_wconf 84' lang='lat' dir='ltr'><strong>facie</strong></span> <span class='ocrx_word' id='word_1_492' title='bbox 1879 5539 2030 5595; x_wconf 74' lang='lat' dir='ltr'><strong>papa:</strong></span> 
     </span>
    </p>
   </div>
   <div class='ocr_carea' id='block_1_72' title="bbox 459 5613 2031 5690">
    <p class='ocr_par' dir='ltr' id='par_1_72' title="bbox 459 5613 2031 5690">
     <span class='ocr_line' id='line_1_73' title="bbox 459 5613 2031 5690; baseline 0.002 -21"><span class='ocrx_word' id='word_1_493' title='bbox 459 5613 737 5669; x_wconf 71' lang='lat' dir='ltr'><strong>constituti</strong></span> <span class='ocrx_word' id='word_1_494' title='bbox 793 5626 944 5682; x_wconf 89' lang='lat' dir='ltr'><strong>sunt,</strong></span> <span class='ocrx_word' id='word_1_495' title='bbox 999 5618 1093 5671; x_wconf 91' lang='lat' dir='ltr'><strong>sed</strong></span> <span class='ocrx_word' id='word_1_496' title='bbox 1133 5617 1429 5685; x_wconf 83' lang='lat' dir='ltr'><strong>aliquando</strong></span> <span class='ocrx_word' id='word_1_497' title='bbox 1488 5630 1541 5673; x_wconf 93' lang='lat' dir='ltr'><strong>et</strong></span> <span class='ocrx_word' id='word_1_498' title='bbox 1575 5617 1689 5684; x_wconf 87' lang='lat' dir='ltr'><strong>alii,</strong></span> <span class='ocrx_word' id='word_1_499' title='bbox 1738 5633 1877 5690; x_wconf 84' lang='lat' dir='ltr'><strong>quos</strong></span> <span class='ocrx_word' id='word_1_500' title='bbox 1932 5632 2031 5690; x_wconf 91' lang='lat' dir='ltr'><strong>pro</strong></span> 
     </span>
    </p>
   </div>
   <div class='ocr_carea' id='block_1_73' title="bbox 461 5706 1307 5779">
    <p class='ocr_par' dir='ltr' id='par_1_73' title="bbox 461 5706 1307 5779">
     <span class='ocr_line' id='line_1_74' title="bbox 461 5706 1307 5779; baseline 0.007 -22"><span class='ocrx_word' id='word_1_501' title='bbox 461 5711 708 5774; x_wconf 88' lang='lat' dir='ltr'><strong>tempore</strong></span> <span class='ocrx_word' id='word_1_502' title='bbox 741 5721 878 5776; x_wconf 84' lang='lat' dir='ltr'><strong>papa</strong></span> <span class='ocrx_word' id='word_1_503' title='bbox 907 5706 1094 5763; x_wconf 65' lang='lat' dir='ltr'><strong>Romae</strong></span> <span class='ocrx_word' id='word_1_504' title='bbox 1125 5708 1307 5779; x_wconf 80' lang='lat' dir='ltr'><strong>elegit.</strong></span> 
     </span>
    </p>
   </div>
   <div class='ocr_carea' id='block_1_74' title="bbox 2121 1935 3716 2006">
    <p class='ocr_par' dir='ltr' id='par_1_74' title="bbox 2121 1935 3716 2006">
     <span class='ocr_line' id='line_1_75' title="bbox 2121 1935 3716 2006; baseline 0.002 -19"><span class='ocrx_word' id='word_1_505' title='bbox 2121 1935 2403 2005; x_wconf 82' lang='grc' dir='ltr'>πρόθεσιν,</span> <span class='ocrx_word' id='word_1_506' title='bbox 2435 1936 2579 1989; x_wconf 81' lang='grc' dir='ltr'>πάνυ</span> <span class='ocrx_word' id='word_1_507' title='bbox 2607 1936 3011 2006; x_wconf 76' lang='grc' dir='ltr'>βεόιασμένως,</span> <span class='ocrx_word' id='word_1_508' title='bbox 3046 1937 3249 2006; x_wconf 83' lang='grc' dir='ltr'>μᾶλλον</span> <span class='ocrx_word' id='word_1_509' title='bbox 3269 1937 3327 1991; x_wconf 80' lang='grc' dir='ltr'>δὲ</span> <span class='ocrx_word' id='word_1_510' title='bbox 3357 1938 3716 2002; x_wconf 80' lang='grc' dir='ltr'><strong>ἀπαιδεύτως</strong></span> 
     </span>
    </p>
   </div>
   <div class='ocr_carea' id='block_1_75' title="bbox 2121 2026 3717 2099">
    <p class='ocr_par' dir='ltr' id='par_1_75' title="bbox 2121 2026 3717 2099">
     <span class='ocr_line' id='line_1_76' title="bbox 2121 2026 3717 2099; baseline 0.001 -18"><span class='ocrx_word' id='word_1_511' title='bbox 2121 2027 2220 2081; x_wconf 71' lang='grc' dir='ltr'>καὶ</span> <span class='ocrx_word' id='word_1_512' title='bbox 2251 2026 2483 2096; x_wconf 82' lang='grc' dir='ltr'><strong>ἀμαθῶς</strong></span> <span class='ocrx_word' id='word_1_513' title='bbox 2513 2026 2934 2097; x_wconf 77' lang='grc' dir='ltr'>ἑρμηνεύοντες,</span> <span class='ocrx_word' id='word_1_514' title='bbox 2971 2031 3069 2099; x_wconf 70' lang='grc' dir='ltr'>οὐχ</span> <span class='ocrx_word' id='word_1_515' title='bbox 3093 2028 3352 2099; x_wconf 82' lang='grc' dir='ltr'>ὕφεδρίας</span> <span class='ocrx_word' id='word_1_516' title='bbox 3382 2030 3481 2083; x_wconf 69' lang='grc' dir='ltr'>καὶ</span> <span class='ocrx_word' id='word_1_517' title='bbox 3517 2030 3717 2083; x_wconf 60' lang='grc' dir='ltr'>ὑποσυ-</span> 
     </span>
    </p>
   </div>
   <div class='ocr_carea' id='block_1_76' title="bbox 2121 2112 3713 2189">
    <p class='ocr_par' dir='ltr' id='par_1_76' title="bbox 2121 2112 3713 2189">
     <span class='ocr_line' id='line_1_77' title="bbox 2121 2112 3713 2189; baseline 0.003 -22"><span class='ocrx_word' id='word_1_518' title='bbox 2121 2113 2358 2185; x_wconf 79' lang='grc' dir='ltr'>6ασμοῦ,</span> <span class='ocrx_word' id='word_1_519' title='bbox 2397 2117 2592 2186; x_wconf 89' lang='grc' dir='ltr'>χρόνου</span> <span class='ocrx_word' id='word_1_520' title='bbox 2642 2116 2700 2169; x_wconf 75' lang='grc' dir='ltr'>δὲ</span> <span class='ocrx_word' id='word_1_521' title='bbox 2762 2112 2904 2170; x_wconf 69' lang='grc' dir='ltr'>εἶναι</span> <span class='ocrx_word' id='word_1_522' title='bbox 2963 2117 3275 2189; x_wconf 84' lang='grc' dir='ltr'>δηλωτικὴν</span> <span class='ocrx_word' id='word_1_523' title='bbox 3326 2118 3713 2182; x_wconf 77' lang='grc' dir='ltr'>ἀξιοῦσιν.⁹Εν</span> 
     </span>
    </p>
   </div>
   <div class='ocr_carea' id='block_1_77' title="bbox 2122 2209 3715 2281">
    <p class='ocr_par' dir='ltr' id='par_1_77' title="bbox 2122 2209 3715 2281">
     <span class='ocr_line' id='line_1_78' title="bbox 2122 2209 3715 2281; baseline 0.001 -20"><span class='ocrx_word' id='word_1_524' title='bbox 2122 2210 2232 2279; x_wconf 76' lang='grc' dir='ltr'><strong>γὰρ</strong></span> <span class='ocrx_word' id='word_1_525' title='bbox 2259 2212 2380 2273; x_wconf 86' lang='grc' dir='ltr'>ταῖς</span> <span class='ocrx_word' id='word_1_526' title='bbox 2407 2209 2515 2262; x_wconf 90' lang='grc' dir='ltr'><strong>τῶν</strong></span> <span class='ocrx_word' id='word_1_527' title='bbox 2543 2209 2826 2279; x_wconf 84' lang='grc' dir='ltr'>ὀνομάτων</span> <span class='ocrx_word' id='word_1_528' title='bbox 2861 2212 3164 2279; x_wconf 81' lang='grc' dir='ltr'>ἀναφοραῖς</span> <span class='ocrx_word' id='word_1_529' title='bbox 3188 2210 3428 2281; x_wconf 82' lang='grc' dir='ltr'>ἀνάγκη,</span> <span class='ocrx_word' id='word_1_530' title='bbox 3455 2211 3548 2262; x_wconf 76' lang='grc' dir='ltr'>τὸν</span> <span class='ocrx_word' id='word_1_531' title='bbox 3577 2210 3715 2280; x_wconf 80' lang='grc' dir='ltr'>’μὲν</span> 
     </span>
    </p>
   </div>
   <div class='ocr_carea' id='block_1_78' title="bbox 2124 2297 3712 2370">
    <p class='ocr_par' dir='ltr' id='par_1_78' title="bbox 2124 2297 3712 2370">
     <span class='ocr_line' id='line_1_79' title="bbox 2124 2297 3712 2370; baseline 0.001 -20"><span class='ocrx_word' id='word_1_532' title='bbox 2124 2301 2433 2370; x_wconf 76' lang='grc' dir='ltr'>πρότερον,</span> <span class='ocrx_word' id='word_1_533' title='bbox 2495 2298 2588 2352; x_wconf 81' lang='grc' dir='ltr'>τὸν</span> <span class='ocrx_word' id='word_1_534' title='bbox 2638 2299 2696 2351; x_wconf 84' lang='grc' dir='ltr'>δὲ</span> <span class='ocrx_word' id='word_1_535' title='bbox 2759 2297 2989 2368; x_wconf 78' lang='grc' dir='ltr'>ὕστερον</span> <span class='ocrx_word' id='word_1_536' title='bbox 3046 2299 3454 2367; x_wconf 71' lang='grc' dir='ltr'>ὲκφωνεῖσθαιο</span> <span class='ocrx_word' id='word_1_537' title='bbox 3519 2299 3598 2363; x_wconf 82' lang='grc' dir='ltr'><strong>ὡς</strong></span> <span class='ocrx_word' id='word_1_538' title='bbox 3651 2299 3712 2352; x_wconf 78' lang='grc' dir='ltr'>δὲ</span> 
     </span>
    </p>
   </div>
   <div class='ocr_carea' id='block_1_79' title="bbox 2122 2390 3714 2462">
    <p class='ocr_par' dir='ltr' id='par_1_79' title="bbox 2122 2390 3714 2462">
     <span class='ocr_line' id='line_1_80' title="bbox 2122 2390 3714 2462; baseline -0.001 -18"><span class='ocrx_word' id='word_1_539' title='bbox 2122 2392 2227 2444; x_wconf 78' lang='grc' dir='ltr'>κάν</span> <span class='ocrx_word' id='word_1_540' title='bbox 2258 2391 2378 2453; x_wconf 85' lang='grc' dir='ltr'>ταῖς</span> <span class='ocrx_word' id='word_1_541' title='bbox 2411 2390 2738 2461; x_wconf 65' lang='grc' dir='ltr'>καθέδρας,</span> <span class='ocrx_word' id='word_1_542' title='bbox 2774 2390 2878 2445; x_wconf 77' lang='grc' dir='ltr'>κάν</span> <span class='ocrx_word' id='word_1_543' title='bbox 2907 2392 3029 2455; x_wconf 89' lang='grc' dir='ltr'>ταῖς</span> <span class='ocrx_word' id='word_1_544' title='bbox 3082 2391 3436 2461; x_wconf 81' lang='grc' dir='ltr'>ὑπογραφαῖς</span> <span class='ocrx_word' id='word_1_545' title='bbox 3492 2392 3714 2462; x_wconf 78' lang='grc' dir='ltr'>συμϐή-</span> 
     </span>
    </p>
   </div>
   <div class='ocr_carea' id='block_1_80' title="bbox 2125 2494 2302 2531">
    <p class='ocr_par' dir='ltr' id='par_1_80' title="bbox 2125 2494 2302 2531">
     <span class='ocr_line' id='line_1_81' title="bbox 2125 2494 2302 2531; baseline 0.006 -1"><span class='ocrx_word' id='word_1_546' title='bbox 2125 2494 2302 2531; x_wconf 88' lang='grc' dir='ltr'>σεται.</span> 
     </span>
    </p>
   </div>
   <div class='ocr_carea' id='block_1_81' title="bbox 2194 2568 3708 2645">
    <p class='ocr_par' dir='ltr' id='par_1_81' title="bbox 2194 2568 3708 2645">
     <span class='ocr_line' id='line_1_82' title="bbox 2194 2568 3708 2645; baseline 0.005 -24"><span class='ocrx_word' id='word_1_547' title='bbox 2194 2569 2258 2621; x_wconf 80' lang='grc' dir='ltr'><strong>Εἰ</strong></span> <span class='ocrx_word' id='word_1_548' title='bbox 2292 2569 2476 2639; x_wconf 85' lang='grc' dir='ltr'>μήπου</span> <span class='ocrx_word' id='word_1_549' title='bbox 2512 2586 2597 2633; x_wconf 90' lang='grc' dir='ltr'><strong>τις</strong></span> <span class='ocrx_word' id='word_1_550' title='bbox 2640 2568 2809 2635; x_wconf 81' lang='grc' dir='ltr'>ιῐποι,</span> <span class='ocrx_word' id='word_1_551' title='bbox 2841 2570 2870 2623; x_wconf 98' lang='lat'><strong>6</strong></span> <span class='ocrx_word' id='word_1_552' title='bbox 2911 2570 3205 2641; x_wconf 82' lang='grc' dir='ltr'>ὑπερφυὴς</span> <span class='ocrx_word' id='word_1_553' title='bbox 3233 2576 3331 2645; x_wconf 77' lang='grc' dir='ltr'>καὶ</span> <span class='ocrx_word' id='word_1_554' title='bbox 3356 2572 3520 2628; x_wconf 81' lang='grc' dir='ltr'>τοῦτό</span> <span class='ocrx_word' id='word_1_555' title='bbox 3570 2592 3708 2644; x_wconf 84' lang='grc' dir='ltr'>φησι</span> 
     </span>
    </p>
   </div>
   <div class='ocr_carea' id='block_1_82' title="bbox 2123 2661 3712 2734">
    <p class='ocr_par' dir='ltr' id='par_1_82' title="bbox 2123 2661 3712 2734">
     <span class='ocr_line' id='line_1_83' title="bbox 2123 2661 3712 2734; baseline 0.006 -21"><span class='ocrx_word' id='word_1_556' title='bbox 2123 2661 2405 2729; x_wconf 79' lang='grc' dir='ltr'>Ζωναρᾶς,</span> <span class='ocrx_word' id='word_1_557' title='bbox 2435 2662 2520 2714; x_wconf 79' lang='grc' dir='ltr'>ὅτι</span> <span class='ocrx_word' id='word_1_558' title='bbox 2565 2661 2628 2714; x_wconf 85' lang='grc' dir='ltr'>τὸ</span> <span class='ocrx_word' id='word_1_559' title='bbox 2664 2662 2883 2732; x_wconf 67' lang='grc' dir='ltr'>μέλλον,</span> <span class='ocrx_word' id='word_1_560' title='bbox 2918 2662 2996 2726; x_wconf 88' lang='grc' dir='ltr'><strong>ώς</strong></span> <span class='ocrx_word' id='word_1_561' title='bbox 3048 2664 3250 2734; x_wconf 79' lang='grc' dir='ltr'>παρὸν,</span> <span class='ocrx_word' id='word_1_562' title='bbox 3285 2667 3336 2718; x_wconf 84' lang='grc' dir='ltr'><strong>οί</strong></span> <span class='ocrx_word' id='word_1_563' title='bbox 3363 2665 3502 2720; x_wconf 79' lang='grc' dir='ltr'>θεῖοι</span> <span class='ocrx_word' id='word_1_564' title='bbox 3531 2670 3712 2721; x_wconf 79' lang='grc' dir='ltr'>Πατέ-</span> 
     </span>
    </p>
   </div>
   <div class='ocr_carea' id='block_1_83' title="bbox 2125 2753 3707 2829">
    <p class='ocr_par' dir='ltr' id='par_1_83' title="bbox 2125 2753 3707 2829">
     <span class='ocr_line' id='line_1_84' title="bbox 2125 2753 3707 2829; baseline 0.003 -23"><span class='ocrx_word' id='word_1_565' title='bbox 2125 2770 2218 2824; x_wconf 88' lang='grc' dir='ltr'><strong>ρες</strong></span> <span class='ocrx_word' id='word_1_566' title='bbox 2272 2753 2731 2824; x_wconf 79' lang='grc' dir='ltr'>ὲνοπτριξόμενοι,</span> <span class='ocrx_word' id='word_1_567' title='bbox 2790 2754 2865 2819; x_wconf 81' lang='grc' dir='ltr'>ὡς</span> <span class='ocrx_word' id='word_1_568' title='bbox 2916 2757 3376 2827; x_wconf 80' lang='grc' dir='ltr'>ἀποτμηθήσεται</span> <span class='ocrx_word' id='word_1_569' title='bbox 3438 2760 3539 2829; x_wconf 80' lang='grc' dir='ltr'>τῆς</span> <span class='ocrx_word' id='word_1_570' title='bbox 3591 2760 3707 2812; x_wconf 87' lang='grc' dir='ltr'><strong>τῶν</strong></span> 
     </span>
    </p>
   </div>
   <div class='ocr_carea' id='block_1_84' title="bbox 2123 2848 3705 2923">
    <p class='ocr_par' dir='ltr' id='par_1_84' title="bbox 2123 2848 3705 2923">
     <span class='ocr_line' id='line_1_85' title="bbox 2123 2848 3705 2923; baseline 0.002 -23"><span class='ocrx_word' id='word_1_571' title='bbox 2123 2848 2424 2919; x_wconf 77' lang='grc' dir='ltr'>όρθοδόξων</span> <span class='ocrx_word' id='word_1_572' title='bbox 2452 2848 2775 2919; x_wconf 79' lang='grc' dir='ltr'>ὁλοκληρίας</span> <span class='ocrx_word' id='word_1_573' title='bbox 2809 2852 2842 2921; x_wconf 78' lang='grc' dir='ltr'><strong>ἡ</strong></span> <span class='ocrx_word' id='word_1_574' title='bbox 2890 2851 3001 2906; x_wconf 90' lang='grc' dir='ltr'><strong>τῶν</strong></span> <span class='ocrx_word' id='word_1_575' title='bbox 3039 2850 3336 2921; x_wconf 85' lang='grc' dir='ltr'>Ῥωμαίων</span> <span class='ocrx_word' id='word_1_576' title='bbox 3379 2850 3705 2923; x_wconf 77' lang='grc' dir='ltr'>Ἐκκλησία,</span> 
     </span>
    </p>
   </div>
   <div class='ocr_carea' id='block_1_85' title="bbox 2124 2940 3703 3015">
    <p class='ocr_par' dir='ltr' id='par_1_85' title="bbox 2124 2940 3703 3015">
     <span class='ocr_line' id='line_1_86' title="bbox 2124 2940 3703 3015; baseline 0.003 -22"><span class='ocrx_word' id='word_1_577' title='bbox 2124 2942 2219 2994; x_wconf 79' lang='grc' dir='ltr'>καὶ</span> <span class='ocrx_word' id='word_1_578' title='bbox 2245 2940 2343 3011; x_wconf 76' lang='grc' dir='ltr'>τῆς</span> <span class='ocrx_word' id='word_1_579' title='bbox 2369 2940 2481 2993; x_wconf 87' lang='grc' dir='ltr'><strong>τῶν</strong></span> <span class='ocrx_word' id='word_1_580' title='bbox 2510 2940 2720 2994; x_wconf 84' lang='grc' dir='ltr'>πιστῶν</span> <span class='ocrx_word' id='word_1_581' title='bbox 2748 2942 3075 3014; x_wconf 84' lang='grc' dir='ltr'>όμηγύρεως</span> <span class='ocrx_word' id='word_1_582' title='bbox 3117 2942 3703 3015; x_wconf 66' lang='grc' dir='ltr'>ὲξοστρακισθήσετιιι,</span> 
     </span>
    </p>
   </div>
   <div class='ocr_carea' id='block_1_86' title="bbox 2123 3031 3708 3107">
    <p class='ocr_par' dir='ltr' id='par_1_86' title="bbox 2123 3031 3708 3107">
     <span class='ocr_line' id='line_1_87' title="bbox 2123 3031 3708 3107; baseline 0.003 -23"><span class='ocrx_word' id='word_1_583' title='bbox 2123 3031 2389 3102; x_wconf 84' lang='grc' dir='ltr'>δόγμασιν</span> <span class='ocrx_word' id='word_1_584' title='bbox 2416 3033 2747 3105; x_wconf 74' lang='grc' dir='ltr'>ἑτεροδόξοις</span> <span class='ocrx_word' id='word_1_585' title='bbox 2791 3034 3232 3105; x_wconf 81' lang='grc' dir='ltr'>καθυπαχθεῖσα,</span> <span class='ocrx_word' id='word_1_586' title='bbox 3265 3036 3497 3107; x_wconf 88' lang='grc' dir='ltr'>πρώτην</span> <span class='ocrx_word' id='word_1_587' title='bbox 3530 3037 3708 3104; x_wconf 84' lang='grc' dir='ltr'>ὲλογί-</span> 
     </span>
    </p>
   </div>
   <div class='ocr_carea' id='block_1_87' title="bbox 2129 3125 3705 3200">
    <p class='ocr_par' dir='ltr' id='par_1_87' title="bbox 2129 3125 3705 3200">
     <span class='ocr_line' id='line_1_88' title="bbox 2129 3125 3705 3200; baseline 0.004 -23"><span class='ocrx_word' id='word_1_588' title='bbox 2129 3142 2293 3178; x_wconf 91' lang='grc' dir='ltr'>σαντο</span> <span class='ocrx_word' id='word_1_589' title='bbox 2312 3125 2539 3197; x_wconf 88' lang='grc' dir='ltr'>ταύτην,</span> <span class='ocrx_word' id='word_1_590' title='bbox 2559 3128 2657 3180; x_wconf 73' lang='grc' dir='ltr'>καὶ</span> <span class='ocrx_word' id='word_1_591' title='bbox 2686 3127 2829 3182; x_wconf 76' lang='grc' dir='ltr'>οὕτω</span> <span class='ocrx_word' id='word_1_592' title='bbox 2847 3128 2957 3183; x_wconf 88' lang='grc' dir='ltr'><strong>τῶν</strong></span> <span class='ocrx_word' id='word_1_593' title='bbox 2979 3128 3162 3182; x_wconf 83' lang='grc' dir='ltr'>αὐτῶν</span> <span class='ocrx_word' id='word_1_594' title='bbox 3183 3129 3366 3200; x_wconf 79' lang='grc' dir='ltr'>ἐκείνῃ</span> <span class='ocrx_word' id='word_1_595' title='bbox 3396 3130 3705 3197; x_wconf 78' lang='grc' dir='ltr'>πρεσϐείων</span> 
     </span>
    </p>
   </div>
   <div class='ocr_carea' id='block_1_88' title="bbox 2127 3217 3707 3299">
    <p class='ocr_par' dir='ltr' id='par_1_88' title="bbox 2127 3217 3707 3299">
     <span class='ocr_line' id='line_1_89' title="bbox 2127 3217 3707 3299; baseline 0.003 -28"><span class='ocrx_word' id='word_1_596' title='bbox 2127 3217 2389 3287; x_wconf 72' lang='grc' dir='ltr'>ἠξίωσαν,</span> <span class='ocrx_word' id='word_1_597' title='bbox 2422 3219 2772 3299; x_wconf 40' lang='grc' dir='ltr'>,πρεσϐεύειν</span> <span class='ocrx_word' id='word_1_598' title='bbox 2816 3222 2871 3274; x_wconf 84' lang='grc' dir='ltr'>ὲν</span> <span class='ocrx_word' id='word_1_599' title='bbox 2901 3220 3072 3275; x_wconf 81' lang='grc' dir='ltr'>ἆπασι</span> <span class='ocrx_word' id='word_1_600' title='bbox 3122 3220 3447 3292; x_wconf 80' lang='grc' dir='ltr'>μέλλουσαν,</span> <span class='ocrx_word' id='word_1_601' title='bbox 3479 3218 3571 3276; x_wconf 78' lang='grc' dir='ltr'><strong>οἷά</strong></span> <span class='ocrx_word' id='word_1_602' title='bbox 3600 3240 3707 3293; x_wconf 83' lang='grc' dir='ltr'><strong>περ</strong></span> 
     </span>
    </p>
   </div>
   <div class='ocr_carea' id='block_1_89' title="bbox 2128 3316 3712 3389">
    <p class='ocr_par' dir='ltr' id='par_1_89' title="bbox 2128 3316 3712 3389">
     <span class='ocr_line' id='line_1_90' title="bbox 2128 3316 3712 3389; baseline 0 -19"><span class='ocrx_word' id='word_1_603' title='bbox 2128 3316 2308 3387; x_wconf 75' lang='grc' dir='ltr'>ἐκείνη</span> <span class='ocrx_word' id='word_1_604' title='bbox 2335 3317 2489 3372; x_wconf 79' lang='grc' dir='ltr'>ποτέ.</span> <span class='ocrx_word' id='word_1_605' title='bbox 2518 3318 2653 3387; x_wconf 79' lang='grc' dir='ltr'>Περὶ</span> <span class='ocrx_word' id='word_1_606' title='bbox 2685 3318 2784 3387; x_wconf 82' lang='grc' dir='ltr'>μὲν</span> <span class='ocrx_word' id='word_1_607' title='bbox 2806 3317 2871 3388; x_wconf 87' lang='grc' dir='ltr'>δὴ</span> <span class='ocrx_word' id='word_1_608' title='bbox 2888 3317 2998 3370; x_wconf 89' lang='grc' dir='ltr'><strong>τῶν</strong></span> <span class='ocrx_word' id='word_1_609' title='bbox 3027 3317 3335 3388; x_wconf 74' lang='grc' dir='ltr'>πρεσϐείων</span> <span class='ocrx_word' id='word_1_610' title='bbox 3365 3319 3465 3389; x_wconf 83' lang='grc' dir='ltr'>τῆς</span> <span class='ocrx_word' id='word_1_611' title='bbox 3481 3318 3712 3389; x_wconf 77' lang='grc' dir='ltr'>Ἐκκλη-</span> 
     </span>
    </p>
   </div>
   <div class='ocr_carea' id='block_1_90' title="bbox 2129 3409 3712 3479">
    <p class='ocr_par' dir='ltr' id='par_1_90' title="bbox 2129 3409 3712 3479">
     <span class='ocr_line' id='line_1_91' title="bbox 2129 3409 3712 3479; baseline 0.001 -18"><span class='ocrx_word' id='word_1_612' title='bbox 2129 3411 2249 3472; x_wconf 82' lang='grc' dir='ltr'>σίας</span> <span class='ocrx_word' id='word_1_613' title='bbox 2277 3409 2912 3473; x_wconf 85' lang='grc' dir='ltr'>Κωνσταντινουπόλεως</span> <span class='ocrx_word' id='word_1_614' title='bbox 2941 3410 3062 3474; x_wconf 82' lang='grc' dir='ltr'>ἆλις</span> <span class='ocrx_word' id='word_1_615' title='bbox 3116 3410 3521 3479; x_wconf 78' lang='grc' dir='ltr'>διαταξάμενος</span> <span class='ocrx_word' id='word_1_616' title='bbox 3547 3412 3575 3464; x_wconf 89' lang='lat'><strong>6</strong></span> <span class='ocrx_word' id='word_1_617' title='bbox 3609 3429 3712 3463; x_wconf 76' lang='grc' dir='ltr'>κασ-</span> 
     </span>
    </p>
   </div>
   <div class='ocr_carea' id='block_1_91' title="bbox 2127 3500 3709 3572">
    <p class='ocr_par' dir='ltr' id='par_1_91' title="bbox 2127 3500 3709 3572">
     <span class='ocr_line' id='line_1_92' title="bbox 2127 3500 3709 3572; baseline 0.001 -18"><span class='ocrx_word' id='word_1_618' title='bbox 2127 3500 2257 3566; x_wconf 86' lang='grc' dir='ltr'>νὼν,</span> <span class='ocrx_word' id='word_1_619' title='bbox 2316 3503 2408 3554; x_wconf 76' lang='grc' dir='ltr'>καὶ</span> <span class='ocrx_word' id='word_1_620' title='bbox 2473 3502 2607 3571; x_wconf 74' lang='grc' dir='ltr'>περὶ</span> <span class='ocrx_word' id='word_1_621' title='bbox 2669 3502 2779 3556; x_wconf 90' lang='grc' dir='ltr'><strong>τῶν</strong></span> <span class='ocrx_word' id='word_1_622' title='bbox 2814 3503 3261 3572; x_wconf 82' lang='grc' dir='ltr'>ὑποκεισομένων</span> <span class='ocrx_word' id='word_1_623' title='bbox 3313 3504 3452 3572; x_wconf 81' lang='grc' dir='ltr'>αὐτῇ</span> <span class='ocrx_word' id='word_1_624' title='bbox 3478 3502 3709 3569; x_wconf 81' lang='grc' dir='ltr'>διέξεισι</span> 
     </span>
    </p>
   </div>
   <div class='ocr_carea' id='block_1_92' title="bbox 2127 3590 3708 3665">
    <p class='ocr_par' dir='ltr' id='par_1_92' title="bbox 2127 3590 3708 3665">
     <span class='ocr_line' id='line_1_93' title="bbox 2127 3590 3708 3665; baseline 0.001 -18"><span class='ocrx_word' id='word_1_625' title='bbox 2127 3594 2467 3663; x_wconf 87' lang='grc' dir='ltr'>διοικήσεων.</span> <span class='ocrx_word' id='word_1_626' title='bbox 2496 3592 2714 3656; x_wconf 82' lang='grc' dir='ltr'>Ταύτας</span> <span class='ocrx_word' id='word_1_627' title='bbox 2759 3594 2817 3646; x_wconf 80' lang='grc' dir='ltr'>δὲ</span> <span class='ocrx_word' id='word_1_628' title='bbox 2846 3590 2988 3647; x_wconf 78' lang='grc' dir='ltr'>εἷναί</span> <span class='ocrx_word' id='word_1_629' title='bbox 3041 3610 3174 3665; x_wconf 83' lang='grc' dir='ltr'>φησι</span> <span class='ocrx_word' id='word_1_630' title='bbox 3204 3595 3303 3657; x_wconf 80' lang='grc' dir='ltr'>τὰς</span> <span class='ocrx_word' id='word_1_631' title='bbox 3332 3597 3432 3661; x_wconf 81' lang='grc' dir='ltr'>τῆς</span> <span class='ocrx_word' id='word_1_632' title='bbox 3497 3596 3708 3658; x_wconf 76' lang='grc' dir='ltr'>Ἀσίας,</span> 
     </span>
    </p>
   </div>
   <div class='ocr_carea' id='block_1_93' title="bbox 2128 3686 3711 3758">
    <p class='ocr_par' dir='ltr' id='par_1_93' title="bbox 2128 3686 3711 3758">
     <span class='ocr_line' id='line_1_94' title="bbox 2128 3686 3711 3758; baseline 0.001 -18"><span class='ocrx_word' id='word_1_633' title='bbox 2128 3688 2220 3741; x_wconf 82' lang='grc' dir='ltr'><strong>τοῦ</strong></span> <span class='ocrx_word' id='word_1_634' title='bbox 2258 3688 2485 3755; x_wconf 78' lang='grc' dir='ltr'>Πόντου,</span> <span class='ocrx_word' id='word_1_635' title='bbox 2516 3687 2612 3741; x_wconf 78' lang='grc' dir='ltr'>καὶ</span> <span class='ocrx_word' id='word_1_636' title='bbox 2636 3688 2734 3758; x_wconf 84' lang='grc' dir='ltr'>τῆς</span> <span class='ocrx_word' id='word_1_637' title='bbox 2761 3686 2984 3758; x_wconf 77' lang='grc' dir='ltr'>Θρᾴκης</span> <span class='ocrx_word' id='word_1_638' title='bbox 3008 3703 3025 3719; x_wconf 88' lang='grc'><strong>·</strong></span> <span class='ocrx_word' id='word_1_639' title='bbox 3058 3690 3155 3741; x_wconf 74' lang='grc' dir='ltr'><strong>καὶ</strong></span> <span class='ocrx_word' id='word_1_640' title='bbox 3195 3688 3448 3741; x_wconf 72' lang='grc' dir='ltr'>Ἀσιαναὶ</span> <span class='ocrx_word' id='word_1_641' title='bbox 3476 3688 3577 3757; x_wconf 81' lang='grc' dir='ltr'>μέν</span> <span class='ocrx_word' id='word_1_642' title='bbox 3602 3690 3711 3741; x_wconf 81' lang='grc' dir='ltr'>εἱσι</span> 
     </span>
    </p>
   </div>
   <div class='ocr_carea' id='block_1_94' title="bbox 2128 3779 3707 3852">
    <p class='ocr_par' dir='ltr' id='par_1_94' title="bbox 2128 3779 3707 3852">
     <span class='ocr_line' id='line_1_95' title="bbox 2128 3779 3707 3852; baseline 0 -19"><span class='ocrx_word' id='word_1_643' title='bbox 2128 3781 2423 3852; x_wconf 81' lang='grc' dir='ltr'>διοικήσεις</span> <span class='ocrx_word' id='word_1_644' title='bbox 2455 3782 2512 3836; x_wconf 89' lang='grc' dir='ltr'><strong>αί</strong></span> <span class='ocrx_word' id='word_1_645' title='bbox 2547 3779 2711 3851; x_wconf 77' lang='grc' dir='ltr'>μέχρι</span> <span class='ocrx_word' id='word_1_646' title='bbox 2740 3797 2851 3833; x_wconf 90' lang='grc' dir='ltr'><strong>των</strong></span> <span class='ocrx_word' id='word_1_647' title='bbox 2881 3781 3176 3850; x_wconf 84' lang='grc' dir='ltr'>Ταυρικῶν</span> <span class='ocrx_word' id='word_1_648' title='bbox 3199 3780 3344 3850; x_wconf 82' lang='grc' dir='ltr'>ὁρῶν</span> <span class='ocrx_word' id='word_1_649' title='bbox 3375 3782 3669 3851; x_wconf 78' lang='grc' dir='ltr'>διήκουσαι</span> <span class='ocrx_word' id='word_1_650' title='bbox 3693 3798 3707 3810; x_wconf 92' lang='grc'><strong>·</strong></span> 
     </span>
    </p>
   </div>
   <div class='ocr_carea' id='block_1_95' title="bbox 2130 3869 3712 3943">
    <p class='ocr_par' dir='ltr' id='par_1_95' title="bbox 2130 3869 3712 3943">
     <span class='ocr_line' id='line_1_96' title="bbox 2130 3869 3712 3943; baseline 0 -19"><span class='ocrx_word' id='word_1_651' title='bbox 2130 3872 2391 3924; x_wconf 77' lang='grc' dir='ltr'>Ποντικαὶ</span> <span class='ocrx_word' id='word_1_652' title='bbox 2437 3870 2516 3937; x_wconf 80' lang='grc' dir='ltr'>δὲ,</span> <span class='ocrx_word' id='word_1_653' title='bbox 2547 3873 2601 3926; x_wconf 81' lang='grc' dir='ltr'><strong>αῖ</strong></span> <span class='ocrx_word' id='word_1_654' title='bbox 2644 3870 2723 3939; x_wconf 83' lang='grc' dir='ltr'>τῷ</span> <span class='ocrx_word' id='word_1_655' title='bbox 2753 3869 2998 3942; x_wconf 77' lang='grc' dir='ltr'>Εὐξείνῳ</span> <span class='ocrx_word' id='word_1_656' title='bbox 3044 3872 3233 3943; x_wconf 87' lang='grc' dir='ltr'>Πόντῳ</span> <span class='ocrx_word' id='word_1_657' title='bbox 3270 3873 3712 3943; x_wconf 82' lang='grc' dir='ltr'>παρακείμεναι,</span> 
     </span>
    </p>
   </div>
   <div class='ocr_carea' id='block_1_96' title="bbox 2130 3963 3713 4037">
    <p class='ocr_par' dir='ltr' id='par_1_96' title="bbox 2130 3963 3713 4037">
     <span class='ocr_line' id='line_1_97' title="bbox 2130 3963 3713 4037; baseline 0.001 -20"><span class='ocrx_word' id='word_1_658' title='bbox 2130 3963 2548 4036; x_wconf 81' lang='grc' dir='ltr'>Τραπεζοῦντος</span> <span class='ocrx_word' id='word_1_659' title='bbox 2570 3965 2699 4036; x_wconf 76' lang='grc' dir='ltr'>ἄχρι</span> <span class='ocrx_word' id='word_1_660' title='bbox 2733 3965 2826 4019; x_wconf 70' lang='grc' dir='ltr'><strong>καὶ</strong></span> <span class='ocrx_word' id='word_1_661' title='bbox 2853 3965 3116 4036; x_wconf 74' lang='grc' dir='ltr'>ἐνδοτέρω</span> <span class='ocrx_word' id='word_1_662' title='bbox 3140 3982 3153 3995; x_wconf 88' lang='grc'><strong>·</strong></span> <span class='ocrx_word' id='word_1_663' title='bbox 3187 3965 3462 4037; x_wconf 72' lang='grc' dir='ltr'>Θρᾳκικαὶ</span> <span class='ocrx_word' id='word_1_664' title='bbox 3519 3966 3599 4029; x_wconf 79' lang='grc' dir='ltr'>δὲ,</span> <span class='ocrx_word' id='word_1_665' title='bbox 3653 3968 3713 4020; x_wconf 82' lang='grc' dir='ltr'>αἱ</span> 
     </span>
    </p>
   </div>
   <div class='ocr_carea' id='block_1_97' title="bbox 2134 4056 2782 4131">
    <p class='ocr_par' dir='ltr' id='par_1_97' title="bbox 2134 4056 2782 4131">
     <span class='ocr_line' id='line_1_98' title="bbox 2134 4056 2782 4131; baseline 0.002 -20"><span class='ocrx_word' id='word_1_666' title='bbox 2134 4057 2298 4128; x_wconf 83' lang='grc' dir='ltr'>μέχρι</span> <span class='ocrx_word' id='word_1_667' title='bbox 2336 4056 2429 4111; x_wconf 79' lang='grc' dir='ltr'><strong>τοῦ</strong></span> <span class='ocrx_word' id='word_1_668' title='bbox 2455 4058 2782 4131; x_wconf 77' lang='grc' dir='ltr'>Δυρραχίου.</span> 
     </span>
    </p>
   </div>
   <div class='ocr_carea' id='block_1_98' title="bbox 2168 4206 3677 4303">
    <p class='ocr_par' dir='ltr' id='par_1_98' title="bbox 2168 4206 3677 4303">
     <span class='ocr_line' id='line_1_99' title="bbox 2168 4206 3677 4303; baseline 0.005 -39"><span class='ocrx_word' id='word_1_669' title='bbox 2168 4209 2273 4265; x_wconf 81' lang='grc' dir='ltr'><strong>Διὰ</strong></span> <span class='ocrx_word' id='word_1_670' title='bbox 2294 4212 2353 4265; x_wconf 82' lang='grc' dir='ltr'><strong>τί</strong></span> <span class='ocrx_word' id='word_1_671' title='bbox 2378 4206 2457 4284; x_wconf 81' lang='grc' dir='ltr'><strong>ἦν</strong></span> <span class='ocrx_word' id='word_1_672' title='bbox 2482 4215 2514 4268; x_wconf 84' lang='grc' dir='ltr'>ό</span> <span class='ocrx_word' id='word_1_673' title='bbox 2557 4214 3020 4303; x_wconf 64' lang='grc' dir='ltr'>Θεσσαλονίκης</span> <span class='ocrx_word' id='word_1_674' title='bbox 3046 4214 3302 4285; x_wconf 77' lang='grc' dir='ltr'>λεγάτος</span> <span class='ocrx_word' id='word_1_675' title='bbox 3336 4213 3444 4269; x_wconf 80' lang='grc' dir='ltr'>τοῦ</span> <span class='ocrx_word' id='word_1_676' title='bbox 3475 4212 3677 4271; x_wconf 62' lang='lat' dir='ltr'><strong>Urina.</strong></span> 
     </span>
    </p>
   </div>
   <div class='ocr_carea' id='block_1_99' title="bbox 2204 4414 3720 4485">
    <p class='ocr_par' dir='ltr' id='par_1_99' title="bbox 2204 4414 3720 4485">
     <span class='ocr_line' id='line_1_100' title="bbox 2204 4414 3720 4485; baseline 0.001 -16"><span class='ocrx_word' id='word_1_677' title='bbox 2204 4416 2268 4469; x_wconf 84' lang='lat' dir='ltr'><strong>El</strong></span> <span class='ocrx_word' id='word_1_678' title='bbox 2296 4414 2405 4485; x_wconf 82' lang='grc' dir='ltr'><strong>γὰρ</strong></span> <span class='ocrx_word' id='word_1_679' title='bbox 2446 4418 2541 4473; x_wconf 77' lang='grc' dir='ltr'>καὶ</span> <span class='ocrx_word' id='word_1_680' title='bbox 2582 4416 2751 4471; x_wconf 78' lang='grc' dir='ltr'>πάλαι</span> <span class='ocrx_word' id='word_1_681' title='bbox 2779 4419 2873 4471; x_wconf 90' lang='grc' dir='ltr'><strong>τόν</strong></span> <span class='ocrx_word' id='word_1_682' title='bbox 2902 4434 2963 4471; x_wconf 86' lang='grc' dir='ltr'><strong>τε</strong></span> <span class='ocrx_word' id='word_1_683' title='bbox 2995 4416 3410 4484; x_wconf 75' lang='grc' dir='ltr'>Θεσσαλονίκης</span> <span class='ocrx_word' id='word_1_684' title='bbox 3460 4417 3560 4471; x_wconf 80' lang='grc' dir='ltr'>καὶ</span> <span class='ocrx_word' id='word_1_685' title='bbox 3595 4417 3720 4471; x_wconf 74' lang='grc' dir='ltr'><strong>ἑτέ-</strong></span> 
     </span>
    </p>
   </div>
   <div class='ocr_carea' id='block_1_100' title="bbox 2136 4509 3719 4581">
    <p class='ocr_par' dir='ltr' id='par_1_100' title="bbox 2136 4509 3719 4581">
     <span class='ocr_line' id='line_1_101' title="bbox 2136 4509 3719 4581; baseline 0.001 -19"><span class='ocrx_word' id='word_1_686' title='bbox 2136 4526 2265 4581; x_wconf 89' lang='grc' dir='ltr'>ρους</span> <span class='ocrx_word' id='word_1_687' title='bbox 2293 4509 2547 4574; x_wconf 79' lang='grc' dir='ltr'>δυτικοὺς</span> <span class='ocrx_word' id='word_1_688' title='bbox 2577 4509 2934 4574; x_wconf 75' lang='grc' dir='ltr'>ἐπισκόπους,</span> <span class='ocrx_word' id='word_1_689' title='bbox 2965 4509 3058 4563; x_wconf 77' lang='grc' dir='ltr'>τὸν</span> <span class='ocrx_word' id='word_1_690' title='bbox 3098 4509 3365 4581; x_wconf 78' lang='grc' dir='ltr'>Ἀθηνῶν,</span> <span class='ocrx_word' id='word_1_691' title='bbox 3397 4511 3565 4579; x_wconf 81' lang='grc' dir='ltr'>φημὶ,</span> <span class='ocrx_word' id='word_1_692' title='bbox 3617 4510 3719 4563; x_wconf 73' lang='grc' dir='ltr'><strong>τὸν</strong></span> 
     </span>
    </p>
   </div>
   <div class='ocr_carea' id='block_1_101' title="bbox 2135 4598 3721 4669">
    <p class='ocr_par' dir='ltr' id='par_1_101' title="bbox 2135 4598 3721 4669">
     <span class='ocr_line' id='line_1_102' title="bbox 2135 4598 3721 4669; baseline 0.001 -17"><span class='ocrx_word' id='word_1_693' title='bbox 2135 4598 2428 4668; x_wconf 81' lang='grc' dir='ltr'>Κορίνθου,</span> <span class='ocrx_word' id='word_1_694' title='bbox 2484 4599 2576 4652; x_wconf 79' lang='grc' dir='ltr'>τὸν</span> <span class='ocrx_word' id='word_1_695' title='bbox 2622 4598 2875 4669; x_wconf 83' lang='grc' dir='ltr'>Πατρῶν,</span> <span class='ocrx_word' id='word_1_696' title='bbox 2936 4599 3028 4653; x_wconf 86' lang='grc' dir='ltr'><strong>τδν</strong></span> <span class='ocrx_word' id='word_1_697' title='bbox 3067 4598 3385 4669; x_wconf 72' lang='grc' dir='ltr'>Ῥαϐέννης,</span> <span class='ocrx_word' id='word_1_698' title='bbox 3444 4599 3721 4667; x_wconf 82' lang='grc' dir='ltr'>λεγὰτους</span> 
     </span>
    </p>
   </div>
   <div class='ocr_carea' id='block_1_102' title="bbox 2135 4688 3724 4763">
    <p class='ocr_par' dir='ltr' id='par_1_102' title="bbox 2135 4688 3724 4763">
     <span class='ocr_line' id='line_1_103' title="bbox 2135 4688 3724 4763; baseline 0.001 -18"><span class='ocrx_word' id='word_1_699' title='bbox 2135 4688 2281 4762; x_wconf 74' lang='grc' dir='ltr'>εἶχεν</span> <span class='ocrx_word' id='word_1_700' title='bbox 2329 4693 2359 4746; x_wconf 93' lang='lat'><strong>6</strong></span> <span class='ocrx_word' id='word_1_701' title='bbox 2392 4692 2608 4756; x_wconf 82' lang='grc' dir='ltr'>Πάπας,</span> <span class='ocrx_word' id='word_1_702' title='bbox 2658 4692 2822 4745; x_wconf 75' lang='grc' dir='ltr'>οἱονεὶ</span> <span class='ocrx_word' id='word_1_703' title='bbox 2880 4695 2942 4744; x_wconf 79' lang='grc' dir='ltr'>ὲκ</span> <span class='ocrx_word' id='word_1_704' title='bbox 2982 4691 3282 4762; x_wconf 79' lang='grc' dir='ltr'>προσώπου</span> <span class='ocrx_word' id='word_1_705' title='bbox 3328 4692 3496 4746; x_wconf 80' lang='grc' dir='ltr'>αὐτοῦ</span> <span class='ocrx_word' id='word_1_706' title='bbox 3535 4694 3724 4763; x_wconf 79' lang='grc' dir='ltr'>(τοῦτο</span> 
     </span>
    </p>
   </div>
   <div class='ocr_carea' id='block_1_103' title="bbox 2135 4780 3723 4857">
    <p class='ocr_par' dir='ltr' id='par_1_103' title="bbox 2135 4780 3723 4857">
     <span class='ocr_line' id='line_1_104' title="bbox 2135 4780 3723 4857; baseline 0 -20"><span class='ocrx_word' id='word_1_707' title='bbox 2135 4784 2246 4857; x_wconf 76' lang='grc' dir='ltr'><strong>γὰρ</strong></span> <span class='ocrx_word' id='word_1_708' title='bbox 2301 4782 2725 4854; x_wconf 76' lang='grc' dir='ltr'>καθ’Ἕλληνας</span> <span class='ocrx_word' id='word_1_709' title='bbox 2777 4784 2811 4854; x_wconf 76' lang='grc' dir='ltr'>ἡ</span> <span class='ocrx_word' id='word_1_710' title='bbox 2862 4780 3008 4846; x_wconf 80' lang='grc' dir='ltr'>λέξις</span> <span class='ocrx_word' id='word_1_711' title='bbox 3064 4783 3237 4854; x_wconf 87' lang='grc' dir='ltr'>δηλοῖ)</span> <span class='ocrx_word' id='word_1_712' title='bbox 3281 4782 3348 4836; x_wconf 75' lang='grc' dir='ltr'><strong>ἶν’</strong></span> <span class='ocrx_word' id='word_1_713' title='bbox 3384 4784 3474 4837; x_wconf 84' lang='grc' dir='ltr'>ὅτε</span> <span class='ocrx_word' id='word_1_714' title='bbox 3527 4784 3723 4853; x_wconf 82' lang='grc' dir='ltr'>δεήσει</span> 
     </span>
    </p>
   </div>
   <div class='ocr_carea' id='block_1_104' title="bbox 2136 4874 3718 4948">
    <p class='ocr_par' dir='ltr' id='par_1_104' title="bbox 2136 4874 3718 4948">
     <span class='ocr_line' id='line_1_105' title="bbox 2136 4874 3718 4948; baseline -0.002 -17"><span class='ocrx_word' id='word_1_715' title='bbox 2136 4875 2392 4948; x_wconf 85' lang='grc' dir='ltr'>παρεῖναί</span> <span class='ocrx_word' id='word_1_716' title='bbox 2421 4892 2574 4938; x_wconf 78' lang='grc' dir='ltr'>τινας</span> <span class='ocrx_word' id='word_1_717' title='bbox 2602 4874 2712 4928; x_wconf 90' lang='grc' dir='ltr'><strong>τῶν</strong></span> <span class='ocrx_word' id='word_1_718' title='bbox 2744 4874 2840 4928; x_wconf 82' lang='grc' dir='ltr'>τοῦ</span> <span class='ocrx_word' id='word_1_719' title='bbox 2863 4876 3028 4930; x_wconf 78' lang='grc' dir='ltr'>Πάπα</span> <span class='ocrx_word' id='word_1_720' title='bbox 3055 4877 3178 4939; x_wconf 89' lang='grc' dir='ltr'>ταῖς</span> <span class='ocrx_word' id='word_1_721' title='bbox 3205 4877 3415 4938; x_wconf 82' lang='grc' dir='ltr'>κοιναῖς</span> <span class='ocrx_word' id='word_1_722' title='bbox 3454 4876 3718 4928; x_wconf 78' lang='grc' dir='ltr'>συνελεύ·</span> 
     </span>
    </p>
   </div>
   <div class='ocr_carea' id='block_1_105' title="bbox 2138 4959 3720 5037">
    <p class='ocr_par' dir='ltr' id='par_1_105' title="bbox 2138 4959 3720 5037">
     <span class='ocr_line' id='line_1_106' title="bbox 2138 4959 3720 5037; baseline 0.001 -15"><span class='ocrx_word' id='word_1_723' title='bbox 2138 4985 2310 5031; x_wconf 91' lang='grc' dir='ltr'>σεσιν,</span> <span class='ocrx_word' id='word_1_724' title='bbox 2346 4966 2734 5037; x_wconf 83' lang='grc' dir='ltr'>ἀναπληρῶσιν</span> <span class='ocrx_word' id='word_1_725' title='bbox 2786 4959 2931 5020; x_wconf 78' lang='grc' dir='ltr'>οὗτοι</span> <span class='ocrx_word' id='word_1_726' title='bbox 2978 4966 3070 5020; x_wconf 84' lang='grc' dir='ltr'><strong>τδν</strong></span> <span class='ocrx_word' id='word_1_727' title='bbox 3102 4967 3316 5021; x_wconf 75' lang='grc' dir='ltr'>ἐκείνου</span> <span class='ocrx_word' id='word_1_728' title='bbox 3354 4967 3544 5033; x_wconf 88' lang='grc' dir='ltr'>τόπον,</span> <span class='ocrx_word' id='word_1_729' title='bbox 3575 4969 3720 5023; x_wconf 77' lang='grc' dir='ltr'>ἀλλὰ</span> 
     </span>
    </p>
   </div>
   <div class='ocr_carea' id='block_1_106' title="bbox 2134 5057 3722 5130">
    <p class='ocr_par' dir='ltr' id='par_1_106' title="bbox 2134 5057 3722 5130">
     <span class='ocr_line' id='line_1_107' title="bbox 2134 5057 3722 5130; baseline 0 -17"><span class='ocrx_word' id='word_1_730' title='bbox 2134 5060 2237 5125; x_wconf 78' lang='grc' dir='ltr'>τῆς</span> <span class='ocrx_word' id='word_1_731' title='bbox 2269 5057 2549 5130; x_wconf 71' lang='grc' dir='ltr'>ἡμετέρας</span> <span class='ocrx_word' id='word_1_732' title='bbox 2578 5057 2877 5128; x_wconf 80' lang='grc' dir='ltr'>ἐτύγχανον</span> <span class='ocrx_word' id='word_1_733' title='bbox 2908 5058 3063 5122; x_wconf 74' lang='grc' dir='ltr'>ὄντες</span> <span class='ocrx_word' id='word_1_734' title='bbox 3102 5058 3338 5130; x_wconf 82' lang='grc' dir='ltr'>ἀγέλης.</span> <span class='ocrx_word' id='word_1_735' title='bbox 3377 5060 3452 5113; x_wconf 80' lang='grc' dir='ltr'><strong>Οὐ</strong></span> <span class='ocrx_word' id='word_1_736' title='bbox 3486 5058 3600 5129; x_wconf 82' lang='grc' dir='ltr'>γὰρ</span> <span class='ocrx_word' id='word_1_737' title='bbox 3630 5078 3722 5113; x_wconf 79' lang='grc' dir='ltr'>τοο</span> 
     </span>
    </p>
   </div>
   <div class='ocr_carea' id='block_1_107' title="bbox 2138 5147 3723 5222">
    <p class='ocr_par' dir='ltr' id='par_1_107' title="bbox 2138 5147 3723 5222">
     <span class='ocr_line' id='line_1_108' title="bbox 2138 5147 3723 5222; baseline 0 -18"><span class='ocrx_word' id='word_1_738' title='bbox 2138 5150 2365 5215; x_wconf 90' lang='grc' dir='ltr'>σούτους</span> <span class='ocrx_word' id='word_1_739' title='bbox 2404 5147 2547 5221; x_wconf 79' lang='grc' dir='ltr'>εἶχεν</span> <span class='ocrx_word' id='word_1_740' title='bbox 2601 5150 2926 5222; x_wconf 76' lang='grc' dir='ltr'>ὑπερορίους</span> <span class='ocrx_word' id='word_1_741' title='bbox 2980 5152 3317 5215; x_wconf 73' lang='grc' dir='ltr'>ἐπισκόπους</span> <span class='ocrx_word' id='word_1_742' title='bbox 3366 5151 3457 5219; x_wconf 73' lang='grc' dir='ltr'><strong>ὑφ’</strong></span> <span class='ocrx_word' id='word_1_743' title='bbox 3498 5152 3723 5219; x_wconf 74' lang='grc' dir='ltr'>ἑαυτὸν,</span> 
     </span>
    </p>
   </div>
   <div class='ocr_carea' id='block_1_108' title="bbox 2137 5241 3721 5311">
    <p class='ocr_par' dir='ltr' id='par_1_108' title="bbox 2137 5241 3721 5311">
     <span class='ocr_line' id='line_1_109' title="bbox 2137 5241 3721 5311; baseline 0.002 -16"><span class='ocrx_word' id='word_1_744' title='bbox 2137 5242 2279 5295; x_wconf 84' lang='grc' dir='ltr'>ῶστε</span> <span class='ocrx_word' id='word_1_745' title='bbox 2338 5241 2436 5294; x_wconf 77' lang='grc' dir='ltr'>καὶ</span> <span class='ocrx_word' id='word_1_746' title='bbox 2490 5244 2815 5311; x_wconf 84' lang='grc' dir='ltr'>χειροτονεῖν</span> <span class='ocrx_word' id='word_1_747' title='bbox 2867 5242 3088 5309; x_wconf 73' lang='grc' dir='ltr'>αὐτοὺς,</span> <span class='ocrx_word' id='word_1_748' title='bbox 3148 5244 3225 5308; x_wconf 86' lang='grc' dir='ltr'><strong>ῶς</strong></span> <span class='ocrx_word' id='word_1_749' title='bbox 3286 5261 3433 5308; x_wconf 89' lang='grc' dir='ltr'>τινες</span> <span class='ocrx_word' id='word_1_750' title='bbox 3488 5244 3721 5299; x_wconf 71' lang='grc' dir='ltr'>οἴονται.</span> 
     </span>
    </p>
   </div>
   <div class='ocr_carea' id='block_1_109' title="bbox 2149 5334 3723 5406">
    <p class='ocr_par' dir='ltr' id='par_1_109' title="bbox 2149 5334 3723 5406">
     <span class='ocr_line' id='line_1_110' title="bbox 2149 5334 3723 5406; baseline 0 -17"><span class='ocrx_word' id='word_1_751' title='bbox 2149 5336 2534 5406; x_wconf 85' lang='grc' dir='ltr'>Ἐπινενόηται</span> <span class='ocrx_word' id='word_1_752' title='bbox 2581 5335 2638 5389; x_wconf 73' lang='grc' dir='ltr'>δὲ</span> <span class='ocrx_word' id='word_1_753' title='bbox 2684 5334 2843 5389; x_wconf 81' lang='grc' dir='ltr'>τοῦτο</span> <span class='ocrx_word' id='word_1_754' title='bbox 2862 5336 2953 5389; x_wconf 80' lang='grc' dir='ltr'>διὰ</span> <span class='ocrx_word' id='word_1_755' title='bbox 3004 5336 3065 5389; x_wconf 77' lang='grc' dir='ltr'>τὸ</span> <span class='ocrx_word' id='word_1_756' title='bbox 3106 5335 3209 5405; x_wconf 78' lang='grc' dir='ltr'>τῆς</span> <span class='ocrx_word' id='word_1_757' title='bbox 3242 5335 3364 5389; x_wconf 82' lang='grc' dir='ltr'>ὀδοῦ</span> <span class='ocrx_word' id='word_1_758' title='bbox 3399 5336 3601 5405; x_wconf 79' lang='grc' dir='ltr'>μῆκος,</span> <span class='ocrx_word' id='word_1_759' title='bbox 3634 5337 3723 5389; x_wconf 80' lang='grc' dir='ltr'>ἵνα</span> 
     </span>
    </p>
   </div>
   <div class='ocr_carea' id='block_1_110' title="bbox 2142 5428 3722 5499">
    <p class='ocr_par' dir='ltr' id='par_1_110' title="bbox 2142 5428 3722 5499">
     <span class='ocr_line' id='line_1_111' title="bbox 2142 5428 3722 5499; baseline 0.001 -19"><span class='ocrx_word' id='word_1_760' title='bbox 2142 5430 2217 5499; x_wconf 80' lang='grc' dir='ltr'>μὴ</span> <span class='ocrx_word' id='word_1_761' title='bbox 2245 5428 2619 5482; x_wconf 83' lang='grc' dir='ltr'>ἀποκναίωσιν</span> <span class='ocrx_word' id='word_1_762' title='bbox 2650 5429 2701 5481; x_wconf 88' lang='grc' dir='ltr'><strong>οί</strong></span> <span class='ocrx_word' id='word_1_763' title='bbox 2751 5428 2889 5499; x_wconf 78' lang='grc' dir='ltr'>πρὸς</span> <span class='ocrx_word' id='word_1_764' title='bbox 2929 5429 3071 5499; x_wconf 72' lang='grc' dir='ltr'>ἡμᾶς</span> <span class='ocrx_word' id='word_1_765' title='bbox 3118 5428 3331 5482; x_wconf 76' lang='grc' dir='ltr'>ἐκεῖθεν</span> <span class='ocrx_word' id='word_1_766' title='bbox 3369 5428 3722 5499; x_wconf 80' lang='grc' dir='ltr'>στελλόμενοι</span> 
     </span>
    </p>
   </div>
   <div class='ocr_carea' id='block_1_111' title="bbox 2137 5519 3720 5591">
    <p class='ocr_par' dir='ltr' id='par_1_111' title="bbox 2137 5519 3720 5591">
     <span class='ocr_line' id='line_1_112' title="bbox 2137 5519 3720 5591; baseline -0.002 -17"><span class='ocrx_word' id='word_1_767' title='bbox 2137 5520 2477 5575; x_wconf 64' lang='grc' dir='ltr'>διαπόντιον</span> <span class='ocrx_word' id='word_1_768' title='bbox 2526 5521 2620 5573; x_wconf 70' lang='grc' dir='ltr'>καὶ</span> <span class='ocrx_word' id='word_1_769' title='bbox 2670 5519 2829 5589; x_wconf 81' lang='grc' dir='ltr'>δῆλον</span> <span class='ocrx_word' id='word_1_770' title='bbox 2892 5521 2957 5573; x_wconf 83' lang='grc' dir='ltr'>ὲκ</span> <span class='ocrx_word' id='word_1_771' title='bbox 3022 5519 3119 5574; x_wconf 81' lang='grc' dir='ltr'>τοῦ</span> <span class='ocrx_word' id='word_1_772' title='bbox 3171 5519 3247 5591; x_wconf 80' lang='grc' dir='ltr'>μὴ</span> <span class='ocrx_word' id='word_1_773' title='bbox 3277 5519 3489 5582; x_wconf 84' lang='grc' dir='ltr'>τούτοις</span> <span class='ocrx_word' id='word_1_774' title='bbox 3515 5521 3605 5573; x_wconf 80' lang='grc' dir='ltr'><strong>ἀεὶ</strong></span> <span class='ocrx_word' id='word_1_775' title='bbox 3653 5522 3720 5572; x_wconf 77' lang='grc' dir='ltr'>ὲκ</span> 
     </span>
    </p>
   </div>
   <div class='ocr_carea' id='block_1_112' title="bbox 2140 5610 3720 5684">
    <p class='ocr_par' dir='ltr' id='par_1_112' title="bbox 2140 5610 3720 5684">
     <span class='ocr_line' id='line_1_113' title="bbox 2140 5610 3720 5684; baseline -0.002 -17"><span class='ocrx_word' id='word_1_776' title='bbox 2140 5612 2435 5684; x_wconf 82' lang='grc' dir='ltr'>προσώπου</span> <span class='ocrx_word' id='word_1_777' title='bbox 2505 5612 2599 5665; x_wconf 82' lang='grc' dir='ltr'>τοῦ</span> <span class='ocrx_word' id='word_1_778' title='bbox 2668 5612 2835 5665; x_wconf 83' lang='grc' dir='ltr'>Πάπα</span> <span class='ocrx_word' id='word_1_779' title='bbox 2900 5610 3307 5677; x_wconf 84' lang='grc' dir='ltr'>καθίστασθαι,</span> <span class='ocrx_word' id='word_1_780' title='bbox 3363 5611 3483 5665; x_wconf 85' lang='grc' dir='ltr'>ἀλλ’</span> <span class='ocrx_word' id='word_1_781' title='bbox 3543 5612 3720 5665; x_wconf 78' lang='grc' dir='ltr'>ἐνίοτε</span> 
     </span>
    </p>
   </div>
   <div class='ocr_carea' id='block_1_113' title="bbox 2141 5694 3731 5777">
    <p class='ocr_par' dir='ltr' id='par_1_113' title="bbox 2141 5694 3731 5777">
     <span class='ocr_line' id='line_1_114' title="bbox 2141 5694 3731 5777; baseline 0.001 -19"><span class='ocrx_word' id='word_1_782' title='bbox 2141 5705 2237 5758; x_wconf 73' lang='grc' dir='ltr'>καὶ</span> <span class='ocrx_word' id='word_1_783' title='bbox 2264 5704 2505 5776; x_wconf 80' lang='grc' dir='ltr'>ἑτέρους,</span> <span class='ocrx_word' id='word_1_784' title='bbox 2539 5704 2632 5773; x_wconf 72' lang='grc' dir='ltr'>οὓς</span> <span class='ocrx_word' id='word_1_785' title='bbox 2660 5705 2688 5760; x_wconf 93' lang='grc' dir='ltr'>ό</span> <span class='ocrx_word' id='word_1_786' title='bbox 2722 5706 2862 5761; x_wconf 80' lang='grc' dir='ltr'>κατὰ</span> <span class='ocrx_word' id='word_1_787' title='bbox 2890 5705 3120 5777; x_wconf 76' lang='grc' dir='ltr'>καιροὺς</span> <span class='ocrx_word' id='word_1_788' title='bbox 3150 5694 3251 5777; x_wconf 78' lang='grc' dir='ltr'>τῆς</span> <span class='ocrx_word' id='word_1_789' title='bbox 3291 5703 3511 5777; x_wconf 79' lang='grc' dir='ltr'>Ῥώμης</span> <span class='ocrx_word' id='word_1_790' title='bbox 3541 5706 3731 5760; x_wconf 73' lang='grc' dir='ltr'>εῖλετα</span> 
     </span>
    </p>
   </div>
   <div class='ocr_carea' id='block_1_114' title="bbox 2140 5790 3647 5856">
    <p class='ocr_par' dir='ltr' id='par_1_114' title="bbox 2140 5790 3647 5856">
     <span class='ocr_line' id='line_1_115' title="bbox 2140 5790 3647 5856; baseline 0.001 -5"><span class='ocrx_word' id='word_1_791' title='bbox 2140 5798 2355 5856; x_wconf 83' lang='grc' dir='ltr'>Πάπας.</span> <span class='ocrx_word' id='word_1_792' title='bbox 2874 5841 2882 5847; x_wconf 95' lang='grc'><strong>.</strong></span> <span class='ocrx_word' id='word_1_793' title='bbox 3632 5790 3647 5798; x_wconf 80' lang='grc'><strong>’</strong></span> 
     </span>
    </p>
   </div>
  </div>
