4054 6400
314 339 447 406 125i

422 452 560 523 Περὶ
602 449 810 520 ψήφου
853 450 952 504 καὶ
1000 449 1375 518 χειροτονίας
1414 447 1789 502 ἐπισκόπων.

384 547 604 601 Τούτων
632 542 927 614 τοιγαροῦν
955 542 1067 596 τῶν
1097 542 1427 611 διοικήσεων
1456 544 1584 601 τοὺς
1629 552 1906 608 μητροπο-

311 643 466 704 λίτας
542 637 739 710 μόνους
799 638 1135 708 χειροτονεῖν
1199 634 1387 689 δίδωσι
1444 632 1525 704 τῷ
1587 632 1905 701 πατριάρχῃ

311 730 952 792 Κωνσταντινουπόλεως
981 747 995 761 ο
1027 727 1355 783 καὶτούτων
1384 727 1484 796 ούχ
1514 724 1722 795 οὕσπερ
1741 722 1907 784 αὐτὸς

311 830 438 885 κατ’
469 828 723 895 ἐξουσίαν
777 824 1131 898 ἢεϐούληται,
1161 820 1277 877 ἀλλ’
1303 820 1399 884 οὓς
1433 820 1503 874 ἂν
1538 821 1573 889 ή
1602 819 1697 871 ὑπ’
1739 816 1905 870 αὐτὸν

314 922 732 993 συμφωνήσασα
784 920 1097 991 ψηφίσηται
1146 915 1386 976 σύνοδος.
1442 909 1559 967 Εἶθ’
1618 911 1762 965 οὕτω
1794 909 1905 963 τῶν

310 1017 510 1087 ψήφων
545 1013 1003 1086 ὲμφανιζομένων
1041 1010 1215 1081 αὐτῷ,
1239 1009 1300 1062 ὃν
1347 1007 1413 1062 ἃν
1457 1006 1564 1060 τῶν
1594 1003 1904 1074 ψηφισθέν-

307 1127 442 1173 των,
497 1107 667 1176 τριῶν
703 1104 895 1167 ὄντων,
929 1100 1219 1171 ἐκλέξηται
1264 1098 1618 1169 χειροτονεῖν.
1668 1095 1744 1147 Ού
1795 1091 1905 1164 γὰρ

310 1204 529 1271 ἐφεῖται
558 1199 638 1269 τῷ
664 1197 871 1267 πατριά
886 1213 989 1267 ρχῃ
1024 1196 1145 1256 ταῖς
1168 1191 1280 1245 τῶν
1331 1186 1749 1260 μητροπολιτῶν
1790 1202 1903 1239 πα-

315 1298 493 1366 ρεῖναι
519 1292 749 1363 ψήφοις,
794 1288 918 1341 οὔτε
959 1287 1067 1356 μὴν
1109 1284 1189 1355 τῷ
1228 1280 1605 1354 μητροπολίτῃ
1639 1280 1762 1340 ταῖς
1794 1277 1904 1329 τῶν

310 1390 655 1444 ἐπισκόπων.
712 1385 826 1458 Πρὸ
868 1385 925 1438 δὲ
957 1382 1053 1437 τοῦ
1101 1380 1332 1442 κανόνος
1364 1377 1559 1432 τούτου
1591 1376 1692 1447 οὐχ
1722 1376 1772 1427 οῖ
1803 1389 1907 1427 πα-

316 1483 588 1554 τριάρχαι
632 1480 758 1541 τοὺς
810 1473 1217 1548 μητροπολίτας
1262 1468 1666 1542 ἐχειροτόνουν,
1706 1465 1823 1522 ἀλλ’
1853 1465 1904 1518 οῖ
1953 1511 1956 1515 .

314 1577 555 1645 ἑκάστης
591 1570 861 1642 ἐπαρχίας
888 1568 1203 1622 ἐπίσκοποι.
1253 1562 1601 1633 Χειροτονεῖν
1634 1559 1682 1612 δ’
1715 1558 1904 1629 ἐφίησι

313 1669 394 1738 ’τῷ
419 1662 1057 1723 Κωνσταντινουπόλεως
1101 1662 1199 1713 καὶ
1239 1657 1368 1719 τοὺς
1401 1657 1460 1708 ὲν
1484 1655 1601 1716 τοῖς
1636 1650 1906 1723 βαρϐαρι-

313 1763 435 1825 κοῖς
476 1760 687 1813 Εθνεσιν
727 1754 1091 1818 ἐπισκόπους,
1145 1750 1257 1812 τοῖς
1316 1747 1542 1818 ὁμόροις
1593 1744 1703 1797 τῶν

316 1852 596 1926 ρισμένων
628 1845 780 1917 αύτῷ
820 1846 1165 1913 διοικήσεων,
1195 1839 1386 1909 ὥσπερ
1422 1835 1563 1889 εἰσὶν
1596 1835 1649 1888 οἱ
1690 1831 1909 1885 Ἀλανοὶ⁸

314 1923 415 1999 καὶ
440 1943 493 1996 οῖ
534 1940 693 2004 Ῥὠς.
750 1938 816 1993 Οἱ
874 1937 975 2007 μὲν
1035 1934 1146 2004 γὰρ
1201 1932 1269 2001 τῇ
1305 1929 1568 1998 Ποντικῇ,
1628 1926 1686 1989 οἱ,
1733 1923 1791 1978 δὲ
1838 1923 1907 1992 τῇ

317 2038 572 2110 Θρᾳκικῇ
612 2033 981 2104 παράκεινται
1004 2027 1308 2094 διοικήσειε
1346 2021 1564 2091 ἑκάστῳ
1612 2019 1667 2072 δὲ
1708 2033 1911 2086 μητρο-

320 2105 519 2202 πολίτῃ
540 2105 868 2198 χειροτονεῖν
888 2120 1223 2189 ἐπισκήπτει
1243 2115 1369 2178 τοὺς
1392 2114 1484 2167 ὑπ’
1503 2110 1666 2164 αὑτὸν
1687 2105 1913 2161 ἐπισκό-

325 2199 502 2289 πους,
534 2220 642 2274 τῶν
676 2221 776 2288 τῆς
807 2212 1081 2285 ἐπαρχίας
1136 2207 1455 2263 ἐπισκόπων
1501 2199 1909 2272 παραπλησίως

325 2315 672 2386 ποιουμένων
700 2312 798 2373 τὰς
842 2308 1081 2378 ψήφους,
1126 2303 1201 2365 ὡς
1234 2299 1469 2361 καὶτοῖς
1516 2294 1683 2357 θείοις
1718 2293 1910 2347 κανόσι

322 2410 438 2464 τῶν
465 2407 572 2477 πρὸ
600 2404 758 2475 ἡμῶν
784 2402 980 2469 ἁγίων,
1010 2399 1166 2466 φησὶ,
1198 2391 1573 2461 διηγόρευται.

399 2501 480 2555 Τὰ
508 2475 650 2551 αὐτὰ
694 2495 789 2547 καὶ
820 2495 848 2545 ὁ
893 2487 981 2554 λς’
1017 2488 1113 2556 τῆς
1151 2492 1203 2551 ς’
1256 2481 1477 2536 συνόδου
1508 2478 1732 2542 διέξεισι
1782 2475 1913 2546 περὶ

324 2594 438 2649 τῶν
483 2587 793 2660 πρεσϐείων
842 2583 943 2651 τῆς
1002 2577 1335 2647 Ἐκκλησίας
1397 2570 1935 2627 Κωνσταντινοδπότ

327 2688 494 2747 λεως,
526 2659 604 2750 τῷ
633 2681 731 2747 τῆς
770 2676 815 2747 β’
852 2674 1079 2729 συνόδου
1114 2671 1174 2747 β’,
1206 2668 1415 2730 κανόνι,
1460 2665 1598 2735 πρὸς
1635 2663 1694 2717 δὲ
1720 2659 1914 2730 καὶτῷ

327 2777 432 2848 ’τῆς
457 2775 496 2828 δ’
520 2749 1013 2841 ἐπιψηφιζόμενος,
1043 2763 1280 2824 καὶτοῖς
1326 2759 1478 2829 σφῶν
1515 2749 1729 2829 ῥήματι
1766 2753 1915 2825 χρώ-

334 2885 523 2941 μενος,
571 2865 719 2919 ὥστε
753 2862 847 2914 τὸν
887 2858 1077 2930 θρόνον
1124 2849 1761 2911 Κωνσταντινουπόλεως
1804 2845 1915 2898 τῶν

334 2937 471 3014 ῖσων
518 2952 816 3012 ἀπολαύειν
876 2948 1187 3020 πρεσϐείων
1235 2944 1314 3014 τῷ
1376 2944 1480 3012 τῆς
1529 2937 1916 3011 πρεσϐυτέρας

344 3051 591 3122 Ῥώμης,
621 3047 873 3117 δεύτερον
921 3043 1037 3113 μετ’
1066 3042 1275 3093 ἐκεῖνον
1306 3037 1627 3107 ὑπάρχοντα
1647 3047 1662 3064 ο
1702 3028 1823 3101 μεθ’
1856 3027 1915 3081 ὃν

333 3142 711 3216 ἀριθμεῖταιὸ
739 3139 840 3209 τῆς
879 3132 1313 3203 Ἀλεξανδρείας,
1354 3125 1474 3183 εἶτα
1506 3130 1535 3181 ό
1562 3124 1663 3195 τῆς

331 3239 511 3311 χείας,
546 3238 641 3290 καὶ
669 3231 809 3303 μετὰ
830 3227 1005 3283 ταῦτα
1032 3227 1061 3280 ὁ
1090 3224 1199 3279 τῶν
1243 3216 1664 3293 Ἱεροσολύμων.

334 3350 504 3407 Διατί
541 3351 574 3403 ό
608 3341 998 3413 πατριάρχης
1042 3340 1132 3403 είς
1180 3336 1288 3402 τὰς
1328 3333 1447 3388 τῶν
1477 3330 1922 3413 ,μητροπόλεων

643 3405 902 3488 exoptate-
924 3405 1144 3480 πέμπει
1173 3405 1617 3474 σταυροπήγια.

410 3508 778 3578 Βαλσαμῶν.
799 3503 1024 3574 Ἐπειδὴ
1046 3501 1221 3555 τοίνυν
1236 3501 1351 3561 τοῖς
1376 3498 1537 3550 πέντε
1556 3493 1924 3564 πατριάρχαις

334 3602 772 3673 ἀπενεμήθησαν
803 3598 861 3651 αι
894 3593 1106 3665 ὲνορίαι
1131 3591 1240 3644 τῶν
1268 3589 1555 3658 τεσσάρων
1588 3586 1691 3653 τῆς
1737 3587 1924 3636 οἰκουα

338 3699 511 3771 μένης
549 3692 871 3763 κλιμάτων,
894 3687 1035 3757 πλὴν
1090 3683 1291 3751 ὀλίγων
1325 3677 1658 3746 ἐκκλησιῶν,
1690 3677 1782 3729 καὶ
1823 3691 1927 3744 μη-

333 3768 666 3857 τροπολίτας
697 3786 912 3853 ἐφεῖται
944 3778 1158 3841 τούτοις
1188 3774 1516 3846 χειροτονεῖν
1544 3772 1623 3833 είς
1661 3769 1760 3831 τὰς
1789 3768 1925 3837 ἀφο-

339 3882 623 3955 ρισθείσας
647 3878 831 3940 αὐτοῖς
876 3873 1196 3944 διοικήσεις,
1246 3866 1566 3937 ἀνακρίνειν
1604 3879 1666 3916 τε
1700 3861 1922 3923 αὐτοὺς,

336 3980 436 4031 καὶ
486 3973 630 4028 κατὰ
674 3969 802 4031 τοὺς
853 3966 1033 4029 θείους
1086 3961 1334 4016 εὐθύνειν
1386 3958 1639 4021 κανόνας,
1674 3955 1771 4008 καὶ
1826 3951 1927 4023 τὴν

336 4069 652 4140 ἔκφὼνησιν
674 4066 773 4119 καὶ
796 4063 1022 4132 μνήμην
1057 4059 1202 4127 ἔχειν
1230 4054 1337 4107 τῶν
1366 4051 1583 4105 οἰκείων
1617 4046 1926 4115 ὀνομάτων,

336 4136 449 4233 arpi;
477 4162 696 4214 πάντων
730 4156 839 4209 τῶν
877 4155 936 4206 ὲν
977 4152 1094 4211 ταῖς
1130 4147 1431 4215 διοικήσεσι
1485 4136 1926 4213 μητροπολιτῶν.

335 4254 522 4323 Ταύτῃ
548 4268 632 4304 τοι
655 4251 751 4303 καὶ
768 4245 1152 4315 σταυροπήγια
1176 4239 1490 4307 πέμπουσιν
1520 4235 1598 4295 είς
1622 4231 1719 4293 τὰς
1747 4227 1928 4281 αὐτῶν

335 4350 577 4418 ἐνορίας,
617 4344 712 4397 καὶ
759 4338 1058 4410 κληρικοὺς
1091 4333 1152 4399 ἐξ
1199 4330 1377 4386 αὐτῶν
1416 4327 1791 4399 λαμϐάνουσιν
1831 4320 1929 4385 οὓς

334 4438 620 4511 αἱροῦνται
638 4451 653 4467 ’
675 4433 737 4486 ού
769 4431 875 4504 μὴν
902 4427 1113 4500 ἐφεῖταί
1140 4442 1249 4478 τινι
1280 4423 1485 4475 τούτων
1514 4419 1609 4473 καὶ
1638 4419 1717 4480 είς
1744 4416 1928 4487 χώραν
1964 4461 2006 4514 D

337 4510 586 4604 πέμπειν
643 4524 1073 4595 σταυροπήγιον,
1127 4518 1253 4588 ήτις
1302 4513 1478 4584 ἑτέρῳ
1511 4510 1801 4564 ὑπόκειται
1829 4524 1929 4560 πα-

336 4598 607 4696 τριάρχῃ,
648 4616 773 4671 οὔτε
811 4610 1073 4683 κληρικὸν
1122 4607 1307 4663 λαϐεῖν
1355 4604 1416 4669 ἐξ
1469 4600 1662 4670 αὐτῆς,
1724 4600 1812 4655 ἵνα
1853 4598 1929 4671 μὴ

342 4714 691 4783 συγχέωνται
722 4707 793 4759 τὰ
826 4702 1016 4757 δίκαιοι
1044 4699 1154 4752 τῶν
1199 4691 1563 4763 Ἐκκλησιῶν.

417 4825 558 4895 Περὶ
583 4822 689 4877 τοῦ
724 4816 1134 4949 Βουλγτῃρίῗὲ,Ξ
1162 4810 1270 4867 τοῦ
1311 4810 1578 4877 Κύπρου,
1619 4804 1718 4858 καὶ
1750 4802 1862 4881 τοῦ

1133 4900 1280 4949 ρων.

1133 4900 1280 4951 ρων.

416 4990 484 5043 Ai
538 4987 597 5042 δὲ
654 4984 731 5055 μή
786 4979 1149 5048 ὑποκείμεναι
1203 4972 1514 5043 πατριάρχῃ
1575 4969 1723 5034 τινὶ,
1777 4965 1936 5036 ήτῆς

342 5079 691 5152 Βουλγαρίας
735 5079 885 5131 ἐστὶν
931 5068 1253 5140 Ἐκκλησία,
1283 5067 1352 5138 ἣν
1409 5064 1673 5134 ἐτίμησεν
1702 5061 1731 5111 ὁ
1784 5058 1939 5129 βασι-

342 5177 473 5240 λεὺς
511 5170 912 5233 Ἱουστινιανδς,
947 5165 1023 5228 ὡς
1065 5165 1131 5216 ἐκ
1169 5161 1274 5230 τῆς
1325 5158 1710 5230 ρηθησομένης
1737 5152 1937 5223 νεαρᾶς

346 5268 517 5326 αὐτοῦ
538 5265 819 5336 γνώριμον
854 5260 1045 5313 ἔσται’
1144 5255 1243 5323 τῆς
1264 5251 1497 5320 Κύπρου
1522 5265 1538 5280 ·
1567 5248 1776 5317 ταύτην
1810 5246 1867 5300 δὲ
1902 5248 1936 5317 ἡ

344 5364 510 5434 τρίτη
547 5359 765 5420 σύνοδος
806 5356 902 5409 καὶ
952 5353 986 5423 ἡ
1031 5355 1088 5416 ς’
1113 5349 1500 5418 τετιμήκασιν,
1532 5342 1606 5406 ὡς
1651 5341 1847 5394 αὐτίκα
1877 5339 1941 5408 δὴ

350 5432 507 5529 μάλα
534 5455 837 5525 ῥηθήσεται
880 5463 894 5479 ’
932 5449 966 5517 ή
995 5446 1102 5499 τῶν
1158 5443 1406 5513 Ἰϐήρων,
1458 5438 1523 5506 ἣν
1564 5436 1788 5505 ἐτίμησε
1830 5432 1946 5486 διὰ-

346 5525 553 5620 ζίνωοίς
610 5546 710 5615 τῆς
761 5545 819 5595 ὲν
882 5538 1191 5608 Ἀντιοχείᾳ
1251 5530 1510 5591 συνόδου,
1564 5525 1938 5595 ὑποκειμένην

349 5618 517 5713 πρὼη
536 5639 706 5709 ναύτῇ
732 5653 746 5668 ο
774 5634 980 5713 τούτων
1015 5634 1124 5700 γὰρ
1158 5631 1209 5682 ot
1236 5626 1509 5698 ἀρχιερεῖς
1534 5620 1637 5673 ὑπὸ
1666 5620 1774 5674 τῶν
1801 5618 1946 5672 ἰδίων

351 5710 677 5788 επισκόπων
708 5710 1133 5800 χειροτονεῖσθαι
1165 5720 1445 5772 εἰώθασιν.

434 5822 495 5876 '0
531 5820 631 5892 μέν
658 5775 830 5917 tot];
874 5815 985 5899 τῆς⁸
1002 5811 1194 5885 τρίτης
1232 5812 1452 5866 συνόδου
1492 5809 1675 5866 κανὼν
1733 5806 1810 5879 μή
1855 5803 1942 5874 ἐφ’
1977 5775 1989 5787 .

1276 335 1688 400 SYNTAGMA
1724 326 2355 394 ALPHABETICUM.
2395 352 2466 361 -
2512 324 2584 388 E.
3121 352 3154 376 .

1932 448 1981 502 Α

3456 316 3596 386 1282

2186 436 2262 491 De
2290 436 2545 490 electione
2575 443 2625 489 et
2658 432 2999 488 ordinatione
3025 433 3414 501 episcoporum.

2086 529 2291 584 Harum
2314 529 2586 599 siquidem
2616 525 2940 581 dioecesium
2965 524 3414 592 metrOpolitanos
3445 521 3596 576 solos

1927 628 1933 641 '
2010 621 2526 691 Constantinopolis
2563 618 2891 689 patriarchae
2924 616 3183 671 ordinare
3221 613 3544 670 conceditur
3574 629 3592 681 ;

2009 724 2064 770 et.
2098 730 2164 768 ex
2190 713 2298 767 illis
2337 726 2445 765 non
2470 725 2608 780 quos
2642 710 2760 778 ipse
2809 722 2908 777 pro
2971 713 3242 789 potestate
3274 705 3464 767 voluit,
3500 703 3597 758 sed

2010 821 2151 877 quos
2182 804 2287 860 sub
2316 806 2397 868 Ico
2418 800 2775 856 consentiens
2820 799 3067 870 synodus
3093 798 3319 868 elegerit
3347 815 3362 862 ;
3396 795 3597 850 deinde

2009 894 2210 950 delatis
2241 944 2245 957 ς
2275 892 2353 948 illi
2389 892 2684 961 suffragiis,
2738 905 2898 959 quem
2953 906 3019 944 ex
3066 889 3245 943 tribus
3294 887 3596 942 nominatis

2008 988 2281 1057 elegerit,
2343 987 2491 1040 hunc
2549 984 2817 1038 ordinari.
2880 980 2999 1036 Non
3045 982 3193 1035 enim
3255 979 3591 1051 patriarchae

2008 1078 2558 1148 metropolitanorum
2606 1074 2967 1130 electionibus
3021 1073 3293 1128 interesse
3339 1070 3598 1126 concedi-

2010 1180 2120 1235 tur,
2178 1185 2357 1239 neque
2413 1169 2636 1238 quidem
2694 1167 3120 1235 metropolitano
3165 1165 3593 1234 episcoporum.

1976 1269 2149 1318 rAnte
2187 1263 2334 1317 hunc
2381 1270 2565 1316 autem
2626 1274 2895 1315 canonem
2958 1257 3418 1326 metropolitanos
3490 1271 3591 1325 pa—

2010 1354 2265 1410 triarcbte
2297 1369 2406 1408 non
2443 1352 2801 1414 ordinabant,
2837 1350 2933 1406 sed
2961 1349 3258 1419 cujuslibet
3294 1348 3597 1418 provincia:

2010 1447 2274 1517 episcopi.
2313 1443 2927 1512 Constantinopolitano
2969 1456 3099 1496 vero
3126 1441 3232 1495 fuit
3263 1454 3595 1495 concessum

2008 1540 2062 1595 in
2100 1539 2410 1596 barbaricis
2456 1538 2731 1608 gentibus,
2761 1551 2882 1604 quae
2931 1534 3267 1591 dioecesibus
3310 1533 3430 1588 ‘sibi
3465 1547 3598 1601 pro-

2008 1629 2230 1700 pinquis
2273 1635 2403 1685 sunt
2436 1625 2815 1689 contermiuzn,
2847 1624 3139 1693 episcopos
3192 1622 3451 1677 ordinare
3485 1636 3499 1687 ;
3538 1630 3598 1674 ut

1755 1714 1905 1811 ἀφἀμ
1939 1789 1979 1811 n
2012 1732 2145 1776 sunt
2179 1721 2340 1775 Alani
2394 1731 2449 1775 et
2481 1719 2667 1775 Russi.
2702 1717 2766 1771 lli
2800 1717 3021 1786 quidem
3045 1714 3314 1778 Ponticae,
3353 1714 3429 1767 illi
3465 1727 3598 1768 vero

1939 1789 1980 1844 Β
2010 1811 2292 1867 Thracios;
2323 1807 2844 1879 adjacentdicecesi.
2887 1805 3199 1874 Unicuique
3221 1817 3354 1857 vero
3385 1812 3597 1855 metro-

2013 1902 2255 1973 politano
2289 1901 2578 1969 episcopos
2625 1897 2732 1951 sibi
2763 1895 3046 1964 subjectos
3080 1894 3344 1948 ordinare
3376 1892 3598 1945 incuru-

2012 1991 2125 2058 bit;
2164 1990 2462 2061 provinciae
2508 1987 2787 2057 episc0pis
2836 1985 3137 2040 electiones
3197 1982 3449 2038 similiter
3513 1979 3594 2034 fa-

2012 2086 2286 2141 cientibus
2320 2099 2336 2150 ;
2368 2092 2428 2136 ut
2456 2093 2513 2138 et
2559 2082 2913 2151 antiquorum
2947 2077 3170 2132 Patrum
3201 2074 3407 2147 divinis
3434 2086 3596 2127 cano—

2015 2176 2202 2244 nibus,
2230 2177 2329 2243 ait,
2370 2184 2591 2231 cautum
2623 2181 2728 2229 est.

2087 2446 2289 2502 Eadem
2331 2459 2455 2499 cum
2505 2441 2748 2497 secundo
2807 2454 3019 2495 canone
3084 2438 3341 2492 secundae
3403 2437 3600 2507 synodi

2015 2541 2330 2594 tricesimus
2361 2546 2549 2592 sextus
2580 2543 2748 2589 sextae
2799 2533 2995 2601 synodi
3041 2531 3107 2584 de
3157 2529 3414 2584 Ecclesia:
3455 2529 3605 2583 Con-

2017 2631 2522 2701 stantinOpolitanm
2602 2626 2900 2697 privilegiis
2945 2624 3241 2688 edisserit;
3288 2624 3476 2677 adlimc
3549 2632 3603 2677 et

2017 2726 2158 2781 idem
2180 2739 2303 2779 cum
2329 2730 2525 2793 quarto
2547 2717 3170 2782 decernens,etillorum
3195 2716 3372 2769 verbis
3407 2722 3561 2768 utens
3585 2730 3600 2779 ;

2019 2829 2079 2873 ut
2123 2819 2354 2872 thronus
2410 2811 3051 2880 ConstantinOpolitanus
3101 2807 3402 2876 aequalibus
3472 2822 3601 2860 cum

2017 2911 2188 2967 veteri
2217 2911 2391 2965 lloma
2426 2905 2730 2978 privilegiis
2757 2905 2996 2964 fruatur,
3030 2914 3157 2953 cum
3196 2899 3267 2953 sit
3294 2908 3417 2967 post
3447 2897 3600 2951 illum

2020 3005 2294 3061 secundus
2333 3020 2347 3056 :
2400 3008 2528 3071 post
2574 3014 2739 3069 quem
2798 3001 3124 3050 numeratur
3173 2989 3603 3051 Alexandrinus.

1702 3082 1986 3184 ἒΑντιο.α
2018 3100 2216 3159 deinde
2268 3087 2666 3195 Antiopheuus,
2740 3100 2797 3146 et
2846 3098 2963 3160 post
3039 3087 3140 3140 hos
3202 3082 3603 3185 Hierosolymi-

2027 3207 2210 3250 tanus.

2026 3312 2203 3375 Quare
2234 3306 2285 3362 in
2317 3299 2715 3370 metropolitani
2747 3296 3047 3418 prorjncias
3072 3292 3409 3362 stauropegia
3441 3289 3608 3343 mittit

2641 3378 2877 3418 nalrtarc
2897 3383 2968 3418 ια.

2641 3378 2968 3439 patriarcha.

2098 3471 2411 3525 Balsnmon.
2437 3463 2708 3530 Quoniam
2729 3458 2982 3529 equidem
3004 3456 3248 3526 quinque
3271 3452 3603 3524 patrial-citis

2026 3565 2275 3633 regiones
2302 3559 2470 3613 totius
2504 3554 2657 3609 orbis
2685 3551 2987 3606 distributa:
3022 3558 3173 3612 sunt,
3229 3557 3425 3617 praeter
3470 3561 3610 3615 pau-

2028 3671 2120 3710 cas
2161 3651 2449 3713 ecclesias,
2478 3656 2532 3701 et
2555 3646 2662 3699 illis
2684 3645 2849 3698 etiam
2882 3640 3332 3710 metropolitanos
3351 3638 3611 3692 ordinare

2028 3745 2373 3806 conceditur,
2426 3741 2564 3795 etin
2597 3737 2907 3805 assignatas
2961 3735 3098 3803 ipsis
3159 3733 3428 3788 dimceses
3484 3732 3611 3784 illos

2029 3842 2390 3903 constituere,
2450 3845 2505 3891 et
2536 3834 2838 3890 secundum
2874 3829 3092 3884 divinos
3149 3839 3389 3880 canones
3435 3823 3613 3877 corri—

2029 3951 2199 4005 gere,
2231 3943 2287 3988 et
2340 3928 2847 4002 pronuntiationem
2907 3933 2959 3977 et
3018 3919 3337 3975 memoriam
3381 3932 3610 3971 suorum

2028 4028 2314 4083 nominum
2363 4023 2587 4085 habere,
2635 4019 2704 4072 ab
2739 4016 2997 4071 omnibus
3056 4012 3150 4081 qui
3197 4011 3251 4064 in
3281 4009 3616 4063 dioecesibus

2031 4131 2160 4178 sunt
2197 4113 2636 4185 tnetropolitanis
2671 4129 2684 4164 :
2721 4124 2886 4180 porro
2919 4114 2973 4161 ct
3005 4105 3356 4174 stauropegia
3402 4102 3456 4156 in
3490 4101 3614 4155 illo-

2032 4229 2153 4268 rum
2187 4209 2501 4281 provincias
2549 4190 2794 4270 mittunt,
2822 4211 2875 4257 et
2903 4201 3134 4257 clericos
3168 4215 3279 4269 quo
3318 4197 3512 4251 volunt
3543 4196 3614 4251 ab

2032 4303 2111 4358 eis
2138 4298 2455 4356 subducunt
2483 4314 2498 4363 ;
2532 4296 2665 4349 nulli
2695 4293 2948 4362 equidem
2979 4292 3198 4344 illorum
3253 4289 3379 4342 licet
3408 4288 3460 4339 in
3485 4301 3617 4355 pro-

2036 4394 2295 4458 vinciam,
2342 4404 2464 4460 qnae
2495 4388 2649 4441 alteri
2679 4386 2924 4453 subjecta
2962 4394 3044 4437 est
3078 4382 3430 4451 patriarchas.
3461 4390 3616 4433 stau-

2037 4489 2321 4560 ropegium
2353 4487 2590 4546 mittere,
2631 4497 2729 4535 nec
2757 4481 3017 4534 clericum
3054 4478 3254 4531 exinde
3274 4476 3617 4540 subducere,

2035 4598 2103 4637 ne
2144 4580 2511 4634 Ecclesiarum
2555 4574 2679 4644 jura
2706 4571 3136 4627 confundantur.

2148 4776 2310 4846 116
2333 4775 2406 4829 De
2441 4771 2730 4842 Bulgariw,
2760 4766 2923 4837 Cypri
2944 4773 2992 4818 et
3023 4762 3214 4817 Iberia:
3235 4760 3512 4831 episcopis.

2110 4960 2244 5027 Quae
2283 4957 2418 5012 nulli
2465 4952 2835 5022 subjiciuntur
2868 4946 3216 5017 patriarchae.
3254 4951 3385 4999 sunt
3418 4942 3622 5010 Bulga-

2042 5054 2138 5108 ria:
2170 5050 2442 5111 Ecclesia,
2481 5060 2645 5116 quam
2692 5039 2986 5095 honoratit
3014 5039 3308 5105 imperator
3355 5031 3625 5087 Justinia-

2046 5132 2168 5204 nus,
2196 5148 2253 5193 ut
2289 5155 2353 5193 ex
2383 5137 2597 5191 citanda
2627 5134 2749 5201 ejus
2774 5131 2982 5185 novella
3018 5138 3206 5182 notum
3246 5125 3391 5191 erit;
3434 5123 3624 5194 Cypri,

2048 5250 2214 5303 quam
2252 5233 2593 5285 honorarunl
2643 5226 2800 5279 tertia
2830 5231 2885 5276 et
2917 5232 3069 5276 sexta
3102 5219 3367 5291 synodus,
3409 5224 3469 5271 ut
3517 5224 3630 5270 sta-

2052 5327 2146 5380 tim
2175 5324 2395 5394 quidem
2432 5322 2681 5378 dicetur;
2730 5316 2937 5377 literne,
2974 5329 3140 5384 quam
3192 5310 3483 5366 honoravit
3512 5307 3629 5361 An-

2049 5420 2316 5472 tiocltettat
2371 5415 2566 5485 synodi
2601 5408 2948 5480 dijtttlicalio,
3010 5421 3138 5460 cum
3195 5404 3272 5457 illi
3306 5414 3466 5456 antea
3526 5398 3631 5453 frit

2050 5512 2336 5579 subjecta;
2386 5509 2580 5561 horum
2643 5506 2791 5581 enim
2842 5502 3115 5557 antistites
3157 5514 3186 5550 a
3240 5494 3475 5567 propriis
3508 5492 3629 5562 epi-

2051 5604 2232 5674 scopis
2283 5601 2525 5656 ordinat'i
2564 5598 2834 5654 solebant.

2124 5803 2363 5862 Octavus
2388 5803 2608 5875 quidem
2632 5799 2804 5856 tertiae
2833 5797 3025 5870 synodi
3061 5811 3259 5863 canon,
3295 5803 3351 5848 ut
3382 5807 3488 5847 non
3526 5789 3629 5844 sibi
