4054 6458
495 335 636 404 1287
1252 385 1261 394 .
1701 335 2069 398 MATTHIEI
2111 332 2535 397 BLASTARIS
3615 335 3728 403 1283

493 448 587 519 qui
650 446 707 499 in
786 441 1159 500 sanctissimae
1224 441 1492 499 Romana:
1556 441 1821 500 Ecclesiae
1874 445 2083 499 clerum

2131 450 2163 506 Α
2190 441 2469 514 βασιλείας
2505 440 2862 513 κοσμήματα,
2922 439 3017 495 καὶ
3065 440 3167 514 τὴν
3216 441 3379 508 δόξαν
3422 441 3628 499 ἃπασαν
3651 452 3732 519 τῆς

493 543 624 594 sunt
672 534 854 602 relati,
909 533 1185 591 similibus
1229 535 1447 591 senatui
1501 544 1696 590 nostro
1750 535 2086 591 indumentis

2194 536 2353 605 ἡμῶν
2404 534 2693 601 ἐξουσίαςο
2731 538 2856 597 τοὺς
2890 532 2948 586 δὲ
2981 533 3061 605 τῷ
3095 535 3283 605 κλήρῳ
3316 538 3417 606 τῆς
3463 536 3733 608 ἁγιωτάτης

493 624 756 682 exornari
812 625 1188 691 decernimus,
1219 635 1278 680 et
1334 639 1509 695 equos
1563 625 1703 682 albis
1765 626 1948 682 linteis
1976 627 2087 681 cir-

2207 630 2430 701 Ῥὠμης
2460 629 2922 697 κατειλεγμένους
2970 627 3292 696 κοσμεῖσθαι
3329 627 3609 698 κελεύομεν
3652 647 3738 683 πα-

495 718 786 774 cumdatos
826 718 1098 789 equitare,
1131 726 1194 771 ut
1239 725 1296 772 et
1358 731 1552 772 eorum
1592 718 1807 773 calceos
1845 732 1911 772 ex
1947 717 2088 773 albis

2195 723 2520 794 ραπλησίοις
2565 724 2633 791 τῇ
2670 721 2959 792 συγκλήτῳ
3007 721 3167 790 ἡμῶν
3220 721 3531 791 ἐνδύμασιν,
3581 723 3738 785 ἵπποις

495 810 679 865 linteis
712 824 837 873 esse
869 809 1210 874 elaboratas,
1253 815 1309 863 et
1378 808 1423 862 si
1462 809 1587 877 quis
1625 823 1692 863 ex
1754 818 1944 863 senatu
1986 824 2088 862 no-

2194 815 2623 886 ἐποχουμένους,
2651 813 2844 876 ὀθόνας
2894 813 3316 883 περικειμένους
3364 814 3579 879 λευκὰς,
3605 815 3669 877 ὡς
3698 816 3742 868 δὲ

497 911 615 958 stro
647 900 883 957 clericus
927 900 1043 955 ﬁeri
1079 899 1231 968 velit,
1288 913 1320 954 a
1367 899 1523 953 nullo
1595 899 1871 970 impediri.
1940 897 2094 965 Quo—

2195 904 2292 957 κα¹ι
2324 904 2415 974 ,τά
2474 904 2803 973 ὑποδήματα
2858 901 3068 957 τούτων
3094 902 3322 957 ὀθονίων
3352 899 3490 957 εἶναι
3546 922 3742 971 πεποιη-

498 997 646 1052 niam
725 1004 911 1052 autem
970 1009 1257 1062 coronam
1324 1008 1549 1050 auream
1620 1002 1844 1065 propter
1921 992 2092 1047 animi

2200 997 2341 1066 μένα
2375 995 2590 1050 λευκῶν
2611 1012 2625 1025 ο
2658 996 2754 1049 καί⁵
2789 995 2851 1058 ὃς
2906 995 2973 1050 ἂν
3022 996 3231 1065 αἰροῖτο
3280 994 3537 1065 κληρικὺς
3582 997 3640 1048 ἐκ
3666 996 3745 1065 τῆς

500 1090 868 1146 humilitatem
922 1088 1311 1146 sanctissimus
1361 1088 1525 1144 Pater
1588 1096 1779 1145 noster
1828 1087 2095 1144 Silvester

2198 1089 2358 1160 ἡμῶν
2387 1090 2703 1160 συγκλήτου
2737 1088 3019 1156 γενέσθαι,
3050 1089 3243 1143 τοῦτον
3269 1090 3406 1160 πρός
3434 1106 3571 1153 τινος
3601 1090 3743 1159 μηδα-

502 1182 815 1246 recusabat,
875 1180 1087 1236 idcirco
1132 1178 1639 1249 splendidissimum
1671 1181 1873 1245 lorum,
1946 1180 2095 1250 quod

2203 1183 2319 1252 μῶς
2353 1181 2638 1250 εἴργεσθαι
2665 1197 2678 1211 ·
2714 1182 2797 1235 ὅτι
2830 1197 2894 1249 γε
2931 1181 3039 1251 μὴν
3066 1180 3168 1251 τὴν
3204 1183 3269 1233 ἐκ
3312 1182 3533 1251 χρυσίου
3581 1181 3748 1249 στεφά-

499 1282 746 1328 sanctam
797 1274 1261 1328 resurrectionem
1324 1272 1600 1342 signiﬁcat
1652 1280 1846 1328 sancto
1927 1271 2095 1341 capiti

2199 1290 2300 1343 νην
2346 1273 2698 1345 φρονήματος
2734 1273 3066 1342 μετριότητι
3115 1273 3144 1325 ό
3184 1273 3378 1343 Πατήρ
3416 1290 3514 1343 μου
3546 1275 3572 1325 ό
3613 1273 3749 1340 ἁγιώ-

500 1364 626 1433 ejus
667 1362 907 1433 propriis
948 1363 1206 1417 manibus
1236 1362 1621 1432 imposuimus.
1657 1362 1924 1418 Stratoris
1952 1376 2086 1417 vero

2163 1357 2178 1369 ’
2199 1382 2360 1429 τατος
2392 1366 2717 1436 Σίλσεστρος
2748 1368 3121 1434 παραιτεῖται,
3152 1364 3332 1436 ταύτῃ
3368 1382 3448 1417 τοι
3492 1365 3578 1417 τδν
3605 1366 3748 1433 ὑπέρ-

504 1455 743 1511 oﬂicium
803 1454 1123 1520 subeuntes,
1166 1462 1221 1510 et
1261 1454 1476 1510 frenum
1528 1454 1655 1523 equi
1678 1454 1797 1525 ejus
1830 1463 2097 1520 tenentes,

2201 1456 2452 1527 λαμπρον
2477 1457 2678 1526 λῶρον,
2726 1450 3065 1524 σημαίνοντα
3096 1456 3197 1527 τὴν
3248 1457 3415 1523 ἁγίαν
3440 1455 3747 1519 Ἀνάστασιν,

504 1561 536 1600 a
584 1545 761 1601 sancti
806 1546 925 1616 ejus
985 1545 1168 1616 palatii
1223 1561 1350 1601 area
1381 1587 1398 1611 ,
1450 1545 1658 1600 domini
1725 1546 1899 1601 nostri
1954 1543 2099 1600 Petri

2202 1553 2270 1620 τῇ
2308 1550 2442 1620 ἁγίᾳ
2480 1549 2693 1618 κεφαλῇ
2739 1548 2906 1602 αὑτοῦ
2960 1548 3123 1612 ἰδίαις
3166 1551 3362 1620 χερσῖν
3400 1550 3746 1618 ἐπεθήκαμεν·

506 1638 810 1694 reverentia
845 1648 899 1694 et
929 1638 1284 1694 veneratione
1314 1638 1486 1708 pleni,
1519 1638 1812 1694 exivimus.
1847 1637 2095 1708 ASquum

2206 1642 2366 1712 ἡμεῖς
2392 1640 2449 1694 δὲ
2503 1643 2818 1711 στράτωρος
2855 1640 3113 1708 όφφίκιον
3165 1640 3514 1705 ὑπελθόντες,
3573 1640 3658 1694 καὶ
3698 1639 3751 1692 τὰ

509 1746 642 1787 vero
708 1739 765 1786 et
795 1731 1024 1786 omnino
1062 1730 1172 1786 Deo
1201 1740 1416 1801 gratum
1448 1730 1843 1801 judicavimus,
1885 1740 1949 1784 ut
1972 1745 2103 1785 san-

2207 1732 2401 1803 χαλινὰ
2424 1731 2519 1785 τοῦ
2573 1732 2744 1784 ῐππου
2768 1732 2936 1785 αὐτοῦ
2972 1731 3322 1801 κατέχοντες,
3356 1732 3454 1800 τῆς
3485 1731 3639 1799 αὐλῆς
3667 1730 3751 1781 τῶν

514 1822 798 1879 ctissimus
849 1823 1074 1893 papaab
1130 1823 1265 1878 urbe
1331 1823 1503 1877 Roma
1554 1830 1610 1877 et
1664 1822 2106 1878 Occidentalibus

2148 1827 2182 1885 Β
2215 1822 2377 1892 ἱερῶν
2404 1821 2568 1874 αὑτοῦ
2601 1820 2790 1890 ἔξιμεν
2817 1821 3161 1891 ἀνακτόρων,
3195 1822 3341 1875 αἰδοῖ
3381 1821 3474 1873 καὶ
3520 1820 3657 1890 φόϐῳ
3679 1818 3749 1870 τοῦ

510 1916 770 1972 omnibus
823 1915 1125 1986 provinciis
1158 1925 1215 1970 et
1246 1914 1475 1970 urbibus
1523 1915 1723 1979 exiret,
1787 1923 1840 1969 et
1889 1914 2106 1981 imperii

2210 1916 2404 1985 κυρίου
2467 1931 2568 1984 μου
2615 1912 2711 1966 τοῦ
2766 1913 2928 1982 ἁγίου
2970 1915 3336 1985 συνεχόμενος
3387 1915 3624 1984 Πέτρουο
3668 1913 3751 1966 τῶν

402 2080 409 2086 _
511 2007 813 2079 potentiam
855 2008 911 2060 in
946 2006 1247 2061 orientales
1293 2014 1479 2076 partes
1527 2004 1867 2069 transferret,
1932 2013 1987 2058 et

2208 2006 2501 2078 χρησίμων
2534 2006 2591 2058 δὲ
2615 2008 2810 2076 κομιδῇ
2844 2008 2939 2059 καὶ
2974 2004 3244 2074 θεοφιλῶν
3278 2008 3655 2076 νενομίκαμεν,
3683 2007 3752 2057 ἐκ·

516 2098 898 2153 amamissimo
928 2097 1051 2151 loco
1077 2098 1179 2153 sub
1204 2096 1321 2152 sole
1362 2097 1527 2151 sitam
1594 2095 1843 2166 Byzantii
1912 2095 2102 2151 urbem

2213 2098 2405 2167 στῆναι
2464 2100 2563 2168 μὲν
2599 2098 2699 2167 τῆς
2744 2098 2954 2162 πόλεως
3000 2099 3226 2170 Ῥώμης
3278 2101 3376 2152 καὶ
3409 2098 3525 2167 τῶν¹
3561 2094 3750 2149 δυτικῶν

517 2197 837 2257 occuparet,
875 2197 930 2242 et
978 2188 1031 2240 in
1081 2187 1169 2240 illa
1208 2185 1370 2255 118
1424 2184 1724 2254 imperialia
1786 2195 2108 2251 exerceret;

2210 2191 2409 2262 χωρῶν
2442 2192 2671 2246 ἁπασῶν
2696 2207 2757 2243 τε
2789 2193 2882 2245 καὶ
2904 2192 3136 2260 πόλεων,
3167 2193 3250 2266 τῷ
3272 2194 3557 2263 ἁγιωτάτῳ
3579 2193 3718 2247 Πάπα
3734 2206 3746 2221 ·

518 2281 770 2350 iniquum
805 2280 1184 2334 existimantes
1213 2288 1490 2333 terrenum
1552 2278 1936 2347 imperatorem
1993 2276 2107 2331 illic

2210 2285 2269 2337 τὺ
2293 2284 2349 2337 δὲ
2368 2287 2466 2354 τῆς
2493 2283 2771 2353 βασιλείας
2799 2284 3005 2353 κράτος
3032 2284 3169 2356 πρός
3192 2286 3264 2339 τὰ
3304 2286 3402 2355 τῆς
3439 2284 3603 2354 Ἐῲας
3637 2283 3748 2354 μέρη

518 2366 846 2443 potestatem
875 2371 1214 2435 babere,ubi
1271 2369 1599 2425 Christianae
1653 2369 1937 2437 religionis
1995 2364 2119 2423 ini?

2216 2378 2590 2447 μετενεγκεῖν,
2619 2374 2718 2429 καὶ
2747 2375 2847 2447 τὴν
2873 2378 2932 2429 ἐν
2969 2377 3250 2446 καλλίστῳ
3285 2375 3544 2448 κειμένην
3574 2375 3658 2443 τῆς
3683 2372 3749 2442 ὑφ’

519 2473 660 2528 tium
696 2487 727 2523 e
758 2470 898 2525 caelo
930 2468 1090 2523 nobis
1120 2468 1308 2522 datum
1333 2477 1437 2521 est.
1488 2464 1615 2521 Haec
1650 2466 1892 2536 propriis
1930 2463 2106 2518 mani-

2217 2458 2355 2538 ἡλίῳ
2389 2466 2484 2520 τοῦ
2520 2467 2793 2532 Βύζαντος
2824 2468 2979 2521 πόλιν
3027 2468 3383 2536 καταλαϐεῖν,
3430 2470 3518 2522 καὶ
3559 2469 3611 2520 ἐν
3642 2466 3747 2535 σιτῇ

519 2564 624 2620 bus
654 2563 980 2626 scribentes,
1005 2570 1061 2616 et
1111 2560 1320 2615 domini
1372 2558 1547 2614 nostri
1576 2556 1723 2613 Petri
1758 2556 1970 2612 tumulo
1998 2557 2105 2610 im-

2217 2561 2541 2632 ίδρύσασθαι
2570 2561 2641 2616 τὰ
2694 2562 2964 2632 βασίλεια,
3009 2563 3193 2616 ἄδικον
3218 2563 3494 2633 οἰηθέντες
3543 2561 3747 2627 ἐξουσίαν

524 2667 817 2727 ponentes,
869 2670 1031 2711 sacra
1081 2653 1315 2709 facimus
1372 2652 1710 2722 iuramenta,
1744 2651 1861 2707 haec
1922 2650 2108 2706 omnia

2215 2654 2360 2724 ἔχειν
2395 2654 2487 2710 τὸν
2518 2654 2614 2707 ἐπὶ
2666 2653 2772 2724 γῆς
2821 2654 3069 2725 βασιλέα,
3121 2655 3258 2708 ἔνθα
3290 2657 3324 2725 ἠ
3356 2653 3494 2725 ἀρχὴ
3541 2655 3629 2721 τῆς
3664 2651 3747 2704 τῶν

521 2766 629 2805 non
661 2749 885 2803 omnino
949 2747 1299 2817 transgredi;
1355 2746 1448 2801 sed
1475 2743 1639 2799 etiam
1702 2743 1830 2808 illis,
1882 2744 1974 2812 qui
2006 2756 2111 2796 no-

2215 2745 2563 2815 Χριστιανῶν
2611 2744 2911 2815 θρησκείας
2967 2747 3030 2798 ἐκ
3080 2745 3189 2799 τῶν
3251 2746 3498 2816 οὐρανῶν
3550 2742 3750 2814 ὑπῆρξεν

523 2854 699 2899 strum
747 2841 1038 2910 imperium
1091 2839 1425 2909 acceperint,
1484 2837 1787 2892 illabefacta
1842 2832 2112 2891 servanda

2213 2838 2370 2907 ἡμῖν.
2398 2836 2589 2891 Ταῦτα
2622 2840 2741 2899 ταῖς
2772 2837 2933 2901 ἰδίαις
2975 2840 3136 2911 χερσὶ
3191 2840 3527 2908 γράψαντες,
3560 2839 3644 2892 καὶ
3689 2835 3751 2904 τῷ

524 2937 872 3000 mandamus,
904 2947 1034 3003 erga
1088 2930 1308 2987 Patrem
1341 2938 1590 2986 nostrum
1645 2944 1840 3001 papam
1891 2937 1947 2983 et
1984 2940 2113 2982 suc-

2217 2929 2403 3001 νεκρῷ
2427 2930 2523 2983 τοῦ
2556 2930 2745 3000 κυρίου
2807 2947 2910 2999 μου
2944 2932 3266 3002 ἐπιθέμενοι
3325 2935 3549 3003 Πέτρου,
3576 2931 3750 2989 πίστεις

524 3044 775 3086 cessores
822 3027 964 3097 ejus.

2221 3023 2478 3094 ἐνόρκους
2528 3022 2855 3093 ποιούμεθα,
2886 3019 2923 3095 ἦ
2965 3025 3072 3095 μὴν
3129 3026 3272 3091 ὅλως
3308 3026 3483 3081 πάντα
3509 3023 3664 3079 ταῦτα
3694 3020 3750 3089 μὴ

525 3121 881 3193 παραϐῆναι*
950 3116 1089 3174 ἀλλὰ
1164 3118 1260 3171 καὶ
1300 3116 1415 3178 τοῖς
1482 3115 1544 3170 τδ
1590 3113 1859 3183 ἡμέτερον
1904 3112 2315 3184 διαδεξαμένοις
2358 3118 2561 3187 κράτος
2606 3116 2897 3186 φυλάττειν
2954 3119 3395 3190 ἅπαράθραυστα
3470 3112 3753 3189 παρεγγυώ-

530 3202 672 3290 μεθα
696 3216 833 3287 πρὸς
863 3215 954 3268 τὸν
985 3213 1206 3286 Πατέρα
1231 3212 1387 3284 ἡμῶν
1415 3211 1613 3266 Πάπαν
1636 3212 1733 3266 καὶ
1764 3213 1889 3274 τοὺς
1912 3208 2109 3275 αὐτοὺς
2150 3210 2455 3284 διαδόχους.

599 3331 903 3391 CAP.X||.
941 3332 1017 3387 De
1070 3332 1418 3388 ecclesiarum
1475 3331 1833 3400 aediﬁcatione
1887 3337 1940 3391 et
1992 3308 2191 3383 σόη-Ο

2095 3356 2120 3370 -
2144 3308 2191 3372 Ο
2297 3330 2552 3385 ΚΕΦΔΛ.
2582 3330 2681 3386 ιη’.
2714 3332 2854 3401 Περὶ
2891 3329 3250 3404 ἐκκλησιῶν
3275 3331 3587 3404 οἰκοδομῆς
3614 3331 3696 3395 καί

1167 3404 1483 3457 secratione.

2802 3401 3233 3470 καθιερώσεως.

601 3504 882 3574 Septimus
935 3497 1026 3554 Vll
1061 3497 1251 3570 synodi
1335 3509 1537 3561 canon,
1599 3493 1754 3549 illum
1833 3492 1927 3564 qui
1992 3493 2122 3547 alis-

2309 3493 2368 3546 '0
2401 3493 2459 3548 δὲ
2499 3493 2544 3558 ζ’
2601 3493 2704 3563 τῆς
2761 3493 2806 3558 ζ’
2839 3496 3059 3549 συνόδου
3091 3495 3276 3549 κανὼν
3300 3496 3396 3549 τὸν
3427 3505 3582 3565 χωρὶς
3614 3492 3750 3559 ἁγίων

528 3613 637 3669 que
684 3595 890 3652 sanctis
926 3592 1173 3661 reliquiis
1229 3588 1517 3644 ecclesiam
1577 3588 1887 3651 consecrat,
1954 3600 1983 3637 a
2032 3599 2120 3638 sa—

2220 3586 2494 3656 λειψάνων
2552 3586 2854 3656 ἐκκλησίαν
2922 3585 3297 3658 καθιεροῦντα
3347 3588 3445 3658 τῆς
3504 3585 3754 3656 ἱερωσύνης

529 3690 776 3747 cerdotio
819 3688 1041 3751 alienat,
1072 3693 1149 3749 et,
1189 3682 1307 3738 Hoc
1370 3682 1693 3752 aliquando,
1738 3677 1938 3747 inquit,
1995 3675 2118 3729 aliis

2222 3679 2536 3750 ἀλλοτριοῖο
2571 3679 2682 3733 Καὶ
2738 3679 2900 3731 τοῦτο
2941 3680 3072 3748 γὰρ,
3128 3681 3289 3750 φησὶ,
3339 3681 3465 3734 ποτὲ
3520 3679 3637 3749 πρὸς
3665 3676 3752 3734 τοῖς

529 3781 738 3849 impiis,
789 3776 1189 3838 iconomachis,
1219 3785 1274 3829 et
1329 3772 1775 3827 Christianorum
1831 3778 2118 3821 accusato—

2222 3770 2406 3833 ἄλλοις
2443 3772 2635 3833 κακοῖς
2663 3770 2780 3832 τοῖς
2806 3769 3185 3840 είκονομάχοις
3219 3772 3521 3841 ἐπράττετο
3549 3770 3631 3821 καὶ
3654 3767 3757 3833 Χρι-

532 3874 705 3936 ribus,
770 3869 1018 3940 contigit,
1098 3867 1192 3936 qui
1278 3862 1607 3919 Christianis
1684 3860 2118 3916 vent-randarum

2225 3863 2769 3931 στιανοκατηγόροις,
2810 3858 2900 3914 οἷα
2932 3863 3043 3937 τοῖς
3072 3863 3422 3932 Χριστιανοῖς
3456 3863 3549 3930 τὴν
3571 3861 3663 3913 τῶν
3691 3875 3757 3909 σε·

538 3963 837 4031 imaginnm
892 3962 1124 4020 cultum,
1182 3967 1446 4026 tanquam
1536 3953 1927 4016 idololatriam,
1989 3952 2122 4005 vitio

2222 3952 2375 4007 τετῶν
2432 3954 2681 4018 εἰκόνων,
2733 3955 2810 4016 ὡς
2867 3953 3352 4025 είδωλολατρείαν,
3405 3952 3753 4009 ἐπικαλοῦντας

534 4055 845 4109 vertebant.
914 4050 1127 4120 Templi
1192 4058 1372 4104 autem
1437 4046 1780 4101 consecratio
1823 4046 1927 4098 hoc
1959 4042 2121 4098 modo

2224 4047 2638 4114 προςκύνησινο
2669 4045 2783 4098 ἀλλ’
2818 4048 2851 4116 η
2911 4046 3008 4099 τοῦ
3064 4046 3196 4099 ναοῦ
3257 4048 3574 4117 καθιέρωσις
3617 4042 3755 4099 οὓτως

536 4147 653 4202 ﬁeri
691 4145 923 4200 solebat.
955 4141 1141 4194 Primo
1187 4139 1410 4209 quidem
1440 4152 1535 4206 per
1560 4136 1857 4207 provinciae
1906 4136 2122 4204 episco-

2226 4134 2407 4188 εἰώθει
2437 4136 2705 4204 γίνεσθαι.
2736 4137 2965 4207 Πρῶτον
3003 4137 3103 4206 μὲν
3136 4137 3204 4191 δι’
3247 4141 3413 4209 εὐχῆς
3446 4126 3533 4192 καὶ
3572 4149 3756 4202 anapa-

533 4257 664 4312 pum
731 4238 849 4308 ejus
925 4236 1346 4290 frrrrdameutum
1411 4248 1535 4285 cum
1599 4245 1761 4301 prece
1803 4239 1851 4282 et
1939 4229 2120 4283 crucis

2227 4227 2433 4299 πηγίου
2463 4226 2558 4280 τοῦ
2583 4226 2726 4280 κατὰ
2748 4228 2933 4297 χώραν
2963 4229 3266 4283 ἐπισκόπου
3293 4232 3321 4282 ό
3345 4228 3528 4283 τούτου
3552 4225 3753 4294 θεμέλιος

535 4335 740 4389 ﬁxione
774 4331 1013 4401 positum
1064 4328 1211 4393 fuit;
1269 4335 1322 4380 et
1381 4324 1601 4394 quando
1669 4331 1944 4378 structura
2006 4329 2125 4377 erat

2227 4322 2539 4389 πήγνυταιο
2595 4320 2946 4391 τελεσθείσης
3001 4321 3061 4374 δὲ
3111 4325 3213 4393 τῆς
3269 4322 3588 4391 οίκδδθμίας’
3636 4318 3666 4386 ἦ
3709 4328 3753 4364 τ’

535 4426 813 4490 absoluta,
879 4419 1223 4477 consecratio
1294 4426 1349 4473 et
1415 4416 1686 4470 dedicatio
1732 4426 1787 4469 et
1858 4415 2127 4470 intlirOni-

2227 4412 2558 4483 καθιέρωσις
2582 4413 2797 4480 γίνεται
2841 4414 2936 4467 καὶ
2982 4414 3055 4466 τὰ
3112 4417 3387 4481 ἐγκαίνια,
3423 4414 3510 4465 καὶ
3549 4414 3573 4462 ό
3601 4407 3752 4475 ἐνορο-

535 4514 679 4569 zatio
739 4512 1134 4579 sequebantur,
1199 4515 1254 4561 et
1324 4505 1631 4559 antiminsii
1694 4519 1859 4572 super
1907 4520 2120 4559 sacram

2227 4508 2440 4575 νισμὺς,
2481 4506 2575 4558 καὶ
2619 4507 2652 4575 ἡ
2706 4505 2801 4559 τοῦ
2850 4507 3196 4576 ἀντιμινσίου
3233 4508 3324 4560 ἐπὶ
3353 4508 3445 4575 τῆς
3482 4505 3625 4572 ἁγίας
3650 4515 3752 4571 τρα-

537 4619 787 4660 nieu-sam
827 4599 1124 4671 impositio.

1111 4636 1124 4652 .
2229 4599 2401 4669 πέζης
2431 4597 2712 4662 ἐπίθετις.’

1150 4691 1226 4744 Πε
1258 4689 1614 4743 antimmsiis.
1880 4746 1883 4751 ,
2154 4685 2203 4742 Ι)
2723 4693 2751 4743 ι

1880 4746 1883 4751 ί
2154 4685 2203 4742 Ι)
2723 4689 2864 4758 Περί
2897 4691 3030 4745 ἀντι
3033 4692 3314 4758 μιν-σίων.

608 4784 970 4854 Appellantur
1004 4783 1125 4836 ideo
1162 4780 1502 4850 ἀντιμίνσια,
1542 4776 1687 4846 quod
1729 4774 2039 4843 exprimant
2063 4783 2118 4827 et

2301 4783 2565 4853 Δέγονται
2588 4783 2645 4837 δὲ
2674 4785 2989 4853 άντιμίνσια
3012 4785 3089 4846 ὡς
3118 4784 3508 4857 άντιπρόσωπα
3532 4778 3616 4833 καὶ
3641 4771 3753 4828 ἀντέ-

442 4879 451 4886 ’
538 4878 781 4933 referant
830 4877 1032 4930 multas
1062 4872 1333 4943 ejusmodi
1380 4884 1620 4932 mensas,
1689 4882 1812 4937 quae
1869 4875 2043 4922 sancta

2230 4895 2377 4932 τυπα
2408 4878 2518 4931 τῶν
2554 4875 2766 4929 πολλῶν
2811 4875 3072 4930 τοιούτων
3117 4878 3347 4946 μίνσων,
3381 4876 3485 4928 τῶν
3534 4883 3752 4935 καταρτι-

540 4970 883 5024 Dominicaut
934 4982 1178 5023 mensam
1212 4965 1522 5034 perﬁciunt;
1593 4960 1791 5017 deinde
1825 4974 1985 5014 sacro
2015 4974 2120 5012 uti-

2231 4966 2433 5032 ζόντων
2482 4965 2649 5034 ἁγίαν
2677 4964 3006 5032 δεσποτικὴν
3058 4964 3357 5035 τράπεζαν,
3388 4959 3500 5015 εἶτα
3545 4957 3613 5026 τῷ
3643 4950 3752 5016 ἁγίῳ

539 5075 736 5137 guento
770 5072 823 5118 et
877 5062 1136 5129 templum
1182 5067 1237 5112 et
1295 5057 1409 5111 haec
1443 5054 1630 5110 omnia
1692 5052 1915 5107 inuncta
1972 5060 2119 5118 sunt,

2233 5060 2393 5130 μύρῳ
2443 5060 2470 5112 ὃ
2499 5077 2559 5112 τε
2601 5059 2727 5121 ναὸς
2756 5057 3047 5112 καὶταῦτα
3071 5057 3287 5127 χρίεται
3312 5055 3504 5116 πάντα,
3537 5052 3620 5103 καὶ
3639 5044 3749 5098 οὕτω

538 5136 592 5214 et
626 5159 701 5212 ita
732 5166 1047 5211 sanctorum
1088 5162 1392 5223 martyrum
1458 5148 1704 5219 reliquiae
1754 5147 1860 5202 sub
1929 5155 2123 5202 sancta

2231 5154 2301 5208 τὰ
2321 5153 2550 5223 λείψανα
2584 5152 2692 5204 τῶν
2727 5150 2897 5220 ἁγίων
2928 5149 3229 5220 μαρτύρων
3257 5148 3360 5202 ὑπὸ
3389 5146 3483 5217 τὴν
3507 5142 3651 5212 άγίαν
3679 5136 3751 5201 θη·

540 5265 725 5306 mensa
768 5247 1156 5303 reconduntur.
1771 5250 1786 5267 ο

1771 5250 1786 5267 ⁹
2236 5246 2555 5318 σαυρίζεται
2589 5244 2890 5315 τράπεζαν.

614 5343 868 5395 Decimus
923 5339 1190 5407 septimus
1229 5350 1362 5391 vero
1418 5334 1743 5396 monachos,
1803 5330 1898 5401 qui
1952 5328 2127 5401 impe-

2320 5316 2381 5391 Ὅ
2438 5338 2497 5392 δὲ
2565 5336 2628 5401 ιζ’
2665 5337 2776 5389 τῶν
2835 5341 3085 5406 μοναχῶν
3130 5337 3257 5399 τοὺς
3316 5329 3587 5404 φιλαρχίας
3624 5316 3747 5375 πάθει

538 5436 694 5489 randi
732 5432 914 5487 studio
957 5432 1087 5483 moti
1136 5428 1463 5484 obedientiae
1507 5425 1700 5497 iugum
1735 5427 2123 5485 excusserunt,

2229 5432 2322 5486 τὸν
2383 5431 2480 5500 τῆς
2531 5428 2779 5497 ὑπακοῆς
2833 5428 3304 5497 ἀποσεισαμένους
3342 5424 3517 5494 ζυγὸν,
3559 5415 3638 5471 καὶ
3678 5411 3747 5462 εὖ·

540 5540 594 5583 et
622 5527 862 5581 oratoria
895 5523 1168 5577 aediﬁcare
1200 5521 1465 5593 aggressi,
1501 5535 1622 5590 quae
1660 5518 1726 5573 ad
1755 5531 1942 5571 eorum
2006 5530 2128 5585 per-

2232 5524 2494 5594 κτηρίους
2540 5524 2725 5585 οἴκους
2779 5521 2989 5584 κτίζειν
3024 5519 3451 5590 ἐπιχειροῦντας,
3505 5513 3588 5566 καὶ
3615 5503 3748 5560 ταῦτα

541 5620 840 5675 fertionem
896 5614 1169 5670 suﬂiciant
1249 5630 1355 5668 non
1415 5613 1638 5676 habent,
1673 5610 1742 5664 ab
1800 5610 1948 5663 illius
2017 5607 2124 5661 luci

2230 5618 2370 5687 πρὸς
2411 5614 2760 5687 ἀπαρτισμὸν
2801 5614 3003 5675 ἐνδεῶς
3052 5613 3294 5684 ἔχοντας,
3349 5606 3602 5680 εἴργεσθαι
3644 5594 3746 5687 πρὸς

546 5712 803 5779 episcopo
841 5706 1117 5777 prohiberi
1147 5707 1280 5759 vult.
1338 5702 1451 5758 [loc
1495 5704 1671 5770 ipsum
1717 5710 1900 5754 autem
1969 5709 2022 5753 et
2073 5698 2128 5750 in

2228 5710 2323 5761 ιτ(ιὺ
2380 5709 2518 5761 κατὰ
2587 5711 2769 5778 χώραν
2817 5705 2958 5771 ἀξιοῖ
3004 5706 3307 5758 ἐπισκόπου
3335 5718 3348 5733 ν
3393 5699 3535 5753 τοῦτο
3576 5691 3624 5743 δὲ
3678 5680 3745 5779 καὶ

497 5836 510 5849 .
551 5802 766 5856 clericis
798 5800 879 5875 vel
927 5799 981 5853 in
1025 5798 1177 5853 laicis
1215 5800 1351 5852 licri.
1386 5795 1442 5850 Si
1478 5810 1630 5864 vero,
1672 5810 1796 5863 quae
1839 5794 1905 5848 ad
1961 5794 2098 5862 perii

2237 5802 2331 5853 ἐπὶ
2367 5797 2666 5869 κληρικών,
2721 5797 2755 5865 ἦ
2806 5796 3012 5859 rerum
3063 5794 3310 5864 γίνεσθα.
3365 5791 3427 5845 Ei
3476 5785 3609 5841 δὲτά
3640 5774 3742 5843 πρὸς
