4054 6444
385 305 527 385 1239
1346 306 1753 365 SYNTAGMA
1792 306 1986 366 ALPII

2031 306 2413 367 tBETICUM.
2451 332 2516 345 υ-
2559 299 2616 366 Ε.
3493 302 3632 370 129)

379 425 728 495 ἀπαρτισμὸν
756 425 1061 492 εὐποροῖεν,
1096 422 1163 476 τὰ
1212 423 1395 499 αὐτοῖς
1428 424 1832 495 βεϐουλευμένα
1876 427 1956 487 είς

2064 426 2304 479 ctioncm
2355 424 2655 489 snl‘liciant,
2711 422 3108 493 Italicant,qu:e
3155 429 3223 480 ab
3269 427 3401 495 ipsis
3439 428 3638 481 delibe-

380 521 542 590 ἔργον
571 520 666 573 καὶ
703 518 877 586 πέρας
903 516 1157 584 ἄγεσθαι.

2064 527 2180 571 rata
2221 528 2366 581 sunt,
2421 516 2831 585 aggrediantur.
2885 525 2939 570 et
2996 518 3061 570 ad
3115 519 3273 571 ﬁnem
3340 520 3630 574 deducam.

462 612 521 665 Ὅ
545 611 602 664 δέ
628 616 719 679 πγ¹
751 611 849 676 τῆς
886 610 947 663 ἐν
993 608 1324 680 Καρθαγὲνη
1382 607 1604 669 συνόδου
1641 604 1708 658 τά
1744 605 1812 659 δι’
1842 606 1961 657 ἐνυ-

2132 607 2577 675 Carthagiuensis
2631 608 2823 677 synodi
2897 608 2966 661 83
3012 624 3134 677 quae
3182 625 3277 679 per
3340 614 3551 665 somnia
3585 623 3639 664 et

379 704 574 769 πνίων,
612 703 644 773 ἦ
675 702 964 772 μαντειῶν,
994 702 1027 770 ἢ
1058 700 1457 769 ἀποκαλύψεων
1485 700 1744 768 γινόμενα
1766 698 1824 750 ἐν
1847 698 1960 759 τοῖς

2062 697 2253 751 inanes
2311 696 2669 752 revelationes
2739 698 2792 752 in
2827 701 2974 768 agris
3023 700 3320 756 constituta
3369 705 3634 762 oratoria.

379 799 573 866 ἀγροῖς
623 796 889 867 εὐκτήρια
948 792 1428 861 καταστρέφεσθαι
1487 791 1619 861 πρὸς
1654 790 1761 842 τῶν
1789 789 1961 857 ἐγχω-

2060 803 2092 842 a
2129 788 2237 844 loci
2289 789 2557 859 episcopis
2589 791 2761 845 everti
2815 778 3011 861 jubet;
3060 794 3163 847 nisi
3234 794 3343 850 illic
3396 799 3633 863 reposita

383 888 515 959 ρίων
567 888 880 941 ἐπισκόπων
941 886 1306 956 προστάττει,
1368 885 1418 936 εί
1483 884 1557 953 μή
1598 900 1701 934 που
1729 880 1960 941 σώματα

2059 882 2329 937 habentur
2353 895 2654 953 martyrum
2697 900 2947 958 corpora,
2992 888 3072 942 vel
3126 890 3374 957 quaedam
3441 906 3629 945 eorum

381 978 684 1049 μαρτύρων
708 980 766 1030 ἐν
798 978 984 1040 αὐτοῖς
1026 976 1204 1046 ἔχοιεν
1233 974 1596 1043 ὑποκείμενα,
1624 973 1657 1042 ή
1689 989 1812 1025 τινα
1836 971 1959 1024 τού-

2060 974 2322 1043 reliquire,
2375 977 2459 1031 vel
2489 976 2557 1030 ab
2606 977 2832 1047 antiquo
2869 989 3114 1047 tempore
3171 980 3245 1035 ibi
3288 992 3630 1036 exstructum

377 1090 490 1125 των
534 1070 787 1139 λείψανα,
819 1071 852 1138 ἦ
895 1071 952 1135 ἐξ
1016 1068 1261 1139 ἀρχαίων
1309 1064 1733 1136 ᾠκοδομημένον
1794 1059 1863 1132 ἦν
1896 1061 1957 1113 τὸ

2060 1066 2161 1119 fuit
2233 1067 2441 1122 altare:
2510 1082 2611 1123 nec
2685 1070 2755 1123 ibi
2838 1072 3154 1140 congregari
3220 1074 3474 1143 populos,
3539 1092 3638 1129 nec

378 1164 614 1218 ἐνταῦθα
637 1163 1050 1232 θυσιαστήριον,
1095 1160 1232 1230 μηδέ
1249 1159 1376 1219 τοὺς
1409 1157 1598 1225 ὄχλους
1620 1156 1802 1207 ἐκεῖσε
1835 1170 1959 1205 συν-

2058 1172 2362 1233 martyrum
2409 1164 2706 1219 memorias
2772 1166 3069 1221 celebrare.
3143 1167 3208 1221 Et
3267 1181 3490 1238 propter
3521 1172 3635 1224 lirec

380 1256 666 1324 ἔρχεσθαι,
718 1254 813 1307 καὶ
866 1254 1088 1321 μνήμας
1151 1250 1448 1320 μαρτύρων
1498 1246 1791 1299 ἐπιτελεῖν.
1855 1243 1957 1296 Διά

2059 1253 2340 1317 mulierrs,
2398 1244 2496 1322 per
2536 1257 2797 1310 daamonis
2850 1257 3093 1310 fraudem
3130 1269 3182 1312 et
3258 1260 3441 1315 dolum
3496 1261 3640 1315 ams-

378 1366 464 1400 τοι
498 1346 660 1400 τοῦτο
697 1346 793 1399 καὶ
823 1345 921 1405 τὰς
954 1340 1317 1402 ἐνθουσιώσας
1354 1341 1464 1392 τὼν
1505 1336 1783 1404 γυναικῶν
1812 1335 1969 1387 κατὰ.

2060 1355 2165 1410 tas,
2220 1355 2275 1399 et.
2348 1345 2545 1400 exinde
2596 1346 2782 1401 futura
2857 1348 3236 1416 praedicantes,
3297 1350 3380 1404 vel
3462 1352 3634 1411 viros.

377 1421 704 1506 δαιμονικὴν
733 1437 1003 1506 ἐπήρειαν
1034 1435 1129 1486 καὶ
1155 1432 1395 1501 ἀπάτην,
1432 1430 1526 1483 καὶ
1555 1425 1955 1496 προφοιόαζού-

2057 1436 2152 1504 qui
2185 1452 2243 1489 se
2286 1451 2314 1488 a
2352 1437 2599 1491 daemone
2636 1453 2923 1505 possessus
2953 1438 3237 1502 simulant,
3272 1450 3327 1494 et
3371 1440 3501 1495 talia
3541 1457 3638 1495 uu-

379 1548 480 1594 σας
519 1529 683 1599 δῆθεν
714 1528 785 1582 τὰ
820 1527 1104 1598 μέλλοντα,
1134 1525 1167 1594 ἢ
1210 1524 1319 1577 τῶν
1354 1521 1566 1590 ἀνδρῶν
1613 1519 1739 1581 τοὺς
1785 1534 1954 1588 προσ-

2056 1538 2274 1597 gantnr,
2314 1528 2464 1583 omni
2502 1529 2665 1584 modo
2694 1529 2914 1599 abigere
2978 1539 3033 1583 et
3071 1544 3135 1584 os
3166 1531 3447 1587 obstruere
3477 1547 3638 1601 opor-

375 1619 741 1686 ποιουμένους
828 1616 1127 1686 δαιμονᾷν’,
1190 1613 1284 1666 καὶ
1349 1611 1578 1664 τοιαῦτα
1651 1608 1952 1680 ληροῦντας

2059 1626 2153 1671 tet.
2204 1616 2398 1683 Quaere
2425 1626 2479 1673 et
2552 1619 2604 1673 in
2636 1619 2668 1674 8
2724 1635 2846 1690 cap.
2901 1620 3095 1675 litterae
3140 1621 3184 1674 A
3266 1638 3536 1679 canonem
3568 1625 3638 1679 54

373 1711 702 1765 ἀπελαύνειν
726 1708 889 1762 παντὶ
903 1709 1091 1777 τρόπῳ
1119 1705 1215 1758 καὶ
1238 1701 1615 1771 ἐπιστομίζειν
1637 1698 1762 1769 Χρή-
1788 1698 1953 1767 Ζήτει
2060 1708 2380 1765 ιαοιιίεειηιυ
2411 1712 2624 1781 synodi.

375 1804 474 1857 καὶ
501 1805 559 1856 ἐν
588 1801 668 1871 τῷ
703 1802 748 1870 β’
794 1816 921 1867 κεφ.
961 1799 1059 1851 τοῦ
1089 1798 1135 1852 Δ
1166 1796 1435 1866 στοιχείου
1489 1791 1691 1846 κανόνα
1743 1790 1815 1842 λδ⁹
1850 1793 1947 1859 τῆς
1982 1788 2024 1841 Β

371 1899 432 1950 ἐν
454 1893 749 1965 Λαοδικείᾳ
780 1892 1021 1948 συνόδου.

1056 1984 1265 2051 Νόμοι.

2745 1980 2926 2052 Leges.

444 2079 551 2133 Τὸν
587 2078 815 2132 θέλοντα
849 2074 1142 2145 εὐκτήριον
1175 2073 1210 2145 ἢ
1265 2072 1568 2143 ἐκκλησίαν
1601 2070 1810 2136 κτίσαι,
1838 2070 1956 2124 δια·

2126 2069 2232 2137 Qui
2261 2071 2478 2126 domum
2523 2074 2822 2127 oratoriam
2888 2076 2968 2128 vel
3022 2074 3306 2130 ecclesiam
3361 2075 3632 2132 aediﬁcare

372 2172 630 2241 λέγεσθαι
660 2172 744 2225 δεῖ
775 2170 905 2239 περὶ
936 2170 1128 2221 τούτου
1167 2166 1246 2235 τῷ
1276 2165 1378 2233 τῆς
1404 2164 1614 2226 πόλεως
1642 2163 1951 2231 ἐπισκόπῳ,

2058 2159 2315 2226 voluerit,
2369 2162 2437 2217 de
2470 2162 2563 2217 illo
2593 2180 2716 2217 eum
2763 2164 3001 2218 civitatis
3031 2165 3287 2234 episcopo
3364 2166 3635 2222 disserere

373 2266 471 2320 καὶ
494 2265 790 2333 δωρεῖσθαι
816 2262 883 2316 τὰ
906 2260 1185 2333 ἀρκοῦντα
1211 2257 1350 2328 πρὸς
1372 2257 1709 2326 λυχνοκαῖαν
1738 2256 1831 2308 καὶ⁸
1854 2255 1953 2324 τὴν

2057 2267 2296 2324 oportet,
2382 2268 2458 2322 et,
2544 2259 2690 2329 quod
2746 2260 2812 2313 ad
2892 2260 3160 2312 luminum
3253 2261 3635 2316 accensionem

375 2358 532 2429 ἱερὰν
580 2355 952 2425 λειτουργίαν,
1006 2353 1098 2406 καὶ
1151 2351 1250 2422 τὴν
1300 2350 1599 2421 ἀδιάφορον
1639 2348 1733 2401 τοῦ
1785 2347 1953 2400 τόπου

2056 2357 2111 2400 ct
2159 2363 2370 2402 sacram
2416 2349 2952 2405 administrationem
3007 2350 3265 2417 suﬁiciat,
3319 2351 3549 2418 donare,
3586 2364 3641 2407 et

372 2453 629 2520 τήρησιν,
664 2447 761 2500 καὶ
804 2447 902 2515 τὴν
945 2443 1267 2513 ἀποτροφήν
1303 2442 1415 2494 τῶν
1452 2438 1952 2511 προσεδρευόντων,

2057 2439 2400 2494 commodam
2441 2440 2547 2494 loci
2596 2442 3103 2507 conservationem,
3153 2451 3207 2497 et
3251 2443 3636 2513 praal‘ectorum

375 2542 472 2593 καί
504 2539 625 2591 τότε
656 2537 748 2589 τόν
769 2537 1069 2588 ἐπίσκοπον
1098 2532 1161 2586 τὸ
1190 2532 1429 2601 πρᾶγμα
1452 2531 1585 2582 πᾶσι
1613 2527 1954 2599 φανεροῦντι

2057 2529 2416 2597 alimentum;
2452 2540 2507 2585 et
2553 2542 2680 2587 tunc
2709 2533 3027 2604 episcopum
3070 2550 3184 2589 rem
3247 2537 3509 2592 omnibus
3540 2554 3638 2592 no-

373 2631 614 2701 δημοσίᾳ
663 2632 845 2682 ἐκεῖσε
882 2627 1193 2693 προσιέναι,
1231 2626 1324 2678 καὶ
1373 2624 1471 2677 σὺν
1507 2623 1642 2692 εὐχῇ
1679 2619 1954 2688 πηγνύναι

2060 2631 2166 2675 tam
2191 2621 2477 2678 facientem
2506 2624 2720 2693 publice
2748 2624 2908 2695 119
2939 2626 3069 2680 illuc
3088 2627 3405 2695 procedere,
3433 2638 3631 2683 etcum

375 2724 633 2793 σταυρζν,
666 2721 762 2774 καὶ
806 2720 930 2773 τότε
962 2717 1058 2771 τοῦ
1095 2717 1262 2787 ἔργου
1297 2713 1564 2787 ἄρχεσθαι
1614 2713 1705 2766 τὸν
1745 2713 1954 2765 οἰκοδο-

2060 2713 2314 2780 precibus
2372 2728 2594 2769 crucem
2639 2714 2807 2781 ﬁgere
2832 2732 2845 2767 :
2874 2723 2931 2769 et
2972 2725 3085 2769 tum
3111 2715 3329 2771 demum
3376 2732 3513 2787 opus
3543 2733 3635 2788 ag-

378 2819 503 2887 μεῖν
533 2814 814 2885 ᾑρημένον
842 2827 855 2843 ⁸
891 2814 988 2863 καὶ
1030 2810 1112 2863 ὅτι
1145 2811 1172 2861 6
1203 2806 1514 2877 ἀρξάμενος
1558 2806 1681 2859 νέον
1722 2803 1953 2868 κτίζειν,

2058 2802 2359 2871 gretliatur,
2409 2813 2463 2858 et
2492 2802 2762 2858 destinata
2796 2802 3044 2859 aediﬁcet.
3082 2803 3149 2859 Et
3176 2806 3346 2875 quod,
3397 2808 3491 2875 qui
3540 2823 3636 2861 no-

375 2907 410 2978 ή
446 2906 680 2968 παλαιὸν
715 2900 998 2966 ἀνανεοῦν,
1046 2900 1419 2966 ἀναγκάζεται
1456 2897 1595 2967 μετά
1644 2897 1752 2949 τῶν
1785 2896 1953 2949 αὑτοῦ

2061 2908 2179 2946 vam
2227 2894 2501 2948 :edillcare
2546 2894 2772 2963 incepit,
2805 2894 2892 2949 vel
2926 2904 3164 2949 veterem
3200 2910 3488 2962 renovare,
3517 2898 3634 2968 ipse

374 2997 738 3067 κληρονόμων
773 2992 926 3063 παρά
959 2990 1067 3043 τῶν
1100 2989 1424 3058 οἰκονόμων,
1468 2988 1562 3040 καὶ
1597 2986 1690 3040 τοῦ
1727 2987 1955 3039 ἐπισκό-

2059 2999 2185 3039 cum
2224 2983 2339 3039 suis
2374 2984 2687 3038 lucri-dibus
2715 2984 2785 3038 ab
2815 2986 3141 3050 (economis,
3171 2995 3225 3041 et
3253 2988 3533 3056 episcopo,
3578 3001 3633 3042 et

374 3105 506 3151 που,
540 3087 635 3141 καὶ
687 3084 783 3137 τοῦ
826 3084 1113 3153 ἄρχοντος,
1146 3081 1174 3133 6
1217 3080 1424 3152 ἤρξατο
1468 3078 1761 3148 πληρῶσαι
1786 3092 1799 3107 °
1833 3071 1954 3130 εἶτα

2061 3075 2412 3146 magistratu,
2468 3090 2606 3144 opus
2669 3074 2983 3131 inchoatum
3046 3091 3434 3134 consummare
3486 3093 3637 3131 cont-

374 3181 473 3235 καὶ
503 3180 602 3243 τάς
642 3174 1042 3246 ὑπεσχημένας
1083 3172 1378 3227 ἀποδοῦναι
1406 3171 1483 3242 τῷ
1514 3170 1625 3241 ναῷ
1650 3170 1879 3241 δωρεάς.

2053 3168 2274 3237 pellitur
2315 3182 2331 3231 ;
2384 3175 2495 3221 tum
2537 3176 2591 3222 et
2704 3168 3005 3238 promissas
3047 3167 3371 3224 donationes
3436 3171 3635 3239 templo

2052 3260 2206 3318 dare.

448 3360 604 3413 Πᾶσα
629 3354 822 3426 ἀγωγή
856 3352 1215 3424 προσήκουσα
1242 3347 1426 3416 σεπτῷ
1449 3349 1606 3417 οἴκῳ,
1634 3346 1745 3399 εἴτε
1783 3363 1953 3418 προσ-

2125 3350 2319 3408 Omnis
2349 3352 2492 3408 actio
2541 3368 2663 3422 qua:
2708 3352 2771 3406 ad
2821 3351 3182 3405 venerabilem
3237 3341 3457 3405 domum
3512 3368 3638 3420 per-

372 3450 584 3522 ωπικὴ.
636 3448 748 3502 εἴτε
789 3446 912 3500 καθ’
961 3443 1246 3513 ὑποθήκην
1272 3440 1445 3504 ἐστὶν,
1488 3440 1588 3520 οὐχ
1630 3437 1952 3504 ὑπερϐαίνει

2054 3444 2211 3511 tinet,
2243 3445 2360 3499 sive
2393 3446 2465 3499 sit
2496 3444 2831 3518 personalis,
2868 3444 2983 3499 sive
3027 3444 3131 3499 sub
3157 3454 3338 3513 pacto,
3396 3444 3634 3513 quadra-

372 3538 445 3592 τὰ
476 3543 527 3604 μ’
561 3536 676 3608 ἐτη.

2053 3538 2203 3606 ginta
2233 3552 2408 3603 annos
2448 3552 2555 3592 non
2590 3537 2824 3590 excedit.
2916 3586 2918 3589 .

373 3626 630 3681 ΚΕΦΑΔ.
660 3623 760 3680 II".
792 3624 932 3693 Ile-pl
965 3623 1081 3677 τῶν
1100 3624 1170 3678 ἐν
1225 3619 1537 3689 ἐκκλησίᾳ
1559 3618 1948 3687 προσερύγων.

2053 3628 2204 3682 CAP.
2249 3627 2389 3682 XIII.
2457 3628 2530 3681 De
2581 3628 2647 3681 iis
2692 3627 2783 3697 qui
2837 3627 2890 3679 in
2946 3625 3222 3681 ecclesiam
3296 3627 3630 3699 confugiunt.

1047 3717 1228 3784 Νόμοι
1238 3754 1252 3768 .

2754 3719 2932 3788 Leges.
3300 3766 3316 3787 κ

445 3813 791 3882 Θεσπίζομεν
827 3811 902 3882 μὴ
931 3808 1134 3877 ἐξεῖναί
1162 3826 1291 3871 τινι,
1336 3806 1466 3870 τοὺς
1500 3803 1598 3872 ἀφ’
1622 3803 1951 3875 οἱασδήποτε

2129 3809 2486 3865 Deceruimus
2516 3808 2645 3863 nulli
2673 3818 2898 3879 promer
2954 3822 3341 3878 quemcunque
3406 3820 3636 3879 praetex-

372 3903 544 3972 τύχης
575 3904 900 3971 πρόσφυγας
925 3902 990 3954 ἐκ
1014 3900 1114 3969 τῆς
1141 3899 1299 3967 ἁγίας
1327 3894 1559 3962 ἐξωθεῖν
1613 3894 1912 3965 ἐκκλησίας
1936 3911 1949 3923 ·

2057 3912 2168 3954 tum
2200 3899 2459 3972 profugus
2490 3916 2556 3955 ex
2596 3909 2783 3956 sancta
2842 3898 3071 3953 ecclesia
3137 3914 3390 3955 amovere
3432 3901 3632 3970 licere;

371 3995 502 4056 τοὺς
557 3992 615 4046 δὲ
705 3993 865 4079 τοξιτο
919 3993 1298 4061 τολμήσαντας
1359 3987 1439 4059 τῷ
1487 3985 1590 4057 τῆς
1646 3987 1951 4056 ἱεροσυλίας

1855 3987 1951 4051 ,ίας
2054 3996 2146 4065 qui
2174 4010 2300 4049 vero
2327 3994 2455 4047 illud
2483 3995 2707 4058 audent,
2743 3992 3011 4061 sacrilegii
3038 4007 3211 4060 pinnae
3233 3992 3456 4063 subjici.

371 4085 685 4155 ἐγκλήματι
718 4082 993 4138 ὑποὸἀλλε
1002 4082 1148 4138 σθαι.
3490 4079 3495 4085 ’

456 4177 516 4229 '0
545 4176 636 4230 τὸν
667 4175 1088 4247 προσφεύγοντα
1118 4176 1198 4237 είς
1231 4173 1329 4240 τὴν
1372 4171 1538 4241 ἀγίαν
1565 4171 1660 4224 τοῦ
1692 4170 1825 4224 θεοῦ
1859 4173 1950 4222 ἐκ·

2125 4166 2228 4230 Qui
2258 4165 2312 4219 in
2344 4176 2583 4220 sanctam
2618 4163 2708 4218 Dei
2732 4164 3024 4220 ecclesiam
3063 4165 3467 4236 confugientem
3508 4182 3636 4236 pro-

373 4268 631 4339 κλησίαν,
668 4269 775 4338 ἰδία
803 4267 1063 4337 αὐθεντίᾳ
1096 4264 1442 4329 ἀποσπάσας,
1479 4262 1816 4333 τυπτόμενος
1854 4263 1950 4314 καὶ

2054 4261 2171 4327 pria
2226 4259 2549 4313 auctoritate
2613 4257 2904 4323 abstrahit,
2950 4258 3270 4314 verberatus
3325 4270 3380 4314 et
3440 4268 3632 4314 tonsus

375 4365 774 4432 κουρευόμενος
807 4359 1156 4431 ἐξοριζέσθω.

965 4359 1156 4424 ξέσθω.
2052 4351 2248 4404 exsilio
2289 4350 2566 4405 multetur.

444 4455 629 4525 Μέχρι
652 4452 761 4505 τῶν
789 4453 897 4524 πρὸ
925 4452 1024 4519 τῆς
1049 4450 1318 4520 δημοσίας
1348 4450 1558 4519 ἀγορᾶς
1605 4448 1705 4516 τῆς
1750 4445 1948 4514 ἐκκλη-
1987 4472 2028 4524 D

2026 4492 2028 4507 ,
2133 4441 2321 4511 Usque
2351 4442 2418 4495 ad
2442 4441 2688 4497 ecclesia!
2721 4444 2988 4498 terminos
3016 4442 3083 4498 ad
3122 4444 3303 4500 forum
3347 4445 3627 4515 publicum

373 4548 500 4610 σίας
526 4549 669 4617 ὅρων
718 4549 778 4598 τὸ
823 4544 1063 4613 ἀσφαλὲς
1110 4543 1385 4611 ἐχέτωσαν
1416 4543 1466 4595 oi
1511 4542 1948 4609 προσφυγόντες,

2107 4545 2252 4590 it0se
2280 4535 2522 4590 habeant
2554 4535 2953 4605 confugientes,
2981 4535 3340 4592 interioribus
3396 4537 3627 4602 balneis,
3703 4568 3708 4573 -

374 4641 487 4697 toi;
519 4637 826 4706 ἐνδοτέροις
855 4636 1124 4704 λουτροῖς,
1159 4632 1191 4703 ἦ
1237 4634 1457 4703 κήποις,
1489 4631 1522 4704 ἢ
1560 4633 1882 4700 οἰκήμασιν,
1915 4627 1948 4697 ἢ

2055 4626 2137 4678 vel
2163 4626 2419 4688 hortulis,
2444 4627 2839 4690 vclcubiculis,
2862 4628 2944 4680 vel
2988 4628 3316 4696 porticibus,
3351 4629 3433 4683 vel
3485 4644 3627 4682 areis

376 4731 583 4790 στοαῖς,
615 4726 648 4797 ἦ
696 4727 891 4789 αὐλαῖς
925 4724 1199 4794 χρώμενοι
1224 4742 1239 4757 υ
1278 4724 1374 4777 καὶ
1422 4722 1825 4775 κωλυέσθωσαν
1868 4721 1953 4773 ἐν-

2057 4726 2269 4772 utentes
2303 4728 2395 4772 :ct
2422 4719 2561 4772 intra
2603 4718 2863 4787 templum
2923 4720 3211 4773 comedere
3256 4721 3335 4774 vel
3388 4720 3630 4773 dormire.

373 4820 464 4882 τὸς
498 4819 594 4871 τοῦ
628 4818 758 4870 ναοῦ
813 4818 1016 4873 ὑπνοῦν
1059 4818 1091 4886 ἢ
1119 4817 1344 4887 ἐσθίειν·
1368 4815 1553 4877 ὅπλοις
1583 4814 1638 4866 δέ
1670 4814 1744 4883 μὴ
1773 4813 1951 4881 ἀσφαο

2057 4808 2473 4875 prohibeantur.
2514 4807 2629 4863 Non
2656 4822 2836 4862 autem
2879 4810 3047 4864 anuis
3078 4811 3290 4879 seipsos
3352 4826 3624 4877 securem,

374 4908 713 4973 λιζέσθωσαν
735 4909 988 4973 ἑαυτοὺς,
1008 4906 1123 4960 ἀλλ’
1141 4906 1587 4960 ἁποτιθέοθωσαν
1603 4902 1775 4957 ταῦτα
1802 4903 1949 4972 τιαρᾶ

1391 4906 1587 4960 ιθωσαν
1603 4902 1775 4957 ταῦτα
1802 4903 1949 4972 τιαρᾶ
2054 4896 2149 4949 sed
2187 4898 2275 4951 illa
2300 4908 2424 4952 ante
2446 4899 2730 4968 cpisc0pos
2768 4908 2992 4953 exuant.

372 5002 451 5070 τῷ
477 5002 784 5072 ἐπισκόπῳ.

448 5093 585 5147 Μεθ’
621 5093 802 5146 ὃπλων
833 5093 862 5144 6
894 5093 1115 5162 οἰκέτης
1153 5090 1489 5161 προσφυγὼν
1533 5087 1699 5150 εὐθὺς
1752 5088 1952 5139 ἐκὸαλ-

2127 5104 2184 5156 Si
2210 5119 2401 5158 servus
2445 5114 2691 5157 armatus
2750 5103 3083 5171 confugerit,
3111 5104 3295 5157 statim
3346 5103 3632 5173 ejiciatur;

376 5184 587 5237 λέτιθω⁹
622 5187 1021 5256 ἀνθιστάμενος
1049 5186 1127 5248 δὲ,
1157 5184 1362 5254 μείζονι
1389 5182 1662 5255 βιαζέσθω
1687 5181 1949 5249 δυνάμειο

2056 5196 2103 5250 si
2142 5211 2271 5250 vero
2313 5195 2539 5259 resistit,
2579 5195 2773 5264 majori
2839 5204 3108 5264 potestate
3164 5206 3433 5266 cogatur:
3490 5207 3544 5251 et
3587 5199 3656 5261 si,

379 5278 489 5330 κᾶν
520 5279 830 5348 μαχόμενος
858 5278 1185 5347 τελευτήσῃ,
1221 5276 1516 5338 ἀνεύθυνος
1555 5274 1696 5327 ἔστω
1725 5275 1752 5327 6
1790 5271 1953 5326 ἐπελ-

2057 5274 2736 5355 νιιειιειηάοῖιιιοιὈιιιριυδ
2767 5283 2954 5348 fuerit,
2983 5300 3156 5354 poena:
3194 5302 3302 5341 non
3362 5288 3634 5343 obnoxius

377 5368 490 5422 θὼν
525 5370 676 5439 αὑτῷ
709 5375 805 5423 καὶ
836 5370 1056 5433 κτείνας
1086 5369 1375 5440 δεσπότης.

2056 5378 2425 5441 sitdomiuus,
2464 5378 2555 5446 qui
2581 5376 2733 5431 illum
2765 5393 3061 5447 aggressus
3090 5387 3176 5433 est
3204 5390 3261 5433 et
3307 5379 3525 5435 occidit.

451 5462 591 5516 Οὔτε
633 5464 690 5516 δέ
722 5464 1097 5535 ἀνδροφόνοις,
1139 5460 1264 5515 οὗτε
1320 5461 1552 5530 μοιχοῖς,
1587 5461 1713 5516 οὔτε
1744 5466 1954 5537 παρθέ-

2126 5466 2313 5538 Neque
2348 5469 2660 5533 bomicidis,
2697 5484 2876 5540 neque
2902 5471 3188 5536 adulteris,
3245 5488 3422 5541 neque
3470 5472 3637 5541 virgi-

376 5572 485 5606 νων
516 5553 743 5624 ἆρπαξι,
773 5555 874 5625 τὴν
904 5559 969 5607 ἐκ
996 5554 1108 5606 τῶν
1140 5553 1300 5622 ἱερῶν
1329 5552 1590 5620 φυλάξεις
1626 5556 1950 5623 ἀσφάλειαν,

2057 5575 2190 5615 num
2220 5560 2558 5630 raptoribus,
2586 5561 2638 5614 in
2679 5561 2911 5617 ecclesia
2951 5564 3303 5619 securitatem
3346 5567 3634 5629 concedes.

379 5646 516 5699 ἀλλά
571 5648 826 5700 κάκεῖθεν
876 5644 1213 5710 ἐξελκύσεις,
1249 5646 1343 5699 καὶ
1391 5646 1664 5716 τιμωρίαν
1705 5650 1950 5719 ἐπάξεις.

2058 5651 2151 5706 sed
2188 5652 2387 5706 exinde
2421 5653 2728 5719 abstralies,
2748 5663 2802 5708 et
2856 5655 3187 5725 supplicium
3244 5657 3451 5726 exiges.
3512 5654 3636 5708 l‘iou

380 5739 455 5792 υὺ
482 5738 594 5811 γὰρ
625 5739 735 5791 τῶν
757 5737 983 5791 τοιαῦτα
1013 5738 1442 5813 ἁμαρτανόντων
1472 5740 1752 5808 φείδεσθαι
1789 5760 1957 5815 προσ-

2058 5746 2205 5800 enim
2243 5743 2310 5799 iis
2352 5745 2443 5814 qui
2480 5745 2607 5801 talia
2658 5756 2912 5816 peccant,
2965 5749 3170 5803 remitti
3210 5749 3487 5813 convenit,
3539 5748 3632 5801 sed

705 5831 977 5890 Ρηιιυι..
1008 5832 1120 5890 GR.
1166 5830 1434 5894 CXLIV.
3231 5841 3304 5905 41
