4054 6418
475 301 614 365 1295

1668 295 2037 357 MAT'I‘IUEI
2081 293 2426 356 BLASTAR
2441 295 2508 355 IS

3577 300 3692 363 1196

470 415 624 469 ribus
704 410 1047 482 suppeditet;
1110 420 1164 464 at
1222 426 1328 465 non
1399 424 1702 479 pauperum
1765 415 2050 478 prmtextu,

2165 406 2254 458 καὶ
2276 404 2486 465 τούτοις
2522 400 2582 467 ἐξ
2611 402 2730 471 ῐσης
2759 402 2871 460 τοῖς
2917 401 3124 464 λοιποῖς
3158 401 3350 472 πένησι
3372 421 3384 434 ·
3423 407 3492 476 μὴ
3539 408 3694 477 μέντοι

470 519 591 570 (μιτιὲ
627 511 756 554 sunt
786 501 1056 562 ecclesiae,
1111 496 1343 553 vendat:
1383 498 1479 552 sed
1512 514 1578 552 ex
1627 498 1898 551 reditibus
1946 496 2048 550 sibi

470 597 574 666 ipsi
615 605 668 650 et
704 597 814 651 illis
845 579 1179 666 suppeditet.
1213 595 1568 665 Quaecunque
1599 594 1746 650 enim
1781 593 1892 649 Deo
1922 602 2051 649 sunt

468 695 814 752 consecrata,
857 701 924 741 ne
947 685 1117 739 faciat
1148 683 1399 755 profana.

542 869 698 922 Hunc
729 867 996 920 verbatim
1030 881 1473 920 commemorans
1505 880 1582 919 vlt
1624 862 1814 934 synodi
1840 863 2047 917 τίθεσο.

467 959 728 1015 adducit:
782 960 838 1013 Si
898 959 1187 1028 episcopus
1241 959 1323 1014 vel
1384 956 1700 1012 monasterii
1755 953 2051 1023 przefectus

467 1049 734 1117 rpiscopii
778 1049 860 1102 vel
903 1050 1223 1103 monasterii
1267 1065 1627 1118 quascunque
1671 1048 2051 1117 possessiones

466 1141 684 1202 alienet,
715 1149 770 1193 et
811 1139 1040 1208 principi
1076 1141 1160 1194 vel
1202 1141 1358 1195 alteri
1385 1143 1607 1206 tradat,
1641 1143 1795 1196 irrita
1845 1141 1916 1195 sit
1944 1150 2054 1193 tra-

466 1233 622 1285 ditio.
648 1232 800 1296 Quod
835 1231 879 1284 si
910 1232 1302 1286 detrimentum
1342 1234 1522 1301 potius
1565 1249 1728 1300 quam
1763 1232 2050 1286 utilitatem

467 1324 664 1378 aﬂ'erre
698 1339 888 1394 agrum
922 1335 1184 1380 causetur
1209 1366 1224 1389 ,
1279 1341 1344 1378 ne
1372 1327 1452 1381 sic
1487 1327 1653 1380 etiam
1698 1340 1825 1380 eum
1879 1323 2053 1392 magi-

467 1414 755 1479 stratibus,
818 1415 912 1468 sed
972 1415 1189 1469 clericis
1245 1417 1328 1469 vel
1369 1417 1629 1485 agricolis
1657 1417 1896 1470 addicat.
1953 1414 2052 1468 Sin

467 1516 649 1559 autem
729 1507 1027 1561 calliditate
1087 1508 1270 1576 aliqua
1338 1517 1562 1572 ulutttl',
1626 1519 1681 1564 et
1733 1524 1796 1562 ex
1853 1499 2052 1562 clerico

471 1597 550 1649 vel
606 1596 844 1666 agricola
899 1611 1091 1666 agrum
1152 1598 1505 1667 magistratus
1555 1615 1778 1654 rursum
1833 1600 2048 1663 emerit,

467 1692 548 1745 sic
578 1704 804 1758 quoque
849 1689 1006 1744 irrita
1043 1689 1115 1743 sit
1163 1690 1332 1755 actio,
1377 1691 1491 1745 sive
1533 1691 1607 1746 sit
1656 1691 1904 1746 venditio
1938 1690 2052 1744 sive

2156 496 2430 564 προφάσει
2460 492 2570 545 τῶν
2611 491 2808 544 ἐνδεῶν
2879 493 2946 545 τά
2986 492 3086 560 τῆς
3152 492 3440 562 ἐκκλησίας
3478 494 3700 565 ἀπεμπο-

2154 588 2265 639 λεῖν
2291 600 2304 614 ⁸
2346 588 2409 637 ἐκ
2437 585 2494 637 δέ
2545 601 2608 652 γε
2641 584 2750 635 τῶν
2801 584 3084 651 προσόδων
3137 583 3311 653 ἐαυτῴ
3341 602 3397 637 τε
3451 587 3696 651 κἰκείνοις
3731 620 3734 622 -

2155 684 2419 750 ἐπαρκεῖν
2447 697 2460 709 ο
2493 681 2561 733 τὰ
2583 679 2691 749 γὰρ
2733 677 2813 748 τῷ
2844 677 2965 748 Θεῷ
3011 676 3418 748 καθιερωθέντα
3447 681 3539 750 ούχ
3576 683 3702 735 ὅσιον

2155 776 2421 827 ἐκποιεῖν.

2226 866 2431 920 Τοῦτον
2477 867 2621 920 κατά
2658 869 2815 938 ῥῆμα
2849 868 3086 933 ἐπεξιὼν
3131 869 3159 919 ὁ
3199 867 3297 936 τῆς
3331 868 3372 931 ζ’
3411 868 3611 921 συνόδου
3647 867 3704 936 ιβ’

2154 962 2532 1026 προσεπάγει·
2579 959 2911 1021 Ἐπίσκοπος
2939 960 2972 1030 ἢ
3024 960 3348 1029 ἡγούμενος,
3383 959 3524 1013 ἐστιν
3549 961 3581 1015 ὃ.
3614 963 3705 1013 τῶν

2159 1049 2248 1103 τοῦ
2278 1052 2634 1104 ἐπισκοπείου
2669 1052 2702 1122 ἢ
2735 1052 2847 1103 τῶν
2879 1052 2975 1104 τοῦ
3019 1052 3388 1121 μοναστηρίου
3442 1054 3706 1122 κτημάτων

2155 1142 2574 1212 ἐκποιούμενος,
2626 1143 2721 1196 καὶ
2761 1144 2987 1213 ἄρχοντι
3029 1145 3061 1212 ἢ
3111 1144 3285 1213 ἑτέρῳ
3314 1145 3419 1196 τινὶ
3470 1145 3706 1209 ἐκδιδοὺς,

2155 1231 2358 1298 ἄκυρον
2392 1227 2532 1284 εἶναι
2565 1233 2663 1302 τὴν
2696 1231 2936 1286 ἔκδοσιν.
2978 1232 3041 1284 Et
3067 1233 3124 1286 δὲ
3163 1233 3542 1303 προφασίζοιτο
3567 1253 3710 1304 προτ-

2156 1325 2390 1395 ζημιοῦν
2425 1325 2627 1392 μᾶλλον
2654 1326 2685 1397 ἢ
2721 1327 2892 1379 ὁνῖναι
2925 1327 3014 1380 τὸν
3058 1328 3251 1395 ἀγρὸν,
3288 1330 3408 1398 μηδ’
3436 1329 3596 1393 οὕτως
3624 1331 3709 1398 ἀρ-

2156 1434 2332 1486 χουσι,
2371 1417 2654 1486 κληρικοῖς
2679 1418 2736 1471 δέ
2765 1420 2795 1489 ἦ
2827 1422 3100 1488 γεωργοῖς
3139 1421 3304 1474 αὐτὸν
3351 1422 3612 1476 ἐκδιδότω.
3647 1423 3706 1474 El

2155 1508 2212 1560 δέ
2244 1508 2552 1578 πανουργίᾳ
2593 1510 2882 1579 χρήσαιτο,
2920 1511 3015 1562 καὶ
3059 1512 3126 1564 ἐκ
3177 1510 3272 1564 τοῦ
3328 1511 3524 1580 κλήρου
3572 1512 3707 1580 ἢτοῦ

2157 1599 2409 1668 γεωργοῦ
2445 1602 2473 1652 ὁ
2505 1600 2692 1668 ἄρχων
2718 1599 2874 1661 αὖθις
2905 1601 3155 1671 ὠνήσατο
3180 1603 3272 1656 τὸν
3295 1603 3484 1672 ἀγρὸν,
3521 1603 3607 1656 καί¹
3629 1602 3710 1654 οὖ-

2156 1708 2265 1752 τως
2285 1690 2489 1758 ἄκυρον
2525 1686 2668 1744 εἶναι
2695 1693 2794 1761 τὴν
2824 1691 3047 1761 πρᾶξιν,
3081 1695 3191 1747 εἴτε
3220 1697 3442 1763 πρᾶσις,
3471 1695 3571 1747 εἴτε
3605 1713 3714 1747 συν-

470 1784 851 1850 permutatio.
907 1791 962 1836 et
1019 1782 1301 1852 episcopio
1367 1783 1446 1836 vel
1521 1784 1866 1838 monasterio
1929 1797 2060 1852 ager

2165 1781 2420 1852 ἀλλαγμα
2467 1784 2577 1852 εῐη,
2620 1783 2714 1835 καὶ
2759 1785 2851 1837 τὸν
2883 1783 3054 1852 ἀγρὸν
3105 1784 3186 1854 τῷ
3239 1784 3566 1854 ἐπισκοπείῳ
3592 1785 3622 1854 ἢ
3649 1783 3714 1854 τῷ

470 1873 814 1927 restituatur.
869 1871 973 1938 Qui
1016 1882 1200 1926 autem
1239 1873 1344 1926 hoc
1394 1873 1586 1928 fecerit
1639 1874 1938 1943 episcopus
1973 1873 2056 1928 vel

468 1965 785 2034 pra-fectus,
833 1966 925 2020 ille
965 1966 1190 2035 quidem
1243 1965 1313 2019 ab
1359 1965 1662 2034 episc0pio,
1715 1966 1805 2020 hic
1855 1981 1986 2020 vero
2027 1981 2057 2023 a

472 2059 810 2112 monasterio
873 2067 1221 2123 amoveatur,
1313 2067 1371 2110 ut
1429 2059 1521 2126 qui
1588 2057 1730 2112 male
1789 2057 2060 2126 dissipent

469 2165 592 2213 qnze
626 2165 732 2203 non
762 2164 1190 2219 congregavere.
1240 2147 1530 2203 Ammione
1558 2159 1740 2204 autem
1788 2148 2059 2218 depositio

469 2243 696 2296 omnino
725 2241 1074 2308 intelligitur.

540 2335 636 2388 llis
661 2334 828 2388 etiam
860 2333 1136 2387 consentit
1167 2334 1620 2404 Cat-tliaginensis
1651 2350 1771 2405 syn.
1807 2349 1933 2388 can.
1963 2335 2056 2401 26,

469 2427 564 2495 qui
623 2425 1032 2481 ecclesiasticas
1110 2426 1496 2495 possessiones
1579 2427 1803 2480 alienari
1875 2435 2056 2491 vetat,

471 2521 601 2574 licet
631 2519 844 2573 nullum
876 2518 1105 2572 omnino
1136 2517 1367 2574 afferant
1413 2519 1672 2573 reditum.
1724 2518 1820 2573 Sin
1860 2533 2059 2586 magna

471 2621 666 2680 urgeat
713 2612 1054 2675 necessitas,
1101 2613 1168 2666 ad
1209 2611 1543 2673 'prazﬁnitos
1591 2610 1881 2665 duodecim
1939 2613 2065 2680 epi-l

471 2722 691 2776 scopos,
743 2715 798 2761 et
843 2706 1118 2774 imprimis
1181 2705 1250 2759 ad
1307 2704 1541 2770 aliorum
1593 2705 1914 2768 antistitem,
1972 2719 2061 2758 res

471 2798 770 2852 deferatur.
833 2796 890 2850 Si
972 2797 1076 2850 hoc
1131 2805 1314 2850 autem
1386 2808 1606 2865 propter
1686 2795 2058 2850 inevitabilem

475 2889 861 2944 necessitatem
914 2888 1031 2943 fieri
1080 2896 1318 2952 nequeat
1350 2926 1366 2950 ,
1398 2887 1626 2942 'vicinos
1683 2902 1900 2956 quoq-ue
1942 2887 2061 2956 epi-

473 2989 866 3049 scopostrsles
913 2980 1159 3034 adhiberi
1211 2987 1447 3048 oportet,
1498 2988 1556 3032 ttt
1599 2995 1730 3034 cura
1767 2981 2059 3046 habeatur,

473 3087 542 3125 ne
574 3079 830 3140 urgentes
863 3070 1246 3136 necessitates,
1293 3087 1414 3139 quae
1450 3073 1699 3126 ecclesiae
1744 3072 1891 3126 illius
1922 3087 2054 3126 con-
2085 3095 2131 3156 ρ

474 3162 750 3229 tigerunt,
824 3160 1038 3230 ignoret
1105 3161 1388 3229 synodus:
1469 3160 1618 3230 quod
1688 3161 1792 3216 nisi
1849 3162 2060 3215 edicere

478 3261 764 3322 promptus
803 3252 896 3314 sit,
937 3259 1192 3318 tauquam
1231 3250 1338 3305 Deo
1359 3260 1414 3306 et
1449 3252 1660 3322 synodo
1691 3252 1888 3306 rationi
1939 3254 2063 3307 red-

474 3347 669 3401 dendae
707 3345 1002 3405 obnoxius.
1038 3360 1065 3398 a
1103 3345 1333 3415 pr0prio
1370 3345 1584 3400 honore
1616 3347 1966 3401 alienabitur.

557 3439 1067 3508 122Triccsimus
1087 3447 1278 3493 sextus
1306 3449 1487 3493 autem
1515 3439 1854 3510 presbyteris
1873 3439 2064 3495 etaliis

475 3535 692 3588 clericis
752 3549 841 3588 res
909 3532 1051 3588 ullas
1107 3532 1354 3587 ecclesia:
1391 3574 1407 3598 ,
1477 3533 1594 3587 sive
1662 3533 1893 3587 mobiles
1948 3533 2064 3588 sive

477 3627 808 3689 immobiles,
866 3627 1104 3680 vendere
1153 3624 1470 3688 interdicit,
1507 3624 1614 3678 nisi
1665 3640 1762 3678 sua
1793 3625 2064 3680 sententia

474 3719 610 3774 illud
649 3718 916 3787 approbet
938 3719 1252 3786 episcopus.
1288 3715 1404 3770 lmo
1441 3731 1542 3770 nec
1581 3716 1678 3785 ipsi
1711 3717 1929 3784 quidem
1960 3716 2064 3770 hoc

476 3809 660 3862 facere
692 3823 1016 3863 concessum
1047 3815 1154 3871 est,
1190 3806 1426 3877 synodo,
1457 3806 1543 3860 cui
1583 3809 1793 3872 subest,
1827 3807 1879 3859 id
1909 3806 2066 3877 igno-

477 3909 656 3962 rante,
699 3907 758 3951 ut
797 3907 851 3950 et
886 3900 1215 3968 presbyteris
1273 3898 1383 3951 sibi
1425 3887 1707 3964 suibjeélis.
1739 3897 1892 3967 Ipsos
1919 3899 2062 3952 enim

477 3991 544 4044 ad
567 4005 749 4044 rerum
771 3989 1272 4044 ecclesiasticarum
1303 3989 1832 4044 administrationem
1853 3998 2068 4060 oportet

477 4085 810 4139 sullicientes
864 4093 1033 4139 testes
1084 4085 1306 4147 habere,
1358 4100 1425 4138 ne
1474 4083 1810 4138 olfensiones
1855 4086 1907 4138 in
1942 4099 2066 4139 eum

478 4178 823 4230 exorientur.
875 4176 1093 4230 Mobilia
1145 4185 1326 4229 autem
1380 4177 1638 4239 vendere,
1690 4191 1816 4230 vasa
1881 4177 2066 4232 forsan

478 4284 660 4330 sacra,
691 4269 920 4321 omnino
966 4268 1325 4322 interdictum
1375 4275 1500 4322 est:
1552 4268 1810 4337 episcopo
1859 4277 2065 4334 autem,

477 4363 572 4430 qui
629 4362 837 4428 absque
889 4359 1020 4412 clcri
1074 4361 1372 4424 sententia,
1409 4376 1533 4429 quae
1567 4362 1634 4416 ad
1688 4362 1889 4416 victum
1939 4370 2069 4415 sunt

2164 1876 2520 1946 μοναστηρίῳ
2549 1875 3047 1940 ἀποκαθίστασθαι,
3083 1877 3230 1929 καὶὸ
3269 1875 3429 1928 τοῦτο
3463 1879 3712 1945 σκαιωρή-

2162 1986 2262 2030 σας
2287 1968 2584 2031 ἐπίσκοπος
2609 1967 2641 2038 ἢ
2673 1968 3004 2038 ἡγούμενος,
3033 1968 3060 2020 ὁ
3115 1966 3216 2036 μὲν
3248 1967 3344 2020 τοῦ
3373 1969 3714 2032 ἐπισκοπείου,

2159 2059 2188 2110 ὁ
2219 2059 2278 2112 δὲ
2335 2057 2431 2112 τοῦ
2463 2059 2836 2128 μοναστηρίου
2873 2059 3288 2128 ἐκϐεϐλήσθων,
3317 2059 3390 2121 ὡς
3423 2060 3716 2128 διασκορπί-

2162 2151 2349 2215 ζοντες
2390 2151 2578 2214 κακῶς
2617 2151 2654 2205 ἀ
2700 2152 2761 2204 οὐ
2795 2153 3145 2220 συνήγαγονο
3172 2153 3239 2221 τῇ
3275 2151 3470 2221 ἐκδολῇ
3518 2151 3569 2202 δέ
3599 2151 3715 2204 πάν·

2159 2260 2269 2305 τως
2301 2244 2729 2308 συνεξακούεται
2759 2245 2854 2297 καὶ
2883 2246 2915 2314 ἠ
2943 2245 3298 2315 καθαίρεσις.

2234 2337 2459 2400 Τούτοις
2487 2337 2579 2389 καὶ
2605 2337 2632 2388 ὁ
2657 2344 2747 2402 κς¹
2775 2338 2872 2402 τῆς
2900 2339 2958 2390 ἐν
2976 2337 3314 2411 Καρθαγένῃ
3335 2337 3716 2409 ἐπιψηφίζεται,

2160 2428 2256 2482 καὶ
2305 2428 2404 2496 τῆς
2459 2427 2756 2497 ἐκκλησίας
2809 2427 3150 2499 ἀνεκποίητα
3191 2425 3437 2482 εἶναιτά
3486 2431 3712 2497 κτήματα

2165 2521 2435 2592 βούλεται,
2485 2523 2533 2573 εἰ
2571 2522 2667 2574 καὶ
2705 2521 2952 2588 μηδὸλως
2997 2522 3121 2576 τινὰ
3161 2523 3322 2590 φέρει
3367 2521 3636 2592 πρόσοδον.
3663 2519 3718 2571 Ei

2160 2614 2217 2666 δὲ
2249 2613 2416 2680 πολλή
2449 2629 2530 2674 τις
2568 2609 2783 2681 ἀνάγκη
2817 2612 3115 2675 ἐπίκειται,
3151 2613 3269 2674 τοῖς
3296 2612 3610 2681 ὡρισμένοις
3635 2609 3720 2660 δώ-

2161 2704 2295 2756 δεκα
2339 2701 2683 2767 ἐπισκόποις,
2738 2701 2832 2753 καὶ
2875 2702 2983 2770 πρὸ
3034 2703 3246 2755 τούτων
3305 2701 3383 2772 τῷ
3434 2701 3537 2754 τῶν
3571 2699 3721 2750 ἄλλων

2165 2788 2529 2856 πρωτεύοντι,
2563 2789 2847 2842 ἀναθεῖναι
2880 2789 2948 2842 τὰ
2973 2789 3103 2858 περὶ
3140 2788 3365 2844 τούτου.
3413 2791 3476 2843 Ei
3507 2789 3560 2842 δέ
3588 2787 3722 2841 τοῦτο

2163 2885 2262 2950 οὐχ
2302 2879 2413 2934 οἶόν
2443 2899 2502 2934 τε
2539 2881 2625 2934 διὰ
2661 2882 2723 2934 τὸ
2769 2882 3156 2952 ἀπαραίτητον
3192 2884 3294 2952 τῆς
3327 2885 3584 2952 ἀνάγκης,
3609 2881 3719 2940 iob;

2163 2975 2403 3043 ὁμόρους
2429 2974 2561 3042 γοῦν
2592 2975 2702 3027 τῶν
2729 2976 2924 3028 ἐπισκὸ
2937 2994 3047 3028 πων
3077 2976 3582 3046 διαμαρτύρασθαι,
3606 2990 3722 3044 προ·

2164 3065 2285 3135 νοία
2318 3064 2412 3117 τοῦ
2453 3064 2528 3135 μὴ
2552 3065 2824 3134 ἀγνοῆσαι
2851 3066 2952 3136 τὴν
2979 3067 3202 3120 σύνοδον
3233 3069 3338 3130 τάς
3367 3068 3722 3136 ἐπισυμὸἀσπς

2163 3159 2229 3225 τῇ
2265 3157 2534 3228 ἐκκλησίᾳ
2583 3157 2777 3218 τούτου
2834 3159 3225 3229 περιστάσεις·
3259 3161 3400 3230 ὅπερ
3429 3162 3475 3214 εί
3513 3160 3583 3230 μὴ
3610 3159 3724 3228 δρᾶ-

2167 3268 2258 3304 σαι
2288 3249 2697 3322 προθυμηθείη,
2722 3247 2810 3305 οἷα
2841 3252 3143 3315 ὑπεύθυνος
3167 3252 3247 3322 τῷ
3271 3253 3392 3324 Θεῴ
3417 3253 3509 3306 καὶ
3538 3255 3600 3321 τῇ
3619 3268 3724 3302 συνο

2164 3344 2290 3413 ὁδῳ,
2329 3343 2432 3412 τῆς
2469 3344 2608 3406 ἰδίας
2635 3344 2804 3413 τιμῆς
2828 3344 3360 3414 ἀλλοτριωθήσεταί.

2247 3438 2308 3490 Ὀ
2330 3437 2386 3489 δέ
2410 3434 2493 3504 λγ¹
2512 3454 2616 3506 πρε
2627 3437 3031 3508 σ6υ-τέροιςκαὶ
3054 3440 3268 3502 λοιποῖς
3290 3440 3571 3509 κληρικοῖς
3591 3439 3726 3490 ἀπεί-

2169 3545 2339 3599 ρηκεν
2369 3529 2518 3582 ἐστιν
2549 3528 2585 3582 ἃ
2624 3529 2732 3582 τῶν
2771 3531 2870 3595 τῆς
2925 3530 3228 3598 ἐκκλησίας
3299 3532 3626 3601 πιπράσκειν
3655 3546 3727 3604 ut;

2170 3621 2348 3687 νητῶν
2379 3638 2437 3674 τε
2478 3622 2571 3674 καὶ
2596 3623 2898 3691 ἀκινήτων,
2933 3624 2983 3673 εί
3018 3621 3092 3691 μὴ
3123 3621 3232 3691 ἀρα
3270 3624 3368 3675 καὶ
3401 3626 3428 3676 ὁ
3455 3623 3724 3680 ἐπίσκοπος

2173 3713 2541 3766 συναινέσειεν
2562 3730 2574 3743 ·
2612 3715 2674 3766 ού
2703 3714 2811 3782 μὴν
2842 3713 2953 3766 οὐδ’
2983 3713 3135 3784 αὐτῷ
3176 3714 3344 3768 τοῦτο
3387 3717 3564 3769 ποιεῖν
3597 3713 3728 3782 ἐφεῖ-

2169 3821 2286 3864 ται,
2323 3806 2422 3873 τῆς
2449 3805 2534 3873 ἐφ’
2615 3805 2764 3856 τελεῖ
2791 3805 3098 3872 ἀγνοούσης
3127 3805 3377 3866 συνόδου,
3413 3803 3628 3873 προσέτι
3650 3800 3727 3851 καὶ

2168 3897 2277 3950 τῶν
2307 3897 2400 3949 ὑπ’
2431 3897 2580 3967 αὐτῷ
2618 3897 3036 3968 πρεσϐυτέρων.
3078 3900 3174 3950 Δεῖ
3215 3897 3328 3967 γὰρ
3361 3898 3455 3951 ἐπὶ
3498 3897 3592 3965 τῆς
3620 3894 3728 3946 διοι-

2171 3991 2387 4058 κήσεως
2422 3991 2534 4044 τῶν
2576 3991 2676 4058 τῆς
2737 3991 3037 4059 ἐκκλησίας
3076 3993 3430 4062 πραγμάτων
3465 3989 3727 4060 μάρτυρας

2170 4080 2369 4142 αὐτοὺς
2401 4079 2720 4152 ἀξιοχρέους
2761 4082 2928 4152 ἔχειν,
2964 4083 3038 4145 ὡς
3081 4082 3157 4152 μὴ
3203 4082 3483 4137 σκάνδαλα
3508 4077 3622 4133 κατ’
3649 4075 3728 4129 αὑ-

2171 4171 2268 4224 τοῦ
2320 4171 2562 4239 φύοιντο.
2602 4174 2817 4243 Κινητά
2874 4175 3058 4243 μέντοι
3093 4175 3320 4238 πωλεῖν,
3379 4173 3543 4240 σκεύη
3591 4167 3728 4237 τυχὸν

2176 4264 2317 4333 ἱεράν
2353 4265 2531 4332 πάντη
2562 4265 2862 4336 ἀπείρηται
2893 4283 2903 4297 ·
2938 4268 3007 4320 τὰ
3038 4266 3095 4319 δέ
3130 4284 3194 4334 γε
3227 4268 3369 4338 πρδς
3403 4263 3602 4335 τροφὴν
3629 4263 3729 4312 ἐπι-

2173 4353 2384 4421 τήδεια,
2429 4355 2575 4408 σῖτον
2632 4355 2830 4422 δήπου,
2866 4356 2960 4408 καὶ
3001 4356 3192 4409 ἀλλοῖα
3235 4358 3567 4426 σπερμάτων
3607 4350 3727 4413 είδηο

479 4454 702 4517 idonea,
765 4451 1106 4505 frumentum
1165 4465 1396 4518 nempe,
1433 4453 1511 4504 vel
1577 4453 1728 4506 varia
1785 4451 2062 4506 fructuum

2173 4446 2414 4514 νεμεσᾷν
2445 4445 2506 4498 οὐ
2546 4446 2629 4498 δεῖ
2658 4446 2736 4515 τῷ
2765 4448 3076 4519 ἐπισκόπῳ,
3117 4450 3211 4502 καὶ
3241 4449 3368 4519 δίχα
3391 4447 3611 4518 γνώμης
3637 4443 3730 4495 τῶν

478 4562 702 4618 genera,
733 4545 940 4606 vendit,
969 4558 1294 4597 succensere
1334 4559 1439 4597 non
1472 4553 1704 4612 Oportet.

552 4638 627 4692 De
652 4636 858 4690 eisdem
897 4635 1230 4688 mentionem
1265 4633 1474 4690 faciens
1514 4635 1581 4688 15
1611 4635 1916 4706 Aucyranac
1941 4650 2063 4703 syn.

477 4729 651 4784 dicit:
683 4725 839 4794 Quod
870 4726 938 4788 si,
969 4735 1218 4796 tempore
1249 4743 1360 4797 quo
1411 4727 1643 4782 ecclesia
1675 4743 1777 4783 suo
1811 4729 2068 4798 episcOpo

475 4823 738 4876 destituta
776 4820 900 4882 fuit,
931 4820 1181 4886 contigit,
1206 4830 1264 4873 ut
1293 4821 1362 4874 al)
1392 4820 1580 4887 aliquo
1612 4819 1814 4873 clerico
1848 4834 1915 4873 ex
1944 4819 2067 4885 eius

475 4915 638 4970 bonis
677 4914 982 4983 quidquam
1034 4913 1202 4967 fuerit
1236 4912 1544 4976 venditum,
1585 4911 1694 4973 ille,
1735 4910 1828 4979 qui
1880 4921 2066 4979 postea

477 5005 819 5061 ordinandus
875 5006 1017 5068 erit,
1090 5005 1233 5072 quod
1295 4993 1399 5058 fuit
1467 5003 1746 5059 venditum
1808 5013 2064 5058 revocet:

476 5101 627 5156 illius
661 5114 792 5152 vero
817 5099 1030 5166 judicio
1071 5098 1422 5166 relinquitur,
1446 5113 1514 5150 an
1548 5105 1800 5166 oporteat
1831 5096 2065 5166 pretium

477 5189 712 5258 emptori
742 5189 990 5250 reddere,
1020 5204 1086 5241 an
1123 5204 1228 5243 non
1260 5206 1274 5254 ;
1304 5188 1418 5242 fieri
1449 5188 1596 5241 enim
1631 5195 1826 5255 potest,
1857 5194 1914 5238 ut
1942 5199 2070 5251 ager

478 5279 774 5335 admodum
817 5279 1016 5334 fertilis
1051 5281 1314 5350 majorem
1347 5279 1524 5349 pretio
1569 5279 1638 5333 ab
1668 5286 1912 5346 emptore
1942 5275 2069 5330 dato

476 5372 716 5426 fructum
750 5369 966 5424 fecerit.

548 5461 778 5530 Magnus
825 5477 954 5515 vero
1008 5461 1244 5532 Cyrillus
1303 5460 1356 5513 in
1405 5461 1648 5513 secundo
1695 5459 1759 5510 ad
1798 5456 2066 5512 Domnum

477 5553 724 5622 epistolae
796 5554 975 5624 capite
1063 5567 1192 5605 vasa
1284 5551 1520 5619 pretiosa
1573 5559 1627 5604 et
1694 5549 2069 5618 possessiones

482 5644 796 5699 immobiles
851 5644 1222 5698 inalienabilia
1293 5642 1548 5696 ecclesiis
1607 5641 1810 5694 servari
1864 5640 2065 5709 jubet:

481 5735 838 5790 incidentium
871 5751 994 5791 vero
1063 5743 1380 5802 sumptuum
1419 5733 1880 5820 dispensationem
1943 5732 2066 5787 illos

2169 4534 2266 4586 τοῦ
2295 4536 2503 4605 κῦήρου
2533 4538 2928 4608 πιπράσκοντι.

2242 4629 2430 4682 Ταῦτα
2457 4632 2550 4684 καὶ
2581 4633 2607 4684 ὁ
2645 4637 2706 4684 ιε’
2739 4637 2837 4700 τῆς
2875 4636 2934 4686 ἐν
2974 4635 3224 4709 Ἀγκύρᾳ
3267 4637 3484 4703 διεξιὼν
3513 4637 3728 4702 ἐπάγει·

2184 4721 2273 4782 Ὦς
2303 4724 2442 4791 εἴγε
2481 4724 2590 4793 μὴν
2621 4725 2864 4796 συμϐαίη
2907 4729 3047 4797 πρὸς
3079 4729 3188 4782 τῶν
3231 4730 3512 4797 κληρικῶν
3540 4727 3730 4796 πραθῆ-

2172 4815 2259 4868 ναί
2284 4833 2334 4868 τι
2366 4815 2476 4866 τῶν
2500 4819 2600 4884 τῆς
2667 4817 2988 4887 ἐκκλησίας.
3049 4821 3354 4874 ἐπισκόπου
3390 4817 3730 4890 χηρευούσηςι

2172 4907 2250 4975 τῷ
2277 4907 2588 4976 τηνικαῦτα
2632 4907 3031 4962 ἀνακαλεῖσθαι
3063 4911 3156 4963 τὸν
3201 4914 3480 4964 εἰσέπειεα
3516 4924 3730 4979 χειροτο·

2174 4997 2547 5066 νηθησὸμενον
2583 4996 2645 5048 τὸ
2678 4998 2894 5067 πραθέν
2922 5016 2934 5030 ’
2980 5003 3047 5070 ’τῇ
3073 4999 3130 5052 δὲ
3159 5003 3350 5054 τούτου
3401 5001 3579 5070 κρίσει
3608 4996 3730 5052 ἀνεῖ-

2173 5106 2282 5153 ται,
2305 5089 2414 5141 εἴτε
2439 5089 2548 5160 χρὴ
2569 5092 2986 5160 ἀναστραφῆναι
3012 5093 3071 5144 τὸ
3093 5093 3313 5163 τίμημα
3330 5094 3410 5164 τῷ
3438 5091 3727 5162 πριαμένῳ.

2174 5179 2283 5232 εἴτε
2313 5180 2408 5232 καὶ
2452 5179 2553 5249 μή.
2593 5180 2942 5251 Εύπροσόδου
2975 5183 3086 5253 γὰρ
3113 5183 3246 5248 ἴσως
3273 5184 3369 5238 τοῦ
3399 5185 3593 5255 χωρίου
3621 5194 3709 5246 τυγ

2173 5271 2452 5338 χάνοντος,
2501 5269 2675 5323 πλείω
2729 5271 2830 5338 τῆς
2879 5275 3324 5346 καταϐληθείσης
3369 5277 3536 5345 τιμῆς
3583 5275 3731 5338 ἐκαρ-

2173 5380 2415 5416 πωσατο.

2255 5457 2312 5507 Ὀ
2353 5456 2410 5508 δὲ
2439 5457 2614 5526 μέγας
2647 5457 2915 5528 Κύριλλος
2944 5461 3001 5512 ἐν
3043 5461 3330 5530 κεφαλαίῳ
3387 5459 3619 5526 δευτέρῳ
3645 5453 3730 5515 τῆς

2172 5547 2310 5616 πρὸς
2349 5550 2556 5618 Δόμνον
2596 5552 2893 5620 ἐπιστολῆς
2957 5554 3224 5621 κειμήλια
3251 5555 3340 5604 καὶ
3375 5553 3593 5625 κτήσεις
3621 5549 3729 5597 am.-

2171 5641 2365 5710 νήτους
2403 5641 2744 5710 ἁνεκποίητα
2789 5646 2909 5702 ταῖς
2944 5643 3270 5713 ἐκκλησίαις
3340 5641 3606 5706 σώζεσθαι
3653 5651 3728 5687 κε·-

2173 5732 2358 5785 λεύει·
2414 5733 2523 5785 τῶν
2567 5733 2624 5786 δέ
2675 5735 3188 5802 παρεμπιπτόντων
3242 5733 3602 5801 ἀναλωμάτων
3640 5727 3724 5787 τὴν
