4054 6396
333 417 466 478 12⁸7

1330 401 1738 465 SYNTAGMA
1773 395 2398 462 ALPHABETlCUM.
2435 419 2498 429 -
2531 389 2588 454 Ε.

3461 379 3599 444 1298

325 519 647 592 οἰκονομίαν
720 517 847 580 τοὺς
903 515 1003 586 τὴν
1056 515 1210 568 Θείαν
1257 515 1544 578 διέποντας
1607 511 1958 582 ίερωσὺνηνλ

2060 509 2111 562 ui
2178 508 2426 562 divinum
2490 488 2865 560 sacerdotium
2925 496 3336 558 administrant,
3388 493 3596 549 subire.

329 619 479 685 ἔχειν
502 631 516 644 ·
551 611 612 664 τὸ
643 609 757 678 γὰρ
783 607 1142 662 ἀπαιτεῖσθαι
1168 605 1327 672 λόγον
1361 605 1453 656 τὸν
1487 604 1792 656 ἐπίσκοπον
1817 601 1918 669 τῆς

327 706 661 775 διοικήσεως
690 701 801 754 τῶν
828 697 1355 766 ἐπισυμϐαινὸντων
1380 695 1776 764 ἀναλωμάτων,
1807 692 1918 745 είτε

331 803 398 852 ἐκ
429 795 712 867 προσόδων
743 789 853 845 εἷεν
884 792 981 860 τῆς
1019 789 1320 860 ἐκκλησίας
1343 829 1359 854 ,
1419 789 1518 840 εἶτ’
1549 783 1644 840 οὖν
1683 787 1778 838 καλ⁵
1810 784 1920 838 ἀπό

331 906 498 944 τινων
521 884 930 956 καρποφορίας,
953 882 1194 952 λυπήσει
1221 881 1449 950 σφόδρα,
1473 880 1548 944 ὼς
1569 879 1738 949 μηδὲν
1761 875 1922 945 ἐσχά-

333 1000 436 1049 της
486 979 704 1040 ἀδικίας
762 976 1036 1038 ἐλλεῖπον,
1090 973 1218 1037 τοὺς
1272 974 1564 1042 ἅπανταχῆ
1607 971 1713 1040 γῆς
1760 969 1924 1032 ³ὂντας

337 1069 799 1129 Οεοσεϐεστάτους
863 1066 1223 1128 ἐπισκόπους.
1256 1065 1530 1127 Ἕκαστος
1600 1062 1709 1131 γάρ
1765 1060 1924 1130 ήμῶν

335 1166 445 1218 τῶν
484 1165 631 1217 ἰδίων
658 1159 867 1232 καιρῶν
896 1159 1057 1213 δώσει
1080 1159 1240 1226 λόγον
1280 1157 1361 1228 τῷ
1387 1155 1580 1226 δικαίῳ
1613 1155 1818 1225 Κριτῇ.

1021 1335 1229 1404 Νόμοι.

413 1431 526 1495 Τάς
570 1430 894 1500 ἐκποιήσεις
925 1429 1037 1481 τῶν
1080 1426 1405 1497 κτημάτων,
1437 1424 1474 1478 ἀ
1523 1424 1637 1484 τοῖς
1670 1419 1929 1488 εὐαγέσιν

343 1525 518 1588 οἴκοις
553 1524 772 1593 ἀνήκει,
802 1522 966 1591 ίσμεν
991 1523 1058 1592 τῇ
1093 1519 1267 1590 πείρᾳ
1322 1519 1403 1579 είς
1433 1515 1691 1585 ’ἐσχάτην
1725 1511 1932 1582 βλάϐην

344 1616 441 1668 καὶ
469 1614 710 1682 παντελῆ
738 1610 1129 1681 καταστροφὴν
1157 1608 1269 1661 τῶν
1336 1603 1646 1674 ἐκκλησιῶν
1669 1600 1764 1656 τοῦ
1793 1598 1932 1653 Θεοῦ

345 1707 668 1776 γινομένας.
710 1703 1060 1773 Ψιλούμεναι
1109 1705 1221 1770 γὰρ
1257 1701 1321 1751 ἐκ
1363 1698 1556 1752 τούτου
1596 1696 1697 1765 τῆς
1725 1693 1934 1756 οίκείας

347 1797 698 1870 περιουσίας,
735 1797 817 1858 είς
858 1795 921 1848 τὸ
965 1795 1166 1865 μηκέτι
1202 1788 1345 1844 εἶναι
1397 1790 1803 1860 περιΐστανται.
1840 1783 1934 1837 Διὺ

2024 601 2175 665 Quod
2212 599 2357 652 enim
2392 608 2737 667 sumptuum,
2778 593 2870 663 qui
2905 591 3011 646 illis
3045 591 3328 654 eveniunt,
3375 589 3604 656 dispen-

2023 692 2259 746 sationis
2306 691 2447 743 ratio
2483 690 2551 742 ab
2579 688 2839 758 episcOpo
2883 685 3155 752 exigatur,
3187 683 3303 737 sive
3335 697 3400 734 ex
3428 680 3606 734 eccle-

2023 783 2260 838 siasticis
2311 780 2584 836 reditibus
2649 778 2778 842 luit,
2835 777 2950 830 sive
3011 789 3074 828 ex
3144 773 3325 828 fructu
3391 771 3610 825 aliunde

2024 887 2299 946 percepto,
2329 890 2521 945 magna
2552 874 2775 928 tristitia
2813 871 3012 926 alliciet
3046 867 3430 925 sanctissimos
3494 864 3613 934 epi-

2025 983 2252 1037 scopos.
2312 969 2406 1037 qui
2474 975 2604 1021 sunt
2663 963 2865 1032 ubique
2901 971 3210 1022 terrarum,
3271 956 3413 1026 quod
3479 953 3615 1009 nihil

2029 1060 2237 1114 ultimae
2299 1057 2584 1126 iniustitia:
2658 1056 2832 1110 deest.
2897 1052 3288 1120 Unusquisque
3343 1049 3488 1102 enim
3522 1061 3621 1100 no-

2025 1160 2198 1206 strum
2237 1150 2384 1221 justo
2430 1149 2607 1206 Judici
2666 1156 2975 1218 temporum
3008 1155 3328 1199 nostrorum
3351 1141 3619 1195 rationem

2027 1243 2248 1298 reddet.

2756 1329 2943 1401 Leges.

2101 1424 2542 1488 Possessionum,
2576 1437 2697 1492 qua:
2731 1423 2796 1476 ad
2835 1427 3224 1477 sacrosanctas
3253 1416 3449 1471 domos
3487 1428 3616 1481 per-

2031 1517 2246 1581 tinent,
2282 1517 2642 1572 alienationes
2682 1512 3358 1584 experientia,didicimus
3418 1509 3485 1562 ad
3535 1523 3631 1560 (ιι-

2031 1622 2267 1667 tremum
2299 1615 2560 1666 damnum
2590 1622 2644 1665 et
2678 1609 2770 1664 Dei
2812 1608 3172 1663 ecclesiarum
3205 1603 3627 1660 subversionem

2035 1704 2176 1759 ﬁeri.
2213 1705 2420 1759 Exinde
2455 1705 2603 1758 cnim
2643 1702 2862 1772 propria
2921 1699 3178 1756 facultate
3211 1699 3516 1769 privamur,
3569 1700 3632 1746 nt

2037 1812 2146 1850 non
2171 1796 2404 1867 amplius
2422 1796 2688 1850 exsistere
2711 1794 2949 1865 possint.
2995 1792 3336 1861 Quapropter
3355 1788 3630 1857 Optimum

346 1891 574 1958 ἄμεινον
620 1887 730 1942 ἀπὸ
764 1886 858 1940 τοῦ
906 1887 1008 1940 νῦν
1045 1885 1122 1955 μὴ
1174 1884 1484 1954 συγχωρεῖν
1531 1877 1934 1950 προσέρχεσθαι

2060 1889 2246 1942 ibhinc
2272 1889 2402 1946 erit.
2459 1895 2518 1941 ut
2555 1887 2681 1949 illae,
2718 1884 2836 1940 nisi
2879 1884 3061 1955 gravis
3092 1896 3285 1951 urgeat
3312 1881 3632 1943 necessitas,

347 1981 578 2042 ταύτας,
607 1981 656 2032 εί
692 1980 877 2048 μήπου
905 1975 1285 2047 ἀπαραίτητος
1318 1973 1642 2039 κατεπείγει
1675 1969 1860 2040 χρεία.

423 2075 484 2125 Ui
552 2071 662 2123 ἀπὸ
703 2070 812 2122 τῶν
852 2069 1072 2135 εὐαγῶν
1126 2065 1512 2137 μοναστηρίων
1557 2063 1590 2132 ἢ
1623 2060 1812 2124 ἁπλῶς
1840 2060 1934 2112 ἐκ·

352 2165 596 2236 κλησιῶν
647 2162 1107 2232 ἐμφυτευόμενοι,
1149 2159 1182 2228 ἢ
1231 2156 1617 2228 μισθούμενοι,
1654 2155 1688 2224 ἢ
1733 2151 1941 2222 ἀγορά-

354 2258 565 2319 ζοντες,
598 2254 632 2323 ἢ
665 2253 810 2306 κατά
840 2269 965 2305 τινα
996 2251 1203 2320 τρόπον
1229 2248 1706 2317 ἐκλαμϐανόμενοι
1741 2243 1942 2310 κτῆσιν

355 2345 638 2413 ἀκίνητον,
692 2341 897 2410 πολλὴν
953 2339 1232 2408 ὀφείλουσι
1281 2335 1724 2391 καταϐάλλεσθαι
1771 2350 1940 2403 φρον-

357 2437 498 2501 τὶδα,
530 2437 616 2488 ἵνα
646 2435 716 2488 τά
747 2435 880 2504 παρ’
913 2433 1097 2486 αὐτῶν
1153 2430 1612 2498 καταϐαλλόμενα
1660 2428 1742 2490 είς
1772 2427 1949 2494 ἀναγ-

359 2533 523 2593 καίας
553 2529 746 2600 χρείας
811 2527 920 2580 τῶν
959 2525 1272 2597 εἰρημένων
1311 2523 1640 2595 ἐκκλησιῶν,
1663 2522 1696 2589 ἦ
1733 2522 1948 2574 ἀντεισο

359 2624 584 2688 αγωγάς
638 2621 844 2692 ἐτέρων
893 2622 1194 2690 κτημάτων
1248 2616 1704 2688 χρησιμευόντων
1753 2614 1950 2676 αὑταῖς

360 2713 833 2781 ἑκδαπινηθῶσιν.
885 2711 1018 2765 Ἐἀν
1069 2711 1125 2763 δὲ
1174 2711 1243 2763 τὰ
1281 2710 1412 2778 παρ’
1444 2707 1626 2762 αὐτῶν
1671 2707 1956 2778 καταϐλη-

364 2807 528 2860 θέντα
561 2806 636 2876 μὴ
668 2803 812 2858 κατὰ
855 2803 950 2856 τὸν
981 2803 1276 2872 εἰρημένον
1313 2801 1518 2869 τρόπον
1565 2799 1949 2870 διοικηθῶσιν,

363 2899 503 2952 ἀλλά
534 2898 675 2951 κατά
716 2895 778 2948 τὸ
827 2895 992 2965 τυχὸν
1034 2896 1116 2956 είς
1153 2894 1324 2957 ἄλλας
1357 2894 1513 2956 τινὰς
1565 2888 1949 2962 ίδίαςχρείας.

364 2993 398 3062 ἢ
433 2991 626 3054 ἁπλῶς
652 2990 859 3056 ἔξωθεν
901 2990 1001 3056 τῆς
1047 2987 1322 3058 ὡφελείας
1369 2988 1480 3040 τῶν
1514 2985 1732 3055 εὐαγῶν
1764 2984 1954 3050 οἴκων,

366 3085 417 3134 οἱ
443 3083 622 3136 ταῦτα
655 3081 1030 3152 πεπρακότες,
1059 3081 1092 3151 ἢ
1125 3080 1302 3143 ἄλλως
1340 3080 1698 3149 ὁπωσδήποτε
1730 3076 1961 3131 ἐκδεδω-

370 3176 528 3237 κότες
577 3177 646 3226 τὰ
693 3173 1114 3242 καταϐληθέντα
1169 3170 1694 3226 καταναλώσουσινο
1751 3169 1802 3221 oi
1859 3167 1958 3238 μὲν

2040 1978 2108 2033 ab
2133 1978 2556 2033 alienationibus
2585 1977 2922 2032 abstineant.

2114 2069 2216 2136 Qui
2254 2084 2282 2123 a
2323 2068 2694 2124 sacrosanctis
2752 2067 3104 2124 monasteriis
3155 2065 3242 2120 vel
3302 2062 3632 2134 simpliciter

2044 2163 2295 2219 ecclesiis
2335 2162 2723 2232 emphyteusin
2787 2159 2996 2214 faciunt
3051 2158 3132 2212 vel
3167 2159 3507 2218 conducunt,
3553 2155 3646 2208 vel‘

2044 2264 2255 2318 cmuut',
2288 2257 2369 2309 vel
2413 2255 2602 2322 aliquo
2631 2255 2796 2309 modo
2844 2253 3181 2308 immobilem
3230 2252 3637 2321 possessionem

2047 2347 2347 2417 excipiunt,
2383 2347 2584 2400 debent
2619 2347 2850 2400 multam
2881 2361 3080 2400 curam
3114 2344 3398 2407 adhibere,
3437 2349 3496 2396 ut
3520 2356 3642 2410 qure

2049 2439 2118 2492 ab
2165 2437 2274 2492 illis
2315 2436 2626 2502 solvuntur,
2673 2436 2744 2490 ad
2787 2435 3056 2490 dictarnm
3108 2433 3470 2488 ecclesiarum
3508 2445 3650 2485 usus

2054 2526 2421 2592 necessarios,
2449 2528 2530 2580 vel
2556 2527 2788 2580 aliarum
2819 2523 3260 2594 possessionum,
3282 2522 3482 2592 quibus
3505 2535 3646 2590 Opus

2056 2620 2280 2684 habent,
2339 2618 2779 2673 introductiones
2840 2618 3252 2687 impendantur.
3307 2615 3404 2670 Sin
3437 2623 3644 2675 autem,

2054 2728 2176 2782 qua:
2217 2711 2285 2766 ab
2323 2712 2431 2767 illis
2464 2713 2641 2766 soluta
2673 2719 2823 2775 sunt,
2853 2711 3000 2765 dicto
3029 2711 3191 2764 modo
3233 2724 3343 2763 non
3409 2706 3657 2760 admitti--

2058 2817 2329 2872 strentur,
2381 2806 2477 2860 sed
2530 2803 2765 2859 fortasse
2801 2804 2856 2858 in
2907 2803 3044 2858 alias
3090 2802 3355 2872 quasdam
3407 2800 3650 2870 privatus

2061 2897 2420 2952 necessitates
2474 2894 2558 2949 vel
2590 2894 2918 2964 simpliciter
2966 2901 3120 2948 extra
3165 2899 3646 2948 sacrosanctarum

2061 2988 2349 3043 domorum
2378 2987 2772 3054 emolumenta,
2821 2986 2914 3056 qui
2949 2986 3064 3040 haec
3094 2995 3332 3063 tractant
3363 2984 3447 3038 vel
3492 2984 3654 3037 aliter

2063 3093 2394 3148 quocunque
2447 3079 2608 3132 modo
2656 3079 2896 3142 elocant,
2945 3077 3110 3132 etiam
3156 3077 3336 3132 soluta
3373 3071 3656 3146 impende-

2065 3173 2176 3226 riut
2203 3188 2216 3225 :
2260 3180 2629 3226 sacrosanch
2660 3170 2880 3240 quidem
2907 3169 3105 3225 donius
3135 3183 3186 3224 et
3219 3168 3467 3224 ecclesia:
3502 3179 3655 3221 ante-

370 3235 770 3336 προειρημένοι
797 3235 1022 3332 εὐαγεῖς
1052 3259 1194 3317 οἴκοι
1225 3263 1322 3316 καὶ
1375 3263 1432 3316 αί
1487 3263 1801 3332 ἐκκλησίαι,
1831 3235 1958 3314 είσω

2068 3265 2247 3328 dieue,
2293 3261 2339 3317 si
2383 3262 2527 3316 intra
2565 3235 2930 3332 quadraginta
2969 3276 3144 3316 annos
3183 3261 3455 3315 actionem
3495 3259 3657 3314 insti-

369 3359 473 3428 τῆς
516 3357 1094 3428 τεσσαρακονταετίας
1139 3357 1367 3426 ἀγωγὴν
1414 3355 1757 3425 ποιούμενοι,
1797 3355 1968 3423 ἀναρ-

372 3447 562 3517 γύρως
592 3447 660 3500 τὰ
688 3449 871 3500 οἰκεῖα
907 3445 1074 3501 παντὶ
1116 3447 1306 3516 τρόπῳ
1350 3446 1728 3515 ἀπολήψονται
1759 3461 1774 3476 ·
1819 3446 1868 3498 οί
1905 3445 1964 3498 δὲ

373 3541 474 3609 τὴν
512 3539 742 3593 δέουσαν
786 3539 1050 3610 φροντίδα
1082 3538 1216 3608 περὶ
1259 3538 1372 3590 τῶν
1408 3537 1539 3608 παρ’
1572 3537 1756 3590 αὐτῶν
1795 3537 1964 3608 ἐκλη-

375 3633 620 3699 φθέντων
649 3631 726 3702 μὴ
759 3634 1149 3701 ποιησάμενοι,
1176 3631 1284 3684 ἀπὸ
1313 3630 1409 3701 μὲν
1432 3629 1527 3684 τοῦ
1557 3631 1789 3698 εὐαγοῦς
1811 3632 1964 3684 οίκου

373 3721 631 3785 οὑδόλως,
675 3721 752 3782 ὡς
793 3719 1146 3792 προείρηται,
1193 3719 1497 3789 λήψονται·
1541 3721 1706 3790 ἀρκεῖ
1737 3721 1848 3790 γὰρ
1872 3719 1970 3773 αὺ-

375 3815 512 3876 τοῖς,
542 3811 603 3864 τὸ
652 3811 749 3864 καὶ
776 3811 850 3881 μή
879 3828 1004 3865 τινα
1035 3812 1234 3881 ἑτέραν
1265 3811 1530 3880 ὑποσχεῖν
1564 3810 1860 3880 τιμωρίαν,
1885 3810 1968 3862 ὅτι

375 3906 477 3967 τὰς
519 3903 614 3956 τοῦ
649 3903 785 3956 Θεοῦ
847 3903 1170 3974 ἐκκλησίας,
1214 3904 1344 3956 ὅσον
1390 3905 1457 3974 τῇ
1499 3903 1689 3970 αὐςτῶν
1713 3903 1965 3973 ἀμελείᾳ,

379 3996 461 4059 είς
491 3994 799 4066 διαφθορὰν
827 3993 1004 4047 ἐλθεῖν
1042 3995 1612 4065 συγκατειργάσαντο.
1648 3994 1805 4047 Κατά
1847 3995 1974 4063 μέν-

379 4106 464 4141 τοι
495 4105 561 4157 γε
591 4088 700 4140 τῶν
733 4087 1246 4141 καταναλωσάντων
1281 4087 1420 4140 αὑτά
1460 4088 1540 4150 είς
1568 4087 1777 4140 οίκείαν
1801 4086 1974 4139 δαπά-

381 4197 504 4248 νην,
535 4179 567 4249 ἢ
604 4179 796 4241 ἁπλῶς
844 4179 1047 4244 ἔξωθεν
1082 4179 1182 4247 τῆς
1222 4179 1332 4232 τῶν
1367 4178 1586 4247 εὐαγῶν
1630 4178 1796 4230 οίκων
1830 4177 1976 4247 ὠφε-

383 4273 559 4334 λείας,
590 4271 816 4342 ἀγωγὴν
849 4271 994 4341 ἔχειν
1025 4269 1310 4323 δύνανται.

458 4365 560 4417 ’Λν
589 4365 648 4417 δὲ
691 4365 845 4432 παρά
890 4365 962 4416 τά
989 4362 1398 4433 διηγορευμένα
1447 4364 1581 4431 ἡμῖν
1617 4359 1974 4430 συνάλλαγμά

385 4475 442 4509 τι
480 4456 708 4525 γένηται
735 4455 829 4506 ἐπὶ
875 4455 990 4516 τοῖς
1019 4454 1342 4523 διαφέρουσι
1388 4453 1704 4522 πράγμασι,
1732 4453 1977 4520 κινητοίς

2071 3365 2264 3422 tuant,
2325 3369 2426 3410 sua
2486 3356 2606 3410 sine
2672 3354 2850 3422 pretio
2913 3354 3144 3408 omnino
3200 3354 3484 3423 recipient.
3549 3354 3657 3421 Qui

2068 3453 2251 3500 autem
2309 3445 2727 3500 convenientem
2780 3460 2891 3499 non
2942 3445 3146 3499 habent
3203 3460 3393 3499 curam
3444 3445 3514 3500 de
3574 3446 3658 3500 eis

2067 3555 2191 3609 qua:
2253 3537 2322 3593 ab
2373 3538 2482 3592 illis
2533 3538 2913 3607 excipiuntur,
2961 3553 2990 3591 a
3040 3550 3391 3592 sacrosancta
3429 3538 3654 3606 quidem

2068 3631 2232 3684 domo
2263 3644 2371 3682 non
2405 3630 2660 3699 amplius,
2698 3639 2756 3684 ut
2795 3637 2924 3683 ante
2956 3629 3163 3684 dictum
3194 3639 3302 3693 est,
3333 3629 3610 3699 excipient
3638 3648 3659 3693 ι

2071 3719 2478 3785 sollicitenim
2523 3722 2633 3778 illis
2684 3723 2890 3776 nullam
2941 3722 3100 3776 aliain
3159 3721 3345 3776 subire
3399 3736 3658 3790 poenam,

2071 3812 2218 3883 quod
2251 3827 2350 3867 sua
2395 3813 2723 3882 negligentia
2777 3814 2828 3867 id
2875 3821 3128 3884 egerunt,
3171 3824 3233 3868 ut
3265 3813 3512 3868 ecclesiae
3564 3812 3660 3866 Dt'i

2075 3903 2128 3958 in
2165 3903 2578 3972 corruptionem
2624 3904 2895 3958 venirent.
2939 3904 3218 3960 Adversus
3245 3919 3341 3960 eos
3373 3920 3527 3970 vero,
3565 3906 3659 3975 qui

2074 3993 2129 4046 in
2168 3995 2447 4064 proprium
2503 4009 2662 4048 usum
2711 3993 2803 4053 illa
2853 3978 3265 4061 converterunt,
3320 3994 3404 4049 vel
3443 3995 3665 4064 simpli-

2074 4085 2214 4137 citer
2264 4095 2418 4138 extra
2469 4097 2949 4138 saerosanctarum
3003 4085 3288 4140 domorum
3343 4087 3662 4153 utilitatem,

2075 4176 2346 4230 actionem
2382 4175 2585 4232 habere
2616 4186 2871 4247 possunt.

2148 4356 2204 4412 Si
2239 4366 2430 4428 praeter
2448 4373 2511 4414 ea
2536 4373 2703 4429 quaea
2733 4359 2892 4416 nobis
2917 4361 3128 4415 saneita
3151 4369 3302 4427 sunt,
3338 4362 3406 4418 de
3429 4361 3667 4418 diversis

2078 4458 2262 4520 rebus,
2293 4454 2590 4511 mobilibus
2637 4465 2693 4509 et
2741 4457 3137 4524 immobilibus,
3179 4459 3252 4513 sit
3284 4459 3449 4514 alicui
3519 4474 3686 4514 σεεμ.

385 4567 445 4602 τε
478 4551 574 4602 καὶ
627 4547 936 4617 ἀκινήτοις,
969 4547 1050 4599 ἐνὶ
1084 4547 1196 4600 τῶν
1245 4546 1467 4614 εὐαγῶν
1514 4544 1703 4612 οἴκων,
1733 4543 1958 4598 ἀναδίδο-

2083 4556 2296 4599 etarum
2379 4546 2914 4616 domorumaliquis
2981 4560 3340 4615 contractus,
3401 4550 3667 4606 reddatur

387 4642 515 4694 σθαι
571 4640 669 4709 μὲν
723 4641 792 4710 τῇ
841 4639 981 4709 αὐτῇ
1029 4638 1300 4708 ἐκκλησίᾳ
1350 4638 1412 4688 τὸ
1489 4639 1749 4707 πρᾶγμα,
1791 4637 1878 4706 ἐφ’
1933 4628 1982 4704 ᾧ

385 4733 602 4786 τοιοῦτό
635 4748 689 4783 τι
719 4729 1180 4801 παρηκολούθησε
1218 4730 1359 4798 μετά
1387 4729 1498 4782 τῶν
1533 4728 1626 4782 τοῦ
1657 4731 1825 4798 μέσου
1852 4730 1978 4798 χρό-

389 4845 482 4879 νου
533 4825 798 4894 καρπῶν·
837 4823 1047 4892 μενέτω
1079 4824 1134 4875 δέ
1163 4822 1295 4893 παρ’
1327 4823 1606 4895 αὐτηκαδ.
1652 4821 1712 4873 τὸ
1737 4820 1978 4890 τίμημα,

389 4919 422 4988 ἥ
459 4916 520 4968 τδ
541 4916 855 4986 ἀντίδωρον,
885 4915 918 4986 ἦ
945 4917 1004 4967 τὸ
1035 4915 1178 4984 ὑπὲρ
1222 4914 1527 4984 ἀμείψεως,
1562 4915 1594 4984 ἢ
1628 4914 1798 4982 ἀλλης
1829 4913 1981 4966 οἱασ-

389 5010 486 5063 οὖν
512 5007 692 5070 αίτίας
721 5008 858 5077 αὐτῇ
900 5007 1206 5075 δεδομένον.
1237 5006 1302 5061 El.
1329 5007 1386 5059 δέ
1437 5006 1712 5078 δωρηθείη
1747 5007 1982 5076 πρᾶγμα

391 5100 884 5172 ἐκκλησιαστικὸν,
921 5100 1020 5155 καὶ
1058 5101 1194 5154 αὐτὸ
1225 5100 1577 5155 ἀναδίδοσθαι
1607 5102 1672 5170 τῇ
1698 5099 1986 5172 ἁγιωτάτῃ-

392 5195 666 5266 ἐκκλησίᾳ.
710 5196 850 5265 μετά
884 5194 995 5248 τῶν
1047 5194 1145 5248 τοῦ
1183 5195 1352 5265 μέσου
1403 5194 1600 5264 χρόνου
1631 5193 1866 5264 καρπῶν
1888 5209 1904 5226 ο
1932 5192 1980 5244 εί

393 5289 449 5342 δὲ
477 5288 730 5357 ὑποθήκη
773 5287 928 5356 ποιρά
953 5289 1128 5342 ταῦτα
1153 5287 1354 5358 δοθείη.
1383 5289 1410 5340 ό
1443 5287 1727 5356 δανειστὴς
1763 5286 1822 5338 τὸ
1857 5288 1983 5338 ἐπο-

397 5379 726 5449 φειλόμενον
777 5378 1103 5443 ἀπολλύτω,
1154 5379 1250 5432 καλ⁵
1309 5381 1371 5432 τὸ
1428 5379 1562 5432 αὐτὸ
1615 5381 1852 5448 πρᾶγμα
1903 5375 1984 5448 τῷ

399 5474 590 5542 εεῖιαγεῖ
614 5473 748 5543 οἴκῳ
778 5473 1101 5527 ἀποδιδότω.
1137 5474 1200 5527 Οἱ
1224 5473 1281 5526 δέ
1303 5473 1372 5525 τά
1402 5472 1712 5542 συμϐόλαια
1739 5471 1985 5541 γράψαν-

399 5581 488 5628 τες
528 5565 622 5616 ἐπὶ
675 5565 941 5627 τοιούτοις
987 5565 1372 5634 ταϐουλλάριοι
1429 5563 1583 5635 παρὰ
1645 5562 1795 5616 τόνδε
1826 5561 1985 5634 ἡμῶν

400 5659 492 5712 τὸν
522 5657 686 5727 νόμον
736 5658 980 5725 διηνεκεῖ
1012 5657 1198 5728 ἐξορίᾳ
1240 5655 1816 5721 καταδικαζέσθωσαν.

478 5749 546 5800 Ἥ
580 5750 764 5818 μέντοι
809 5747 988 5802 ταῦτα
1023 5749 1395 5818 νομοθετοῦσα
1431 5755 1511 5819 ρκ’
1551 5748 1984 5811 Ἰουστινιάνειος

405 5843 572 5911 νεαρά
597 5841 845 5904 θεσπίζει
875 5841 947 5910 μὴ
969 5843 1131 5910 μόνον
1161 5842 1460 5912 ἀπρόσοδα,
1479 5841 1614 5896 ἀλλά
1640 5842 1730 5896 καὶ
1753 5841 1987 5910 εὐπρόσ-

2082 4637 2305 4706 quidem
2336 4637 2442 4707 ipsi
2473 4640 2724 4695 ecclesiae
2760 4641 2917 4711 123
2943 4657 3051 4707 res,
3081 4657 3248 4712 super
3268 4658 3374 4706 qua
3406 4643 3512 4696 tale
3533 4643 3666 4711 quid

2083 4741 2442 4786 consecutum
2489 4741 2594 4798 est,
2645 4749 2770 4788 cum
2813 4734 3122 4788 intermedii
3167 4735 3427 4803 temporis
3473 4733 3672 4788 fructi-

2081 4822 2225 4878 bus:
2305 4833 2525 4878 maneat
2589 4835 2772 4880 autem
2835 4830 2978 4894 apud
3054 4826 3207 4880 illum
3280 4826 3512 4894 pretium
3587 4827 3671 4880 vel

2083 4915 2426 4976 a-ntidorum,
2477 4926 2572 4970 aut
2615 4916 2762 4986 quod
2815 4931 2923 4986 pro
2963 4919 3368 4986 permutatione
3401 4917 3485 4971 vel
3531 4933 3674 4988 qua-

2083 5021 2301 5077 cunque
2326 5008 2430 5061 alia
2462 5023 2629 5063 causa
2678 5009 2866 5063 datum
2897 5018 3000 5064 est.
3037 5009 3093 5064 Si
3140 5027 3269 5065 vero
3303 5011 3540 5066 donetur
3584 5026 3674 5066 res

2085 5099 2480 5166 ecclesiastica,
2513 5116 2574 5155 ea
2605 5117 2823 5171 quoque
2870 5117 2994 5157 cum
3045 5101 3361 5158 iutermedii
3406 5103 3671 5172 temporis

2086 5190 2360 5246 fructibus
2390 5195 2760 5249 sanctissimae
2803 5196 3051 5251 ecclesia:
3098 5195 3358 5251 reddatur
3386 5213 3404 5264 ;
3437 5197 3484 5252 si
3517 5212 3670 5261 vero,

2084 5293 2284 5353 praeter
2330 5285 2467 5350 haec,
2521 5287 2740 5355 pignori
2785 5287 2910 5341 data
2961 5286 3150 5350 fuerit,
3188 5289 3430 5343 debitum
3480 5289 3675 5358 perdat

2087 5378 2403 5441 faenerator,
2463 5388 2517 5432 et
2581 5379 2830 5433 eamdem
2887 5395 2999 5434 rem
3052 5391 3423 5435 sacrosanctae
3487 5381 3674 5436 domui

2088 5470 2300 5526 reddat.
2350 5469 2452 5536 Qui
2506 5481 2713 5535 autem,
2763 5481 2960 5541 praeter
3005 5471 3143 5525 bane
3173 5483 3420 5525 nostram
3474 5470 3671 5540 legem,

2088 5559 2401 5630 huiusmodi
2461 5571 2779 5616 contractus
2857 5561 3078 5631 scriptis
3138 5561 3464 5631 consignant
3510 5564 3674 5616 tabu-

2087 5655 2232 5718 larii,
2261 5662 2525 5722 perpetuo
2552 5654 2746 5708 exsilio
2771 5653 3130 5707 damnentur.

2164 5747 2288 5802 llaec
2337 5747 2590 5816 equidem
2646 5748 2902 5802 sanciens
2958 5747 3060 5798 1‘20
3111 5744 3408 5800 Justiniani
3459 5745 3670 5800 navella

2093 5841 2305 5905 statuit,
2349 5854 2456 5894 non
2509 5839 2687 5896 solum
2751 5839 3092 5893 infructuosa
3153 5847 3205 5892 et
3271 5835 3403 5892 nihil
3463 5838 3674 5894 reditus
