4054 6404
404 362 570 428 ίιῖθδ

1622 373 1992 438 ΜΛΤΤΗΙΕΙ
2025 380 2454 444 ΒΙΑΞΤΑΠῘΞ

3537 389 3555 447 l
3566 389 3665 453 300‘

427 474 711 530 atl‘erentia
750 475 1047 534 immobilia
1096 479 1452 537 ecclesiarum
1507 494 1600 540 aut
1649 465 1999 546 monasierio-

2112 494 2204 546 οδα
2247 494 2510 557 πολλάκις
2558 494 2801 563 ἀκίνητα
2854 496 3229 569 ἐκκλησιῶνῆ
3281 499 3663 570 μοναττηρίων,

422 582 572 627 rum.
598 577 650 623 et
678 569 851 637 ipsius
880 571 1043 626 etiam
1080 571 1285 645 Magna:
1321 577 1587 640 ecclesiae,
1621 593 1807 635 verum
1838 582 2013 636 etiam

422 674 487 711 ea
528 674 595 714 ex
634 660 840 731 quibus
877 663 1091 720 fructus
1137 675 1194 720 et
1234 667 1442 722 reditus
1481 670 1804 741 percipitur,
1841 675 2001 728 vondi

420 760 476 805 ιιι
518 752 773 820 alienari,
809 756 880 811 ob
934 758 1173 814 rationes
1223 775 1345 828 quae
1374 761 1449 829 ζίη
1506 776 1570 816 ea
1626 763 1999 822 declarantur.

2118 585 2211 638 καὶ
2268 585 2441 653 αὐτῆς
2499 587 2598 655 τῆς
2652 588 2917 657 Μεγὸλης
2968 589 3290 657 ἐκκλησίας,
3348 593 3658 647 ὲκποιείσθαι

2110 674 2206 733 καὶ
2240 676 2568 740 ἐκδίδοσθαι,
2609 678 2679 729 δι’
2718 678 2899 741 αἰτίας
2935 678 3035 741 τὰς
3057 679 3117 730 ἐν
3145 679 3281 748 αὐτῇ
3310 679 3622 750 δηλουμένας
3645 701 3658 716 ·

2110 768 2249 836 πρὸς
2287 767 2366 832 δὲ,
2403 768 2498 822 καὶ
2538 770 2659 838 ἱερὰ
2684 770 2856 839 σκεύη
2887 773 2944 822 ὲν
2974 769 3053 840 τῷ
3081 771 3336 824 καλοῦντι
3364 771 3453 824 τοῦ
3488 777 3669 843 καιριῦν

417 840 592 898 Porro
618 853 673 898 et
702 859 859 900 sacra
898 862 1027 903 vasa
1073 857 1324 918 tempore
1363 851 1634 905 suadente
1674 854 1901 908 alienari
1949 864 1999 908 et

2106 857 2477 924 ὲκποιεῖσθαι,
2528 857 2561 927 ἦ
2618 858 2995 918 ὑποτίθεσθαι.
3051 859 3131 919 είς
3180 861 3474 931 ἀνάρρυσιν
3518 840 3663 932 ωχὸν

419 934 619 1001 exponi
663 937 729 990 ad
769 938 1197 1007 redemptionem
1245 939 1482 996 fortasse
1532 942 1900 1010 captivorum.
1941 945 2001 998 Si

330 1098 347 1111 κ
420 1040 552 1079 vero
598 1027 753 1096 plura
807 1029 917 1083 sint
964 1046 1142 1093 vasa,
1173 1046 1297 1100 quae
1346 1033 1479 1087 nulli
1533 1036 1844 1090 necessario
1877 1036 2000 1091 usui

418 1120 776 1184 inserviunt,
833 1129 888 1176 et
926 1123 1155 1178 .accidit
1223 1124 1464 1195 aliquam
1523 1136 1999 1184 sacrosanctarnm

419 1214 706 1266 domorum
743 1214 1053 1268 debitorum
1109 1216 1458 1271 multitudine
1502 1219 1742 1287 gravari,
1784 1228 1837 1274 et
1891 1236 1998 1275 non

421 1313 719 1373 suppetunt
770 1308 890 1361 alia:
948 1323 1038 1364 res
1093 1310 1348 1377 mobiles,
1390 1312 1537 1366 unde
1583 1313 1767 1367 debita
1828 1313 1999 1368 retri-

422 1395 591 1450 buere
627 1398 795 1465 possit
825 1415 839 1463 ;
878 1398 1113 1453 liberum
1147 1404 1274 1468 erit,
1308 1403 1621 1457 venditione
1648 1404 1767 1459 sine
1796 1404 1997 1461 damno

417 1487 710 1542 cottstitnta
750 1492 1042 1560 (episcopo
1076 1493 1296 1561 quidem
1342 1494 1487 1561 apud
1520 1497 1996 1565 metropolitanum

418 1578 827 1647 alienanteﬁllo
855 1597 984 1636 vero
1003 1583 1144 1651 apud
1164 1599 1323 1638 suum
1356 1585 1785 1655 patriarcbam),
1812 1602 1999 1657 super-

417 1685 654 1726 vacanea
689 1688 812 1727 vasa
842 1675 967 1730 aliis
999 1677 1207 1731 sanctis
1238 1678 1492 1733 domibus
1512 1679 1769 1745 vendere,
1795 1681 1996 1750 quibus

415 1776 555 1831 opus
585 1772 667 1818 est
709 1764 840 1829 illis,
881 1766 965 1821 vel
1015 1767 1253 1823 conﬂare
1303 1778 1358 1823 et
1386 1770 1641 1836 vcndere,
1674 1780 1729 1826 et
1757 1775 1993 1841 pretium

2109 949 2506 1017 αίχμαλώτων.
2577 950 2639 1002 Ei
2670 949 2727 1003 δὲ
2775 950 3000 1002 πλείονα
3038 948 3150 1003 εἷεν
3185 954 3379 1021 σκεύη,
3418 952 3662 1022 μηδεμίαν

2105 1036 2442 1106 ἐμποιοῦντα
2484 1039 2685 1108 χρῆσιν
2727 1039 3059 1106 ἀναγκαίαν,
3116 1040 3404 1109 συμϐαίνει
3456 1041 3510 1094 δέ
3550 1058 3661 1095 τινα

2103 1130 2214 1182 τῶν
2244 1131 2461 1197 εὐαγῶν
2495 1132 2664 1185 οἴκων
2711 1130 3047 1201 βαρύνεσθαι
3098 1132 3300 1197 πλήθει
3347 1133 3540 1203 χρεῶν,
3576 1135 3662 1187 καὶ

2107 1220 2184 1291 μὴ
2221 1219 2448 1274 ὕπεστιν
2489 1221 2651 1291 ἕτερα
2684 1223 2884 1291 κινητὰ
2915 1224 3240 1294 πράγματα,
3287 1223 3349 1288 ἐξ
3390 1218 3462 1276 ὧν
3489 1224 3562 1276 ἔνι
3588 1226 3663 1277 δο-

2103 1311 2266 1379 θῆναι
2298 1312 2366 1366 τὰ
2398 1313 2556 1385 χρέη,
2590 1315 2742 1369 ἄδεια
2776 1314 2956 1379 ἔσται,
2994 1317 3399 1386 συνισταμένης
3426 1318 3662 1385 πράσεως

2101 1403 2375 1474 ἀζημίως,
2418 1405 2728 1465 ἐπισκόπου
2766 1406 2867 1476 μὲν
2899 1406 3252 1469 ὲκποιοῦντος
3286 1409 3437 1475 παρὰ
3470 1409 3544 1479 τῷ
3571 1425 3664 1478 μη-

2100 1496 2420 1568 τροπολίτῃ,
2449 1498 2645 1550 τούτου
2686 1497 2745 1551 δὲ
2778 1500 2930 1568 παρὰ
2968 1498 3048 1569 τῷ
3075 1498 3194 1568 ἰδίῳ
3241 1500 3568 1570 πατριάρχῃ,
3604 1500 3663 1552 τὰ

2101 1590 2337 1657 περιττὰ
2369 1589 2540 1660 σκεύη
2570 1589 2753 1651 ἄλλοις
2785 1589 3043 1656 εύαγέσιν
3075 1591 3248 1653 οῖκοις
3286 1590 3474 1658 χρείαν
3498 1589 3663 1657 ἔχουσι

2102 1678 2331 1744 πωλεῖν,
2365 1679 2397 1750 ἢ
2426 1680 2689 1750 χωνεύειν
2712 1682 2808 1737 καὶ
2848 1681 3214 1752 πιπράσκειν,
3249 1681 3348 1734 καὶ
3380 1681 3477 1753 τὴν
3513 1681 3664 1752 τιμὴν

2100 1770 2283 1823 αὐτῶν
2308 1773 2389 1834 είς
2423 1772 2484 1825 τὸ
2533 1774 2697 1842 χρέος
2753 1773 3033 1844 παρέχειν,
3066 1772 3211 1827 ὥστε
3250 1773 3329 1843 μὴ
3356 1773 3425 1826 τὰ
3450 1773 3664 1843 ἀκίνητα

414 1868 604 1908 eorum
639 1869 740 1924 pro
782 1856 968 1912 debito
1014 1859 1169 1927 dare,
1216 1868 1275 1915 ut
1316 1875 1505 1915 eorum
1554 1863 1854 1917 immobilia
1888 1879 2003 1919 non
2030 1856 2073 1883 ”
2099 1861 2281 1921 αὐτῶν
2309 1863 2679 1918 ἑκποιεῖσθαι.

411 1943 719 2001 elocentur.

489 2037 868 2095 Sacrosanctae
906 2041 1105 2099 domus
1144 2060 1253 2099 non
1306 2044 1568 2101 habentes
1612 2046 1854 2113 aliunde,
1886 2063 1997 2117 quo

417 2130 673 2185 aerarium
705 2130 992 2203 impleant,
1020 2137 1304 2191 commode
1331 2138 1434 2193 sub
1460 2148 1755 2208 conspectu
1792 2151 2000 2195 metro-

410 2220 643 2288 politani
709 2226 1094 2295 possessiones
1163 2229 1452 2293 vendunt,
1520 2230 1999 2288 consentientibus

410 2312 492 2367 illi
553 2314 831 2386 episcopis
890 2326 947 2371 et
995 2317 1254 2374 clericis:
1324 2328 1456 2376 tunc
1516 2334 1645 2374 vero
1694 2321 1997 2377 immobilia

409 2405 787 2462 ecclesiastica
833 2407 1168 2477 alienantur,
1210 2424 1338 2466 cum
1375 2412 1608 2468 omnino
1636 2412 1855 2467 mobilia
1885 2428 1993 2469 non

409 2498 632 2554 habent.

485 2592 533 2645 Α
568 2591 786 2662 legibus
820 2608 950 2649 vero
978 2594 1265 2666 ὲκποίησις
1296 2594 1372 2666 (id
1412 2603 1517 2662 est,
1555 2595 1836 2667 alienatio)
1867 2612 1997 2668 pro-

415 2681 532 2751 prie
555 2681 759 2738 dicitur
790 2683 1023 2739 dominii
1078 2685 1390 2752 translatio,
1437 2685 1692 2742 videlicet
1747 2687 1994 2753 donatio,

405 2774 674 2839 venditio,
738 2776 1151 2848 empbyteusis,
1216 2780 1571 2848 permutatio,
1640 2788 1695 2834 et
1748 2781 1992 2851 similia:

405 2864 620 2930 ικδοσις
666 2875 850 2923 autem
909 2867 984 2937 (id
1038 2877 1148 2937 est.
1189 2869 1445 2941 elocatio)
1481 2879 1566 2925 est
1600 2885 1698 2939 pro
1749 2878 1997 2940 tempore

406 2957 636 3011 delinito
669 2958 734 3011 ad
766 2957 1039 3028 quasdam
1084 2958 1457 3014 transmissio.
1492 2959 1734 3014 Abusive
1779 2974 1907 3013 vero
1944 2967 2000 3014 et

406 3050 623 3113 ἔκδυσις
656 3050 869 3105 dicitur
895 3051 1211 3123 ὲκποίησις,
1239 3062 1294 3107 et
1321 3053 1633 3122 ὲκποίησις,
1667 3052 1902 3115 ἔκδυσις.

478 3143 581 3209 Qui
613 3142 822 3213 aliquid
871 3159 971 3213 per
1024 3143 1362 3215 illegitimam
1413 3144 1772 3199 mutationem
1821 3142 1991 3205 dedit,
2021 3163 2063 3220 ο

406 3238 680 3292 actionem
729 3252 839 3293 non
890 3237 1077 3303 habet,
1125 3252 1235 3308 qua
1282 3237 1414 3292 illud
1469 3237 1617 3308 quod
1668 3235 1855 3290 datum
1907 3246 1992 3290 est

405 3338 716 3400 κουρεῖα.

800 3443 953 3500 CAP.
998 3442 1164 3500 XVII.
1206 3444 1285 3499 De
1324 3445 1604 3515 episcopis.

478 3554 672 3621 Quaere
725 3556 781 3610 in
834 3555 867 3609 7
908 3556 1084 3626 capite
1129 3558 1324 3614 litterae
1374 3559 1412 3611 Δ
1454 3572 1719 3614 canonem
1759 3557 1826 3615 58
1865 3558 2016 3614 sau-'

404 3653 620 3700 etorum
648 3646 1040 3717 apostolorum.

1086 3757 1280 3828 lLeges.

477 3870 785 3941 Episcopus
817 3877 902 3924 est
931 3870 1178 3924 omnium
1226 3871 1561 3937 animarum,
1595 3887 1718 3942 qua:
1745 3873 1821 3926 illi
1860 3889 1993 3929 con-

403 3965 625 4020 rreditze
654 3971 803 4031 sunt,
834 3974 1057 4018 curator
1095 3971 1150 4018 et
1176 3965 1623 4029 conservator,iu
1659 3981 1763 4021 suo
1786 3967 1997 4036 episco-

404 4069 532 4128 patu
560 4058 871 4113 absolutam
897 4056 1103 4113 habens
1122 4057 1419 4127 potentiam
1451 4074 1617 4128 supra
1645 4060 1995 4129 presbyteros

404 4162 460 4205 ι,·ι
504 4153 797 4218 diaconos,
855 4149 1289 4221 bypodiaconos,
1348 4152 1620 4225 lectores.
1681 4154 1886 4223 psaltas
1939 4160 1995 4205 et

405 4246 733 4301 monachos.

480 4339 770 4409 Proprium
816 4350 903 4396 est
949 4340 1192 4411 episcopi
1244 4354 1368 4395 cum
1403 4337 1714 4393 humilibus
1769 4336 1989 4406 quidem

407 4434 750 4497 conversari,
788 4432 1070 4502 despicere
1120 4442 1301 4486 autem
1355 4445 1452 4485 eos
1502 4431 1595 4501 qui
1642 4431 1829 4485 animo
1860 4438 1989 4484 sunt

2170 2046 2234 2099 Ol
2262 2047 2481 2115 εὐαγεῖς
2509 2042 2650 2101 οἶκοι
2687 2045 2765 2116 μὴ
2804 2044 3174 2116 εὐποροῦντες
3206 2042 3505 2110 ἀλλαχόθεν
3537 2041 3664 2111 πλη·-

2101 2137 2231 2207 ροῦν
2263 2138 2332 2190 τὰ
2374 2138 2632 2209 δημόσια,
2666 2138 2850 2200 καλῶς
2899 2135 3146 2189 πωλοῦσι
3197 2135 3297 2189 καὶ
3343 2136 3558 2205 κτήσεις
3583 2133 3667 2187 ὑπ’

2097 2229 2224 2290 ὄψιν
2254 2228 2351 2282 τοῦ
2384 2229 2813 2302 μητροπολίτου,
2849 2228 3120 2282 συνόντων
3145 2226 3297 2298 αὐτῷ
3323 2226 3433 2281 τῶν
3466 2226 3669 2279 ἐπισκό-

2099 2339 2218 2376 πων
2247 2322 2480 2376 καὶτῶν
2526 2322 2844 2392 κληρικῶν⁸
2901 2321 3023 2374 τότε
3075 2320 3133 2373 δὲ
3185 2320 3281 2373 καὶ
3337 2317 3407 2371 τὰ
3454 2317 3667 2385 ἀκίνητα

2100 2414 2539 2486 ὲκκλησιαστικὰ
2571 2415 2900 2478 ἐκποιεῖται,
2941 2414 3072 2467 ὅταν
3115 2410 3193 2482 μὴ
3221 2407 3257 2483 ᾖ
3295 2409 3569 2472 παντελῶς
3596 2424 3670 2460 κι-

2098 2508 2256 2577 νητά.
2316 2520 2321 2544 ι

2170 2600 2331 2665 Παρὰ
2360 2598 2417 2650 δὲ
2462 2599 2579 2660 τοῖς
2631 2597 2827 2667 νόμοις
2874 2598 3165 2668 ἐκποίησις
3208 2596 3314 2666 μὲν
3339 2594 3555 2663 λέγεται
3580 2609 3665 2646 κυ-

2100 2692 2234 2761 ρίως
2256 2690 2291 2760 ἡ
2325 2688 2625 2757 μετάθεσις
2652 2688 2753 2758 τῆς
2780 2688 3120 2751 δεσποτείας,
3144 2688 3320 2758 ἤγουν
3347 2689 3382 2758 ἡ
3418 2685 3608 2754 δωρεὰ,
3636 2684 3695 2752 ἡ.

2101 2785 2328 2853 πρᾶσις,
2362 2782 2394 2853 ἡ
2425 2782 2785 2851 ἐμφύτευσις,
2815 2782 2849 2851 ἡ
2874 2779 3211 2849 ἀνταλλαγὴ,
3247 2780 3352 2833 καὶ
3377 2778 3446 2833 τὰ
3473 2778 3629 2846 ὅμοια
3652 2790 3665 2805 ο

2100 2872 2310 2934 ἔκδυσις
2339 2872 2397 2926 δὲ
2455 2874 2489 2941 ἡ
2511 2872 2602 2927 ἐπὶ
2628 2872 2842 2943 χρόνοις
2868 2870 3198 2940 ὡρισμένοις
3228 2868 3370 2939 πρός
3400 2883 3549 2927 τινας
3577 2881 3669 2915 παν

2103 2965 2370 3035 ραπομπή
2395 2979 2411 2995 ·
2430 2963 2888 3034 καταχρηστικῶς
2912 2962 2971 3016 δὲ
2991 2963 3085 3015 καὶ
3106 2964 3141 3032 η
3155 2950 3371 3023 ἔκδυσις
3397 2958 3670 3026 ἐκποίησις

2100 3056 2344 3124 λέγεται.
2377 3059 2474 3112 καὶ
2508 3059 2541 3129 ὴ
2577 3057 2887 3127 ἑκποίησις,
2928 3056 3164 3117 ἔκδοσις.

2111 3130 2117 3137 ’
2179 3149 2241 3202 Ὀ
2276 3151 2369 3203 ιπι
2412 3151 2718 3221 παρανόμῳ
2764 3149 3180 3218 συναλλάγματι
3208 3145 3406 3219 ,διδοὺς
3457 3143 3670 3214 ἀγωγὴν

2098 3239 2215 3312 ἔχει
2247 3244 2329 3306 εἰς
2360 3243 2422 3297 τὸ
2449 3242 2746 3297 ἀναλαϐεῖν
2768 3243 2830 3296 τὸ
2864 3241 3041 3295 δοθέν.

2398 3440 2653 3495 ΚΕΦΑΛ.
2682 3438 2780 3494 lZ'.
2825 3440 2964 3508 Περὶ
2999 3438 3384 3494 ἐπισκόπων.

2171 3558 2331 3627 Ζήτει
2388 3559 2445 3610 ὲν
2483 3556 2562 3627 τῷ
2605 3557 2650 3620 ζ’
2688 3555 2969 3625 κεφαλαίῳ
3022 3554 3116 3608 τοῦ
3163 3557 3201 3607 Δ
3255 3553 3528 3627 στοιχείου
3575 3568 3671 3605 κα-

2098 3650 2228 3704 νόνα
2253 3648 2335 3722 νη⁹
2369 3650 2477 3703 τῶν
2506 3650 2678 3719 ἁγίων
2700 3650 3038 3703 ἀποστόλων.

2782 3765 2990 3834 Νόμοι.

2184 3878 2518 3942 Ἐπίσκοπός
2554 3879 2670 3931 ἐστι
2696 3876 2895 3947 θεατὴς
2950 3877 3046 3932 καὶ
3076 3877 3339 3947 κηδεμὼν
3362 3875 3550 3931 πασῶν
3575 3874 3690 3927 τῶν

2099 3970 2618 4041 ὲκκλησιαζομένων
2649 3970 2864 4041 ψυχῶν,
2901 3972 3012 4023 τῶν
3042 3972 3100 4022 ὲν
3130 3974 3196 4040 τῇ
3236 3972 3381 4041 αὐτῇ
3422 3968 3668 4038 ἐπαρχίᾳ,

2096 4063 2326 4132 δύναμιν
2349 4062 2489 4133 ἔχων
2510 4062 2831 4132 τελεστικὴν
2861 4063 3262 4133 πρεσϐυτέρου,
3289 4065 3387 4116 καὶ
3407 4061 3667 4117 διακόνου,

2098 4156 2482 4221 ὑποδιακόνου,
2511 4156 2893 4223 ἀναγνώστου,
2924 4154 3161 4225 ψάλτου,
3198 4154 3295 4207 καὶ
3334 4150 3591 4224 μοναχοῦ.

2174 4334 2337 4389 ἰδιον
2367 4335 2659 4405 ὲπισκόπῳ
2713 4338 2827 4399 τοῖς
2857 4336 2958 4404 μὲν
3000 4337 3279 4398 ταπεινοῖς
3313 4334 3676 4402 συγκατέρχε-

2099 4428 2247 4491 σθαι,
2283 4430 2650 4498 καταφρονεῖν
2679 4427 2739 4481 δὲ
2784 4429 2897 4480 τῶν
2944 4429 3349 4496 ἐπαιρομένων,
3403 4427 3500 4480 καὶ
3545 4422 3670 4490 πρὸς

404 4526 599 4591 elato;
652 4534 765 4579 tum
826 4526 991 4579 etiam
1048 4525 1230 4579 verbis
1284 4523 1555 4593 factisque
1612 4525 1984 4591 arrogantium

2101 4516 2428 4570 ταπείνωσιν
2459 4516 2609 4587 ἔργῳ
2639 4517 2729 4568 καὶ
2758 4516 2904 4584 λόγῳ
2933 4514 3040 4567 τῶν
3069 4514 3443 4584 ὑπερηφάνων
3470 4511 3530 4564 τὸ
3552 4509 3673 4576 φρό-

407 4615 722 4686 supcrbiam
748 4618 816 4671 ad
849 4614 1216 4670 humilitatem
1250 4615 1489 4679 trahere,
1535 4623 1590 4668 et
1614 4614 1857 4683 pericula
1890 4628 1990 4682 pro

2101 4624 2249 4678 νημα
2279 4608 2589 4669 καθέλκειν,
2622 4607 2718 4658 καὶ
2761 4605 3206 4676 προκινδυνεύειν
3252 4603 3351 4658 τοῦ
3399 4600 3668 4671 ποιμνίου.

346 4700 357 4723 ‘
408 4725 569 4778 grege
607 4722 711 4764 suo
738 4709 950 4774 subire,
985 4717 1044 4764 et
1078 4706 1226 4763 illius
1256 4707 1538 4777 angustias
1568 4704 1805 4775 propriis
1837 4704 1991 4759 dolu-

407 4804 563 4858 Jibus
589 4803 874 4873 deputare.

478 4894 638 4962 Quod
690 4895 962 4965 episcopis
1012 4893 1318 4965 iniungitur
1365 4893 1603 4963 regionis
1662 4888 1993 4961 primatibus

402 5002 592 5043 eorum
644 4988 995 5060 injustitiam,
1026 4988 1119 5059 qni
1152 4988 1350 5058 injuria
1409 4986 1680 5048 afﬁciunt,
1717 4984 1987 5038 indicare.

484 5170 789 5243 laﬁEos,
823 5171 915 5239 qui
953 5172 1304 5224 incarcerem
1326 5166 1718 5236 conjiciuntur,
1745 5163 1989 5235 episcopi

404 5273 601 5334 quarta
662 5262 795 5317 feria
845 5271 899 5316 et
956 5265 1010 5314 in
1068 5261 1368 5317 Parasceve
1417 5261 1660 5322 visitent,
1710 5258 1827 5312 sive
1882 5258 1995 5328 sint

408 5358 590 5424 liberi,
623 5362 738 5411 sive
767 5356 936 5419 servi,
958 5366 1015 5410 et
1040 5355 1275 5411 elliciant
1298 5368 1355 5410 ut
1388 5354 1595 5423 legibus
1624 5360 1992 5423 consentanea

366 5459 371 5464 ‘
408 5447 520 5502 illis
553 5455 720 5516 agant
762 5446 1067 5515 prmsides:
1121 5445 1205 5500 sin
1236 5455 1418 5499 autem
1452 5460 1561 5498 non
1612 5442 2007 5515 obtemperant.

407 5539 690 5609 praesides,
719 5537 788 5591 de
818 5538 925 5592 illis
952 5537 1268 5606 imperatori
1301 5536 1562 5591 indicent.

480 5631 734 5701 Episcopi
785 5632 987 5685 debent
1036 5631 1274 5692 ellicere,
1323 5637 1384 5683 ut
1439 5631 1583 5685 intra
1630 5629 1824 5699 viginti
1875 5628 1992 5706 dies

412 5738 625 5790 servos,
651 5724 745 5793 qui
775 5725 829 5778 in
859 5737 1140 5779 carcerem
1169 5723 1567 5793 conjiciuntur,
1601 5723 1834 5779 liberent
1855 5739 1994 5793 pra:-

407 5815 577 5879 s'tdcs,
628 5816 756 5870 licet
806 5817 946 5869 intra
984 5815 1169 5887 viginti
1217 5816 1335 5872 dics
1380 5832 1566 5870 eorum
1616 5817 1823 5871 domini
1879 5832 1989 5870 non

2095 4703 2190 4755 καὶ
2215 4699 2314 4769 τὴν
2350 4695 2563 4753 ἐκείνου
2613 4698 2982 4770 στενοχωρίαν
3035 4697 3247 4751 οἰκείαν
3271 4696 3469 4766 ὀδύνην
3508 4694 3674 4748 noui.-

2098 4794 2246 4848 σθαι.

2173 4887 2295 4940 Ὅτι
2321 4887 2436 4947 τοῖς
2470 4884 2795 4947 ἐπισκόποις
2828 4883 3144 4938 ἐντέταλται
3168 4881 3549 4952 καταμηνύειν
3566 4878 3679 4940 τοῖς

2096 4983 2155 5034 ὲν
2188 4983 2254 5051 τῇ
2280 4979 2437 5052 χώρᾳ
2481 4978 2826 5050 πρωτεύουσι
2887 4979 2985 5042 τὰς
3013 4977 3229 5041 ἀδικίας
3275 4978 3388 5031 τῶν
3429 4973 3673 5041 ἀδικούν-

2096 5092 2226 5129 των.

2168 5167 2230 5219 υί
2250 5165 2538 5220 ἐπίσκοποι
2557 5164 3076 5218 ὲπισκεπτέσθωσαν
3090 5164 3215 5227 τοὺς
3229 5164 3286 5216 ὲν
3300 5162 3523 5232 φυλακῇ
3537 5151 3671 5215 κατὰ

2097 5263 2345 5331 Τετράδα
2359 5263 2450 5314 καὶ
2475 5261 2861 5330 Παρασκευὴν,
2877 5260 2989 5315 εἴτε
3013 5259 3245 5326 οἰκέται,
3270 5257 3383 5309 εἴτε
3398 5256 3664 5326 ἐλεύθεροι
3734 5266 3739 5273 ·

2097 5352 2228 5418 εἷεν,
2253 5354 2349 5407 καὶ
2376 5353 2957 5429 παρασκευαζέτωσαν
2975 5354 3100 5415 τοὺς
3122 5350 3394 5422 ἄρχοντας
3419 5349 3595 5403 ποιεῖν
3614 5347 3668 5397 ἐν

2099 5448 2287 5511 αὐτοῖς
2315 5447 2417 5500 ὅσα
2452 5449 2501 5499 οἱ
2546 5447 2702 5515 νόμοι
2739 5445 3028 5499 κελεύουσι
3053 5462 3069 5479 ο
3107 5444 3185 5514 μὴ
3238 5442 3578 5512 πειθομένων
3614 5438 3667 5492 δὲ

2094 5541 2204 5593 τῶν
2230 5540 2535 5609 ἀρχόντων,
2569 5538 2928 5608 μεηνυέτωσαν
2960 5537 3039 5607 τῷ
3071 5536 3282 5607 βασιλεῖ
3310 5535 3445 5604 περὶ
3474 5531 3661 5588 αὐτῶν.

2167 5631 2231 5682 Οἱ
2267 5630 2561 5682 ἐπίσκοποι
2607 5626 2886 5696 ὀφείλουσι
2918 5625 3366 5698 παρασκευάζειν
3414 5623 3541 5685 τοὺς
3573 5619 3671 5687 ἄρ-

2097 5739 2292 5793 χοντας
2330 5721 2481 5785 ἐντὸς
2516 5719 2743 5791 ἡμερῶν
2778 5720 2987 5773 εἴκοσιν
3018 5718 3304 5773 ἐκϐάλλειν
3346 5716 3476 5777 τοὺς
3506 5712 3664 5783 ὲμσε·

2098 5814 2408 5885 ϐλημένους
2437 5814 2492 5866 ὲν
2528 5817 2595 5885 τῇ
2627 5815 2843 5884 φυλακῇ
2899 5813 3140 5876 οἰκέτας,
3189 5811 3291 5866 κᾶν
3333 5809 3411 5880 μὴ
3442 5806 3664 5876 (paiva-
