4054 6414
522 362 660 430 1303
1712 376 2080 439 MATTH/El
2120 384 2538 447 BLASTABIS
2955 364 2960 369 ⁷
3617 386 3725 449 tau

518 481 714 541 festum
751 480 929 534 vitans
966 480 1295 550 perieulum,
1333 483 1498 536 nullis
1525 485 1832 540 antistitum
1870 489 2093 557 privile-

2207 496 2377 549 ἐκεῖσε
2408 497 2594 563 ἄφιξιν
2640 497 2936 564 ἀπιγνωκό
2969 513 3024 555 α.
3061 495 3150 548 τὴν
3188 496 3459 565 προῦπτον
3501 496 3728 564 φυλαττό-

515 573 620 639 giis
649 572 722 625 ob
755 573 856 625 hoc
901 573 1099 641 privari
1134 574 1374 643 iudicat;
1429 591 1602 644 neque
1635 577 1779 630 enim
1833 581 2093 647 gentilem

2207 605 2367 656 μενον
2401 589 2666 653 κίνδυνον,
2723 589 2952 659 μηδενὸς
2991 588 3102 641 τῶν
3141 591 3252 650 τοῖς
3283 588 3588 658 ἀρχιερεῦσι
3620 604 3731 659 πρε·
3807 592 3812 601 ’

516 662 771 728 injuriatn
823 663 960 716 adeo
991 663 1188 729 valere,
1229 672 1289 717 ut
1316 664 1603 718 sacerdotii
1654 665 1873 733 juribus
1908 669 2091 737 perni-

2207 678 2398 732 σῦείων
2440 682 2591 749 παρά
2636 679 2795 733 τοῦτο
2841 678 3130 748 στέρεσθαι
3161 677 3333 742 ἀξιοῖ·
3368 677 3500 748 μηδὲ
3529 679 3625 751 γὰρ
3650 678 3733 747 τὴν

518 753 655 804 ciem
711 752 942 819 afferat;
989 768 1165 822 neque
1216 769 1243 806 a
1301 755 1676 810 circumstanti
1732 757 2092 813 barbarorum

2207 770 2412 838 ιυνικην
2464 769 2544 830 είς
2584 766 2840 819 τοσοῦτον
2890 768 3302 821 ὲνδυναστεύειν
3353 769 3628 839 ἐπήρειαν,
3672 772 3734 833 ὡς

517 843 773 897 violentia
798 846 963 905 illius,
989 846 1079 913 qui
1106 846 1556 916 circumscriptus
1584 863 1691 901 non
1733 858 1837 912 est,
1864 849 2100 904 circum-

2207 861 2285 913 ιαὶ
2321 859 2390 912 τὰ
2422 859 2520 928 τῆς
2554 857 2857 925 ίερωσύνης
2891 857 3257 927 λυμαίνεσθαι
3285 858 3467 910 δίκαια
3488 874 3501 887 ·
3536 858 3657 926 μηδὲ
3678 862 3734 929 τῇ

517 935 681 989 scribi
716 951 925 989 sacram
956 946 1300 1004 potestatem.
1342 939 1407 991 Et
1446 940 1519 993 illi
1560 954 1778 1008 quoque
1827 941 2102 1008 quoslibet

2207 949 2507 1020 Βαρεαρικῇ
2558 947 2880 1018 περιστάσει
2932 947 3035 1015 τὴν
3076 944 3169 997 τοῦ
3216 945 3619 1014 ἀπεριγράπτου
3661 962 3735 998 πε·

519 1028 747 1083 clcricos
812 1030 1067 1084 ordinare
1132 1032 1501 1100 permittitur.
1535 1042 1589 1086 et
1637 1033 1961 1101 praesulatus
2005 1048 2102 1087 au-

2207 1041 2564 1112 οιγράφεσοαι
2617 1040 2925 1108 ἁγιστείαν.
2970 1040 3080 1092 Καὶ
3104 1032 3437 1106 χειροτονεῖν
3477 1038 3579 1106 γὰρ
3617 1039 3735 1105 ἐφεῖ-

520 1120 821 1175 ctoritatem
893 1122 1190 1177 secundum
1249 1124 1499 1192 pmprios
1570 1124 1705 1179 lines
1782 1124 2099 1189 habere,et

2207 1151 2276 1187 τοι
2308 1151 2484 1203 τουτῳ
2514 1131 2813 1202 κληρικοὺς
2845 1129 3225 1202 οἱουσδήποτε,
3257 1129 3352 1182 καὶ
3382 1127 3471 1181 τοῦ
3501 1127 3592 1196 τῆς
3623 1145 3738 1198 προ-

518 1215 699 1266 omnia
740 1222 855 1266 rata
897 1222 1080 1277 erunt,
1108 1227 1447 1282 quaecunque
1485 1213 1693 1267 scilicet
1723 1214 1987 1268 cmonice
2019 1214 2102 1269 fa-

2207 1225 2374 1294 ιδρίας
2420 1222 2632 1294 βαθμοῦ
2678 1221 2823 1276 κατά
2877 1220 2968 1275 τὸν
3025 1220 3156 1274 ἴδιον
3204 1218 3431 1290 ἔχεσθαι
3475 1219 3613 1290 ὅρον.
3660 1221 3739 1270 καὶ

519 1304 645 1368 ciet,
671 1305 893 1372 perinde
931 1319 996 1360 ac
1023 1306 1068 1359 si
1097 1313 1240 1360 esset
1269 1306 1321 1357 in
1361 1305 1613 1370 ecclesia,
1651 1320 1770 1373 quae
1792 1302 1944 1360 illum
1975 1321 2098 1361 sor-

2207 1316 2372 1371 ιτάντα
2396 1315 2455 1367 τὸ
2478 1314 2695 1383 βέϐαιον
2718 1313 2851 1377 ἔξει,
2878 1313 2980 1365 ὅσα
3007 1311 3184 1381 δήπου
3210 1309 3513 1372 κανονικῶς
3536 1310 3739 1379 διαπρά-

521 1397 613 1450 tita
646 1408 748 1451 cst.
2194 1407 2370 1472 ξεται,
2410 1406 2607 1474 ὥσπερ
2654 1404 2723 1458 ἂν
2754 1394 2803 1457 ἐί
2835 1406 2928 1457 καὶ
2981 1406 3127 1458 κατὰ
3170 1403 3274 1475 τὴν
3317 1401 3582 1472 λαχοῦσαν
3613 1401 3740 1470 αὐτῷ

2193 1499 2498 1565 ἐκκλησίαν
2525 1498 2828 1569 ἐτύγχανεν
2857 1497 2959 1551 ῶν.

2281 1600 2444 1666 Ζήτει
2475 1600 2572 1651 καὶ
2597 1603 2654 1652 ὲν
2681 1599 2758 1667 τῷ
2797 1600 2841 1652 0'
2873 1618 3000 1668 κεφ.
3038 1600 3135 1655 τοῦ
3187 1604 3224 1654 Δ
3281 1608 3545 1673 στοιχείου
3581 1602 3747 1657 κανόνα

2213 1696 2289 1754 ις’
2316 1688 2416 1757 τῆς
2436 1688 2735 1759 λεγομένης
2767 1692 2868 1744 AB’
2898 1692 3141 1746 συνόδου.

591 1576 783 1639 Quare
809 1582 861 1626 et
895 1575 945 1627 in
980 1590 1102 1642 cap.
1132 1574 1165 1629 9
1201 1576 1456 1630 litteracA
1491 1590 1756 1630 canonem
1805 1575 1871 1630 l6
1904 1574 2099 1646 synodi

519 1682 640 1734 qua:
683 1667 853 1734 prima
890 1667 1127 1720 secanda
1161 1667 1387 1720 dicitur.

1248 1778 1372 1839 Lex.
1653 1815 1656 1818 ~
2880 1809 3097 1874 Νόμος.

600 1891 834 1949 lllustris
872 1896 1038 1951 etiam
1098 1898 1232 1968 imp.
1286 1902 1510 1958 Alexius
1535 1902 1850 1960 Comneuus
1897 1914 2099 1978 serip.a

2289 1918 2351 1971 ὐ
2375 1918 2432 1970 δὲ
2465 1919 2712 1987 ἀοίδιμος
2743 1919 3004 1985 βασιλεὺς
3039 1921 3276 1987 Ἀλέξιος
3300 1925 3329 1976 ὁ
3356 1926 3632 1995 Κομνηνὸς
3673 1927 3747 1987 ἑγ-

529 1987 920 2041 eoustitutione
946 1989 1103 2056 jubet
1131 1992 1369 2061 .magnis
1396 1994 1728 2050 tributorum
1776 1997 1936 2054 donis
1979 2000 2100 2057 illos

2207 2012 2406 2082 γρὰφῳ
2474 2012 2814 2081 ἐπιτάγματι
2869 2014 3139 2081 μεγάλαις
3179 1987 3454 2086 είσφορῶν
3492 1987 3656 2070 δόσεσι
3681 2017 3749 2070 δε·

528 2084 729 2147 excipi,
753 2084 844 2147 qui
868 2084 1219 2150 episcopatus
1240 2084 1525 2153 cujusdam
1546 2089 2099 2154 administrationem,

2207 2101 2449 2165 ξιοῦσθαι
2490 2101 2702 2155 κελεύει
2749 2104 2877 2166 τοὺς
2911 2107 3251 2175 χειροτονίαν
3286 2108 3589 2177 ἐπισκοπῆς
3627 2125 3747 2169 τινος

528 2167 889 2224 Orientalium
922 2173 1136 2227 scilicet
1182 2175 1561 2241 ecclesiarum,
1611 2194 1732 2247 qua:
1791 2195 1822 2234 a
1859 2182 2103 2237 barbaria

2207 2191 2530 2259 δεξαμένους
2558 2194 2664 2247 τῶν
2692 2194 2835 2249 κατὰ
2857 2167 2955 2265 τίὲν
2980 2167 3247 2266 ἀνατολὴν
3298 2167 3617 2270 ὲκκλησιῶν.
3659 2167 3748 2251 τῶν

526 2262 708 2316 adhuc
738 2263 1106 2330 detineantur,
1140 2270 1516 2336 suam-perint;
1572 2286 1696 2325 nam
1749 2276 2103 2330 tnonasterio-

2207 2279 2310 2331 ὑπὸ
2343 2280 2646 2352 βαρϐάροις
2675 2284 2758 2335 ἔτι
2814 2262 3237 2355 κατεχομένων)
3288 2262 3657 2357 μοναστηρίων
3698 2305 3748 2338 τε

527 2370 644 2407 rum
682 2354 1056 2422 praefecturas,
1087 2366 1141 2412 et
1189 2374 1313 2427 qua!
1342 2361 1407 2414 ad
1460 2378 1702 2417 annuum
1746 2368 1942 2419 vietum
1977 2379 2103 2423 sunt

2207 2372 2313 2442 γὰρ
2371 2375 2725 2444 προστασίας,
2781 2377 2878 2430 καὶ
2930 2354 3210 2442 ἐπετείους
3268 2354 3625 2451 ὲῠπισιτήσεις,
3671 2380 3749 2433 καὶ

527 2452 859 2513 neci-scande,
881 2461 934 2504 et
956 2451 1061 2505 alia
1092 2466 1434 2522 qumcuuque
1467 2456 1778 2523 hujusmodi
1814 2473 1963 2527 sunt,
1994 2462 2098 2515 illis

2207 2463 2367 2532 ἕτερα
2395 2466 2529 2519 ἄττα
2560 2464 2785 2520 τοιαῦτα
2812 2465 3025 2531 τούτοις
3052 2469 3436 2539 ἐπιϐρασεύει.

523 2546 833 2596 rnntirtnat.

527 2688 680 2743 CAP.
713 2688 855 2743 XXI.
895 2687 968 2744 De
995 2691 1381 2757 episcopalibus
1430 2705 1546 2759 qua
1592 2687 1729 2756 ﬁunt
1769 2686 2101 2759 mjtropoles,

597 2773 645 2812 et
679 2760 818 2829 quod
865 2776 967 2812 non
1013 2771 1214 2828 oportet
1249 2762 1304 2813 in
1349 2757 1454 2812 uno
1497 2760 1767 2827 provincia
1805 2757 1940 2810 duo:
1991 2772 2104 2811 esse

596 2830 869 2895 metropoli
878 2840 1048 2905 tanos.

2207 2683 2458 2771 ΚΕιιξΛᾼ.
2497 2685 2628 2740 KA'.
2663 2686 2804 2771 1‘1th
2830 2686 3203 2771 ἐπιᾳκραξῷν,
3239 2693 3751 2771 μητροπόλσωνχε-

2274 2754 2562 2821 νομένων.
2597 2754 2698 2809 καί
2753 2758 2844 2809 ὅτι
2890 2761 2965 2813 οὐ
2995 2758 3092 2813 δεῖ
3113 2754 3197 2814 ἐνί
3229 2754 3622 2830 μιᾷ’ὲπαρχι’ᾳ
3659 2754 3750 2815 δύο

2275 2819 2429 2876 εἶναι
2451 2827 2923 2895 μητροπολίτας.

596 2967 814 3031 Quarta:
878 2965 1069 3035 synodi
1129 2966 1197 3019 l2
1259 2980 1435 3020 canon
1481 2965 1803 3035 gravissima
1868 2963 2103 3018 intendit

2289 2957 2449 3011 '0~t6'
2487 2959 2588 3029 τῆς
2619 2961 2661 3013 δ’
2712 2962 2933 3015 συνόδου
2984 2964 3165 3017 κανὼν
3225 2966 3298 3018 τὰ
3344 2950 3615 3020 δεινότατα
3640 2968 3752 3019 ιπαο
3787 2960 3791 2966 ’

528 3058 825 3128 episcopis.
869 3059 960 3127 qui
1011 3059 1386 3127 imperialibus
1439 3058 1710 3111 mandatis
1764 3070 1923 3110 unam
1982 3070 2103 3119 pro-

2207 3051 2510 3107 νατείνεται
2543 3052 2654 3107 τῶν
2677 3054 2995 3141 ἐπισκόπων
3021 3058 3133 3118 τοῖς
3162 3056 3254 3109 διὰ
3281 3059 3623 3129 γραμμάτων
3653 3060 3752 3110 ἔπιε

529 3150 765 3204 vinciam
788 3150 844 3204 in
869 3150 1005 3204 duas
1029 3150 1270 3204 dividere
1298 3149 1537 3219 aggressi
1557 3157 1706 3211 sunt,
1732 3159 1784 3201 et
1819 3145 2098 3217 proprium

2207 3143 2452 3215 χειροῢσι
2488 3144 2789 3215 βασιλικῶν
2828 3149 2908 3210 είς
2937 3146 3032 3201 δύο
3065 3149 3167 3217 τὴν
3193 3148 3329 3217 μίαν
3363 3152 3589 3221 διαιρεῖν
3613 3152 3754 3217 ἐπαρ-

528 3241 904 3311 episcopatum
942 3242 1081 3312 typis
1124 3240 1473 3310 pragmaticis
1510 3254 1705 3293 novam
1753 3237 2095 3305 metropolim

2207 3212 2355 3306 ﬂuit,
2388 3212 2606 3309 καὶ-την
2636 3239 2847 3292 οίκείαν
2872 3212 3351 3297 ὲπισκοπίίινννέαν
3404 3212 3754 3313 πραγματευο-

531 3334 715 3388 ιὐοιιτί
755 3343 1036 3404 satagunt.
1076 3332 1192 3387 l‘loc
1237 3348 1364 3387 vero
1419 3346 1616 3402 magno
1667 3332 1816 3384 Patri
1872 3330 2095 3394 Basilio,

2207 3329 2385 3397 μένοις
2419 3329 2708 3384 καλεῖσθαι
2761 3333 3123 3403 μητρόπολιν.
3161 3334 3337 3388 Τοῦτο
3366 3334 3423 3388 δὲ
3465 3336 3568 3404 ἄρα
3600 3334 3753 3404 πράγ-

528 3422 871 3493 Cappadocia
917 3423 1109 3487 divisa,
1163 3422 1465 3477 molestiam
1520 3421 1816 3491 aliquando
1869 3420 2095 3486 creavit,

2207 3420 2353 3490 ματά
2381 3438 2511 3474 ποτε
2539 3424 2783 3495 παρέσχε
2812 3425 2907 3480 καὶ
2931 3425 3008 3497 τῷ
3035 3427 3260 3496 μεγάλῳ
3283 3429 3466 3500 Πατρὶ
3494 3426 3749 3494 Βασιλείῳ.

532 3527 750 3586 propter
800 3530 997 3570 novam
1035 3516 1236 3587 Tyana
1290 3514 1660 3583 tnetrOpolim.
1719 3513 1844 3567 Illos
1890 3522 2095 3577 autem,

531 3609 625 3676 qui
670 3610 900 3679 posthac
948 3608 1056 3662 tale
1093 3608 1220 3676 quid
1281 3609 1506 3669 audent,
1555 3606 1860 3660 sacerdotio
1898 3604 2096 3673 privat.

533 3704 858 3770 Quicunque
886 3709 1065 3755 autem
1096 3699 1443 3769 episcopatus
1477 3709 1604 3751 ante
1656 3697 1796 3750 hanc
1827 3696 2101 3751 constitu-

532 3796 736 3846 tionem
788 3790 1055 3860 imperiali
1100 3790 1256 3859 jussu
1317 3789 1697 3856 metropolium
1758 3787 1915 3841 titulo
1969 3786 2103 3840 insi-

531 3886 666 3954 gniti
708 3883 944 3945 fuerant,
979 3891 1037 3936 ut
1067 3881 1186 3935 solo
1215 3882 1322 3935 isto
1359 3881 1564 3933 honore
1607 3877 1859 3932 fruantur
1916 3878 2103 3932 decer-

532 3976 635 4038 nit,
666 3983 720 4028 et
749 3988 937 4027 eorum
979 3972 1254 4026 antistites
1283 3968 1683 4039 metropolitani
1726 3966 1891 4021 etiam
1924 3966 2100 4022 solum

530 4066 903 4119 nominentur.
962 4061 1243 4130 Metropoli
1303 4069 1487 4115 autem
1539 4074 1682 4114 vera:
1729 4073 1838 4113 non
1893 4059 2098 4125 minus,

530 4170 693 4225 quam
734 4163 859 4207 ante
890 4152 1032 4206 hanc
1067 4151 1539 4215 constitutionem,
1592 4148 1953 4203 immutabilia
1989 4164 2104 4203 scr-

530 4257 728 4301 ventnr
751 4247 899 4314 jura.
937 4242 1042 4298 Sed
1082 4257 1227 4297 nunc
1276 4240 1535 4311 temporis
1581 4241 1764 4294 omnia
1809 4240 1966 4295 istius
2010 4256 2104 4295 ca-

534 4338 695 4392 nonis
722 4350 830 4389 non
865 4336 1232 4395 observantur
1260 4335 1499 4388 decreta.
1537 4332 1671 4386 Nam
1726 4328 2104 4399 imperialibus

532 4429 808 4482 mandatis
839 4441 948 4479 non
982 4440 1182 4495 paucas
1230 4425 1370 4493 apud
1415 4439 1513 4476 nos
1557 4422 1898 4493 episcopales
1933 4417 2107 4477 eccle-

2201 3514 2303 3582 τῆς
2363 3515 2764 3581 Καππαδοκίας
2823 3518 3189 3590 διαιρεθείσης
3233 3520 3324 3573 διὰ
3376 3520 3477 3592 τὴν
3507 3521 3626 3573 νέαν
3663 3519 3753 3570 τῶν

2202 3604 2429 3659 Τυὰνων
2457 3608 2829 3678 μητρόπολινο
2860 3611 2988 3673 τοὺς
3011 3611 3067 3663 δὲ
3112 3609 3361 3663 τοιοῦτόν
3390 3628 3441 3664 τι
3474 3610 3562 3662 τοῦ
3594 3606 3752 3662 λοιποῦ

2203 3697 2522 3767 τολμῶντας
2580 3701 2680 3768 τῆς
2739 3700 3043 3771 ἱερωσύνης
3084 3701 3481 3772 ὲξοστρακίζει.
3513 3702 3661 3755 Ὅσαι
3700 3713 3752 3765 γε

2207 3787 2315 3854 μὴν
2363 3788 2666 3842 ἑπισκοπαὶ
2719 3793 3016 3860 γράμμασι
3054 3791 3360 3860 βασιλικοῖς
3408 3791 3623 3860 ὀνόματι
3664 3788 3752 3857 πρὸ

2202 3876 2395 3930 τούτου
2433 3879 2755 3950 τετίμηνται
2795 3882 3209 3953 μητροπόλεων,
3249 3884 3460 3952 ταύτης
3492 3884 3647 3950 μόνης
3669 3879 3753 3945 τῆς

2202 3968 2370 4037 τιμῆς
2404 3970 2702 4024 ἀπολαύειν
2735 3975 3047 4045 παρεγγυᾷ,
3086 3975 3182 4028 καὶ
3229 3975 3361 4039 τοὺς
3394 3975 3592 4029 τούτων
3617 3971 3755 4041 προέ-

2204 4057 2365 4130 δρους
2400 4061 2802 4132 μητροπολίτας
2824 4065 2921 4118 καὶ
2946 4065 3107 4132 μόνον
3134 4064 3441 4131 καλεῖσθαι,
3466 4069 3532 4138 τῇ
3560 4064 3613 4118 δὲ
3644 4063 3753 4131 ἁλτι-

2206 4149 2316 4213 θῶς
2348 4153 2679 4222 μητροπόλει
2722 4154 2875 4208 οὐδὲν
2905 4151 3071 4226 ἦττον
3099 4156 3441 4212 ἀναλλοίωτα
3472 4157 3539 4209 τὰ
3574 4153 3750 4225 προτοῦ

2205 4239 2390 4294 δίκαια
2434 4243 2858 4313 περισώζεσθαι.
2885 4244 3048 4299 Ἀλλά
3087 4247 3251 4299 τανῦν
3279 4247 3342 4301 οὐ
3366 4249 3563 4301 ιπάντα
3586 4246 3649 4299 τὰ
3671 4241 3749 4296 τοῦ

2207 4333 2435 4396 κανόνος
2473 4334 2805 4402 φυλάττεται
2854 4335 3048 4389 τούτου
3078 4353 3092 4367 ·
3124 4338 3346 4408 ὁρῶμεν
3377 4340 3487 4409 γὰρ
3529 4338 3630 4391 τῶν
3654 4337 3752 4387 ἑπι-

2210 4422 2431 4476 σκοπῶν
2463 4424 2559 4477 καὶ
2608 4425 2695 4494 ἐφ’
2725 4425 2885 4496 ήμῶν
2915 4427 3017 4479 οὐκ
3079 4428 3270 4496 ὀλίγας
3321 4428 3616 4499 βασιλικοῖς
3651 4427 3753 4477 ἐτι·

533 4520 646 4575 sias
679 4519 730 4572 in
775 4517 1184 4586 metropolitani
1230 4515 1433 4586 fastigii
1462 4515 1681 4570 culmen
1717 4527 1934 4571 evectas
1984 4529 2103 4570 esse

2210 4513 2487 4583 τάγμασιν
2515 4517 2595 4578 εἰς
2640 4517 2739 4586 τὴν
2773 4516 2873 4582 τῆς
2908 4518 3295 4588 μητροπόλεως
3322 4517 3610 4588 προεδρίαν
3642 4517 3750 4568 ἀνα-

533 4612 803 4665 videmus.

606 4700 859 4753 Dccimus
877 4699 1144 4768 septimus
1159 4713 1291 4752 vero
1310 4738 1325 4764 ,
1356 4697 1410 4751 Si
1436 4713 1565 4766 qua,
1590 4697 1789 4766 inquit,
1811 4695 1881 4751 ab
1908 4696 2104 4765 imper.

534 4794 858 4847 auctoritate
887 4791 1141 4844 innovata
1174 4789 1247 4844 sit
1288 4789 1502 4851 civitas,
1554 4798 1609 4841 et
1648 4804 1716 4843 ex
1751 4787 2107 4843 fundamento

534 4887 819 4950 aediﬁcata,
847 4886 931 4941 vel
964 4884 1218 4953 deinceps
1245 4887 1499 4938 innovata
1521 4882 1706 4947 fuerit,
1727 4890 2104 4945 etexstructa,

538 4992 589 5033 et
622 4978 999 5048 imperialibus
1039 4991 1101 5031 ac
1128 4976 1363 5046 publicis
1395 4976 1534 5045 typis
1560 4977 1843 5038 honorata,
1886 4973 2108 5042 scriptis

543 5083 738 5136 nempe
767 5066 1059 5131 mandatis,
1091 5074 1213 5134 quae
1243 5065 1520 5133 privilegia
1553 5063 1733 5119 civilia
1765 5064 1852 5118 vel
1889 5065 2106 5134 cpisco-

540 5170 701 5229 palus
724 5169 820 5211 aut
856 5157 1169 5226 metropolis
1198 5156 1461 5210 honorem
1497 5156 1572 5209 illi
1605 5156 1949 5220 concedunt;
1985 5171 2105 5209 eam

541 5260 755 5320 Oportet
772 5265 867 5319 per
896 5249 1193 5318 imperialia
1219 5248 1432 5301 decreta
1457 5249 1813 5317 paroeciarnm
1840 5255 1895 5301 et
1924 5263 2104 5302 rerum

545 5341 1047 5398 et-clesiasticarum
1075 5338 1603 5394 administrationem
1653 5341 1933 5408 consequi,
1966 5349 2020 5393 et
2049 5339 2104 5393 in

537 5429 928 5498 episcopalium
992 5426 1205 5481 urbium
1239 5427 1323 5480 vel
1371 5427 1750 5496 metmpnlium
1797 5429 2104 5499 catalogum

539 5520 755 5575 referri.
784 5518 1103 5574 Dicentibus
1126 5517 1292 5572 ferme
1314 5517 1590 5581 Patr-ibus,
1611 5517 1880 5583 Quoniam
1908 5519 2104 5590 imper.

541 5608 922 5664 contradicere
950 5623 1056 5662 non
1097 5607 1397 5677 pomimus,
1445 5618 1567 5673 eos;
1598 5609 1689 5676 qui
1737 5608 1805 5661 ab
1841 5608 1949 5664 illis
1979 5619 2108 5665 sunt

540 5701 724 5769 electi,
758 5701 1164 5757 ecclesiasticus
1196 5700 1329 5753 ordo
1366 5710 1753 5768 consequatur.

2209 4620 2273 4666 γο
2280 4607 2463 4674 μένας.

2296 4697 2354 4750 Ὅ
2376 4696 2432 4749 δὲ
2469 4698 2552 4763 ιζ’,
2600 4697 2664 4751 Et
2691 4715 2774 4762 τις
2801 4700 2867 4750 ὲκ
2918 4697 3229 4769 βασιλικῆς,
3286 4700 3476 4769 φησιν,
3533 4690 3752 4762 ἐξουσίας

2210 4788 2551 4841 κεκαίνισται
2592 4788 2766 4854 πόλις,
2807 4789 2901 4842 καὶ
2948 4790 3012 4842 ὲκ
3048 4788 3265 4859 βάθρων
3305 4790 3676 4856 ἀνεγήγερται,
3720 4779 3747 4848 ἢ

2211 4880 2305 4930 καὶ
2332 4878 2489 4942 αὖθις
2516 4880 2823 4950 καινισθείη
2858 4881 2951 4933 καὶ
2982 4880 3330 4951 ἀνεγερθείη,
3356 4881 3450 4933 καὶ
3480 4875 3751 4948 βασιλικοῖς

2211 4970 2302 5022 καὶ
2348 4969 2629 5038 δημοσίοις
2683 4972 2875 5033 τύποις
2904 4972 3192 5042 τιμηθείη,
3228 4972 3525 5042 ἐγγράφοις
3576 4964 3749 5037 δηλαδῆ

2211 5062 2623 5133 προστάγμασι,
2680 5063 2947 5132 πρεσϐεῖα
2971 5064 3246 5127 πολιτικὰ,
3275 5065 3308 5134 ἢ
3353 5063 3518 5134 τιμὴν
3553 5063 3747 5113 ἐπισκο-

2214 5152 2345 5222 πῆς,
2374 5154 2406 5223 ἢ
2436 5154 2823 5223 μητροπόλεως
2850 5156 3022 5228 ταύτῃ
3085 5156 3490 5226 χαριζομένοις,
3534 5153 3644 5205 δέον
3670 5146 3746 5200 καὶ

2210 5244 2311 5313 τὴν
2337 5245 2442 5295 τῶν
2465 5244 2936 5313 ὲκκλησιαστικῶν
2958 5247 3266 5317 παροικιῶν
3293 5264 3349 5299 τε
3404 5247 3495 5299 καὶ
3525 5239 3750 5312 πραγμά-

2210 5351 2319 5386 των
2352 5334 2505 5399 τάξιν
2533 5337 2645 5397 τοῖς
2685 5336 2985 5406 βασιλικοῖς
3053 5338 3245 5401 τύποις
3303 5336 3627 5395 ἀκολουθεῖν,
3672 5329 3749 5381 καὶ

2210 5427 2516 5496 ἐπισκοπὴν
2581 5427 2753 5497 αὐτὴν
2815 5429 2847 5499 ἢ
2901 5430 3242 5499 μητρόπολιν
3311 5420 3748 5492 καταλογίζεσθαι»

2215 5519 2499 5588 μονονουχὶ
2526 5518 2633 5571 τῶν
2656 5519 2917 5589 Πατέρων
2936 5520 3227 5589 λεγόντων,
3244 5518 3463 5587 Ἐπειδὴ
3483 5517 3590 5577 τοίς
3615 5512 3746 5581 βασι·

2211 5608 2395 5662 λεῦσιν
2427 5609 2775 5662 ἀντιπίπτειν
2801 5612 2863 5663 ού
2897 5611 3254 5681 δεδυνήμεθα,
3303 5612 3411 5671 τοῖς
3436 5607 3565 5676 πρὸς
3591 5599 3744 5656 αὐτῶν

2209 5700 2605 5770 ψηφιζομένοις
2651 5700 2801 5771 καὶὴ
2863 5702 3290 5773 ὲκκλησιαστικὴ
3344 5699 3492 5764 τάξις
3551 5692 3745 5749 ἀκολου·

2212 5793 2391 5846 θείτω.
