4054 6432
299 411 443 473 13³5

651 527 792 597 Περὶ
817 529 1159 597 προνομίων
1183 530 1547 595 βασιλικῶν.

980 619 1199 687 Νεαρά.

370 708 596 774 Ἔξεστι
625 711 831 781 γὰρτῷ
862 712 1078 782 βασιλεῖ
1124 714 1255 782 περὶ
1298 714 1522 784 ὲνοριῶν
1575 714 1874 788 ἐκκλησιαο

301 801 507 853 στικῶν
533 799 940 867 διατάττεσθαι,
972 804 1068 855 καὶ
1100 803 1374 873 προνόμιά
1406 821 1568 859 τινων
1617 807 1872 876 ἀφαιρεῖ-

294 894 440 953 σθαι.
470 893 565 945 καὶ
587 895 901 958 ὲπισκοπάς
926 890 1086 959 αὖθις
1119 899 1199 959 είς
1267 898 1630 968 μητροπόλεις
1679 901 1870 969 τιμᾷν,

292 985 390 1038 καὶ
442 985 782 1053 ἡγουμένους
843 987 1316 1057 προχειρίζεσθαι,
1380 990 1476 1041 καὶ
1524 988 1690 1060 ἕτερά
1753 1007 1875 1043 τινα

288 1075 516 1128 τοιαῦτα
547 1078 743 1133 ποιεῖν.

364 1166 556 1219 Ταῦτα
588 1168 684 1219 καὶ
737 1167 767 1220 ό
789 1168 908 1237 ’τῆς
961 1166 1017 1232 ς’
1049 1167 1266 1222 συνόδου
1319 1169 1403 1240 λη’
1436 1169 1595 1223 δίεισι
1635 1173 1754 1235 ταῖς
1777 1172 1873 1225 αὐ-

290 1258 412 1319 ταῖς
436 1256 586 1326 αὐτῷ
617 1259 966 1328 χρησάμενος
996 1259 1174 1327 λέξεσί
1204 1277 1263 1312 τε
1286 1261 1380 1315 καὶ
1409 1262 1659 1324 ἐννοίαις.
1782 1250 1791 1257 κ

375 1349 434 1402 '0
468 1349 524 1402 δὲ
553 1349 811 1419 βασιλεὺς
847 1353 1087 1416 Ἀλέξιος
1115 1356 1142 1406 ὁ
1194 1354 1499 1424 Κομνηνδς,
1533 1355 1657 1424 ἅμα
1688 1356 1787 1426 μὲν
1813 1355 1873 1409 τὺ

288 1441 354 1493 ἐκ
377 1438 491 1494 τῶν
517 1442 761 1495 κανόνων
784 1443 1190 1513 φυλαττόμενος
1216 1444 1359 1510 δέος,
1385 1445 1501 1515 ἅμα
1516 1445 1573 1499 δὲ
1600 1449 1695 1500 καί
1722 1465 1872 1509 τινας

285 1532 397 1585 τῶν
463 1533 772 1604 ἐκκλησιῶν
803 1534 1068 1603 τιμᾶσθαι
1111 1534 1458 1605 βουλόμενος,
1491 1537 1873 1609 χρυσοὸούλλῳ

290 1623 585 1694 γράμματι
607 1624 905 1694 διορίζεται
966 1625 1042 1696 μὴ
1074 1626 1251 1690 ἄλλως
1282 1627 1587 1697 ἐπισκοπὴν
1619 1631 1699 1690 είς
1728 1629 1871 1698 ὑψη’

285 1714 513 1786 λότερον
541 1716 732 1787 θρόνον
762 1718 1087 1783 ἀνάγεσθαι,
1108 1722 1156 1772 εί
1193 1720 1267 1790 μὴ
1293 1720 1321 1772 ό
1352 1720 1496 1773 κατά
1521 1722 1750 1791 καιροὺς
1771 1720 1872 1789 βα-

287 1806 473 1871 σιλεὺς
507 1808 720 1862 οἴκοθεν
752 1809 1039 1879 ὁρμηθεὶς,
1092 1811 1318 1881 χάριτος
1370 1810 1717 1884 ἀνθρωπίνης
1771 1814 1871 1867 οὐκ

1258 420 1673 482 SYNTAGMA
1714 422 2351 491 ALPHABETICUM.
2383 454 2452 465 -
2484 424 2545 490 Ε.

1906 539 1956 595 Δ

3429 432 3567 497 1306

2260 573 2265 577 ς
2359 540 2435 594 De
2477 540 2765 611 priuilegiis
2803 539 3193 609 imperialibus.

2641 631 2897 688 Novella.

2053 719 2288 777 Licitum
2316 731 2402 780 est
2435 724 2629 793 imper.
2681 724 2749 778 de
2796 721 3290 778 ecclesiasticarum
3340 723 3567 797 provin-

1983 811 2195 865 ciarum
2246 812 2445 868 (inibus
2496 813 2757 877 deﬁnire,
2820 822 2875 868 et
2924 812 3233 881 aliquarum
3283 814 3566 883 privilegia

1983 903 2225 968 auferre,
2257 914 2311 959 et
2341 904 2679 974 episcopales
2714 905 2880 959 urbes
2931 905 3129 958 iterum
3180 905 3565 972 metropolinm

1983 993 2192 1049 honore
2229 996 2457 1061 donare,
2487 1007 2539 1051 et
2573 996 2851 1050 antistites
2879 994 3163 1064 designare
3194 1004 3245 1048 et
3278 995 3383 1047 alia
3421 994 3571 1064 ejus-

1982 1081 2128 1134 modi
2163 1080 2362 1137 facere.

2057 1170 2220 1242 126
2250 1169 2379 1226 Haec
2410 1173 2574 1226 etiam
2630 1181 2685 1228 et
2728 1189 2779 1227 vi
2813 1169 3005 1242 synodi
3041 1170 3112 1226 58
3145 1171 3333 1240 refert,
3361 1173 3568 1228 eisdem

1981 1277 2045 1316 ac
2076 1263 2167 1317 ille
2207 1264 2386 1318 verbis
2417 1272 2471 1317 et
2503 1264 2773 1319 sententia
2808 1279 2962 1318 usus.

2053 1355 2360 1423 Imperator
2389 1355 2615 1410 Alexius
2644 1356 2986 1425 Comnenus,
3022 1357 3187 1415 simul
3220 1358 3312 1428 qni
3340 1373 3370 1413 a
3406 1372 3571 1411 cano-

1981 1443 2144 1507 nilius
2172 1445 2497 1507 intentatur,
2535 1454 2740 1499 metum
2776 1448 3100 1513 observans,
3129 1456 3261 1502 utet
3308 1448 3570 1503 ecclesias

1980 1537 2246 1606 quasdam
2318 1538 2589 1592 honorare
2655 1541 2867 1603 volens,
2937 1556 3104 1594 aurea
3154 1540 3300 1594 bulla
3355 1541 3567 1603 Statuit,

1981 1628 2359 1697 episcopatum
2418 1644 2528 1683 non
2579 1630 2740 1684 aliter
2779 1632 2831 1684 in
2883 1631 3263 1685 sublimiorem
3308 1631 3568 1684 thronum

1979 1719 2323 1788 erigendum,
2358 1736 2522 1790 quam
2554 1722 2598 1776 si
2629 1722 2725 1791 qui
2754 1732 2884 1777 tunc
2914 1732 2997 1777 est
3021 1723 3321 1791 imperator
3342 1722 3568 1791 preprio

1982 1823 2131 1865 motu
2169 1810 2466 1881 impulsus,
2500 1812 2648 1865 nulla
2703 1812 2937 1867 humana
2988 1812 3244 1867 indecora
3276 1813 3450 1880 gratia
3486 1814 3569 1866 in-

285 1902 600 1971 εὐπρεποῦς
626 1902 702 1972 μὴ
758 1902 1192 1972 μεσολαὸούσης,
1248 1903 1534 1974 βουληθείη
1587 1903 1765 1975 ταύτῃ
1818 1905 1877 1958 τὸ

1985 1902 2316 1966 tercedente,
2371 1903 2607 1957 voluerit
2658 1902 2828 1966 illam,
2881 1919 3002 1972 quae
3052 1906 3308 1973 superior
3369 1911 3448 1957 est
3503 1918 3568 1957 ac

288 1994 706 2064 ίπαναὸεὸηκὸς
739 1994 959 2063 ἀξίωμα
986 1999 1312 2065 παρασχεῖν,
1340 1996 1375 2065 ἢ
1405 1995 1466 2050 τὸ
1513 1997 1617 2066 τῆς
1671 1997 1879 2060 πόλεως

284 2084 635 2154 δυσωπηθεὶς
665 2085 919 2155 μέγεθος,
949 2086 982 2156 ἢ
1019 2087 1203 2139 πίστει
1240 2090 1308 2157 τῇ
1374 2087 1513 2158 πρὸς
1562 2087 1665 2156 τὴν
1705 2088 1880 2158 εὐαγῆ

283 2175 537 2245 κινηθεὶς
578 2175 931 2246 Ἐκκλησίαν,
966 2177 999 2246 ἢ
1036 2176 1132 2230 τοῦ
1158 2178 1512 2247 προεστῶτος
1559 2178 1730 2247 αὐτῆς
1781 2178 1880 2249 τὴν

284 2267 493 2337 ἀρετὴν
522 2267 814 2330 αἰδεσθείς.
851 2267 916 2320 El
948 2269 1061 2338 γὰρ
1081 2268 1141 2334 ἐξ
1203 2267 1566 2338 εὐπροσώπου
1618 2273 1879 2339 τοιαύτης

283 2358 814 2429 αἱτίαςόβασιλεύς
870 2360 1176 2431 προεδρίαν
1233 2360 1504 2433 ἐκκλησίᾳ
1564 2363 1670 2415 τινὶ
1722 2362 1880 2433 χαρί-

285 2469 463 2516 σαιτο,
496 2453 593 2504 καὶ
622 2453 716 2504 τὸν
755 2437 1105 2524 πατριάρχην
1129 2453 1276 2517 είκδς
1297 2454 1376 2524 τῷ
1399 2453 1604 2524 ταύτης
1630 2456 1882 2526 ἀρχιερεῖ

284 2546 377 2599 τὺν
408 2546 763 2615 προσήκοντα
792 2545 1002 2616 βαθμὸν
1029 2547 1086 2598 ἐν
1116 2548 1183 2617 τῇ
1219 2547 1312 2600 ὐπ’
1360 2546 1524 2600 αὐτὸν
1581 2548 1877 2617 ἀπονέμειν

283 2637 513 2706 συνόδῳ,
575 2638 655 2699 είς
691 2637 1092 2708 μητροπολίτου
1126 2637 1311 2708 τυχὸν,
1362 2637 1397 2709 ἢ
1442 2638 1876 2709 ἀρχιεπισκόπου

280 2729 449 2782 τόπον
476 2729 856 2800 ἀνηνεγμένῳ.

281 2845 539 2898 ΚΕΦΑΛ.
572 2845 694 2899 ΚΒ⁸.
729 2847 861 2899 Ὀτι
884 2844 985 2899 δεῖ
1003 2844 1150 2911 τοὺς
1177 2845 1563 2910 ἐπισκόπους
1617 2848 1726 2912 τὰς
1747 2847 1878 2900 ἐπι-

349 2914 596 2981 σκοπὰς
627 2915 726 2968 καὶ
762 2919 833 2969 τὰ
855 2915 1242 2984 μοναστήρια
1304 2914 1772 2984 ἀνακαλεῖσθαι,
1825 2918 1877 2970 εί

351 2986 532 3039 κοινὰ
557 2985 835 3054 γένοιντο
870 2984 1232 3055 καταγώγια.

362 3100 428 3153 Ὀ
467 3100 567 3167 τῆς
622 3098 860 3169 ἑϐδόμης
920 3100 1144 3152 συνόδου
1180 3108 1248 3169 ιγ’
1304 3101 1486 3156 κανὼν
1547 3102 1672 3166 τοὺς
1722 3099 1880 3155 κοινά

1978 1994 2335 2075 ‘emineutior,
2365 1994 2686 2062 dignitatem
2717 1995 2766 2048 ei
2798 1996 3061 2063 praebere,
3089 1994 3170 2047 vel
3205 2001 3425 2062 prepter
3448 1993 3568 2062 ejus

1983 2085 2038 2138 in
2070 2095 2316 2140 sanctam
2353 2085 2654 2141 Ecclesiam
2707 2086 2864 2140 llden‘i
2919 2096 3119 2147 motus.
3171 2085 3255 2139 vel
3295 2086 3437 2156 ejus,
3469 2086 3565 2156 qui

1979 2176 2066 2230 illi
2107 2183 2304 2244 praeest
2340 2176 2618 2240 virtutem,
2652 2176 2955 2230 honorans.
2989 2173 3047 2229 Si
3073 2174 3219 2229 enim
3260 2191 3328 2229 ex
3378 2177 3569 2246 hujus-

1982 2267 2128 2319 mo-Ji
2164 2265 2349 2334 aliquo
2369 2266 2626 2335 specioso
2662 2277 2928 2337 praetextu
2984 2268 3280 2337 imperator
3319 2268 3569 2322 ecclesiae

1981 2357 2144 2412 alicui
2171 2357 2554 2427 praefecturam
2596 2358 2886 2429 largiatur,
2918 2367 3003 2414 est
3034 2359 3200 2413 etiam
3245 2359 3565 2423 verisimile,

1980 2449 2126 2518 quod
2159 2450 2471 2518 patriarcha
2508 2449 2659 2503 illius
2699 2449 2935 2504 antistiti
2985 2450 3403 2504 convenientem
3439 2465 3567 2520 gra-

1980 2540 2110 2595 dum
2140 2542 2195 2596 in
2230 2542 2439 2613 synodo
2463 2542 2531 2596 ab
2569 2556 2635 2596 eo
2666 2548 2994 2612 congregata
3026 2541 3247 2605 tribuet,
3281 2543 3333 2595 in
3360 2551 3568 2596 metro-

1982 2633 2211 2704 politani
2245 2632 2589 2688 l‘orsitanvel
2621 2634 3019 2703 archiepiscopi
3045 2634 3225 2688 locum
3258 2633 3456 2687 relato.

1979 2835 2134 2891 CAP.
2165 2834 2335 2890 XXII.
2382 2836 2539 2903 Quod
2576 2837 2912 2902 episcopatus
2957 2849 3005 2888 et
3061 2810 3384 2889 monasteria
3413 2851 3564 2888 iero-

2050 2924 2196 2969 care,
2226 2909 2273 2961 si
2299 2907 2603 2960 communia
2631 2906 2783 2975 facta
2817 2907 2922 2959 sint
2953 2905 3265 2970 diversoria,
3292 2908 3563 2973 ρρὶδεομυε

2052 2986 2276 3047 oportet.
2892 3012 2903 3013 ί

2054 3090 2314 3160 Septima:
2363 3089 2559 3161 synodi
2604 3089 2674 3146 l3
2723 3104 2899 3146 canon
2946 3089 3091 3154 illos,
3149 3090 3244 3160 qni
3299 3089 3566 3145 ecclesias

281 3191 611 3260 καταγώγια
646 3193 1021 3260 πεποιηκότας
1077 3195 1377 3259 ἐκκλησίας
1431 3194 1607 3259 τινὰς,
1661 3194 1695 3265 ἢ
1757 3195 1877 3247 ἔπι-

1982 3183 2196 3252 aliqnas
2246 3183 2330 3237 vel
2381 3183 2736 3253 episcopatus
2776 3182 2862 3236 vel
2920 3183 3255 3238 monasteria
3315 3183 3567 3240 iecerunt.

283 3282 581 3353 οκοπάς,ἢ
623 3284 987 3355 μοναστήρια,
1038 3283 1355 3349 ἐξίστασθαι
1403 3284 1609 3338 τούτων
1641 3283 1876 3347 κελεύει,

280 3377 354 3440 ὡς
387 3378 461 3431 ἂν
490 3375 646 3440 αὖθις
674 3377 733 3429 τὸ
780 3381 1007 3449 ἀρχαῖον
1054 3379 1260 3433 λάϐωσι
1313 3383 1500 3450 σχῆμα
1535 3398 1551 3412 ο
1584 3381 1634 3433 εί
1692 3380 1751 3433 δὲ
1801 3380 1875 3451 μὴ

285 3470 593 3539 βούλοιντο,
617 3469 917 3538 κληρικούς
955 3470 1060 3540 μὲν
1092 3473 1270 3536 ὄντας,
1321 3472 1726 3542 καθαιρεῖσθαι.
1761 3472 1878 3526 λαῖ-

281 3562 412 3624 κοῦς
462 3560 519 3613 δὲ
565 3560 951 3632 ἀφορίζεσθαι,
980 3563 1072 3615 καὶ
1097 3563 1175 3632 τῷ
1204 3564 1552 3633 ἀτελευτήτῳ
1605 3564 1876 3634 σκώληκι,

280 3656 379 3707 καὶ
407 3651 493 3722 τῷ
524 3653 601 3722 μὴ
654 3652 1005 3724 σϐεννυμένῳ
1057 3655 1192 3724 πυρὶ
1243 3654 1741 3725 παραπέμπεσθαι,
1798 3654 1875 3716 ὡς

282 3746 373 3798 τὸν
398 3745 499 3799 τοῦ
544 3745 681 3799 Θεοῦ
732 3742 882 3799 οἶκον
919 3746 1186 3816 ἐμπορίου
1242 3746 1533 3822 ποιοῦντας
1586 3740 1757 3798 οἶκον.
1799 3746 1874 3798 Οὐ

290 3838 397 3908 μὴν
422 3837 489 3890 τδ
522 3836 619 3890 τοῦ
652 3837 848 3908 χρόνου
884 3838 1291 3909 προϐαλοῦνται
1327 3838 1500 3908 μῆκος
1526 3837 1577 3890 οί
1626 3837 1726 3900 τὰς
1755 3837 1879 3891 ἐπι-

287 3929 504 3993 σκοπὰς
527 3930 608 3993 εἰς
641 3930 883 3999 κοσμικά
914 3929 1243 4000 μεταθέντες
1279 3929 1607 3998 καταγώγια
1628 3946 1643 3962 ο
1681 3931 1741 3983 οὐ
1766 3931 1875 4001 γὰρ

286 4022 579 4075 ἀποκλείει
633 4023 760 4086 τούς
823 4022 1306 4093 ἀνακαλουμένους
1372 4022 1546 4076 ταῦτα
1606 4021 1635 4073 ό
1673 4019 1876 4090 μεταξὺ

287 4115 518 4184 χρόνοςο
553 4113 621 4165 τὰ
657 4113 713 4166 δέ
760 4130 823 4180 γε
888 4129 1228 4183 μοναστηρια
1281 4113 1418 4183 μετά
1464 4111 1878 4180 τεσσαράκοντα

287 4202 382 4272 ἐτη
411 4201 517 4255 οὐκ
545 4201 792 4272 εὐχερῶς
830 4201 1306 4254 ἀποκαθίστανται
1337 4204 1448 4264 τοῖς
1483 4199 1874 4269 ἀναζητοῦσιν,

287 4297 338 4347 εί
368 4293 467 4347 καὶ
501 4293 590 4346 διὰ
620 4294 755 4363 ρᾳθυ
766 4293 898 4363 μίαν
937 4292 1043 4347 τῶν
1067 4292 1524 4364 προκατεχόντων
1560 4292 1642 4356 είς
1681 4290 1875 4353 αὐτοὺς

288 4384 609 4454 περιῆλθον.

289 4498 420 4552 Ὀτι
453 4499 527 4553 οὑ
563 4497 905 4553 κωλύονται
939 4499 993 4553 oi
1020 4495 1299 4565 κοσμικοί
1333 4495 1720 4566 μοναστήρια
1777 4480 1877 4551 ἔκ-

881 4567 1235 4637 λαμϐάνειν.

291 4747 702 4818 ἐκλαμϐάνουσι
752 4748 1049 4819 κωμικοῖς
1105 4749 1470 4817 μοναστήρια,
1528 4747 1583 4800 εἴ
1631 4765 1696 4816 γε
1739 4745 1877 4817 πρὸς

293 4842 489 4912 βελτίω
515 4844 871 4903 κατάστασιν,
899 4841 993 4895 καὶ
1053 4840 1190 4910 πρὸς
1237 4840 1480 4894 ἐπίδοσιν
1524 4842 1760 4909 κρείττω
1806 4839 1876 4892 τὰ

290 4936 391 5002 τῆς
421 4936 591 5006 μονῆς
626 4934 885 5003 γενέσθαι
929 4934 1143 4996 τούτοις
1191 4934 1473 5001 μελήσειε.
1541 4934 1714 4986 Τοῦτο
1764 4933 1876 5003 γὰρ

291 5028 389 5079 καὶ
415 5030 444 5081 ὁ
466 5027 633 5096 τόμος
664 5027 760 5080 τοῦ
780 5026 1132 5098 πατριάρχου
1165 5025 1392 5095 Σεργίου
1425 5025 1644 5093 ἐφίησιν
1671 5040 1687 5056 ·
1740 5024 1877 5078 ἀλλὰ

291 5120 415 5180 τοὺς
442 5117 732 5182 ποιοῦντας
762 5117 904 5171 αὐτά
930 5116 1172 5187 κοσμικά
1207 5116 1530 5186 καταγώγια
1590 5119 1687 5188 τῆς
1716 5134 1877 5170 κατο-

294 5210 394 5279 λῆς
431 5210 613 5264 αὐτῶν
638 5211 850 5277 ἐξωθεῖ.

293 5324 527 5377 ΚΕΦΔΛ
557 5322 684 5381 Kl".
742 5325 877 5394 Περὶ
927 5325 1048 5378 τῶν
1098 5326 1206 5379 τοῦ
1262 5324 1604 5379 ἐπισκόπου
1670 5323 1877 5379 ίδικῶν

362 5397 746 5465 ⁸πραγμάτων,
779 5395 876 5449 καὶ
912 5395 1071 5462 ὅπως
1117 5395 1217 5450 δεῖ
1242 5396 1317 5449 τὰ
1358 5394 1473 5465 τῆς
1535 5396 1903 5463 ἐκκλησίας·

361 5462 616 5519 διοικεῖν
640 5468 854 5521 αὐτόν.

370 5578 431 5630 ⁸0
499 5586 551 5650 μ’
612 5580 720 5633 τῶν
784 5580 958 5649 ἁγίων
1016 5579 1335 5635 ἀποστόλων
1387 5578 1566 5634 κανὼν
1631 5582 1723 5633 τὸν
1765 5581 1876 5635 ῐδια

283 5670 631 5741 κεκτημένον
660 5650 764 5740 πρό
801 5672 902 5740 τῆς
929 5672 1266 5742 χειροτονίας
1298 5670 1619 5737 ἐπίσκοπον,
1658 5669 1875 5723 κελεύει

280 5758 412 5828 δῆλα
473 5764 649 5816 ταῦτα
674 5765 873 5831 ποιεῖν,
906 5765 924 5829 ι
957 5764 1049 5817 καὶ
1115 5763 1192 5834 μὴ
1246 5766 1359 5825 τοῖς
1411 5763 1509 5833 τῆς
1581 5762 1880 5832 ἐκκλησίας

287 5859 568 5924 μιγνύειν,
601 5855 668 5910 ἵν’
697 5858 946 5923 ἐξουσίαν
991 5855 1090 5927 ἔχῃ
1138 5856 1430 5922 τελευτῶν,
1489 5850 1570 5921 οἷς
1627 5853 1875 5924 βούλεται

1904 4593 1952 4653 υ

359 4659 443 4713 Τὰ
472 4658 568 4711 τοῦ
597 4659 820 4720 κανόνος
853 4658 1039 4727 μέντοι
1099 4656 1200 4709 οὐκ
1235 4657 1488 4727 ἐμποδὼν
1542 4657 1697 4710 ἔσται
1756 4657 1871 4719 τοῖς
1916 4704 1922 4710 ,

1983 3272 2297 3326 communia
2321 3273 2648 3335 diversoria,
2666 3271 2824 3342 jubet
2846 3287 2910 3326 ea
2934 3273 3252 3339 immutare,
3274 3283 3336 3327 ut
3364 3274 3564 3328 iterum

1984 3365 2041 3419 in
2092 3365 2386 3434 pristinum
2452 3373 2659 3422 statum
2726 3365 3115 3420 restituantur.
3202 3365 3257 3420 Si
3315 3382 3448 3421 vero
3499 3381 3565 3421 ea

1983 3458 2209 3512 reddere
2238 3456 2436 3521 nolint,
2469 3458 2516 3512 si
2548 3457 2899 3527 sintquidem
2928 3457 3138 3521 clerici,
3173 3448 3562 3526 deponantur;

1983 3547 2067 3601 sin
2126 3549 2250 3602 laici
2296 3563 2448 3611 vero,
2495 3557 2883 3619 segregentur;
2943 3557 2999 3603 et
3055 3551 3249 3613 vermi,
3307 3551 3400 3620 qui
3456 3567 3564 3605 non

1984 3639 2237 3703 moritur,
2277 3648 2332 3693 et
2362 3640 2498 3710 igni,
2527 3640 2621 3709 qui
2655 3655 2764 3693 non
2791 3640 3181 3708 exstinguitur,
3211 3641 3565 3711 deputentur,

1986 3740 2040 3784 ut
2073 3730 2164 3799 qui
2202 3732 2429 3784 domum
2486 3729 2578 3785 Dei
2606 3730 2827 3784 domum
2872 3730 3265 3801 negotiationis
3293 3726 3564 3786 iecerunt.

1982 3819 2172 3888 Neque
2207 3820 2427 3891 quidem
2458 3820 2618 3875 multi
2666 3821 2929 3891 temporis
2968 3821 3157 3890 lapsus
3204 3822 3272 3876 iis
3323 3821 3570 3891 proﬁciet

1982 3915 2079 3981 qui
2111 3913 2462 3983 episcopatus
2493 3915 2546 3967 in
2576 3914 2860 3969 saecularia
2891 3922 3282 3968 converterunt
3317 3915 3568 3969 diverso-

1982 4006 2085 4059 ria.
2115 4004 2232 4059 Non
2263 4005 2411 4058 enim
2445 4006 2834 4060 intermedium
2875 4013 3093 4075 tempus
3140 4006 3282 4067 illos,
3331 4006 3425 4074 qui
3455 4007 3569 4061 haec

1983 4109 2245 4149 revocare
2297 4094 2506 4159 volunt,
2558 4094 2832 4163 prohibet.
2890 4093 3218 4150 Monasteria
3266 4110 3396 4149 vero
3443 4104 3570 4164 post

1981 4186 2343 4256 quadraginta
2374 4201 2645 4240 annorum
2669 4185 2907 4254 spatium
2937 4201 3044 4240 non
3070 4184 3231 4240 facile
3254 4187 3321 4240 ad
3351 4200 3569 4255 posses-

1982 4280 2137 4333 seres
2168 4286 2541 4342 revertuntur,
2598 4277 2728 4336 licet
2760 4292 2855 4347 per
2881 4277 3130 4347 priorum
3177 4292 3562 4347 possessorum

1982 4370 2293 4426 socordiam
2332 4369 2397 4425 ad
2430 4369 2557 4425 illos
2585 4379 2876 4430 venerunt.

1982 4481 2136 4548 Quod
2200 4482 2526 4537 monasteria
2600 4483 2839 4606 accbipere
2904 4482 3188 4562 “acutiores
3231 4499 3333 4538 non
3375 4483 3565 4554 pro/Ii-

2703 4563 2878 4606 entur.

2703 4563 2878 4607 entur.

2052 4644 2154 4701 Hic
2173 4660 2349 4700 canon
2368 4645 2622 4716 equidem
2655 4646 3014 4701 saecularibus
3057 4648 3389 4702 monasteria
3420 4650 3569 4704 acci-

1981 4754 2112 4809 pere
2173 4754 2284 4794 non
2317 4739 2619 4803 interdicit,
2680 4740 2726 4792 si
2788 4738 2856 4793 ad
2907 4737 3186 4792 meliorem
3244 4740 3567 4800 monasterii

1983 4832 2252 4886 bonorum
2286 4833 2732 4887 constitutionem
2781 4839 2839 4885 et
2877 4831 3141 4914 majorem
3194 4832 3565 4885 accessionem

1982 4925 2050 4979 ab
2088 4925 2169 4979 eis
2217 4925 2334 4980 haec
2388 4923 2635 4979 iacienda
2694 4922 2826 4978 sint.
2871 4920 2989 4975 Hoc
3035 4922 3200 4976 etiam
3236 4922 3563 4991 patriarcha:

1983 5016 2160 5087 Sergii
2206 5018 2488 5071 decretum
2516 5015 2765 5086 permisit
2799 5022 2895 5068 :at
2928 5027 3020 5069 eos
3049 5014 3143 5083 qui
3168 5014 3258 5068 illa
3280 5014 3565 5069 saecularia

1982 5109 2193 5165 iaciunt
2217 5108 2544 5174 diversoria,
2581 5108 2649 5161 ab
2675 5121 2865 5162 eorum
2893 5106 3250 5181 possessione
3316 5108 3562 5177 expellit.

1981 5313 2141 5372 CAP.
2201 5313 2533 5387 XXIllabe
2582 5314 3076 5387 privatis__episcopi
3127 5316 3295 5382 bonis,
3337 5327 3390 5371 et
3439 5332 3571 5387 quo-

2054 5388 2212 5442 modo
2250 5386 2481 5441 ecclesia:
2523 5383 2732 5457 negotia
2785 5383 2941 5439 illum
2986 5383 3366 5442 administrare
3414 5383 3569 5455 opor-

2056 5469 2150 5515 tet.
2875 5502 2888 5511 .

2058 5573 2531 5644 Quadragesimus
2574 5558 2891 5627 sanctorum
2943 5570 3314 5640 apostolorum
3386 5583 3563 5623 canon

1984 5670 2326 5737 episcopum,
2365 5666 2458 5736 qui
2514 5682 2600 5721 res
2636 5666 2884 5735 proprias
2933 5674 3226 5732 antequam
3276 5663 3564 5718 ordinatus

1987 5762 2111 5821 fuit,
2137 5761 2476 5831 possidebat,
2532 5758 2657 5814 illas
2708 5755 3026 5812 manifestas
3078 5755 3259 5811 facere
3303 5755 3565 5826 jubet,et

1987 5873 2097 5913 non
2134 5854 2392 5913 Ecclesiae
2445 5853 2609 5909 rebus
2651 5851 2979 5916 immiscere,
3025 5857 3085 5905 ut
3110 5849 3180 5907 sit
3211 5849 3265 5905 in
3307 5848 3422 5915 eius
3464 5861 3565 5913 po-
