4054 6410
544 362 564 423 1
581 362 681 424 “07

1734 370 2096 431 ΜΑΤΤΗΕΙ
2146 369 2573 441 BLASTARIS

3642 386 3750 456 1308

539 483 736 530 testate
769 488 895 529 cum
948 474 1207 541 moritur,
1236 476 1437 546 quibus
1474 478 1591 533 vult
1629 488 1685 535 et
1712 480 1792 535 'ut
1846 483 1985 548 vult,
2040 482 2122 537 illa

2236 487 2329 538 καὶ
2358 488 2435 550 ὡς
2467 487 2717 557 βούλεται
2757 491 2928 545 ταῦτα
2970 490 3318 562 καταλιπεῖν,
3341 495 3613 565 ὀρθοδόξοις
3650 503 3760 569 μέν.⁴

540 564 877 634 relinquere,
931 563 1097 618 modo
1163 566 1276 619 sint
1331 567 1624 622 orthodoxi
1679 568 2017 637 Christiani;
2075 583 2130 626 et

542 670 652 709 non
687 670 871 709 rerum
903 655 1402 729 ecclesiasticarum
1436 660 1728 717 occasione
1768 677 1856 717 res
1884 663 2128 734 episcopi

544 746 1021 820 intercidant,ﬁqui
1073 763 1467 816 nonnunquam
1528 767 1762 808 uxorem
1816 762 1872 810 et
1923 756 2129 812 liberos

543 834 731 895 habet,
761 836 843 889 vel
873 845 1164 903 cognatos,
1202 847 1295 892 aut
1329 838 1582 896 famulos.
1616 841 1835 897 Justum
1871 845 2016 898 enim
2047 853 2132 901 est

540 931 684 998 apud
721 928 885 985 Deum
919 940 972 985 et
998 932 1270 997 homines,
1319 942 1380 988 ut
1433 950 1534 989 nec
1586 936 1815 992 ecclesia
1867 937 2126 993 damnum

539 1024 804 1092 percipiat
844 1034 1066 1093 propter
1099 1026 1342 1096 episcopi
1375 1028 1641 1082 bonorum
1677 1030 2078 1099 ignorationem
2109 1047 2126 1097 ;

540 1131 639 1170 uec
677 1117 992 1186 episcopus,
1022 1116 1110 1171 vel
1165 1118 1285 1184 ejus
1325 1120 1483 1189 127
1516 1122 1738 1189 cognati
1797 1137 1979 1177 rerum
2036 1139 2131 1180 ec-

536 1205 717 1258 clesiae
774 1207 1068 1263 occasione
1114 1207 1318 1265 damno
1379 1210 1713 1278 adiciantur,
1763 1230 1887 1283 qua!
1935 1214 2127 1271 forsan

538 1296 845 1366 debitorum
877 1300 1135 1369 gravitati
1175 1301 1424 1371 subjecta
1468 1313 1572 1369 est,
1611 1314 1665 1359 et
1699 1305 1753 1358 in
1805 1308 2023 1377 negotia
2072 1316 2131 1362 et

539 1384 661 1440 lites
710 1387 974 1447 incidant.
1025 1399 1082 1443 et
1130 1392 1250 1459 ejus
1291 1402 1524 1447 mortem
1579 1394 1889 1469 maledictis
1941 1412 2130 1466 prose-

538 1490 799 1549 quantur.
827 1480 942 1536 Nisi
972 1481 1145 1546 enim,
1183 1495 1236 1538 et
1263 1501 1387 1554 quae
1433 1496 1560 1540 ante
1612 1489 2038 1556 ordinationem,
2075 1499 2130 1546 et

537 1588 660 1641 quae
692 1584 813 1641 post
842 1589 962 1627 eam
1018 1576 1084 1629 ad
1129 1575 1281 1629 illum
1331 1577 1575 1647 legitime
1611 1581 1990 1650 pertinebant,
2036 1598 2127 1637 ra-

542 1664 690 1719 tione
733 1665 1013 1733 probabili.
1054 1667 1345 1723 manifesta
1409 1668 1612 1737 faciat;
1658 1672 1753 1740 qui
1823 1681 1947 1742 post
2001 1688 2127 1728 eum

537 1756 826 1811 ordinatus
876 1768 961 1812 est
1002 1759 1291 1828 episcopus
1346 1762 1531 1816 omnia
1571 1763 1695 1832 ejus
1741 1764 1888 1820 bona
1933 1780 2130 1835 appre-

539 1848 762 1912 hendat,
792 1848 1100 1904 debitorum
1140 1851 1476 1908 solutionem
1516 1855 1740 1909 omnino
1770 1856 1823 1909 in
1865 1872 1924 1912 se
1952 1858 2129 1913 susci-

537 1956 691 2008 lupus

630 1958 713 1995 IIS.

577 1957 1074 2101 Iguadragesimus
1106 2036 1318 2104 primus
1349 2036 1446 2101 ait,
1479 2039 1798 2109 episcopum
1853 2040 1996 2095 bona
2030 2057 2125 2096 ec-

538 2123 846 2180 clesiastica
897 2126 1322 2183 administrandi
1388 2138 1713 2198 potestatem
1777 2131 2020 2196 habere,
2071 2140 2125 2186 et

535 2215 658 2283 ejus
680 2215 949 2270 arbitratu
987 2216 1077 2271 illa
1104 2217 1436 2288 dispensari,
1476 2220 1728 2277 diaeonis
1757 2222 2120 2279 ecclesiarum

541 2305 594 2358 in
628 2305 826 2361 virtute
857 2315 912 2361 et
976 2308 1383 2365 existimatione
1430 2310 1575 2365 bona
1619 2312 1810 2368 electis
1852 2322 2122 2371 utentem.

541 2397 598 2450 Si
629 2399 774 2452 enim
833 2400 1197 2469 pretiosarum
1250 2411 1301 2456 et
1351 2401 1747 2459 immortalium
1805 2407 2121 2464 animarum

540 2488 1072 2544 administrationem
1108 2503 1503 2562 consequatur,
1530 2497 1705 2551 multo
1736 2499 1910 2569 magis
1937 2515 2121 2555 rerum

541 2579 907 2633 materialium
942 2588 999 2635 et
1026 2583 1467 2653 corruptibilium
1499 2586 1841 2656 dispensatio
1876 2591 1954 2645 illi
1988 2607 2121 2647 con-

530 2673 804 2727 credenda
828 2684 953 2741 est;
989 2683 1050 2729 ut
1090 2676 1218 2739 illis,
1261 2677 1355 2746 qui
1387 2688 1567 2748 egent,
1596 2688 1651 2735 et
1709 2680 1991 2749 fratribus,
2029 2686 2120 2753 qui

529 2763 973 2831 peregrinantur,
1009 2766 1061 2819 in
1092 2768 1353 2824 omnibus
1375 2770 1492 2825 suis
1527 2775 1954 2831 necessitatibus
1984 2777 2120 2831 sub-

534 2855 826 2910 ministret.
859 2859 1031 2912 Porro
1061 2866 1116 2914 et
1162 2874 1293 2930 erga
1326 2861 1465 2918 alios
1521 2863 1854 2934 hospitalem,
1907 2878 2124 2937 oportet

530 2962 659 3002 esse
687 2948 1006 3017 episcopum
1034 2966 1050 3017 ;
1083 2959 1141 3005 et
1186 2967 1378 3006 eorum
1437 2954 1769 3024 quibusdam
1820 2959 1895 3012 uti
1927 2961 1995 3013 ad
2024 2976 2122 3015 ne-

524 3042 804 3097 cessarios
842 3042 962 3109 ejus
1000 3058 1152 3109 usus,
1171 3045 1432 3100 alimenta
1459 3046 1670 3104 scilicet
1697 3056 1757 3104 et
1786 3051 2117 3107 vestimenta

2231 594 2312 629 τοι
2344 581 2707 649 Χριστιανοῖς·
2742 585 2837 637 καὶ
2864 585 2940 654 μὴ
2970 587 3243 657 προφάσει
3305 584 3410 642 τῶν
3454 592 3546 661 τῆς
3591 590 3753 663 ἐκκλη-

2234 670 2355 734 σίας
2411 674 2754 742 πραγμάτων
2800 676 3141 733 ἀπόλλυσθαι
3199 680 3268 733 τὰ
3336 679 3427 733 τοῦ
3474 683 3751 751 ἐπισκόπου,

2232 765 2469 831 γυναῖκα
2493 766 2587 818 καὶ
2611 766 2810 830 παῖδας
2849 767 2964 820 ἐσθ’
3014 769 3106 822 ὅτε
3138 773 3494 842 κεκτημένου,
3520 773 3551 843 ἢ
3590 791 3754 842 συγγε-

2232 859 2365 921 νεῖς,
2401 858 2433 927 ἢ
2469 857 2687 922 οἰκέτας
2709 877 2722 890 ·
2751 860 2964 914 δίκαιον
2993 863 3104 931 γάρ
3136 862 3287 932 παρὰ
3315 864 3428 934 Θεῷ
3462 866 3550 917 καὶ
3578 866 3756 936 ἀνθρώ-

2234 965 2358 1010 ποις
2420 950 2562 1018 μήτε
2613 949 2712 1021 τὴν
2758 951 3058 1021 ἐκκλησίαν
3107 952 3433 1023 ζημιοῦσθαι
3465 957 3636 1027 ἀγνοίᾳ
3673 960 3759 1010 τῶν

2231 1038 2324 1091 τοῦ
2354 1040 2654 1093 ἐπισκόπου
2717 1044 3089 1112 πραγμάτων,
3128 1046 3265 1115 μήτε
3317 1046 3404 1099 τὸν
3445 1048 3758 1117 ἐπίσκοπονῆ

2230 1130 2358 1191 τοὶνς
2382 1130 2545 1182 αὐτοῦ
2572 1135 2877 1199 συγγενεῖς,
2898 1136 3174 1205 προφάσει
3204 1137 3312 1190 τῶν
3359 1137 3453 1206 τῆς
3484 1138 3758 1208 ἐκκλησίας,

2232 1217 2439 1289 ζημίαν
2485 1221 2801 1298 ὑπομένειν,
2832 1225 2991 1295 βάρει
3018 1226 3198 1296 χρεῶν
3244 1228 3373 1289 ῐσως
3415 1228 3758 1298 ὑποκειμένης,

2233 1309 2328 1362 καὶ
2353 1290 2768 1387 είεοπράγματα
2796 1290 3456 1383 τούτοις-ἐμπίπτοντας,
3510 1316 3580 1386 τῷ
3600 1290 3761 1371 ἀὑτοὺ

2230 1396 2681 1468 διαλοιδορεῖσθαι
2720 1400 2957 1470 θανάτῳ.
3016 1403 3081 1457 Εἰ
3104 1404 3210 1474 γὰρ
3242 1403 3318 1475 μὴ
3345 1405 3475 1473 δῆλα
3504 1405 3566 1458 τά
3591 1421 3641 1457 τι
3676 1405 3761 1474 πρὸ

2232 1485 2330 1557 τῆς
2357 1489 2712 1559 χειροτονίας,
2744 1492 2927 1546 καὶτὰ
2956 1495 3098 1563 μετᾶ
3126 1495 3332 1565 ταύτην
3383 1495 3527 1562 αὑτῷ
3578 1496 3764 1566 περιελο

2233 1577 2418 1642 θόντα.
2441 1579 2502 1644 ἐξ
2529 1582 2713 1646 αίτίας
2738 1582 3107 1655 εὐπροσώπου
3141 1587 3450 1657 ποιήσαιτο,
3485 1588 3585 1641 τῶν
3627 1586 3761 1641 αὐτοῦ

2234 1670 2454 1723 πάντων
2482 1672 2509 1723 6
2536 1675 2655 1742 μετ’
2678 1675 2841 1727 αὐτὸν
2868 1676 3280 1746 χειροτονηθεὶς
3320 1677 3611 1744 ἀνθέξεται,
3655 1682 3765 1733 ἀνα·

2232 1764 2548 1836 δεδεγμένος
2575 1770 2794 1832 πάντως
2843 1773 2936 1822 καὶ
2961 1770 3059 1842 τὴν
3080 1771 3188 1825 τῶν
3211 1773 3391 1843 χρεών
3418 1772 3628 1828 ἔκτισιν.

2309 2028 2368 2082 ’0
2416 2029 2474 2082 δὲ
2518 2047 2596 2101 μα
2685 2029 2778 2083 τὸν
2845 2030 3150 2086 ἐπίσκοπον
3206 2032 3309 2101 τὴν
3358 2030 3596 2096 ἐξουσίαν
3651 2031 3766 2099 ἐχειν

2226 2121 2335 2172 τῶν
2364 2122 2463 2191 τῆς
2508 2121 2805 2190 ἐκκλησίας
2853 2124 3135 2177 ἐπιτάττει
3154 2123 3521 2194 πραγμάτων,
3547 2121 3631 2175 καὶ
3653 2119 3765 2173 κατὰ

2225 2206 2325 2276 τὴν
2355 2206 2524 2261 αὐτοῦ
2547 2208 2722 2263 ταῦτα
2747 2210 3072 2265 διοικεῖσθαι
3095 2212 3355 2282 γνώμην,
3381 2211 3637 2274 διακόνοις
3651 2208 3767 2280 χρώ-

2228 2316 2388 2370 μενον
2416 2301 2524 2353 τῶν
2555 2300 2833 2372 κληρικῶν
2880 2304 2996 2367 τοῖς
3043 2303 3448 2373 ἐξειλεγμένοις
3501 2305 3580 2356 ἐπ’
3628 2302 3764 2371 ἀρετῇ

2227 2392 2322 2445 καὶ
2362 2392 2629 2464 ὑπολήψει
2672 2397 2908 2466 χρηστῇ.
2949 2394 3012 2448 El
3043 2396 3153 2468 γάρ
3183 2397 3298 2450 τῶν
3336 2396 3530 2466 τιμίω-ι
3554 2395 3638 2448 καὶ
3660 2394 3766 2447 ἀθα-

2225 2487 2401 2541 νάτων
2445 2486 2635 2556 ψυχῶν
2691 2488 3095 2558 ἐπιτέτραπται
3151 2488 3255 2558 τὴν
3307 2488 3589 2558 διοίκησιν,
3621 2485 3766 2556 πολλῷ

2225 2596 2288 2648 γε
2322 2578 2387 2648 δὴ
2419 2580 2741 2634 πιστευτέον
2765 2580 2915 2650 αὑτῷ
2952 2581 3051 2651 τὴν
3076 2580 3186 2634 τῶν
3217 2582 3424 2635 ὑλικῶν
3445 2600 3503 2634 τε
3528 2582 3615 2634 καὶ
3641 2579 3766 2650 φθει-

2227 2672 2496 2742 ρομένων,
2527 2671 2672 2726 ὥστε
2700 2674 2960 2744 χορηγεῖν
3006 2670 3183 2727 ταῦτα
3218 2677 3339 2738 τοῖς
3397 2676 3656 2745 δεομένοις
3694 2672 3768 2725 καὶ

2224 2767 2334 2827 τοῖς
2360 2764 2806 2834 ἐπιξενουμένοις
2848 2764 2958 2817 τῶν
2988 2764 3263 2834 ἀδελφῶν,
3308 2766 3406 2820 καὶ
3458 2764 3668 2838 μηδενὸς
3703 2765 3769 2816 ἐν·

2222 2856 2359 2918 δςῶς
2388 2854 2612 2926 ἔχοντας
2642 2856 2911 2929 καθιστᾷν
2939 2872 2954 2886 ⁸
3024 2858 3235 2912 ἐπείτοι
3282 2874 3348 2925 γε
3390 2860 3484 2913 καὶ
3535 2860 3771 2926 ςι).όξενον

2223 2940 2365 2999 εἶναι
2402 2945 2486 2996 δεῖ
2512 2944 2603 2999 τὸν
2626 2946 2925 3001 ἐπίσκοπον
2955 2947 3093 3017 πρὸς
3133 2951 3247 3013 τοῖς
3316 2950 3534 3014 ἄλλοις⁸
3568 2945 3769 3020 χρῆσθαι

2221 3034 2278 3087 δέ
2303 3052 2414 3088 τισι
2447 3035 2655 3090 τούτων
2691 3038 2784 3089 καὶ
2815 3039 2894 3101 εἰς
2914 3038 3013 3101 τὰς
3044 3039 3359 3106 ἀναγκαίας
3401 3038 3562 3093 αὑτοῦ
3590 3037 3767 3108 χρείας.

530 3131 833 3185 secundum
887 3131 1135 3187 divinum
1184 3135 1549 3203 Apostolum;
1594 3154 1703 3193 non
1749 3141 2000 3210 equidem
2050 3142 2115 3197 ad

2225 3128 2524 3197 διατροφάς
2555 3146 2637 3194 τε,
2694 3129 2861 3200 φημὶ,
2921 3130 3015 3183 καὶ
3073 3131 3474 3202 σκεπάσματα,
3522 3130 3655 3184 κατά
3698 3127 3771 3180 τὸν

532 3221 761 3279 deliclas
841 3224 967 3278 vitae
1017 3234 1071 3279 et
1115 3226 1400 3283 mollitiem
1456 3240 1510 3284 et
1564 3245 2010 3299 supervacaneos
2064 3243 2118 3288 et

531 3315 756 3371 inutiles
789 3316 1082 3386 appetitus.
1116 3317 1320 3375 Statuit
1338 3322 1542 3377 etenim
1576 3322 1681 3389 lex,
1719 3333 1779 3379 ut
1812 3324 1904 3394 qui
1958 3325 2117 3380 altari

531 3406 799 3468 assident,
842 3424 912 3463 ex
967 3409 1124 3463 altari
1176 3411 1436 3479 alantur;
1517 3414 1966 3484 quandoquidem
2018 3432 2119 3471 nec

532 3496 687 3553 miles
731 3514 972 3569 unquam
1028 3503 1262 3571 propriis
1326 3506 1645 3574 sumptibus
1703 3508 1968 3566 adversus
2014 3510 2119 3565 ho-

529 3596 645 3645 stes
695 3606 847 3647 arma
880 3608 1176 3662 capessere
1200 3605 1434 3665 paratus
1481 3598 1574 3654 sit.

603 3863 717 3920 ﬂos
747 3865 888 3921 duos
911 3868 1241 3936 apostolicos
1266 3884 1509 3925 canones
1536 3870 1893 3927 Antiocheam
1922 3874 2117 3944 synodi

527 3957 830 4017 vicesimus
851 3970 1082 4028 quartus
1103 3972 1154 4015 et
1178 3961 1407 4032 quintus
1435 3972 1753 4031 sequentes,
1778 3966 1967 4037 eadem
1993 3982 2116 4022 cum

528 4048 621 4104 liis
642 4050 964 4114 decernunt,
986 4065 1042 4106 et
1063 4052 1366 4122 adjiciunt:
1392 4053 1449 4109 Si
1481 4055 1561 4110 eis
1587 4056 1828 4123 quidem,
1852 4074 1975 4126 (luta
2006 4058 2121 4112 suf-

533 4141 747 4205 ﬁciunt,
771 4144 1063 4213 episcopus
1106 4146 1287 4201 vivere
1334 4162 1445 4201 non
1482 4149 1909 4217 persuadeatur,
1940 4165 2121 4220 neque

528 4247 597 4288 ex
631 4248 822 4289 eorum
844 4237 1139 4300 sententia,
1165 4239 1257 4306 qui
1293 4237 1357 4290 in
1372 4239 1521 4292 clero
1560 4240 1844 4294 constituti
1864 4251 2012 4304 sunt,
2043 4256 2123 4296 re-

528 4337 654 4376 rum
677 4324 1177 4381 ecclesiasticarum
1202 4326 1415 4380 reditus
1450 4328 1859 4393 administrare,
1885 4341 1939 4384 et
1971 4346 2121 4385 sum-

526 4423 657 4483 ptus
690 4415 927 4485 denique
965 4433 1071 4485 qua
1102 4419 1315 4473 ratione
1341 4429 1558 4488 oportet
1584 4420 1795 4487 facere;
1827 4423 1924 4477 sed
1953 4422 2117 4477 etiam

526 4507 786 4574 cognatis
820 4507 937 4561 suis
967 4508 1190 4563 illorum
1224 4510 1761 4584 administrationem
1794 4515 2114 4584 relinquens
2146 4496 2193 4555 D

524 4597 587 4650 in
613 4599 862 4666 proprios
890 4614 1027 4654 usus
1057 4601 1322 4671 majorem
1376 4614 1585 4672 partem
1615 4605 1925 4668 convertit,
1977 4605 2114 4660 adeo

524 4691 753 4746 utclam
776 4692 1168 4751 detrimentum
1206 4700 1424 4769 capiant
1467 4718 1651 4756 rerum
1708 4703 2114 4759 ecclesiastica-

502 4801 650 4837 -rmn
698 4787 972 4845 rationes:
1021 4789 1232 4859 justum
1297 4805 1484 4859 esset,
1550 4803 1611 4850 ut
1665 4795 1759 4849 ille
1814 4797 2116 4865 provincia:

522 4879 1049 4961 synodo.tanquam
1106 4884 1454 4947 ealculatori.
1509 4887 1604 4955 qui
1653 4888 1833 4957 decipi
1900 4890 2111 4957 nequit,

522 4970 1026 5029 adiuiuistrationis
1069 4976 1338 5031 rationem
1375 4978 1588 5033 reddat.
1634 4978 1690 5033 Si
1752 4994 1881 5032 vero
1924 4996 2116 5035 rursus

522 5063 821 5132 cpiscopus
854 5066 1226 5133 insimuletur,
1271 5078 1326 5123 et
1371 5070 1613 5139 quicum
1664 5072 1759 5127 illo
1811 5082 1939 5128 sunt
1991 5089 2115 5142 pre-

523 5155 751 5223 sbyteri,
784 5159 929 5219 quod
967 5144 1109 5212 bona
1169 5161 1539 5217 ecclesiastica
1590 5164 1694 5218 sibi
1728 5164 1880 5234 ipsis,
1917 5175 1970 5218 et
2004 5180 2113 5219 non

523 5245 607 5297 uti
642 5245 819 5308 decet.
860 5263 1123 5318 erogant;
1185 5267 1252 5308 ex
1303 5269 1413 5325 quo
1467 5271 1737 5326 pauperes
1788 5258 2116 5313 necessariis

520 5338 774 5394 destituti
840 5343 1105 5399 subsidiis
1161 5357 1423 5414 careant,
1480 5348 1708 5405 infamia
1770 5364 1901 5404 vero
1974 5350 2115 5404 male

523 5440 697 5501 gestae
724 5448 908 5489 rerum
963 5438 1455 5505 administrationi,
1513 5452 1566 5495 et
1599 5442 1723 5507 illis,
1771 5443 1860 5511 qui
1899 5458 1995 5497 eas
2020 5443 2115 5496 ad-

526 5523 849 5579 ministrant
878 5515 903 5592 ,’
959 5529 1274 5585 adhazreat:
1343 5533 1457 5587 haec
1517 5533 1681 5587 etiam
1746 5534 2110 5605 corrigantur,

526 5616 738 5683 synodo
793 5618 942 5686 quod
983 5635 1199 5689 aequum
1233 5632 1319 5678 est
1368 5625 1709 5695 expluraute.
1762 5628 1955 5694 Qua‘rc
1997 5639 2049 5683 et
2082 5629 2114 5681 ιι

526 5715 689 5774 Caput
712 5707 900 5764 litterae
921 5714 980 5765 Δ.

2226 3226 2369 3279 θεῖον
2402 3223 2729 3277 Ἀπόστολον
2751 3238 2765 3254 ·
2791 3222 2853 3275 οὐ
2875 3223 2980 3293 μὴν
3006 3223 3086 3286 είς
3131 3224 3351 3292 τρυφάς
3383 3225 3478 3277 καὶ
3529 3220 3771 3293 βλακείας,

2159 3321 2165 3325 ⁷
2222 3320 2318 3374 καὶ
2355 3317 2622 3388 περιττὰς
2664 3315 2877 3387 ὀρέξεις
2906 3318 2999 3369 καὶ
3041 3317 3333 3385 ἀνοήτους.
3394 3316 3502 3369 Καὶ
3527 3314 3669 3386 γὰρό
3707 3311 3774 3365 νό-

2227 3431 2326 3485 μος
2356 3412 2662 3477 διετάξατο,
2693 3412 2822 3474 τοίς
2883 3410 2960 3481 τῷ
3022 3410 3410 3483 θυσιαστηρίῳ
3479 3405 3748 3479 προσεδρεὺ
3804 3468 3811 3475 η

2221 3522 2378 3569 οντας
2447 3507 2512 3557 ἐκ
2582 3504 2688 3557 ’τοῦ
2767 3503 3165 3573 θυσιαστηρίου
3258 3504 3592 3574 τρέφεσθαιο
3652 3499 3752 3553 ἐπεί

2223 3613 2329 3669 περ
2393 3596 2517 3650 οὑδὲ
2595 3593 2940 3664 στρατιώτης
2988 3593 3263 3663 δήπουθεν
3353 3594 3504 3657 ἰδίοις
3560 3589 3773 3662 ὀψωνίοις

2220 3690 2362 3743 ὅπλα
2419 3688 2561 3741 κατὰ
2624 3686 2735 3742 τῶν
2802 3686 3079 3757 πολεμίων
3141 3685 3386 3759 ἄρασθαι
3455 3681 3773 3756 προθυμηθή-

2224 3796 2399 3834 σεται.

2292 3874 2420 3935 Τοῖς
2448 3872 2570 3926 δυσὶ
2595 3869 2808 3935 τούτοις
2831 3871 3218 3935 ἀποστολικοῖς
3285 3872 3511 3925 κανόσιν
3556 3871 3777 3939 ἑπόμενοι

2222 3964 2250 4018 ὃ
2282 3982 2340 4018 τε
2373 3964 2453 4016 κδ’
2488 3965 2583 4016 καὶ
2617 3965 2644 4016 6
2695 3960 2777 4017 κε’
2805 3963 2908 4032 τῆς
2960 3965 3017 4017 ἐν
3070 3964 3390 4035 Ἀντιοχείᾳ
3442 3964 3673 4022 συνόδου,
3722 3958 3778 4010 τά

2225 4057 2368 4110 αὐτὰ
2402 4056 2531 4125 περὶ
2566 4054 2672 4107 τῶν
2703 4055 2885 4108 αὑτῶν
2944 4054 3180 4119 ἐκείνοις
3247 4055 3661 4127 ἐπιψηφίζουσι,
3698 4049 3777 4104 καὶ

2224 4147 2532 4213 ἐπάγουσιν
2562 4161 2575 4174 °
2614 4147 2710 4201 “Av
2737 4147 2794 4199 δέ
2819 4149 2934 4210 τοῖς
2988 4146 3315 4215 ἀποχρῶσιν
3344 4149 3372 4199 6
3406 4149 3688 4207 ἐπίσκοπος
3715 4141 3775 4209 μὴ

2223 4238 2448 4307 αἱρῆται
2498 4235 2712 4305 βιῶναι,
2757 4241 2892 4308 μήτε
2922 4237 3031 4308 μὴν
3058 4236 3267 4309 είδήσει
3302 4239 3412 4293 τῶν
3433 4239 3492 4291 ἐν
3522 4236 3593 4308 τῷ
3622 4235 3777 4304 κλήρῳ

2222 4332 2322 4393 τὰς
2382 4331 2679 4402 προσόδους
2734 4330 2861 4405 τῶν
2920 4334 3019 4400 τῆς
3095 4331 3401 4399 ἐκκλησίας
3474 4327 3777 4401 πραγμάτων

2223 4420 2593 4489 εἰσδέχεσθαι,
2630 4421 2728 4474 καὶ
2757 4421 2855 4491 τὴν
2873 4421 3148 4490 χορηγίαν
3206 4415 3434 4496 αὖθιςῇ
3471 4420 3585 4474 δέον
3634 4417 3779 4469 ποιεῖο

2220 4513 2346 4565 σθαι
2388 4529 2402 4543 ·
2436 4515 2498 4566 οὑ
2536 4513 2645 4583 μὴν
2680 4512 2816 4567 ἀλλὰ
2845 4516 2942 4566 καὶ
2970 4514 3083 4576 τοῖς
3107 4512 3260 4581 γένει
3297 4516 3634 4585 προσήκουσι
3658 4510 3777 4563 διαι-

2219 4611 2413 4678 τηταῖς
2446 4613 2656 4662 τούτων
2685 4608 2991 4679 χρώμενος,
3049 4611 3131 4671 είς
3194 4611 3412 4674 οἰκείας
3469 4609 3684 4679 ἐκφέρει
3721 4602 3776 4655 τὰ

2218 4701 2391 4754 πλείω
2422 4702 2636 4770 χρείας,
2668 4701 2743 4765 ώς
2789 4700 3095 4771 λεληθότως
3133 4700 3476 4770 βλάπτεσθαι
3533 4701 3653 4761 τοὺς
3705 4702 3777 4749 λο-

2218 4792 2457 4861 γισμοὺς
2493 4792 2603 4845 τῶν
2633 4792 2983 4862 πραγμάτων
3054 4792 3157 4860 τῆς
3213 4793 3539 4861 ἐκκλησίας,
3580 4788 3776 4845 εὐθύνας

2220 4886 2287 4939 ἂν
2317 4884 2403 4955 εἴη
2455 4883 2659 4947 δίκαιος
2696 4885 2980 4954 ὑποσχεῖν,
3015 4878 3104 4937 οἷα
3148 4878 3451 4951 λογισταῖς
3475 4877 3777 4953 ἁπαραλογί·

2221 4994 2391 5040 στοις,
2408 4979 2475 5047 τῇ
2508 4976 2716 5045 συνόδῳ
2740 4978 2837 5045 τῆς
2862 4977 3157 5044 ἐπαρχίας.
3186 4976 3247 5027 Εἰ
3275 4976 3325 5029 δ’
3349 4976 3509 5038 αὖθις
3528 4978 3554 5027 6
3582 4974 3773 5026 ἐπίσκο-

2220 5086 2319 5131 πος
2347 5067 2718 5130 διαϐάλλοιτο,
2768 5067 2861 5120 καὶ
2888 5069 2936 5118 οἱ
2975 5067 3072 5120 σὺν
3104 5066 3255 5135 αὑτῷ
3310 5066 3688 5136 πρεσϐύτεροι,
3716 5059 3776 5119 ὡς

2218 5160 2286 5215 ἂν
2338 5159 2408 5212 τά
2460 5160 2558 5227 τῆς
2593 5159 2896 5227 ἐκκλησίας
2930 5161 3010 5219 εἰς
3044 5160 3274 5223 ἑαυτοὺς
3327 5161 3424 5211 καὶ
3489 5159 3589 5210 οὐκ
3629 5157 3698 5215 είς
3728 5149 3775 5201 τὺ

2220 5255 2338 5307 δέον
2369 5250 2741 5311 δαπανῶντες,
2772 5251 2848 5311 ὡς
2893 5249 3178 5303 θλίϐεσθαι
3250 5250 3354 5319 μέν
3410 5251 3536 5311 τοὺς
3572 5250 3775 5312 πένητας

2223 5346 2298 5414 μὴ
2325 5343 2391 5396 τὰ
2424 5341 2561 5411 πρὸς
2594 5332 2792 5411 χρείαν
2843 5341 3266 5411 ποριζομένους,
3341 5327 3774 5434 β).ασφημίαν-δὲ

2219 5439 2296 5505 τῷ
2321 5454 2379 5489 τε
2409 5433 2661 5504 λογισμῷ
2702 5434 2810 5486 τῶν
2871 5432 3218 5505 πραγμάτων
3287 5431 3391 5486 καὶ
3464 5431 3576 5493 τοῖς
3631 5431 3778 5479 ταῦτα

2219 5526 2485 5581 διοικοῦσι
2545 5524 2999 5596 προστρίϐεσθαι,
3056 5525 3153 5578 καὶ
3209 5523 3389 5577 ταῦτα
3467 5517 3776 5590 διορθώσεως

2221 5618 2561 5687 τυγχανέτω,
2625 5619 2687 5670 τὸ
2768 5617 2981 5686 πρέπον
3045 5617 3145 5685 τῆς
3223 5613 3394 5682 ἁγίας
3479 5604 3778 5681 δοκιμαζού·

2222 5725 2324 5778 σης
2414 5708 2655 5763 συνόδου.
2743 5707 2908 5778 Ζήτει
2980 5709 3073 5761 καὶ
3149 5701 3302 5759 τδ⁶δ’
3374 5703 3565 5773 κεφάλ.
3625 5697 3706 5752 τοῦ
3745 5695 3773 5743 Δ

2221 5802 2509 5871 στοιχείου.
