4054 6404
204 381 371 453 1299‘

1175 397 1579 458 SYNTAGMA
1616 399 2262 465 ALFI-IABETICUM.
2299 427 2331 442 α
2391 400 2455 464 Ε.

3331 406 3473 472 13ἲο

201 501 463 581 ΚΕΗΦΑΛ.
489 501 634 581 ικρν.
663 502 783 580 ’ἐστι
816 502 923 581 {dv-
954 503 1298 581 ἐπίσκοπον
1339 510 1435 560 καί
1471 510 1796 581 οἰκονόμον-
1826 556 1828 563 ,

1932 510 2051 563 ἰΑΡ.
2100 510 2288 566 XXIV.
2341 513 2496 578 Quod
2564 514 2865 581 episcopum
2930 514 3185 568 bonorum
3243 520 3482 573 ecclesia:

280 571 449 640 ἔχειν
479 570 570 623 δεῖ
621 572 739 624 τῶν
785 572 894 640 τῆς
945 574 1282 642 ἐκκλησίας·
1341 570 1722 648 πραγμάτωκ.

290 708 352 761 '0
390 706 668 776 κς¹τῆςδ¹
699 709 917 763 συνόδου
948 709 1150 775 κανὼν,
1184 712 1293 774 Δεῖ,
1348 714 1503 783 φησὶ,
1557 717 1650 767 τον
1701 719 1795 768 ὲκο

207 800 445 869 κλησῐαν
480 798 717 869 λαχόντα
754 800 959 854 ἰθύνειν
1027 804 1333 856 ἐπίσκοπον
1378 807 1470 858 καὶ
1509 807 1794 874 οἰκονόμον

208 893 359 962 ἔχειν
380 894 443 943 ὲκ
470 893 565 944 τοῦ
624 893 857 962 κλήρου,
910 894 1042 957 τοὺς
1096 897 1338 965 τρόπους
1392 900 1635 966 ἐπιεικῆ,
1703 901 1796 950 καὶ

208 986 419 1048 παντὸς
450 986 678 1051 κέρδους
706 987 801 1038 καὶ
836 986 1128 1055 λήμματος
1188 987 1502 1057 ὑπάρχοντα
1541 988 1800 1058 ὑψηλότε-

215 1095 335 1147 ρον,
367 1077 427 1129 οὑ
462 1076 569 1146 μὴν
598 1078 662 1128 ἐκ
680 1074 776 1128 τοῦ
798 1076 953 1136 λαοῦ.
996 1077 1119 1129 οὑδέ
1155 1094 1273 1130 τινα
1313 1078 1424 1130 τῶν
1445 1079 1594 1149 αὑτῷ
1632 1098 1800 1150 προσ-

212 1169 487 1240 ηκόντων,
520 1168 659 1220 ὥστε
690 1168 828 1236 μετὰ
853 1169 952 1238 τῆς
992 1169 1163 1221 αὑτοῦ
1199 1168 1429 1241 γνώμης
1483 1171 1584 1234 τὰς
1642 1188 1803 1240 προσ-

209 1260 367 1320 όδους
397 1257 507 1310 τῶν
541 1257 749 1325 ταύτης
780 1257 1122 1327 πραγμάτων
1149 1257 1207 1310 εὖ
1245 1258 1390 1324 μάλα
1438 1258 1669 1324 διέπειν,
1706 1257 1802 1310 καὶ

216 1351 297 1421 μὴ
330 1349 666 1419 καπηλεύειν
695 1350 786 1401 τον
808 1348 1001 1419 ἔρανον
1026 1350 1123 1417 τῆς
1156 1347 1551 1418 χρηστότητος.
1590 1348 1655 1400 Εἰ
1695 1348 1803 1415 γὰρ

215 1443 315 1496 καὶ
349 1444 561 1494 ἀνεῖται
588 1441 668 1509 τῷ
695 1442 980 1510 ὲπισκόπῳ
1025 1439 1247 1493 πάντων
1299 1442 1332 1510 ἡ
1387 1440 1631 1505 ἐξουσία,
1689 1440 1806 1492 ἀλλ’

216 1533 538 1589 οὑτινοσοῦν
562 1532 657 1586 τοῦ
691 1532 1210 1601 ἐπιμαρτυροῦντος
1249 1532 1442 1602 χωρὶς,
1480 1532 1682 1601 ἥκιστα
1707 1532 1805 1600 τὴν

218 1624 430 1681 τούτων
461 1623 781 1695 οἰκονομίαν
810 1623 1060 1693 γίνεσθαι
1084 1624 1183 1686 δεῖ,
1233 1625 1321 1677 ἰνα
1353 1624 1426 1693 μὴ
1483 1623 1662 1692 μάτην
1710 1624 1804 1675 καὶ

224 1719 351 1787 εἰκῆ
405 1717 476 1770 τὰ
521 1716 631 1770 τῶν
709 1719 963 1784 πενήτων
1026 1716 1438 1784 σκεδαννύμενα
1497 1716 1805 1785 ὑποπτεή-

222 1828 339 1876 ται,
406 1808 555 1861 ὥστε
614 1810 714 1883 καὶ
768 1808 1045 1877 λοιδορίαν
1099 1804 1352 1860 ἐντεῦθεν
1409 1809 1474 1877 τῇ
1533 1806 1806 1877 ἰερωσύνῃ

227 1902 694 1974 προστρίϐεσθαι,
720 1901 797 1962 ὡς
826 1902 990 1970 δῆθεν
1019 1901 1275 1971 άθὲσμως
1310 1900 1523 1964 τούτοις
1567 1900 1660 1952 τοῦ
1690 1902 1810 1952 ἑπι-

226 1996 437 2049 σκόπου
472 1994 759 2064 χρωμένου
783 2009 798 2025 ο
822 1995 916 2045 τὸν
945 1993 1002 2045 δὲ
1063 1993 1138 2062 μὴ
1168 1991 1314 2045 οὕτω
1364 1992 1626 2046 ποιοῦντα
1688 1992 1812 2053 ταῖς

224 2085 484 2146 εὐθύναις
519 2083 817 2153 ὑποτίθησι
844 2083 952 2135 τῶν
982 2083 1140 2135 θείων
1172 2083 1435 2137 κανόνων.

300 2176 489 2231 Ταῦτα
515 2152 903 2243 παρεγγυῶαι
939 2176 1033 2227 καὶ
1063 2176 1091 2227 ὁ
1117 2180 1184 2227 ια’
1219 2166 1402 2228 κανὼν
1446 2177 1548 2246 τῆς
1580 2176 1628 2240 ζ’
1663 2178 1817 2229 συνό-

226 2268 348 2331 δου,
381 2269 480 2322 καὶ
516 2267 901 2337 προστίθησιν,
939 2266 1037 2332 ὠς,
1065 2267 1129 2319 Εἰ
1166 2268 1242 2337 μὴ
1296 2266 1535 2336 βούλοιτό
1590 2283 1674 2331 τις
1705 2267 1817 2320 τῶν

232 2359 679 2430 μητροπολιτῶν,
713 2357 1058 2421 αὐθέκαστος
1113 2356 1213 2420 ὢν,
1269 2359 1556 2427 οἰκονόμον
1618 2359 1682 2412 ἐκ
1719 2358 1814 2412 τοῦ

230 2450 443 2521 κλήρου
501 2450 615 2512 τοῖς
684 2450 1011 2518 πράγμασιν
1085 2446 1410 2516 ἐπιστῆσαι,
1464 2447 1580 2500 ἀλλ’
1634 2448 1663 2499 ὀ
1716 2447 1817 2516 τῆς

232 2539 861 2602 Κωνσταντινουπόλεως
921 2537 1295 2608 πατριάρχης,
1318 2537 1413 2590 ὑπ’
1442 2536 1604 2598 αὑτὸν
1629 2536 1815 2590 τελούν

234 2651 339 2704 σης
373 2632 474 2702 τῆς
514 2631 934 2703 μητροπόλεως,
983 2628 1062 2699 τῷ
1092 2629 1336 2699 περιόντι
1384 2629 1482 2697 τῆς
1541 2627 1816 2692 ἐξουσίας,

234 2728 334 2781 καὶ
371 2726 660 2796 οἰκονόμον
690 2724 777 2777 ἐπ’
831 2724 971 2794 αὐτῇ
1018 2723 1453 2793 προχειρίσεται.
1513 2723 1702 2776 Ταῦτα
1764 2724 1821 2776 δὲ

238 2820 338 2874 καὶ
367 2817 445 2889 τῷ
463 2817 844 2887 μητροπολίτῃ
874 2810 877 2813 ’
904 2816 1170 2885 πράττειν
1232 2817 1443 2883 ἐφεῖται
1509 2816 1655 2868 κατὰ
1714 2817 1823 2869 τῶν

237 2912 624 2982 ὑποκειμένων
647 2909 797 2979 αὐτῷ
831 2910 1181 2963 ἐπισκόπων.
1213 2908 1293 2960 Τὸ
1321 2907 1453 2961 αὑτὸ
1479 2910 1572 2962 καὶ
1601 2907 1825 2963 ἐπὶτῶν

240 3003 633 3076 μοναστηρίων
667 3000 1104 3071 φυλαχθήσεται.
1318 2988 1327 2993 ’

326 3097 386 3147 Ὁ
418 3095 476 3147 δὲ
507 3091 772 3161 Θεόφιλος
800 3090 1222 3160 Ἀλεξανδρείας
1291 3089 1348 3142 ἔν
1379 3106 1442 3158 γε
1493 3089 1571 3160 τῷ
1596 3090 1640 3142 θ’
1669 3088 1763 3143 καὶ
1795 3088 1827 3141 ι’

240 3185 411 3243 αὑτοῦ
442 3186 634 3239 κανόνι
701 3183 885 3251 κρίσει
910 3182 1135 3244 ,παντὸς
1168 3180 1265 3235 τοῦ
1303 3181 1578 3250 ἰερατείου
1604 3178 1696 3231 τὸν
1724 3179 1828 3249 τῆς

242 3276 565 3343 ἐπισκοπῆς
608 3274 901 3343 οἰκονόμον
938 3274 1277 3343 ἐπισκήπτει
1316 3270 1743 3341 προϐάλλεσθαι,
1778 3272 1827 3323 εἰ

242 3369 345 3422 καὶ
367 3369 469 3436 τὴν
494 3362 723 3435 γνώμην
754 3362 943 3433 ἔχουσι
973 3362 1068 3415 τοῦ
1133 3363 1446 3416 ἐπισκόπου
1516 3364 1578 3415 σύ
1588 3363 1827 3433 μῴηφον,

244 3461 336 3515 ἵνα
363 3458 431 3511 τὰ
462 3457 562 3526 τῆς
615 3455 916 3524 ἐκκλησίας
963 3456 1042 3517 είς
1072 3453 1191 3506 δέον
1209 3454 1561 3507 δαπανῶνται
1588 3455 1655 3523 τῇ
1692 3452 1833 3505 ὲκεί-

244 3568 342 3604 νου
380 3548 655 3621 φροντίδι,
690 3550 892 3618 χήραις
919 3547 1015 3599 καὶ
1067 3548 1287 3612 πένησι,
1353 3548 1449 3599 καὶ
1486 3547 1599 3606 τοῖς
1636 3544 1830 3613 ἐπιδη-

251 3637 421 3710 μοῦσι
444 3635 620 3702 ξένοις
652 3637 1052 3706 διανεμόμενα,
1081 3638 1174 3690 καὶ
1210 3637 1379 3706 μηδὲν
1427 3635 1638 3688 τούτων
1670 3636 1832 3687 αὑτὸν

247 3725 605 3795 emtam-eat.
660 3726 1067 3795 Ἀφιλάργυρον
1122 3729 1232 3794 γᾷρ
1284 3720 1426 3778 εἶναι
1467 3724 1548 3776 δεῖ
1598 3724 1689 3777 τὴν
1738 3723 1831 3775 τοῦ

249 3820 393 3874 Θεοῦ
422 3820 760 3889 λειτουργιν,
825 3820 921 3872 καὶ
971 3820 1262 3888 οἰκονόμον
1308 3819 1418 3871 τῶν
1457 3817 1833 3887 αὐτῷ’ἀνατε·

251 3917 549 3984 θειμένων.
609 3917 772 3984 Ζήτει
826 3915 1030 3983 νόμους
1089 3915 1146 3964 ὲν
1212 3913 1290 3983 τῷ
1341 3911 1392 3983 η’

253 4000 552 4076 στοιχείου.

1471 3930 1599 3981 κεφ.
1648 3907 1743 3964 τοῦ
1796 3911 1835 3963 Ε

934 4117 1152 4184 Νόμος.

337 4232 405 4285 Ἦ
428 4231 487 4286 δὲ
510 4231 560 4300 γ’
604 4229 1045 4291 ’ἰουστινιάνειος
1076 4230 1269 4297 νεαρὰ.
1322 4231 1622 4298 Προσήκει,
1681 4229 1837 4297 φησδ,

252 4324 354 4379 τὸν
382 4325 524 4378 κατᾶ
555 4324 786 4392 καιροὺς
830 4320 1135 4388 ἁγιώτατον
1179 4321 1554 4390 πατριάρχην,
1605 4318 1841 4380 καὶτοὺς

256 4416 703 4478 εὖλαϐεστάτους
736 4414 1082 4481 οἰκονόμους,
1135 4414 1235 4474 τὰς
1270 4413 1568 4479 γινομένας
1598 4411 1843 4473 δαπάνας

2283 598 2609 635 (economum
2638 583 2827 637 habere
2860 593 3083 652 oportet.

1972 713 2190 780 Quartae
2215 719 2406 788 synodi
2445 719 2742 774 vicesimus
2787 729 2973 777 sextus
3005 738 3202 790 canon,
3233 723 3482 794 Oportet,

1903 806 2099 876 inquit,
2135 808 2477 879 episcopum,
2510 813 2603 881 qui
2646 814 2934 869 ecclesiam
2965 817 3195 872 sortitus
3230 829 3335 883 est,
3361 838 3481 874 eam

1901 900 2136 969 dirigere
2158 941 2171 962 ,
2200 910 2253 955 et
2313 919 2376 957 ex
2407 903 2554 958 clero
2611 921 2956 961 oeconomum
2997 909 3218 973 liaberc,
3244 913 3337 981 qui
3393 915 3490 967 bo-

1904 999 2063 1042 nesto
2089 992 2276 1045 animo
2303 993 2375 1047 sit
2420 995 2685 1059 imbutus,
2719 1009 2772 1051 et
2812 1001 2962 1053 omni
2997 1001 3150 1056 lucro
3181 1015 3236 1056 et
3269 1007 3485 1057 emolu-

1905 1093 2091 1134 nicnto
2121 1086 2376 1152 superior
2403 1103 2418 1153 ;
2461 1104 2568 1141 non
2597 1099 2777 1143 autem
2806 1108 2871 1145 ex
2905 1095 3125 1163 populo,
3167 1110 3268 1150 nec
3318 1098 3488 1150 ullum

1906 1170 2011 1223 sibi
2048 1171 2306 1238 amnem;
2365 1188 2424 1231 ut
2487 1179 2730 1233 adhibita
2788 1181 2908 1250 ejus
2954 1186 3223 1239 sententia
3284 1187 3492 1241 reditus

1905 1262 2152 1318 ecclesia:
2219 1266 2356 1320 bene
2428 1269 2814 1335 administret,
2859 1281 2914 1326 et
2984 1288 3092 1327 non
3148 1289 3491 1345 cauponrtur

1907 1356 2192 1412 cbaritatis
2232 1357 2494 1416 fructum.
2541 1360 2690 1417 Licet
2739 1365 2885 1419 enim
2949 1367 3196 1422 omnium
3252 1382 3494 1438 potestas

1907 1447 2168 1518 episcopo
2202 1452 2542 1516 coiiceditur,
2579 1470 2684 1508 non
2721 1464 2899 1511 tamen
2947 1458 3066 1511 sine
3100 1458 3290 1529 aliquo
3356 1470 3495 1515 teste

1909 1540 2126 1593 illorum
2166 1541 2572 1597 administratio
2628 1547 2743 1599 lieri
2797 1556 3034 1616 oport--t,
3090 1565 3157 1604 ne
3202 1547 3406 1605 telnere
3440 1562 3495 1607 et

1910 1632 2222 1688 inconsulto
2257 1651 2557 1704 pauperum
2595 1652 2680 1691 res
2714 1653 2836 1693 esse
2883 1640 3180 1709 dissipatas
3209 1642 3260 1696 in
3313 1647 3497 1712 suspi-

1909 1724 2123 1778 cionem
2185 1727 2421 1788 veniat;
2478 1738 2536 1780 nt
2597 1728 2854 1796 probrum
2924 1732 3124 1785 exinde
3186 1735 3495 1790 sacerdotio

1913 1810 2188 1874 inuratur,
2237 1813 2382 1881 quod
2443 1815 2679 1869 scilicet.
2722 1819 3014 1887 episcopus
3067 1836 3161 1875 eas
3216 1821 3498 1890 illegitime

1914 1900 2153 1957 eﬂ‘undat
2203 1919 2217 1957 :
2262 1904 2412 1959 illum
2471 1919 2672 1971 autem,
2702 1909 2792 1977 qui
2829 1909 2929 1963 hoc
2957 1910 3493 1976 fecerit,divinorum

1917 2009 2187 2050 canonum
2214 1999 2650 2055 correctionibus
2681 2002 2924 2073 subjicit.

1991 2172 2155 2244 128
2183 2171 2385 2255 Eadem
2413 2176 2576 2231 etiam
2601 2177 2844 2233 decernit
2882 2179 3204 2235 undecimus
3254 2181 3501 2251 septimas

1918 2268 2134 2335 synodi,
2176 2276 2229 2320 et
2271 2264 2425 2322 addit
2457 2269 2553 2324 :Si
2599 2271 3083 2340 metropolitanus,
3117 2275 3210 2343 qui
3239 2274 3325 2329 sui
3360 2274 3505 2347 juris

1918 2366 2022 2421 est,
2050 2372 2399 2413 (economum
2440 2377 2471 2415 e
2499 2362 2647 2416 clero
2676 2363 2843 2418 rebus
2876 2366 3156 2433 praeﬁcere
3185 2366 3340 2431 nolit,
3388 2377 3504 2422 tum

1920 2449 2566 2520 Constantinopolitanus
2636 2456 2949 2522 patriarcha
2989 2494 3006 2522 ,
3064 2457 3169 2510 sub
3241 2458 3335 2513 illo
3415 2475 3511 2512 ex-

1923 2541 2151 2597 sistente
2185 2544 2498 2625 metropoli,
2530 2560 2596 2598 ex
2638 2546 2974 2609 abundante,
3009 2562 3116 2617 qua
3174 2548 3362 2616 pollet,
3410 2563 3510 2617 po-

1925 2640 2141 2698 testate,
2172 2650 2517 2689 mconomum
2574 2635 2629 2689 in
2695 2652 2759 2713 ea
2824 2638 3142 2692 cnuslituat.
3174 2637 3289 2694 Hoc
3339 2642 3505 2695 etiam

1927 2727 2352 2794 metropolitano
2384 2729 2434 2781 in
2473 2729 2790 2798 episcopos,
2843 2731 2936 2796 qui
2963 2730 3067 2784 sibi
3108 2731 3505 2801 subjiciuntur,

1927 2819 2269 2873 conceditur.
2331 2819 2478 2874 Idem
2514 2835 2568 2876 et
2604 2820 2659 2875 in
2693 2823 3048 2879 monasteriis
3101 2825 3506 2882 observabitur.

2002 3085 2344 3155 TbeOphilus
2405 3100 2537 3141 vero
2568 3087 2915 3141 Alexandriae
2940 3090 3254 3160 episcopus,
3292 3091 3344 3143 in
3369 3106 3517 3148 nono
3584 3068 3593 3076 I

1856 3186 1984 3269 cet
2035 3176 2249 3232 decimo
2302 3176 2422 3248 ejus
2463 3193 2699 3257 canone,
2752 3179 3108 3248 episcopatus
3164 3195 3513 3236 (economunt

1932 3271 2114 3325 omnis
2148 3270 2505 3326 sacerdotalis
2566 3271 2777 3326 ordinis
2823 3270 3036 3340 judicio
3091 3273 3382 3342 designare
3421 3276 3518 3329 de—

1933 3363 2131 3426 cernit,
2160 3362 2208 3418 si
2245 3362 2411 3417 etiam
2436 3362 2679 3432 episcOpi
2709 3362 3041 3417 sententiam
3076 3356 3520 3420 consentientem

1935 3454 2159 3518 habeat,
2188 3462 2247 3508 ut
2275 3454 2396 3522 ejus
2428 3468 2559 3507 cura
2599 3455 2736 3507 bona
2768 3455 3163 3520 ecclesiastica,
3201 3465 3362 3521 prout
3421 3456 3518 3512 de-

1936 3554 2042 3605 cet,
2071 3548 2441 3608 Insnmantur,
2467 3544 2647 3597 viduis
2678 3553 2731 3597 et
2764 3545 3093 3612 pauperibus
3130 3555 3186 3599 et
3208 3546 3518 3615 peregrinis
3568 3552 3577 3557 ’

1937 3639 2309 3708 indigentibus
2334 3640 2652 3702 distribuat,
2713 3655 2812 3693 nec
2841 3636 2947 3694 ulla
3003 3655 3196 3694 eorum
3233 3640 3351 3708 ipse
3411 3639 3517 3695 sibi

1938 3732 2189 3800 arripiat.
2233 3731 2369 3786 Nam
2405 3732 2648 3786 avaritiae
2684 3733 2919 3786 alienum
2984 3747 3108 3787 esse
3154 3742 3372 3802 Oportet
3423 3731 3521 3786 Dei

1939 3824 2302 3889 ministrum,
2356 3833 2410 3877 ct
2467 3840 2683 3888 eorum,
2742 3840 2864 3893 qure
2925 3824 3029 3878 sibi
3079 3824 3529 3888 committuntur,

1940 3930 2312 3972 uacononuum.
2341 3916 2537 3982 Quaere
2566 3916 2716 3986 leges
2744 3917 2797 3969 in
2830 3917 2860 3969 8
2912 3916 3091 3984 capite
3133 3916 3330 3970 litterae
3363 3915 3426 3972 E.

2662 4116 2791 4171 Lex.

2014 4233 2309 4287 .iustiniani
2348 4246 2475 4285 vero
2509 4229 2719 4286 novella
2777 4233 2834 4296 5,
2867 4230 3159 4299 Convenit,
3217 4229 3417 4301 inquit,
3465 4240 3539 4286 ut,

1946 4327 2325 4382 sanctissimus
2359 4342 2458 4393 pro
2512 4335 2754 4393 tempore
2789 4323 3122 4392 patriarcha,
3169 4332 3225 4378 et
3271 4339 3540 4378 reverenw

1947 4416 2159 4470 dissitni
2211 4416 2509 4479 meonomi,
2571 4425 2846 4485 sumptus,
2876 4416 2969 4485 qui
3018 4430 3084 4468 ex
3137 4414 3545 4470 ecclesiasticis»

256 4511 331 4562 ὲκ
354 4509 465 4561 τῶν
494 4507 895 4578 ἐκκλησιαστικ
912 4506 989 4557 ὦν
1017 4506 1203 4572 πόρων
1233 4506 1362 4573 περὶ
1400 4500 1645 4565 εὐσεϐεῖς
1676 4502 1828 4554 δατια⁴

1952 4508 2216 4562 reditibus
2249 4511 2407 4571 liunt,
2448 4507 2500 4560 in
2538 4507 2655 4576 pias
2686 4517 2740 4562 et
2783 4505 2888 4560 Deo
2919 4506 3148 4576 placitas
3194 4521 3392 4562 causas
3449 4506 3539 4559 in-

257 4604 362 4672 νᾷν
392 4599 649 4668 πράξεις,
689 4600 783 4650 καὶ
826 4597 948 4666 θεῷ
1000 4595 1371 4664 ἀρεσκούσας,
1412 4594 1505 4648 καὶ
1557 4596 1639 4657 εἰς
1697 4594 1845 4646 ὲκεί-

260 4712 394 4757 νους
426 4695 601 4747 ταῦτα
650 4692 913 4760 χορηγεῖν
969 4690 1095 4750 τοὺς
1154 4689 1273 4750 ταῖς
1337 4686 1618 4757 ἀληθείαις
1659 4686 1851 4757 δεομέ-

263 4804 418 4849 νους,
457 4784 554 4837 καὶ
587 4782 689 4834 οὑκ
734 4781 961 4850 ἔχοντας
993 4776 1264 4846 ἑτέρωθεν
1319 4776 1527 4844 τροφῆς
1554 4777 1811 4846 ἀφορμήν
1833 4793 1859 4837 ο,

270 4876 455 4929 ταῖτα
481 4876 592 4944 γὰρ
628 4874 720 4924 τὸν
754 4871 1042 4941 Δεσπότην
1077 4870 1211 4922 Θεὸν
1248 4868 1571 4935 θεραπεύεισ
1604 4869 1742 4921 ἀλλὰ
1775 4869 1849 4939 μὴ

265 4971 350 5031 εἰς
379 4968 711 5037 ἀνθρώπους
745 4963 1146 5035 εὐποροῦντας,
1176 4960 1250 5025 ὡς
1279 4960 1532 5013 ἐντεῦθεν
1560 4961 1685 5024 τοὺς
1717 4962 1855 5014 ἀπο-

272 5061 582 5132 ρουμένους
628 5058 703 5129 μὴ
752 5059 1048 5127 τυγχάνειν
1071 5054 1183 5108 τῶν
1210 5053 1551 5121 ἀναγκαίων.
1586 5052 1852 5106 Ἴστωσαν

267 5150 382 5220 γὰρ
412 5153 462 5203 ot
491 5149 905 5217 θεοφιλέστατοι
935 5147 1236 5215 οἰκονόμοι,
1267 5145 1363 5211 ὡς,
1411 5145 1460 5196 εί
1494 5144 1645 5212 παρὰ
1680 5137 1854 5198 ταῦτα

268 5242 568 5311 πράξαιεν,
603 5242 722 5302 ταῖς
754 5241 817 5292 ὲκ
845 5236 983 5291 Θεοῦ
1028 5240 1244 5299 ποιναῖς
1300 5236 1706 5296 ὑποκείσονται,
1761 5239 1856 5289 καὶ

270 5337 343 5387 ἐκ
401 5334 499 5401 τῆς
555 5331 735 5383 αὐτῶν
794 5330 991 5391 οὐσίας
1040 5328 1101 5379 τὸ
1169 5326 1406 5398 ἀζήμιον
1462 5328 1528 5396 τῇ
1573 5327 1857 5398 ἁγιωτάτῃ
1902 5352 1911 5360 ι

276 5425 745 5494 περιποιήσουςιν
825 5420 1134 5491 ἐκκλησίᾳ·
1192 5418 1336 5472 ὥστε
1422 5419 1515 5472 καὶ
1581 5419 1649 5471 τὰ
1720 5418 1858 5471 διδό-

278 5535 422 5589 μενα
458 5515 761 5583 ἀδελφάτα,
793 5516 889 5567 καὶ
925 5516 993 5566 τὰ
1016 5513 1180 5566 λοιπά
1210 5511 1498 5581 σιτηρέσια
1523 5510 1659 5578 πρὸς
1696 5511 1860 5562 εὐπο-

222 5597 233 5603 ⁴
276 5607 511 5680 ροῦντας
564 5610 657 5660 καὶ
712 5605 1319 5676 παραδυναστεύοντας,
1379 5605 1480 5656 οὐκ
1525 5603 1709 5687 ἔχουσι
1758 5604 1858 5673 τὴν

274 5705 346 5751 ἐκ
368 5699 478 5751 τῶν
511 5699 693 5766 νόμων
724 5696 879 5766 ἰσχύν
903 5713 915 5725 ·
950 5696 1017 5747 τὰ
1059 5695 1198 5764 πρὸς
1266 5694 1464 5756 ἐνδεεῖς
1519 5693 1575 5746 δὲ
1638 5694 1856 5758 πάντως

277 5788 499 5843 θιῦαια.

1953 4608 2196 4665 sumant,
2233 4608 2286 4652 et
2311 4599 2363 4651 in
2397 4599 2520 4652 illos
2549 4598 2860 4663 conferant,
2903 4600 2997 4669 qui
3029 4607 3083 4653 et
3125 4613 3313 4652 revera
3345 4608 3549 4666 egent,

1952 4707 2055 4745 nec
2082 4690 2304 4745 aliunde
2337 4691 2564 4753 habent,
2611 4695 2754 4746 unde
2787 4693 2971 4746 vivant
3006 4692 3023 4759 (
3057 4692 3172 4746 haec
3218 4692 3364 4746 enim
3422 4693 3542 4745 Do—

1953 4782 2165 4836 minum
2201 4783 2371 4837 Deum
2410 4783 2704 4837 conciliare
2739 4784 2916 4837 solent
2950 4784 3010 4852 );
3049 4799 3157 4837 non
3194 4798 3324 4836 vero
3354 4784 3406 4835 in
3439 4784 3548 4836 lio-

1955 4876 2132 4929 mines
2179 4875 2499 4944 locupletes,
2537 4885 2597 4929 ut
2629 4876 2824 4929 exinde
2883 4883 3108 4942 egentes
3164 4875 3286 4926 vitae
3346 4890 3551 4930 neces--

1956 4967 2120 5021 sariis
2152 4967 2568 5021 defraudentur.
2602 4965 2865 5019 Noverint
2889 4965 3034 5018 enim
3083 4967 3557 5022 reverendissinti.

1958 5061 2231 5114 (ncononli
2292 5060 2462 5128 quod,
2492 5054 2536 5114 si
2571 5057 2701 5127 quid
2740 5068 2942 5128 praeter
2988 5059 3103 5112 haec
3141 5059 3389 5135 fecerint.
3424 5076 3555 5129 pur»

1958 5154 2041 5204 nis
2073 5151 2390 5205 οσεῐεειὶιηιε
2421 5160 2583 5204 erunt
2616 5150 2863 5213 obnoxii,
2889 5159 2943 5205 et
2976 5151 3045 5205 de
3088 5149 3399 5205 substantia
3438 5169 3555 5207 sua:

1958 5249 2322 5295 sacrosanctae
2375 5240 2621 5294 ecclesiae
2688 5239 2949 5294 damnum
3018 5243 3343 5296 rctribuont.
3409 5243 3555 5308 Qiue

1962 5334 2145 5402 itaque
2163 5332 2567 5387 fraternitatutn
2601 5341 2652 5388 et
2690 5332 3023 5402 reliquarum
3053 5334 3552 5388 frutncntariarum.

1963 5427 2288 5496 pensionum
2318 5425 2539 5479 nomine
2568 5425 2634 5480 ad
2668 5424 2865 5480 divites
2892 5435 2945 5480 et
2967 5426 3558 5495 potentesmittuuturr

1961 5536 1989 5571 a
2025 5519 2233 5588 legibus
2269 5534 2377 5572 non
2413 5528 2541 5571 sunt
2571 5519 2895 5572 conl'rmata
2925 5532 3081 5586 :qua:
3109 5526 3290 5571 autem
3320 5515 3386 5570 ad
3415 5532 3561 5586 eae”

1962 5627 2063 5665 nos
2102 5613 2417 5676 mittuntur,
2451 5612 2680 5667 omnino
2714 5622 2826 5664 ratu
2874 5619 3020 5664 sunt.
