4054 6396
276 321 418 388 1313

1246 321 1659 388 SYNTAGMA
1703 316 2329 386 ALPHABEIICUM.
2374 344 2441 353 —
2472 272 2544 379 ις(

3395 324 3535 379 1314

269 435 623 492 διοικούντων
655 437 721 493 τὰ
762 440 876 502 τοῖς
908 438 1236 501 ἐπισκόποις
1297 436 1589 505 προσόντα,
1640 434 1851 501 θανάτῳ

1961 445 2068 485 non
2104 431 2390 500 rapiantur
2426 446 2487 485 ea
2518 444 2640 498 qua:
2691 430 2756 483 ad
2808 431 3095 502 episcopos
3143 432 3249 485 vita
3312 431 3533 488 functos

272 529 366 582 τδν
389 529 503 599 βίον
528 532 980 600 μεταλλάττουσι.
1015 532 1179 601 Ζήτει
1199 531 1295 584 καὶ⁹
1325 527 1388 582 τδ
1416 534 1464 596 γ’
1499 543 1628 595 κεφ.
1673 524 1771 578 τοῦ
1800 522 1850 577 Χ

272 621 567 693 στοιχείου.

271 733 526 788 ΚΕΦΛΛ.
570 735 705 789 κη’.
730 735 860 789 Ὀτι
893 736 966 789 οὐ
991 733 1089 787 δεῖ
1104 734 1450 787 ἐπίσκοπον
1480 734 1567 798 εις
1592 731 1853 799 πρεσϐυ-

658 805 835 872 τέρου
869 804 1134 858 κατιέναι
1162 804 1422 871 ⁸ιὲίαθμόν.

357 897 417 949 ⁸0
452 897 536 949 κθ⁹
594 886 713 963 τῆς
748 898 791 951 δ’
861 899 1082 950 συνόδου
1166 895 1348 950 κανὼν
1405 894 1707 947 ἐπίσκοπον
1758 895 1843 955 είς

273 987 655 1059 πρεσϐυτέρου
687 989 950 1056 κατάγειν
980 987 1188 1057 βαθμὸν
1201 988 1299 1040 οὐκ
1323 987 1494 1040 οἴεται
1525 987 1638 1037 δεῖν
1663 999 1679 1017 ⁶
1712 985 1854 1053 ἱερο-

273 1080 434 1133 συλία
464 1081 574 1150 γὰρ
603 1081 886 1151 ἄντικρυς,
920 1083 1079 1149 φησι,
1103 1079 1261 1133 τοῦτό
1286 1097 1371 1148 γε.
1402 1075 1489 1132 οἷα
1548 1078 1646 1147 τὴν
1694 1077 1852 1146 ίερω-

273 1174 466 1241 σύνην,
494 1174 521 1224 ὁ
548 1171 753 1240 ταύτης
787 1173 886 1224 οὐκ
945 1172 1172 1233 ἐνδίκως
1222 1169 1606 1240 στερούμενος,
1651 1167 1854 1220 ὡσανεὶ

271 1262 555 1333 συληθείς.
586 1264 683 1333 Τῷ
738 1265 925 1334 μέντοι
979 1265 1276 1334 προφανῶς
1328 1261 1642 1330 ἐγκλήμασι
1698 1276 1854 1326 περι-

269 1355 613 1415 πεπτωκότι,
670 1357 769 1425 τῆς
796 1354 1101 1426 ἱερωσύνης
1135 1352 1297 1407 αὐτὸν
1330 1352 1680 1421 ἀφαιροῦσιν,
1729 1350 1850 1402 οὐδὲ

272 1447 470 1514 ίερέως
547 1446 842 1516 δοθήσεται
909 1447 1112 1510 τόποςο
1206 1445 1576 1514 ἐγκλημάτων
1647 1444 1704 1496 δὲ
1775 1442 1851 1496 ὣν

266 1537 471 1599 ἀθῶος,
505 1535 630 1589 οῦτε
675 1539 774 1607 τῆς
822 1538 1149 1609 ἐπισκοπῆς,
1208 1536 1336 1590 οὔτε
1395 1537 1497 1605 τῆς
1553 1536 1851 1605 ἱερωσύνης

263 1627 478 1690 δίκαιος
506 1628 572 1683 ἂν
611 1630 699 1700 είη
753 1630 1046 1701 στέρεσθαι
1069 1647 1085 1663 ⁸
1127 1629 1397 1700 ἐκατέρου
1430 1629 1541 1699 γὰρ
1587 1628 1852 1700 ἑκάτερον

262 1719 470 1790 ἔχετιι.

552 1812 693 1882 Περὶ
740 1812 1160 1882 παραιτήσεως
1192 1814 1564 1868 ἐπισκόπων.

344 1900 570 1965 Τούτοις
629 1905 788 1958 κα).εὸ
823 1902 984 1971 ἅγιος
1035 1904 1426 1975 ἐπιψηφίζεται
1474 1904 1743 1977 Κύριλλος
1788 1906 1847 1959 ἐν

260 1990 345 2060 τῷ
368 1996 419 2058 γ’
442 2009 570 2057 κεφ.
603 1994 703 2063 τῆς
734 1994 873 2062 πρὸς
904 1994 1110 2063 Δόμνον
1164 1995 1491 2066 ἐπιστολῆςο
1523 1997 1597 2049 Τὸ
1650 2015 1849 2068 παραι-

259 2083 478 2136 τεῖσθαι
501 2084 630 2151 γὰρ,
668 2085 825 2155 φησὶ,
873 2085 1002 2146 τοὺς
1030 2087 1457 2156 ίερουργοῦντας
1489 2088 1588 2149 τὰς
1633 2088 1847 2144 ἑαυτῶν

258 2173 586 2243 ἐκκλησίας,
618 2177 731 2238 τοῖς
787 2177 886 2246 τῆς
942 2179 1245 2247 ἐκκλησίας
1298 2180 1401 2232 οὐκ
1454 2180 1678 2247 ἀρέσκει
1724 2180 1847 2232 θεσ-

265 2267 427 2335 μοῖς·
485 2266 628 2332 ἄξιοι
680 2267 780 2337 μὲν
837 2268 947 2339 γὰρ
992 2270 1147 2334 ὅντες
1220 2271 1582 2340 λειτουργεῖν,
1640 2272 1700 2324 οὐ
1766 2273 1847 2325 δεῖ

265 2357 544 2409 ποιεῖσθαι
573 2359 916 2430 παραίτησιν
943 2378 959 2394 ο
992 2363 1040 2414 εί
1062 2362 1120 2415 δέ
1155 2363 1385 2428 ἀνάξιοι,
1413 2362 1488 2432 μή
1518 2364 1624 2416 ἀπὸ
1644 2379 1846 2434 παραι-

260 2451 484 2519 τήσεως
513 2451 835 2519 ἐξιέτωσαν,
871 2453 993 2508 ἀλλ’
1015 2455 1080 2507 ἐκ
1103 2454 1213 2508 τῶν
1235 2454 1673 2525 ἀποδειχθέντων
1723 2456 1844 2509 κατ’

265 2541 450 2595 αὐτῶν
484 2544 652 2614 ἐγκλη
664 2546 871 2613 μάτων.
1146 2532 1149 2533 ν
1354 2612 1377 2629 κ

346 2635 497 2689 Είδέ
552 2640 649 2692 καὶ
705 2630 1160 2711 παραιτήσασθαι
1221 2660 1346 2697 τινα
1394 2643 1495 2713 τὴν
1540 2645 1845 2715 ἐπισκοπὴν

272 2725 543 2796 συμϐαίη,
590 2731 686 2781 καί⁵
742 2732 810 2802 ἢν
855 2732 1155 2804 ἐπιστεύθη
1208 2734 1444 2806 ποίμνην
1498 2735 1843 2798 καταλιπεῖν,

264 2817 596 2887 ἀντέχεσθαι
630 2820 728 2891 τῆς
759 2821 1105 2892 λειτουργίας
1153 2824 1402 2888 εἰσαῦθις
1491 2827 1592 2880 οὐκ
1653 2826 1721 2879 ἂν
1760 2828 1845 2895 εἴη

262 2908 498 2963 δίκαιον.
557 2912 847 2979 ’Δγνωμον
884 2916 994 2985 γὰρ
1052 2917 1113 2969 τὺ
1147 2918 1248 2987 μέν
1285 2918 1554 2988 μοχθηρὸν
1610 2921 1705 2971 καὶ
1728 2919 1849 2972 ἐπί-

264 3016 432 3052 πονον
464 3004 855 3071 παραιτετσθαι
914 3007 1015 3076 τῆς
1057 3010 1371 3079 προεδρίας,
1431 3009 1528 3080 τὴν
1576 3010 1842 3064 διδασκα-

262 3092 416 3153 λίαν.
446 3097 611 3164 φημὶ,
643 3098 739 3148 καὶ
758 3098 860 3165 τὴν
894 3097 990 3151 τοῦ
1026 3099 1157 3152 λαοῦ
1186 3100 1323 3170 προς
1352 3100 1411 3154 τδ
1445 3104 1694 3173 κρεῖττον
1730 3102 1846 3155 ἐπίο
1875 3125 1918 3182 ο

261 3185 438 3248 δοσιν,
472 3188 652 3242 καὶτὸ
683 3190 763 3251 είς
794 3190 1028 3261 δύναμιν
1058 3194 1269 3264 εἵργειν
1298 3193 1399 3265 τήν
1429 3195 1565 3264 πρὸς
1587 3195 1656 3248 τὰ
1682 3197 1850 3265 χείρω

261 3275 460 3329 τούτου
498 3279 704 3349 φοράν⁶
737 3280 839 3333 ὅσα
863 3282 920 3334 δὲ
942 3267 1112 3353 τιμὴν
1145 3285 1302 3355 φέρει
1325 3287 1421 3339 καὶ
1448 3286 1633 3350 σέϐας,
1666 3304 1849 3356 παρα-

264 3370 524 3439 κατέχειν
602 3375 702 3428 καὶ
762 3374 1125 3441 οἰκειοῦσθαι,
1194 3376 1294 3446 τὴν
1372 3377 1660 3448 ῥᾳστώνην
1720 3382 1851 3450 περὶ

265 3460 519 3525 πλείονος
556 3465 657 3532 τῆς
687 3465 796 3517 τῶν
850 3467 1043 3536 ψυχῶν
1075 3468 1393 3539 ἐπιμελείας
1451 3464 1859 3540 πεποιημένονί

345 3556 632 3609 Δείκνυται
681 3558 738 3610 δὲ
769 3559 865 3612 καὶ
911 3561 975 3611 ἐκ
1005 3559 1102 3613 τοῦ
1155 3566 1232 3624 ις’
1276 3560 1500 3622 κανόνος
1547 3562 1647 3629 τῆς
1699 3561 1851 3629 λεγο-

269 3647 441 3717 μένης
473 3646 702 3719 πρώτης
731 3651 1115 3722 καὶδευτέρας
1143 3653 1368 3706 συνόδου
1395 3654 1427 3723 ή
1466 3653 1694 3723 περιττὴ
1741 3655 1848 3707 τῶν

258 3741 414 3794 οὕτω
438 3741 831 3811 ψηφιζομένων
859 3742 1038 3805 ἄνοια,
1079 3745 1140 3796 τὸ
1171 3744 1434 3798 δύνασθαι
1481 3745 1685 3815 δηλαδὴ
1723 3747 1849 3809 τοὺς

262 3834 548 3901 ἀρχιερεῖς
578 3834 681 3895 τὰς
737 3833 837 3901 μὲν
902 3835 1210 3897 ἐπισκοπὰς
1274 3837 1686 3904 παραιτεῖσθαι,
1751 3835 1851 3906 τὴν

263 3925 573 3994 ίερωσύνην
624 3925 681 3978 δέ
707 3925 801 3978 καὶ
856 3923 1013 3990 αὖθις
1054 3928 1487 3997 παρακατέχειν.
1530 3924 1707 3991 Οὗτος
1739 3932 1848 3999 γὰρ

261 4018 293 4068 ὁ
337 4019 520 4070 κανὼν
571 4016 666 4070 τὸν
697 4018 860 4071 πλέον
890 4019 1001 4071 τῶν
1031 4018 1089 4084 ἓξ
1125 4020 1313 4088 μηνιῖν
1358 4020 1461 4088 τῆς
1474 4020 1691 4084 οἰκείας
1716 4022 1853 4074 ἁπο-

260 4108 619 4179 δεδημηκότα
661 4111 993 4179 ἐπισκοπῆς,
1026 4111 1301 4183 ἀναγκαίᾳ
1339 4112 1604 4181 οίᾳδήτινι
1629 4111 1848 4180 προφά-

265 4218 357 4255 σει
416 4201 494 4272 μὴ
550 4200 920 4270 κωλυόμενον,
973 4202 1266 4255 ἐκπίπτειν
1332 4201 1547 4255 κελεύει
1602 4204 1697 4255 καὶ
1747 4203 1851 4273 τῆς

263 4292 578 4361 ἐπισκοπῆς
614 4292 710 4345 καὶ
738 4293 837 4361 τῆς
865 4292 1188 4364 ἱερωσύνης.
1251 4294 1318 4347 El
1372 4293 1430 4346 δέ
1477 4297 1504 4347 ὀ
1533 4293 1593 4347 τὺ
1628 4294 1851 4350 ἔλαττον

263 4381 536 4454 ἁμαρτὼν
596 4382 740 4436 οὕτω
796 4383 1280 4448 καταδεδίκασται,
1346 4385 1465 4446 πιῖνς
1514 4385 1543 4435 ὀ
1593 4385 1850 4452 καθάπαξ

1875 1771 1924 1831 Β

1954 523 2322 590 pertinebant.
2357 522 2549 587 Quaere
2577 529 2629 574 et
2684 520 2900 574 tcrtiunt
2934 528 3095 589 caput
3133 520 3326 576 littera:
3352 519 3424 575 X.

2025 722 2178 777 CAP.
2207 721 2445 777 XXVI".
2476 721 2633 787 Quod
2666 738 2766 775 non
2797 730 3002 787 oportet
3049 722 3351 789 episcopum
3390 721 3461 774 ad

2338 793 2629 860 presbyteri
2667 793 2891 860 gradum
2934 792 3133 845 reduci.

2024 882 2243 949 Quartae
2272 884 2464 955 synodi
2493 885 2561 937 ‘29
2596 898 2770 937 canon
2814 888 3131 951 episcopum
3183 881 3234 933 in
3303 879 3535 948 presby-

1955 973 2055 1027 teri
2083 973 2312 1041 gradum
2349 974 2609 1026 reducere
2637 982 2894 1041 oportere
2921 989 3027 1025 non
3056 973 3374 1037 existimat;
3402 969 3534 1023 illud

1951 1062 2095 1118 enim
2128 1064 2476 1130 sacrilegium
2513 1077 2631 1117 esse
2691 1064 2867 1131 palam
2924 1062 3092 1126 dicit;
3151 1063 3374 1130 quippe,
3417 1073 3537 1113 tan-

1952 1170 2112 1224 quam
2150 1166 2361 1225 raptus,
2398 1156 2516 1224 ipse
2553 1173 2648 1225 per
2686 1154 2941 1225 iniuriam
2982 1155 3293 1210 sacerdotio
3354 1153 3537 1221 priva-

1953 1255 2063 1299 tur.
2097 1245 2175 1298 llli
2212 1246 2453 1314 quidem,
2517 1246 2606 1314 qui
2664 1256 2847 1315 aperte
2902 1247 2955 1298 in
3012 1245 3243 1300 erimina
3316 1243 3532 1304 incidit,

1952 1338 2260 1391 sacerdotio
2297 1337 2448 1390 illum
2505 1337 2785 1397 exuentia,
2844 1351 3025 1405 neque
3085 1335 3386 1390 sacerdotis
3436 1334 3535 1387 da-

1951 1430 2099 1484 bitur
2126 1429 2279 1484 locus
2311 1445 2326 1482 :
2365 1430 2448 1483 sitt
2480 1439 2659 1483 autem
2692 1432 2763 1484 sit
2809 1430 3105 1484 criminum
3167 1429 3382 1490 insons,
3438 1440 3538 1481 ne-

1951 1536 2058 1591 que
2118 1523 2441 1591 episcopatu
2506 1537 2684 1589 neque
2750 1521 3057 1576 sacerdotio
3114 1520 3326 1588 justum
3387 1526 3538 1574 esset

1953 1613 2103 1669 illum
2131 1614 2331 1682 privari
2357 1629 2373 1678 ;
2404 1628 2529 1667 nam
2563 1629 2730 1667 unum
2767 1615 2996 1668 alterum
3026 1617 3299 1683 sequitur.

2332 1788 2403 1843 De
2441 1790 2672 1859 episcopi
2702 1790 3117 1845 renuntiatione.

2026 1882 2126 1937 His
2159 1883 2322 1937 etiam
2364 1882 2639 1937 consentit
2665 1892 2888 1936 sanctus
2912 1882 3151 1951 Cyrillus
3186 1885 3240 1937 in
3274 1883 3436 1938 tertio
3464 1883 3531 1937 ad

1957 1974 2227 2028 Domuum
2253 1973 2497 2043 epistolae
2525 1972 2738 2042 capite:
2772 1974 3103 2026 Sacerdotes
3130 1975 3299 2036 enim,
3333 1973 3531 2040 inquit,

1958 2066 2120 2136 130
2156 2066 2274 2123 suis
2313 2066 2562 2120 ecclesiis
2620 2065 2960 2130 renuntiare,
2989 2065 3380 2120 ecclesiasticis
3401 2080 3535 2119 con-

1954 2157 2339 2212 suetudinibus
2378 2172 2485 2210 non
2520 2161 2715 2226 placet.
2746 2156 2802 2210 Si
2851 2157 2997 2211 enim
3034 2156 3183 2224 digiti
3240 2163 3391 2218 sunt,
3439 2156 3532 2223 qui

1952 2263 2108 2303 saera
2140 2249 2398 2319 mysteria
2427 2249 2650 2309 obeant,
2684 2261 2793 2301 non
2828 2247 3029 2303 debent
3071 2247 3532 2301 renuntiationent

1954 2340 2134 2395 facere
2163 2355 2178 2404 ;
2203 2340 2249 2394 si
2275 2350 2464 2393 autent
2497 2339 2727 2406 indigni,
2767 2355 2866 2393 nec
2923 2355 3021 2409 per
3069 2339 3533 2394 renuntiationem

1952 2441 2190 2498 exeant,
2226 2432 2322 2488 sed
2382 2447 2479 2502 per
2510 2431 2929 2486 criminationes
2986 2433 3251 2486 adversus
3308 2445 3405 2484 eos
3458 2431 3538 2484 al-

1954 2524 2112 2579 latas.

2028 2615 2086 2671 Si
2115 2625 2302 2671 autem
2334 2616 2640 2685 contingat,
2674 2627 2734 2672 ut
2768 2616 3109 2686 episcopatui
3141 2615 3442 2679 renuntiet,
3478 2622 3537 2669 et

1954 2723 2171 2777 gregem
2199 2708 2303 2761 sibi
2330 2709 2684 2763 commissum
2720 2709 3064 2777 derelinquat
3097 2710 3318 2779 aliquis,
3347 2709 3532 2763 admi-

1956 2799 2344 2855 nistrationem
2380 2815 2576 2854 rursus
2610 2814 2889 2854 assumere
2939 2800 3200 2870 iniustum
3253 2800 3381 2853 erit.
3425 2799 3535 2853 lni-

1955 2906 2124 2960 quum
2157 2899 2241 2945 est
2274 2891 2419 2944 enim
2448 2891 2765 2959 episcopum
2792 2891 2937 2958 qttod
2971 2890 3263 2944 molestum
3292 2900 3347 2946 et
3378 2891 3532 2945 laho-

1956 2980 2162 3034 riosuut
2215 2988 2298 3033 est
2362 2979 2415 3031 in
2447 2981 2738 3048 prwsulatn
2769 2980 3092 3042 detrectare,
3124 2979 3530 3034 institutionem

1954 3072 2098 3133 dico,
2138 3082 2192 3125 et
2226 3071 2407 3140 populi
2451 3073 2517 3124 ad
2582 3071 2776 3124 melius
2824 3070 3158 3140 profectum,
3211 3074 3443 3140 ejusque
3477 3073 3533 3125 in

1954 3162 2137 3233 pejora
2177 3162 2440 3232 impetum
2477 3177 2575 3231 pro
2610 3162 2814 3216 viribus
2845 3163 3100 3216 cohibere
3130 3180 3145 3220 :
3176 3178 3300 3231 qua:
3347 3171 3529 3217 autem

1955 3257 2215 3311 honorem
2266 3256 2503 3308 aﬂ‘erunt
2563 3255 3090 3322 venerationemque
3144 3255 3432 3323 complecti
3477 3267 3532 3310 et

1953 3348 2057 3402 sibi
2106 3347 2407 3412 vindicare,
2438 3346 2608 3400 otium
2643 3345 2759 3415 ipsa
2801 3345 3107 3398 animarum
3170 3360 3303 3400 cura
3357 3348 3530 3415 pluris

1952 3439 2267 3494 facientem.

2022 3532 2334 3587 Ostenditur
2358 3533 2522 3586 etiam
2559 3550 2625 3588 ex
2655 3535 2720 3589 16
2778 3548 2989 3589 canone
3023 3535 3213 3605 synodi
3265 3535 3453 3605 prima:
3477 3543 3533 3587 et

1951 3626 2207 3680 secundae
2237 3625 2433 3689 dictat,
2471 3626 2613 3695 quod
2661 3627 2798 3680 mira
2835 3637 2916 3680 est
2964 3642 3156 3697 eorum
3217 3626 3528 3690 dementia,

1950 3716 2043 3787 qui
2070 3716 2336 3779 sentiunt,
2382 3731 2545 3785 posse
2570 3716 2789 3785 quidem
2827 3717 3100 3770 antistites
3126 3717 3531 3785 episcopalibus

1954 3810 2293 3874 renuntiare,
2331 3807 2696 3863 sacerdotium
2730 3817 2912 3862 autem
2967 3812 3164 3862 itetum
3221 3823 3530 3862 assumere.

1912 3952 1916 3955 .
1950 3900 2052 3957 llic
2084 3902 2227 3955 enim
2259 3917 2433 3955 canon
2470 3916 2617 3965 enm,
2647 3890 2889 3970 quiplus
2922 3917 3084 3971 quam
3123 3917 3213 3955 sex
3253 3901 3543 3955 mensibus

1953 3995 2022 4048 ab
2051 3994 2397 4062 episcopatu,
2420 3993 2572 4046 nullo
2604 3993 2919 4047 necessario
2955 4002 3221 4061 pne-textu
3253 3996 3530 4054 detentus,

1953 4085 2213 4149 abfuerit,
2242 4093 2296 4138 et
2321 4085 2635 4153 episcopatu
2672 4093 2726 4138 et
2756 4085 3062 4138 sacerdotio
3084 4084 3529 4154 exciderejubet.

1954 4174 2011 4230 Si
2039 4192 2188 4243 vero,
2238 4175 2659 4245 qui,panlnlum
2725 4175 2974 4239 offendit,
3034 4176 3139 4229 hoe
3184 4176 3346 4230 modo
3400 4192 3534 4230 con-

1952 4269 2281 4324 demnatur:
2329 4270 2624 4338 quomodo.
2653 4269 2745 4338 qui
2798 4285 3026 4340 prorsus
3057 4271 3401 4340 episcopatui
3438 4287 3530 4325 re-

1954 4362 2250 4427 nuntiavit,
2291 4369 2346 4416 et
2382 4363 2561 4430 gregis
2604 4376 2792 4415 curam
2853 4376 2953 4433 per
2988 4369 3159 4415 totam
3212 4363 3381 4416 vitam
3437 4379 3534 4417 nc-

263 4474 758 4543 παραιτησάμενος
785 4472 883 4545 τὴν
913 4475 1248 4544 ἐπισκοπὴν,
1285 4475 1382 4528 καὶ
1405 4475 1503 4545 τῆς
1530 4474 1627 4529 τοῦ
1682 4495 1850 4547 ποιμ-

1953 4455 2134 4524 glexit,
2168 4468 2274 4507 non
2327 4454 2499 4507 tnnlto
2552 4454 2727 4524 magis
2779 4455 3063 4523 punietur,
3100 4458 3218 4522 qui,
3268 4466 3535 4524 quantum

263 4566 386 4620 νίου
435 4564 719 4633 φροντίδος
769 4563 859 4617 διὰ
918 4564 1033 4634 βίου
1095 4565 1542 4637 καταφρονήσας,
1594 4565 1695 4618 οὐκ
1754 4566 1849 4618 ἐπὶ

262 4654 436 4710 πλέον
465 4654 935 4723 τιμωρηθήσεται,
985 4654 1109 4707 ὅσον
1159 4654 1222 4707 τὸ
1247 4655 1337 4705 ἐπ’
1366 4654 1516 4724 αὐτῷ
1545 4648 1702 4727 ἧκον,
1733 4658 1848 4721 τοῖς

263 4748 458 4804 λύκοις
485 4747 634 4809 ἀνεὶς
673 4747 732 4798 τὸ
754 4747 1126 4815 ἐμπιστευθὲν
1149 4747 1299 4816 αὐτῷ
1333 4747 1487 4817 παρὰ
1512 4747 1605 4800 τοῦ
1631 4746 1848 4816 πρώτου

264 4840 534 4908 ποιμένος
572 4839 750 4910 ’1ησοῦ
783 4839 1021 4910 Χριστοῦ
1063 4839 1209 4910 ίερὸν
1262 4841 1520 4908 ποίμνιον
1578 4840 1652 4911 μὴ
1677 4841 1760 4894 ὅτι
1787 4859 1849 4908 γε

263 4935 366 4987 καὶ
398 4932 592 5000 ὥσπερ
620 4932 790 5001 γέρας
825 4931 977 5000 αὑτῷ
1030 4933 1217 5002 νέμειν
1265 4932 1335 4986 τὰ
1387 4931 1490 5001 τῆς
1549 4933 1850 5003 ἱερωσύνης

266 5023 545 5093 πρεσϐεῖα
577 5040 594 5090 ;
631 5024 768 5093 Περὶ
790 5016 852 5076 οὗ
876 5024 972 5078 καὶ
995 5025 1023 5076 ὁ
1054 5022 1086 5077 ι’
1115 5023 1299 5077 κανὼν
1325 5024 1419 5077 τοῦ
1456 5025 1614 5093 ἁγίου
1666 5015 1853 5078 Διονυέ-

268 5116 395 5169 σίου
428 5114 705 5181 διέξεισιν.
740 5114 801 5167 Ei
843 5114 976 5183 γοῦν
1006 5115 1135 5176 τοὺς
1157 5116 1256 5184 τὴν
1288 5116 1465 5185 ἀρχὴν
1505 5117 1585 5178 εἰς
1611 5133 1852 5184 προστα-

264 5206 396 5260 σίαν
422 5206 555 5260 λαοῦ
581 5204 959 5275 καλουμένους
1017 5208 1067 5259 oi.
1119 5205 1349 5267 κανόνες
1379 5207 1762 5276 ἀφορίζεσθαι,
1800 5209 1850 5261 εί

270 5301 354 5371 μὴ
401 5298 702 5363 πείθοιντο,
730 5297 1003 5364 ἀξιοῦσιν,
1036 5297 1120 5360 τίς
1167 5297 1233 5351 ἂν
1258 5297 1366 5351 τῶν
1409 5297 1537 5351 νοῦν
1592 5299 1848 5367 ἑχόντων,

263 5390 646 5461 ἀπραγμόνως
690 5390 801 5443 τῶν
855 5388 1218 5443 καθεστώτων
1239 5388 1451 5453 δέξαιτο
1491 5387 1589 5458 τὴν
1643 5391 1850 5459 παραί-

264 5498 452 5550 τησιν,
481 5483 599 5536 ἀλλ’
625 5483 723 5535 οὐκ
753 5484 1023 5553 ἐσχάτως,
1076 5481 1153 5543 ὡς
1189 5482 1257 5534 ἂν
1286 5476 1399 5536 οἷός
1425 5499 1483 5533 τε
1512 5476 1570 5554 ᾗ,
1622 5480 1848 5545 τούτους

270 5570 596 5637 κολάσειεν;
659 5572 869 5634 Ἀλλως
926 5589 987 5624 τε
1055 5572 1118 5625 τὸ
1174 5574 1276 5641 τῆς
1325 5572 1633 5639 ἐπισκοπῆς
1681 5569 1852 5640 ὄνομα

270 5663 608 5733 πράγματός
640 5667 756 5717 ἐστι
779 5666 878 5717 καὶ
907 5665 1189 5733 ἐνεργείας
1211 5663 1532 5732 δηλωτικόν.
1566 5663 1625 5715 ’0
1648 5662 1695 5715 δ’
1717 5663 1852 5714 ἀπο-

267 5756 600 5820 σεισάμενος
632 5758 811 5812 ἑκοντὶ
833 5757 932 5821 τὴν
963 5756 1271 5823 ἐνέργειαν,
1297 5756 1624 5811 ἐκπέπτωκε
1646 5752 1845 5824 δηλαδὴ

1956 4544 2011 4598 in
2048 4560 2108 4599 se
2157 4554 2296 4608 erat,
2359 4560 2574 4614 gregem
2628 4544 2731 4599 sibi
2793 4560 2823 4599 a
2874 4559 3090 4599 summo
3145 4554 3361 4613 pastore
3406 4546 3534 4600 Jcsu

1953 4636 2176 4691 Christo
2211 4639 2572 4692 commissum
2623 4639 2764 4707 lupis
2812 4638 3068 4706 reliquit:
3103 4639 3300 4692 nedum
3352 4655 3507 4693 sacer

1953 4728 2091 4781 detii
2157 4729 2438 4799 prhilrgia
2500 4740 2760 4799 tanquam
2827 4731 3048 4799 prtentia
3109 4731 3184 4782 illi
3232 4732 3506 4785 attribnan

1958 4822 2087 4877 tur?
2154 4821 2231 4876 De.
2281 4837 2391 4891 quo
2440 4832 2493 4875 et
2561 4825 2804 4876 decimus
2845 4823 3018 4875 sancti
3061 4823 3305 4891 Dionysii
3358 4838 3534 4876 canon

1957 4916 2202 4971 disserit.
2241 4913 2298 4969 Si
2327 4914 2583 4984 equidem
2616 4928 2710 4968 eos
2752 4914 2848 4982 qui
2900 4913 2967 4966 ab
3020 4913 3174 4968 initio
3229 4913 3294 4967 ad
3352 4915 3535 4983 pepuli

1956 5008 2340 5079 praefecturam
2396 5016 2682 5071 vocantur,
2738 5014 2792 5059 et
2838 5022 2947 5059 non
2991 5009 3391 5074 obtemperant,
3447 5025 3539 5062 ca-

1957 5115 2130 5154 nones
2195 5098 2470 5167 segregari
2538 5106 2803 5164 censent;
2862 5097 2986 5167 quis
3039 5101 3239 5153 mentis
3283 5115 3535 5168 cetnpos,

1955 5206 2147 5246 eorum
2206 5191 2301 5259 qui
2347 5190 2795 5251 constituuntur,
2856 5190 3315 5245 rennutiationetn
3381 5192 3539 5247 facile

1956 5284 2250 5352 acciperet,
2302 5291 2355 5337 et
2409 5296 2517 5336 non
2581 5283 2765 5351 potius
2813 5299 2916 5353 pro
2954 5285 3165 5339 viribus
3212 5286 3333 5341 illos
3391 5294 3541 5340 sunt-

1957 5389 2181 5444 mopere
2218 5372 2578 5443 prohiberet?
2621 5373 2894 5427 Cmtrrum
2930 5374 3279 5445 episcopatus
3337 5392 3535 5430 nomen

1959 5467 2233 5538 negotium
2264 5466 2538 5537 quoddam
2572 5467 2896 5526 et,ntuneris
2949 5466 3280 5522 l'nndionent
3329 5468 3541 5538 signilia

1958 5573 2066 5619 cat.
2099 5562 2204 5627 Qui
2243 5577 2370 5615 vero
2409 5569 2603 5630 sponte
2632 5574 2730 5613 sua
2777 5561 3022 5614 muneris
3052 5560 3388 5615 iunctionem
3438 5561 3537 5616 de-

1955 5657 2159 5728 posuit,
2192 5655 2357 5709 etiam
2397 5654 2684 5708 vocatione
2746 5652 2972 5706 excidit.
3042 5651 3145 5718 Qui
3190 5662 3371 5706 autem
3429 5672 3537 5709 non

1956 5759 2136 5821 potest
2179 5754 2471 5825 episcopus
2538 5745 2771 5811 vocari,
2835 5746 3115 5816 quomodo
3164 5748 3535 5813 sacerdotium
