4054 6408
529 294 666 360 1313

1741 280 2111 342 MATTIL‘EI
2158 280 2587 341 BLASTARIS

3628 279 3644 340 l
3655 281 3736 344 32*)

524 407 893 480 apostolorum
927 421 940 458 :
969 401 1169 474 quibus
1198 415 1321 456 cum
1351 399 1626 454 sulllasset
1652 397 1939 461 Dominus,
1978 409 2114 448 mc-

2239 397 2455 460 Ξὼδεκα,
2502 391 2581 457 οἷς
2617 393 2957 463 ,ἐμφυσήσας
2992 393 3020 443 ό
3053 390 3252 462 Κύριος
3285 390 3478 460 ἔφησε·
3517 411 3533 440 ι
3567 393 3739 447 Λάϐετε

525 501 710 570 cipite,
747 495 944 566 inquit,
979 494 1240 563 Spiritum
1293 501 1572 555 sanctum;
1617 505 1852 558 quorum
1894 485 2116 539 remise-

525 593 648 645 ritis
688 598 932 660 peccata,
987 589 1068 641 eis
1103 584 1506 646 remittuntur,»
1537 593 1588 634 et
1616 589 1835 644 caetera;
1864 578 1958 653 qui
1989 576 2116 645 qui-

525 684 648 738 dem
708 691 761 736 et
817 681 939 735 aliis
989 677 1225 747 Spiritus
1262 674 1433 729 sancti
1483 673 1713 742 gratiam
1775 667 2115 739 impertiendi

530 776 847 830 facultatem
903 769 1342 840 suppeditabant.
1383 767 1506 820 llmc
1539 774 1721 818 autem
1771 763 2117 831 septuaginta

536 885 644 922 non
677 875 835 920 erant
864 878 1146 922 concessa,
1181 873 1238 915 ut
1267 861 1349 915 vel
1391 876 1455 914 ex
1506 860 1608 912 hoc
1639 855 1984 910 manifestum
2014 861 2116 915 est,

535 961 680 1030 quod
705 961 969 1013 Actorum
999 957 1132 1009 liber
1161 961 1574 1016 commemorat,
1604 949 1917 1018 Philippum
1946 961 2116 999 unum

528 1071 592 1107 ex
651 1061 855 1120 septem
889 1051 1137 1104 diaconis
1188 1049 1242 1100 in
1296 1046 1601 1101 Samariam
1637 1041 2013 1100 descendisse,
2066 1049 2122 1093 et

529 1143 968 1214 quamplurimos
1023 1140 1094 1193 ibi
1126 1140 1451 1204 baptizasse,
1494 1151 1600 1188 non
1654 1143 1834 1187 autem
1864 1132 1968 1185 illis
1998 1130 2122 1199 Spi-

531 1237 696 1290 ritum
748 1241 997 1288 sanctum
1049 1228 1491 1283 communicasse
1527 1243 1540 1280 :
1572 1211 1908 1293 quapropter
1958 1226 2121 1274 misc-

527 1337 659 1380 runt
705 1323 936 1394 apostoli
989 1322 1210 1376 Petrum
1261 1330 1314 1373 et
1345 1318 1637 1381 Joannem,
1685 1316 1778 1384 qui
1829 1314 2122 1382 baptizatis

532 1436 730 1477 manus
772 1421 1136 1489 imponentes,
1172 1415 1437 1484 Spiritum
1471 1413 1762 1472 donarent,
1790 1409 1880 1478 qui
1917 1411 1970 1462 in
2003 1408 2124 1461 nul-

528 1515 645 1569 lum
680 1526 869 1567 eorum
925 1509 1104 1563 adhuc
1132 1506 1510 1561 descenderat.
1549 1503 1683 1557 Cum
1749 1514 1879 1570 ergo
1932 1499 1984 1552 in
2037 1514 2124 1554 se-

534 1609 813 1678 ptuaginta
874 1605 1051 1659 locum
1085 1599 1464 1671 cborcpiscopi
1514 1597 1904 1652 successerint.
1945 1608 2122 1662 neque

528 1704 899 1771 presbyteros,
957 1712 1134 1766 neque
1188 1697 1450 1749 diaconos
1518 1690 1869 1750 ordinarunt,
1921 1687 2124 1755 quippe

533 1797 624 1863 qui
679 1792 921 1860 Spiritus
961 1788 1136 1843 sancti
1182 1786 1415 1855 gratiam
1466 1783 1652 1851 largiri
1704 1796 1814 1835 non
1874 1787 2123 1847 possent.

533 1885 693 1940 Hunc
741 1893 924 1937 autem
981 1881 1186 1942 solum,
1246 1877 1448 1945 inquit,
1513 1875 1782 1928 honorem
1843 1871 2124 1925 consecuti

535 1986 689 2041 sunt,
739 1974 954 2029 scilicet
985 1970 1201 2025 divinas
1256 1967 1562 2020 oblationes
1602 1965 1819 2028 offerre,
1876 1963 1946 2016 ob
2001 1975 2122 2016 eam

535 2083 723 2122 curam
758 2082 921 2135 quam
955 2065 1008 2118 in
1042 2061 1374 2132 pauperibus
1401 2057 1661 2126 juvandis
1712 2054 2123 2122 impendebant,

535 2161 645 2216 illis
676 2175 796 2230 qua:
829 2158 885 2212 in
915 2156 1173 2222 templum
1211 2158 1540 2220 congregata
1567 2158 1696 2202 sunt
1721 2145 2124 2201 distribuendo.

859 2247 932 2298 De
990 2241 1353 2298 sacerdotibus
1407 2237 1801 2306 spiritualibus.

613 2340 670 2395 Si
702 2340 866 2410 igitur
925 2337 1300 2405 cliorepiscopi
1343 2349 1519 2402 neque
1548 2341 1900 2401 peccatorum
1931 2329 2126 2382 remis-

540 2434 775 2495 sionem,
806 2445 984 2500 neque
1012 2428 1276 2498 Spiritum
1306 2435 1558 2480 sanctum
1585 2421 1773 2492 largiri
1805 2427 2124 2491 potuerunt,

539 2525 636 2593 qui
692 2525 898 2595 majora
958 2537 1120 2592 quam
1180 2517 1485 2590 presbyteri
1561 2515 1919 2570 obtinuerunt
1965 2513 2131 2582 privi-

543 2619 700 2688 legia,
729 2630 1071 2686 nequaquam
1105 2613 1159 2666 bi
1193 2610 1572 2666 confessiones
1606 2607 1796 2661 audire
1823 2605 2126 2674 potuerint,

541 2721 599 2764 et
627 2720 848 2778 peccata
882 2707 964 2760 vel
1023 2705 1237 2760 solvere
1269 2719 1333 2757 ac
1367 2702 1559 2772 ligare,
1596 2699 1701 2753 nisi
1755 2698 1823 2752 ab
1873 2697 2129 2766 episcopo

545 2802 689 2856 banc
725 2805 1049 2869 potestatem
1085 2795 1384 2864 accipiant;

622 2895 877 2947 Decimus
924 2907 1051 2944 vero
1098 2889 1453 2943 Antiochense
1485 2883 1676 2954 synodi
1731 2883 1800 2937 ab
1835 2880 1988 2936 urbis
2012 2880 2132 2949 qui-

543 2987 668 3040 dem
694 2985 952 3054 episcopo
1000 2981 1055 3035 in
1102 2981 1322 3049 regione
1370 2979 1445 3032 illi
1484 2977 1732 3045 subjecta
1784 2973 2134 3041 chorepisco—

2223 487 2446 556 Πνεῦμα
2505 487 2698 554 άγιον’
2762 485 2828 538 ἄν
2887 501 3048 537 τινων
3114 483 3285 551 ἀφῆτε
3342 483 3434 547 τὰς
3488 484 3740 554 ἁμαρτίας,

2221 580 2474 648 ἀφίενται
2509 578 2712 638 αὐτοῖς,
2740 595 2758 629 ι
2796 578 2891 629 καὶ
2913 577 2980 628 τὰ
3015 574 3162 642 ἑξῆς,
3193 574 3242 626 οἳ
3264 573 3326 644 δὴ
3349 575 3440 627 καὶ
3466 574 3627 636 ἄλλαις
3653 577 3743 627 δια-

2223 674 2409 741 νέμειν
2436 671 2538 740 τὴν
2571 669 2665 722 τοῦ
2699 670 2859 736 ἁγίου
2891 667 3212 735 Πνεύματος
3254 666 3557 736 ἐπορίσαντο
3581 666 3716 736 χάριν
3737 707 3747 719 .

2224 763 2413 816 Ταῦτα
2450 764 2506 814 δέ
2542 763 2772 824 καὶτοῖς
2817 759 3192 828 ἐΰξομήκοντα
3237 759 3333 810 οὐκ
3379 753 3443 827 ἦν
3493 757 3746 826 δεδομέναο

2222 856 2317 908 καὶ
2339 857 2497 923 δῆλον
2521 856 2584 908 ἐκ
2612 853 2706 905 τοῦ
2733 855 2832 919 τὴν
2862 851 3044 922 βίϐλον
3070 851 3356 920 ἱστορῆσαι
3376 851 3476 902 τῶν
3505 850 3746 916 Πρὰξειιιν,

2222 949 2315 1000 τὸν
2355 947 2644 1012 Φίλιππον,
2687 948 2796 998 τῶν
2833 946 2973 996 ἑπτὰ
3013 943 3350 1012 τυγχάνοντα
3395 943 3653 1004 διακόνων,
3688 944 3752 1003 εἰς

2225 1041 2545 1110 Σαμάρειάν
2598 1057 2658 1092 τε
2716 1039 3032 1100 κατελθεῖν,
3095 1037 3191 1088 καὶ
3247 1036 3468 1096 πολλοὺς
3523 1035 3620 1087 τῶν
3663 1035 3757 1085 ἐκεῖ

2227 1136 2514 1206 βαπτίσαι,
2549 1133 2690 1186 Πνεύ
2702 1150 2868 1202 ματος
2901 1132 2958 1185 δὲ
2993 1133 3152 1197 ἁγίου
3184 1129 3405 1191 τούτους
3437 1128 3507 1198 μὴ
3535 1126 3758 1194 κοινωνῆ-

2230 1245 2344 1280 σαι.
2377 1227 2568 1298 Ταύτῃ
2600 1243 2682 1279 τοι
2710 1227 2807 1278 καὶ
2841 1225 3048 1292 Πέτρος
3081 1221 3464 1290 ἀπεστάλησαν
3496 1219 3630 1287 παρᾶ
3671 1217 3756 1268 τῶν

2227 1321 2547 1374 ἀποστόλων
2576 1319 2672 1372 καὶ
2725 1319 3005 1386 Ἰωάννης,
3034 1317 3084 1368 οἳ
3113 1317 3206 1368 καὶ
3242 1315 3342 1375 τὰς
3368 1315 3545 1383 χεῖρας
3581 1311 3761 1364 ἐπιθέν-

2225 1432 2316 1478 τες
2369 1415 2484 1476 τοῖς
2543 1413 3002 1483 βαπτιζομένοις,
3041 1411 3102 1464 τό
3161 1408 3390 1478 Πνεῦμα
3433 1407 3759 1478 ἐχορήγησεν,

2230 1507 2396 1576 μήπω
2428 1506 2609 1566 αὑτοῖς
2651 1503 3057 1564 ἐπιπεπτωκός.
3098 1503 3202 1554 Τὸν
3231 1501 3398 1554 τύπον
3427 1495 3514 1553 οὖν
3545 1501 3589 1551 οἱ
3613 1516 3760 1568 χωρε·

2228 1599 2492 1651 πίσκοποι
2516 1595 2852 1666 πληροῦντες
2875 1595 2983 1648 τῶν
3006 1592 3400 1664 ἐϐδομήκοντα,
3427 1590 3536 1642 οὐδὲ
3561 1589 3765 1658 πρεσϐυ-

2229 1691 2445 1758 τέρους,
2500 1689 2533 1758 ἢ
2592 1687 2878 1749 διακόνους
2919 1687 3313 1756 ἐχειροτόνουν,
3367 1677 3456 1734 οἷα
3518 1680 3641 1748 μηδέ
3685 1679 3766 1746 τὴν

2229 1784 2388 1851 χάριν
2418 1779 2513 1833 τοῦ
2550 1778 2867 1850 Πνεύματος
2903 1777 3165 1847 παρέχειν
3199 1774 3519 1841 δυνάμενοι·
3546 1773 3699 1837 τούτῳ
3721 1768 3766 1819 δέ

2233 1873 2414 1941 μόνον,
2451 1875 2609 1940 φησι,
2637 1870 2981 1939 τετίμηνται,
3031 1868 3111 1939 τῷ
3145 1866 3215 1920 τὰ
3245 1867 3366 1918 Θεῖα
3395 1863 3538 1933 δῶρα
3571 1860 3767 1931 προσφέ-

2232 1983 2370 2037 ρειν,
2403 1964 2493 2018 διὰ
2519 1966 2580 2017 τό
2621 1963 2928 2026 σπουδαίως
2958 1964 3070 2024 τοῖς
3101 1959 3303 2013 πέντεσι
3333 1956 3597 2024 διανέμειν
3625 1952 3683 2006 τὰ
3705 1951 3768 2012 είς

2226 2061 2290 2112 τὸ
2323 2058 2602 2128 κυριακὸν
2631 2057 2998 2126 συναγόμενα.

2598 2240 2739 2308 Περὶ
2771 2241 2977 2308 ἱερέων
3010 2233 3462 2306 πνευματικῶν.

2302 2333 2368 2387 ΕΞ
2412 2327 2506 2385 οῦν
2552 2332 2602 2383 οἱ
2638 2331 3054 2402 χωρεπίσκοποι
3106 2327 3233 2380 οῦτε
3271 2321 3551 2394 ἁμαρτιῶν
3591 2319 3770 2386 ἄφεσιν.

2231 2423 2359 2478 οὔτε
2395 2423 2628 2490 Πνεῦμα
2658 2423 2816 2490 ἅγιον
2843 2420 3101 2474 ἐδύναντο
3125 2418 3412 2489 χορηγεῖν,
3442 2415 3489 2466 ol
3511 2411 3667 2465 πλείω
3689 2411 3772 2460 τῶν

2234 2517 2626 2585 πρεσϐυτέρων
2659 2515 2727 2568 τὰ
2761 2514 3035 2584 προνόμια
3079 2510 3438 2579 κεκτημένοι,
3469 2503 3626 2574 σχολῇ
3656 2503 3700 2567 γ’
3722 2500 3773 2551 ἂν

2232 2603 2381 2664 οὗτοι
2407 2607 2705 2676 λογισμοὺς
2723 2605 2978 2670 δέξασθαι
3001 2604 3307 2670 δυνηθεῖεν,
3333 2601 3427 2653 καὶ
3446 2597 3775 2666 ἁμαρτήματα.

2231 2699 2382 2753 λύειν
2409 2716 2470 2751 τε
2502 2697 2596 2751 καὶ
2649 2697 2893 2765 δεσμεῖν,
2942 2693 3008 2747 ἂν
3059 2685 3134 2763 μὴ
3178 2690 3330 2760 παρὰ
3371 2685 3654 2740 ἐπισκόπου
3698 2683 3775 2749 τὴν

2232 2791 2483 2858 ἐξουσίαν
2507 2791 2716 2843 λάϐωσι
2751 2786 2978 2856 ταύτην.

2315 2886 2378 2938 ὐ
2409 2886 2464 2938 δὲ
2493 2881 2527 2935 ι’
2557 2882 2656 2952 τῆς
2686 2883 2745 2934 ἐν
2800 2877 3106 2949 Ἀντιοχείᾳ
3186 2876 3295 2928 ὑπὸ
3332 2875 3430 2944 μὲν
3461 2871 3550 2924 τοῦ
3576 2870 3664 2938 τῆς
3705 2865 3780 2917 πό-

2235 2982 2372 3042 λεως
2394 2977 2692 3032 ἐπισκόπου
2719 2975 2778 3026 ἐν
2805 2975 2870 3045 τῇ
2901 2971 3242 3043 ὑποκειμένῃ
3272 2967 3446 3036 τούτῳ
3504 2964 3647 3035 χώρᾳ
3678 2959 3778 3018 τοὺς

550 3094 651 3149 pos
685 3049 926 3131 ordinari
971 3075 1145 3144 jubet;
1177 3073 1246 3127 ab
1278 3072 1385 3126 illis
1417 3078 1598 3124 antem
1634 3082 1810 3137 neque
1859 3064 2132 3136 presbyte-

2239 3069 2696 3144 χωρεπισκόπους
2727 3063 3157 3136 χειροτονεῖσθαι
3191 3059 3447 3114 κελεύει·
3486 3057 3585 3108 ὑπὸ
3615 3053 3661 3104 δὲ
3689 3049 3783 3100 τού-

547 3189 697 3238 rum,
729 3187 903 3242 neque
934 3172 1246 3232 diaconum,
1279 3167 1372 3220 sed
1401 3164 1549 3219 solos
1570 3163 1800 3217 lectores
1830 3167 1887 3214 et
1907 3157 2134 3213 subdia-

549 3278 721 3320 conos
765 3273 820 3317 et
877 3261 1186 3316 exorcistas
1216 3276 1230 3314 :
1264 3257 1355 3327 qui
1388 3270 1516 3311 vero
1551 3257 1667 3310 hanc
1717 3249 2130 3323 transgrediun-

552 3365 663 3424 tur,
695 3357 818 3411 illos
845 3353 1152 3410 sacerdotio
1178 3361 1450 3422 segregat.

1105 3449 1128 3478 ι

628 3537 787 3608 133
834 3535 1038 3590 Eadem
1079 3541 1152 3608 ct
1203 3532 1453 3587 decimus
1551 3530 1749 3586 tertius
1828 3530 2137 3602 Ancyranae

555 3629 754 3700 synodi
785 3627 1003 3691 recitat,
1039 3625 1441 3692 οὶιυι·ερίεοορο
1488 3634 1598 3675 non
1657 3619 1826 3674 licere
1855 3619 2138 3689 presbyte-

556 3737 652 3776 ros
689 3721 769 3772 vel
790 3718 1058 3773 diaconos
1088 3718 1349 3770 ordinare
1386 3729 1400 3768 :
1429 3714 1512 3767 sin
1545 3721 1724 3766 autem
1754 3725 1854 3779 per
1891 3709 2138 3778 episcopi

557 3815 770 3867 litteras
809 3813 886 3864 illi
919 3811 1256 3879 permissum
1293 3806 1479 3871 luerit,
1536 3805 1920 3874 presbyterum
1962 3801 2044 3854 vel
2083 3800 2137 3854 in

557 3905 739 3958 alieno
765 3905 889 3957 vico
917 3901 1224 3957 ordinabit.

627 3997 856 4064 Magnus
887 3995 1013 4049 item
1047 3993 1283 4048 Basilius
1313 3990 1727 4061 cborcpiscopis
1796 3988 1900 4044 sibi
1958 3985 2144 4056 subje-

555 4089 664 4145 ctis
690 4087 911 4152 scribit,
942 4097 1002 4141 ut
1039 4099 1140 4142 nec
1187 4102 1238 4138 ιιι
1262 4085 1470 4138 nistros
1501 4097 1600 4137 nec
1628 4081 1993 4136 subdiaconos
2025 4079 2144 4132 sine

557 4182 710 4236 illius
757 4179 1034 4235 sententia
1099 4178 1464 4238 ordinarent;
1535 4176 1662 4244 quia
1722 4170 2143 4242 quamplurimis

556 4276 724 4329 etiam
784 4273 1026 4342 indignis
1080 4271 1204 4326 sine
1238 4269 1649 4324 examinatione
1711 4281 1910 4320 manus
1971 4265 2146 4332 impo-

556 4373 839 4422 suerunt:
891 4363 990 4419 Vel
1017 4361 1353 4432 cognoscite,
1403 4360 1604 4429 inquit,
1651 4359 1822 4428 quod,
1879 4355 1972 4426 qui
2023 4355 2146 4410 sine

2234 3183 2346 3218 των
2404 3165 2542 3234 μήτε
2579 3161 2974 3234 πρεσϐύτερον,
3005 3157 3144 3227 μήτε
3168 3155 3444 3220 διάκονον,
3481 3153 3528 3202 εί
3553 3150 3624 3220 μὴ
3653 3147 3784 3214 μόνον

2236 3258 2615 3326 ἀναγνώστας,
2675 3255 2772 3308 καὶ
2821 3250 3237 3314 ὑποδιακόνους,
3303 3249 3402 3301 καὶ
3459 3241 3782 3313 conputatur

2237 3352 2363 3414 τοὺς
2394 3351 2451 3404 δέ
2481 3349 2656 3404 ταῦτα
2704 3345 3151 3416 παραὸαίνοντας
3186 3340 3422 3411 ἀφαιρεῖ
3465 3337 3560 3407 τῆς
3594 3327 3779 3403 ἱερωσύι

2239 3463 2358 3514 νης.

2313 3537 2395 3590 Τέι
2417 3537 2555 3590 αὐτὰ
2602 3538 2695 3590 καὶ
2723 3537 2751 3589 ό
2782 3540 2852 3603 ιγ’
2883 3534 2983 3604 τῆς
3031 3533 3090 3586 ἐν
3130 3529 3385 3601 Ἀγκύρᾳ
3415 3527 3648 3593 διέξεισι,
3681 3533 3791 3588 πρεσ

2245 3629 2540 3700 σϐυτέρους
2569 3629 2603 3696 ἢ
2633 3629 2919 3689 διακόνους
2957 3626 3048 3678 τὸν
3080 3623 3508 3694 χωρεπίσκοπον
3548 3615 3618 3686 μὴ
3646 3625 3791 3682 χειρο-

2244 3724 2457 3776 τονεῖνο
2507 3721 2558 3773 εἰ
2585 3720 2642 3773 δέ
2683 3720 2772 3773 διὰ
2813 3718 3163 3788 γραμμάτων
3211 3714 3313 3767 τοῦ
3366 3711 3659 3766 ἐπισκόπου
3695 3707 3791 3756 ἑπι-

2241 3814 2504 3886 τραπείη,
2559 3811 2936 3882 πρεσϐύτερον
2986 3812 3081 3864 καὶ
3137 3809 3192 3860 ἐν
3240 3807 3411 3877 ἑτέρᾳ
3465 3800 3793 3875 χειροτονήσει

2245 3908 2432 3979 κώμῃ.

2327 4002 2386 4053 Ὀ
2417 4000 2474 4053 δέ
2513 3999 2681 4070 μέγας
2714 3995 2997 4057 Βασίλειος
3026 3996 3138 4057 τοῖς
3182 3994 3278 4047 ὑπ’
3319 3992 3485 4046 αὑτὸν
3523 3983 3795 4042 ἐπιστέλλει

2246 4092 2692 4166 χωρεπισκόποις
2748 4089 2976 4159 γνώμης
3007 4087 3175 4141 αὑτοῦ
3200 4086 3375 4157 χωρὶς
3405 4087 3481 4155 μὴ
3505 4076 3796 4154 χειροτονεῖν

2247 4187 2548 4256 ὑπηρέτας,
2581 4185 2699 4256 ﬂeor
2737 4183 3128 4243 ὑποδιακόνους
3149 4219 3165 4245 ,
3217 4181 3302 4232 ὅτι
3337 4179 3552 4240 πολλοῖς
3583 4175 3669 4228 καὶ
3709 4171 3796 4222 τῶν

2247 4278 2482 4344 ἀναξίων
2512 4274 2888 4342 ἀνεξετάστως
2913 4273 3236 4325 ἐπετίθεσαν
3268 4273 3371 4335 τάς
3403 4272 3611 4340 χεῖρας·
3639 4265 3702 4315 Ἢ
3732 4277 3797 4327 γπ-

2251 4372 2514 4435 νώσκετε,
2549 4369 2735 4439 φησὶν,
2785 4367 2868 4419 ὅτι
2913 4365 3103 4426 λαῖκδς
3149 4363 3303 4417 ἔσται
3363 4363 3390 4413 ό
3438 4364 3564 4416 ἄνευ
3608 4361 3798 4425 γνώμης

559 4457 834 4512 sententia
875 4462 1063 4508 nostra
1094 4453 1148 4506 in
1183 4451 1548 4505 ministerium
1590 4447 1798 4502 electus
1829 4455 1934 4511 est,
1968 4444 2132 4499 laicus

2249 4463 2525 4535 ἡμετέρας
2567 4461 2648 4522 εἰς
2682 4457 2989 4526 ὑπηρεσίαν
3026 4454 3359 4522 καταλεγείς
3385 4471 3400 4484 ι
3434 4452 3541 4504 τῶν
3569 4451 3621 4504 δὲ
3657 4447 3799 4502 ἄλλων

559 4552 686 4604 erit.
725 4550 846 4602 Alia
876 4562 1027 4612 vero,
1063 4561 1188 4616 qua:
1235 4545 1289 4598 in
1355 4544 1410 4597 in
1461 4543 1622 4596 istius
1678 4542 1854 4594 sancti
1914 4537 2141 4608 epistola

562 4643 856 4706 habentur,
889 4640 1016 4709 quis
1058 4638 1194 4693 satis
1227 4634 1507 4689 admirare
1528 4641 1708 4703 potest
1743 4631 1765 4684 ?

939 4729 1096 4785 CAP.
1130 4725 1353 4782 XXXII.
1390 4725 1466 4778 De
1501 4725 1761 4794 perjurio.

639 4828 969 4880 Sanctorum
1018 4821 1396 4892 apostolorum
1457 4819 1526 4872 25
1595 4832 1774 4871 canon
1825 4817 2145 4886 episcopum

566 4920 820 4990 periurii,
881 4918 970 4972 vel
1025 4913 1429 4976 fornicatimiis,
1493 4911 1576 4964 vel
1629 4910 1756 4963 furti
1811 4910 2144 4974 convictum,

567 5015 654 5068 vel
723 5013 1107 5082 presbyterum
1182 5007 1267 5062 vel
1345 5005 1668 5066 diaconum,
1733 5002 1955 5071 deponi,
2041 5016 2148 5054 non

566 5116 750 5159 autem
789 5101 1256 5173 segregari-vult;
1291 5111 1542 5154 nostrum
1589 5095 1736 5150 enim
1768 5109 1878 5149 non
1914 5103 1998 5149 est
2061 5094 2146 5150 bis

566 5201 623 5252 in
659 5198 901 5266 idipsum
943 5196 1246 5250 vindicare.

641 5288 900 5343 Decimus
934 5301 1065 5341 vero
1095 5285 1276 5354 magni
1303 5281 1491 5339 Basilii
1519 5299 1722 5345 canon,
1785 5279 1892 5346 Qui
1937 5279 2150 5350 jurant,

2249 4559 2348 4626 τῆς
2368 4554 2462 4607 τοῦ
2494 4551 2652 4620 ἁγίου
2677 4548 2992 4618 ἐπιστολῆς,
3022 4547 3107 4610 τίς
3129 4547 3196 4600 ἂν
3225 4544 3394 4610 ἀξίως
3425 4543 3716 4608 ἀγάσαιτο;

2570 4729 2824 4784 ΚΕΦΑΛ.
2857 4727 2981 4781 AB'.
3007 4725 3148 4793 Περὶ
3177 4723 3515 4790 ἐπιορκίας.

2340 4825 2399 4877 Ὀ
2431 4821 2511 4877 κε’
2541 4822 2650 4875 τῶν
2689 4819 2860 4889 ἁγίων
2895 4818 3210 4872 ἀποστόλων
3249 4819 3437 4869 κανὼν
3519 4815 3608 4866 τὸν
3655 4812 3804 4876 ἐπιορ-

2255 4918 2379 4979 κίας
2411 4914 2631 4978 ἁλόντα,
2667 4913 2715 4983 ’ἢ
2761 4911 3040 4981 πορνείας,
3090 4910 3120 4977 ἢ
3173 4908 3384 4976 κλοπῆς
3443 4895 3800 4963 ἐπίσκοπον,ἢ

2257 5007 2651 5081 πρεσϐύτερον,
2682 5004 2716 5076 ἢ
2755 5004 3022 5068 διάκονον,
3059 5001 3450 5070 καθαιρεῖσθαι
3482 5000 3575 5052 καὶ
3606 4996 3675 5066 μὴ
3701 4994 3804 5058 ἀψο-

2261 5103 2506 5175 ρίῖεσθαι
2539 5101 2709 5166 ἀξιοῖ·
2737 5101 2797 5154 οὐ
2824 5100 2933 5170 γὰρ
2965 5098 3100 5168 πρὸς
3137 5095 3295 5165 ὴμῶν
3333 5095 3452 5146 ἐστι
3503 5093 3582 5156 δὶς
3605 5085 3802 5142 ἐκδικεῖν

2259 5198 2351 5250 ἐπὶ
2377 5196 2437 5250 τὸ
2465 5195 2615 5250 αὑτό.

2345 5286 2402 5340 '0
2427 5285 2484 5339 δέ
2515 5291 2545 5338 ι’
2574 5285 2665 5338 τοῦ
2697 5285 2935 5354 μεγάλου
2960 5284 3250 5338 Βασιλείου
3282 5282 3492 5347 κανὼν,
3529 5280 3590 5332 Ol
3624 5268 3807 5340 ἐξομνύ-

2265 5391 2442 5448 μενοι.
2476 5377 2634 5444 φησι,
2675 5375 2774 5444 τὴν
2821 5375 3162 5444 χειροτονίαν
3197 5375 3274 5445 μὴ
3316 5367 3702 5441 καταδέχεσθαι
3753 5358 3809 5428 μὴ

2265 5469 2770 5538 ἁναγκαζέσθωσαν
2819 5471 3122 5537 ἐπιορκεῖν.
3179 5469 3240 5521 Εἰ
3294 5468 3407 5537 γάρ
3455 5466 3549 5518 καὶ
3593 5459 3725 5514 δοκεί
3749 5467 3812 5511 τις

2265 5557 2406 5614 εἶναι
2436 5561 2618 5614 κανὼν
2642 5562 2669 5614 ό
2704 5563 3005 5631 συγχωρῶν
3035 5562 3236 5625 ἐξεῖναι
3267 5560 3422 5612 λύειν
3450 5554 3602 5618 αὖθις
3625 5551 3810 5606 ἑαυτοὺς

2265 5649 2356 5702 τοῦ
2385 5649 2607 5720 δεσμοῦ,
2632 5649 2690 5703 ὃν
2717 5651 2904 5718 σφίσιν
2929 5651 3112 5712 αὐτοῖς
3136 5651 3382 5720 ἀνοήτως
3411 5649 3682 5705 ἐπέϐαλον,
3705 5636 3812 5692 ἀλλά

2273 5742 2438 5813 πείρᾳ
2466 5743 2809 5815 ἐγνώκαμεν,
2846 5744 3051 5813 ἥκιστα
3076 5745 3200 5810 τοὺς
3233 5745 3663 5815 ἐπιορκήσαντες
3688 5731 3808 5788 5550-

571 5381 772 5450 inquit,
808 5395 868 5434 se
899 5378 1304 5432 ordinationem
1339 5393 1450 5433 non
1499 5378 1812 5438 admittere,
1841 5388 1910 5427 ne
1953 5386 2156 5442 cogan-

571 5485 661 5528 tur
695 5473 965 5544 peierare.
1018 5471 1130 5526 Etsi
1184 5470 1331 5524 enim
1366 5479 1588 5524 censeat
1617 5467 1817 5538 aliquis
1839 5480 1961 5521 esse
1994 5480 2159 5520 cano-

570 5581 721 5630 nem,
780 5567 874 5634 qui
923 5565 1027 5630 eis,
1076 5574 1136 5619 ut
1183 5579 1402 5618 rursum
1447 5577 1478 5616 a
1523 5561 1740 5615 vinculo
1805 5574 1866 5614 se
1915 5559 2156 5619 solvant,

571 5660 864 5723 concedit,
927 5659 1078 5727 quod
1145 5656 1249 5711 sibi
1322 5656 1456 5726 ipsis
1537 5654 1850 5709 inconsulto
1961 5651 2162 5723 iniece-

573 5759 701 5803 runt
737 5765 753 5804 :
791 5749 1144 5830 experientia
1175 5758 1362 5831 tamen
1408 5747 1808 5817 comperimus,
1873 5746 2018 5816 quod
2069 5743 2160 5815 qui
