4054 6394
353 328 485 397 1321

1337 333 1741 396 SYNTAGMA
1774 332 2398 399 ALPHABETICUM.
2439 356 2507 366 -ε
2541 330 2588 389 Ε

3467 324 3605 392 NE?

347 443 588 508 κεῖσθαι,
620 442 715 495 καὶ
748 441 1077 513 εὐαρέστους
1115 436 1255 496 εἶναι
1284 442 1405 513 Θεῷ
1424 460 1439 474 ⁸
1465 448 1693 500 σκοπεῖν
1722 462 1783 514 γε
1817 446 1926 517 μὴν

2036 445 2370 515 pejerarunt,
2452 444 2679 496 minime
2716 439 2923 507 accepti
2953 447 3102 505 sunt,
3138 454 3243 496 nec
3292 440 3405 497 Deo
3438 445 3599 533 arnici

344 538 427 591 δεῖ
462 536 557 589 καὶ
585 536 645 588 τὸ
672 532 811 598 εἶδος
848 532 942 588 τοῦ
972 535 1162 602 ὅρκου,
1198 535 1293 588 καὶ
1320 536 1389 589 τά
1421 536 1670 607 ῥήματα,
1702 537 1795 591 καὶ
1820 538 1921 608 τὴν

344 629 610 694 διάθεσιν,
653 627 747 697 ἀφ’
790 620 858 698 ἧς
890 628 1237 697 ὁμωμόκασι,
1273 630 1371 683 καὶ
1401 630 1503 693 τὰς
1549 631 1692 684 κατά
1718 632 1921 685 λεπτὸν

344 723 403 774 έν
434 721 548 783 τοῖς
589 719 801 791 ῥήμασι
828 719 1168 788 προσθήκας,
1205 704 1280 789 μὴ
1307 720 1416 790 ἄρα
1460 722 1525 773 ἐκ
1554 722 1923 793 μικροψυχίας

344 812 530 882 τυχὸν,
561 810 655 864 καὶ
683 808 786 864 οὐκ
819 810 877 875 ἐξ
897 811 1238 879 ἀμεταθέτου
1272 814 1498 883 γνώμης
1523 800 1721 883 όμόσαι
1755 808 1923 884 προή-

345 902 593 972 χθησαν⁹
632 900 903 971 μηδεμιᾶς
945 899 1001 954 δὲ
1032 890 1388 972 παραμυθίας
1428 903 1783 974 φαινομένης,
1830 906 1924 958 ἐά-

344 993 466 1046 τὲον
509 991 747 1056 αὐτούς*
778 994 849 1045 τὰ
901 993 960 1046 δέ
1014 994 1165 1063 ἑξῆς,
1205 994 1456 1065 Λογγίνῳ
1503 995 1612 1047 τινὶ
1644 995 1811 1065 ἀγρὸς
1855 990 1924 1065 ἦν

343 1084 678 1154 καλούμενος
709 1074 975 1150 Μίνδαλα,
1005 1088 1077 1161 τῇ,
1122 1086 1399 1158 ἐπισκοπῇ
1429 1086 1674 1152 Μισθίας
1701 1087 1925 1141 ὁποκείε-

346 1192 530 1243 μενος.
567 1176 806 1247 Σεϐῆρος
834 1174 892 1228 δέ
922 1193 1031 1242 τις,
1060 1176 1335 1231 Μασάδων
1368 1180 1688 1242 ἐπίσκοπος,
1714 1182 1924 1251 Κυρια-

346 1266 440 1319 κόν
477 1282 598 1319 τινα
630 1267 712 1329 είς
739 1267 834 1319 τὸν
863 1268 922 1320 ἐν
948 1267 1102 1339 ἀγρῷ
1127 1270 1252 1323 ναὸν
1277 1270 1648 1342 πρεσϐύτερον
1679 1289 1926 1343 κεχειρο⁶

340 1358 590 1427 τόνηκεν,
626 1359 903 1429 ὀμόσαντα
950 1357 1296 1431 παραμένειν
1329 1380 1389 1416 τε
1435 1362 1513 1432 τῷ
1561 1364 1676 1434 ναῷ
1718 1365 1815 1417 καὶ
1858 1367 1923 1435 τῇ

340 1450 618 1522 ἐπισκοπῇ
640 1451 808 1504 αὑτοῦ
843 1452 1186 1506 ὑποκεῖσθαι.
1223 1454 1363 1507 Ἀλλ’
1387 1458 1415 1507 6
1442 1456 1541 1526 τῆς
1568 1457 1754 1527 χώρας
1783 1457 1925 1508 ἐκεί-

342 1560 443 1614 νης
467 1543 767 1607 ἐπίσκοπος
801 1544 1110 1615 ἱερουργεῖν
1143 1545 1354 1599 ἐκώλυε
1384 1549 1476 1600 τὸν
1513 1548 1811 1618 Κυριακὸν,
1836 1543 1927 1604 οἶα

346 1633 479 1703 παρ’
555 1633 746 1702 ἐτέρου
804 1634 1259 1705 χειροτονηθέντα
1313 1636 1372 1688 ἐν
1418 1637 1687 1707 ἐκκλησίᾳ
1743 1637 1928 1703 διαιρε-

347 1724 518 1797 ρούσῃ
554 1723 702 1794 αὑτῷ
724 1741 737 1753 ·
772 1725 1050 1795 τοιγάρτοι
1085 1728 1180 1780 καὶ¹
1204 1726 1522 1780 καταλιπὼν
1554 1728 1723 1798 αὐτὴν
1754 1728 1782 1780 6
1819 1728 1931 1780 Ku-

2027 535 2366 604 judicantur.
2408 534 2631 602 Oportet
2663 529 2886 601 quidem
2930 530 3229 599 juramenti
3257 529 3521 601 speciem,
3553 543 3607 585 et.

2025 626 2224 689 verba,
2263 624 2542 692 animique
2573 621 2851 688 affectum,
2890 623 3297 693 quojnrarunt,
3328 639 3391 679 ac.
3425 626 3610 679 mirm-

2024 727 2111 775 tas
2139 734 2388 789 quasque
2412 718 2465 772 in
2496 718 2676 772 verbis
2708 715 3015 772 additiones
3055 704 3456 784 considerare
3484 736 3607 773 nam

2026 798 2167 864 forte
2192 827 2256 864 ex
2284 809 2761 879 pusillanimitate,
2796 817 2849 863 et
2877 824 2984 863 non
3021 824 3089 864 ex
3122 810 3370 864 mutabili
3414 827 3611 881 propo-

2027 901 2133 957 Sito
2175 900 2366 971 jurare
2416 900 2590 956 coacti
2625 910 2752 954 sunt
2787 915 2944 955 :cum
2975 901 3120 953 nulla
3172 914 3306 954 vero
3352 910 3611 971 appareat

2025 994 2445 1059 excusatio,eos
2476 1007 2597 1049 esse
2628 993 2997 1047 admittendos
3020 1008 3245 1048 censeo.
3273 993 3416 1047 Andr
3455 994 3612 1063 dein;

2027 1097 2179 1154 ceps.
2223 1073 2512 1151 Longinus
2569 1081 2791 1151 quidam
2831 1098 3019 1151 agrum
3068 1083 3293 1148 habuit,
3322 1082 3410 1136 cui
3471 1081 3612 1134 Min.

2027 1172 2150 1227 dala
2196 1188 2394 1228 nomen
2432 1182 2572 1239 erat,
2608 1172 2839 1227 Mistbiaa
2886 1174 3218 1243 episcopatui
3273 1175 3609 1243 subjectum.

2033 1266 2272 1319 Severus
2302 1260 2524 1335 quidam
2554 1263 2898 1320 Masadartnn
2963 1266 3253 1337 episcopus
3310 1268 3605 1338 (Syriacum

2030 1354 2317 1424 quemdam
2349 1355 2557 1426 templi,
2594 1358 2741 1424 quod
2790 1358 3003 1426 inagro
3038 1357 3132 1410 illo
3170 1358 3410 1427 positum
3466 1367 3610 1418 erat.

2032 1444 2417 1517 presbyterum
2466 1448 2775 1509 constituit,
2817 1448 2911 1517 qui
2951 1446 3163 1517 juravit
3209 1463 3269 1504 se
3317 1449 3370 1501 in
3408 1450 3612 1518 templo

2033 1552 2496 1608 permansurum,
2568 1540 2622 1591 et
2660 1522 2806 1590 illitis
2858 1538 3200 1608 episcopatui
3255 1539 3372 1595 fore
3424 1542 3615 1612 subje-

2033 1638 2204 1682 ctum.
2248 1625 2452 1683 Verutn
2486 1627 2634 1681 illius
2666 1627 2908 1697 regionis
2961 1630 3266 1698 episcopus
3314 1630 3612 1701 Cyriacum

2033 1719 2348 1774 ministrare
2375 1720 2673 1789 prohibuit,
2700 1720 2904 1789 quippe
2958 1722 3050 1792 qui
3108 1722 3161 1789 in
3193 1724 3456 1789 ecclesia,
3489 1739 3615 1795 quae

349 1796 537 1886 ριακδς
558 1816 752 1887 ᾤχετο.
790 1817 848 1870 ’0
876 1817 933 1870 δὲ
958 1817 1222 1886 Λογγῖνος
1239 1818 1578 1888 λυπούμενος
1602 1796 1813 1887 ἠπείλει
1840 1821 1930 1871 τὸν

2038 1811 2121 1866 Sui
2149 1808 2291 1879 juris
2318 1818 2457 1874 erat,
2492 1811 2560 1865 ab
2589 1811 2696 1864 alio
2730 1812 3015 1866 ordinatus
3054 1823 3243 1879 esset;
3279 1825 3615 1885 quaprOpter

345 1909 475 1961 ναὸν
507 1908 843 1978 ἐρημώσειν,
875 1909 967 1962 καὶ
1001 1910 1079 1972 είς
1112 1909 1305 1979 ἔδαφος
1348 1912 1725 1981 καθαιρήσειν.
1760 1911 1922 1979 Ἐρυθ-

343 1997 530 2067 τηθεὶς
563 1993 658 2050 οὖν
692 1998 721 2049 6
754 1997 932 2065 ἆγιος,
958 1997 1104 2061 ἀξιοῖ
1131 1997 1224 2050 τὸν
1250 1999 1440 2069 ἀγρὸν,
1483 1999 1540 2051 ἐν
1582 1992 1625 2065 ᾧ
1652 1998 1933 2067 ἐπεκηρύ-

347 2089 451 2159 χθη
484 2089 512 2141 6
542 2089 845 2158 Κυριακὸς,
875 2091 940 2160 τῇ
974 2090 1256 2160 ἐπισκοπῇ
1286 2090 1557 2143 Μασάδων
1584 2090 1929 2159 ὑποτεθῆναι,

347 2181 398 2232 εί
439 2183 533 2232 καὶ
571 2180 766 2250 ἐτέρας
792 2176 861 2250 ἦν
893 2180 1128 2249 ἐνορίας,
1174 2182 1269 2234 καὶ
1309 2182 1400 2233 τὸν
1442 2181 1722 2250 κυριακὸν
1754 2183 1932 2235 ἐκεῖσε

348 2271 504 2335 αὖθις
537 2270 969 2341 ἐπαναστρέᾥαι.
1008 2270 1164 2324 Οὕτω
1188 2271 1320 2342 γὰρ,
1352 2274 1506 2341 φησὶ,
1547 2274 1644 2325 καὶ
1682 2274 1845 2343 ἡμεῖς
1870 2276 1931 2326 ού

346 2359 572 2428 δόξομεν
605 2362 756 2428 παρὰ
785 2362 1014 2423 κανόνας
1047 2363 1246 2425 ποιεῖν,
1297 2361 1376 2432 τῷ
1426 2362 1695 2432 Κυριακῷ
1724 2380 1935 2432 συμπε-

350 2452 727 2522 ριφερόμενοι,
755 2453 848 2505 καὶ
877 2454 1086 2515 ἐκεῖνος
1111 2442 1201 2506 τὸν
1226 2453 1389 2523 ὅρκον
1414 2455 1475 2509 οὐ
1507 2455 1895 2525 παραϐήσεται
1914 2471 1929 2485 ο

347 2544 471 2596 οὐδὲ
506 2544 614 2611 γὰρ
663 2546 986 2615 πρόσκειται
1029 2544 1107 2614 τῷ
1145 2546 1314 2615 ὅρκῳ,
1348 2544 1423 2609 ὡς
1455 2546 1580 2599 οὑδέ
1630 2546 1805 2617 βραχὺ
1837 2548 1930 2600 τοῦ

346 2636 523 2707 ἀγροῦ
559 2637 912 2708 ἀναχωρήσει
932 2653 947 2669 ·
989 2636 1085 2691 καὶ
1114 2641 1140 2691 6
1169 2625 1434 2705 Λογγῖνος
1459 2638 1559 2708 τὴν
1625 2640 1929 2709 ἐκκλησίαν

348 2731 463 2784 οὐκ.
495 2730 795 2801 ἐρημώσει,
842 2731 936 2784 καὶ
986 2731 1085 2801 τὴν
1133 2730 1330 2787 ἐαυτοῦ
1366 2732 1428 2784 οὐ
1487 2731 1680 2802 βλάψει
1725 2733 1927 2805 ψυχήν.

352 2826 496 2892 Ὅρα
532 2824 646 2887 πῶς
682 2824 746 2877 ἐκ
786 2823 886 2893 τῆς
920 2823 1029 2878 τῶν
1056 2823 1318 2895 ῥημάτων
1348 2822 1649 2889 ἐξετάσεως
1684 2824 1775 2879 τὸν
1808 2824 1933 2878 νοῦν

351 2915 645 2986 ἐθήρευσεν
689 2918 717 2969 6
772 2915 948 2985 ἅγιος,
997 2916 1138 2969 ὥστε
1183 2917 1260 2988 μὴ
1307 2918 1485 2971 δοκεῖν
1530 2919 1807 2988 ἐπιορκεῖν
1839 2920 1951 2972 τὶν

352 3009 653 3077 ὀμόσαντα.
709 3008 818 3060 Τοῦ
870 3009 927 3085 δὲ
979 3009 1223 3079 Σεῦήρου
1272 3009 1676 3079 ἑγκαλουμένου
1710 3011 1770 3063 τὸ
1802 3012 1931 3081 παρ’

352 3100 569 3171 ἐνορίαν
604 3100 1006 3171 χειροτονῆσαι,
1028 3102 1125 3156 καὶ
1155 3102 1326 3173 λήθην
1356 3102 1819 3173 προϐαλλομένου,
1845 3104 1936 3170 Τῷ
1959 3124 2007 3186 c

348 3191 470 3262 Θεῷ
504 3193 625 3262 μὲν,
658 3193 824 3263 φησὶν
871 3194 900 3246 6
929 3193 1104 3262 ἅγιος,
1134 3194 1234 3263 τὴν
1266 3194 1552 3265 ἐκδίκησιν
1581 3195 1930 3265 ἀνατίθεμεν,

350 3284 432 3354 τῷ
461 3285 571 3339 τῶν
608 3287 868 3356 κρυπτῶν
914 3286 1130 3358 γνὼστῃ
1177 3287 1272 3340 καὶ
1319 3287 1619 3359 ὲξεταστῇο
1674 3290 1833 3357 ἡμεῖς
1871 3288 1930 3343 δὲ

349 3376 686 3449 ἀδιακρίτως
726 3379 916 3434 τοῦτον
964 3379 1256 3450 δεχόμεθα,
1316 3384 1652 3450 συγγνώμην
1695 3381 1929 3445 διδόντες

346 3467 676 3539 ἀνθρωπίνῳ
707 3471 890 3533 πάθει,
922 3475 986 3543 τῇ
1022 3472 1163 3544 λήθῃ
1194 3472 1213 3543 (
1237 3473 1297 3525 οὐ
1329 3472 1437 3542 γάρ
1463 3475 1630 3539 ἐσμεν
1648 3471 1757 3526 τῶν
1787 3488 1923 3543 καρ-

348 3559 481 3614 διῶν
511 3563 717 3630 κριταὶ,
758 3563 875 3615 ἀλλ’
900 3562 961 3628 ἐξ
989 3557 1063 3616 ὧν
1095 3564 1369 3631 ἀκούομεν
1416 3564 1721 3635 κρίνομεν).
1751 3564 1799 3617 εί
1831 3564 1927 3617 καὶ

350 3652 452 3721 τὴν
483 3654 782 3725 ἐκκλησίαν
852 3654 1212 3725 πολυτρόπως
1242 3655 1569 3724 ἐλυμήνατο,
1617 3654 1929 3725 χειροτονή-

352 3763 452 3808 σας
484 3745 583 3815 μὲν
606 3746 739 3817 παρῖ
770 3746 983 3814 ἐνορίαν
1012 3746 1403 3812 ἀκανονίστως,
1431 3747 1580 3816 ὅρκῳ
1609 3746 1664 3800 δὲ
1698 3745 1929 3798 καταδεε-

355 3839 575 3908 σμήσας
611 3839 764 3909 παρά
802 3837 870 3890 τὰ
918 3838 1238 3906 εὐαγγέλια,
1287 3837 1665 3921 ἐπιορκεῖνβέ
1714 3836 1933 3899 διδάξας

349 3933 420 3985 δι’
451 3927 525 3985 ὧν
560 3930 823 4001 μετετέθη
868 3932 896 3982 6
948 3930 1347 4001 πρεσϐύτερος,
1374 3929 1703 3999 ψευδόμενος
1742 3928 1801 3982 δὲ
1837 3926 1934 3980 νῦν

347 4022 420 4076 δι’
455 4016 529 4076 ὧν
565 4022 664 4091 τὴν
688 4020 857 4090 λήθην
891 4019 1312 4091 σχηματίςεται.

2036 1918 2100 1959 ea
2123 1903 2409 1967 derelicta,
2446 1903 2718 1973 (Syriacus
2765 1903 3080 1959 discedebat
3111 1923 3125 1959 :
3181 1915 3293 1961 tum
3328 1906 3614 1979 Longinus

2038 2004 2308 2057 murreus,
2336 1993 2612 2049 desertum
2642 2008 2701 2049 se
2746 1995 3002 2064 templum
3047 1994 3388 2053 redditurum
3430 2000 3611 2053 mina-

2037 2085 2202 2140 batur
2243 2123 2258 2149 ,
2292 2092 2349 2139 et
2406 2083 2526 2138 solo
2595 2090 2968 2151 mquaturum.
3017 2084 3391 2158 Interrogatus
3448 2090 3616 2161 igitur

2037 2185 2282 2240 sanctus,
2333 2176 2552 2245 atquu'm
2610 2189 2733 2231 esse
2764 2177 3043 2243 censebat,
3092 2193 3309 2249 agrum,
3360 2182 3450 2235 Cui
3487 2183 3617 2237 sub-

2039 2268 2268 2322 stitutus
2303 2255 2422 2320 erat
2480 2263 2746 2335 C'yriacus
2779 2305 2795 2329 ,
2860 2264 3207 2321 Masadarum
3271 2270 3615 2342 episcopatui

2036 2356 2259 2426 subjici.
2289 2358 2502 2411 etiamsi
2532 2355 2760 2412 alterius
2781 2365 2929 2413 esset
2980 2360 3244 2428 regionis,
3281 2377 3347 2416 ac
3394 2380 3614 2420 rursum

2038 2448 2169 2503 illuc
2192 2448 2372 2503 redire
2399 2448 2707 2518 Cyriacurn.
2743 2444 2818 2501 lta
2855 2456 3115 2518 namque,
3149 2452 3248 2519 ait,
3286 2463 3340 2509 et
3374 2470 3475 2510 nos
3506 2474 3616 2512 non

2037 2541 2348 2597 Videbimur
2367 2541 2635 2596 adversus
2665 2554 2907 2595 canones
2939 2555 3123 2611 agere,
3160 2546 3468 2615 morigeros
3516 2564 3617 2604 nos

2039 2650 2168 2705 erga
2216 2631 2507 2705 Cyriacum
2540 2628 2866 2702 pra-bentcs,
2898 2647 3076 2703 neque
3101 2633 3189 2689 ille
3220 2636 3614 2707 jusjurandum

2038 2726 2307 2791 violabit;
2350 2725 2610 2796 quoniam
2676 2741 2776 2779 nec
2828 2722 3145 2794 juramento
3210 2729 3457 2785 additum
3510 2744 3615 2797 est.

2041 2819 2187 2888 quod
2222 2826 2330 2872 non
2363 2817 2427 2871 ad
2471 2817 2637 2871 breve
2680 2822 2896 2886 tempus
2923 2821 3140 2876 secedet
3174 2837 3347 2892 agro;
3381 2833 3434 2878 et
3465 2822 3617 2880 Lon-

2041 2911 2201 2981 ginus
2248 2907 2537 2964 ecclesiam
2580 2923 2687 2963 non
2750 2908 3022 2965 desertam
3082 2910 3375 2985 relinquet,
3435 2933 3617 2989 neque

2042 3004 2313 3057 suammct
2360 3002 2598 3056 animam
2664 2997 2924 3059 offendet.
2961 2999 3173 3061 Videsis
3225 3011 3501 3077 quomodo
3547 3027 3613 3066 ex

2042 3091 2334 3145 verborum
2360 3090 2748 3160 disquisitione
2771 3094 3099 3148 sententiam
3133 3106 3359 3155 sanctus
3385 3102 3615 3171 indaga-

2040 3185 2141 3250 vit,
2173 3193 2234 3238 ut
2286 3185 2378 3253 qui
2429 3182 2793 3253 jurejurando
2861 3199 2920 3240 se
2948 3186 3318 3244 obstrinxerat
3364 3192 3617 3261 peierare

2040 3292 2147 3331 non
2183 3276 2453 3330 videatur.
2484 3275 2688 3330 Severo
2725 3284 2907 3331 autem
2939 3288 3220 3343 accusata.
3272 3284 3419 3350 quod
3469 3285 3616 3339 ultro

2040 3368 2331 3424 ordinabat
2362 3367 2415 3421 in
2445 3380 2598 3447 suam
2637 3367 2924 3435 diwcesin,
2965 3378 3020 3424 et
3053 3370 3384 3428 oblivionem
3424 3389 3618 3447 praste-

2040 3469 2201 3516 xente
2228 3478 2240 3514 :
2264 3459 2395 3525 Deo,
2424 3444 2603 3530 inquit
2633 3471 2878 3525 sanctus,
2903 3461 3197 3518 vindictam
3252 3444 3617 3538 relinquimus

2032 3553 2125 3622 qui
2146 3553 2364 3605 occulta
2399 3552 2683 3619 cognoscit
2713 3559 2765 3605 et
2799 3561 3081 3609 scrutatur
3108 3570 3244 3619 ;nos
3270 3574 3399 3613 vero
3436 3560 3616 3616 indis-

2037 3644 2366 3698 eriminatim
2432 3643 2583 3697 illum
2650 3643 2968 3709 recipimus,
3004 3655 3058 3701 et
3087 3647 3181 3717 qui
3225 3649 3500 3708 humanus
3533 3666 3619 3709 (εει

2036 3737 2252 3806 lapsus,
2276 3721 2541 3789 oblivioni
2581 3733 2961 3804 ignoscentcs;
3003 3740 3447 3811 quandoquidem
3502 3762 3610 3799 non

2050 3844 2247 3885 sumus
2279 3828 2532 3883 cordium
2591 3828 2929 3899 cognitores,
2968 3830 3062 3884 sed
3121 3843 3285 3902 prout
3337 3836 3614 3902 audimus,

2041 3921 2380 3991 judicamus.‘
2435 3919 2588 3974 Licet
2635 3920 2924 3976 ecclesiam
2988 3923 3354 3981 multifariam
3414 3931 3619 3985 damno

2045 4012 2251 4075 affecit,
2310 4012 2403 4081 qui
2458 4011 2604 4066 ultra
2672 4026 2828 4067 suam
2864 4014 3127 4072 dioecesin
3186 4030 3380 4073 contra
3447 4037 3620 4079 cano-

362 4130 463 4170 nes
482 4114 853 4178 ordinavit,et
875 4112 1191 4181 jnrarncnto
1215 4121 1411 4182 praeter
1435 4107 2039 4184 Evangeliaastrinxit;
2078 4105 2326 4176 peierare
2397 4118 2526 4159 vero
2588 4103 2776 4159 docuit
2820 4119 2887 4159 eo
2966 4108 3113 4176 quod
3165 4110 3465 4167 translatus
3532 4127 3620 4171 est

352 4213 677 4283 presbyter;
716 4224 867 4265 nunc
900 4216 1086 4263 autern
1118 4210 1385 4264 mentitus
1418 4218 1502 4264 cst
1532 4209 1797 4275 quoniam
1828 4205 2161 4260 oblivionem
2196 4216 2308 4272 prae
2338 4217 2397 4258 se
2425 4199 2549 4256 fert.

434 4305 529 4361 Ἐν
559 4307 618 4360 δὲ
636 4305 714 4376 τῷ
760 4305 826 4370 ιζ’
858 4305 1046 4359 κανόνι
1079 4305 1251 4359 ταῦτα
1281 4305 1590 4375 διείληπται
1611 4322 1627 4337 ο
1662 4305 1927 4366 Ἀπιστός

343 4414 430 4461 τις
454 4397 637 4467 λαχὼν
669 4398 861 4468 ἄρχειν
904 4396 1244 4465 Ἀντιοχέων,
1285 4395 1538 4456 ἀπειλαῖς
1567 4393 1923 4463 καταπλήξας

2122 4301 2180 4355 ln
2218 4315 2343 4355 can.
2366 4297 2583 4354 decimo
2609 4275 2848 4369 septimo
2874 4299 2990 4355 ba‘c
3022 4300 3426 4371 disceptantur.
3489 4304 3614 4361 lnll«

2040 4391 2179 4447 delis
2214 4388 2376 4461 135l
2402 4389 2628 4458 quidam
2662 4390 2971 4448 Antiochia:
3036 4393 3332 4464 imperium
3357 4399 3612 4461 sortitus.

344 4488 453 4541 τῶν
487 4485 720 4540 ἐνταῦθα
748 4485 937 4556 ἱερέων
965 4484 1142 4547 ἐνίους
1170 4485 1249 4547 εἰς
1282 4482 1438 4537 τοῦτο
1470 4484 1589 4553 βίας
1628 4484 1807 4554 ἤγαγε
1830 4483 1929 4537 καὶ

2040 4486 2334 4542 nonnullos
2368 4485 2441 4539 ibi
2476 4486 2830 4557 presbyteros
2858 4486 3023 4542 nimis
3054 4491 3364 4558 percellens
3386 4500 3536 4547 tanta
3563 4495 3612 4547 vi

344 4580 617 4646 ἀνάγκης,
647 4576 817 4631 ὦστε⁵
840 4576 1042 4647 ὀμόσαι
1074 4576 1173 4645 τῆς
1220 4575 1519 4647 ἱερωσύνης
1568 4558 1887 4629 πεπαῦσθαι
1908 4593 1921 4607 ·

343 4671 551 4723 τούτων
581 4666 662 4732 εἷς
700 4687 805 4736 τις,
855 4669 1071 4739 Βιάνωρ
1093 4668 1289 4739 ὄνομα,
1316 4669 1395 4731 εἰς
1427 4668 1489 4721 τὸ
1538 4670 1759 4722 Ἰκόνιον
1793 4685 1926 4738 μετ-

344 4764 576 4834 ῳκίσθη,
649 4764 780 4831 περὶ
827 4759 888 4814 οὒ
921 4762 1012 4814 τὸν
1066 4763 1241 4830 μέγαν
1287 4761 1590 4825 Βασίλειον,
1634 4760 1727 4815 τοῦ
1778 4761 1929 4815 θείου

344 4853 613 4922 ἐρομένου
656 4851 1031 4921 Ἀμφιλοχίου.
1068 4853 1254 4921 φάναι,
1301 4853 1383 4906 ὅτι
1417 4852 1612 4906 Κοινδν
1660 4850 1929 4921 ἐξεθέμην

347 4946 474 5013 ὅρον
516 4943 611 4996 καὶ
639 4942 839 4993 κανόνα
872 4941 1003 5011 περὶ
1046 4941 1154 4994 τῶν
1197 4943 1255 4995 ἐν
1301 4941 1607 5012 Ἀντιοχείᾳ
1634 4942 1930 5011 ὀμωμοκό-

326 5028 457 5092 ’των
509 5035 917 5106 πρεσϐυτέρων,
956 5036 1043 5089 ῖνα
1098 5034 1206 5086 τῶν
1249 5034 1347 5103 μὲν
1406 5034 1602 5087 κοινῶν
1656 5032 1931 5101 συλλόγων

327 5128 687 5199 Ϊὰπέχωνται,
732 5126 837 5195 ἰδία
864 5124 921 5177 δὲ
958 5126 1028 5178 τὰ
1052 5125 1159 5178 τῶν
1187 5124 1582 5196 πρεσϐυτέρων
1607 5122 1929 5195 ὲνεργῶσιν,

349 5222 504 5281 ὅπως
542 5218 617 5288 μὴ
646 5221 759 5280 τοῖς
780 5218 981 5270 εἰδόσιν
1018 5217 1214 5281 αὐτοὺς
1247 5218 1316 5271 τά
1344 5217 1441 5287 τῆς
1476 5217 1788 5288 ἱερουργίας
1814 5216 1934 5281 £56-

355 5309 721 5380 μοσαμένους,
746 5309 909 5361 αίτιοι
943 5308 1241 5361 σκανδάλου
1265 5308 1509 5375 γένοιντο
1528 5323 1542 5337 ο
1571 5306 1744 5377 τούτῳ
1770 5306 1828 5360 δὲ
1852 5304 1934 5373 τῷ

355 5403 592 5472 Βιάνωρι
627 5401 830 5471 μᾶλλον
850 5400 1038 5453 ἄδειαν
1070 5400 1302 5470 παρέχει
1325 5401 1460 5470 πρὸς
1480 5397 1580 5468 τὴν
1608 5398 1930 5466 ὑπηρεσίαν,

353 5495 439 5546 ὅτι
464 5492 564 5544 οὐκ
595 5493 654 5543 ἐν
686 5490 1008 5560 Ἀντιοχείᾳ,
1030 5490 1149 5543 ἀλλ’
1180 5494 1236 5543 ἐν
1276 5488 1481 5556 Ἰκονίῳ
1507 5490 1576 5541 τὰ
1600 5489 1696 5558 τῆς
1720 5489 1934 5557 ἱερουρ-

356 5584 485 5651 γίας
535 5581 718 5651 μέλλει
772 5583 1064 5651 πράττειν’
1112 5581 1299 5644 δεκτὸς
1351 5579 1444 5633 οὖν
1493 5581 1641 5633 ἐστιν
1678 5578 1965 5633 ἀπαιτού-·

320 5752 331 5757 1
361 5690 525 5745 μενος
554 5676 701 5746 παρὰ
732 5674 830 5743 τῆς
859 5673 1149 5735 εὐλαϐείας
1190 5691 1284 5726 σου
1321 5672 1723 5743 μεταμέλεσθαι
1753 5674 1844 5725 ἐπὶ
1869 5675 1933 5742 τῇ

356 5765 578 5837 εὐκολίᾳ
604 5765 698 5818 τοῦ
724 5766 914 5835 ὅρκου,
959 5766 1017 5818 ὃν
1046 5767 1140 5818 ἐπὶ
1171 5766 1261 5819 τοῦ
1292 5768 1540 5833 ,ἀπίστου
1572 5765 1761 5836 ἀνδρὸς
1802 5764 1934 5829 ἐξω-

640 5860 913 5921 Ριιτιιυι..
964 5859 1080 5920 GR.
1124 5861 1391 5920 CXLIV.

2006 4588 2094 4634 .et
2122 4576 2452 4635 necessitate
2514 4578 2952 4650 constringebat,
2994 4589 3055 4635 ut
3092 4596 3153 4637 se
3202 4598 3231 4636 a
3296 4586 3617 4643 sacerdotio

2043 4678 2366 4725 cessaturos
2390 4669 2658 4737 jurarint.
2680 4668 2884 4725 Horum
2913 4686 3079 4737 unus,
3105 4672 3309 4728 Bianor
3370 4675 3615 4739 nomine,

2041 4761 2288 4815 lconium
2330 4761 2768 4832 transmigravit,
2792 4766 2858 4817 de
2882 4779 2992 4832 quo
3029 4781 3262 4835 magnus
3288 4765 3551 4832 Basilius,
3587 4785 3617 4823 a

2041 4860 2237 4907 sancto
2260 4852 2649 4920 Amplrilocbio
2684 4854 3078 4924 interrogatus,
3106 4858 3271 4921 dixit,
3307 4859 3619 4916 Commune

2039 4942 2322 4999 decretum
2374 4953 2429 4997 et
2463 4958 2731 4998 canonem
2758 4945 2825 4999 de
2863 4947 3228 5017 presbyteris,
3288 4952 3383 5020 qui
3426 4955 3620 5007 Antio-

2036 5035 2175 5090 chia:
2209 5034 2489 5104 iurarunt,
2517 5035 2816 5101 edidimus,
2846 5047 2908 5091 ut
2942 5039 2978 5092 ii
3006 5055 3035 5091 a
3070 5041 3303 5109 publicis
3337 5049 3611 5100 conventi-

2038 5126 2142 5183 bus
2164 5127 2764 5197 abstineant,privatim
2798 5136 2980 5185 tamen
3005 5132 3454 5203 presbyterorum
3498 5153 3621 5191 mu-

2037 5234 2165 5275 nera
2182 5219 2496 5276 obeautzne
2520 5221 2630 5277 illis
2656 5262 2671 5286 ,
2693 5222 2786 5291 qui
2809 5237 2906 5278 eos
2934 5238 3092 5280 sacra
3122 5225 3372 5296 ejurasse
3412 5229 3615 5293 sciunt.

2038 5310 2527 5365 scandalicansam
2555 5311 2855 5381 praebeant.
2888 5311 3162 5385 Eomagis
3188 5324 3373 5371 autem
3419 5318 3621 5375 Bianor

2048 5401 2413 5455 ministerium
2446 5403 2684 5457 obeundi
2713 5404 2991 5459 licentiam
3016 5408 3269 5472 obtinet,
3301 5411 3448 5477 quod
3506 5426 3618 5464 non

2036 5491 2380 5553 Antiochize.
2433 5497 2526 5548 sed
2595 5494 2764 5549 lconii
2840 5510 2998 5550 sacra
3065 5498 3448 5553 celebraturus
3522 5502 3615 5555 sit.

2042 5584 2441 5653 Suscipiendus
2498 5597 2581 5639 est
2630 5601 2785 5657 ergo,
2828 5603 2858 5641 a
2893 5597 2986 5643 tua
3030 5590 3234 5657 pietate
3268 5591 3617 5654 admonitus.

2042 5686 2101 5729 ut
2126 5676 2511 5745 objnramenti
2546 5678 2888 5744 facilitatem,
2911 5683 3057 5750 quod
3088 5684 3196 5738 sub
3252 5683 3457 5739 inﬁdeli
3498 5687 3621 5739 viro

2037 5769 2268 5845 jurarit,
2296 5785 2424 5823 cum
2457 5772 2740 5839 ιεωιιὶιιιιιι,
2799 5787 2924 5827 cnm
2957 5775 3112 5843 parvi
3171 5776 3323 5831 illius
3384 5779 3618 5849 periculi

3148 5863 3224 5928 42
