4054 6418
512 370 651 434 1393
1701 371 2070 434 MATTH/EI
2105 373 2528 435 BLASTARIS
3604 374 3714 442 132i

507 479 820 537 molestiam
857 477 1004 534 ferre
1026 493 1136 534 non
1173 479 1438 550 potuerit.
1467 478 1664 536 Verum
1693 498 1748 537 in
1800 484 1870 537 οι
1933 485 2086 540 inde-

2201 486 2419 557 μόσατο,
2457 485 2728 557 βαστάσαι
2765 483 2866 556 τὴν
2901 481 3142 556 ’ὄχλησιν
3173 481 3270 539 τοῦ
3319 489 3506 558 μικροῦ
3542 490 3716 546 ἐκείνου

454 579 465 586 ’
507 576 798 631 terminate
833 574 1028 639 laicos,
1051 573 1146 644 qui
1177 571 1517 643 peierarunt.
1571 589 1670 644 per
1696 575 2021 630 decennium
2061 593 2090 631 a

2201 577 2444 632 κινδύνου
2506 579 2580 650 μὴ
2633 577 2908 649 δυνηθείς.
2977 577 3124 631 Ἀλλ’
3183 579 3240 631 ἐν
3280 581 3374 648 μὲν
3401 580 3475 650 τῷ
3516 583 3578 647 ξδ’
3619 587 3721 649 τοῦς

505 667 681 722 sacris
717 665 1088 738 percipiendis
1118 673 1290 720 arcet.
1332 664 1724 721 Verumtamen
1786 667 1839 722 in
1877 667 1946 722 82
1977 669 2090 725 dis.

2201 670 2492 741 ἐπιόρκους
2517 670 2628 724 τῶν
2652 669 2860 724 λαῖκῶν
2883 669 3348 740 ἀπροσδιορίστως
3371 672 3460 725 ἐπὶ
3478 673 3722 729 δεκαετίαν

508 757 770 813 tinctione
817 757 1011 812 statuit
1061 765 1119 811 ut
1177 755 1213 809 ii
1259 755 1354 825 qui
1404 771 1469 811 ex
1519 760 1848 814 necessitate
1891 768 1947 815 et
2039 759 2090 816 vi

2201 762 2305 814 τῶν
2330 761 2692 831 ἁγιασμάτων
2725 761 3018 832 ἀπείργειο
3055 762 3114 813 ἐν
3150 761 3209 814 δέ
3237 778 3298 829 γε
3328 762 3403 828 τῷ
3431 763 3533 834 πβ¹,
3555 765 3724 834 διαιρέ-

504 849 858 921 peierarunt,
912 857 1036 919 post
1093 847 1340 903 scxennii
1377 849 1612 917 spatium
1669 851 2088 922 suscipiantur;

2201 870 2280 906 σει
2334 853 2706 924 χρησάμενος,
2769 854 2896 915 τοὺς
2963 854 3063 924 μὲν
3123 851 3183 917 ἐξ
3237 853 3469 924 ἀνάγκης
3503 857 3586 908 καὶ
3629 857 3727 925 βίας

507 941 602 1010 qui
635 950 818 995 autem
854 939 975 995 sine
1035 939 1365 996 necessitate
1397 941 1554 996 fidem
1618 957 1774 997 suam
1829 945 2088 1011 prodide-

2201 944 2639 1015 ἐπιορκήσαντας
2711 945 2852 1014 μετὰ
2885 944 3086 1013 ἑξαετῆ
3136 945 3330 1016 χρόνον
3372 946 3603 1016 δέχεσθαι
3627 950 3730 1002 διω-

505 1042 638 1088 runt
660 1032 810 1103 (nam
841 1032 1144 1103 periurium
1179 1042 1263 1088 est
1291 1030 1382 1088 Dei
1415 1033 1810 1104 negatio),post
1838 1036 2090 1091 undecim

2201 1037 2390 1106 ρίσατο
2410 1053 2424 1068 ο
2453 1037 2579 1099 τοὺς
2609 1035 2665 1088 δέ
2703 1036 2874 1106 χωρὶς
2912 1037 3163 1105 ἀνάγκης
3195 1038 3295 1106 τὴν
3331 1038 3530 1090 ἑαυτῶν
3572 1039 3729 1093 πίστιν

506 1139 684 1180 annos
716 1139 875 1180 sacra
906 1122 1304 1179 communione
1339 1123 1493 1195 digni
1557 1136 1880 1192 censentur,
1942 1136 2092 1197 post-

2201 1128 2496 1198 προδόντας
2531 1128 2816 1198 (ἐπιορκία
2845 1128 2953 1198 γάρ
2999 1129 3114 1180 ἐστι
3157 1128 3294 1182 Θεοῦ
3324 1130 3557 1200 ἄρνησις)
3615 1132 3730 1200 μετὰ

507 1234 673 1289 quam
701 1216 1060 1272 suﬂicientem
1091 1215 1518 1272 manifestarunt
1551 1219 1955 1287 paenitentiam.
1993 1220 2092 1276 His

2201 1219 2481 1273 ἑνδέκατον
2513 1221 2635 1282 ἔτος
2662 1221 2761 1288 τῆς
2785 1219 2937 1283 θείας
2967 1219 3112 1286 ἀξιοῖ
3139 1222 3440 1287 κοινωνίας,
3477 1223 3729 1291 μετάνοιαν

506 1326 640 1366 vero
669 1311 847 1381 poenis
893 1308 1294 1379 subiiciuntur,
1329 1311 1422 1380 qui
1457 1325 1556 1364 sua
1593 1321 1786 1380 Sponte
1821 1328 1918 1382 per
1958 1328 2092 1367 con-

2201 1309 2476 1379 ἀξιόλογον
2500 1311 2974 1381 ἐπιδειξαμένους.
3003 1309 3229 1374 Τούτοις
3249 1312 3306 1364 δὲ
3335 1315 3442 1373 τοῖς
3473 1315 3729 1382 ἐπιτιμίοις

513 1403 812 1458 fessionem
843 1399 911 1456 de
940 1410 1168 1471 peccato
1221 1403 1655 1472 triumpharunt,
1712 1414 1765 1457 et
1818 1405 2088 1459 medelam

507 1494 858 1564 petiverunt;
888 1507 995 1547 non
1031 1502 1229 1548 autem
1262 1493 1300 1547 ii
1334 1495 1429 1564 qui
1463 1510 1528 1548 ex
1584 1495 1821 1549 aliorum
1853 1511 2086 1551 accusa-

510 1583 757 1638 tionibus
807 1582 1035 1654 periurii
1095 1583 1173 1639 rei
1207 1585 1591 1640 inveniuntur.
1619 1586 1700 1640 llli
1737 1589 1886 1642 enim
1925 1589 2093 1644 simul

509 1683 564 1729 et
594 1689 752 1744 pmna
777 1674 1092 1744 pecuniaria
1120 1683 1175 1729 et
1222 1675 1443 1746 gravius
1477 1678 1543 1730 ab
1580 1675 1825 1733 Ecclesia
1859 1682 2096 1749 puniun-

510 1771 636 1830 tur;
707 1763 858 1834 quia,
917 1771 977 1818 ut
1036 1765 1236 1834 saepius
1291 1764 1498 1820 dictum
1549 1775 1667 1831 est,
1721 1769 2096 1825 incriminatio

2201 1763 2468 1827 πλειόνως
2508 1764 2613 1818 ὑπὸ
2640 1765 2738 1836 τῆς
2782 1765 3110 1834 Ἐκκλησίας
3141 1766 3535 1835 ἐπιτιμῶνται⁶
3577 1768 3604 1820 6
3647 1767 3736 1834 γὰρ

505 1831 756 1922 duplicat
805 1854 1014 1923 peccati
1042 1831 1264 1922 molem,
1295 1857 1762 1926 quemadmodum
1811 1868 1866 1914 et
1915 1864 2092 1932 poeni-

2201 1855 2443 1926 ἔλεγχος,
2480 1857 2557 1919 ὡς
2605 1831 2868 1919 πολλάκις
2913 1831 3152 1926 εἴρηται,
3205 1831 3540 1920 διπλασιάζει
3571 1859 3624 1911 τὸ
3657 1831 3737 1912 τοῦ

510 1945 680 1999 tentia
713 1945 980 2000 trutinam
1014 1947 1212 2002 elevat.
1247 1947 1529 2020 lllultiplex
1564 1959 1650 2004 est
1676 1949 1907 2019 periurii
1967 1969 2094 2022 pee-

2201 1943 2597 2014 ἀμαρτήματος
2643 1943 2891 2015 ὄφλημα,
2927 1945 3117 2014 ὥσπερ
3144 1944 3236 1998 οὖν
3276 1947 3310 2015 ἡ
3347 1947 3594 2016 μετάνοια
3635 1965 3738 1999 κου-

511 2044 718 2100 catum,
752 2045 806 2090 et
828 2045 1120 2106 propterea
1156 2035 1374 2092 dimeile
1401 2046 1486 2092 est
1520 2050 1740 2094 curatu.
1773 2039 1908 2094 Nam
1935 2042 2095 2097 aliter

2201 2033 2348 2103 τρίζει
2401 2034 2502 2102 τῆς
2548 2035 2822 2104 τιμωρίας
2865 2035 2968 2102 τὴν
3021 2036 3364 2104 πλάστιγγα.
3411 2038 3739 2102 Πολυειδέςδέ

510 2141 703 2196 poenas
731 2126 846 2192 dat,
873 2127 966 2196 qui
995 2143 1093 2197 per
1116 2127 1378 2198 iniuriam
1434 2127 1645 2197 iuravit
1672 2139 1727 2184 et
1787 2129 2092 2202 peieravit;

2201 2124 2315 2176 ἐστι
2348 2123 2408 2176 τὸ
2437 2124 2538 2192 τῆς
2581 2124 2872 2194 ἐπιορκίας
2911 2124 3246 2196 ἁμάρτημα,
3285 2127 3430 2198 παρὸ
3464 2129 3552 2181 καὶ
3579 2129 3740 2198 δυσχε-

495 2218 672 2273 .aliter
701 2219 792 2288 qui
823 2233 920 2288 per
949 2219 1058 2272 vim
1083 2235 1099 2285 ;
1129 2228 1183 2274 et
1208 2219 1305 2290 qui
1334 2221 1718 2290 paenitentiam
1764 2223 1908 2292 agit,
1939 2223 2096 2281 aliter

2201 2211 2312 2282 ρῶς
2357 2212 2764 2282 θεραπεύεται⁹
2817 2214 2997 2276 ἄλλως
3046 2215 3156 2286 γὰρ
3201 2218 3522 2285 ἐπιτιμᾶται
3571 2219 3596 2270 6
3641 2218 3739 2272 κατ’

521 2324 688 2380 quam
721 2309 851 2376 isti;
890 2309 1139 2381 aliasqui
1193 2311 1266 2366 ob
1321 2310 1556 2381 alicuius
1607 2312 1984 2370 defensionem
2045 2329 2096 2372 et

2201 2302 2490 2374 ὀλιγωρίαν
2518 2304 2725 2373 ὀμόσας
2765 2305 2862 2358 καὶ
2927 2306 3276 2378 ἐπιορκήσας
3297 2323 3311 2338 ·
3339 2307 3495 2361 ἀλλον
3515 2309 3690 2378 τρόπον
3717 2310 3740 2360 6

505 2401 851 2467 vindictam;
901 2411 956 2457 at
988 2418 1138 2468 eum,
1203 2403 1298 2474 qui
1340 2403 1470 2459 dolo
1506 2405 1652 2460 malo
1707 2406 1816 2462 hoc
1878 2407 2094 2476 fecerit,

2201 2394 2338 2446 κατά
2374 2392 2496 2461 βίαν
2516 2409 2532 2425 ο
2564 2393 2594 2445 6
2617 2395 2910 2466 μεταμέλῳ
2939 2397 3292 2466 χρησάμενος
3323 2397 3545 2469 ἄλλωςῆ
3589 2389 3739 2452 οὗτοι·

510 2491 603 2547 ubi
637 2493 859 2562 pones?
915 2492 1017 2559 Qui
1075 2503 1256 2548 autem
1319 2495 1394 2550 rei
1445 2495 1684 2566 alicuius
1758 2497 1989 2555 ludicrae
2042 2509 2096 2556 et

2201 2483 2402 2554 ἐτέρως
2433 2487 2461 2538 ὀ
2489 2486 2599 2537 τινὶ
2628 2486 2974 2556 ἀμυνόμενος
3000 2504 3015 2518 ⁸
3050 2487 3142 2539 τὸν
3174 2487 3230 2542 δὲ
3269 2490 3414 2541 κατὰ
3442 2489 3584 2542 δόλον
3613 2488 3742 2542 τοῦτο

512 2586 934 2642 contemnenda:
979 2586 1152 2657 gratia
1183 2573 1557 2658 iuramentum
1613 2604 1941 2661 aspernatus
1979 2593 2096 2649 fue-

2201 2575 2544 2644 πεποιηκότα
2579 2575 2682 2629 ποῦ
2711 2577 2936 2647 θήσεις;
2978 2577 3041 2632 Ὀ
3075 2578 3131 2631 δὲ
3163 2579 3311 2632 κατά
3359 2597 3410 2632 τι
3460 2579 3743 2644 παιγνιῶδες

512 2676 605 2740 rit,
646 2677 737 2731 ubi
771 2677 1180 2733 collocabitur?
1208 2680 1480 2736 Przeterea
1513 2683 1606 2752 qui
1645 2685 1931 2754 corporale
1979 2685 2096 2756 ius-

2201 2666 2298 2719 καὶ
2340 2667 2648 2738 ἀπόϐλητον
2677 2667 2770 2721 τὸν
2799 2668 2962 2738 ὅρκον
2992 2668 3286 2739 ὴθετηκὼς
3317 2669 3420 2724 ποῦ
3467 2669 3741 2734 τετάξεταις

497 2767 801 2839 iurandum
859 2779 1237 2842 transgressus
1274 2781 1378 2839 est,
1425 2773 1631 2845 quique
1674 2777 1896 2848 scriptis
1943 2793 2100 2832 man-

513 2859 725 2921 datum,
757 2859 825 2912 de
871 2859 959 2916 his
991 2860 1124 2930 quid
1169 2862 1520 2917 statuendum
1579 2865 1706 2919 est?
1766 2864 2098 2936 Huiusmodi

493 2947 680 3020 igitur
716 2949 1006 3018 diligenter
1040 2952 1407 3018 examinanda
1452 2964 1679 3022 sunt,et
1710 2971 1814 3027 pro
1883 2958 2099 3014 viribus

495 3041 864 3112 corrigenda.

2195 1400 2516 1454 ὑπόκεινται
2545 1402 2594 1453 οί
2627 1401 2808 1453 ἐκοντὶ
2837 1400 2899 1452 τὸ
2931 1400 3242 1470 ἁμάρτημα
3282 1403 3348 1471 τῇ
3381 1400 3728 1470 ἐξομολογήσει

2197 1490 2692 1563 θριαμϐεύσαντες,
2732 1491 2827 1543 καὶ
2856 1491 2956 1560 τὴν
2985 1491 3287 1560 θεραπείαν
3317 1492 3732 1563 ἐπιζητήσαντες,

2195 1583 2256 1634 ού
2289 1581 2397 1653 μὴν
2435 1584 2484 1635 οί
2525 1585 2638 1644 τοῖς
2676 1582 2883 1653 ἐτέρων
2925 1581 3176 1651 ἐλέγχοις
3212 1582 3548 1652 φωραθέντες
3574 1585 3734 1655 ἐπίορο

2197 1689 2303 1726 κοι.
2379 1673 2611 1726 Ἐκεῖνοι
2643 1671 2772 1743 γὰρ.
2797 1673 2914 1744 ἅμα
2943 1675 3010 1743 τῇ
3053 1675 3132 1735 είς
3167 1674 3426 1744 χρήματα
3467 1678 3632 1743 ποινῇ,
3659 1677 3737 1730 καὶ

2201 2756 2228 2807 ὁ
2250 2755 2306 2809 δέ
2330 2756 2644 2825 σωματικὸν
2675 2757 2838 2827 ὅρκον
2861 2756 3297 2828 παραϐεϐηκὼς,
3328 2762 3356 2812 6
3392 2761 3446 2813 δέ
3481 2759 3743 2828 ἔγγραφον,

2204 2847 2336 2915 περὶ¹
2384 2848 2590 2900 τούτων
2637 2849 2689 2901 τί
2738 2848 2846 2917 χρὴ
2895 2849 3243 2920 προσδοκᾷνς
3301 2850 3634 2914 Ἐξεταστέον
3659 2851 3746 2901 τοί-

2203 2957 2299 2994 νυν
2327 2941 2572 3010 ἀκριϐῶς
2612 2942 2681 2995 τά
2713 2943 2961 3010 τοιαῦτα,
3000 2942 3096 2997 καὶ
3131 2943 3212 3006 εἰς
3243 2943 3479 3014 δύναμιν
3511 2943 3747 3014 θεραπενο

2203 3032 2351 3086 τέον.

585 3214 644 3269 1η
675 3214 937 3269 vicesimo
960 3227 1104 3268 nono
1126 3227 1253 3269 vero
1286 3214 1434 3272 viros
1457 3217 1757 3288 principes,
1785 3220 1878 3291 qui
1904 3220 2094 3290 iurant

2284 3208 2374 3262 ’Ev
2419 3208 2477 3262 δὲ
2528 3208 2606 3278 τῷ
2662 3209 2744 3262 κθ¹
2774 3209 2901 3269 τοὺς
2947 3211 3259 3282 ὀμνύοντας
3312 3214 3424 3267 τῶν
3479 3214 3742 3284 ἀρχόντων,

513 3321 576 3362 se
612 3320 644 3360 ο
674 3306 939 3374 subiectis
993 3305 1108 3360 suis
1163 3307 1428 3377 quosdam
1479 3311 1738 3379 plexisse,
1804 3313 2096 3382 dupliciter

2201 3299 2375 3364 ἐνίους
2410 3300 2522 3352 τῶν
2551 3301 2656 3353 ὑπὸ
2703 3303 2860 3370 χεῖρα
2893 3303 3191 3374 τιμωρίαις
3239 3305 3553 3369 ὑποϐαλετν,
3584 3303 3747 3365 διττῶς

511 3397 914 3467 sanarijubet;
952 3412 1064 3451 uno
1116 3397 1278 3452 modo
1312 3399 1559 3467 qui-lem,
1599 3411 1659 3456 ut
1689 3403 1792 3470 ipsi
1853 3404 2090 3458 docean-

2203 3390 2384 3444 ίᾶσθαι
2437 3392 2685 3444 κελεύει·
2720 3395 2785 3462 τῇ
2830 3393 2949 3462 μὲν,
2988 3395 3063 3462 μὴ
3096 3397 3410 3468 προχείρως
3451 3395 3664 3467 ὀμνύναι
3688 3396 3752 3447 διο

492 3499 626 3555 .tur,
661 3503 770 3543 non
801 3487 962 3542 facile
990 3487 1216 3557 iurare,
1259 3487 1432 3542 altero
1451 3498 1655 3556 autem,
1685 3506 1754 3545 ne
1783 3491 1990 3544 malum
2038 3500 2096 3546 et

2201 3481 2535 3534 δάσκεσθαιο
2573 3481 2750 3551 τῇδὲ,
2809 3480 2886 3552 μὴ
2933 3483 3012 3545 είς
3051 3482 3215 3555 ἔργον
3267 3489 3372 3557 τὴν
3419 3486 3648 3556 πονηρὰν
3673 3483 3752 3538 καὶ

512 3578 875 3631 inhumanum
927 3577 1198 3646 iudicium
1281 3577 1346 3631 all
1411 3576 1668 3632 elfectuns
1723 3582 2035 3650 prolucant
2071 3622 2087 3645 ,

2201 3575 2574 3645 ἀπάνθρωπον
2608 3577 2796 3646 κρίσιν
2829 3578 3089 3647 ἐκφέρειν
3109 3595 3123 3608 ο
3160 3578 3300 3631 ἀλλὰ
3329 3581 3429 3650 τὴν
3459 3581 3554 3651 μὲν
3583 3581 3664 3632 ἐπὶ
3696 3580 3750 3647 τῇ

498 3669 614 3724 sed
669 3669 1051 3740 paenitentiam
1106 3678 1331 3738 propter
1370 3669 1736 3740 iurisiurandi
1781 3675 2095 3727 facilitatem

2203 3667 2504 3737 προπετείᾳ
2533 3671 2628 3720 τοῦ
2673 3669 2839 3737 ὅρκου
2899 3669 3192 3736 μετάνοιαν
3227 3673 3645 3736 ἐπιδείκνυσθαι,
3689 3671 3751 3741 μὴ

500 3762 862 3816 ostendant:
915 3774 1023 3814 non
1057 3766 1248 3814 autem
1294 3761 1514 3829 pietatis
1570 3773 1888 3831 praeteritus,
1953 3768 2096 3820 circa

2207 3758 2391 3826 μέντοι
2427 3759 2780 3829 προσχήματι
2813 3759 3125 3822 εὐλαϐείας,
3175 3762 3280 3830 τῆς
3327 3768 3458 3834 περὶ
3505 3766 3590 3817 τὸν
3616 3765 3752 3832 ὅρκον

516 3852 907 3922 iusiurandum
928 3864 1148 3918 nempe,
1207 3851 1616 3919 improbitatem
1682 3870 1839 3910 suam
1897 3857 2096 3910 confir-

2203 3848 2426 3920 δηλαδὴ,
2454 3850 2554 3920 τὴν
2584 3851 2853 3920 πονηρίαν
2870 3852 3081 3904 ἐαυτῶν
3114 3853 3404 3922 βεϐαιοῦν·
3433 3856 3550 3909 οὐδὲ
3573 3858 3667 3924 γὰρ
3687 3852 3752 3923 τῷ

517 3952 692 3998 ment.
721 3940 909 4012 Neque
934 3940 1082 3996 enim
1125 3939 1327 3996 Herodi
1394 3943 1537 3999 bene
1573 3945 1799 4015 iurasse
1869 3949 2096 4018 profuit,

2215 3939 2433 4010 Ἡρώδῃ
2462 3941 2795 4011 συνήνεγκεν
2821 3940 3142 4011 εὐορκῆσαι,
3170 3942 3230 4004 6;
3273 3944 3375 4014 τὴν
3403 3945 3580 4015 πάγην
3613 3943 3752 4011 δῆθεν

503 4035 636 4105 .qui,
673 4043 731 4089 ut
766 4033 994 4105 periurii
1035 4033 1247 4088 scilicet
1307 4035 1564 4105 laqueum
1623 4039 1874 4105 σίνηαι-οι,
1900 4040 2096 4111 laqueo

2204 4029 2306 4097 τῆς
2357 4030 2644 4100 ἐπιορκίας
2691 4030 3122 4100 φυλαττόμενος,
3172 4033 3252 4100 τῷ
3287 4035 3383 4087 τοῦ
3425 4037 3579 4102 φόνου
3610 4033 3750 4096 ἑάλω,

505 4121 801 4176 homicidii
843 4136 1036 4192 captus
1067 4132 1168 4187 est,
1231 4125 1460 4179 maximi
1496 4125 1808 4182 faciendum
1863 4130 2096 4199 prophe-

2205 4121 2369 4190 ἔργον
2403 4123 2681 4192 μαχαίρας
2713 4123 2804 4174 τὸν
2834 4121 2934 4176 τοῦ
2964 4123 3163 4186 παντὸς
3193 4124 3350 4188 ἀξιον
3381 4129 3654 4196 προφήτην
3679 4122 3752 4175 θέο

506 4220 629 4266 tam
665 4213 846 4280 gladio
907 4215 1262 4272 occidendum
1293 4219 1537 4272 tradens.
1571 4217 1746 4274 Omne
1789 4221 1936 4275 enim
1975 4222 2096 4292 jus-

2211 4229 2394 4282 μενος.
2426 4212 2697 4276 Καθάπαξ
2725 4214 2822 4280 μὲν
2855 4213 2965 4284 γὰρ
2997 4215 3142 4277 ἅπας
3165 4217 3332 4284 ὅρκος
3365 4219 3648 4286 ἀπείρηται
3675 4213 3751 4264 καὶ

509 4306 1055 4376 iurandumprorsus
1126 4311 1463 4379 prohibitum
1515 4321 1600 4366 est
1657 4321 1713 4365 et
1773 4314 2096 4368 condemna-

2208 4303 2627 4372 κατακέκριται.
2663 4303 2843 4372 πολλῷ
2877 4303 2934 4356 δέ
2981 4304 3157 4372 δήπου
3209 4305 3375 4359 πλέον
3423 4308 3586 4370 εἰκὸς,
3613 4306 3638 4358 6
3673 4301 3754 4355 ἐπὶ

511 4405 762 4452 tumzex
796 4399 1054 4453 omnibus
1109 4413 1294 4455 autem
1355 4403 1591 4456 maxime
1650 4404 1781 4459 illud
1839 4407 1982 4475 quod
2033 4407 2096 4462 ad

2207 4392 2452 4449 κακώσει
2477 4395 2642 4448 τινῶν
2675 4394 3004 4464 προαχθείς⁹
3046 4395 3187 4448 ὥστε
3222 4397 3644 4466 μεταγινώσκειν
3666 4392 3753 4464 χρὴ

521 4489 792 4558 quosdam
843 4491 984 4544 male
1015 4493 1335 4548 tractandos
1373 4495 1717 4563 suscipitur;
1747 4513 1916 4566 quare
1948 4515 2096 4561 cum.

2213 4488 2304 4539 τὸν
2330 4487 2622 4556 ὀμνύοντα,
2659 4487 2782 4556 ούχὶ
2811 4486 3136 4549 σπουδάζειν
3172 4487 3431 4556 βεϐαιοῦν
3460 4490 3519 4542 τὸ
3548 4486 3753 4542 ἀνόσιον.

513 4579 612 4649 qui
681 4579 909 4649 iuravit,
972 4583 1281 4649 poenitere},
1344 4599 1452 4636 non
1517 4595 1696 4638 autem
1772 4602 1928 4642 suam
2002 4591 2096 4642 im-

2212 4579 2321 4631 Καὶ
2352 4578 2462 4646 γάρ
2497 4579 2550 4630 εἰ
2584 4595 2665 4640 τις
2690 4577 3009 4644 ὀφθαλμούς
3030 4595 3175 4640 τινος
3210 4577 3487 4647 ἐξορύξειν
3511 4572 3752 4646 ὀμόσει,ἢ

515 4673 772 4741 pietatem
807 4673 1134 4728 confirmare
1165 4675 1383 4729 studere
1435 4685 1666 4744 oportet.
1695 4679 1770 4730 lla
1808 4681 1852 4732 si
1890 4681 2013 4746 quis
2047 4698 2096 4735 se

2209 4669 2514 4738 φονεύσειν,
2547 4670 2580 4739 ἢ
2610 4669 2720 4721 τῶν
2758 4669 2990 4722 ἐντολῶν
3019 4670 3306 4739 ἡντιναοῦν
3333 4670 3634 4739 ἀθετήσειν,
3661 4665 3756 4730 eis.

521 4764 810 4834 cujusdam
864 4765 1061 4820 oculos
1109 4767 1442 4821 clfossurum
1511 4767 1818 4836 iuraverit,
1873 4772 1957 4824 vel
2019 4773 2096 4825 iu-

2206 4760 2456 4825 ταστέον,
2500 4759 2553 4811 τί
2601 4761 2710 4828 ἄρα
2755 4759 2987 4828 βέλτιον,
3019 4761 3152 4830 παρ’
3185 4761 3338 4813 οὐδὲν
3369 4761 3555 4814 θέσθαι
3583 4760 3666 4812 τὸν
3681 4757 3754 4824 ὄρ·

519 4854 902 4918 terfecturum,
939 4857 1022 4910 vel
1055 4857 1378 4911 mandatum
1437 4857 1662 4926 aliquod
1719 4858 2096 4927 violaturum,

2207 4867 2322 4912 κον,
2349 4849 2382 4920 ἢ
2422 4849 2498 4911 είς
2525 4849 2688 4918 ἔργον
2718 4849 2778 4902 τὸ
2810 4851 2980 4902 κακὸν
3013 4851 3264 4917 ἀγαγεῖν,
3297 4851 3396 4903 καὶ
3432 4852 3533 4920 τὴν
3566 4845 3755 4912 ἐντολὴν

520 4945 908 5014 inquirendum
956 4957 1063 5013 est,
1123 4947 1256 5016 quid
1309 4946 1380 5001 sit
1435 4948 1655 5011 melius,
1710 4949 2097 5019 iusiurandum

521 5036 680 5090 nihili
717 5036 919 5098 facere.
951 5047 1046 5092 aut
1075 5039 1282 5092 malum
1344 5039 1608 5106 perficere
1658 5050 1711 5092 et
1766 5053 2098 5112 praeceptum

525 5128 752 5181 violare.
787 5147 809 5179 ε
849 5128 1039 5183 Juravi
1088 5128 1316 5194 etenim,
1358 5129 1536 5197 inquit
1604 5131 1790 5196 David,
1830 5145 1884 5188 et
1931 5135 2099 5203 iusti-

523 5220 612 5273 tia
651 5229 760 5274 tua
809 5219 1019 5289 iudicia
1079 5220 1362 5274 custodire
1413 5221 1598 5284 statui,
1661 5240 1680 5272 ι
1744 5239 1854 5279 non
1915 5238 2098 5283 autem

520 5308 1317 5380 peccatum.Quemadmodum
1347 5310 1494 5363 enim
1536 5325 1867 5379 praeceptum
1903 5318 2100 5372 immu-

523 5400 783 5456 tabilibus
847 5400 1074 5468 indiciis
1127 5398 1454 5453 firmandum
1515 5409 1632 5462 est,
1683 5402 1756 5454 ita
1817 5418 2097 5471 peccatum

519 5492 748 5548 omnino
782 5491 1046 5546 inﬁrmari
1078 5499 1134 5544 et
1179 5487 1348 5542 deleri
1384 5498 1618 5555 oportet.
1668 5490 1770 5543 Sed
1819 5496 1911 5561 qui
1971 5496 2101 5566 legi-

521 5585 710 5638 timum
746 5582 1139 5654 iusiurandum
1171 5580 1291 5634 sine
1326 5579 1435 5632 ulla
1469 5583 1798 5637 necessitate
1857 5587 2099 5641 violave-

521 5678 615 5736 rit.
650 5677 823 5746 magis
855 5675 1138 5743 punietur,
1169 5686 1334 5740 quam
1364 5672 1459 5740 qui
1491 5675 1596 5725 vim
1622 5688 1820 5741 passus
1851 5688 1937 5732 est
1971 5697 1983 5732 :
2009 5680 2095 5734 sin

526 5779 706 5823 autem
731 5784 838 5822 non
873 5776 993 5822 erat
1022 5765 1328 5837 legitimum
1353 5763 1755 5832 iuramentum,
1809 5768 1966 5840 135
1994 5774 2088 5827 seu

2209 4940 2545 5011 παραϐῆναι.
2599 4942 2810 5008 Ὤμοσα
2840 4941 2972 5009 γὰρ,
3002 4943 3166 5011 φησὶν
3195 4943 3223 4995 6
3253 4942 3439 5008 Δαῦὶδ,
3464 4942 3555 4994 καὶ
3577 4939 3752 5006 ἐστησα

2205 5033 2299 5086 τοῦ
2334 5033 2566 5100 φυλάξαι
2601 5035 2668 5085 τὰ
2711 5033 2953 5100 κρίματα
2997 5032 3094 5100 τῆς
3125 5032 3480 5101 δικαιοσύνης
3511 5048 3621 5092 σου,
3657 5025 3754 5096 οὐχὶ

2203 5125 2305 5194 τὴν
2337 5125 2634 5194 ἁμαρτίαν.
2658 5124 2872 5189 Ὥσπερ
2904 5125 3014 5193 γὰρ
3045 5123 3144 5193 τὴν
3174 5123 3396 5193 ἐντολὴν
3428 5121 3753 5192 ἀμεταθέτως

2205 5216 2442 5286 κρίμασι
2470 5217 2738 5285 προσήκει
2769 5213 3146 5282 βεϐαιοῦσθαι,
3175 5213 3318 5266 οὕτω
3361 5214 3462 5284 τὴν
3507 5207 3752 5280 ἁμαρτίαν

2205 5310 2475 5371 παντοίως
2525 5310 2865 5378 ἀκυροῦσθαι
2930 5309 3166 5379 καθήκει
3230 5310 3322 5362 καὶ
3401 5305 3752 5378 ἀφανίζεσθαι.

2192 5390 2376 5452 ’Ἄλλὰ
2409 5403 2503 5453 καὶ
2521 5402 2549 5452 6
2567 5401 2738 5470 χωρὶς
2765 5402 3014 5470 ἀνάγκης
3046 5401 3272 5468 ἔννομον
3294 5398 3568 5470 ἀθετήσας
3593 5397 3752 5465 ὅρκον,

2204 5494 2367 5548 πλέον
2403 5495 2710 5556 εὐθύνεται,
2737 5496 2768 5564 ἢ
2802 5498 2830 5548 ὁ
2863 5496 2987 5564 βίαν
3017 5495 3207 5548 παθών
3229 5512 3243 5526 ο
3287 5496 3334 5546 εί
3364 5494 3421 5546 δὲ
3453 5493 3526 5562 μὴ
3559 5491 3754 5555 ἔννομος

2203 5586 2289 5655 εἴη
2317 5589 2344 5638 6
2373 5587 2560 5654 ὅρκος,
2590 5587 2707 5637 ἀλλ’
2737 5585 2822 5652 ἐφ’
2866 5578 2912 5652 ᾧ
2943 5603 3067 5637 τινα
3094 5584 3316 5654 δράσειν
3360 5580 3567 5646 κακῶς,
3596 5580 3627 5643 ἢ
3659 5592 3753 5630 στε·

2207 5678 2395 5747 ρήσειν
2425 5677 2567 5738 τινὸς
2598 5677 2828 5744 ἀγαθοῦ,
2857 5677 2890 5748 ἢ
2920 5677 3171 5738 πάλιν,εί
3198 5693 3280 5738 τις
3304 5674 3521 5742 ὀμόσειε
3549 5671 3755 5740 πρᾶγμα

2208 5770 2281 5843 μὴ
2320 5769 2378 5824 ὃν
2404 5769 2553 5833 ἀξιον
2576 5769 2655 5830 είς
2685 5769 2850 5835 ὅρκον
2892 5768 3146 5834 ἄγεσθαι,
3183 5767 3298 5820 τότε
3332 5766 3367 5834 ἡ
3395 5764 3644 5830 ἀθέτησις
3679 5772 3757 5811 κο-
