4054 6404
273 396 280 402 ’
340 418 482 484 1325
1339 415 1750 482 SYNTAGMA
1789 409 2403 474 ALPIlABETlCUM.
2443 434 2513 442 -—-
2555 408 2622 468 E.
3471 397 3609 466 1326

337 532 489 584 λάσει
527 531 626 601 μὲν
659 520 758 601 οὐχ
784 529 1094 595 ὑπόκειται,
1128 529 1356 601 μετρίαν
1387 529 1443 582 δέ
1485 527 1621 600 πρὸς
1653 525 1747 580 τοῦ
1788 525 1908 578 ἐπιο
1936 580 1941 590 ,

2047 519 2080 574 d
2113 519 2350 587 aliquem
2393 517 2533 570 male
2561 513 2931 580 tractandum,
2959 513 3044 570 vel
3079 513 3264 584 aliquo
3292 510 3455 582 ibono
3500 517 3612 582 pri-

341 623 543 676 σκόπου
574 624 677 690 τὴν
709 623 1034 693 ἐπιτίμησιν
1062 622 1303 692 δέχεται.

2045 610 2296 674 randum,
2328 609 2651 678 suscipitur;
2686 607 2770 661 vel
2804 608 2849 661 si
2877 621 3100 662 rursum
3126 607 3336 676 juravit
3380 605 3612 674 aliquis,

345 727 397 768 te
455 716 663 784 aliquid
708 715 1007 782 iacturum,
1057 715 1203 787 quod
1230 730 1339 770 non
1377 715 1541 771 debet
1566 713 1620 768 in
1657 707 2044 783 jusjurandum
2071 706 2295 768 deduci,
2344 713 2460 760 tum
2519 703 2743 760 violatio
2791 703 2944 758 illum
2987 717 3164 774 poenae
3209 719 3318 758 non
3354 703 3614 771 subiicit,

349 813 432 868 ted
469 814 706 883 episcopi
737 814 1003 868 arbitratu
1029 805 1243 868 modice
1270 812 1556 882 punietur.

427 905 568 958 Ἀλλ’
599 905 720 956 ἐπεί
751 921 857 974 περ
889 904 1208 957 εὐθύνονται
1244 903 1345 973 μὲν
1381 905 1429 954 ot
1473 902 1743 971 ἐπίορκοι,
1785 900 1832 952 oi
1863 891 1922 952 δέ

347 995 698 1067 εὐορκοῦντες
744 997 1021 1064 ἀφίενται,
1055 996 1146 1049 καὶ
1175 993 1236 1047 τὸ
1263 987 1496 1063 ὀμνύναι
1545 994 1653 1063 ἄρα
1683 992 1919 1054 δέδοται,

343 1089 486 1142 εῐποι
511 1105 596 1150 τις
639 1087 726 1150 ἂν,
759 1087 856 1142 καὶ
887 1087 992 1140 ποῦ
1030 1088 1130 1156 τὴν
1159 1084 1519 1156 εὑαγγελικὴν
1565 1084 1803 1156 θήσομεν
1837 1082 1922 1135 ἐν-

343 1180 527 1249 τολὴν,
556 1178 653 1250 τὴν
702 1178 778 1248 μὴ
814 1178 1046 1249 ὀμνύναι
1077 1179 1215 1240 ὅλως
1245 1176 1740 1247 δισκελευομένηνς

426 1271 590 1333 Ἀλλ’,
629 1267 806 1339 οἶμαι,
852 1272 914 1322 τὸ
947 1264 1281 1340 Εὑαγγέλιον
1296 1263 1486 1340 ὥσπερ
1517 1268 1626 1323 τῶν
1659 1262 1919 1337 ἀμαρτη·

349 1362 535 1433 μάτων
557 1361 656 1429 τὴν
689 1361 934 1431 πρώτην,
976 1361 1052 1425 ὡς
1089 1363 1287 1426 εἰπεῖν,
1313 1359 1552 1430 βλάστην
1581 1357 1920 1412 ἐσπούδακεν

347 1452 620 1521 ἐκριζοῦν,
655 1451 798 1505 οὕτω
822 1452 886 1522 δὴ
913 1452 1008 1506 καὶ
1035 1452 1128 1505 τὸν
1166 1453 1348 1520 ὅρκον,
1379 1452 1456 1513 ὡς
1497 1451 1596 1519 τῆς
1633 1449 1922 1519 ἐπιορκίας

347 1541 474 1593 ὄντα
504 1539 697 1609 θύραν,
739 1539 1078 1610 ἀπείρηκεν·
1109 1538 1286 1601 ἄλλως
1325 1557 1409 1601 τε,
1454 1540 1633 1591 ἐκεῖνο
1672 1538 1774 1608 μὲν
1813 1536 1924 1590 τῶν

354 1631 427 1689 εἰς
457 1630 517 1680 τὸ
542 1628 748 1680 τέλειον
775 1629 1091 1695 ἐφθακότων
1136 1627 1202 1680 ἂν
1230 1628 1338 1696 εἴη,
1365 1625 1558 1695 ὥσπερ
1587 1626 1650 1678 τὸ
1674 1625 1926 1694 πωλῆσαι

349 1722 415 1773 τά
454 1720 769 1788 ὑπάρχοντα
817 1719 912 1771 καὶ
956 1719 1142 1772 δοῦναι
1182 1717 1456 1787 πτωχοῐςο
1499 1717 1548 1770 εί
1578 1718 1686 1786 γάρ
1720 1718 1925 1781 πάντες

345 1811 548 1863 πωλεῖν
578 1811 826 1880 ἀνάγκην
865 1810 1072 1877 ἕξουσι,
1098 1810 1243 1873 τίνες
1271 1809 1336 1863 ἂν
1361 1803 1472 1862 εῑεν
1501 1809 1552 1862 οἱ
1583 1807 1922 1877 ὠνούμενοι;

2104 887 2209 944 Sed
2246 885 2504 957 quoniam
2529 883 2854 952 puniuntur,
2881 885 2976 951 qui
3010 882 3282 952 pejerant,
3309 883 3400 952 qui
3425 895 3609 939 autem

2027 984 2392 1053 benejurant,
2423 975 2799 1045 remittuntur,
2832 977 3032 1032 dixerit
3088 977 3312 1046 aliquis,
3351 980 3494 1044 quod
3530 981 3619 1050 δη.

2027 1092 2152 1134 rare
2179 1089 2376 1144 reapse
2409 1071 2780 1142 permittitur;
2815 1071 2904 1125 ubi
2949 1087 3078 1142 ergo
3110 1080 3417 1126 statuemus
3455 1088 3629 1126 evan-

2029 1168 2260 1240 gelicum
2291 1171 2620 1236 praeceptum
2646 1203 2662 1229 ,
2688 1164 2834 1230 quod
2867 1161 3093 1216 omnino
3117 1161 3307 1232 jurare
3331 1164 3623 1232 prohibet?

2099 1256 2283 1312 Credo
2324 1264 2534 1320 autem,
2558 1253 2702 1324 quod
2734 1252 3114 1321 Evangelium,
3143 1255 3619 1322 quemadmodum

2023 1348 2262 1420 primum
2308 1354 2661 1415 peccatorum
2689 1358 2938 1413 germen,
2974 1342 3133 1396 utita
3165 1343 3371 1409 dicam,
3432 1344 3616 1399 eradi-

2030 1451 2157 1494 care
2208 1435 2524 1498 studuerit,
2584 1433 2660 1486 ita
2691 1437 2857 1486 etiam
2893 1432 3304 1502 jusjurandum,
3365 1444 3620 1506 tanquam

2033 1524 2838 1599 pcrjuriiostium,-prohibuit.
2866 1525 3036 1579 Aliter
3076 1525 3208 1581 illud
3260 1527 3481 1596 quidem
3549 1529 3623 1582 sit

2034 1633 2224 1674 eorum
2257 1616 2347 1686 qui
2404 1613 2795 1684 perfectionem
2856 1613 3176 1684 attigerunt,
3234 1615 3378 1668 sicut
3435 1617 3622 1669 omnia

2037 1724 2160 1780 quae
2202 1708 2409 1762 habent
2447 1705 2710 1766 vendere,
2733 1714 2788 1759 et
2829 1705 3169 1773 pauperibus
3201 1705 3332 1759 dare
3358 1724 3372 1760 :
3396 1705 3442 1759 si
3473 1707 3622 1760 enim

2033 1815 2229 1856 omnes
2255 1798 2493 1854 vendere
2511 1811 2738 1851 necesse
2754 1797 3067 1861 habuerint,
3093 1799 3317 1867 quinam
3337 1806 3579 1854 emerent
3600 1799 3626 1852 ?

353 1902 496 1972 [lqu
533 1903 589 1953 δὲ
617 1905 708 1986 καὶ
737 1903 815 1965 τὸ,
843 1902 940 1970 τὴν
968 1902 1201 1969 παρειὰν
1227 1903 1580 1970 παιομένους,
1609 1899 1708 1968 τῆς
1734 1898 1928 1966 ἐτέρας

2045 1894 2206 1948 Porro
2245 1900 2300 1946 et
2333 1891 2487 1954 illud,
2516 1889 2608 1958 qui
2647 1887 2868 1943 maxilla
2910 1904 3017 1943 una
3061 1890 3458 1959 percutiuntur.
3486 1891 3624 1944 alte-

289 1994 294 1998 ’
355 1994 430 2062 μὴ
472 1979 787 2059 φείδεσθαι⁸
821 1991 915 2045 καὶ
944 1990 1036 2043 τὸν
1064 1991 1270 2060 χιτῶνα
1297 1990 1377 2060 τῷ
1417 1989 1617 2059 ίματίῳ
1649 2000 1933 2059 προσαπο-

2045 1998 2151 2037 ram
2178 1995 2395 2051 quoque
2428 1979 2668 2048 praebere
2703 1994 2717 2031 :
2749 1987 2800 2031 et
2822 1977 3044 2047 pallium
3085 1993 3210 2032 cum
3248 1977 3432 2032 tunica
3465 1979 3625 2033 insu-

350 2086 695 2146 δύεσθαι,καὶ
722 2084 820 2136 ὅσα
852 2086 950 2153 τῆς
980 2082 1350 2152 εύαγγελικῆς
1389 2080 1714 2151 νομοθεσίας
1740 2079 1929 2148 ἕτερα,

2045 2089 2133 2144 per
2159 2086 2390 2134 exuere,
2425 2078 2479 2123 et
2507 2083 2848 2139 quaecunque
2878 2077 3006 2122 sunt
3038 2069 3374 2138 evangelicae
3407 2070 3624 2124 consti-

351 2180 496 2248 ἅπερ
521 2177 622 2230 οὐκ
652 2175 900 2246 ἀνάγκην
925 2176 1041 2245 ἔχει
1071 2179 1184 2238 τοῖς
1214 2175 1692 2244 ἐπιτασσομένοις,
1719 2175 1932 2243 αἵρεσιν

2045 2164 2298 2225 tutlonis,
2329 2177 2449 2231 qum
2500 2175 2606 2214 non
2676 2169 2806 2214 sunt
2850 2162 3182 2225 necessaria,
3244 2161 3383 2215 bene
3436 2167 3623 2216 tamen

355 2277 444 2330 δέ.
483 2276 579 2328 καὶ
629 2275 958 2343 φυλάττουσι
1027 2271 1126 2342 μὲν
1163 2271 1328 2342 τιμὴν
1377 2272 1472 2324 καὶ
1519 2269 1807 2334 ἀντίδοσιν,
1857 2267 1934 2338 μὴ

2045 2257 2192 2310 utilia
2211 2265 2264 2309 et
2279 2253 2525 2323 eligenda
2556 2250 2624 2305 iis
2638 2251 2842 2320 quibus
2863 2251 3234 2317 mandantur;
3263 2265 3328 2306 ac
3355 2252 3624 2306 honorem

359 2367 691 2437 φυλάττουσι
755 2363 812 2416 δέ
857 2362 968 2415 οὐδ’
996 2361 1276 2415 ὁντιναοῦν
1325 2360 1602 2415 κίνδυνον
1634 2360 1662 2412 ὁ
1701 2359 1758 2412 δὲ
1786 2358 1938 2412 ἔννο-

361 2475 458 2526 μσς
486 2457 647 2525 ὅρκος
675 2453 927 2522 δεύτερον
956 2454 1165 2508 ἐκείνου
1195 2455 1290 2506 καὶ
1317 2453 1417 2506 ούκ
1447 2452 1782 2522 ἀπόϐλητον.
1809 2447 1935 2504 Ἔν-

359 2547 452 2599 θεν
478 2563 559 2598 τοι
588 2546 681 2597 καὶ
709 2544 818 2597 τῶν
858 2543 1126 2613 βασιλέων
1155 2543 1204 2595 ol.
1225 2542 1328 2612 τὴν
1361 2540 1458 2610 τῆς
1487 2539 1772 2601 εύσεδείας
1794 2553 1934 2610 πορ-

358 2639 540 2708 φύραν
576 2636 971 2704 ἠμφιεσμένοι,
1005 2635 1192 2687 τοῦτον
1221 2635 1320 2704 μὲν
1346 2633 1496 2686 ἔστιν
1529 2621 1591 2685 οὗ
1615 2631 1935 2701 προϐαίνειν

359 2722 694 2799 ἐπέτρεψαν,
726 2727 816 2780 τὸν
851 2728 907 2779 δὲ
935 2727 1254 2797 παράνομον
1283 2725 1379 2779 καὶ
1409 2723 1738 2778 ἀπαίδευτον
1802 2739 1938 2777 παν-

324 2878 326 2880 _
360 2819 570 2872 τάπασι
601 2817 976 2872 κεκωλύκασι.
1005 2814 1125 2871 Τῶν
1159 2816 1506 2888 εὐπατριδῶν
1532 2815 1589 2869 δέ
1615 2832 1760 2878 τινος
1789 2814 1938 2885 ὀμω-

365 2911 593 2982 μοκότος
629 2911 731 2982 τὴν
788 2911 980 2981 τρίτην
1027 2909 1126 2977 τῆς
1185 2907 1481 2976 ἑϐδομάδος
1526 2907 1784 2974 καθάπαξ
1839 2906 1936 2960 τοῦ

361 3001 541 3074 κρέως
581 3001 904 3072 ἀπέχεσθαι,
963 3002 1129 3073 τιμᾷν
1180 2999 1434 3054 ἐντεῦθεν
1495 2999 1797 3067 ἐγνωκότος
1844 2999 1936 3053 τὸν

361 3095 544 3164 τίμιον
577 3089 915 3164 Πρόδρομον,
947 3093 1042 3146 καὶ¹
1076 3094 1141 3162 τῇ
1194 3091 1400 3162 συνόδῳ
1435 3089 1934 3162 προσαναθεμένου,

365 3184 415 3238 εί
440 3187 688 3255 ἀνάγκην
717 3186 828 3251 ἔξει
873 3186 1135 3239 καὶκατὰ
1167 3186 1266 3255 τὴν
1311 3180 1505 3254 ἐορτὴν
1538 3180 1638 3254 τῆς
1677 3181 1772 3237 τοῦ
1805 3185 1939 3254 Χριο

2035 2347 2258 2420 quidem
2281 2347 2917 2412 remunerationemque,
2976 2337 3189 2397 u’ullum
3238 2351 3420 2397 autem
3478 2343 3624 2412 peri-

2035 2442 2220 2494 culum
2245 2450 2428 2491 secum
2462 2434 2712 2488 aﬂ'erunt.
2734 2433 3060 2502 Legitimum
3109 2433 3624 2503 verojuramentum

2037 2528 2113 2584 illi
2133 2529 2428 2584 secundum
2449 2533 2532 2579 est
2550 2533 2604 2580 et
2622 2540 2728 2578 non
2762 2524 3142 2594 rejiciendum.
3167 2523 3309 2580 Hinc
3331 2526 3628 2596 imperato-

2039 2635 2130 2676 res
2161 2619 2257 2684 illi,
2282 2618 2375 2687 qui
2407 2617 2630 2685 pietatis
2695 2630 2939 2685 purpura
2968 2616 3142 2669 induti
3173 2625 3321 2680 sunt,
3343 2615 3630 2684 hucusque

2039 2711 2294 2782 progredi
2354 2710 2722 2778 permiserunt
2757 2707 3011 2777 :atquod
3043 2707 3390 2776 illegitimum
3424 2717 3510 2762 est
3574 2718 3630 2763 et

2038 2805 2282 2873 ineptqu
2313 2802 2540 2854 omnino
2585 2799 2935 2868 prohibuere.
2969 2800 3106 2855 Cum
3134 2815 3265 2854 vero
3284 2799 3483 2853 nobilis
3502 2800 3628 2869 qui-

2037 2894 2164 2950 dam
2196 2903 2267 2946 tet
2280 2893 2360 2946 tio
2382 2888 2740 2945 hebdomadis
2769 2889 2857 2944 die
2884 2891 3112 2944 omnino
3128 2905 3188 2944 se
3211 2907 3238 2942 a
3267 2905 3436 2945 carne
3462 2891 3630 2945 absti-

2040 2983 2408 3056 nerejuravit,
2427 2983 2622 3038 exinde
2652 2982 3018 3038 venerabilem
3040 2995 3430 3050 praecursorem
3456 2983 3630 3036 hono-

2037 3091 2163 3132 rare
2185 3077 2530 3135 existimans.
2555 3081 2608 3128 et
2625 3088 2747 3144 syn.
2763 3073 3211 3142 interrogavit,an
3242 3087 3466 3128 necesse
3487 3083 3630 3127 esset

2049 3170 2107 3225 in
2141 3169 2286 3223 festo
2326 3166 2568 3221 Natalitii
2597 3164 2831 3230 Christi,
2866 3167 3032 3220 tertio
3088 3165 3179 3219 die
3220 3165 3416 3235 jejunii
3455 3165 3632 3234 jusju-

365 3279 493 3330 στοῦ
534 3279 866 3348 γεννήσεως,
897 3277 1092 3347 τρίτην
1136 3276 1215 3346 τῷ
1261 3275 1567 3347 τηνικαῦτα
1612 3274 1941 3344 τελουμένην

2049 3261 2282 3316 randum
2329 3259 2623 3313 observare
2652 3273 2671 3311 :
2727 3257 3110 3312 sanctissimus
3169 3255 3259 3311 ille
3309 3256 3631 3325 patriarcha

365 3367 599 3440 ἡμέραν,
630 3370 723 3421 τὸν
746 3370 908 3438 ὅρκον
935 3369 1036 3438 τῆς
1067 3367 1325 3438 νηστείας
1350 3367 1614 3439 τηρῆσαι,
1646 3367 1675 3418 ὀ
1708 3365 1948 3434 ἁγιώτα-

363 3475 455 3524 ’τος
492 3461 837 3530 πατριάρχης
867 3461 1082 3522 Λουκᾶς
1117 3460 1322 3521 ἐκεῖνος
1359 3457 1496 3525 μετά
1530 3457 1630 3527 τῆς
1660 3454 1752 3507 ὑπ’
1783 3455 1948 3508 αὑτὸν

368 3551 591 3607 συνόδου
626 3552 984 3622 ἀπεκρίνατο,
1018 3551 1100 3604 ὅτι
1143 3551 1205 3603 El
1232 3551 1329 3603 καὶ
1360 3551 1442 3613 είς
1476 3547 1658 3603 πάντα
1688 3548 1885 3617 καιρὸν
1911 3548 1947 3617 ή

365 3646 588 3716 νηστεία
648 3645 872 3712 ἀγαθὸν,
932 3643 1048 3696 ἀλλ’
1090 3643 1152 3696 ού
1207 3644 1314 3714 χρὴ
1365 3643 1457 3696 τὸν
1508 3642 1750 3696 τοιοῦτον
1782 3642 1948 3710 ὅρκον

365 3737 767 3808 προκεκρίσθαι
791 3738 890 3805 τῆς
947 3734 1287 3804 Δεσποτικῆς
1337 3735 1554 3805 ἑορτῆς.
1605 3734 1670 3786 Εί
1737 3732 1846 3802 γὰρ
1898 3732 1949 3784 οἱ

363 3829 656 3882 ἀπόστολοι
712 3824 998 3889 κολάζουσι
1035 3825 1128 3878 τὸν
1182 3828 1240 3878 ἐν
1292 3823 1556 3894 Σαόὅάτῳ
1603 3819 1636 3894 ἢ
1691 3823 1947 3892 κυριακῇ

367 3906 720 3990 νηστεύοντα,
761 3921 793 3988 ἢ
826 3920 954 3987 γόνυ
984 3917 1260 3981 κλίνοντα,
1299 3917 1384 3980 τίς
1423 3916 1713 3984 ἀνάσχοιτο
1744 3914 1811 3967 ἂν
1850 3911 1946 3966 τοῦ

368 4012 744 4083 προτιμῶντος
779 4011 872 4062 τὸν
923 4011 1030 4079 ίδίᾳ
1079 4010 1341 4076 γεγονότα
1376 4007 1471 4060 καὶ
1503 4005 1825 4076 αὐθαίρετον
1848 4004 1948 4074 τῆς

366 4104 623 4172 νηστείας
648 4103 809 4171 ὅρκον
829 4103 924 4169 τῆς
942 4099 1280 4169 Δεσποτικῆς
1305 4096 1500 4169 ἑορτῆς
1523 4096 1620 4150 καὶ
1645 4111 1948 4163 πνευματι-

369 4195 471 4260 κῆς
503 4193 880 4262 569956-qun
915 4193 1080 4260 Ζήτει
1111 4191 1205 4243 καὶ
1237 4192 1296 4242 ἐν
1357 4189 1436 4258 τῷ
1476 4187 1520 4240 θ’
1546 4185 1744 4254 κεφαλ.
1775 4183 1870 4236 τοῦ
1901 4184 1945 4235 Β

371 4287 638 4354 στοιχείου
661 4285 862 4335 κανόνα
890 4281 986 4335 τοῦ
1024 4281 1184 4348 ἁγίου
1215 4279 1408 4333 τούτου
1438 4275 1546 4347 κη’,
1573 4279 1667 4329 καὶ
1698 4277 1756 4330 ἐν
1785 4274 1862 4344 τῷ
1897 4271 1947 4328 αί

370 4395 494 4442 κεφ.
524 4377 618 4428 τοῦ
651 4379 692 4428 Α
725 4393 898 4445 στοιχ.
929 4374 1127 4427 κανόνα
1155 4370 1267 4426 πα’.

441 4463 516 4521 Οῧ
561 4470 624 4535 δὴ
661 4471 748 4519 καὶ
785 4466 1134 4536 μεμνημένος
1189 4466 1217 4516 ὁ
1265 4460 1345 4529 ιδ’
1372 4457 1471 4531 τῆς
1504 4461 1556 4526 ς’
1590 4459 1814 4515 συνόδου
1851 4471 1952 4512 κα-

368 4565 500 4622 νὼν,
541 4559 782 4628 Ἐπειδὴ,
820 4560 973 4628 φησι,
1011 4557 1139 4620 τοὺς
1180 4553 1483 4624 ὀμνύοντας
1512 4554 1710 4622 ὅρκους
1731 4549 1948 4619 ἐλληνι-
1972 4581 2029 4641 D

368 4655 521 4715 κους,
551 4647 661 4704 οἷον
707 4652 782 4718 μά
809 4652 901 4701 τὸν
933 4649 1124 4701 Ἥλιον
1172 4647 1263 4699 καὶ
1302 4646 1431 4707 τοὺς
1462 4642 1761 4703 τοιούτους,
1793 4642 1822 4692 ὁ
1845 4637 1944 4692 τοῦ

374 4746 610 4812 μεγάλου
665 4744 946 4796 Βασιλείου
995 4742 1083 4793 πα⁹
1119 4737 1302 4792 κανὼν
1334 4735 1652 4804 ἐπιτιμήσει
1702 4731 1948 4785 καθυπο-

371 4840 581 4900 cum,
621 4837 717 4889 καὶ
746 4837 908 4904 ἡμεῖς
946 4831 1157 4893 τούτοις
1187 4826 1494 4899 ἀφορισμδν
1523 4823 1804 4894 ὁρίζομεν.

1069 4925 1273 4992 Νόμοι.

460 5020 583 5074 Ἐπὶ
617 5020 938 5093 ἐπισκόπων
977 5018 1074 5070 καὶ
1115 5013 1398 5086 κληρικῶν
1457 5009 1618 5081 μέχρι
1675 5005 1772 5059 καὶ
1811 5004 1950 5093 ἀνα-

373 5113 658 5184 γνωστῶν,
692 5112 752 5163 τὸ
799 5091 1028 5178 ὀμνύναι
1067 5105 1201 5166 ὅλως
1242 5100 1587 5155 κεκώλυταιο
1629 5096 1717 5148 διά
1748 5093 1806 5147 δέ
1847 5091 1945 5157 τῆς

375 5183 656 5276 ἐγγράφου
687 5198 975 5270 ὁμολογίας
1021 5195 1089 5248 τὰ
1124 5193 1218 5247 τοῦ
1253 5195 1419 5262 ὅρκου
1459 5188 1674 5249 τούτοις
1709 5183 1948 5255 πληροῦ-

373 5315 489 5351 ται.

456 5389 551 5442 Ἐν
583 5387 702 5447 ταῖς
747 5383 951 5452 ψήφοις
989 5377 1046 5430 δὲ
1086 5378 1194 5429 τῶν
1228 5374 1555 5444 ἀρχιερέων,
1591 5370 1685 5422 καὶ
1717 5369 1897 5436 μόνον,
1928 5367 1957 5418 ό

380 5477 676 5536 ἐπίσκοπος
697 5471 1043 5540 καθαιρείται
1071 5466 1403 5535 ἀρνούμενος
1429 5463 1526 5531 τὴν
1551 5460 1686 5512 ἰδίαν
1713 5458 1958 5526 ὑπογρα-

381 5569 509 5640 φὴν,
540 5570 596 5620 ἐν
635 5567 849 5635 ἑτέραις
877 5562 936 5617 δέ
967 5559 1295 5614 ὑποθέσεσιν
1325 5557 1386 5608 ού
1415 5554 1788 5623 καθαιρεῐται,
1823 5549 1958 5604 ἁλλά

381 5661 675 5732 ζημιοῦται
711 5656 853 5710 κατά
882 5655 1007 5717 τοὺς
1038 5653 1260 5721 νόμους.

454 5754 617 5820 Λέγει
650 5751 706 5803 δὲ
737 5749 880 5815 καὶὴ
907 5745 981 5816 οβ’
1003 5744 1173 5813 νεαρὰ
1197 5742 1290 5793 τοῦ
1316 5739 1585 5810 βασιλέως
1606 5737 1834 5795 Λέοντος
1862 5732 1956 5786 τοῦ

386 5844 571 5910 σοφοῦο
609 5842 726 5895 Πᾶν
762 5838 1064 5906 εγγραφον,
1086 5826 1130 5899 ᾧ
1163 5829 1571 5897 ἐπιγέγραπται
1596 5829 1622 5879 ὁ
1649 5825 1740 5877 τοῦ
1772 5823 1954 5890 τιμίου

2047 3353 2245 3418 Lucas,
2279 3366 2386 3405 una
2413 3365 2535 3406 cum
2579 3349 2793 3420 synodo
2845 3349 2949 3403 sub
3001 3362 3068 3402 eo
3124 3357 3486 3419 congregata,
3545 3361 3629 3401 re-

2048 3443 2286 3516 spondit,
2306 3441 2453 3512 quod
2471 3441 2600 3495 licet
2616 3440 2817 3493 bonum
2834 3439 2907 3494 sit
2921 3438 3070 3494 omni
3089 3447 3332 3509 tempore
3348 3438 3596 3507 jejuuarc
3611 3476 3630 3504 ,

2051 3553 2158 3592 non
2176 3546 2358 3592 tamen
2384 3539 2642 3603 oportere
2663 3530 2771 3585 tale
2793 3529 3181 3601 jusjurandum
3205 3528 3494 3584 Dominico
3547 3531 3634 3584 le-

2051 3635 2141 3683 sto
2174 3623 2442 3696 praeferri.
2473 3622 2529 3676 Si
2557 3623 2706 3676 enim
2731 3619 2968 3690 apostoli
2989 3618 3169 3682 illum,
3201 3618 3295 3686 qui
3323 3618 3376 3671 in
3405 3617 3634 3671 sabbato

2048 3717 2136 3771 vel
2166 3717 2254 3770 die
2291 3712 2577 3769 Dominico
2602 3713 2814 3781 jejuuat
2857 3711 2940 3763 vel
2963 3723 3104 3778 genu
3135 3706 3322 3771 ﬂectit,
3361 3707 3632 3776 puniunt,

2050 3809 2177 3878 quis
2215 3806 2356 3861 ierat
2375 3819 2500 3861 eum
2542 3803 2638 3872 qui
2693 3800 2948 3871 privatim
2999 3799 3203 3855 factum
3259 3798 3629 3854 voluntarium

2047 3897 2248 3970 jejunii
2283 3895 2672 3966 jusjurandum
2726 3891 3015 3946 Dominico
3077 3890 3219 3945 festo
3245 3897 3304 3945 et
3362 3889 3632 3959 spirituali

2051 3990 2255 4045 latitia;
2303 3987 2566 4058 praefert?
2593 3983 2789 4051 Quaere
2822 3983 2987 4036 etiam
3031 3982 3085 4035 in
3119 3996 3266 4035 nouo
3313 3982 3494 4048 capite
3555 3981 3634 4033 lit-

2053 4091 2182 4135 terae
2208 4080 2248 4133 Β
2301 4079 2464 4148 hujus
2496 4075 2678 4132 sancti
2710 4087 2976 4128 eanonem
3021 4072 3346 4126 vicesimum
3378 4081 3630 4126 octavum

2051 4180 2108 4226 et
2142 4172 2195 4224 in
2229 4170 2409 4240 primo
2437 4167 2614 4237 capite
2637 4166 2832 4220 litterae
2861 4163 2906 4217 A
2929 4177 3199 4219 canonem
3223 4163 3633 4234 octogesimum

2051 4262 2311 4333 primum.

2121 4444 2301 4517 Hujus
2331 4445 2496 4500 etiam
2523 4440 2773 4497 meminit
2804 4438 3192 4509 nonagesimus
3212 4446 3443 4508 quartus
3469 4447 3636 4493 sexta

2054 4541 2246 4609 synodi
2293 4553 2522 4594 canon:
2573 4533 3051 4608 Quandoquidem,
3111 4530 3313 4600 inquit,
3358 4545 3481 4594 eos,
3540 4531 3634 4599 qui

2054 4631 2340 4704 gentilium
2390 4637 2734 4684 sacramenta
2763 4625 3094 4696 iuraverint,
3129 4631 3192 4677 ut
3221 4636 3317 4691 per
3373 4623 3640 4686 solem,et

2053 4725 2207 4788 talia,
2237 4723 2299 4778 8i
2339 4721 2522 4791 magni
2545 4718 2726 4773 Basilii
2757 4731 2934 4771 canon
2966 4715 3145 4786 pomis
3170 4713 3413 4783 subjicit,
3448 4722 3506 4768 et
3539 4729 3639 4768 nos

2056 4818 2139 4873 eis
2163 4830 2385 4887 quoque
2429 4813 2862 4883 segregationem
2891 4808 3267 4864 decernimus.

2757 4898 2937 4968 Leges.

2130 4996 2398 5050 Omnibus
2473 5000 2542 5046 ab
2596 4989 2872 5057 episcopis
2929 4995 2986 5042 et
3047 4985 3268 5041 clericis
3318 4999 3495 5055 usque
3570 4985 3640 5040 ad

2058 5091 2292 5146 lectores
2324 5087 2515 5154 jurare
2537 5082 2761 5136 omnino
2782 5088 2865 5134 est
2894 5077 3230 5148 prohibitum
3261 5093 3276 5130 :
3299 5092 3398 5148 per
3417 5086 3637 5147 pactum

2059 5197 2188 5236 vero
2211 5178 2408 5234 litteris
2437 5175 2750 5230 mandatum
2779 5185 2904 5241 qua:
2944 5179 3075 5226 sunt
3102 5169 3401 5238 juramenti
3430 5169 3500 5224 ab
3529 5167 3639 5225 illis

2057 5275 2391 5342 adimpleutu
2402 5285 2445 5323 r.

2129 5366 2186 5419 ln
2219 5362 2528 5417 antistitum
2567 5355 2956 5420 electionibus,
2993 5361 3050 5410 et
3089 5354 3294 5419 solum,
3316 5353 3633 5422 episcopus.

2060 5454 2151 5523 qui
2175 5465 2331 5507 suam
2363 5455 2525 5516 negat
2544 5443 3028 5512 subscriptionem,
3068 5441 3360 5508 deponitur
3385 5456 3399 5506 ;
3428 5439 3482 5492 in
3510 5437 3636 5494 aliis

2063 5551 2246 5596 autem
2283 5538 2468 5592 causis
2503 5548 2612 5587 non
2645 5529 2962 5600 deponitur,
2997 5527 3093 5583 sed
3119 5527 3280 5597 juxta
3310 5525 3462 5596 leges
3487 5526 3636 5582 mul-

2065 5645 2228 5689 tatur.

2138 5723 2280 5778 Dicit
2307 5724 2534 5788 insuper
2566 5725 2622 5772 et
2648 5718 2718 5771 72
2751 5713 3100 5786 imperatoris
3130 5712 3333 5768 Leonis
3365 5709 3640 5781 Sapientis

2068 5817 2276 5872 I‘iOvella
2315 5831 2329 5867 :
2367 5812 2541 5867 Omne
2572 5818 2790 5878 pactum
2826 5805 3090 5876 scriptum
3132 5805 3278 5876 quod
3306 5803 3563 5874 pretiosae
3583 5811 3638 5856 et
