4054 6414
410 416 417 426 .
490 353 628 419 1327

1626 402 1629 403 ν
1691 362 2065 426 ΜΛΤΤΗΕΙ
2106 364 2533 426 BLASTARIS

3582 362 3698 432 1328

481 475 712 531 viviticae
751 473 935 531 erucis
965 474 1158 545 figura,
1187 490 1285 547 per
1314 490 1511 532 manus
1539 477 1662 549 ejus
1686 481 1781 550 qui
1836 489 2060 549 pactum

2177 486 2267 539 καὶ
2291 481 2565 548 ’ζωοποιοῦ
2617 479 2852 551 σταυροῦ
2892 478 3065 543 τύπος
3092 477 3178 533 διὰ
3212 479 3391 550 χειρὸς
3428 480 3514 535 τοῦ
3541 484 3701 538 συνθε.

422 573 436 588 ’
486 567 631 633 iniit,
664 567 933 635 signatur,
975 568 1135 627 debet
1179 567 1397 621 ﬁrmum
1433 578 1488 624 et
1522 569 1866 627 immutabile
1922 586 2066 645 esse,

487 661 612 717 licet
644 662 942 717 constituta
990 674 1151 731 pcena
1183 674 1290 715 non
1327 660 1397 716 sit
1424 659 1723 718 firmatum.

552 839 726 897 Nemo
751 855 849 910 per
883 838 1054 894 Deum
1082 839 1279 908 jurans
1309 838 1684 909 periclitatur;
1747 856 1874 895 nam
1932 842 2070 896 satis

483 930 679 987 fortem
726 930 997 985 vindicem
1055 928 1226 985 Deum
1291 930 1458 984 habet
1511 931 2068 1003 jusjurandum;qui

478 1035 612 1076 vero
647 1035 773 1075 cum
805 1020 1111 1075 temeritate
1138 1019 1321 1089 aliqua
1361 1034 1457 1089 per
1488 1021 1871 1092 imperatorem
1913 1022 2068 1091 jura-

481 1111 876 1178 verit,veniam
901 1111 1294 1180 consequitur;
1333 1110 1426 1164 sed
1460 1111 1552 1180 qui
1603 1111 1675 1165 in"
1696 1113 2070 1181 persolutione

478 1220 579 1275 per
636 1206 1018 1273 imperatorem
1065 1201 1307 1272 rejerat,
1340 1216 1529 1271 pinnas
1588 1203 1701 1269 dat,
1748 1210 1804 1258 et
1849 1208 2067 1274 propria

476 1297 860 1367 jurisdictione
896 1293 1118 1359 excidit,
1149 1301 1202 1347 et
1226 1292 1449 1347 infamia
1486 1299 1726 1348 notatur.
2052 1360 2057 1365 .

555 1388 617 1445 In
655 1388 840 1446 dubiis
870 1387 1041 1443 rebus
1075 1384 1406 1454 soletjudex
1430 1385 1823 1455 jusjurandum
1862 1387 2064 1457 allega-

480 1496 563 1547 re,
582 1489 637 1534 et
663 1481 737 1535 ita
757 1480 1030 1550 judicare.

474 1581 481 1586 '
541 1570 701 1642 136
722 1570 863 1624 Bene
879 1567 1074 1637 allego,
1109 1581 1204 1636 per
1241 1566 1474 1621 salutem
1496 1575 1644 1622 tuam
1686 1568 2069 1635 jurasse.0m-

482 1680 552 1720 ne
570 1663 715 1717 enim
736 1661 1037 1732 legitimum
1054 1674 1119 1713 ex
1146 1658 1860 1730 inductionejusjuranalum
1876 1677 2067 1716 serva-

482 1766 594 1819 tur,
625 1752 841 1823 etquod
869 1750 995 1821 quis
1030 1751 1239 1820 juravit
1281 1752 1585 1806 secundum
1616 1754 1891 1822 propriam
1938 1753 2067 1809 reli-

2181 576 2345 645 μένου
2369 576 2522 636 αὐτὸ,
2555 573 2703 643 ἐχειν
2725 572 2932 641 ὀφείλει
2959 572 3021 625 τὸ
3052 571 3272 642 ἰσχυρὸν
3300 573 3390 625 καὶ
3413 572 3702 641 ἀμετάπτω-

2174 681 2291 728 τον,
2327 665 2378 717 εί
2416 665 2514 718 καὶ
2550 654 3087 735 ’κατησφαλισμὲνον
3117 661 3217 715 οὐκ
3254 660 3367 716 ἐστι
3392 662 3477 716 διὰ
3519 664 3705 736 προστί-

2176 771 2304 823 μου.

2246 844 2436 909 Οὐδεὶς
2467 845 2608 898 κατὰ
2638 845 2776 898 Θεοῦ
2821 844 3028 914 ὀμόσας
3060 844 3393 898 κινδυνεύει·
3424 845 3590 899 ίκανὺν
3611 848 3705 918 γὰρ

2173 939 2201 990 ὁ
2229 937 2390 1008 ὅρκος
2420 938 2669 1009 τιμωρὸν
2691 937 2807 1008 ἔχει
2843 938 2904 990 τὸ
2929 938 3085 991 Θεῖον
3109 952 3121 966 ⁸
3154 940 3182 991 ὁ
3210 938 3267 991 δέ
3305 938 3439 990 κατὰ
3472 938 3705 1008 βασιλέως

2173 1029 2378 1099 ὀμόσας
2405 1031 2547 1085 κατά
2579 1048 2703 1084 τινα
2740 1031 3052 1100 θερμότητα
3098 1033 3455 1099 συγχωρείται
3475 1043 3489 1057 ·
3535 1030 3659 1101 πλὴν
3686 1034 3710 1085 ὁ

2175 1120 2233 1173 ἐν
2257 1121 2501 1175 διαλύσει
2529 1123 2809 1193 ἐπιορκῶν
2829 1123 2973 1174 κατὰ
3002 1122 3096 1174 τοῦ
3124 1120 3388 1191 βασιλέως
3431 1120 3489 1174 τὺ
3512 1123 3709 1193 πρόστι⁸

2180 1229 2281 1281 μον
2333 1213 2543 1282 δίδωσι,
2606 1216 2700 1271 καὶ
2754 1215 3009 1268 ἐκπίπτει
3039 1214 3138 1284 τῆς
3175 1213 3314 1276 ἰδίας
3355 1212 3585 1281 ἀγωγῆς,
3632 1216 3712 1269 καὶ

2175 1303 2489 1373 ἁτιμοῧται.

2257 1395 2347 1448 Ἐν
2377 1398 2486 1457 τοῖς
2522 1396 2849 1465 ἀμφιϐόλοις
2882 1396 3074 1450 εἴωθεν
3108 1398 3136 1449 δ
3175 1396 3433 1470 δικαστὴς
3460 1399 3713 1470 ἐπιφέρειν

2171 1482 2359 1555 ὅρκον,
2392 1490 2488 1541 καὶ
2510 1490 2655 1543 οὕτω
2688 1490 3054 1561 ψηφίζεσθαι.

2245 1578 2449 1641 Καλῶς
2478 1580 2728 1651 ἐπιφέρει)
2768 1599 2848 1634 σοι
2890 1581 3034 1635 κατὰ
3059 1582 3157 1652 τῆς
3197 1583 3470 1654 σωτηρίας
3494 1602 3582 1637 σου
3607 1585 3717 1656 ὀμό-

2176 1687 2270 1722 σαι
2293 1685 2308 1702 ⁶
2335 1671 2446 1733 πᾶς
2481 1671 2590 1741 γὰρ
2615 1671 2837 1741 θεμιτδς
2874 1672 2935 1734 ἐξ
2964 1674 3261 1741 ἐπαγωγῆς
3294 1676 3452 1743 ὅρκος
3480 1676 3717 1743 φυλάττε-

2172 1778 2283 1826 ται,
2312 1761 2408 1815 καὶ
2435 1763 2492 1816 ὄν
2533 1780 2617 1823 τις
2647 1764 2823 1837 ὀμόσῃ
2871 1764 3013 1817 κατὰ
3044 1764 3145 1835 τὴν
3172 1766 3333 1818 ,ἰδίαν
3366 1768 3719 1836 θρησκείαν·ὁ

482 1845 698 1914 gionem
732 1859 747 1897 :
779 1841 925 1912 quod
953 1848 1136 1896 autem
1158 1841 1217 1895 [it
1238 1856 1335 1910 per
1360 1841 1700 1898 insinceram
1736 1845 2063 1915 religionem

2177 1850 2225 1905 δὲ
2258 1854 2401 1906 κατὰ
2429 1854 2692 1925 ἀδοκίμου
2742 1855 3044 1925 θρησκείας
3073 1856 3320 1924 γεγονὼς
3362 1859 3520 1929 ὅρκος
3547 1858 3602 1912 οὔ
3629 1875 3718 1929 φυο

476 1934 894 2005 jusjurandum,
928 1949 1038 1989 non
1071 1942 1349 1989 servatur.

553 2028 655 2094 Qui
687 2043 751 2083 ex
781 2025 1031 2096 judiciali
1062 2025 1356 2092 electione,
1379 2028 1465 2085 vel
1494 2028 1792 2083 adversarii
1825 2029 2076 2099 postula-

483 2122 637 2176 tione
661 2118 1049 2190 jusjurandum
1083 2118 1138 2170 in
1180 2117 1419 2173 ecclesia
1470 2118 1639 2184 subit,
1700 2121 2102 2176 sacrosanctis-

483 2215 645 2270 tactis
673 2228 839 2267 manu
882 2209 1214 2281 Evangeliis.
1239 2210 1284 2265 si
1319 2212 1552 2281 posthac
1578 2212 1855 2282 pejerasse
1889 2215 2076 2269 convi-

484 2315 607 2361 ctus
647 2302 833 2367 fuerit,
859 2301 1044 2371 lingua
1073 2301 1339 2372 privetur.
1370 2301 1517 2357 idem
1546 2311 1600 2357 et
1619 2302 1688 2358 de
1709 2306 2063 2375 martyribus.

529 2483 948 2553 Jusjurandum
983 2492 1068 2539 est
1107 2482 1285 2539 oratio
1311 2491 1538 2553 pr0pter
1585 2496 1741 2538 suam
1781 2486 2071 2541 veritatem

461 2578 646 2635 :Iidem
684 2578 918 2632 faciens.

628 2708 785 2764 CAP.
820 2708 1062 2764 XXXIII.
1092 2710 1165 2764 De
1198 2710 1458 2765 tutoribus
1486 2720 1535 2763 et
1564 2711 1927 2767 curatoribus.

559 2865 781 2923 Tertius
810 2876 1020 2938 quartae
1051 2866 1243 2939 synodi
1292 2882 1469 2924 canon
1506 2854 1738 2925 clericos
1767 2871 1851 2925 vel
1882 2886 2076 2928 mona-

2176 1943 2453 1998 λάττεται.

2257 2033 2319 2086 Ὀ
2337 2035 2408 2087 -ἐκ
2436 2035 2759 2106 δικαστικῆς
2786 2037 2996 2108 ψήφου,
3023 2039 3055 2110 ἢ
3093 2038 3151 2107 ἐξ
3180 2040 3453 2110 αἰτήσεως
3481 2038 3569 2095 τοῦ
3597 2040 3723 2095 ἀντι·

2178 2124 2332 2178 δίκου
2395 2125 2560 2197 ὅρκον
2594 2128 2816 2198 ὑπέχων
2839 2131 2928 2183 ἐπ’
2961 2131 3285 2202 ἐκκλησίας,
3333 2133 3443 2186 τῶν
3471 2134 3721 2204 ἀχράντων

2177 2218 2552 2287 ἐφαπτόμενος
2588 2221 2941 2289 εὐαγγελίων,
2977 2226 3261 2294 ἐπιορκεῖν
3304 2225 3363 2278 δὲ
3397 2226 3530 2295 μετὰ
3576 2223 3722 2279 ταῦτα

2177 2308 2484 2380 ἐλεγχθεὶς,
2529 2311 3060 2379 γλωσσοκοπείσθω⁶
3094 2313 3155 2367 τὸ
3199 2314 3337 2368 αὐτὸ
3367 2315 3461 2369 καὶ
3493 2316 3578 2367 ἐπὶ
3606 2330 3727 2384 μαρ·

2176 2401 2381 2472 τύρων.
3082 2466 3099 2479 .

2234 2497 2453 2575 ,Ὅρκος
2495 2496 2612 2551 ἐστὶ
2665 2496 2826 2564 λόγος
2876 2495 3242 2568 πιστούμενος
3292 2498 3363 2553 δι’
3413 2497 3599 2554 ἐαυτοῦ
3644 2498 3727 2570 τὴν

2175 2590 2458 2662 ἀλήθειαν.

2204 2728 2455 2782 ΚΕΦᾹΛ.
2488 2727 2606 2780 Λευ.
2651 2727 2792 2797 Περὶ
2820 2728 3161 2797 ἑπιτρόπών
3193 2729 3299 2784 καί
3334 2732 3709 2801 κουρατόρων.

2257 2863 2317 2917 Ὅ
2354 2870 2402 2931 γ’
2436 2865 2538 2934 τῆς
2560 2865 2603 2918 δ’
2636 2865 2856 2918 συνόδου
2881 2864 3064 2919 κανὼν
3109 2866 3470 2938 κληρικοὺςῆ
3498 2868 3732 2937 μονάζον-

457 2961 622 3017 -οὶιοε
643 2969 866 3031 propter
892 2970 1048 3029 turpe
1086 2960 1312 3029 aliquod
1352 2959 1567 3015 lucrum
1601 2961 1811 3016 alienas
1854 2977 2073 3029 posses-

2177 2971 2273 3017 τας
2332 2942 2637 3026 ἀπείρηκεν
2686 2956 2944 3026 ἀλλότρια
2996 2958 3257 3028 κτήματα
3315 2958 3634 3028 μισθοῦσθαι
3673 2959 3731 3012 δι·

460 3052 1360 3123 .sionettconducereprohibuit;
1389 3054 1535 3123 quod
1574 3062 1680 3117 est,
1711 3069 1799 3110 res
1846 3055 2073 3111 saecula-

2178 3048 2649 3119 αἰσχροκέρδειαν,
2703 3050 2843 3118 ὅπερ
2906 3051 3023 3103 ἐστὶ
3083 3052 3395 3120 πράγματα
3444 3051 3733 3122 ἐργολαϐεῖν

460 3161 578 3203 res
620 3156 877 3211 tractare,
912 3145 1094 3201 divina
1155 3146 1416 3216 mysteria
1470 3145 1735 3215 neglectui
1764 3145 2071 3210 habentes:

2182 3141 2446 3210 κοσμικὰ,
2474 3140 2575 3210 τῆς
2612 3140 2767 3204 θείας
2808 3141 3155 3213 λειτουργίας
3199 3144 3655 3214 καταμελοῦντας,
3694 3144 3735 3196 εί

461 3239 595 3294 .ιιίεἰ
635 3237 702 3294 ad
750 3237 1117 3292 inevitabilem
1156 3236 1497 3306 impuherum
1543 3236 1765 3291 tutelam
1800 3253 1831 3293 a
1865 3238 2073 3307 legibus

2186 3235 2369 3303 μήπου
2401 3235 2464 3287 ἐκ
2481 3233 2783 3303 τῶννόμων
2809 3235 3027 3289 καλοῖτό
3044 3253 3128 3299 τις
3157 3236 3237 3298 είς
3269 3236 3549 3309 ἀφηλέκων
3573 3238 3734 3306 ἀπαρ-

462 3340 714 3387 -ι-οοειιιτ
743 3330 981 3400 aliquis;
1028 3329 1409 3398 impuberibus
1434 3329 1579 3384 enim
1611 3339 1818 3386 tutores
1844 3332 2073 3397 dantur,

458 3423 799 3479 .miuoribus
853 3431 1055 3476 :autem
1115 3429 1421 3476 curatores.
1486 3421 1801 3490 [inpuberes
1846 3422 2074 3493 quidem

466 3522 618 3569 .sunt
647 3509 899 3575 masculi,
928 3510 1027 3581 qui
1074 3518 1206 3566 sunt
1236 3511 1657 3580 quatuordecim
1709 3512 1870 3567 annis
1899 3511 2077 3568 mine-

489 3618 580 3659 res
616 3602 970 3670 :impubercs
1002 3614 1134 3656 vero
1184 3601 1408 3670 puellas,
1432 3616 1556 3670 quae
1583 3600 1872 3655 duodecim
1914 3599 2075 3655 annis

460 3696 731 3751 .minores
762 3701 912 3750 sunt.
942 3693 1188 3749 Minores
1224 3709 1359 3748 vero
1389 3701 1543 3757 sunt,
1571 3692 1663 3762 qui
1725 3693 2071 3761 pubertatem

464 3784 896 3854 opt'tcterierunt,
926 3783 1171 3838 minores
1194 3793 1378 3837 tamen
1436 3783 1661 3839 suntﬁb’
1706 3785 1889 3847 annis,
1959 3783 2077 3837 sive

461 3876 599 3928 .sint
629 3888 814 3929 mares
848 3871 1213 3941 sivepuella.
1271 3872 1576 3941 Episcopus
1616 3873 1869 3928 civitatis
1908 3874 2075 3927 etiam

489 3965 613 4021 istis
661 3965 978 4033 permittere
1028 3970 1229 4030 potest,
1272 3971 1332 4016 ut
1361 3963 1858 4019 ecclesiasticarum
1889 3979 2073 4020 rerum

491 4072 681 4115 curam
715 4063 931 4128 gerant,
965 4056 1051 4110 vel
1088 4054 1462 4124 orphanorum
1492 4065 1546 4110 et
1576 4055 1891 4122 viduarum,
1949 4060 2076 4129 qui-

480 4150 597 4205 “bus
620 4165 731 4205 non
788 4147 1132 4219 providetur,
1159 4155 1213 4201 et
1275 4162 1401 4216 qua:
1454 4146 1829 4202 ecclesiastico
1871 4148 2077 4203 auxilio

494 4241 731 4295 maxime
760 4239 1034 4309 indigent,
1069 4247 1294 4308 prapter
1341 4237 1431 4292 Dei
1468 4238 1743 4298 timorem,
1778 4249 1836 4293 ut
1868 4241 1921 4293 in
1964 4239 2077 4294 Ac-

494 4333 639 4387 tibus
668 4338 1024 4391 memoratur,
1051 4329 1333 4398 apostolos
1375 4338 1582 4397 septem
1637 4329 1902 4384 diaconos
1966 4330 2078 4385 ele-

490 4425 664 4494 gisse,
696 4438 769 4477 ne
790 4422 844 4475 in
871 4419 1182 4475 ministerio
1221 4418 1547 4487 quotidiana
1600 4420 1780 4476 vidum
1828 4422 2075 4492 despice-

2178 3324 2398 3394 αίτητον
2465 3325 2809 3394 ἐπιτροπήν*
2840 3328 2953 3387 τοῖς
3002 3325 3100 3394 μὲν
3132 3325 3243 3396 γὰρ
3284 3327 3508 3397 ἀνήϐοις
3545 3326 3735 3396 ἐπίτρο-

2180 3433 2270 3469 ποι
2302 3415 2555 3479 δίδονται,
2582 3418 2694 3479 τοῖς
2718 3416 2774 3468 δέ
2798 3405 3023 3486 ἀφήλίξι
3056 3416 3363 3488 κουράτορε
3376 3437 3414 3480 ς.
3444 3419 3546 3471 Καὶ
3568 3416 3736 3486 ἄνηϐοι

2181 3508 2280 3577 μέν
2315 3508 2452 3561 είσιν
2486 3508 2738 3580 ἄρρενες,
2770 3510 2819 3562 οἱ
2869 3510 2978 3562 τῶν
3010 3509 3073 3562 ιδ’
3099 3519 3305 3577 ηττους
3336 3510 3484 3583 ,ἐτῶν
3506 3525 3518 3538 '
3567 3508 3736 3580 ἄνηϐοι

2177 3600 2233 3653 δὲ
2266 3600 2497 3669 θήλειαι,
2537 3603 2593 3653 αἱ
2632 3600 2829 3668 ἥττους
2881 3600 2992 3653 τῶν
3026 3600 3097 3668 ιβ’
3136 3600 3318 3652 ὲτῶνο
3370 3602 3624 3671 ἅφήλικες
3668 3601 3735 3664 δὲ,

2140 3744 2151 3755 ,
2177 3692 2226 3742 οἱ
2259 3691 2357 3762 τὴν
2384 3692 2527 3762 ἥϐην
2559 3689 3024 3762 ὑπεραναθάντες,
3050 3693 3249 3762 ἥττους
3273 3693 3331 3745 δέ
3352 3692 3464 3745 τῶν
3496 3691 3571 3745 κε’
3593 3691 3732 3752 ἐτῶν,

2180 3785 2283 3838 κᾶν
2312 3786 2543 3857 ἄρρενες
2595 3779 2720 3850 ὦσι,
2758 3784 2860 3837 κᾶν
2914 3785 3149 3856 θήλειαι.
3200 3785 3444 3840 Δύναται
3477 3785 3569 3839 καὶ
3600 3787 3625 3837 ὁ
3652 3784 3737 3849 τῆς

2180 3878 2390 3943 πόλεως
2425 3874 2725 3938 ἐπίσκοπος
2760 3878 3081 3947 ἐπιτρέπειν
3106 3880 3219 3940 τοῖς
3258 3878 3523 3940 τοιούτοις
3554 3876 3735 3945 ἐκκλη-

2181 3970 2479 4022 σιαστικῶν
2518 3969 2826 4041 φροντίζειν
2866 3969 3244 4039 πραγμάτιον,
3299 3970 3332 4040 ἢ
3383 3971 3628 4039 ὀρφανῶν
3658 3966 3738 4020 καὶ

2178 4059 2365 4131 χηρῶν
2397 4061 2776 4129 ἀπρονοήτων,
2820 4061 2915 4113 καὶ
2964 4061 3071 4113 τῶν
3108 4061 3350 4125 μάλιστα
3384 4062 3739 4131 ἐκκλησιαστιο

2178 4152 2284 4221 κῆς
2315 4152 2588 4221 δεομένων
2625 4151 2903 4221 βοηθείας,
2954 4152 3041 4206 διὰ
3085 4154 3177 4205 τὸν
3206 4154 3375 4221 φόϐον
3405 4154 3497 4208 τοῦ
3534 4151 3738 4223 Κυρίου,

2175 4242 2253 4306 ὡς
2302 4244 2361 4295 ἐν
2398 4244 2518 4306 ταῖς
2570 4243 2842 4314 Πράεεσιν
2896 4245 3198 4313 ἱστόρηται.
3244 4244 3738 4316 προχειρισαμένων

2178 4334 2290 4388 τῶν
2320 4334 2640 4387 ἀποστόλων
2668 4324 2796 4389 τοὲἶς
2830 4334 2974 4388 ἐπτὰ
3006 4335 3311 4402 διακόνους,
3362 4337 3450 4390 ἴνα
3494 4340 3567 4406 μὴ
3596 4338 3649 4390 ἐν
3683 4336 3737 4404 τῇ

2166 4425 2527 4497 ,καθημερινῇ
2563 4425 2810 4497 διακονίᾳ
2845 4427 2901 4479 αἱ
2952 4426 3123 4497 χῆραι
3167 4429 3655 4499 παραθεωρῶνται·
3685 4424 3739 4478 οὐ

495 4527 687 4570 rentur
719 4530 735 4567 ι
769 4513 909 4567 lucri
926 4520 1116 4566 autem
1149 4510 1447 4580 autgloriae
1484 4510 1785 4581 cupiditate
1833 4514 1942 4567 illis
1975 4515 2073 4568 hu-

2188 4516 2294 4587 μὴν
2321 4518 2551 4581 ἑαυτοὺς
2577 4518 2696 4578 ταῖς
2728 4517 3008 4580 τοιαύταις
3054 4520 3408 4589 ἐπιῤῥί-ττειν
3436 4521 3740 4586 διοικήσεσιν

462 4626 465 4629 ·
490 4604 730 4673 jusmodi
760 4600 1331 4657 administrationibus
1354 4599 1568 4669 seipsos
1587 4601 1729 4654 ultro
1747 4601 1941 4657 ollerre
1969 4618 2073 4658 non

2182 4609 2394 4677 ἐφεῖται
2447 4609 2672 4678 κέρδους
2715 4610 2873 4679 χάριν
2901 4608 2932 4675 ἢ
2963 4608 3141 4674 δόξης.
3172 4612 3235 4664 Οἱ
3259 4611 3317 4663 δὲ
3361 4612 3609 4682 βοηθείας
3636 4607 3738 4661 δεόο

497 4698 860 4765 permittitur.
893 4693 998 4759 Qui
1023 4708 1152 4748 vero
1187 4692 1392 4747 auxilio
1450 4693 1691 4762 indigent
1736 4703 1864 4748 sunt
1916 4695 2075 4761 tales,

493 4789 586 4857 qui
617 4789 670 4841 in
707 4786 973 4842 ecclesias
1001 4786 1384 4855 profugerunt,
1447 4796 1499 4838 ut
1533 4784 1896 4853 dynastarum
1934 4786 2075 4855 inju-

495 4881 632 4933 riam
669 4879 926 4940 vitarent,
977 4875 1058 4930 vel
1083 4875 1174 4945 qui
1205 4874 1413 4944 aliquid
1478 4872 1664 4927 forsan
1725 4874 2075 4936 offenderint,

495 4970 701 5039 vel-qui
734 4969 939 5037 injuste
973 4969 1030 5022 in
1073 4967 1395 5022 servitutem
1450 4966 1799 5033 rediguntur,
1826 4976 1888 5019 et
1944 4984 2078 5035 sup-

494 5062 670 5132 petias
701 5062 1005 5131 postulant,
1060 5067 1279 5127 propter
1341 5070 1483 5125 quos
1530 5057 1695 5111 etiam
1758 5056 2077 5114 defensores

494 5155 654 5207 ttunt.
689 5150 747 5206 Si
780 5152 905 5221 quis
951 5164 1083 5204 vero
1138 5148 1560 5217 transgreditur,
1613 5146 1912 5217 adaequatis
1942 5164 2076 5219 sup-

493 5244 673 5313 pliciis
699 5258 824 5298 eum
852 5241 1048 5311 subjici
1079 5241 1218 5297 vult.
1249 5240 1453 5296 Omnes
1482 5239 1847 5310 igiturclerici
1874 5252 1923 5296 et
1955 5257 2076 5297 mo-

492 5333 657 5388 nachi
692 5347 816 5387 cum
858 5331 1098 5400 episcopi
1126 5332 1211 5386 sui
1244 5330 1538 5400 permissu,
1573 5346 1686 5385 non
1716 5333 1878 5387 modo
1906 5334 2078 5388 eccle-

493 5425 739 5489 siastica,
767 5440 958 5478 verum
994 5425 1159 5477 etiam
1184 5424 1467 5477 saecularia
1488 5424 1700 5491 negotia
1720 5425 2046 5480 administra
2063 5451 2077 5465 -

492 5532 556 5572 re
588 5526 844 5585 possunt,
873 5523 932 5568 ut
969 5524 1025 5569 et
1062 5513 1284 5567 tutelam
1315 5522 1369 5565 et
1418 5512 1719 5566 curatelam
1767 5514 2070 5581 suscipere.

494 5609 713 5674 Absque
735 5614 961 5660 externa
1021 5613 1204 5657 autem
1264 5603 1629 5672 permissione
1684 5603 1957 5673 episcopis
2021 5615 2073 5657 et

498 5699 783 5752 monachis
810 5712 909 5751 nec
939 5696 1164 5750 tutelam
1200 5709 1301 5748 nec
1336 5694 1634 5748 cnratelam
1694 5709 1882 5761 gerere
1947 5710 2071 5764 per-

502 5788 754 5855 mittitur,
775 5790 898 5844 licet
927 5804 959 5843 a
980 5786 1192 5857 legibus
1224 5796 1485 5841 vocentur
1507 5804 1518 5837 :
1543 5785 1635 5839 sed
1662 5786 1870 5850 clerici,
1899 5802 2077 5856 quan-

2187 4716 2364 4769 μενοι,
2398 4692 2543 4754 οὗτοι
2575 4702 2644 4754 ἂν
2678 4695 2792 4752 εἷεν
2819 4704 2867 4752 οἱ
2900 4704 2965 4772 τῇ
3031 4701 3299 4774 ἐκκλησίᾳ
3351 4700 3743 4774 προσπεφευγό-

2181 4807 2294 4853 τες,
2321 4790 2591 4860 ,ἐπηρείας
2616 4790 2895 4843 δυναστῶν
2936 4791 3356 4858 ἐκτρεπόμενοι,
3406 4793 3437 4859 ἢ
3473 4792 3523 4844 οἱ
3556 4789 3674 4858 περί
3699 4804 3742 4838 τι

2183 4879 2536 4944 πταίσαντες,
2591 4879 2623 4948 ἢ
2672 4881 2754 4943 εἰς
2801 4880 3047 4932 δουλείαν
3084 4881 3281 4942 ἀδίκως
3333 4882 3634 4950 ἑλκόμενοι,
3664 4876 3741 4932 καὶ

2180 4971 2475 5040 ζητοῦντες
2507 4973 2855 5040 ἐπικουρίαν,
2904 4973 2971 5024 δι’
3001 4972 3096 5034 οὓς
3124 4973 3218 5026 καὶ
3252 4975 3300 5026 oi
3355 4973 3564 5026 ἔκδικοι
3592 4972 3745 5039 γίνον-
3798 5000 3801 5001 ν

2180 5080 2272 5116 ται
2296 5076 2312 5093 ⁶
2352 5063 2444 5117 τὸν
2478 5063 2536 5116 δὲ
2571 5062 2983 5133 παραῦαίνοντα
3041 5066 3156 5128 τοῖς
3200 5065 3571 5135 προσήκουσιν
3595 5065 3744 5115 ἐπιτι-

2183 5152 2330 5223 μίοις
2395 5152 2912 5207 καθυποδάλλεσθαι
2970 5152 3243 5223 βοῦλεται.
3285 5155 3530 5219 ,Πάντες
3587 5153 3741 5206 τοίνυν

2182 5243 2438 5314 κληρικοί
2463 5261 2523 5298 τε
2555 5247 2650 5298 καὶ
2687 5246 2939 5314 μοναχοὶ,
2973 5243 3097 5299 κατ’
3141 5245 3445 5316 ἐπιτροπὴν
3464 5248 3574 5315 ,τοῦ
3612 5243 3742 5312 σφῶν

2182 5336 2511 5400 ἐπισκόπου,
2542 5336 2604 5389 οὐ
2639 5337 2801 5404 μόνον
2840 5336 3293 5405 ἐκκλησιαστικὰ,
3329 5337 3470 5391 ἀλλὰ
3499 5337 3589 5390 καὶ
3613 5335 3741 5387 πολι-

2181 5426 2310 5479 τικὰ
2338 5427 2635 5496 ἐνεργῆσαι
2657 5427 2913 5480 δύνανται
2940 5427 3263 5497 πράγματα,
3288 5427 3350 5480 οὐ
3383 5427 3492 5497 μὴν
3512 5426 3642 5479 ἀλλὰ
3663 5424 3742 5477 καὶ

2182 5518 2482 5589 ἐπιτροπὴν
2516 5518 2768 5573 ὑπελθεῖν
2793 5522 2887 5572 καὶ
2916 5520 3338 5589 κουρατορείαν’
3376 5518 3671 5587 ἐπιτροπῆς
3696 5515 3741 5566 δὲ

2184 5608 2282 5677 τῆς
2318 5608 2518 5675 ἔξωθεν
2547 5609 2692 5678 δίχα,
2727 5609 3053 5673 ἐπισκόποις
3082 5610 3174 5661 καὶ
3200 5610 3477 5677 μοναχοῖς,
3496 5607 3614 5661 οὔτε
3638 5609 3746 5658 ἐπι-

2181 5701 2412 5770 τροπὴν,
2444 5699 2568 5753 οὒτε
2616 5701 3010 5771 κουρατορείαν
3047 5700 3224 5766 ἔξεστι
3256 5698 3536 5766 δέξασθαι,
3582 5698 3669 5751 καὶ
3700 5695 3741 5747 εἰ

2181 5792 2380 5845 ἐκτῶν
2413 5793 2597 5858 νόμων
2641 5792 2967 5847 καλοῦνταν
3019 5793 3064 5845 οἱ
3114 5791 3171 5847 δέ
3225 5791 3503 5863 κληρικοὶ,
3542 5791 3627 5845 ὅτε
3654 5805 3741 5842 και
