4054 6404
378 370 517 436 132')

1401 378 1808 440 SYNTAGMA
1838 377 2457 444 ALPUABETICUM.
2498 409 2571 420 --
2590 384 2659 445 Ε.

3489 378 3634 442 1330

374 489 593 544 λοῦνται
624 488 775 561 παρά
799 491 908 545 τῶν
940 489 1144 563 νόμων,
1174 468 1267 546 καὶ
1299 493 1368 547 τὰ
1389 494 1674 564 ἀμφότερα
1695 493 1951 548 ὑπελθεῖν

2080 493 2185 566 lo_a
2222 495 2430 564 legibus
2467 505 2750 558 vocantur,
2781 504 3013 564 utraque
3047 493 3235 549 Subire
3270 506 3379 546 non
3441 490 3631 561 prohi-

380 581 435 635 at'i
503 581 840 637 κωλύονται*
903 585 1106 648 πάντες
1174 584 1232 637 δὲ
1291 586 1447 655 κοινῇ
1515 584 1951 655 ἐκκλησιαστικά

2080 592 2276 637 lentur.
2309 582 2513 639 Omnes
2543 599 2673 639 vero
2703 585 3070 638 communiter
3127 582 3498 638 ecclesiastica
3539 599 3639 637 ne-

380 672 683 744 πράγματα
710 677 956 746 ἐνεργεῖν
979 675 1080 730 οὐκ
1114 674 1519 746 ἐμποδίζονται,
1545 677 1641 728 καὶ
1671 675 1794 745 δίχα
1817 692 1947 745 προσ

381 768 580 839 τροπῆς
618 768 938 823 ἐπισκόπου.

1060 862 1268 929 Νόμοι.

450 953 591 1016 Τοὺς
620 952 1071 1022 θεοφιλεστάτους
1103 955 1437 1016 ἐπισκόπους
1482 954 1515 1023 ἢ
1567 951 1834 1022 μοναχοὺς
1889 953 1953 1004 ἐκ

381 1043 606 1113 μηδενὸς
633 1045 800 1112 νόμου
833 1044 1164 1115 ἐπΐτρόπους
1190 1044 1223 1114 ἢ
1253 1044 1593 1114 κουρόιτορας
1638 1032 1969 1113 οίουδήποτε⁴

381 1133 678 1203 προσώπου
715 1137 962 1203 γίνεσθαι
1004 1137 1426 1207 συγχωροῦμεν·
1463 1134 1847 1207 ἐπιτροπεύειν
1898 1132 1957 1185 δὲ

382 1228 490 1280 τῶν
519 1229 661 1297 ὑπὲρ
696 1227 878 1298 ψυχῆς
928 1226 1254 1294 ὀφειλόντων
1296 1226 1558 1289 δίδοσθαι,
1596 1224 1691 1278 καὶ
1734 1224 1958 1278 διοικεῖν

382 1322 921 1390 π’ροσκαλουμένους,
951 1321 1012 1374 οὺ
1062 1320 1370 1388 κωλύομεν.
1409 1321 1521 1371 Καὶ
1552 1318 1663 1388 γὰρ
1703 1320 1816 1379 τοῖς
1860 1318 1958 1386 ἀρ·

383 1396 625 1482 (tepebat
673 1414 876 1483 μᾶλλον
904 1416 933 1467 6
966 1413 1108 1483 ὑπὲρ
1152 1411 1262 1466 τῶν
1306 1412 1801 1483 πλημμελημάτων
1838 1408 1959 1464 ἱλα-

383 1506 520 1573 αμὺς
549 1506 877 1576 ἀφιέρωται.

454 1598 597 1659 Τοὺς
618 1597 1046 1669 πρεσϐυτέρους,
1074 1597 1170 1651 καὶ
1204 1596 1513 1658 διακόνους.
1550 1596 1642 1649 καὶ
1674 1595 1963 1649 ὑποδιακό-

385 1704 530 1755 νους,
558 1689 637 1758 τῷ
656 1690 851 1758 δικαίῳ
888 1689 1036 1759 μόνῳ
1063 1689 1165 1756 τῆς
1202 1688 1523 1755 συγγενείας
1552 1689 1631 1750 είς
1658 1687 1961 1758 ἐπιτροπὴν

2057 678 2200 745 gotia
2283 678 2671 732 administrare
2727 694 2834 732 non
2922 675 3314 746 impediuntur,
3374 675 3458 730 vel
3514 676 3638 733 sine

2056 768 2350 837 episc0pali
2377 769 2764 838 permissione.

2742 859 2925 930 Leges.

2132 952 2603 1024 Religiosissimos
2635 954 2923 1023 episcopos
2957 953 3035 1005 vel
3058 950 3360 1005 monachos
3394 964 3459 1003 ex
3489 947 3639 1002 nulla

2060 1045 2177 1114 lege
2218 1053 2424 1098 tutores
2458 1047 2541 1099 vel
2592 1053 2878 1098 curatores
2945 1043 3327 1111 cujuscunque
3394 1054 3644 1109 persona:

2061 1134 2176 1187 lteri
2212 1136 2607 1189 concedimus:
2634 1132 2730 1186 sed
2765 1148 2955 1187 eorum
2990 1147 3111 1201 quae
3133 1130 3203 1185 ad
3240 1129 3484 1183 animam
3517 1141 3645 1197 per-

2062 1225 2257 1289 tinent,
2290 1225 2518 1280 tutelam
2553 1223 2858 1294 suscipere,
2893 1231 2948 1276 et
3000 1231 3219 1277 vocatos
3250 1219 3646 1275 administrare

2063 1331 2171 1369 non
2197 1317 2569 1385 prohibemus.
2627 1316 2841 1369 Etenim
2882 1312 3224 1371 antistitibus
3252 1312 3490 1368 maxime
3547 1326 3648 1382 pro

2062 1406 2275 1463 delictis
2303 1407 2538 1477 placatio
2572 1405 2859 1461 incumbit.
2924 1396 2944 1424 ⁸

2136 1605 2489 1677 Presbyteros
2547 1617 2601 1660 et
2630 1606 2898 1660 diaconos
2922 1614 2981 1659 et
3009 1603 3377 1659 subdiaconus
3401 1602 3521 1657 solo
3551 1615 3649 1655 co-

2063 1698 2340 1768 gnationis
2365 1699 2491 1769 jure
2520 1698 2589 1753 ad
2622 1698 2847 1752 tutelam
2873 1697 2957 1751 vel
2979 1696 3047 1752 ad
3073 1696 3374 1750 curatelam
3426 1701 3651 1750 vocatos

384 1780 425 1847 ἢ
470 1783 549 1844 εἰς
586 1781 980 1850 κουρατορείαν
1020 1779 1410 1849 καλουμένους,
1465 1779 1564 1850 τὴν
1615 1780 1962 1850 λειτουργίαν

2080 1791 2601 1847 administrationem
2634 1790 2918 1860 suscipere
2947 1788 3331 1845 concedimus.

385 1867 744 1939 ὑποδέχεσθαι
778 1869 1193 1941 συγχωροῦμεν.

426 1960 955 2035 ,Ἐπιτροπεύονται
1012 1962 1070 2016 δὲ
1125 1962 1267 2016 κατὰ
1317 1964 1411 2016 τδν
1466 1961 1745 2015 πολιτικὸν
1799 1963 1964 2029 νόμον

386 2049 685 2123 ἐλεύθεροι,
719 2052 895 2106 οῑδιά
940 2051 1039 2124 τῆν
1088 2052 1307 2124 ἡλικίαν
1356 2051 1592 2107 ἐκδικεῖν
1625 2051 1861 2116 ἑαυτοὺς
1889 2052 1966 2121 μὴ

385 2144 691 2214 δυνάμενοι.
1471 2133 1488 2148 ’

470 2220 771 2308 Ἀλλότριος
794 2237 1011 2306 οἰκέτης
1031 2236 1088 2289 ἐν
1113 2236 1349 2310 διαθήκῃ
1370 2235 1656 2306 ἀχρήστως
1672 2233 1968 2306 ἐπίτροπος

385 2332 607 2387 δίδοται.

460 2426 574 2480 Οὐκ
609 2425 960 2496 ἐπιτροπεύει
989 2426 1110 2479 οὐδὲ
1140 2425 1529 2494 κουρατορεύει
1563 2429 1591 2479 6
1628 2425 1829 2494 μείζων
1860 2425 1969 2479 τῶν

391 2514 765 2586 ἑϐδομήκοντα
799 2517 957 2582 ἐτῶν,
1012 2518 1134 2571 οὐδὲ
1175 2519 1202 2570 ὁ
1250 2516 1488 2572 ἐλάττων
1515 2517 1623 2570 τῶν
1663 2523 1741 2570 κε’
1795 2516 1966 2570 ἐτῶνο

391 2606 510 2671 πῶς
545 2608 655 2678 γὰρ
685 2607 713 2660 6
746 2606 1001 2679 δεόμενος
1029 2607 1193 2663 ἄλλου
1220 2608 1603 2680 κηδεμονίαςὶςν

464 2786 701 2842 Ἀσωτοι
752 2786 846 2839 καὶ
901 2785 1236 2857 μαινόμενοι,
1292 2781 1395 2838 κᾶν
1445 2783 1692 2853 μείζονες
1742 2777 1847 2836 ὦσι
1901 2786 1968 2855 τῇ

388 2879 600 2950 ἡλικίᾳ,
637 2879 1131 2947 κουρατορεύονται
1161 2876 1267 2929 ὑπὸ
1298 2873 1408 2929 τῶν
1445 2874 1592 2929 ἰδίων
1625 2874 1929 2945 συγγενῶν.

460 2968 650 3029 Οὐδεὶς
679 2965 977 3038 ἐγχειρίζει
1010 2965 1173 3019 πλέον
1205 2964 1313 3020 τῶν
1344 2967 1510 3035 τριῶν
1557 2965 1896 3036 ὲπιτροπῶν.

463 3056 555 3131 Τῷ
590 3058 691 3130 cup
741 3060 834 3112 τοῦ
888 3058 1586 3130 αἰχμαλώτουέπίτροπος
1631 3057 1693 3111 οὐ
1747 3058 1970 3125 δίδοται,

2144 1970 2379 2027 Tutores
2413 1971 2653 2025 habeant
2694 1969 2873 2025 liberti
2902 1970 3207 2025 secundum
3260 1969 3407 2038 ieges
3436 1967 3650 2032 civiles,

2069 2061 2165 2131 qui
2196 2073 2417 2132 propter
2463 2070 2677 2116 aetatem
2745 2061 2960 2130 seipsos
3007 2059 3290 2116 vindicare
3349 2066 3656 2129 nequeunt.

2147 2235 2374 2290 Alienus
2429 2247 2621 2288 servus
2677 2232 2733 2286 in
2783 2241 3112 2289 testamento
3175 2231 3377 2286 frustra
3431 2239 3659 2285 curator

2072 2331 2410 2400 designatur.

2143 2421 2334 2492 Neque
2367 2424 2591 2478 tutelam
2622 2437 2805 2493 neque
2823 2420 3133 2478 curatelam
3164 2426 3338 2488 gerat,
3365 2416 3462 2487 qui
3527 2429 3657 2484 sep-

2072 2516 2317 2586 tuaginta
2336 2518 2498 2573 annis
2525 2529 2612 2573 est
2632 2515 2831 2586 major,
2862 2528 3038 2583 neque
3069 2512 3164 2582 qui
3192 2510 3381 2580 viginti
3410 2510 3658 2580 quinque

2071 2620 2158 2665 est
2191 2610 2543 2666 minortnam
2569 2609 2849 2681 quomodo
2875 2606 3175 2663 curatelam
3204 2614 3379 2676 gerat,
3402 2604 3497 2675 qui
3522 2605 3661 2659 alte-

2076 2701 2192 2757 rius
2209 2716 2341 2757 θυι-ει
2372 2703 2622 2774 indiget?

2150 2792 2492 2851 Decoctores-
2508 2804 2563 2852 et
2584 2804 2853 2861 amentes,
2881 2794 3011 2850 licet
3043 2794 3386 2861 pubertatem
3447 2789 3661 2861 egressi

2075 2887 2207 2952 sint,
2237 2902 2267 2941 a
2297 2888 2532 2958 propriis
2552 2888 2802 2957 cognatis
2832 2889 2888 2942 in
2915 2887 3141 2943 tutelam
3182 2885 3586 2954 suscipiuntur.
3664 2906 3671 2911 ·

2152 2979 2311 3050 137
2348 2980 2522 3037 Nemo
2543 2982 2837 3052 plusquam
2878 2989 2992 3037 tres
3025 2987 3237 3035 tutores
3269 2976 3522 3033 assumit.

2148 3073 2364 3143 Captivi
2403 3073 2517 3128 lilio
2577 3082 2731 3129 tutor
2799 3087 2909 3127 non
2944 3078 3110 3129 datur
3134 3111 3151 3137 ,
3185 3071 3281 3128 sei
3337 3065 3663 3132 substantiae

391 3152 528 3207 ἀλλὰ
554 3155 620 3223 τῇ
660 3151 819 3222 οὐσίᾳ
870 3150 1162 3221 κουράτωρ
1187 3167 1200 3181 ⁸
1245 3150 1681 3220 ὑποστρέφοντος
1728 3148 1838 3220 γάρ
1877 3150 1972 3204 τοῦ

2080 3175 2484 3232 cut-ator;nam
2519 3179 2744 3221 reverso
2773 3174 2947 3234 patre,
2987 3164 3068 3220 illi
3109 3163 3393 3230 subiectus
3438 3159 3567 3226 erit,
3597 3174 3666 3214 ac

396 3244 623 3315 πατρὸς,
654 3244 869 3311 γίνεται
913 3242 1079 3296 αὑτοῦ
1132 3241 1477 3309 ὑπεξούσιος,
1501 3242 1578 3305 ὡς
1607 3243 1656 3297 εί
1700 3242 1973 3313 μηδέποτε

2083 3257 2130 3314 si
2165 3272 2449 3328 nunquam
2486 3258 2542 3313 in
2582 3257 2959 3327 captivitatem
2994 3256 3193 3313 luisset
3236 3254 3516 3310 redactus.

391 3336 783 3408 ᾐχμαλωτίσθη
794 3377 807 3391 .

466 3427 557 3497 Τῷ
588 3426 763 3497 ἔχοντι
797 3427 1092 3498 ἐπίτροπον
1122 3427 1404 3492 νοσοῦντα,
1431 3427 1462 3495 ἢ
1495 3428 1748 3497 γέροντα,
1776 3426 1978 3482 δίδοται

395 3520 685 3588 κουράτωρ
714 3517 867 3589 παρά
905 3518 1000 3570 τοῦ
1032 3512 1320 3588 ἄρχοντος.

478 3613 606 3666 Ἐὰν
634 3610 907 3679 κλέψωσιν
939 3612 988 3663 οί
1021 3612 1312 3683 ἐπίτροποι
1338 3611 1643 3681 πράγματα
1665 3612 2005 3684 ἀφηλίκων,.

393 3702 624 3766 ἕκαστος
660 3702 840 3756 αὐτῶν
862 3704 942 3765 εἰς
970 3702 1031 3755 τὸ
1065 3701 1289 3755 διπλοῦν
1310 3702 1582 3773 ἐνέχεται.

469 3794 855 3864 Προτιμῶνται
902 3794 1014 3847 τῶν
1071 3794 1303 3865 θηλειῶν
1355 3795 1406 3848 οἱ
1460 3794 1712 3866 ἄρρενες,
1767 3796 1981 3859 τελείας

395 3887 613 3960 ἡλικίας
660 3887 1036 3958 ὑπάρχοντες·
1088 3887 1253 3958 γυνὴ,
1281 3885 1388 3958 γὰρ
1437 3887 1497 3940 οὐ
1551 3887 2006 3959 κουρεπιτορεύει,⁴

394 3981 519 4035 οὑδὲ
556 3980 627 4032 τὰ
661 3979 761 4048 τῆς
810 3979 1113 4050 ἐπιτροπῆς
1164 3978 1464 4050 ὑπέρχεται
1512 3978 2004 4051 λειτουργήματαν

397 4074 446 4127 ει
490 4075 671 4147 μήπου
704 4073 890 4145 μήτηρ
918 4074 951 4141 ἢ
981 4073 1184 4143 μάμμη
1213 4073 1345 4144 εἴην

484 4168 546 4220 '0
597 4165 991 4237 πλησιέστερος
1042 4164 1313 4235 συγγενὴς
1369 4165 1761 4235 ἐπιτροπεύειο
1819 4166 1870 4218 εἰ
1922 4164 1980 4219 δὲ

399 4255 588 4311 πολλοὶ
626 4257 719 4311 τὸν
753 4253 1210 4324 αὑτὸνέπέχουσι
1241 4253 1475 4324 βαθμὸν,
1513 4253 1715 4320 πάντες
1756 4256 1979 4327 ἐπιτρο-

398 4349 680 4404 πεύουσιν.

472 4441 634 4513 Ζήτει
673 4440 767 4495 καὶ
786 4442 844 4494 ἐν
876 4440 1053 4510 τῷ-ιε’
1080 4437 1401 4506 κεφντοῦτΜ
1437 4439 1731 4509 στοιχείου.

710 4532 963 4586 ΚΕΦΑΛ.
1000 4533 1122 4586 ΛΔ’.
1158 4532 1300 4599 Περὶ
1325 4532 1662 4600 εὐνούχων.

398 4738 517 4792 χος,
553 4720 743 4790 φησὶν.
777 4720 824 4772 εί
861 4717 960 4788 μὲν
1000 4718 1060 4784 ἐξ
1092 4715 1361 4787 ἐπηρείας
1386 4715 1697 4785 ἀνθρώπων
1731 4731 1816 4778 τις
1849 4717 1980 4784 ἐγεο

400 4814 573 4880 γόνει,
605 4811 639 4881 ἢ
674 4813 733 4864 ὲν
762 4807 990 4878 διωγμῷ
1023 4808 1093 4863 τὰ
1122 4808 1243 4861 τῶνε
1261 4806 1474 4880 ἀνδρῶν
1505 4807 1779 4881 ἀφῃρέθη,
1820 4808 1854 4879 ἢ
1885 4806 1981 4862 οὖν

400 4922 509 4968 τως
533 4905 657 4972 ἔφυ,
690 4903 738 4955 εί
786 4902 880 4954 καὶ
908 4902 936 4953 6
969 4898 1082 4966 βίος
1121 4896 1270 4966 αὑτῷ
1304 4896 1500 4966 σεμνὸς
1536 4898 1623 4967 εἴη
1676 4897 1774 4951 καὶ
1803 4896 2009 4968 ἀμεμ-¹

401 5013 557 5060 πτος,
590 4995 671 5057 εἰς
703 4990 1002 5062 ἱερωσύνην
1032 4987 1472 5057 προόιόαζέσθω.

484 5173 545 5229 '0
569 5171 626 5228 δὲ
650 5171 770 5244 κβ¹⁶
816 5172 878 5227 Ὀ
912 5169 1104 5226 ἑαυτὸν
1134 5169 1562 5242 ἀκρωτηριάσας
1594 5169 1853 5241 κληρικὸς
1905 5172 1982 5241 μὴ

404 5266 661 5334 γινέσθωο
694 5266 948 5336 αὐτόχειρ
975 5265 1086 5335 γὰρ
1117 5263 1285 5318 αὑτοῦ
1324 5263 1516 5332 γέγονε
1558 5262 1637 5333 τῷ
1684 5263 1983 5334 παραϐόλῳ

402 5359 498 5414 τοῦ
538 5359 889 5430 πράγματος,
920 5356 1104 5427 ἐαυτῷ
1132 5357 1224 5409 τὸν
1250 5356 1482 5411 θάνατον
1505 5353 1696 5426 ὥσπερ
1727 5355 1984 5426 προμνώ-

409 5466 590 5520 μενος,
631 5449 725 5503 καὶ
760 5449 828 5519 τῇ
869 5446 966 5500 τοῦ
1001 5444 1136 5501 Θεοῦ
1164 5445 1499 5518 δημιουργία
1541 5444 1795 5516 πολεμῶν
1827 5446 1982 5502 ἄντι-

406 5558 563 5613 κρυς.

484 5635 547 5687 '0
589 5633 648 5687 δὲ
681 5631 766 5702 κγ’
787 5651 801 5665 ·
834 5631 904 5688 Εἴ
927 5650 1034 5699 τις,
1066 5632 1332 5709 κληρικδς
1362 5631 1460 5697 ὢν,
1497 5633 1692 5688 ἐαυτὸν
1725 5637 1981 5705 ἀκρωτηο

408 5726 666 5799 ριάσειεν,
701 5726 776 5791 ὡς
807 5724 1180 5797 προδηλότατα
1213 5724 1479 5793 θανατῶν,
1516 5726 1908 5797 καθαιρείσθω.

2005 4525 2060 4584 Ι)

483 4628 543 4681 '0
579 4627 678 4698 μὲν
727 4625 815 4680 κα¹
842 4627 950 4680 τῶν
981 4625 1153 4693 ἁγίων
1184 4625 1500 4679 ἀποστόλων
1529 4623 1737 4692 κανὼν,
1772 4624 2007 4679 Εὑνοῦὲ-

2150 3416 2234 3472 Illi
2269 3417 2425 3485 cujus
2468 3428 2616 3473 tutor
2651 3418 2734 3475 vel
2765 3419 2958 3473 morbo
2988 3418 3224 3481 laborat,
3245 3414 3331 3470 vel
3353 3414 3509 3469 senio
3534 3428 3666 3468 con-

2082 3509 2256 3565 fectus
2280 3519 2383 3575 cst,
2421 3526 2451 3565 a
2490 3511 2818 3582 magistratu
2850 3511 3017 3566 datur
3045 3520 3289 3566 curator.

2154 3602 2212 3658 Si
2236 3603 2582 3674 impuberqu
2613 3604 2906 3661 facultates
2920 3613 3130 3660 tutores
3145 3605 3468 3674 surripiant,
3493 3620 3667 3662 unus-

2080 3698 2317 3770 quisque
2371 3713 2567 3754 eorum
2600 3698 2657 3752 in
2694 3698 2923 3768 duplum
2962 3705 3203 3753 tenetur.

2150 3787 2530 3844 Praeferuntur
2560 3788 2786 3843 feminis
2817 3788 3221 3852 masculi,cum
3253 3798 3386 3844 sunt
3408 3789 3671 3859 perfecta:

2083 3880 2288 3936 aetatis.
2325 3879 2523 3936 Mulier
2571 3880 2721 3936 enim
2774 3882 3076 3936 curatelam
3135 3896 3248 3937 non
3280 3891 3455 3952 gerat,
3490 3898 3668 3953 neque

2083 3973 2270 4030 tutela
2336 3974 2878 4031 administrationem
2911 3974 3135 4040 subeat,
3192 3973 3302 4027 nisi
3359 3975 3442 4028 vel
3493 3986 3669 4030 mater

2084 4066 2169 4121 vel
2193 4066 2317 4121 avia
2351 4066 2447 4122 sit.
3096 4108 3099 4111 λ

2154 4156 2448 4213 Proximus
2517 4165 2782 4226 cognatus
2856 4165 3096 4212 tutorem
3159 4164 3330 4226 agat:
3393 4156 3477 4211 sin
3532 4170 3665 4211 vero

2081 4251 2195 4305 sint
2226 4248 2413 4319 plures
2439 4248 2687 4318 ejusdem
2719 4247 2951 4318 gradus,
2985 4257 3102 4304 tum
3134 4262 3329 4304 omnes
3359 4246 3660 4304 curatelam

2085 4350 2302 4413 gerant.
2362 4376 2366 4379 Α

2157 4431 2384 4499 Quaeras
2411 4431 2574 4489 etiam
2610 4433 2667 4488 in
2702 4434 2774 4489 15
2798 4448 2921 4504 cap.
2969 4434 3163 4489 littera:
3187 4432 3260 4488 M.

2440 4522 2595 4579 CAP.
2629 4522 2872 4580 XXXIV.
2923 4524 3001 4579 De
3030 4526 3307 4580 eunuchis.
3363 4557 3370 4563 -

2163 4618 2497 4674 Sanctorum
2538 4618 2918 4688 apostolorum
2976 4617 3287 4672 vicesimus
3325 4619 3540 4687 primus
3570 4633 3667 4672 ca-

2091 4723 2223 4775 non,
2271 4708 2625 4776 Eunuchus,-
2654 4708 2858 4777 inquit,
2887 4708 2935 4764 si
2973 4723 3041 4764 ex
3074 4706 3282 4778 injuria
3313 4708 3535 4777 quidem
3567 4710 3669 4763 ho-

2091 4800 2302 4855 minum
2325 4796 2509 4853 factus
2548 4798 2651 4863 sit,
2670 4797 2767 4853 velr
2784 4797 3251 4866 isi-persecutione
3278 4798 3529 4854 virilibus
3551 4799 3669 4869 pri-

2091 4901 2249 4947 vatus
2275 4891 2369 4958 sit,
2386 4891 2481 4945 vel
2515 4889 2600 4946 sie
2629 4898 2817 4944 natus.
2844 4888 3009 4944 fuerit
3034 4906 3049 4956 ;
3077 4889 3377 4944 dummodo
3399 4889 3519 4959 ejus
3558 4890 3697 4945 vita”

2091 4986 2166 5039 sit
2196 4994 2385 5041 sancta
2414 4992 2469 5038 et
2492 4983 3012 5054 irreprehensibilis,
3046 4983 3100 5036 in
3137 4981 3512 5038 sacerdotium
3541 4997 3670 5052 pro-

2090 5084 2401 5133 moveatur.
2428 5120 2437 5125 -
2686 5074 2687 5077 “

2166 5165 2474 5224 Vicesimus
2508 5169 2786 5226 secundus
2819 5182 2953 5224 vero
2986 5184 3001 5222 :
3035 5166 3141 5235 Qui
3169 5167 3411 5238 seipsum
3447 5167 3671 5223 mutila-

2089 5259 2189 5326 vit,
2218 5275 2289 5316 ne
2343 5261 2419 5317 sit
2474 5261 2750 5329 clericus;
2785 5262 2903 5333 ipse
2933 5260 3082 5316 enim
3114 5259 3201 5315 sui
3251 5258 3427 5330 ipsius“
3457 5268 3543 5315 est
3571 5261 3672 5314 bo-

2089 5354 2294 5410 micida
2323 5366 2548 5427 propter
2586 5355 2719 5412 lacti
2769 5356 3071 5418 diritatem,
3101 5363 3337 5411 mortem
3373 5352 3482 5410 sibi
3509 5351 3668 5423 quasi

2091 5448 2393 5521 spondens,
2428 5459 2483 5506 et
2508 5448 2616 5505 Dei
2645 5448 2851 5520 opiﬁcii
2877 5450 3054 5506 hostis
3083 5447 3263 5519 palam
3296 5446 3496 5501 l‘actus.

2160 5629 2229 5684 Et
2264 5629 2335 5684 25
2365 5645 2381 5685 :
2417 5628 2474 5685 Si
2502 5631 2649 5701 quis,
2679 5645 2807 5687 cum
2858 5630 2933 5687 sit
2966 5630 3225 5694 clericus,
3269 5627 3514 5698 seipsum
3548 5640 3670 5679 mu»

2091 5723 2350 5786 tilaverit,
2388 5732 2650 5795 tanquam
2685 5724 2793 5783 sibi
2835 5722 3133 5781 manifesto
3185 5730 3415 5777 mortem
3450 5726 3669 5789 aptans,

2094 5815 2420 5883 deponatur.
