4054 6466
386 344 517 408 1331

456 458 765 517 Vicesimus
815 473 1046 533 quartus
1090 468 1254 523 item:
1287 469 1507 535 Laicus,
1557 473 1650 540 qui
1708 473 1948 540 seipsum
1981 477 2027 534 Α

386 550 684 615 mutilavit,
739 553 915 609 tribus
964 558 1123 612 annis
1181 570 1519 629 segregetur.
1575 563 1707 631 quia
1737 571 1825 617 est
1859 564 1950 617 sui

387 640 564 710 ipsius
599 641 722 696 vitae
751 643 1061 701 insidiator.
1109 649 1400 714 Praeterea,
1453 666 1576 705 cum
1612 653 1665 705 in
1712 653 1956 706 virorum

387 740 638 784 naturam
666 731 810 787 Deus
840 734 992 803 ipsos
1021 737 1300 803 lormavit,
1331 741 1384 793 in
1417 741 1581 795 aliam
1615 741 1682 794 ab
1711 757 1774 796 ea
1804 757 1961 811 pror-

387 835 484 874 sus
529 820 807 876 diversam
858 838 981 879 sese
1028 828 1530 885 transformarunt:
1563 831 1636 885 ita
1673 839 1732 885 ut
1784 847 1962 901 neque

387 912 492 963 viri
525 911 658 974 sint,
685 912 814 980 quia
846 916 1169 971 seminalem
1205 920 1414 988 pariter
1447 936 1512 976 ac
1563 921 1958 992 generatriccm

389 999 704 1054 facultatem
758 1001 1116 1070 abjeecrnnt,
1175 1022 1354 1077 neque
1393 1007 1630 1073 feminae,
1685 1009 1816 1079 quia
1850 1024 1962 1065 non

391 1089 592 1143 habent
618 1091 952 1158 parturiendi
984 1102 1260 1153 naturam.

459 1177 659 1233 Eadem
691 1180 853 1234 etiam
883 1185 1171 1238 constituit
1204 1200 1220 1239 ι
1250 1201 1372 1256 syn.
1404 1188 1430 1241 l
1463 1201 1594 1245 can.
1629 1209 1640 1242 :
1676 1187 1959 1253 nimirum,

392 1279 448 1322 ιιι
479 1269 570 1338 qui
601 1284 631 1322 a
665 1270 893 1328 medicis
927 1271 981 1326 in
1019 1275 1213 1329 morbo
1241 1276 1485 1341 excisus,
1520 1279 1603 1332 vel
1635 1292 1668 1332 a
1704 1277 1961 1331 barbaris

392 1356 722 1426 genitalibus
775 1362 1041 1418 membris
1079 1364 1347 1431 privatur,
1390 1379 1421 1419 e
1460 1363 1608 1420 clere
1665 1380 1773 1419 non
1813 1364 1964 1418 exci-

395 1450 485 1502 dat
511 1466 526 1515 ;
569 1451 883 1520 quicunque
914 1462 1118 1518 autem,
1147 1469 1269 1509 cum
1317 1465 1463 1511 esset
1491 1473 1679 1522 sanus,
1707 1472 1772 1512 ex
1807 1456 1965 1510 indu—

397 1540 534 1594 stria
571 1540 813 1607 seipsum
869 1544 1139 1606 exsecuit,
1167 1561 1274 1598 non
1305 1549 1467 1601 modo
1506 1548 1560 1600 in
1591 1547 1962 1601 sacerdotium

398 1647 510 1686 non
543 1640 856 1702 cooptetur,
898 1635 994 1689 sed
1025 1637 1189 1690 etiam
1227 1636 1284 1690 in
1331 1638 1479 1691 clero
1521 1638 1844 1702 recensitus,
1873 1637 1965 1705 eji-

1560 359 1926 420 ΜΑΤΤΗᾹΞΙ
1970 360 2402 418 BLASTAllIS

3498 360 3625 425 1332

2137 473 2196 525 ὐ
2225 473 2284 526 δέ
2316 471 2416 524 κδ’-
2469 473 2668 533 Δαῖκὸς
2701 472 2891 529 ἐαυτὸν
2929 472 3378 540 ἀκρωτηριάσας,
3422 475 3501 534 είς
3533 475 3620 543 ἐτη

2061 562 2408 631 ὰφοριζέσθω
2452 562 2597 633 τρία,
2649 561 2725 626 ὡς
2774 562 3057 625 ἐπίϐουλος
3085 563 3184 632 τῆς
3212 564 3411 617 ἑαυτοῦ
3445 563 3582 631 ζωῆς
3604 581 3620 596 ⁶

2062 653 2237 715 ἄλλως
2284 637 2342 706 τε
2394 654 2488 706 καὶ
2526 656 2606 716 εἰς
2660 654 2874 722 ἀνδρῶν
2915 654 3078 720 φύσιν
3105 655 3197 708 τοῦ
3230 656 3372 708 Θεοῦ
3410 657 3626 718 τούτους

2059 745 2584 812 δημιουργήσαντος,
2615 745 2695 805 εἰς
2743 745 2937 812 ἐτέραν
2967 745 3256 798 ἀλλόκοτον
3301 747 3460 798 αὐτοὶ
3501 747 3624 798 ἐαυ-

2061 835 2188 896 τοῦς
2219 836 2712 903 μεταπλάττουσιν,
2747 834 2888 888 ὥστε
2936 836 3075 905 μήτε
3106 837 3306 905 ἄνδρας
3334 835 3494 897 εἶναι,
3539 838 3628 889 καὶ

2063 927 2447 995 σπερματικὴν
2477 925 2571 978 καὶ
2595 926 2689 980 τοῦ
2719 926 2908 990 ὁμοίου
2934 927 3223 994 γενετικὴν
3245 923 3480 995 δύναμιν
3500 928 3629 978 ἁπο-

2061 1015 2417 1085 ϐιϐληκότας,
2457 1017 2596 1085 μήτε
2645 1020 2925 1084 γυναῖκας,
2959 1016 3022 1080 οὐ
3045 1015 3155 1084 γάρ
3199 1017 3408 1073 τίκτειν
3450 1015 3627 1084 ἔχουσι

2063 1122 2248 1173 φυσιν.

2134 1197 2218 1253 Τὰ
2246 1195 2384 1250 αὐτά
2416 1195 2513 1247 καὶ
2537 1195 2566 1246 ὁ
2591 1193 2639 1248 α’
2662 1195 2762 1264 τῆς
2791 1193 2844 1248 α’
2866 1195 3084 1248 συνόδου
3109 1193 3294 1248 κανὼν
3316 1191 3628 1262 διορίζεται,

2062 1289 2155 1342 τὸν
2193 1289 2250 1339 ἐν
2299 1287 2440 1356 νόσῳ
2479 1286 2584 1340 ὐπὸ
2643 1286 2846 1355 ἰατρῶν
2903 1286 3394 1356 χειρουργηθέντα,
3445 1285 3479 1353 ἢ
3533 1284 3631 1336 ὑπὸ

2067 1378 2358 1448 βαρϐάρων
2388 1376 2497 1430 τῶν
2529 1377 2866 1444 παιδογόνων
2896 1378 3100 1446 μορίων
3125 1375 3516 1446 ἀφαιρεθέντα,
3538 1374 3628 1425 τοῦ

2064 1471 2268 1540 κλήρου
2309 1469 2384 1538 μὴ
2421 1468 2767 1520 διαπίπτειν·
2797 1469 2947 1530 ὅστις
2988 1484 3052 1535 γε
3086 1467 3162 1535 μὴ
3201 1467 3488 1532 ὑγιαίνων,
3513 1465 3631 1518 ἐπί-

2065 1561 2224 1629 τηδες
2266 1559 2520 1626 ἐξέτεμεν
2555 1558 2770 1621 ἑαυτὸν,
2806 1560 2995 1610 τοῦτον
3046 1557 3121 1627 μὴ
3151 1557 3235 1610 ὅτι
3275 1555 3630 1625 κληροῦσθαι,

2068 1653 2202 1706 άλλὰ
2227 1652 2322 1704 καὶ
2341 1650 2417 1718 τῷ
2445 1650 2632 1718 κλήρῳ
2658 1649 3064 1717 ἐξεταζόμενον,
3089 1646 3412 1710 ἐξωθεῖσθαι
3433 1661 3447 1676 ·
3477 1661 3634 1714 προσ-

395 1722 577 1776 ciatur
606 1738 622 1787 ;
674 1722 753 1776 illi
789 1734 974 1778 autem
1034 1726 1089 1779 in
1150 1727 1357 1781 clerum
1387 1729 1773 1791 admittuntur,
1809 1727 1903 1796 qui
1935 1741 1964 1778 ιι

2086 1742 2248 1795 ἱεσθαι
2272 1741 2329 1794 δέ
2353 1741 2432 1802 είς
2459 1739 2659 1810 κλῆρον
2687 1741 2814 1802 τοὺς
2845 1739 2952 1792 ὐπδ
2977 1738 3276 1808 βαρϐάρων
3301 1738 3336 1806 ἢ
3365 1733 3633 1788 δεσποτῶν

394 1814 648 1868 barbaris
682 1815 766 1870 vel
829 1815 1068 1875 dominis
1109 1827 1241 1872 sunt
1291 1819 1538 1884 castrati,
1576 1820 1620 1874 si
1682 1832 1801 1874 eam
1827 1794 1969 1890 qua:

2086 1794 2619 1902 εὐνουχισθέντας,.ἐί
2645 1794 3012 1898 συμϐαίνοντα
3032 1794 3101 1898 τῇ
3131 1794 3406 1898 ίέρωσύνῃ
3436 1826 3527 1878 καὶ
3551 1825 3633 1878 τὸν

394 1905 706 1960 sacerdotio
733 1908 1007 1973 convenit,
1031 1909 1201 1962 vitam
1237 1911 1512 1976 prosecuti
1541 1911 1673 1965 sint.

467 1998 674 2068 Synodi
709 2013 840 2054 vero
867 2013 884 2052 t
913 2008 969 2055 et
997 2015 1036 2054 ιι
1059 1999 1221 2056 dicta:
1249 2001 1284 2055 8
1305 2016 1484 2055 canon
1533 2016 1684 2065 eum,
1706 2003 1802 2072 qui
1828 2003 1965 2056 alios

397 2098 621 2143 exsecat
675 2092 961 2159 (tanquam
1008 2090 1108 2145 Dei
1163 2091 1388 2160 opiﬁcio
1426 2093 1682 2162 iniuriam
1709 2093 1968 2161 faciens),

396 2181 511 2235 sive
542 2181 780 2250 propriis
836 2182 1116 2246 manibus,
1159 2183 1276 2238 sive
1304 2183 1456 2253 jussu
1486 2223 1503 2249 ,
1540 2185 1585 2239 si
1624 2182 1694 2239 sit
1743 2185 1966 2253 quidem

398 2272 657 2336 clericus,
695 2273 896 2342 deponi
925 2273 1123 2342 jubet,
1163 2274 1248 2328 sin
1285 2289 1414 2329 vero
1445 2275 1641 2338 laicus,
1669 2274 1965 2345 segregari;

401 2364 504 2417 nisi
544 2364 770 2418 morbus
809 2364 970 2420 alicui
1011 2365 1260 2420 incidens
1315 2381 1436 2420 eum
1478 2367 1542 2420 ad
1601 2367 1966 2420 exsecandum

403 2463 762 2522 aegrotantem
816 2456 1073 2524 coegerit.
1128 2455 1313 2522 Neque
1363 2457 1509 2510 enim
1563 2457 1969 2513 condemnandi

405 2559 535 2602 sunt
561 2549 897 2612 sacerdotes,
925 2550 1017 2618 qui
1049 2549 1242 2605 morbo
1272 2549 1586 2605 laborantes
1618 2550 1848 2604 castrari
1873 2549 1970 2618 ju-

407 2637 535 2691 bent
562 2657 572 2688 :
600 2653 778 2707 neque
805 2639 953 2703 laici,
984 2641 1082 2709 qui
1111 2641 1352 2711 propriis
1383 2643 1638 2697 manibus
1662 2641 1729 2695 ad
1755 2651 1970 2696 castra-

411 2725 613 2780 tionem
663 2737 911 2783 utuntur.
960 2728 1075 2785 Hoc
1103 2732 1248 2784 enim
1304 2731 1479 2785 morbi
1511 2745 1634 2786 esse
1675 2730 1969 2795 medelam,

409 2831 518 2872 non
557 2825 739 2872 autem
798 2827 1066 2874 creaturae
1124 2821 1354 2877 insidias
1395 2822 1536 2887 ﬁeri,
1580 2822 1664 2876 vel
1691 2821 1972 2890 opiﬁcium

409 2907 609 2977 injuria
645 2908 784 2964 allici
821 2911 1223 2968 existimamus.

483 3000 616 3056 Vide
642 3003 808 3058 etiam
839 3002 893 3058 in
916 3003 989 3062 19
1009 3019 1134 3074 cap.
1159 3005 1356 3061 littera
1377 3007 1438 3073 Γ,
1463 3004 1679 3078 synodi.
1695 3020 1749 3060 v.1
1770 3017 1893 3062 can.
1916 3004 1972 3060 5.

1016 3184 1176 3257 138
1198 3185 1376 3256 Leges.

485 3275 750 3350 iubemus
781 3285 840 3330 ut
889 3278 1071 3333 nullus
1109 3279 1390 3334 Romanus
1423 3288 1725 3344 castretur,
1755 3292 1823 3332 ne
1855 3278 1980 3346 qui-

417 3369 539 3422 dem
572 3379 725 3422 extra
770 3366 1080 3422 Romanum
1135 3370 1336 3435 solum,
1378 3379 1433 3425 et
1470 3379 1528 3424 ut
1565 3371 1750 3424 nullus
1783 3371 1984 3424 Roma-

417 3473 547 3512 num
595 3466 893 3513 castratum
945 3468 1095 3513 emat
1129 3477 1143 3513 :
1177 3461 1270 3514 sed
1307 3468 1362 3514 et
1390 3475 1537 3525 eum,
1561 3461 1654 3530 qui
1698 3459 1981 3523 castravit,

417 3559 472 3604 ct
525 3563 650 3604 eum
705 3550 796 3619 qui
831 3549 981 3612 emit,
1023 3557 1078 3604 et
1113 3551 1486 3617 tabellionem,
1513 3561 1569 3605 et
1607 3549 1984 3620 publicanum,

420 3643 517 3709 qui
559 3641 836 3710 vectigalis
893 3641 1100 3710 aliquid
1155 3656 1254 3711 pro
1294 3656 1361 3697 eo
1415 3643 1646 3712 accepit,
1677 3640 1987 3711 puniendos

421 3749 562 3787 esse.
597 3732 837 3787 Barbara
889 3741 1069 3788 autem
1119 3733 1412 3802 mancipia,
1441 3748 1564 3803 quae
1591 3744 1749 3789 extra
1778 3734 1986 3786 Roma—

428 3840 556 3878 sum
587 3825 762 3878 solum
814 3833 1150 3889 castrantur,
1176 3824 1338 3879 liceat
1378 3824 1636 3879 omnibus
1665 3822 1990 3878 mercatori-

426 3917 528 3968 bus
555 3924 608 3968 ct
637 3927 820 3969 emere
845 3923 902 3968 et
924 3915 1176 3968 vendere.
1203 3914 1260 3970 Si
1293 3915 1417 3984 quis
1463 3930 1652 3970 servus
1676 3931 1706 3971 a
1739 3915 1898 3970 nobis
1921 3913 1994 3969 sit

428 4013 723 4068 castratns,
757 4005 937 4061 statim
973 4005 1053 4061 illi
1081 4006 1388 4062 libertatem
1417 4007 1562 4073 dari,
1592 4006 1720 4062 licet
1746 4006 1816 4061 ob
1847 4020 1995 4060 mor-

431 4097 558 4152 bum
591 4104 863 4151 castratos
896 4096 1021 4151 fuit.

499 4187 602 4253 Qui
636 4188 706 4242 ob
739 4188 1072 4257 voluptatem
1124 4190 1210 4244 vel
1248 4199 1612 4246 mercaturam
1646 4190 1866 4259 aliquos
1899 4204 1994 4244 ca-

430 4287 588 4344 strat,
605 4281 653 4335 si
679 4281 750 4336 sit
778 4280 996 4350 quidem
1027 4280 1254 4344 nobilis,
1281 4282 1422 4339 bona
1451 4281 1570 4350 ejus
1597 4281 1950 4352 publicantur
1981 4297 1996 4346 ;

435 4368 681 4436 plebeius
716 4382 846 4420 vero
874 4367 1057 4435 gladio
1086 4376 1141 4422 et
1172 4367 1361 4421 bestiis
1389 4368 1670 4437 objicitur.

505 4457 850 4526 Imperatoris
903 4471 1032 4510 vero
1077 4456 1276 4512 Leonis
1327 4456 1604 4528 Sapientis
1635 4457 1851 4513 novella
1899 4471 1997 4511 eu-
2035 4460 2079 4514 D

434 4553 704 4617 nucbum,
729 4551 824 4617 qui
853 4550 1095 4617 legitime
1127 4551 1341 4605 mulieri
1381 4551 1738 4606 matrimonio
1767 4549 2004 4618 conjun-

435 4644 604 4711 gitur,
653 4642 1006 4696 scortationis
1045 4655 1220 4711 ptume
1264 4641 1463 4712 subjici
1504 4640 1702 4710 jubet,
1731 4647 1786 4694 et
1815 4652 2005 4692 sacer-

437 4731 644 4796 dotem,
696 4730 791 4801 qui
839 4729 1068 4800 profane
1102 4731 1255 4786 illum
1313 4729 1615 4800 copulavit,
1675 4725 2007 4784 sacerdotali

438 4823 705 4894 dignitate
738 4822 943 4889 privari
975 4839 988 4875 :
1021 4821 1485 4891 permittitautem
1515 4818 1806 4883 eunuchis,
1837 4831 2009 4887 quos-

442 4931 660 4984 cunque
687 4915 882 4973 volunt
921 4914 1180 4983 adoptare
1224 4913 1364 4968 etin
1404 4911 1640 4968 ﬁliorum
1671 4919 1880 4966 sortem
1907 4909 2011 4963 eli-

442 5021 593 5079 gere.

736 5093 890 5149 CAP.
919 5093 1140 5148 XXXV.
1165 5094 1243 5148 De
1264 5110 1475 5158 precum
1501 5095 1707 5149 ordine.

515 5187 964 5262 Septuagesimus
1001 5186 1226 5256 quintus
1247 5195 1414 5248 sextae
1442 5187 1636 5257 synodi
1673 5201 1872 5251 canon,
1903 5185 2017 5238 vult

448 5289 510 5336 nt
537 5279 632 5348 qui
666 5278 720 5332 in
773 5276 1006 5335 ecclesia
1044 5284 1340 5345 precantur
1370 5285 1424 5338 et
1447 5278 1709 5344 psallunt,
1731 5290 1838 5330 non
1869 5273 2020 5328 inero

445 5371 621 5426 dinati
676 5369 980 5434 accedant,
1013 5381 1185 5436 neque
1266 5365 1508 5427 intentas
1565 5367 1818 5422 emittant
1873 5365 2022 5419 voci-

447 5461 772 5528 ferationes,
803 5459 900 5517 sed
961 5472 1087 5513 cum
1147 5457 1386 5513 contrito
1437 5457 1640 5523 corde,
1669 5467 1725 5512 et
1776 5455 2021 5511 moribus

449 5554 772 5624 compositis
799 5594 814 5618 ,
845 5561 900 5607 et
936 5551 1134 5606 mentis
1183 5550 1504 5614 attentione,
1553 5563 1741 5618 preces
1782 5555 1838 5602 et
1878 5546 2022 5616 psal-

452 5646 671 5701 modias
734 5654 1039 5715 peragant:
1099 5643 1243 5697 unde
1283 5651 1338 5694 et
1397 5641 1630 5696 internis
1666 5639 1915 5695 moribus
1969 5651 2023 5696 et

458 5744 686 5796 externa
756 5735 938 5807 specie
997 5733 1094 5791 Dei
1148 5731 1534 5792 misericordia
1590 5735 1646 5789 in
1703 5741 2024 5804 peccatores

2069 1923 2184 1993 βίον
2215 1921 2492 1992 μετιόντες
2514 1915 2647 1972 εἷεν.

2148 2013 2208 2064 '0
2237 2012 2293 2063 δέ
2323 2011 2420 2079 τῆς
2467 2010 2770 2076 λεγομένης
2818 2006 2867 2060 α’
2898 2007 2992 2060 καὶ
3039 2003 3086 2076 β’
3115 2005 3338 2058 συνόδου
3389 2002 3565 2056 κανὼν
3587 2000 3635 2071 η’

2067 2102 2281 2156 καὶτὸν
2309 2101 2532 2171 ἐτέρους
2575 2098 2928 2167 ἐκτέμνοντα,
2979 2097 3054 2160 ὡς
3098 2096 3197 2164 τῆς
3243 2094 3342 2147 τοῦ
3385 2093 3518 2146 Θεοῦ
3551 2093 3634 2158 δη-

2071 2191 2362 2264 μιουργίας
2397 2189 2678 2258 ὑϐριστὴν,
2731 2188 2845 2240 εῐτε
2878 2185 3227 2256 αὐτοχειρίᾳ,
3266 2186 3380 2238 εἴτε
3423 2183 3484 2246 ἐξ
3523 2183 3632 2234 ἐπι-

2066 2287 2368 2352 τάγματος,
2401 2281 2662 2350 κληρικδν
2688 2279 2786 2348 μὲν
2833 2277 2960 2330 ὄντα
2989 2276 3378 2345 καθαιρεῖσθαι
3406 2273 3631 2334 κελεύει,

2066 2375 2252 2428 λαῖκδν
2281 2373 2339 2425 δέ
2383 2368 2744 2440 ἀφορίζεσθαι
2765 2383 2779 2396 ⁸
2816 2369 2864 2419 εί
2896 2367 3083 2435 μήπου
3105 2364 3326 2434 νόσημά
3353 2379 3461 2416 τινι
3481 2376 3635 2430 προσ·

2070 2466 2236 2519 πεσὸν
2277 2463 2418 2534 πρὸς
2443 2461 2540 2531 τὴν
2570 2462 2810 2528 ἐκτομὴν
2829 2456 2923 2510 τοῦ
2947 2455 3281 2516 πεπονθότος
3303 2454 3632 2523 ἠνάγκασεν

2068 2557 2194 2609 οὐτε
2225 2556 2334 2625 γὰρ
2367 2553 2552 2622 ἱερέας
2585 2550 2878 2613 αἰτιατέον,
2908 2551 3020 2610 τοῖς
3065 2544 3321 2599 νοσοῦσιν
3368 2544 3428 2610 ἐξ
3460 2543 3636 2596 ἐπιτά·

2071 2664 2280 2718 γματος
2331 2644 2658 2713 ἐφιστάντας
2717 2641 2807 2694 τὸν
2866 2639 3289 2708 εὐνουχίζοντα,
3361 2634 3485 2687 οὔτε
3537 2631 3635 2698 μὴν

2073 2739 2296 2798 λαῖκοὺς
2324 2733 2641 2805 αὐτοχειρίᾳ
2671 2731 2988 2802 χρωμένους
3010 2745 3024 2760 ·
3052 2728 3213 2782 τοῦτο
3258 2727 3371 2795 γάρ
3404 2721 3637 2792 ἰατρείαν

2073 2828 2168 2882 τοῦ
2199 2828 2526 2896 νοσήματος,
2571 2824 2682 2878 ἀλλ’
2713 2825 2816 2876 οὐκ
2843 2819 3135 2891 ἐπιϐουλὴν
3160 2816 3260 2884 τοῦ
3302 2816 3636 2883 πλάσματος,

2074 2923 2108 2993 ἢ
2139 2921 2240 2988 τῆς
2273 2919 2520 2982 πλάσεως
2549 2917 2705 2987 ’ὐϐριν
2725 2913 3082 2984 λογιζόμεθα.

2149 3011 2310 3081 Ζήτει
2343 3009 2439 3061 καὶ¹
2460 3010 2515 3058 ἐν
2543 3005 2620 3077 τῷ
2647 3005 2710 3058 ιθ¹
2737 3022 2859 3074 κεφ.
2885 3002 2980 3056 τοῦ
3007 3002 3046 3055 Γ
3078 2999 3348 3070 στοιχείου
3384 2993 3576 3049 κανόνα
3597 2995 3634 3044 s'

1942 3147 1945 3154 .
2002 3125 2051 3191 ρ
2079 3104 2176 3173 τῆς
2205 3101 2256 3167 ς’
2294 3099 2538 3157 συνόδου.

2765 3185 2971 3254 Name

2158 3279 2464 3346 Κελεύομεν
2490 3277 2692 3347 μηδένα
2733 3274 3017 3343 Ῥωμαίων
3049 3267 3475 3339 εὐνουχίζεσθαι,
3513 3261 3640 3333 μηδέ

2087 3371 2192 3436 ἔξω
2219 3371 2328 3422 τῶν
2367 3366 2653 3436 Ῥωμαίων
2683 3365 2806 3434 γῆς,
2842 3363 2975 3431 μηδέ
3009 3359 3305 3428 ἀγοράζειν
3337 3357 3534 3425 μηδένα
3559 3351 3641 3402 τὸν

2086 3459 2499 3531 εὐνουχισθέντα
2531 3457 2804 3525 Ῥωμαῖον
2820 3469 2836 3486 ο
2863 3452 3000 3507 ἀλλὰ
3020 3452 3114 3505 καὶ
3130 3451 3221 3503 τὸν
3243 3447 3640 3514 εὐνουχίσαντα,

2089 3554 2185 3606 καὶ
2214 3553 2303 3604 τὸν
2335 3548 2702 3618 ἀγοράσαντα,
2735 3545 2830 3598 καὶ
2869 3544 2960 3596 τὸν
2993 3540 3524 3610 συμϐολαιογράφον,
3553 3531 3638 3585 καὶ

2089 3645 2180 3700 τὴν
2216 3641 2454 3710 τελώνην
2488 3640 2576 3692 τὸν
2605 3637 2980 3709 κομισάμενον
3006 3633 3156 3692 τέλος
3186 3648 3237 3684 τι
3271 3632 3413 3698 ὑπὲρ
3441 3626 3641 3684 τούτου,

2091 3729 2486 3800 τιμωρεῖσθαι’
2542 3726 2611 3779 τά
2656 3724 2711 3778 δὲ
2772 3722 2877 3786 ἐξω
2930 3720 3025 3774 τοῦ
3079 3717 3393 3788 Ῥωμαῖκοῦ
3432 3713 3643 3780 ἐδάφους

2093 3822 2512 3892 εὐνουχιζόμενα
2560 3816 2868 3886 ἀνδράποδα
2946 3815 3192 3885 βάρϐαρα
3245 3811 3449 3875 ἐξεῖναι
3495 3806 3644 3858 πᾶσιν

2096 3915 2361 3986 ἐμπόροις
2407 3909 2699 3980 ἀγοράζειν
2738 3925 2799 3960 τε
2846 3910 2939 3961 καὶ
2975 3905 3312 3976 πιπράσκειν
3339 3922 3352 3934 -
3386 3902 3449 3955 ἂν
3489 3899 3542 3951 δέ
3571 3909 3647 3955 τις

2097 4010 2230 4077 παρ’
2283 4009 2414 4077 ἡμῖν
2458 4005 2778 4073 εὐνουχισθῇ
2836 4001 3040 4064 δοῦλος,
3096 3999 3298 4052 αὐτίκα
3345 3992 3514 4059 τούτῳ
3559 3987 3646 4055 τὴν

2011 4135 2014 4140 -
2101 4096 2412 4166 ἐλευθερίαν
2438 4093 2695 4152 δίδοσθαι,
2724 4091 2830 4145 κᾶν
2852 4090 2938 4142 διὰ
2967 4089 3121 4142 νόσον
3143 4084 3483 4153 εὐνουχισθῇ.

2182 4191 2245 4243 '0
2275 4165 2347 4243 8t‘
2369 4185 2562 4258 ἡδονὴν
2587 4185 2619 4256 ἢ
2644 4185 2914 4253 ἐμπορίαν
2931 4179 3243 4248 εὐνουχίσας
3268 4177 3411 4237 τινά,
3442 4165 3650 4236 εὐγενὴς

2107 4283 2208 4355 μὲν
2243 4281 2342 4343 ὢν,
2371 4276 2706 4349 δημεύεταν
2748 4272 2969 4340 εὐτελὴς
3012 4271 3090 4335 δέ,
3139 4270 3280 4336 ξίφει
3327 4266 3419 4320 καὶ
3463 4259 3650 4331 θηρῖοις

2108 4371 2488 4428 ὑποϐάλλεται.
3499 4443 3530 4445 r_
3627 4435 3646 4445 ξ

2185 4465 2254 4516 Ἥ
2299 4462 2357 4515 δὲ
2405 4457 2576 4530 νεαρὰ
2626 4456 2722 4510 τοῦ
2761 4455 3024 4526 βασιλέως
3074 4453 3304 4512 Λέοντος
3350 4445 3444 4499 τοῦ
3496 4443 3651 4530 ΣΟῬΟῨ

2106 4556 2198 4610 τὸν
2235 4551 2457 4622 γυναικὶ
2501 4550 2652 4620 νόμῳ
2681 4548 2860 4618 γάμου
2907 4544 3247 4614 συναφθέντα
3293 4537 3557 4604 εὐνοῦχον,
3591 4529 3650 4622 ’ξῇ

2109 4646 2209 4716 τῆς
2237 4615 2494 4714 πορνείας
2526 4615 2848 4692 ὑποκεῖσθαι
2892 4635 3113 4689 κολάσει
3167 4629 3401 4692 κελεύει,
3442 4623 3531 4716 καί
3552 4615 3654 4716 *τὸν

2113 4709 2344 4810 ἀνιέρως
2388 4732 2812 4803 συναρμόσαντα
2855 4727 3006 4798 ίερέα
3060 4725 3161 4793 τῆς
3191 4718 3478 4810 ἱερατικῆς
3510 4709 3654 4810 tight}

2114 4801 2598 4897 ἀπογυμνοῦσθαι·
2629 4821 2814 4890 ἐφίησι
2848 4817 2906 4870 δέ
2946 4818 3059 4874 τοῖς
3099 4813 3395 4881 εὐνούχοις,
3428 4805 3518 4865 οὓς
3547 4801 3656 4870 βού-

2113 4919 2296 4978 λονται
2329 4917 2610 4980 είσποιείν,
2641 4913 2735 4967 καὶ
2763 4912 2844 4974 είς
2875 4911 3071 4980 μοῖραν
3106 4905 3322 4960 τάττειν
3349 4899 3497 4954 υίῶν.

2331 5092 2584 5148 ΚΕΦΔΛ.
2615 5087 2739 5143 ΔΕ’.
2765 5085 2906 5154 Περὶ
2942 5083 3140 5153 εὐχῶν
3167 5082 3466 5147 εὐταξίας.

2201 5189 2261 5242 '0
2287 5185 2361 5240 σε’
2387 5184 2487 5253 τῆς
2527 5189 2579 5245 ς’
2607 5179 2827 5233 συνόδου
2864 5177 3046 5231 κανὼν
3085 5177 3211 5238 τοὺς
3271 5170 3580 5244 εὐχομένους
3609 5162 3658 5213 ἐν

2121 5274 2389 5345 ἐκκλησίᾳ
2443 5273 2539 5326 καὶ
2579 5270 2884 5341 ψάλλοντας
2949 5267 3025 5337 μὴ
3085 5267 3355 5327 ἀτάκτους
3394 5254 3653 5332 προΐεσθαι

2123 5370 2219 5422 καὶ
2246 5363 2642 5433 ἐπιτεταμὲνας
2674 5361 3002 5430 ἐπισκήπτει
3035 5356 3238 5426 φωνάς,
3269 5355 3384 5410 ἀλλ’
3411 5354 3464 5404 ὲν
3496 5357 3660 5441 συντεὶ

2124 5459 2399 5532 τριμμένῃ
2423 5456 2661 5526 ικαρδίᾳ,
2694 5453 2788 5507 καὶ
2831 5451 2953 5521 ἤθει
2989 5449 3425 5544 κατεσταλμένιρ,
3461 5441 3546 5544 καί
3570 5449 3650 5544 Vp:

2126 5528 2496 5622 πνροσοχῇντὰς
2539 5545 2704 5615 εὐχὰς
2751 5543 3021 5596 ποιεῖσθαι
3057 5541 3152 5595 καὶ
3179 5538 3506 5611 ψαλμῳδίας,
3524 5528 3656 5622 ἐφίῷ

2126 5617 2205 5712 τῷ
2241 5617 2309 5694 τε
2322 5617 2478 5702 ἐντὸς
2515 5636 2658 5706 ῆθει,
2702 5633 2899 5702 καὶτῷ
2925 5633 3081 5695 ἐκτὸς
3120 5631 3270 5698 εῐδει,
3305 5626 3407 5682 τοῦ
3423 5620 3546 5678 Θεοῦ
3577 5617 3654 5712 τὸν

2129 5707 2276 5788 ἐλεον
2297 5729 2388 5783 ἐπὶ
2413 5729 2521 5792 τοῖς
2544 5725 2959 5799 ἡμαρτημένοις
2990 5722 3240 5780 ἑλκύσαι.
3275 5715 3522 5778 Εὐλαϐεῖς
3547 5707 3655 5777 γὰρ.
