4054 6402
375 362 511 426 1333

1398 361 1810 424 SYNTAGMA
1846 358 2470 422 ALPHABETICUM.
2523 384 2591 395 --
2629 360 2704 420 Ε.
2779 405 2792 411 -

3491 357 3628 421 1335

370 475 540 543 φι-,σὶν
590 470 633 541 ἡ
679 459 780 525 τοῦ
810 468 1106 528 Λέυῖτικοῦ
1140 472 1344 544 βίϐλος,
1378 475 1582 526 ποιεῖτε
1629 474 1754 537 τοὺς
1797 473 1948 536 υἱοὺς

2065 468 2314 525 trahitur.
2368 468 2492 523 l’ios
2551 468 2723 532 enim,
2759 466 2939 538 inquit
2993 465 3226 526 Levitici
3262 466 3430 532 liber,
3476 467 3641 526 facite

373 563 591 635 Ἰσραήλ
608 581 622 594 ·
656 565 790 636 μηδὲ
815 568 925 628 τοῖς
949 566 1337 634 κεκλασμέναις
1363 565 1457 618 καὶ
1479 566 1736 633 άσέμνοις
1762 565 1950 634 μέλεσι

371 657 628 726 χρῆσθαι,
660 657 753 710 καὶ
783 659 848 727 τῇ
882 661 1109 728 περιττῇ
1140 659 1211 727 τῇ
1236 657 1344 709 τῶν
1369 657 1632 727 ᾀσμάτων
1677 655 1947 727 ποικιλίᾳ,

372 747 467 799 καὶ
517 747 673 817 ᾠδῶν
724 749 1132 817 τερετίσμασιν,
1163 747 1204 801 ἃ
1234 746 1547 817 θυμελικοῖς
1589 748 1696 816 οὐχ
1725 747 1951 816 ἥκιστα,

372 838 467 890 καὶ
495 841 606 900 τοῖς
637 839 726 892 ἐπὶ
761 840 860 907 τῆς
888 841 1092 909 σκηνῆς
1121 838 1156 908 ἦ
1185 837 1456 909 ἐκκλησίᾳ
1483 839 1727 908 προσῆκε
1791 835 1950 900 Θεοῦ,

373 928 632 992 πολλάκις
658 929 716 982 δὲ
744 931 917 984 ταῦτα
953 931 1047 983 καὶ
1073 930 1210 1000 πρὸς
1239 929 1448 982 πολλῶν
1479 929 1815 983 κεκώλυνται
1850 947 1954 983 πα-

373 1019 653 1090 τριαρχῶν
687 1020 825 1089 μετὰ
855 1020 1104 1091 σφοδρῶν
1136 1019 1246 1074 τῶν
1275 1021 1598 1086 ἐπιτιμίων-ο
1630 1022 1949 1092 παρήγγελ-

373 1124 463 1160 ται
483 1109 538 1160 δὲ
559 1109 620 1162 τὸ
648 1111 855 1163 άπλοῦν
873 1112 969 1166 καὶ
991 1111 1276 1164 ἁποίκιλον
1301 1112 1400 1182 τῆς
1424 1112 1746 1183 ψαλμῳδίας
1771 1114 1952 1167 ἀσπά-

377 1199 590 1266 ζεσθαι,
631 1203 688 1254 ὲν
732 1203 790 1255 δὲ
821 1205 942 1266 ταῖς
973 1203 1264 1270 παννυχίσι
1294 1205 1390 1257 καὶ
1425 1206 1546 1266 ταῖς
1576 1205 1820 1268 τελεταῖς
1843 1205 1953 1258 τῶν

374 1290 774 1361 ἀποιχομένων,
799 1294 872 1356 ὡς
902 1297 964 1348 τὸ
987 1297 1211 1365 ἀρχαῖον
1236 1295 1355 1358 ἔθος
1396 1299 1490 1350 καὶ
1511 1299 1753 1366 θεοφιλὲς
1782 1296 1950 1369 εἶχεν,

375 1382 490 1436 ἀλλ’
521 1384 672 1438 οὐδὲν
706 1387 896 1455 γέγονε
926 1389 1110 1442 πλέον.

727 1567 870 1636 Περι
903 1571 1010 1623 τοῦ
1041 1571 1355 1642 τρισαγίου
1385 1572 1600 1640 ὕμνου.

459 1655 520 1708 ⁸ο
547 1656 603 1710 δὶ
629 1655 720 1712 πα¹
753 1661 879 1723 τοὺς
922 1662 999 1730 τῷ
1019 1664 1289 1734 τρισαγίῳ
1312 1663 1467 1734 ῦμνῳ
1495 1663 1595 1734 τὴν
1621 1663 1715 1718 τοῦ
1741 1665 1954 1735 Πέτρου

379 1746 473 1799 τοῦ
529 1750 792 1818 Κναφέως
838 1755 1020 1824 φωνὴν
1058 1757 1402 1828 παρενείρειν
1449 1758 1526 1827 μὴ
1575 1759 1951 1827 αἰδουμένους,

2063 561 2206 616 filios
2243 561 2450 626 Israel;
2504 575 2682 629 neque
2712 559 2967 615 infractis
2997 569 3051 614 et
3077 559 3447 616 irreverendis
3479 567 3642 618 utan-

2063 663 2151 708 tur
2185 653 2495 714 cantilenis,
2536 662 2589 706 ct
2617 667 3028 721 supervacanea
3066 653 3411 708 canticorum
3447 650 3639 710 avario-

2059 753 2189 806 tate,
2221 753 2275 799 et
2319 745 2576 800 cantibus
2613 743 2870 800 lascivis:
2903 759 3025 813 qua:
3063 743 3371 813 thymelicis
3419 742 3644 797 histrio-

2060 836 2332 904 nibusque
2373 835 2549 904 magis
2598 850 2762 904 quam
2792 836 3040 892 ecclesia:
3078 834 3175 890 Dei
3209 834 3562 890 conveniunt.
3595 835 3644 890 Α

2059 926 2485 996 quamplurimis
2548 941 2675 980 vero
2729 926 3064 994 patriarchis
3116 941 3244 981 cum
3290 924 3645 994 gravissimis

2060 1019 2228 1074 etiam
2264 1022 2444 1089 pmnis
2484 1019 2602 1074 haec
2658 1021 2862 1089 sapius
2917 1019 3138 1075 fuerunt
3177 1018 3480 1089 prohibita.
3511 1017 3644 1071 Per-

2065 1111 2298 1166 missum
2354 1121 2442 1166 est
2474 1119 2660 1165 autem
2700 1110 3006 1180 simplicem
3033 1121 3089 1167 et
3121 1110 3454 1168 invariatam
3496 1106 3646 1180 psal-

2061 1202 2258 1256 modim
2295 1203 2724 1259 modulationem
2777 1219 3072 1272 usurpare,
3112 1213 3168 1259 et
3219 1204 3274 1257 in
3332 1199 3534 1271 vigiliis
3591 1207 3649 1254 et

2057 1306 2158 1359 pro
2195 1291 2467 1348 defunctis
2507 1295 2838 1364 peragendis
2891 1294 3262 1359 caeremoniis,
3310 1303 3369 1346 ut
3403 1289 3646 1346 obtinuit

2027 1382 2289 1452 .antiqua
2323 1393 2376 1437 et
2423 1383 2758 1440 venerabilis
2805 1384 3151 1440 consuetudo
3183 1401 3195 1438 :
3231 1383 3326 1439 sed
3357 1382 3498 1439 nihil
3525 1396 3648 1437 am-

2060 1473 2203 1542 plius
2234 1472 2433 1530 factum
2477 1483 2584 1532 est.

2488 1567 2565 1622 De
2593 1579 2945 1624 sacrosancto
2998 1570 3216 1640 hymno.

2133 1655 2518 1728 Octogesimus
2573 1660 2783 1729 primus
2841 1662 2988 1726 illos,
3044 1662 3140 1734 qui
3183 1663 3238 1717 in
3288 1663 3648 1720 sanctissimo

2061 1750 2265 1818 hymno
2310 1750 2454 1806 Petri
2493 1750 2739 1807 Fullonis
2768 1770 2954 1809 vocem
2999 1754 3243 1814 inserere
3272 1756 3500 1824 audent,
3524 1773 3652 1828 qum

379 1839 478 1909 τὴν
510 1839 609 1908 τῷ,
631 1842 820 1908 ’Δγιος
867 1822 1154 1912 ἀθάνατος,
1196 1848 1252 1900 '0
1284 1822 1618 1918 oraup—wde‘tg
1675 1822 1745 1902 5t;
1776 1822 1948 1921 ἡμᾶς,

2065 1839 2152 1902 ιΙιί,
2186 1841 2421 1897 Sanctus
2471 1843 2839 1911 immortalis,
2874 1846 2999 1910 hoc,
3053 1846 3156 1911 Qui
3220 1847 3521 1903 cruciﬁxus
3587 1863 3651 1905 es

383 1930 607 1997 ἐλέησον
663 1935 834 2002 ἡμᾶς,
872 1939 1278 2005 προστιθεῖσαν,
1328 1943 1392 2011 τῇ
1430 1941 1659 2012 ὀλεθρίῳ
1696 1944 1792 1996 τοῦ
1827 1947 1958 1997 dva-

383 2020 621 2088 θέματος
646 2027 830 2096 ἐφίησι
859 2029 1128 2100 καταδίκῃ
1148 2046 1160 2060 ·
1189 2031 1222 2100 ἢ
1248 2033 1353 2101 γάρ
1377 2032 1639 2102 τέταρτον
1667 2034 1699 2103 ή
1731 2033 1957 2104 τοιαύτη

384 2113 678 2181 πρόσωπον
709 2118 920 2185 είσάγει
951 2121 1124 2191 φωνὴ,
1161 2123 1264 2176 ἀνά
1290 2124 1456 2192 μέρος
1490 2125 1704 2177 τιθεῖσα
1739 2125 1831 2178 τὸν
1861 2127 1958 2180 τοῦ

385 2203 520 2257 Θεοῦ
547 2207 698 2274 Υἱδν,
723 2208 821 2280 τὴν
842 2212 1212 2267 ὲνυπόστατον
1238 2215 1332 2268 τοῦ
1353 2216 1565 2286 [ἰατρὸς
1585 2216 1840 2287 δύναμιν,
1868 2219 1962 2272 καὶ

385 2299 486 2351 ἀνά
517 2299 682 2370 μέρος
702 2303 795 2354 τὸν
828 2305 1243 2374 ἐσταυρωμένον
1271 2307 1535 2378 Χριστὸν,
1554 2310 1631 2371 ὡς
1651 2309 1809 2362 ἄλλον
1831 2311 1964 2364 ὄντα

386 2389 538 2458 παρὰ
571 2391 664 2443 τὸν
708 2393 948 2462 ἰσχυρὸν,
988 2395 1019 2463 ἢ
1050 2395 1304 2466 παθητὴν
1353 2398 1454 2467 τὴν
1482 2398 1688 2468 Τριάδα
1719 2397 1958 2464 δοξάζει,

388 2480 766 2552 συσταυροῦσα
833 2485 910 2552 τῷ
974 2485 1085 2556 Υίῷ
1139 2488 1231 2542 τὸν
1291 2487 1510 2558 Πατέρα
1555 2491 1650 2542 καὶ
1701 2489 1762 2542 τὸ
1807 2489 1964 2556 ἅγιον

389 2570 638 2640 Πνεῦμα.
694 2575 880 2644 Ἴσμεν
929 2577 1008 2640 δὲ,
1067 2577 1141 2641 ὡς
1197 2581 1229 2648 ἡ
1283 2579 1715 2653 ὲκκλησιαστικὴ
1771 2582 1964 2636 δίεισιν

387 2659 618 2729 ἱστορία,
650 2663 798 2728 ὅπως
832 2665 1204 2731 λιτανεύοντος
1241 2668 1336 2720 τοῦ
1363 2669 1491 2722 λαοῦ
1523 2672 1580 2723 ὲν
1620 2673 1965 2725 Κωνσταντι-

388 2750 641 2804 νουπόλει
673 2755 766 2806 ὲπί
803 2773 911 2809 τινι
943 2757 1190 2829 θεηλὰτῳ
1219 2760 1541 2830 πιεζομένου
1577 2763 1783 2834 πληγῇ,
1822 2765 1964 2834 Πρό-

387 2844 516 2898 κλου
567 2847 1069 2918 ἀρχιερατεύοντος,
1119 2853 1364 2922 αἰθέριον
1407 2855 1684 2927 ἁρπαγείη
1727 2858 1964 2923 παιδίον,

389 2938 484 2990 καὶ
509 2938 598 2991 τὸν
629 2939 801 3007 ὕμνον
828 2943 1040 2996 τουτονὶ
1069 2944 1330 3015 μυηθείη,
1358 2947 1453 3000 καὶ
1479 2949 1827 3020 κατενεχθὲν,
1852 2952 1966 3013 τοῖς

390 3027 628 3098 παροῦσι
673 3031 734 3084 τὸ
785 3035 994 3103 μυηθὲν
1039 3037 1464 3106 άξπαγγείλειενο
1495 3039 1729 3110 ᾅσαντος
1766 3041 1824 3095 δὲ
1869 3041 1962 3096 τοῦ

388 3120 522 3175 λαοῦ
555 3123 654 3189 τῆς
685 3125 1005 3194 προσθήκης
1042 3127 1232 3197 χωρὶς,
1263 3129 1296 3198 ἡ
1337 3128 1599 3199 θεήλατος
1635 3133 1794 3202 σταίη
1828 3134 1966 3202 πλη-
1994 3168 2039 3225 c

388 3211 482 3280 γή.
521 3211 684 3265 ’Δλλὰ
715 3215 809 3268 καὶ
836 3217 870 3285 ή
897 3216 1026 3284 ἁγία
1054 3219 1149 3270 καὶ
1173 3219 1534 3291 οίκουμενικὴ
1565 3223 1804 3292 τετάρτη
1839 3223 1965 3276 σύν-

389 3300 508 3363 οδος
545 3301 719 3366 οὕτως
749 3304 970 3376 ᾄδεσθαι
1000 3307 1090 3359 τὸν
1118 3309 1402 3378 τρισάγιον
1438 3309 1607 3380 ῦμνον
1633 3312 1924 3366 ἐθέσπισεν
1949 3331 1964 3347 ·

388 3395 438 3446 εί
463 3395 559 3448 καὶ
588 3396 648 3448 τὸ
670 3399 913 3467 κρυπτὸν
939 3400 1094 3467 γένος
1130 3402 1240 3453 τῶν
1271 3402 1576 3473 Ἀρμενίων
1606 3405 1700 3458 καὶ
1733 3404 1964 3474 ὕφαλον,

387 3488 487 3553 τῆς
522 3485 786 3558 βδελυρᾶς
814 3489 1016 3560 ταύτης
1061 3492 1229 3544 είσέτι
1277 3494 1370 3546 καὶ
1428 3493 1524 3547 νῦν
1568 3494 1628 3547 ού
1685 3494 1965 3566 μεθίενται

391 3575 623 3644 πλάνης.
661 3578 824 3649 Ζήτει
871 3581 967 3632 καὶ⁵
1015 3582 1070 3633 έν
1102 3580 1182 3648 τῷ
1232 3587 1300 3634 ια’
1331 3598 1454 3649 κεφ.
1495 3581 1589 3635 τοῦ
1626 3583 1668 3635 Β
1698 3586 1964 3656 στοιχείου

389 3667 587 3721 κανόνα
621 3667 678 3720 ιε’
707 3671 806 3740 τῆς
846 3671 902 3723 ἐν
932 3671 1222 3741 Λαοδικείᾳ
1252 3672 1501 3728 συνόδου.

471 3845 534 3899 ⁸0
564 3845 621 3898 δὲ
656 3844 734 3914 ις’
760 3849 966 3920 ταύτης
1007 3850 1067 3904 ἐν
1113 3852 1231 3914 τοῖς
1264 3851 1499 3905 σάϐϐασι
1534 3851 1676 3920 μετὰ
1709 3852 1818 3908 τῶν
1853 3855 1967 3908 ἑτέ-

394 3955 510 4010 ρων
561 3939 797 4008 Γραφῶν
831 3943 926 3996 καὶ
958 3941 1290 4013 Εὑαγγέλιον
1339 3944 1556 3998 κελεύει
1599 3946 1966 4013 ἀναγινώσκε-

393 4031 540 4084 σθαι.
587 4031 697 4102 [Ιρδ
729 4031 837 4104 γὰρ
886 4034 984 4101 τῆς
1017 4037 1309 4106 γινομένης
1337 4036 1436 4108 τὴν
1478 4037 1723 4108 τήμερον
1757 4038 1967 4104 τάξεως

394 4123 454 4174 ὲν
489 4126 608 4185 ταῖς
640 4123 828 4192 εὐχαῖς
857 4141 918 4176 τε
947 4127 1042 4178 καὶ
1073 4127 1440 4197 ψαλμῳδίαις,
1474 4129 1629 4198 εὐχαὶ
1661 4129 1820 4198 μόνον
1851 4131 1964 4198 ἐγί-

392 4232 546 4268 νοντο
579 4217 636 4268 ὲν
674 4216 950 4288 σαϐϐάτῳ,
983 4217 1074 4271 καί⁵
1107 4217 1250 4272 οὕτω
1272 4219 1369 4288 τὴν
1399 4220 1735 4288 ἀναίμακτον
1769 4222 1964 4292 προσέ-

392 4321 557 4373 φερον
609 4307 658 4357 οἱ
716 4306 881 4374 ἱερεῖς
937 4306 1145 4362 θυσίαν.
1194 4308 1526 4376 Εὐαγγέλιον
1561 4309 1616 4361 δὲ
1649 4310 1683 4379 ἡ
1718 4310 1850 4379 άλλη
1878 4326 1964 4376 τις

392 4395 582 4465 Γραφὴ
628 4395 734 4448 ἐπ”
755 4397 1052 4466 ἐκκλησίας
1091 4400 1191 4452 οὐκ
1225 4399 1653 4468 ἀνεγινώσκετο,
1687 4395 1778 4456 οἷα
1811 4421 1961 4474 τηνι-

394 4486 567 4538 καῦτα
619 4489 1016 4558 πανηγυρίζειν
1074 4489 1262 4553 είωθὸς
1309 4491 1450 4545 κατὰ
1516 4491 1641 4554 τοὺς
1703 4492 1963 4562 λέγοντας
1997 4508 2040 4564 D

393 4577 646 4641 κανόνας,
685 4578 824 4650 μήτε
876 4580 1183 4651 νηστεύειν,
1225 4582 1364 4651 μήτε
1413 4582 1543 4650 γόνυ
1587 4581 1863 4653 κάμπτειν
1909 4586 1967 4638 ὲν

397 4667 672 4738 σασὸάτῳ.

477 4758 538 4813 '0
609 4759 666 4812 δὲ
731 4762 798 4827 ιζ’
831 4763 1337 4834 κηδεμονικώτερόν
1373 4782 1427 4818 τι
1496 4765 1690 4829 ποιῶν,
1740 4767 1835 4820 καὶ
1888 4767 1968 4830 είς

396 4850 708 4924 καθίσματα
743 4855 1072 4927 μερισθῆναι
1101 4857 1226 4920 τοὺς
1251 4857 1569 4921 Δαυῖτικοὺς
1597 4857 1847 4928 ψαλμοὺς
1877 4860 1972 4914 ἐπ-

399 4940 582 5006 έταξε,
633 4943 729 4996 καὶ
779 4944 1116 5013 ἀναγνώσεις
1171 4945 1377 5015 μεταξὺ
1427 4946 1695 5014 γίνεσθαι,
1746 4949 1832 5002 ἵνα
1895 4947 1970 5020 μὴ

397 5031 636 5101 ἀκηδιῶν
670 5035 696 5085 ὁ
721 5033 848 5098 λαὸς
875 5035 1198 5105 τῷσυνεχεῖ
1235 5037 1333 5106 τῆς
1373 5035 1690 5107 ψαλμῳδίας
1720 5038 1820 5108 τῆς
1880 5041 1972 5093 ὲκ-

397 5121 628 5192 κλησίας
657 5125 1036 5196 ἀποπηδῶσιν.

480 5215 539 5267 Ὀ
591 5215 649 5268 δὲ
695 5223 785 5289 ιη’,
827 5217 924 5282 τὰς
969 5221 1414 5292 παραδεδομένας
1463 5221 1627 5291 εὐχὰς
1679 5222 1859 5291 λέγειν
1910 5223 1995 5275 ὲνπ

395 5307 517 5370 ταῖς
549 5307 796 5372 ὲννάταις
825 5326 886 5363 τε
914 5312 1010 5364 καὶ
1034 5312 1316 5383 ἑσπέραις,
1353 5315 1449 5366 καὶ
1486 5312 1560 5383 μὴ
1590 5315 1682 5366 τὸν
1711 5314 1970 5384 βουλόμε-

396 5411 487 5448 νον
548 5395 684 5460 ἰδίας
738 5397 905 5468 εὐχάς
938 5400 1266 5466 συντιθέναι,
1309 5403 1403 5455 καὶ
1454 5402 1655 5467 ταύτας
1693 5402 1875 5471 λέγειν
1910 5406 1967 5457 ὲν

395 5487 513 5550 ταῖς
544 5487 849 5553 συνάξεσιν.

467 5579 692 5644 Τούτοις
721 5582 1113 5654 ἐπιψηφίζεται
1139 5589 1233 5640 καὶ
1250 5589 1278 5641 ὁ
1295 5589 1392 5658 τῆς
1425 5590 1480 5642 ὲν
1500 5588 1822 5660 Καρθαγένῃ
1843 5609 1967 5646 συν-

397 5667 518 5720 όδου
552 5676 656 5739 ργ’,
687 5671 784 5736 τὰς
830 5674 933 5726 ὑπὸ
962 5675 1070 5728 τῶν
1108 5679 1491 5750 συνετωτέρων
1523 5683 1966 5752 συντεταγμένας

399 5761 492 5814 καὶ
535 5763 639 5817 ὑπὸ
673 5765 770 5835 τῆς
809 5767 1028 5821 συνόδου
1071 5773 1462 5842 κεκυρωμένας
1511 5773 1673 5844 εὐχὰς
1707 5773 1962 5842 λέγεσθαι

2059 1946 2158 2001 pro
2194 1933 2379 1997 nobis,
2400 1933 2662 1989 miserere
2688 1936 2890 2002 nostri,
2917 1936 3153 2002 addidit,
3179 1939 3387 1994 exitiali
3418 1939 3652 1994 anathe-

2060 2023 2226 2078 matis
2250 2024 2461 2093 judicio
2488 2026 2735 2096 subjicit.
2761 2027 2858 2082 Vel
2885 2029 3030 2084 enim
3069 2040 3322 2100 quartam
3353 2046 3650 2102 personam

2059 2113 2272 2169 inducit
2303 2115 2556 2179 ista-vox.
2600 2127 2656 2172 et
2694 2118 2791 2172 Dei
2838 2117 3064 2184 Filium,
3093 2119 3402 2176 Servatoris
3434 2123 3656 2179 scilicet

2064 2205 2458 2260 consistentem
2511 2206 2852 2273 facultatem,
2885 2223 3141 2266 seorsum
3175 2211 3351 2279 ponit,
3379 2220 3435 2266 ct
3479 2212 3656 2267 Chri~

2065 2305 2208 2350 stum
2253 2297 2577 2353 crucifixum
2612 2307 2874 2369 tanquam
2920 2300 3090 2354 alium
3123 2314 3154 2354 a
3185 2301 3338 2366 forti,
3394 2301 3479 2356 vel
3518 2301 3652 2356 all‘e-

2065 2387 2345 2444 Ctionibus
2401 2390 2702 2463 subjectam
2751 2390 3084 2446 Trinitatem
3131 2392 3429 2462 glorificat,
3460 2403 3516 2449 et
3549 2395 3652 2448 Pa-

2068 2489 2206 2534 trem
2245 2489 2300 2535 et
2341 2480 2607 2552 Spiritum
2644 2492 2896 2538 sanetum
2929 2497 3036 2537 una
3071 2497 3199 2537 cum
3259 2483 3400 2540 Filio
3427 2483 3650 2538 cruciﬁ-

2067 2571 2167 2641 git.
2211 2571 2430 2628 Scimus
2468 2587 2598 2627 vero
2647 2572 2924 2642 quomodo
2982 2573 3363 2630 ecclesiastica
3405 2575 3655 2630 Historia-

2067 2660 2336 2730 loquitur,
2388 2676 2541 2726 cum,
2595 2659 2791 2734 Proclo
2873 2662 3323 2733 archiepiscopo,
3383 2665 3647 2734 populus,

2068 2749 2304 2822 quadam
2337 2751 2600 2807 divinitus
2638 2731 2908 2808 intentata
2943 2731 3248 2823 oppressus
3281 2731 3471 2825 plaéa,
3499 2753 3646 2810 Con-

2068 2843 2424 2917 stantinopoli
2466 2845 2825 2915 supplicaret,
2887 2847 2941 2901 in
2976 2847 3188 2901 aethera
3223 2856 3440 2916 raptum
3473 2846 3652 2904 fuisse

2068 2948 2324 3003 puerum,
2353 2943 2408 2988 et
2442 2934 2708 3006 hymnum
2746 2935 2894 2992 hunc
2929 2935 3100 2992 fuisse
3139 2935 3425 3004 edoctum,
3451 2946 3506 2992 et
3533 2954 3654 2992 rur-

2070 3042 2166 3082 sus
2200 3027 2497 3084 demissum
2547 3028 2909 3098 praesentibus
2955 3027 3114 3094 illud,
3150 3028 3294 3097 quod
3335 3026 3653 3084 institutum

2070 3125 2212 3184 erat,
2250 3117 2638 3186 renuntiasse;
2669 3118 2815 3187 quod
2865 3118 3067 3190 populo
3115 3120 3235 3174 sine
3278 3117 3656 3174 additamento

2071 3213 2325 3268 canente.
2354 3208 2621 3263 divinitus
2653 3208 2977 3285 intentatam
3003 3222 3251 3264 cessasse
3285 3207 3522 3278 plagam.
3545 3204 3653 3261 Sed

2069 3307 2123 3353 et
2146 3307 2332 3352 sancta
2362 3307 2417 3352 et
2443 3300 2782 3355 (acumenica
2814 3311 3012 3370 quarta
3070 3300 3318 3372 synodus
3357 3299 3433 3354 ita
3467 3312 3656 3354 sacro-

2072 3398 2320 3443 sanctum
2356 3390 2618 3461 hymnum
2667 3392 2974 3446 canendum
3029 3405 3156 3448 esse
3193 3391 3442 3446 decernit
3473 3408 3487 3445 :
3527 3390 3657 3444 licet

2070 3479 2367 3536 obscurum
2402 3482 2788 3538 Armeniorum
2827 3498 3002 3555 genus
3024 3494 3078 3538 ct
3113 3484 3406 3539 subdolum
3443 3482 3655 3538 abomi-

2069 3573 2306 3628 nabilem
2339 3574 2499 3644 139
2525 3575 2678 3630 illum
2708 3590 2953 3631 errorem
2981 3577 3222 3632 nondum
3248 3575 3652 3644 deposuerunt.

2068 3662 2205 3720 Vide
2240 3667 2406 3720 etiam
2428 3668 2480 3720 in
2515 3666 2807 3722 undecimo
2835 3667 3014 3738 capite
3050 3667 3244 3723 litterae
3305 3665 3348 3720 B
3384 3680 3658 3722 canoncm

2070 3755 2137 3809 15
2169 3755 2496 3812 Laodicenae
2527 3759 2745 3829 synodi.

2138 3844 2395 3916 Ejusdem
2414 3861 2544 3902 vero
2575 3848 2766 3919 synodi
2802 3848 2869 3903 16
2895 3837 3232 3905 in'Sabbatis
3252 3863 3364 3904 una
3391 3863 3516 3904 cum
3547 3863 3656 3904 cre-

2068 3938 2205 3994 teris
2246 3938 2548 4009 Scripturis
2594 3941 2760 3995 etiam
2813 3939 3109 4012 Evangelia
3146 3940 3251 4011 legi
3291 3938 3470 4010 jubet.
3515 3937 3653 3994 Nam

2068 4039 2361 4099 antequam
2396 4031 2554 4094 ordo,
2607 4032 2702 4101 qui
2736 4031 2899 4086 hodie
2933 4032 2989 4085 in
3025 4032 3285 4102 precibus
3317 4039 3373 4085 et
3413 4029 3656 4101 psalmo-

2067 4119 2171 4174 diis
2203 4120 2552 4184 observatur,
2598 4121 2887 4177 institutus
2909 4119 3034 4186 fuit,
3085 4120 3434 4176 solummodo
3458 4135 3652 4190 preces

2067 4211 2120 4265 in
2170 4208 2411 4265 Sabbato
2461 4211 2621 4265 dicta:
2681 4210 2934 4277 fuerunt,
2976 4221 3033 4267 et
3079 4212 3160 4267 sic
3208 4211 3542 4267 sacriﬁcium
3596 4213 3654 4267 in

2065 4313 2350 4354 cruentum
2397 4299 2698 4357 offerebant
2722 4301 3057 4358 sacerdotes.
3086 4302 3443 4374 Evangelium
3497 4317 3653 4368 vero,

2065 4389 2149 4444 vel
2191 4389 2297 4443 alia
2333 4388 2631 4460 Scripturae
2673 4407 2800 4462 pars
2822 4395 2876 4447 in
2912 4393 3144 4449 ecclesia
3192 4409 3300 4450 non
3331 4393 3651 4465 legebatur;

2065 4498 2191 4536 nam
2226 4491 2354 4539 tunc
2389 4483 2587 4539 festum
2618 4486 2898 4542 celebrare
2918 4487 3170 4542 solebant
3207 4489 3363 4559 juxta
3389 4503 3654 4556 canones,

2072 4576 2191 4646 qui,
2223 4574 2433 4641 dicunt,
2454 4575 2932 4650 Nequejejunare,
2956 4594 3136 4651 neque
3191 4579 3554 4650 genuflectere
3601 4581 3657 4636 in

2073 4667 2314 4725 Sabbato
2347 4679 2578 4740 Oportet.

2144 4760 2402 4817 Decimus
2461 4764 2730 4833 septimus
2787 4773 2970 4820 autem
3023 4766 3340 4822 accuratius
3398 4768 3658 4836 quiddam

2073 4851 2308 4920 faciens,
2335 4853 2500 4908 etiam
2532 4854 2588 4909 in
2622 4856 2901 4912 sessiones
2936 4858 3132 4926 partiri
3178 4857 3472 4914 Davidicos
3503 4857 3659 4915 Psal-

2077 4958 2199 4997 mos
2228 4942 2418 5014 jussit,
2465 4953 2520 4997 et
2551 4945 2838 5016 interjecto
2872 4948 3051 5017 spatio
3087 4946 3380 5005 lectionem
3416 4950 3556 5016 fieri,
3593 4966 3662 5006 ne

2075 5037 2317 5107 populus
2348 5036 2664 5106 psalmodiae
2705 5037 3124 5095 continuatione
3156 5055 3394 5097 moerere
3431 5039 3662 5098 affectus

2074 5130 2146 5185 ab
2179 5129 2414 5185 ecclesia
2443 5129 2772 5186 discederet.
3615 5119 3624 5131 ’

2147 5219 2408 5277 Decimus
2458 5237 2588 5278 vero
2620 5234 2872 5290 octavus,
2909 5235 2968 5280 ut
3015 5225 3070 5280 in
3112 5223 3284 5283 Nonis
3314 5235 3367 5284 et
3402 5229 3660 5299 Vcsperis

2074 5311 2379 5366 recitentur
2416 5313 2630 5368 tradita:
2687 5329 2903 5384 preces,
2931 5324 2987 5371 et
3020 5331 3089 5371 ne
3118 5316 3244 5386 quis
3275 5333 3376 5386 pro
3427 5319 3661 5374 arbitrio

2073 5418 2266 5474 preces
2301 5413 2581 5470 contexet,
2627 5415 2682 5463 et
2737 5407 2858 5464 illas
2919 5409 2971 5463 in
3026 5409 3259 5478 publicis
3297 5412 3662 5468 conventibus

2071 5496 2283 5562 recitet,
2310 5499 2640 5568 praescribit.

2143 5588 2240 5644 llis
2262 5591 2426 5645 etiam
2467 5593 2747 5649 consentit
2776 5593 3230 5666 Carthaginensis
3260 5613 3384 5668 syn.
3411 5599 3658 5653 centesi-

2070 5694 2194 5734 mus
2224 5682 2443 5748 tertius,
2487 5690 2548 5736 ut
2602 5683 2658 5738 in
2705 5685 3197 5754 supplicationibus
3254 5688 3522 5744 universae
3565 5691 3660 5744 ad-

2073 5772 2500 5834 ministrationis
2545 5776 2675 5834 solae
2721 5778 2968 5850 legantur
2999 5794 3209 5849 preces,
3237 5797 3359 5850 qua:
3389 5799 3416 5836 a
3443 5785 3656 5854 sapien-
