  <div class='ocr_page' id='page_1' title='image "/cluster/home/n/w/nwhite01/storage/ocr_20150623/144:no.2/coo.31924054870492/673.png"; bbox 0 0 4054 6444; ppageno 0'>
   <div class='ocr_carea' id='block_1_1' title="bbox 474 369 3700 449">
    <p class='ocr_par' dir='ltr' id='par_1_1' title="bbox 474 369 3700 449">
     <span class='ocr_line' id='line_1_1' title="bbox 474 369 3700 449; baseline 0.005 -18"><span class='ocrx_word' id='word_1_1' title='bbox 474 369 610 432; x_wconf 78' lang='grc'><strong>1335</strong></span> <span class='ocrx_word' id='word_1_2' title='bbox 1525 442 1529 446; x_wconf 65' lang='grc'><strong>,</strong></span> <span class='ocrx_word' id='word_1_3' title='bbox 1672 378 2045 440; x_wconf 74' lang='lat' dir='ltr'><strong>MATTH/EI</strong></span> <span class='ocrx_word' id='word_1_4' title='bbox 2089 379 2517 444; x_wconf 79' lang='lat' dir='ltr'><strong>BLASTARIS</strong></span> <span class='ocrx_word' id='word_1_5' title='bbox 3574 384 3700 449; x_wconf 79' lang='lat'><strong>1336</strong></span> 
     </span>
    </p>
   </div>
   <div class='ocr_carea' id='block_1_2' title="bbox 461 483 2050 564">
    <p class='ocr_par' dir='ltr' id='par_1_2' title="bbox 461 483 2036 558">
     <span class='ocr_line' id='line_1_2' title="bbox 461 483 2036 558; baseline 0.003 -22"><span class='ocrx_word' id='word_1_6' title='bbox 461 483 697 538; x_wconf 89' lang='lat' dir='ltr'><strong>tioribus</strong></span> <span class='ocrx_word' id='word_1_7' title='bbox 727 483 1078 552; x_wconf 73' lang='lat' dir='ltr'><strong>ordinantur,</strong></span> <span class='ocrx_word' id='word_1_8' title='bbox 1109 495 1167 541; x_wconf 91' lang='lat' dir='ltr'><strong>et</strong></span> <span class='ocrx_word' id='word_1_9' title='bbox 1194 500 1226 540; x_wconf 89' lang='lat' dir='ltr'><strong>a</strong></span> <span class='ocrx_word' id='word_1_10' title='bbox 1258 486 1470 558; x_wconf 82' lang='lat' dir='ltr'><strong>synodo</strong></span> <span class='ocrx_word' id='word_1_11' title='bbox 1523 488 1947 552; x_wconf 74' lang='lat' dir='ltr'><strong>conﬁrmantur,</strong></span> <span class='ocrx_word' id='word_1_12' title='bbox 1982 488 2036 541; x_wconf 92' lang='lat' dir='ltr'><strong>in</strong></span> 
     </span>
    </p>
   </div>
   <div class='ocr_carea' id='block_1_3' title="bbox 2155 483 3707 564">
    <p class='ocr_par' dir='ltr' id='par_1_3' title="bbox 2155 489 3707 564">
     <span class='ocr_line' id='line_1_3' title="bbox 2155 489 3707 564; baseline 0.004 -21"><span class='ocrx_word' id='word_1_13' title='bbox 2155 491 2337 556; x_wconf 77' lang='grc' dir='ltr'>μόνας,</span> <span class='ocrx_word' id='word_1_14' title='bbox 2391 493 2453 544; x_wconf 77' lang='grc' dir='ltr'><strong>ὲν</strong></span> <span class='ocrx_word' id='word_1_15' title='bbox 2475 495 2598 555; x_wconf 80' lang='grc' dir='ltr'>ταῖς</span> <span class='ocrx_word' id='word_1_16' title='bbox 2635 492 2834 557; x_wconf 80' lang='grc' dir='ltr'><strong>λιταῖς,</strong></span> <span class='ocrx_word' id='word_1_17' title='bbox 2862 492 3030 562; x_wconf 75' lang='grc' dir='ltr'>φημὶ,</span> <span class='ocrx_word' id='word_1_18' title='bbox 3078 489 3178 561; x_wconf 82' lang='grc' dir='ltr'>τῆς</span> <span class='ocrx_word' id='word_1_19' title='bbox 3209 491 3552 564; x_wconf 75' lang='grc' dir='ltr'><strong>λειτουργίας</strong></span> <span class='ocrx_word' id='word_1_20' title='bbox 3578 494 3707 549; x_wconf 80' lang='grc' dir='ltr'>άπά-</span> 
     </span>
    </p>
   </div>
   <div class='ocr_carea' id='block_1_4' title="bbox 460 573 2050 654">
    <p class='ocr_par' dir='ltr' id='par_1_4' title="bbox 460 573 2037 650">
     <span class='ocr_line' id='line_1_4' title="bbox 460 573 2037 650; baseline 0.004 -22"><span class='ocrx_word' id='word_1_21' title='bbox 460 573 903 643; x_wconf 64' lang='lat' dir='ltr'><strong>pratl‘ationibus,</strong></span> <span class='ocrx_word' id='word_1_22' title='bbox 930 577 1195 632; x_wconf 83' lang='lat' dir='ltr'><strong>nimirum</strong></span> <span class='ocrx_word' id='word_1_23' title='bbox 1232 594 1409 649; x_wconf 89' lang='lat' dir='ltr'><strong>usque</strong></span> <span class='ocrx_word' id='word_1_24' title='bbox 1437 580 1505 635; x_wconf 83' lang='lat' dir='ltr'><strong>ad</strong></span> <span class='ocrx_word' id='word_1_25' title='bbox 1531 595 1689 635; x_wconf 87' lang='lat' dir='ltr'><strong>sacra</strong></span> <span class='ocrx_word' id='word_1_26' title='bbox 1718 580 2037 650; x_wconf 76' lang='lat' dir='ltr'><strong>Evangelia,</strong></span> 
     </span>
    </p>
   </div>
   <div class='ocr_carea' id='block_1_5' title="bbox 2155 573 3709 654">
    <p class='ocr_par' dir='ltr' id='par_1_5' title="bbox 2155 580 3709 654">
     <span class='ocr_line' id='line_1_5' title="bbox 2155 580 3709 654; baseline -0.006 -9"><span class='ocrx_word' id='word_1_27' title='bbox 2155 597 2270 649; x_wconf 79' lang='grc' dir='ltr'>σης.</span> <span class='ocrx_word' id='word_1_28' title='bbox 2296 582 2354 634; x_wconf 74' lang='grc' dir='ltr'><strong>ὲν</strong></span> <span class='ocrx_word' id='word_1_29' title='bbox 2383 585 2496 643; x_wconf 79' lang='grc' dir='ltr'>τοῖς</span> <span class='ocrx_word' id='word_1_30' title='bbox 2526 584 2858 652; x_wconf 74' lang='grc' dir='ltr'><strong>προοιμίοις,</strong></span> <span class='ocrx_word' id='word_1_31' title='bbox 2889 580 3018 653; x_wconf 74' lang='grc' dir='ltr'>ἄχρι</span> <span class='ocrx_word' id='word_1_32' title='bbox 3054 581 3260 654; x_wconf 75' lang='grc' dir='ltr'>δηλαδὴ</span> <span class='ocrx_word' id='word_1_33' title='bbox 3290 582 3401 635; x_wconf 83' lang='grc' dir='ltr'>τῶν</span> <span class='ocrx_word' id='word_1_34' title='bbox 3432 583 3590 636; x_wconf 82' lang='grc' dir='ltr'><strong>θείων</strong></span> <span class='ocrx_word' id='word_1_35' title='bbox 3616 583 3709 636; x_wconf 70' lang='lat' dir='ltr'><strong>Et-</strong></span> 
     </span>
    </p>
   </div>
   <div class='ocr_carea' id='block_1_6' title="bbox 463 667 2050 747">
    <p class='ocr_par' dir='ltr' id='par_1_6' title="bbox 463 667 2044 747">
     <span class='ocr_line' id='line_1_6' title="bbox 463 667 2044 747; baseline 0.003 -27"><span class='ocrx_word' id='word_1_36' title='bbox 463 670 520 719; x_wconf 74' lang='lat' dir='ltr'><strong>in</strong></span> <span class='ocrx_word' id='word_1_37' title='bbox 548 667 1072 722; x_wconf 85' lang='lat' dir='ltr'><strong>catechumenorum</strong></span> <span class='ocrx_word' id='word_1_38' title='bbox 1113 670 1708 736; x_wconf 84' lang='lat' dir='ltr'><strong>commendationibus,</strong></span> <span class='ocrx_word' id='word_1_39' title='bbox 1748 687 1858 747; x_wconf 38' lang='lat' dir='ltr'><strong>&#39;per</strong></span> <span class='ocrx_word' id='word_1_40' title='bbox 1907 685 2044 739; x_wconf 86' lang='lat' dir='ltr'><strong>quas</strong></span> 
     </span>
    </p>
   </div>
   <div class='ocr_carea' id='block_1_7' title="bbox 2155 667 3706 747">
    <p class='ocr_par' dir='ltr' id='par_1_7' title="bbox 2155 671 3706 744">
     <span class='ocr_line' id='line_1_7' title="bbox 2155 671 3706 744; baseline 0.001 -20"><span class='ocrx_word' id='word_1_41' title='bbox 2155 672 2441 739; x_wconf 75' lang='grc' dir='ltr'>κγγελίων,</span> <span class='ocrx_word' id='word_1_42' title='bbox 2486 672 2546 725; x_wconf 75' lang='grc' dir='ltr'><strong>ἰν</strong></span> <span class='ocrx_word' id='word_1_43' title='bbox 2575 675 2695 734; x_wconf 81' lang='grc' dir='ltr'>ταῖς</span> <span class='ocrx_word' id='word_1_44' title='bbox 2743 672 2854 727; x_wconf 80' lang='grc' dir='ltr'><strong>τῶν</strong></span> <span class='ocrx_word' id='word_1_45' title='bbox 2889 675 3320 743; x_wconf 82' lang='grc' dir='ltr'>κατηχουμένων</span> <span class='ocrx_word' id='word_1_46' title='bbox 3360 671 3706 744; x_wconf 83' lang='grc' dir='ltr'>παραθέσεσι,</span> 
     </span>
    </p>
   </div>
   <div class='ocr_carea' id='block_1_8' title="bbox 460 756 2050 833">
    <p class='ocr_par' dir='ltr' id='par_1_8' title="bbox 460 758 2042 828">
     <span class='ocr_line' id='line_1_8' title="bbox 460 758 2042 828; baseline 0.003 -17"><span class='ocrx_word' id='word_1_47' title='bbox 460 771 559 812; x_wconf 87' lang='lat' dir='ltr'><strong>eos</strong></span> <span class='ocrx_word' id='word_1_48' title='bbox 613 758 725 813; x_wconf 90' lang='lat' dir='ltr'><strong>Deo</strong></span> <span class='ocrx_word' id='word_1_49' title='bbox 773 759 1164 814; x_wconf 88' lang='lat' dir='ltr'><strong>commendant</strong></span> <span class='ocrx_word' id='word_1_50' title='bbox 1199 762 1556 828; x_wconf 76' lang='lat' dir='ltr'><strong>sacerdotes;</strong></span> <span class='ocrx_word' id='word_1_51' title='bbox 1590 774 1645 819; x_wconf 84' lang='lat' dir='ltr'><strong>et</strong></span> <span class='ocrx_word' id='word_1_52' title='bbox 1688 764 1744 817; x_wconf 92' lang='lat' dir='ltr'><strong>in</strong></span> <span class='ocrx_word' id='word_1_53' title='bbox 1779 776 2042 816; x_wconf 87' lang='lat' dir='ltr'><strong>manuum</strong></span> 
     </span>
    </p>
   </div>
   <div class='ocr_carea' id='block_1_9' title="bbox 2155 756 3712 833">
    <p class='ocr_par' dir='ltr' id='par_1_9' title="bbox 2155 756 3712 833">
     <span class='ocr_line' id='line_1_9' title="bbox 2155 756 3712 833; baseline -0.001 -18"><span class='ocrx_word' id='word_1_54' title='bbox 2155 756 2310 815; x_wconf 77' lang='grc' dir='ltr'>5ι’ὧν</span> <span class='ocrx_word' id='word_1_55' title='bbox 2350 762 2428 833; x_wconf 81' lang='grc' dir='ltr'>τῷ</span> <span class='ocrx_word' id='word_1_56' title='bbox 2464 761 2586 832; x_wconf 87' lang='grc' dir='ltr'><strong>Θεῷ</strong></span> <span class='ocrx_word' id='word_1_57' title='bbox 2623 762 2848 826; x_wconf 83' lang='grc' dir='ltr'><strong>τούτους</strong></span> <span class='ocrx_word' id='word_1_58' title='bbox 2894 763 2945 814; x_wconf 87' lang='grc' dir='ltr'>οί</span> <span class='ocrx_word' id='word_1_59' title='bbox 2981 764 3150 832; x_wconf 70' lang='lat' dir='ltr'><strong>tepet;</strong></span> <span class='ocrx_word' id='word_1_60' title='bbox 3182 761 3593 831; x_wconf 81' lang='grc' dir='ltr'>παρατίθενται,</span> <span class='ocrx_word' id='word_1_61' title='bbox 3626 762 3712 815; x_wconf 82' lang='grc' dir='ltr'>καὶ</span> 
     </span>
    </p>
   </div>
   <div class='ocr_carea' id='block_1_10' title="bbox 464 847 2050 924">
    <p class='ocr_par' dir='ltr' id='par_1_10' title="bbox 464 847 2042 923">
     <span class='ocr_line' id='line_1_10' title="bbox 464 847 2042 923; baseline 0.004 -22"><span class='ocrx_word' id='word_1_62' title='bbox 464 847 937 917; x_wconf 82' lang='lat' dir='ltr'><strong>impositiouibus,</strong></span> <span class='ocrx_word' id='word_1_63' title='bbox 963 861 1075 905; x_wconf 87' lang='lat' dir='ltr'><strong>tam</strong></span> <span class='ocrx_word' id='word_1_64' title='bbox 1098 852 1153 905; x_wconf 92' lang='lat' dir='ltr'><strong>in</strong></span> <span class='ocrx_word' id='word_1_65' title='bbox 1186 866 1282 908; x_wconf 84' lang='lat' dir='ltr'><strong>eos</strong></span> <span class='ocrx_word' id='word_1_66' title='bbox 1319 854 1413 923; x_wconf 89' lang='lat' dir='ltr'><strong>qui</strong></span> <span class='ocrx_word' id='word_1_67' title='bbox 1437 855 1671 909; x_wconf 84' lang='lat' dir='ltr'><strong>ordinati</strong></span> <span class='ocrx_word' id='word_1_68' title='bbox 1701 863 1851 918; x_wconf 88' lang='lat' dir='ltr'><strong>sunt,</strong></span> <span class='ocrx_word' id='word_1_69' title='bbox 1878 869 2042 923; x_wconf 89' lang='lat' dir='ltr'><strong>quam</strong></span> 
     </span>
    </p>
   </div>
   <div class='ocr_carea' id='block_1_11' title="bbox 2155 847 3713 924">
    <p class='ocr_par' dir='ltr' id='par_1_11' title="bbox 2155 852 3713 924">
     <span class='ocr_line' id='line_1_11' title="bbox 2155 852 3713 924; baseline -0.001 -18"><span class='ocrx_word' id='word_1_70' title='bbox 2155 855 2205 906; x_wconf 81' lang='grc' dir='ltr'><strong>Ιιν</strong></span> <span class='ocrx_word' id='word_1_71' title='bbox 2242 855 2363 917; x_wconf 79' lang='grc' dir='ltr'>ταῖς</span> <span class='ocrx_word' id='word_1_72' title='bbox 2393 853 2676 906; x_wconf 79' lang='grc' dir='ltr'>ὲπιθέσεσι</span> <span class='ocrx_word' id='word_1_73' title='bbox 2724 854 2841 907; x_wconf 85' lang='grc' dir='ltr'>τῶν</span> <span class='ocrx_word' id='word_1_74' title='bbox 2879 853 3084 924; x_wconf 78' lang='grc' dir='ltr'>χειρῶν</span> <span class='ocrx_word' id='word_1_75' title='bbox 3125 853 3220 906; x_wconf 71' lang='grc' dir='ltr'>ἐπί</span> <span class='ocrx_word' id='word_1_76' title='bbox 3257 870 3317 906; x_wconf 88' lang='grc' dir='ltr'><strong>τε</strong></span> <span class='ocrx_word' id='word_1_77' title='bbox 3351 852 3462 907; x_wconf 81' lang='grc' dir='ltr'>τῶν</span> <span class='ocrx_word' id='word_1_78' title='bbox 3492 869 3713 924; x_wconf 88' lang='grc' dir='ltr'>χειροτο-</span> 
     </span>
    </p>
   </div>
   <div class='ocr_carea' id='block_1_12' title="bbox 397 939 2050 1017">
    <p class='ocr_par' dir='ltr' id='par_1_12' title="bbox 397 939 2046 1014">
     <span class='ocr_line' id='line_1_12' title="bbox 397 939 2046 1014; baseline 0.003 -22"><span class='ocrx_word' id='word_1_79' title='bbox 397 974 405 981; x_wconf 68' lang='grc' dir='ltr'><strong>ι</strong></span> <span class='ocrx_word' id='word_1_80' title='bbox 465 939 561 1009; x_wconf 87' lang='lat' dir='ltr'><strong>qui</strong></span> <span class='ocrx_word' id='word_1_81' title='bbox 594 940 972 1008; x_wconf 71' lang='lat' dir='ltr'><strong>paenitentiam</strong></span> <span class='ocrx_word' id='word_1_82' title='bbox 1016 955 1225 1011; x_wconf 75' lang='lat' dir='ltr'><strong>agunt:</strong></span> <span class='ocrx_word' id='word_1_83' title='bbox 1262 961 1414 1000; x_wconf 56' lang='lat' dir='ltr'><strong>nova</strong></span> <span class='ocrx_word' id='word_1_84' title='bbox 1463 954 1645 1000; x_wconf 88' lang='lat' dir='ltr'><strong>autem</strong></span> <span class='ocrx_word' id='word_1_85' title='bbox 1682 960 1894 1014; x_wconf 85' lang='lat' dir='ltr'><strong>preces,</strong></span> <span class='ocrx_word' id='word_1_86' title='bbox 1922 958 2046 1013; x_wconf 65' lang='lat' dir='ltr'><strong>quae</strong></span> 
     </span>
    </p>
   </div>
   <div class='ocr_carea' id='block_1_13' title="bbox 2155 939 3713 1017">
    <p class='ocr_par' dir='ltr' id='par_1_13' title="bbox 2155 944 3713 1017">
     <span class='ocr_line' id='line_1_13' title="bbox 2155 944 3713 1017; baseline -0.001 -19"><span class='ocrx_word' id='word_1_87' title='bbox 2155 946 2424 1015; x_wconf 81' lang='grc' dir='ltr'>νουμένων</span> <span class='ocrx_word' id='word_1_88' title='bbox 2468 946 2562 1000; x_wconf 68' lang='grc' dir='ltr'><strong>καὶ</strong></span> <span class='ocrx_word' id='word_1_89' title='bbox 2589 945 2701 997; x_wconf 81' lang='grc' dir='ltr'>τῶν</span> <span class='ocrx_word' id='word_1_90' title='bbox 2734 947 2793 998; x_wconf 79' lang='grc' dir='ltr'>ὲν</span> <span class='ocrx_word' id='word_1_91' title='bbox 2826 945 3090 1017; x_wconf 69' lang='grc' dir='ltr'>μετανοίᾳ</span> <span class='ocrx_word' id='word_1_92' title='bbox 3118 946 3430 1016; x_wconf 80' lang='grc' dir='ltr'><strong>γενομένων</strong></span> <span class='ocrx_word' id='word_1_93' title='bbox 3452 962 3466 978; x_wconf 79' lang='grc' dir='ltr'><strong>ο</strong></span> <span class='ocrx_word' id='word_1_94' title='bbox 3525 947 3622 1008; x_wconf 79' lang='grc' dir='ltr'>τὰς</span> <span class='ocrx_word' id='word_1_95' title='bbox 3661 944 3713 997; x_wconf 78' lang='grc' dir='ltr'>δὲ</span> 
     </span>
    </p>
   </div>
   <div class='ocr_carea' id='block_1_14' title="bbox 469 1026 2050 1110">
    <p class='ocr_par' dir='ltr' id='par_1_14' title="bbox 469 1026 2044 1100">
     <span class='ocr_line' id='line_1_14' title="bbox 469 1026 2044 1100; baseline 0.004 -17"><span class='ocrx_word' id='word_1_96' title='bbox 469 1029 538 1083; x_wconf 79' lang='lat' dir='ltr'><strong>ab</strong></span> <span class='ocrx_word' id='word_1_97' title='bbox 560 1026 836 1099; x_wconf 89' lang='lat' dir='ltr'><strong>aliquibus</strong></span> <span class='ocrx_word' id='word_1_98' title='bbox 860 1032 1308 1098; x_wconf 82' lang='lat' dir='ltr'><strong>introducuntur,</strong></span> <span class='ocrx_word' id='word_1_99' title='bbox 1326 1050 1443 1091; x_wconf 83' lang='lat' dir='ltr'><strong>non</strong></span> <span class='ocrx_word' id='word_1_100' title='bbox 1475 1035 1855 1090; x_wconf 89' lang='lat' dir='ltr'><strong>admittautur.</strong></span> <span class='ocrx_word' id='word_1_101' title='bbox 1879 1034 2044 1100; x_wconf 67' lang='lat' dir='ltr'><strong>Qua:-</strong></span> 
     </span>
    </p>
   </div>
   <div class='ocr_carea' id='block_1_15' title="bbox 2155 1026 3713 1110">
    <p class='ocr_par' dir='ltr' id='par_1_15' title="bbox 2155 1037 3713 1110">
     <span class='ocr_line' id='line_1_15' title="bbox 2155 1037 3713 1110; baseline -0.001 -20"><span class='ocrx_word' id='word_1_102' title='bbox 2155 1040 2282 1106; x_wconf 88' lang='grc' dir='ltr'>παρ’</span> <span class='ocrx_word' id='word_1_103' title='bbox 2333 1038 2492 1092; x_wconf 74' lang='grc' dir='ltr'>ἐνίων</span> <span class='ocrx_word' id='word_1_104' title='bbox 2558 1038 2924 1109; x_wconf 73' lang='grc' dir='ltr'>εἰσαγομένας</span> <span class='ocrx_word' id='word_1_105' title='bbox 2980 1037 3111 1101; x_wconf 87' lang='grc' dir='ltr'>νέας</span> <span class='ocrx_word' id='word_1_106' title='bbox 3184 1038 3353 1108; x_wconf 75' lang='grc' dir='ltr'>εὐχὰς</span> <span class='ocrx_word' id='word_1_107' title='bbox 3422 1038 3498 1110; x_wconf 77' lang='grc' dir='ltr'>μὴ</span> <span class='ocrx_word' id='word_1_108' title='bbox 3557 1053 3713 1107; x_wconf 88' lang='grc' dir='ltr'>προσ-</span> 
     </span>
    </p>
   </div>
   <div class='ocr_carea' id='block_1_16' title="bbox 465 1123 2043 1196">
    <p class='ocr_par' dir='ltr' id='par_1_16' title="bbox 465 1123 2043 1196">
     <span class='ocr_line' id='line_1_16' title="bbox 465 1123 2043 1196; baseline 0.003 -22"><span class='ocrx_word' id='word_1_109' title='bbox 465 1135 687 1191; x_wconf 90' lang='lat' dir='ltr'><strong>cunque</strong></span> <span class='ocrx_word' id='word_1_110' title='bbox 721 1123 868 1178; x_wconf 87' lang='lat' dir='ltr'><strong>enim</strong></span> <span class='ocrx_word' id='word_1_111' title='bbox 901 1123 1124 1180; x_wconf 85' lang='lat' dir='ltr'><strong>Patrum</strong></span> <span class='ocrx_word' id='word_1_112' title='bbox 1153 1126 1366 1195; x_wconf 84' lang='lat' dir='ltr'><strong>judicio</strong></span> <span class='ocrx_word' id='word_1_113' title='bbox 1391 1143 1499 1182; x_wconf 88' lang='lat' dir='ltr'><strong>non</strong></span> <span class='ocrx_word' id='word_1_114' title='bbox 1539 1135 1670 1182; x_wconf 90' lang='lat' dir='ltr'><strong>sunt</strong></span> <span class='ocrx_word' id='word_1_115' title='bbox 1716 1126 2043 1196; x_wconf 87' lang='lat' dir='ltr'><strong>approbata,</strong></span> 
     </span>
    </p>
   </div>
   <div class='ocr_carea' id='block_1_17' title="bbox 463 1211 2043 1288">
    <p class='ocr_par' dir='ltr' id='par_1_17' title="bbox 463 1211 2043 1288">
     <span class='ocr_line' id='line_1_17' title="bbox 463 1211 2043 1288; baseline 0.005 -24"><span class='ocrx_word' id='word_1_116' title='bbox 463 1211 695 1266; x_wconf 87' lang='lat' dir='ltr'><strong>dubium</strong></span> <span class='ocrx_word' id='word_1_117' title='bbox 754 1223 906 1268; x_wconf 89' lang='lat' dir='ltr'><strong>certe</strong></span> <span class='ocrx_word' id='word_1_118' title='bbox 977 1216 1224 1272; x_wconf 84' lang='lat' dir='ltr'><strong>habent:</strong></span> <span class='ocrx_word' id='word_1_119' title='bbox 1276 1217 1464 1288; x_wconf 86' lang='lat' dir='ltr'><strong>itaque</strong></span> <span class='ocrx_word' id='word_1_120' title='bbox 1524 1217 1879 1273; x_wconf 89' lang='lat' dir='ltr'><strong>metuendum</strong></span> <span class='ocrx_word' id='word_1_121' title='bbox 1939 1227 2043 1281; x_wconf 86' lang='lat' dir='ltr'><strong>est,</strong></span> 
     </span>
    </p>
   </div>
   <div class='ocr_carea' id='block_1_18' title="bbox 466 1306 2049 1377">
    <p class='ocr_par' dir='ltr' id='par_1_18' title="bbox 466 1306 2049 1377">
     <span class='ocr_line' id='line_1_18' title="bbox 466 1306 2049 1377; baseline 0.006 -23"><span class='ocrx_word' id='word_1_122' title='bbox 466 1318 554 1365; x_wconf 87' lang='lat' dir='ltr'><strong>ne,</strong></span> <span class='ocrx_word' id='word_1_123' title='bbox 593 1318 717 1372; x_wconf 77' lang='lat' dir='ltr'><strong>qua:</strong></span> <span class='ocrx_word' id='word_1_124' title='bbox 738 1306 806 1375; x_wconf 82' lang='lat' dir='ltr'><strong>ad</strong></span> <span class='ocrx_word' id='word_1_125' title='bbox 842 1317 1045 1362; x_wconf 86' lang='lat' dir='ltr'><strong>rectam</strong></span> <span class='ocrx_word' id='word_1_126' title='bbox 1083 1307 1242 1363; x_wconf 82' lang='lat' dir='ltr'><strong>ﬁdem</strong></span> <span class='ocrx_word' id='word_1_127' title='bbox 1284 1310 1472 1364; x_wconf 86' lang='lat' dir='ltr'><strong>minus</strong></span> <span class='ocrx_word' id='word_1_128' title='bbox 1506 1311 1843 1377; x_wconf 88' lang='lat' dir='ltr'><strong>conducunt,</strong></span> <span class='ocrx_word' id='word_1_129' title='bbox 1876 1308 2049 1363; x_wconf 81' lang='lat' dir='ltr'><strong>intro-</strong></span> 
     </span>
    </p>
   </div>
   <div class='ocr_carea' id='block_1_19' title="bbox 470 1394 712 1449">
    <p class='ocr_par' dir='ltr' id='par_1_19' title="bbox 470 1394 712 1449">
     <span class='ocr_line' id='line_1_19' title="bbox 470 1394 712 1449; baseline 0.008 -2"><span class='ocrx_word' id='word_1_130' title='bbox 470 1394 712 1449; x_wconf 84' lang='lat' dir='ltr'><strong>mittant.</strong></span> 
     </span>
    </p>
   </div>
   <div class='ocr_carea' id='block_1_20' title="bbox 538 1577 2045 1661">
    <p class='ocr_par' dir='ltr' id='par_1_20' title="bbox 538 1577 2045 1661">
     <span class='ocr_line' id='line_1_20' title="bbox 538 1577 2045 1661; baseline 0.004 -29"><span class='ocrx_word' id='word_1_131' title='bbox 538 1577 799 1661; x_wconf 86' lang='lat' dir='ltr'><strong>Decimus</strong></span> <span class='ocrx_word' id='word_1_132' title='bbox 832 1595 1010 1636; x_wconf 88' lang='lat' dir='ltr'><strong>nonus</strong></span> <span class='ocrx_word' id='word_1_133' title='bbox 1037 1596 1167 1636; x_wconf 87' lang='lat' dir='ltr'><strong>vero</strong></span> <span class='ocrx_word' id='word_1_134' title='bbox 1227 1584 1423 1655; x_wconf 81' lang='lat' dir='ltr'><strong>synodi</strong></span> <span class='ocrx_word' id='word_1_135' title='bbox 1454 1583 1780 1640; x_wconf 68' lang='lat' dir='ltr'><strong>Laodicena:</strong></span> <span class='ocrx_word' id='word_1_136' title='bbox 1818 1599 1995 1640; x_wconf 88' lang='lat' dir='ltr'><strong>canon</strong></span> <span class='ocrx_word' id='word_1_137' title='bbox 2030 1623 2045 1646; x_wconf 93' lang='lat'><strong>,</strong></span> 
     </span>
    </p>
   </div>
   <div class='ocr_carea' id='block_1_21' title="bbox 464 1666 2045 1746">
    <p class='ocr_par' dir='ltr' id='par_1_21' title="bbox 464 1666 2045 1746">
     <span class='ocr_line' id='line_1_21' title="bbox 464 1666 2045 1746; baseline 0.003 -22"><span class='ocrx_word' id='word_1_138' title='bbox 464 1666 1029 1740; x_wconf 84' lang='lat' dir='ltr'><strong>Catechumcnorum,</strong></span> <span class='ocrx_word' id='word_1_139' title='bbox 1081 1675 1279 1743; x_wconf 85' lang='lat' dir='ltr'><strong>inquit,</strong></span> <span class='ocrx_word' id='word_1_140' title='bbox 1336 1691 1551 1746; x_wconf 86' lang='lat' dir='ltr'><strong>preces,</strong></span> <span class='ocrx_word' id='word_1_141' title='bbox 1603 1686 1657 1731; x_wconf 89' lang='lat' dir='ltr'><strong>et</strong></span> <span class='ocrx_word' id='word_1_142' title='bbox 1708 1690 1899 1730; x_wconf 88' lang='lat' dir='ltr'><strong>eorum</strong></span> <span class='ocrx_word' id='word_1_143' title='bbox 1951 1677 2045 1745; x_wconf 92' lang='lat' dir='ltr'><strong>qui</strong></span> 
     </span>
    </p>
   </div>
   <div class='ocr_carea' id='block_1_22' title="bbox 468 1760 2046 1835">
    <p class='ocr_par' dir='ltr' id='par_1_22' title="bbox 468 1760 2046 1835">
     <span class='ocr_line' id='line_1_22' title="bbox 468 1760 2046 1835; baseline 0.004 -22"><span class='ocrx_word' id='word_1_144' title='bbox 468 1760 851 1829; x_wconf 68' lang='lat' dir='ltr'><strong>paenitentiam</strong></span> <span class='ocrx_word' id='word_1_145' title='bbox 881 1775 1052 1834; x_wconf 73' lang='lat' dir='ltr'><strong>agunt</strong></span> <span class='ocrx_word' id='word_1_146' title='bbox 1093 1766 1354 1835; x_wconf 89' lang='lat' dir='ltr'><strong>primum,</strong></span> <span class='ocrx_word' id='word_1_147' title='bbox 1395 1766 1596 1821; x_wconf 89' lang='lat' dir='ltr'><strong>deinde</strong></span> <span class='ocrx_word' id='word_1_148' title='bbox 1630 1766 1898 1828; x_wconf 85' lang='lat' dir='ltr'><strong>ﬁdelium,</strong></span> <span class='ocrx_word' id='word_1_149' title='bbox 1928 1764 2046 1819; x_wconf 81' lang='lat' dir='ltr'><strong>ﬁerl</strong></span> 
     </span>
    </p>
   </div>
   <div class='ocr_carea' id='block_1_23' title="bbox 466 1856 2048 1924">
    <p class='ocr_par' dir='ltr' id='par_1_23' title="bbox 466 1856 2048 1924">
     <span class='ocr_line' id='line_1_23' title="bbox 466 1856 2048 1924; baseline 0.003 -18"><span class='ocrx_word' id='word_1_150' title='bbox 466 1862 727 1920; x_wconf 79' lang='lat' dir='ltr'><strong>oportet;</strong></span> <span class='ocrx_word' id='word_1_151' title='bbox 784 1869 976 1924; x_wconf 86' lang='lat' dir='ltr'><strong>postea</strong></span> <span class='ocrx_word' id='word_1_152' title='bbox 1011 1858 1146 1913; x_wconf 84' lang='lat' dir='ltr'><strong>solis</strong></span> <span class='ocrx_word' id='word_1_153' title='bbox 1185 1859 1421 1913; x_wconf 86' lang='lat' dir='ltr'><strong>sacratis</strong></span> <span class='ocrx_word' id='word_1_154' title='bbox 1472 1858 1644 1913; x_wconf 89' lang='lat' dir='ltr'><strong>licere</strong></span> <span class='ocrx_word' id='word_1_155' title='bbox 1686 1858 1937 1913; x_wconf 81' lang='lat' dir='ltr'><strong>decernit</strong></span> <span class='ocrx_word' id='word_1_156' title='bbox 1980 1856 2048 1911; x_wconf 89' lang='lat' dir='ltr'><strong>ad</strong></span> 
     </span>
    </p>
   </div>
   <div class='ocr_carea' id='block_1_24' title="bbox 466 1943 2050 2015">
    <p class='ocr_par' dir='ltr' id='par_1_24' title="bbox 466 1943 2050 2015">
     <span class='ocr_line' id='line_1_24' title="bbox 466 1943 2050 2015; baseline 0.004 -18"><span class='ocrx_word' id='word_1_157' title='bbox 466 1943 640 2001; x_wconf 86' lang='lat' dir='ltr'><strong>altare</strong></span> <span class='ocrx_word' id='word_1_158' title='bbox 684 1947 951 2002; x_wconf 87' lang='lat' dir='ltr'><strong>accedere</strong></span> <span class='ocrx_word' id='word_1_159' title='bbox 981 1956 1036 2002; x_wconf 90' lang='lat' dir='ltr'><strong>et</strong></span> <span class='ocrx_word' id='word_1_160' title='bbox 1079 1950 1517 2005; x_wconf 79' lang='lat' dir='ltr'><strong>communicare.</strong></span> <span class='ocrx_word' id='word_1_161' title='bbox 1577 1948 1773 2015; x_wconf 67' lang='lat' dir='ltr'><strong>Quaere</strong></span> <span class='ocrx_word' id='word_1_162' title='bbox 1808 1957 1864 2003; x_wconf 90' lang='lat' dir='ltr'><strong>et</strong></span> <span class='ocrx_word' id='word_1_163' title='bbox 1904 1948 1962 2002; x_wconf 91' lang='lat' dir='ltr'><strong>in</strong></span> <span class='ocrx_word' id='word_1_164' title='bbox 2015 1947 2050 2004; x_wconf 85' lang='lat'><strong>9</strong></span> 
     </span>
    </p>
   </div>
   <div class='ocr_carea' id='block_1_25' title="bbox 468 2036 2050 2112">
    <p class='ocr_par' dir='ltr' id='par_1_25' title="bbox 468 2036 2050 2112">
     <span class='ocr_line' id='line_1_25' title="bbox 468 2036 2050 2112; baseline 0.002 -21"><span class='ocrx_word' id='word_1_165' title='bbox 468 2051 592 2105; x_wconf 88' lang='lat' dir='ltr'><strong>cap.</strong></span> <span class='ocrx_word' id='word_1_166' title='bbox 642 2036 836 2094; x_wconf 70' lang='lat' dir='ltr'><strong>litterae</strong></span> <span class='ocrx_word' id='word_1_167' title='bbox 890 2039 934 2093; x_wconf 86' lang='grc' dir='ltr'><strong>Β</strong></span> <span class='ocrx_word' id='word_1_168' title='bbox 979 2055 1221 2097; x_wconf 89' lang='lat' dir='ltr'><strong>canones</strong></span> <span class='ocrx_word' id='word_1_169' title='bbox 1259 2042 1293 2098; x_wconf 81' lang='lat'><strong>5</strong></span> <span class='ocrx_word' id='word_1_170' title='bbox 1326 2051 1379 2098; x_wconf 90' lang='lat' dir='ltr'><strong>et</strong></span> <span class='ocrx_word' id='word_1_171' title='bbox 1416 2043 1488 2096; x_wconf 71' lang='lat'><strong>20</strong></span> <span class='ocrx_word' id='word_1_172' title='bbox 1521 2040 1715 2112; x_wconf 82' lang='lat' dir='ltr'><strong>synodi</strong></span> <span class='ocrx_word' id='word_1_173' title='bbox 1766 2040 2050 2110; x_wconf 77' lang='lat' dir='ltr'><strong>Gangren-</strong></span> 
     </span>
    </p>
   </div>
   <div class='ocr_carea' id='block_1_26' title="bbox 468 2130 570 2187">
    <p class='ocr_par' dir='ltr' id='par_1_26' title="bbox 468 2130 570 2187">
     <span class='ocr_line' id='line_1_26' title="bbox 468 2130 570 2187; baseline 0.029 -3"><span class='ocrx_word' id='word_1_174' title='bbox 468 2130 570 2187; x_wconf 74' lang='lat' dir='ltr'><strong>sis.</strong></span> 
     </span>
    </p>
   </div>
   <div class='ocr_carea' id='block_1_27' title="bbox 538 2223 2053 2296">
    <p class='ocr_par' dir='ltr' id='par_1_27' title="bbox 538 2223 2053 2296">
     <span class='ocr_line' id='line_1_27' title="bbox 538 2223 2053 2296; baseline -0.001 -18"><span class='ocrx_word' id='word_1_175' title='bbox 538 2224 892 2279; x_wconf 78' lang='lat' dir='ltr'><strong>Celttesimus</strong></span> <span class='ocrx_word' id='word_1_176' title='bbox 910 2225 1166 2282; x_wconf 74' lang='lat' dir='ltr'><strong>&quot;decimus</strong></span> <span class='ocrx_word' id='word_1_177' title='bbox 1207 2235 1438 2294; x_wconf 85' lang='lat' dir='ltr'><strong>quartus</strong></span> <span class='ocrx_word' id='word_1_178' title='bbox 1466 2240 1631 2296; x_wconf 91' lang='lat' dir='ltr'><strong>porro</strong></span> <span class='ocrx_word' id='word_1_179' title='bbox 1653 2223 2053 2293; x_wconf 81' lang='lat' dir='ltr'><strong>Carthagincu—</strong></span> 
     </span>
    </p>
   </div>
   <div class='ocr_carea' id='block_1_28' title="bbox 470 2315 2051 2396">
    <p class='ocr_par' dir='ltr' id='par_1_28' title="bbox 470 2315 2051 2396">
     <span class='ocr_line' id='line_1_28' title="bbox 470 2315 2051 2396; baseline -0.001 -27"><span class='ocrx_word' id='word_1_180' title='bbox 470 2315 550 2369; x_wconf 79' lang='lat' dir='ltr'><strong>sis</strong></span> <span class='ocrx_word' id='word_1_181' title='bbox 601 2316 796 2385; x_wconf 83' lang='lat' dir='ltr'><strong>synodi</strong></span> <span class='ocrx_word' id='word_1_182' title='bbox 848 2315 1000 2370; x_wconf 90' lang='lat' dir='ltr'><strong>illum</strong></span> <span class='ocrx_word' id='word_1_183' title='bbox 1061 2319 1412 2396; x_wconf 81' lang='lat' dir='ltr'><strong>anathemate</strong></span> <span class='ocrx_word' id='word_1_184' title='bbox 1457 2319 1681 2387; x_wconf 69' lang='lat' dir='ltr'><strong>dignum</strong></span> <span class='ocrx_word' id='word_1_185' title='bbox 1715 2326 1922 2381; x_wconf 77' lang='lat' dir='ltr'><strong>censet,</strong></span> <span class='ocrx_word' id='word_1_186' title='bbox 1956 2315 2051 2385; x_wconf 90' lang='lat' dir='ltr'><strong>qui</strong></span> 
     </span>
    </p>
   </div>
   <div class='ocr_carea' id='block_1_29' title="bbox 470 2407 2053 2483">
    <p class='ocr_par' dir='ltr' id='par_1_29' title="bbox 470 2407 2053 2483">
     <span class='ocr_line' id='line_1_29' title="bbox 470 2407 2053 2483; baseline 0.002 -23"><span class='ocrx_word' id='word_1_187' title='bbox 470 2407 772 2473; x_wconf 79' lang='lat' dir='ltr'><strong>existimat,</strong></span> <span class='ocrx_word' id='word_1_188' title='bbox 803 2422 910 2462; x_wconf 87' lang='lat' dir='ltr'><strong>non</strong></span> <span class='ocrx_word' id='word_1_189' title='bbox 946 2425 1096 2473; x_wconf 85' lang='lat' dir='ltr'><strong>vere,</strong></span> <span class='ocrx_word' id='word_1_190' title='bbox 1133 2415 1226 2466; x_wconf 90' lang='lat' dir='ltr'><strong>sed</strong></span> <span class='ocrx_word' id='word_1_191' title='bbox 1257 2412 1582 2467; x_wconf 83' lang='lat' dir='ltr'><strong>humilitatis</strong></span> <span class='ocrx_word' id='word_1_192' title='bbox 1604 2412 1801 2483; x_wconf 77' lang='lat' dir='ltr'><strong>gratia,</strong></span> <span class='ocrx_word' id='word_1_193' title='bbox 1824 2425 1923 2465; x_wconf 89' lang='lat' dir='ltr'><strong>nos</strong></span> <span class='ocrx_word' id='word_1_194' title='bbox 1958 2409 2053 2463; x_wconf 90' lang='lat' dir='ltr'><strong>ad-</strong></span> 
     </span>
    </p>
   </div>
   <div class='ocr_carea' id='block_1_30' title="bbox 471 2500 2049 2572">
    <p class='ocr_par' dir='ltr' id='par_1_30' title="bbox 471 2500 2049 2572">
     <span class='ocr_line' id='line_1_30' title="bbox 471 2500 2049 2572; baseline 0.003 -21"><span class='ocrx_word' id='word_1_195' title='bbox 471 2500 787 2553; x_wconf 88' lang='lat' dir='ltr'><strong>hortantem</strong></span> <span class='ocrx_word' id='word_1_196' title='bbox 838 2512 1091 2556; x_wconf 86' lang='lat' dir='ltr'><strong>sanctum</strong></span> <span class='ocrx_word' id='word_1_197' title='bbox 1146 2503 1455 2572; x_wconf 85' lang='lat' dir='ltr'><strong>apostolum</strong></span> <span class='ocrx_word' id='word_1_198' title='bbox 1509 2500 1777 2558; x_wconf 76' lang='lat' dir='ltr'><strong>Joannem</strong></span> <span class='ocrx_word' id='word_1_199' title='bbox 1816 2501 2049 2566; x_wconf 80' lang='lat' dir='ltr'><strong>dixisse,</strong></span> 
     </span>
    </p>
   </div>
   <div class='ocr_carea' id='block_1_31' title="bbox 476 2590 2053 2665">
    <p class='ocr_par' dir='ltr' id='par_1_31' title="bbox 476 2590 2053 2665">
     <span class='ocr_line' id='line_1_31' title="bbox 476 2590 2053 2665; baseline 0.005 -24"><span class='ocrx_word' id='word_1_200' title='bbox 476 2608 497 2640; x_wconf 74' lang='grc' dir='ltr'><strong>σ</strong></span> <span class='ocrx_word' id='word_1_201' title='bbox 528 2590 585 2643; x_wconf 82' lang='lat' dir='ltr'><strong>Si</strong></span> <span class='ocrx_word' id='word_1_202' title='bbox 611 2590 940 2658; x_wconf 78' lang='lat' dir='ltr'><strong>dixerimus,</strong></span> <span class='ocrx_word' id='word_1_203' title='bbox 963 2594 1108 2662; x_wconf 92' lang='lat' dir='ltr'><strong>quod</strong></span> <span class='ocrx_word' id='word_1_204' title='bbox 1143 2604 1431 2664; x_wconf 85' lang='lat' dir='ltr'><strong>peccatum</strong></span> <span class='ocrx_word' id='word_1_205' title='bbox 1466 2610 1573 2665; x_wconf 88' lang='lat' dir='ltr'><strong>non</strong></span> <span class='ocrx_word' id='word_1_206' title='bbox 1609 2595 1900 2659; x_wconf 80' lang='lat' dir='ltr'><strong>habemus,</strong></span> <span class='ocrx_word' id='word_1_207' title='bbox 1925 2607 2053 2649; x_wconf 83' lang='lat' dir='ltr'><strong>nos-</strong></span> 
     </span>
    </p>
   </div>
   <div class='ocr_carea' id='block_1_32' title="bbox 472 2682 2043 2753">
    <p class='ocr_par' dir='ltr' id='par_1_32' title="bbox 472 2682 2043 2753">
     <span class='ocr_line' id='line_1_32' title="bbox 472 2682 2043 2753; baseline -0.001 -17"><span class='ocrx_word' id='word_1_208' title='bbox 472 2682 737 2752; x_wconf 83' lang='lat' dir='ltr'><strong>metipsos</strong></span> <span class='ocrx_word' id='word_1_209' title='bbox 775 2686 1116 2753; x_wconf 84' lang='lat' dir='ltr'><strong>seducimus,</strong></span> <span class='ocrx_word' id='word_1_210' title='bbox 1150 2702 1253 2742; x_wconf 88' lang='lat' dir='ltr'><strong>nec</strong></span> <span class='ocrx_word' id='word_1_211' title='bbox 1293 2689 1496 2743; x_wconf 83' lang='lat' dir='ltr'><strong>veritas</strong></span> <span class='ocrx_word' id='word_1_212' title='bbox 1543 2687 1597 2741; x_wconf 92' lang='lat' dir='ltr'><strong>in</strong></span> <span class='ocrx_word' id='word_1_213' title='bbox 1665 2687 1827 2741; x_wconf 86' lang='lat' dir='ltr'><strong>nobis</strong></span> <span class='ocrx_word' id='word_1_214' title='bbox 1874 2692 1977 2740; x_wconf 88' lang='lat' dir='ltr'><strong>est.</strong></span> <span class='ocrx_word' id='word_1_215' title='bbox 2018 2682 2043 2735; x_wconf 73' lang='grc' dir='ltr'>ἰ</span> 
     </span>
    </p>
   </div>
   <div class='ocr_carea' id='block_1_33' title="bbox 470 2773 2048 2849">
    <p class='ocr_par' dir='ltr' id='par_1_33' title="bbox 470 2773 2048 2849">
     <span class='ocr_line' id='line_1_33' title="bbox 470 2773 2048 2849; baseline 0.001 -21"><span class='ocrx_word' id='word_1_216' title='bbox 470 2773 607 2828; x_wconf 81' lang='lat' dir='ltr'><strong>Nam</strong></span> <span class='ocrx_word' id='word_1_217' title='bbox 635 2792 700 2829; x_wconf 80' lang='lat' dir='ltr'><strong>ex</strong></span> <span class='ocrx_word' id='word_1_218' title='bbox 732 2778 981 2845; x_wconf 74' lang='lat' dir='ltr'><strong>proxime</strong></span> <span class='ocrx_word' id='word_1_219' title='bbox 1015 2779 1375 2849; x_wconf 85' lang='lat' dir='ltr'><strong>sequentibus</strong></span> <span class='ocrx_word' id='word_1_220' title='bbox 1409 2779 1667 2849; x_wconf 74' lang='lat' dir='ltr'><strong>Epistulae</strong></span> <span class='ocrx_word' id='word_1_221' title='bbox 1698 2777 1883 2833; x_wconf 80' lang='lat' dir='ltr'><strong>verbis</strong></span> <span class='ocrx_word' id='word_1_222' title='bbox 1932 2792 2048 2831; x_wconf 87' lang='lat' dir='ltr'><strong>ma-</strong></span> 
     </span>
    </p>
   </div>
   <div class='ocr_carea' id='block_1_34' title="bbox 472 2864 2051 2946">
    <p class='ocr_par' dir='ltr' id='par_1_34' title="bbox 472 2864 2051 2946">
     <span class='ocr_line' id='line_1_34' title="bbox 472 2864 2051 2946; baseline 0 -26"><span class='ocrx_word' id='word_1_223' title='bbox 472 2864 672 2930; x_wconf 77' lang='lat' dir='ltr'><strong>nifeste</strong></span> <span class='ocrx_word' id='word_1_224' title='bbox 721 2871 1032 2924; x_wconf 83' lang='lat' dir='ltr'><strong>ostenditur</strong></span> <span class='ocrx_word' id='word_1_225' title='bbox 1087 2871 1324 2946; x_wconf 75' lang='lat' dir='ltr'><strong>apostoli</strong></span> <span class='ocrx_word' id='word_1_226' title='bbox 1361 2870 1659 2934; x_wconf 86' lang='lat' dir='ltr'><strong>sententia,</strong></span> <span class='ocrx_word' id='word_1_227' title='bbox 1691 2870 1787 2940; x_wconf 90' lang='lat' dir='ltr'><strong>qui</strong></span> <span class='ocrx_word' id='word_1_228' title='bbox 1819 2868 2051 2939; x_wconf 73' lang='lat' dir='ltr'><strong>subjun-</strong></span> 
     </span>
    </p>
   </div>
   <div class='ocr_carea' id='block_1_35' title="bbox 471 2960 2049 3043">
    <p class='ocr_par' dir='ltr' id='par_1_35' title="bbox 471 2960 2049 3043">
     <span class='ocr_line' id='line_1_35' title="bbox 471 2960 2049 3043; baseline 0.002 -32"><span class='ocrx_word' id='word_1_229' title='bbox 471 2960 583 3025; x_wconf 73' lang='lat' dir='ltr'><strong>git:</strong></span> <span class='ocrx_word' id='word_1_230' title='bbox 621 2979 640 3012; x_wconf 78' lang='grc' dir='ltr'>ι</span> <span class='ocrx_word' id='word_1_231' title='bbox 673 2960 770 3015; x_wconf 82' lang='lat' dir='ltr'><strong>Sin</strong></span> <span class='ocrx_word' id='word_1_232' title='bbox 804 2974 984 3017; x_wconf 83' lang='lat' dir='ltr'><strong>autem</strong></span> <span class='ocrx_word' id='word_1_233' title='bbox 1024 2973 1248 3043; x_wconf 84' lang='lat' dir='ltr'><strong>peccata</strong></span> <span class='ocrx_word' id='word_1_234' title='bbox 1275 2973 1465 3020; x_wconf 84' lang='lat' dir='ltr'><strong>nostra</strong></span> <span class='ocrx_word' id='word_1_235' title='bbox 1496 2963 1733 3019; x_wconf 79' lang='lat' dir='ltr'><strong>confessi</strong></span> <span class='ocrx_word' id='word_1_236' title='bbox 1757 2961 2049 3024; x_wconf 81' lang='lat' dir='ltr'><strong>fuerimus,</strong></span> 
     </span>
    </p>
   </div>
   <div class='ocr_carea' id='block_1_36' title="bbox 472 3050 2052 3126">
    <p class='ocr_par' dir='ltr' id='par_1_36' title="bbox 472 3050 2052 3126">
     <span class='ocr_line' id='line_1_36' title="bbox 472 3050 2052 3126; baseline 0.004 -25"><span class='ocrx_word' id='word_1_237' title='bbox 472 3050 656 3106; x_wconf 85' lang='lat' dir='ltr'><strong>tidelis</strong></span> <span class='ocrx_word' id='word_1_238' title='bbox 711 3060 796 3107; x_wconf 88' lang='lat' dir='ltr'><strong>est</strong></span> <span class='ocrx_word' id='word_1_239' title='bbox 848 3063 903 3107; x_wconf 90' lang='lat' dir='ltr'><strong>ct</strong></span> <span class='ocrx_word' id='word_1_240' title='bbox 948 3053 1152 3120; x_wconf 84' lang='lat' dir='ltr'><strong>justus,</strong></span> <span class='ocrx_word' id='word_1_241' title='bbox 1208 3056 1302 3126; x_wconf 89' lang='lat' dir='ltr'><strong>qui</strong></span> <span class='ocrx_word' id='word_1_242' title='bbox 1351 3056 1440 3110; x_wconf 88' lang='lat' dir='ltr'><strong>illa</strong></span> <span class='ocrx_word' id='word_1_243' title='bbox 1491 3056 1648 3112; x_wconf 90' lang='lat' dir='ltr'><strong>nobis</strong></span> <span class='ocrx_word' id='word_1_244' title='bbox 1691 3055 1955 3126; x_wconf 83' lang='lat' dir='ltr'><strong>remittet,</strong></span> <span class='ocrx_word' id='word_1_245' title='bbox 1991 3059 2052 3117; x_wconf 84' lang='lat' dir='ltr'><strong>et</strong></span> 
     </span>
    </p>
   </div>
   <div class='ocr_carea' id='block_1_37' title="bbox 472 3128 1955 3216">
    <p class='ocr_par' dir='ltr' id='par_1_37' title="bbox 472 3128 1955 3216">
     <span class='ocr_line' id='line_1_37' title="bbox 472 3128 1955 3216; baseline 0.003 -20"><span class='ocrx_word' id='word_1_246' title='bbox 472 3143 728 3212; x_wconf 77' lang='lat' dir='ltr'><strong>purgabit</strong></span> <span class='ocrx_word' id='word_1_247' title='bbox 759 3159 858 3199; x_wconf 91' lang='lat' dir='ltr'><strong>nos</strong></span> <span class='ocrx_word' id='word_1_248' title='bbox 890 3144 959 3198; x_wconf 84' lang='lat' dir='ltr'><strong>ab</strong></span> <span class='ocrx_word' id='word_1_249' title='bbox 997 3145 1150 3200; x_wconf 87' lang='lat' dir='ltr'><strong>omni</strong></span> <span class='ocrx_word' id='word_1_250' title='bbox 1185 3129 1509 3216; x_wconf 58' lang='lat' dir='ltr'><strong>injustitiaa</strong></span> <span class='ocrx_word' id='word_1_251' title='bbox 1946 3128 1955 3136; x_wconf 66' lang='grc'><em>’</em></span> 
     </span>
    </p>
   </div>
   <div class='ocr_carea' id='block_1_38' title="bbox 476 3217 2049 3309">
    <p class='ocr_par' dir='ltr' id='par_1_38' title="bbox 476 3217 2049 3309">
     <span class='ocr_line' id='line_1_38' title="bbox 476 3217 2049 3309; baseline 0.004 -24"><span class='ocrx_word' id='word_1_252' title='bbox 476 3217 484 3226; x_wconf 69' lang='grc'><em>’</em></span> <span class='ocrx_word' id='word_1_253' title='bbox 542 3229 891 3309; x_wconf 84' lang='lat' dir='ltr'><strong>Centesimus</strong></span> <span class='ocrx_word' id='word_1_254' title='bbox 922 3234 1169 3291; x_wconf 89' lang='lat' dir='ltr'><strong>decimus</strong></span> <span class='ocrx_word' id='word_1_255' title='bbox 1215 3236 1442 3305; x_wconf 88' lang='lat' dir='ltr'><strong>quintus</strong></span> <span class='ocrx_word' id='word_1_256' title='bbox 1482 3252 1611 3293; x_wconf 83' lang='lat' dir='ltr'><strong>vero</strong></span> <span class='ocrx_word' id='word_1_257' title='bbox 1659 3248 1713 3293; x_wconf 88' lang='lat' dir='ltr'><strong>et</strong></span> <span class='ocrx_word' id='word_1_258' title='bbox 1746 3236 1848 3292; x_wconf 86' lang='lat' dir='ltr'><strong>ll6</strong></span> <span class='ocrx_word' id='word_1_259' title='bbox 1898 3237 2049 3291; x_wconf 86' lang='lat' dir='ltr'><strong>illum</strong></span> 
     </span>
    </p>
   </div>
   <div class='ocr_carea' id='block_1_39' title="bbox 469 3323 2052 3394">
    <p class='ocr_par' dir='ltr' id='par_1_39' title="bbox 469 3323 2052 3394">
     <span class='ocr_line' id='line_1_39' title="bbox 469 3323 2052 3394; baseline 0.001 -13"><span class='ocrx_word' id='word_1_260' title='bbox 469 3323 713 3391; x_wconf 75' lang='lat' dir='ltr'><strong>quidem,</strong></span> <span class='ocrx_word' id='word_1_261' title='bbox 759 3326 851 3394; x_wconf 88' lang='lat' dir='ltr'><strong>qui</strong></span> <span class='ocrx_word' id='word_1_262' title='bbox 902 3326 1185 3381; x_wconf 79' lang='lat' dir='ltr'><strong>existimat</strong></span> <span class='ocrx_word' id='word_1_263' title='bbox 1226 3338 1448 3384; x_wconf 89' lang='lat' dir='ltr'><strong>sanctos</strong></span> <span class='ocrx_word' id='word_1_264' title='bbox 1479 3329 1712 3385; x_wconf 81' lang='lat' dir='ltr'><strong>dicere:</strong></span> <span class='ocrx_word' id='word_1_265' title='bbox 1764 3350 1781 3381; x_wconf 80' lang='grc' dir='ltr'>ι</span> <span class='ocrx_word' id='word_1_266' title='bbox 1830 3329 2052 3384; x_wconf 87' lang='lat' dir='ltr'><strong>Dimitte</strong></span> 
     </span>
    </p>
   </div>
   <div class='ocr_carea' id='block_1_40' title="bbox 474 3415 2047 3491">
    <p class='ocr_par' dir='ltr' id='par_1_40' title="bbox 474 3415 2047 3491">
     <span class='ocr_line' id='line_1_40' title="bbox 474 3415 2047 3491; baseline 0.003 -23"><span class='ocrx_word' id='word_1_267' title='bbox 474 3415 635 3469; x_wconf 85' lang='lat' dir='ltr'><strong>nobis</strong></span> <span class='ocrx_word' id='word_1_268' title='bbox 683 3415 863 3471; x_wconf 81' lang='lat' dir='ltr'><strong>debita</strong></span> <span class='ocrx_word' id='word_1_269' title='bbox 903 3427 1114 3483; x_wconf 91' lang='lat' dir='ltr'><strong>nostra,</strong></span> <span class='ocrx_word' id='word_1_270' title='bbox 1165 3438 1182 3470; x_wconf 74' lang='grc' dir='ltr'>ι</span> <span class='ocrx_word' id='word_1_271' title='bbox 1218 3430 1274 3474; x_wconf 87' lang='lat' dir='ltr'><strong>at</strong></span> <span class='ocrx_word' id='word_1_272' title='bbox 1306 3421 1519 3491; x_wconf 89' lang='lat' dir='ltr'><strong>seipsos</strong></span> <span class='ocrx_word' id='word_1_273' title='bbox 1555 3421 1754 3477; x_wconf 82' lang='lat' dir='ltr'><strong>debitis</strong></span> <span class='ocrx_word' id='word_1_274' title='bbox 1781 3422 2047 3484; x_wconf 71' lang='lat' dir='ltr'><strong>eximere,</strong></span> 
     </span>
    </p>
   </div>
   <div class='ocr_carea' id='block_1_41' title="bbox 472 3506 2048 3579">
    <p class='ocr_par' dir='ltr' id='par_1_41' title="bbox 472 3506 2048 3579">
     <span class='ocr_line' id='line_1_41' title="bbox 472 3506 2048 3579; baseline 0.001 -16"><span class='ocrx_word' id='word_1_275' title='bbox 472 3520 574 3563; x_wconf 81' lang='lat' dir='ltr'><strong>nec</strong></span> <span class='ocrx_word' id='word_1_276' title='bbox 608 3506 719 3563; x_wconf 88' lang='lat' dir='ltr'><strong>illis</strong></span> <span class='ocrx_word' id='word_1_277' title='bbox 746 3510 894 3562; x_wconf 88' lang='lat' dir='ltr'><strong>enim</strong></span> <span class='ocrx_word' id='word_1_278' title='bbox 940 3512 1168 3564; x_wconf 82' lang='lat' dir='ltr'><strong>omnino</strong></span> <span class='ocrx_word' id='word_1_279' title='bbox 1199 3514 1569 3567; x_wconf 85' lang='lat' dir='ltr'><strong>necessariam</strong></span> <span class='ocrx_word' id='word_1_280' title='bbox 1596 3527 1720 3567; x_wconf 83' lang='lat' dir='ltr'><strong>esse</strong></span> <span class='ocrx_word' id='word_1_281' title='bbox 1755 3512 1919 3566; x_wconf 84' lang='lat' dir='ltr'><strong>talem</strong></span> <span class='ocrx_word' id='word_1_282' title='bbox 1951 3526 2048 3579; x_wconf 83' lang='lat' dir='ltr'><strong>pe-</strong></span> 
     </span>
    </p>
   </div>
   <div class='ocr_carea' id='block_1_42' title="bbox 472 3600 2048 3678">
    <p class='ocr_par' dir='ltr' id='par_1_42' title="bbox 472 3600 2048 3678">
     <span class='ocr_line' id='line_1_42' title="bbox 472 3600 2048 3678; baseline 0.003 -26"><span class='ocrx_word' id='word_1_283' title='bbox 472 3600 745 3665; x_wconf 81' lang='lat' dir='ltr'><strong>titionem,</strong></span> <span class='ocrx_word' id='word_1_284' title='bbox 771 3604 866 3677; x_wconf 84' lang='lat' dir='ltr'><strong>sed</strong></span> <span class='ocrx_word' id='word_1_285' title='bbox 891 3601 1016 3656; x_wconf 83' lang='lat' dir='ltr'><strong>aliis</strong></span> <span class='ocrx_word' id='word_1_286' title='bbox 1039 3603 1133 3671; x_wconf 79' lang='lat' dir='ltr'><strong>qui</strong></span> <span class='ocrx_word' id='word_1_287' title='bbox 1164 3616 1293 3658; x_wconf 89' lang='lat' dir='ltr'><strong>sunt</strong></span> <span class='ocrx_word' id='word_1_288' title='bbox 1324 3605 1377 3659; x_wconf 89' lang='lat' dir='ltr'><strong>in</strong></span> <span class='ocrx_word' id='word_1_289' title='bbox 1408 3606 1610 3678; x_wconf 89' lang='lat' dir='ltr'><strong>populo</strong></span> <span class='ocrx_word' id='word_1_290' title='bbox 1639 3604 2048 3675; x_wconf 78' lang='lat' dir='ltr'><strong>peccatoribus,</strong></span> 
     </span>
    </p>
   </div>
   <div class='ocr_carea' id='block_1_43' title="bbox 473 3693 2053 3767">
    <p class='ocr_par' dir='ltr' id='par_1_43' title="bbox 473 3693 2053 3767">
     <span class='ocr_line' id='line_1_43' title="bbox 473 3693 2053 3767; baseline 0.003 -20"><span class='ocrx_word' id='word_1_291' title='bbox 473 3693 824 3747; x_wconf 84' lang='lat' dir='ltr'><strong>anathemate</strong></span> <span class='ocrx_word' id='word_1_292' title='bbox 884 3703 1314 3764; x_wconf 79' lang='lat' dir='ltr'><strong>prosequuntur.</strong></span> <span class='ocrx_word' id='word_1_293' title='bbox 1358 3696 1515 3762; x_wconf 84' lang='lat' dir='ltr'><strong>Quod</strong></span> <span class='ocrx_word' id='word_1_294' title='bbox 1542 3698 1689 3751; x_wconf 90' lang='lat' dir='ltr'><strong>enim</strong></span> <span class='ocrx_word' id='word_1_295' title='bbox 1724 3713 1823 3752; x_wconf 89' lang='lat' dir='ltr'><strong>nec</strong></span> <span class='ocrx_word' id='word_1_296' title='bbox 1855 3711 2053 3767; x_wconf 86' lang='lat' dir='ltr'><strong>preca-</strong></span> 
     </span>
    </p>
   </div>
   <div class='ocr_carea' id='block_1_44' title="bbox 475 3784 2050 3859">
    <p class='ocr_par' dir='ltr' id='par_1_44' title="bbox 475 3784 2050 3859">
     <span class='ocr_line' id='line_1_44' title="bbox 475 3784 2050 3859; baseline 0.003 -20"><span class='ocrx_word' id='word_1_297' title='bbox 475 3784 646 3850; x_wconf 82' lang='lat' dir='ltr'><strong>tionis</strong></span> <span class='ocrx_word' id='word_1_298' title='bbox 670 3795 986 3857; x_wconf 75' lang='lat' dir='ltr'><strong>ptartextns,</strong></span> <span class='ocrx_word' id='word_1_299' title='bbox 1008 3800 1107 3855; x_wconf 86' lang='lat' dir='ltr'><strong>uec</strong></span> <span class='ocrx_word' id='word_1_300' title='bbox 1125 3788 1451 3857; x_wconf 74' lang='lat' dir='ltr'><strong>humilitatis</strong></span> <span class='ocrx_word' id='word_1_301' title='bbox 1477 3788 1785 3859; x_wconf 87' lang='lat' dir='ltr'><strong>hypocrisis</strong></span> <span class='ocrx_word' id='word_1_302' title='bbox 1809 3802 2050 3859; x_wconf 88' lang='lat' dir='ltr'><strong>unquam</strong></span> 
     </span>
    </p>
   </div>
   <div class='ocr_carea' id='block_1_45' title="bbox 471 3868 2051 3964">
    <p class='ocr_par' dir='ltr' id='par_1_45' title="bbox 471 3868 2051 3964">
     <span class='ocr_line' id='line_1_45' title="bbox 471 3868 2051 3964; baseline 0 -31"><span class='ocrx_word' id='word_1_303' title='bbox 471 3868 684 3933; x_wconf 83' lang='lat' dir='ltr'><strong>sanctis</strong></span> <span class='ocrx_word' id='word_1_304' title='bbox 715 3877 916 3944; x_wconf 88' lang='lat' dir='ltr'><strong>inerat,</strong></span> <span class='ocrx_word' id='word_1_305' title='bbox 945 3882 1042 3947; x_wconf 83' lang='lat' dir='ltr'><strong>sed</strong></span> <span class='ocrx_word' id='word_1_306' title='bbox 1104 3896 1232 3964; x_wconf 54' lang='lat' dir='ltr'><strong>vera</strong></span> <span class='ocrx_word' id='word_1_307' title='bbox 1270 3880 1454 3945; x_wconf 82' lang='lat' dir='ltr'><strong>cordis</strong></span> <span class='ocrx_word' id='word_1_308' title='bbox 1487 3879 1771 3945; x_wconf 81' lang='lat' dir='ltr'><strong>contritio,</strong></span> <span class='ocrx_word' id='word_1_309' title='bbox 1805 3879 2051 3941; x_wconf 85' lang='lat' dir='ltr'><strong>ostendit</strong></span> 
     </span>
    </p>
   </div>
   <div class='ocr_carea' id='block_1_46' title="bbox 471 3970 2049 4044">
    <p class='ocr_par' dir='ltr' id='par_1_46' title="bbox 471 3970 2049 4044">
     <span class='ocr_line' id='line_1_46' title="bbox 471 3970 2049 4044; baseline 0 -19"><span class='ocrx_word' id='word_1_310' title='bbox 471 3984 699 4039; x_wconf 78' lang='lat' dir='ltr'><strong>magnus</strong></span> <span class='ocrx_word' id='word_1_311' title='bbox 737 3970 1005 4041; x_wconf 85' lang='lat' dir='ltr'><strong>Jacobus,</strong></span> <span class='ocrx_word' id='word_1_312' title='bbox 1058 3973 1153 4044; x_wconf 92' lang='lat' dir='ltr'><strong>qui</strong></span> <span class='ocrx_word' id='word_1_313' title='bbox 1188 3973 1291 4030; x_wconf 89' lang='lat' dir='ltr'><strong>hoc</strong></span> <span class='ocrx_word' id='word_1_314' title='bbox 1340 3972 1502 4037; x_wconf 88' lang='lat' dir='ltr'><strong>modo</strong></span> <span class='ocrx_word' id='word_1_315' title='bbox 1555 3973 1851 4044; x_wconf 84' lang='lat' dir='ltr'><strong>aliquando</strong></span> <span class='ocrx_word' id='word_1_316' title='bbox 1875 3972 2049 4026; x_wconf 89' lang='lat' dir='ltr'><strong>dicit:</strong></span> 
     </span>
    </p>
   </div>
   <div class='ocr_carea' id='block_1_47' title="bbox 476 4061 2054 4134">
    <p class='ocr_par' dir='ltr' id='par_1_47' title="bbox 476 4061 2054 4134">
     <span class='ocr_line' id='line_1_47' title="bbox 476 4061 2054 4134; baseline 0.001 -19"><span class='ocrx_word' id='word_1_317' title='bbox 476 4066 506 4115; x_wconf 71' lang='grc' dir='ltr'><strong>ἐ</strong></span> <span class='ocrx_word' id='word_1_318' title='bbox 551 4061 607 4118; x_wconf 89' lang='lat' dir='ltr'><strong>In</strong></span> <span class='ocrx_word' id='word_1_319' title='bbox 649 4066 835 4121; x_wconf 90' lang='lat' dir='ltr'><strong>multis</strong></span> <span class='ocrx_word' id='word_1_320' title='bbox 884 4066 1214 4127; x_wconf 79' lang='lat' dir='ltr'><strong>oll&#39;endimus</strong></span> <span class='ocrx_word' id='word_1_321' title='bbox 1244 4082 1479 4134; x_wconf 82' lang='lat' dir='ltr'><strong>omnes;</strong></span> <span class='ocrx_word' id='word_1_322' title='bbox 1526 4087 1543 4119; x_wconf 81' lang='grc' dir='ltr'><strong><em>ο</em></strong></span> <span class='ocrx_word' id='word_1_323' title='bbox 1578 4076 1634 4121; x_wconf 85' lang='lat' dir='ltr'><strong>et</strong></span> <span class='ocrx_word' id='word_1_324' title='bbox 1664 4065 1869 4120; x_wconf 80' lang='lat' dir='ltr'><strong>David:</strong></span> <span class='ocrx_word' id='word_1_325' title='bbox 1910 4082 1929 4116; x_wconf 77' lang='grc' dir='ltr'>ι</span> <span class='ocrx_word' id='word_1_326' title='bbox 1976 4062 2054 4128; x_wconf 77' lang='lat' dir='ltr'><strong>Ne</strong></span> 
     </span>
    </p>
   </div>
   <div class='ocr_carea' id='block_1_48' title="bbox 478 4154 2055 4226">
    <p class='ocr_par' dir='ltr' id='par_1_48' title="bbox 478 4154 2055 4226">
     <span class='ocr_line' id='line_1_48' title="bbox 478 4154 2055 4226; baseline 0.001 -20"><span class='ocrx_word' id='word_1_327' title='bbox 478 4154 720 4223; x_wconf 81' lang='lat' dir='ltr'><strong>introeas</strong></span> <span class='ocrx_word' id='word_1_328' title='bbox 760 4156 812 4223; x_wconf 85' lang='lat' dir='ltr'><strong>in</strong></span> <span class='ocrx_word' id='word_1_329' title='bbox 842 4156 1116 4226; x_wconf 84' lang='lat' dir='ltr'><strong>judicium</strong></span> <span class='ocrx_word' id='word_1_330' title='bbox 1159 4172 1286 4213; x_wconf 90' lang='lat' dir='ltr'><strong>cum</strong></span> <span class='ocrx_word' id='word_1_331' title='bbox 1321 4172 1483 4215; x_wconf 80' lang='lat' dir='ltr'><strong>servo</strong></span> <span class='ocrx_word' id='word_1_332' title='bbox 1516 4164 1633 4220; x_wconf 90' lang='lat' dir='ltr'><strong>tuo,</strong></span> <span class='ocrx_word' id='word_1_333' title='bbox 1667 4156 1796 4225; x_wconf 89' lang='lat' dir='ltr'><strong>quia</strong></span> <span class='ocrx_word' id='word_1_334' title='bbox 1833 4170 1941 4215; x_wconf 88' lang='lat' dir='ltr'><strong>non</strong></span> <span class='ocrx_word' id='word_1_335' title='bbox 1964 4155 2055 4224; x_wconf 81' lang='lat' dir='ltr'><strong>ju-</strong></span> 
     </span>
    </p>
   </div>
   <div class='ocr_carea' id='block_1_49' title="bbox 474 4246 2051 4318">
    <p class='ocr_par' dir='ltr' id='par_1_49' title="bbox 474 4246 2051 4318">
     <span class='ocr_line' id='line_1_49' title="bbox 474 4246 2051 4318; baseline -0.001 -17"><span class='ocrx_word' id='word_1_336' title='bbox 474 4247 803 4315; x_wconf 74' lang='lat' dir='ltr'><strong>Stilicabitur</strong></span> <span class='ocrx_word' id='word_1_337' title='bbox 832 4249 885 4301; x_wconf 88' lang='lat' dir='ltr'><strong>in</strong></span> <span class='ocrx_word' id='word_1_338' title='bbox 919 4257 1220 4318; x_wconf 83' lang='lat' dir='ltr'><strong>conspectu</strong></span> <span class='ocrx_word' id='word_1_339' title='bbox 1268 4256 1361 4304; x_wconf 91' lang='lat' dir='ltr'><strong>tuo</strong></span> <span class='ocrx_word' id='word_1_340' title='bbox 1388 4249 1568 4308; x_wconf 87' lang='lat' dir='ltr'><strong>omnis</strong></span> <span class='ocrx_word' id='word_1_341' title='bbox 1605 4248 1830 4313; x_wconf 87' lang='lat' dir='ltr'><strong>vivens;</strong></span> <span class='ocrx_word' id='word_1_342' title='bbox 1864 4266 1881 4297; x_wconf 72' lang='grc' dir='ltr'><strong>ι</strong></span> <span class='ocrx_word' id='word_1_343' title='bbox 1916 4256 1971 4300; x_wconf 91' lang='lat' dir='ltr'><strong>et</strong></span> <span class='ocrx_word' id='word_1_344' title='bbox 1996 4246 2051 4300; x_wconf 88' lang='lat' dir='ltr'><strong>in</strong></span> 
     </span>
    </p>
   </div>
   <div class='ocr_carea' id='block_1_50' title="bbox 473 4338 2052 4410">
    <p class='ocr_par' dir='ltr' id='par_1_50' title="bbox 473 4338 2052 4410">
     <span class='ocr_line' id='line_1_50' title="bbox 473 4338 2052 4410; baseline 0.001 -18"><span class='ocrx_word' id='word_1_345' title='bbox 473 4339 721 4393; x_wconf 88' lang='lat' dir='ltr'><strong>oratione</strong></span> <span class='ocrx_word' id='word_1_346' title='bbox 756 4339 1054 4394; x_wconf 73' lang='lat' dir='ltr'><strong>Salomon:</strong></span> <span class='ocrx_word' id='word_1_347' title='bbox 1110 4357 1129 4392; x_wconf 78' lang='grc' dir='ltr'>ι</span> <span class='ocrx_word' id='word_1_348' title='bbox 1170 4338 1290 4394; x_wconf 84' lang='lat' dir='ltr'><strong>Non</strong></span> <span class='ocrx_word' id='word_1_349' title='bbox 1322 4350 1407 4396; x_wconf 89' lang='lat' dir='ltr'><strong>est</strong></span> <span class='ocrx_word' id='word_1_350' title='bbox 1437 4341 1621 4402; x_wconf 91' lang='lat' dir='ltr'><strong>homo,</strong></span> <span class='ocrx_word' id='word_1_351' title='bbox 1655 4341 1746 4410; x_wconf 87' lang='lat' dir='ltr'><strong>qui</strong></span> <span class='ocrx_word' id='word_1_352' title='bbox 1781 4355 1887 4403; x_wconf 83' lang='lat' dir='ltr'><strong>non</strong></span> <span class='ocrx_word' id='word_1_353' title='bbox 1928 4354 2052 4408; x_wconf 82' lang='lat' dir='ltr'><strong>pec-</strong></span> 
     </span>
    </p>
   </div>
   <div class='ocr_carea' id='block_1_51' title="bbox 474 4428 2055 4497">
    <p class='ocr_par' dir='ltr' id='par_1_51' title="bbox 474 4428 2055 4497">
     <span class='ocr_line' id='line_1_51' title="bbox 474 4428 2055 4497; baseline -0.001 -13"><span class='ocrx_word' id='word_1_354' title='bbox 474 4431 681 4485; x_wconf 77' lang='lat' dir='ltr'><strong>caverit</strong></span> <span class='ocrx_word' id='word_1_355' title='bbox 709 4472 723 4496; x_wconf 95' lang='lat'><strong>,</strong></span> <span class='ocrx_word' id='word_1_356' title='bbox 761 4450 780 4483; x_wconf 71' lang='grc' dir='ltr'>ι</span> <span class='ocrx_word' id='word_1_357' title='bbox 821 4442 875 4485; x_wconf 92' lang='lat' dir='ltr'><strong>et</strong></span> <span class='ocrx_word' id='word_1_358' title='bbox 922 4431 1046 4497; x_wconf 81' lang='lat' dir='ltr'><strong>Joh,</strong></span> <span class='ocrx_word' id='word_1_359' title='bbox 1083 4450 1102 4482; x_wconf 75' lang='grc' dir='ltr'>ι</span> <span class='ocrx_word' id='word_1_360' title='bbox 1147 4430 1219 4486; x_wconf 88' lang='lat' dir='ltr'><strong>Ut</strong></span> <span class='ocrx_word' id='word_1_361' title='bbox 1248 4432 1427 4487; x_wconf 84' lang='lat' dir='ltr'><strong>omnis</strong></span> <span class='ocrx_word' id='word_1_362' title='bbox 1468 4432 1631 4487; x_wconf 86' lang='lat' dir='ltr'><strong>homo</strong></span> <span class='ocrx_word' id='word_1_363' title='bbox 1688 4431 1827 4485; x_wconf 89' lang='lat' dir='ltr'><strong>sciat</strong></span> <span class='ocrx_word' id='word_1_364' title='bbox 1882 4428 2055 4483; x_wconf 88' lang='lat' dir='ltr'><strong>imbe-</strong></span> 
     </span>
    </p>
   </div>
   <div class='ocr_carea' id='block_1_52' title="bbox 472 4505 2050 4591">
    <p class='ocr_par' dir='ltr' id='par_1_52' title="bbox 472 4522 2050 4591">
     <span class='ocr_line' id='line_1_52' title="bbox 472 4522 2050 4591; baseline -0.003 -11"><span class='ocrx_word' id='word_1_365' title='bbox 472 4522 756 4581; x_wconf 85' lang='lat' dir='ltr'><strong>cillitatem</strong></span> <span class='ocrx_word' id='word_1_366' title='bbox 781 4539 938 4579; x_wconf 87' lang='lat' dir='ltr'><strong>suam</strong></span> <span class='ocrx_word' id='word_1_367' title='bbox 967 4543 982 4590; x_wconf 87' lang='lat'><strong>;</strong></span> <span class='ocrx_word' id='word_1_368' title='bbox 1017 4543 1036 4576; x_wconf 71' lang='grc' dir='ltr'>ι</span> <span class='ocrx_word' id='word_1_369' title='bbox 1063 4534 1119 4579; x_wconf 86' lang='lat' dir='ltr'><strong>et</strong></span> <span class='ocrx_word' id='word_1_370' title='bbox 1152 4524 1360 4588; x_wconf 87' lang='lat' dir='ltr'><strong>Daniel,</strong></span> <span class='ocrx_word' id='word_1_371' title='bbox 1395 4544 1413 4587; x_wconf 79' lang='grc' dir='ltr'>ι</span> <span class='ocrx_word' id='word_1_372' title='bbox 1456 4524 1836 4591; x_wconf 82' lang='lat' dir='ltr'><strong>Peccavimus,</strong></span> <span class='ocrx_word' id='word_1_373' title='bbox 1866 4522 2050 4590; x_wconf 89' lang='lat' dir='ltr'><strong>inique</strong></span> 
     </span>
    </p>
   </div>
   <div class='ocr_carea' id='block_1_53' title="bbox 2155 4505 3439 4591">
    <p class='ocr_par' dir='ltr' id='par_1_53' title="bbox 2169 4511 3439 4584">
     <span class='ocr_line' id='line_1_53' title="bbox 2169 4511 3439 4584; baseline 0.034 -20"><span class='ocrx_word' id='word_1_374' title='bbox 2169 4513 2550 4584; x_wconf 78' lang='grc' dir='ltr'>Ἦμάρτομεν.</span> <span class='ocrx_word' id='word_1_375' title='bbox 2586 4511 2968 4584; x_wconf 73' lang='grc' dir='ltr'>ἡνομὴσαμενν</span> <span class='ocrx_word' id='word_1_376' title='bbox 3010 4515 3107 4583; x_wconf 56' lang='grc' dir='ltr'><strong>κᾳὶ</strong></span> <span class='ocrx_word' id='word_1_377' title='bbox 3142 4511 3215 4566; x_wconf 68' lang='grc' dir='ltr'><strong>τὰ</strong></span> <span class='ocrx_word' id='word_1_378' title='bbox 3271 4512 3439 4579; x_wconf 46' lang='grc' dir='ltr'><strong>ἐξῆν</strong></span> 
     </span>
    </p>
   </div>
   <div class='ocr_carea' id='block_1_54' title="bbox 473 4612 2055 4685">
    <p class='ocr_par' dir='ltr' id='par_1_54' title="bbox 473 4612 2055 4685">
     <span class='ocr_line' id='line_1_54' title="bbox 473 4612 2055 4685; baseline -0.003 -14"><span class='ocrx_word' id='word_1_379' title='bbox 473 4616 709 4685; x_wconf 81' lang='lat' dir='ltr'><strong>egimus,</strong></span> <span class='ocrx_word' id='word_1_380' title='bbox 742 4634 761 4666; x_wconf 73' lang='grc' dir='ltr'><strong>ι</strong></span> <span class='ocrx_word' id='word_1_381' title='bbox 801 4624 856 4673; x_wconf 86' lang='lat' dir='ltr'><strong>et</strong></span> <span class='ocrx_word' id='word_1_382' title='bbox 887 4624 1106 4671; x_wconf 56' lang='lat' dir='ltr'><strong>caetera.</strong></span> <span class='ocrx_word' id='word_1_383' title='bbox 1167 4616 1304 4682; x_wconf 85' lang='lat' dir='ltr'><strong>Quis</strong></span> <span class='ocrx_word' id='word_1_384' title='bbox 1329 4617 1473 4670; x_wconf 90' lang='lat' dir='ltr'><strong>enim</strong></span> <span class='ocrx_word' id='word_1_385' title='bbox 1504 4630 1696 4670; x_wconf 81' lang='lat' dir='ltr'><strong>eorum</strong></span> <span class='ocrx_word' id='word_1_386' title='bbox 1746 4612 2055 4668; x_wconf 87' lang='lat' dir='ltr'><strong>simulatio-</strong></span> 
     </span>
    </p>
   </div>
   <div class='ocr_carea' id='block_1_55' title="bbox 473 4704 2052 4781">
    <p class='ocr_par' dir='ltr' id='par_1_55' title="bbox 473 4704 2052 4781">
     <span class='ocr_line' id='line_1_55' title="bbox 473 4704 2052 4781; baseline -0.003 -19"><span class='ocrx_word' id='word_1_387' title='bbox 473 4724 600 4763; x_wconf 85' lang='lat' dir='ltr'><strong>nem</strong></span> <span class='ocrx_word' id='word_1_388' title='bbox 639 4710 801 4775; x_wconf 81' lang='lat' dir='ltr'><strong>ferat,</strong></span> <span class='ocrx_word' id='word_1_389' title='bbox 836 4712 928 4779; x_wconf 90' lang='lat' dir='ltr'><strong>qui</strong></span> <span class='ocrx_word' id='word_1_390' title='bbox 968 4710 1147 4765; x_wconf 87' lang='lat' dir='ltr'><strong>verbis</strong></span> <span class='ocrx_word' id='word_1_391' title='bbox 1188 4710 1305 4781; x_wconf 86' lang='lat' dir='ltr'><strong>suis</strong></span> <span class='ocrx_word' id='word_1_392' title='bbox 1338 4709 1614 4765; x_wconf 82' lang='lat' dir='ltr'><strong>contraria</strong></span> <span class='ocrx_word' id='word_1_393' title='bbox 1650 4706 1927 4777; x_wconf 80' lang='lat' dir='ltr'><strong>cogitant;</strong></span> <span class='ocrx_word' id='word_1_394' title='bbox 1957 4704 2052 4774; x_wconf 85' lang='lat' dir='ltr'><strong>qui</strong></span> 
     </span>
    </p>
   </div>
   <div class='ocr_carea' id='block_1_56' title="bbox 476 4800 2051 4873">
    <p class='ocr_par' dir='ltr' id='par_1_56' title="bbox 476 4800 2051 4873">
     <span class='ocr_line' id='line_1_56' title="bbox 476 4800 2051 4873; baseline -0.003 -20"><span class='ocrx_word' id='word_1_395' title='bbox 476 4800 651 4873; x_wconf 83' lang='lat' dir='ltr'><strong>labris</strong></span> <span class='ocrx_word' id='word_1_396' title='bbox 716 4801 938 4873; x_wconf 86' lang='lat' dir='ltr'><strong>quidem</strong></span> <span class='ocrx_word' id='word_1_397' title='bbox 1005 4802 1385 4856; x_wconf 83' lang='lat' dir='ltr'><strong>remissionem</strong></span> <span class='ocrx_word' id='word_1_398' title='bbox 1437 4810 1784 4869; x_wconf 78' lang='lat' dir='ltr'><strong>peccatorum</strong></span> <span class='ocrx_word' id='word_1_399' title='bbox 1838 4805 2051 4866; x_wconf 87' lang='lat' dir='ltr'><strong>petunt,</strong></span> 
     </span>
    </p>
   </div>
   <div class='ocr_carea' id='block_1_57' title="bbox 475 4892 2052 4963">
    <p class='ocr_par' dir='ltr' id='par_1_57' title="bbox 475 4892 2052 4963">
     <span class='ocr_line' id='line_1_57' title="bbox 475 4892 2052 4963; baseline -0.004 -16"><span class='ocrx_word' id='word_1_400' title='bbox 475 4894 643 4958; x_wconf 80' lang='lat' dir='ltr'><strong>corde</strong></span> <span class='ocrx_word' id='word_1_401' title='bbox 691 4904 872 4949; x_wconf 89' lang='lat' dir='ltr'><strong>autem</strong></span> <span class='ocrx_word' id='word_1_402' title='bbox 908 4911 968 4950; x_wconf 88' lang='lat' dir='ltr'><strong>se</strong></span> <span class='ocrx_word' id='word_1_403' title='bbox 1016 4909 1142 4963; x_wconf 85' lang='lat' dir='ltr'><strong>esse</strong></span> <span class='ocrx_word' id='word_1_404' title='bbox 1195 4897 1446 4963; x_wconf 85' lang='lat' dir='ltr'><strong>insontes</strong></span> <span class='ocrx_word' id='word_1_405' title='bbox 1496 4892 1833 4954; x_wconf 78' lang='lat' dir='ltr'><strong>existimant,</strong></span> <span class='ocrx_word' id='word_1_406' title='bbox 1860 4896 1914 4943; x_wconf 84' lang='lat' dir='ltr'><strong>et</strong></span> <span class='ocrx_word' id='word_1_407' title='bbox 1942 4904 2052 4942; x_wconf 88' lang='lat' dir='ltr'><strong>non</strong></span> 
     </span>
    </p>
   </div>
   <div class='ocr_carea' id='block_1_58' title="bbox 482 4979 2055 5056">
    <p class='ocr_par' dir='ltr' id='par_1_58' title="bbox 482 4979 2055 5056">
     <span class='ocr_line' id='line_1_58' title="bbox 482 4979 2055 5056; baseline -0.004 -17"><span class='ocrx_word' id='word_1_408' title='bbox 482 4984 644 5056; x_wconf 69' lang='grc'><strong>140</strong></span> <span class='ocrx_word' id='word_1_409' title='bbox 674 4986 1015 5051; x_wconf 87' lang='lat' dir='ltr'><strong>hominibus,</strong></span> <span class='ocrx_word' id='word_1_410' title='bbox 1043 4987 1139 5042; x_wconf 85' lang='lat' dir='ltr'><strong>sed</strong></span> <span class='ocrx_word' id='word_1_411' title='bbox 1176 4987 1285 5040; x_wconf 87' lang='lat' dir='ltr'><strong>Deo</strong></span> <span class='ocrx_word' id='word_1_412' title='bbox 1318 4985 1421 5055; x_wconf 80' lang='lat' dir='ltr'><strong>ipsi</strong></span> <span class='ocrx_word' id='word_1_413' title='bbox 1457 4981 1835 5037; x_wconf 80' lang='lat' dir='ltr'><strong>mentiuntur?</strong></span> <span class='ocrx_word' id='word_1_414' title='bbox 1859 4979 2055 5047; x_wconf 69' lang='lat' dir='ltr'><strong>Quaere</strong></span> 
     </span>
    </p>
   </div>
   <div class='ocr_carea' id='block_1_59' title="bbox 472 5075 1841 5149">
    <p class='ocr_par' dir='ltr' id='par_1_59' title="bbox 472 5075 1841 5149">
     <span class='ocr_line' id='line_1_59' title="bbox 472 5075 1841 5149; baseline -0.004 -17"><span class='ocrx_word' id='word_1_415' title='bbox 472 5077 639 5132; x_wconf 88' lang='lat' dir='ltr'><strong>etiam</strong></span> <span class='ocrx_word' id='word_1_416' title='bbox 674 5077 727 5131; x_wconf 91' lang='lat' dir='ltr'><strong>in</strong></span> <span class='ocrx_word' id='word_1_417' title='bbox 759 5078 828 5147; x_wconf 78' lang='grc'><strong>57</strong></span> <span class='ocrx_word' id='word_1_418' title='bbox 897 5094 1019 5149; x_wconf 90' lang='lat' dir='ltr'><strong>cap.</strong></span> <span class='ocrx_word' id='word_1_419' title='bbox 1056 5078 1251 5145; x_wconf 76' lang='lat' dir='ltr'><strong>litterae</strong></span> <span class='ocrx_word' id='word_1_420' title='bbox 1280 5079 1352 5143; x_wconf 80' lang='grc' dir='ltr'>Κ,</span> <span class='ocrx_word' id='word_1_421' title='bbox 1377 5091 1501 5133; x_wconf 89' lang='lat' dir='ltr'><strong>can.</strong></span> <span class='ocrx_word' id='word_1_422' title='bbox 1539 5075 1606 5131; x_wconf 85' lang='lat'><strong>90</strong></span> <span class='ocrx_word' id='word_1_423' title='bbox 1639 5091 1689 5128; x_wconf 75' lang='grc' dir='ltr'><strong>γι</strong></span> <span class='ocrx_word' id='word_1_424' title='bbox 1718 5089 1841 5143; x_wconf 85' lang='lat' dir='ltr'><strong>syn.</strong></span> 
     </span>
    </p>
   </div>
   <div class='ocr_carea' id='block_1_60' title="bbox 978 5162 1481 5223">
    <p class='ocr_par' dir='ltr' id='par_1_60' title="bbox 978 5162 1481 5223">
     <span class='ocr_line' id='line_1_60' title="bbox 978 5162 1481 5223; baseline -0.002 1"><span class='ocrx_word' id='word_1_425' title='bbox 978 5162 981 5165; x_wconf 48' lang='grc'><strong>⁷</strong></span> <span class='ocrx_word' id='word_1_426' title='bbox 1196 5169 1324 5223; x_wconf 74' lang='lat' dir='ltr'><strong>Lex.</strong></span> <span class='ocrx_word' id='word_1_427' title='bbox 1476 5170 1481 5177; x_wconf 84' lang='lat'><strong>&#39;</strong></span> 
     </span>
    </p>
   </div>
   <div class='ocr_carea' id='block_1_61' title="bbox 541 5242 2052 5329">
    <p class='ocr_par' dir='ltr' id='par_1_61' title="bbox 541 5242 2052 5329">
     <span class='ocr_line' id='line_1_61' title="bbox 541 5242 2052 5329; baseline -0.001 -17"><span class='ocrx_word' id='word_1_428' title='bbox 541 5257 813 5329; x_wconf 80' lang='lat' dir='ltr'><strong>Jubemus</strong></span> <span class='ocrx_word' id='word_1_429' title='bbox 839 5275 1030 5315; x_wconf 88' lang='lat' dir='ltr'><strong>omnes</strong></span> <span class='ocrx_word' id='word_1_430' title='bbox 1056 5242 1345 5328; x_wconf 86' lang='lat' dir='ltr'><strong>episcopos</strong></span> <span class='ocrx_word' id='word_1_431' title='bbox 1373 5267 1428 5314; x_wconf 93' lang='lat' dir='ltr'><strong>et</strong></span> <span class='ocrx_word' id='word_1_432' title='bbox 1451 5258 1825 5329; x_wconf 88' lang='lat' dir='ltr'><strong>presbyteros,</strong></span> <span class='ocrx_word' id='word_1_433' title='bbox 1851 5263 1911 5311; x_wconf 92' lang='lat' dir='ltr'><strong>ut</strong></span> <span class='ocrx_word' id='word_1_434' title='bbox 1942 5270 2052 5311; x_wconf 91' lang='lat' dir='ltr'><strong>non</strong></span> 
     </span>
    </p>
   </div>
   <div class='ocr_carea' id='block_1_62' title="bbox 472 5348 2049 5421">
    <p class='ocr_par' dir='ltr' id='par_1_62' title="bbox 472 5348 2049 5421">
     <span class='ocr_line' id='line_1_62' title="bbox 472 5348 2049 5421; baseline -0.001 -18"><span class='ocrx_word' id='word_1_435' title='bbox 472 5352 661 5419; x_wconf 74' lang='lat' dir='ltr'><strong>tacite.</strong></span> <span class='ocrx_word' id='word_1_436' title='bbox 715 5353 810 5407; x_wconf 83' lang='lat' dir='ltr'><strong>sed</strong></span> <span class='ocrx_word' id='word_1_437' title='bbox 850 5365 987 5407; x_wconf 85' lang='lat' dir='ltr'><strong>voce</strong></span> <span class='ocrx_word' id='word_1_438' title='bbox 1021 5366 1051 5404; x_wconf 89' lang='lat' dir='ltr'><strong>a</strong></span> <span class='ocrx_word' id='word_1_439' title='bbox 1087 5350 1406 5405; x_wconf 79' lang='lat' dir='ltr'><strong>ﬁdelissimo</strong></span> <span class='ocrx_word' id='word_1_440' title='bbox 1449 5350 1649 5421; x_wconf 86' lang='lat' dir='ltr'><strong>populo</strong></span> <span class='ocrx_word' id='word_1_441' title='bbox 1682 5348 2049 5412; x_wconf 79' lang='lat' dir='ltr'><strong>exaudienda,</strong></span> 
     </span>
    </p>
   </div>
   <div class='ocr_carea' id='block_1_63' title="bbox 470 5439 2048 5508">
    <p class='ocr_par' dir='ltr' id='par_1_63' title="bbox 470 5439 2048 5508">
     <span class='ocr_line' id='line_1_63' title="bbox 470 5439 2048 5508; baseline -0.005 -11"><span class='ocrx_word' id='word_1_442' title='bbox 470 5457 688 5502; x_wconf 85' lang='lat' dir='ltr'><strong>sacram</strong></span> <span class='ocrx_word' id='word_1_443' title='bbox 748 5441 1089 5496; x_wconf 85' lang='lat' dir='ltr'><strong>oblationem</strong></span> <span class='ocrx_word' id='word_1_444' title='bbox 1141 5447 1196 5495; x_wconf 90' lang='lat' dir='ltr'><strong>et</strong></span> <span class='ocrx_word' id='word_1_445' title='bbox 1253 5454 1419 5508; x_wconf 86' lang='lat' dir='ltr'><strong>super</strong></span> <span class='ocrx_word' id='word_1_446' title='bbox 1468 5450 1719 5494; x_wconf 83' lang='lat' dir='ltr'><strong>sanctum</strong></span> <span class='ocrx_word' id='word_1_447' title='bbox 1776 5439 2048 5507; x_wconf 86' lang='lat' dir='ltr'><strong>baptisma</strong></span> 
     </span>
    </p>
   </div>
   <div class='ocr_carea' id='block_1_64' title="bbox 471 5532 2052 5606">
    <p class='ocr_par' dir='ltr' id='par_1_64' title="bbox 471 5532 2052 5606">
     <span class='ocr_line' id='line_1_64' title="bbox 471 5532 2052 5606; baseline -0.003 -17"><span class='ocrx_word' id='word_1_448' title='bbox 471 5534 845 5606; x_wconf 84' lang='lat' dir='ltr'><strong>precationem</strong></span> <span class='ocrx_word' id='word_1_449' title='bbox 876 5536 1187 5601; x_wconf 80' lang='lat' dir='ltr'><strong>celebrent;</strong></span> <span class='ocrx_word' id='word_1_450' title='bbox 1214 5542 1274 5587; x_wconf 91' lang='lat' dir='ltr'><strong>ut</strong></span> <span class='ocrx_word' id='word_1_451' title='bbox 1292 5532 1830 5587; x_wconf 84' lang='lat' dir='ltr'><strong>exinde&#39;auditorum</strong></span> <span class='ocrx_word' id='word_1_452' title='bbox 1855 5532 2052 5584; x_wconf 71' lang='lat' dir='ltr'><strong>animae</strong></span> 
     </span>
    </p>
   </div>
   <div class='ocr_carea' id='block_1_65' title="bbox 468 5608 2049 5697">
    <p class='ocr_par' dir='ltr' id='par_1_65' title="bbox 468 5608 2049 5697">
     <span class='ocr_line' id='line_1_65' title="bbox 468 5608 2049 5697; baseline -0.006 -12"><span class='ocrx_word' id='word_1_453' title='bbox 468 5608 522 5685; x_wconf 76' lang='lat' dir='ltr'><strong>in</strong></span> <span class='ocrx_word' id='word_1_454' title='bbox 561 5628 822 5695; x_wconf 85' lang='lat' dir='ltr'><strong>majorem</strong></span> <span class='ocrx_word' id='word_1_455' title='bbox 854 5627 1344 5697; x_wconf 87' lang='lat' dir='ltr'><strong>compunctionem</strong></span> <span class='ocrx_word' id='word_1_456' title='bbox 1380 5634 1430 5680; x_wconf 86' lang='lat' dir='ltr'><strong>et</strong></span> <span class='ocrx_word' id='word_1_457' title='bbox 1471 5623 1685 5691; x_wconf 88' lang='lat' dir='ltr'><strong>Domini</strong></span> <span class='ocrx_word' id='word_1_458' title='bbox 1716 5623 1809 5678; x_wconf 89' lang='lat' dir='ltr'><strong>Dei</strong></span> <span class='ocrx_word' id='word_1_459' title='bbox 1841 5623 2049 5694; x_wconf 78' lang='lat' dir='ltr'><strong>gloriﬁ-</strong></span> 
     </span>
    </p>
   </div>
   <div class='ocr_carea' id='block_1_66' title="bbox 468 5719 1089 5783">
    <p class='ocr_par' dir='ltr' id='par_1_66' title="bbox 468 5719 1089 5783">
     <span class='ocr_line' id='line_1_66' title="bbox 468 5719 1089 5783; baseline -0.003 -8"><span class='ocrx_word' id='word_1_460' title='bbox 468 5719 735 5783; x_wconf 72' lang='lat' dir='ltr'><strong>cationcm</strong></span> <span class='ocrx_word' id='word_1_461' title='bbox 762 5719 1089 5775; x_wconf 84' lang='lat' dir='ltr'><strong>excitentur.</strong></span> 
     </span>
    </p>
   </div>
   <div class='ocr_carea' id='block_1_67' title="bbox 2152 1130 3710 1200">
    <p class='ocr_par' dir='ltr' id='par_1_67' title="bbox 2152 1130 3710 1200">
     <span class='ocr_line' id='line_1_67' title="bbox 2152 1130 3710 1200; baseline -0.001 -18"><span class='ocrx_word' id='word_1_462' title='bbox 2152 1130 2353 1187; x_wconf 84' lang='grc' dir='ltr'>ίεσθαι.</span> <span class='ocrx_word' id='word_1_463' title='bbox 2394 1130 2577 1198; x_wconf 80' lang='grc' dir='ltr'>’Δπερ</span> <span class='ocrx_word' id='word_1_464' title='bbox 2630 1131 2741 1199; x_wconf 77' lang='grc' dir='ltr'>γὰρ</span> <span class='ocrx_word' id='word_1_465' title='bbox 2794 1131 2845 1183; x_wconf 86' lang='grc' dir='ltr'>οί</span> <span class='ocrx_word' id='word_1_466' title='bbox 2910 1130 3155 1200; x_wconf 78' lang='grc' dir='ltr'>Πατέρες</span> <span class='ocrx_word' id='word_1_467' title='bbox 3214 1130 3315 1183; x_wconf 75' lang='grc' dir='ltr'>οὐκ</span> <span class='ocrx_word' id='word_1_468' title='bbox 3374 1130 3710 1197; x_wconf 74' lang='grc' dir='ltr'>ἐδοκίμασαν,</span> 
     </span>
    </p>
   </div>
   <div class='ocr_carea' id='block_1_68' title="bbox 2147 1219 3711 1292">
    <p class='ocr_par' dir='ltr' id='par_1_68' title="bbox 2147 1219 3711 1292">
     <span class='ocr_line' id='line_1_68' title="bbox 2147 1219 3711 1292; baseline -0.003 -19"><span class='ocrx_word' id='word_1_469' title='bbox 2147 1221 2208 1273; x_wconf 83' lang='grc' dir='ltr'>τὸ</span> <span class='ocrx_word' id='word_1_470' title='bbox 2265 1220 2568 1291; x_wconf 76' lang='grc' dir='ltr'>ἀμφίϐολον</span> <span class='ocrx_word' id='word_1_471' title='bbox 2613 1220 2883 1291; x_wconf 83' lang='grc' dir='ltr'>δήπουθεν</span> <span class='ocrx_word' id='word_1_472' title='bbox 2931 1221 3072 1292; x_wconf 74' lang='grc' dir='ltr'>ἔχει,</span> <span class='ocrx_word' id='word_1_473' title='bbox 3116 1221 3209 1274; x_wconf 78' lang='grc' dir='ltr'>καὶ</span> <span class='ocrx_word' id='word_1_474' title='bbox 3263 1220 3383 1284; x_wconf 81' lang='grc' dir='ltr'>δέος</span> <span class='ocrx_word' id='word_1_475' title='bbox 3413 1219 3711 1289; x_wconf 77' lang='grc' dir='ltr'><strong>ὑποτρέχει,</strong></span> 
     </span>
    </p>
   </div>
   <div class='ocr_carea' id='block_1_69' title="bbox 2153 1313 3713 1399">
    <p class='ocr_par' dir='ltr' id='par_1_69' title="bbox 2153 1313 3713 1399">
     <span class='ocr_line' id='line_1_69' title="bbox 2153 1313 3713 1399; baseline -0.014 -13"><span class='ocrx_word' id='word_1_476' title='bbox 2153 1317 2229 1386; x_wconf 69' lang='grc' dir='ltr'><strong>μὴ</strong></span> <span class='ocrx_word' id='word_1_477' title='bbox 2279 1316 2391 1386; x_wconf 73' lang='grc' dir='ltr'><strong>ἄρα</strong></span> <span class='ocrx_word' id='word_1_478' title='bbox 2437 1317 2505 1369; x_wconf 81' lang='grc' dir='ltr'><strong>τά</strong></span> <span class='ocrx_word' id='word_1_479' title='bbox 2548 1318 2615 1386; x_wconf 79' lang='grc' dir='ltr'>τῇ</span> <span class='ocrx_word' id='word_1_480' title='bbox 2664 1315 2798 1399; x_wconf 78' lang='grc' dir='ltr'>ὀρθῇ</span> <span class='ocrx_word' id='word_1_481' title='bbox 2838 1316 2913 1385; x_wconf 78' lang='grc' dir='ltr'>μὴ</span> <span class='ocrx_word' id='word_1_482' title='bbox 2943 1313 3312 1384; x_wconf 74' lang='grc' dir='ltr'>συμϐαίνοντα</span> <span class='ocrx_word' id='word_1_483' title='bbox 3359 1313 3713 1397; x_wconf 82' lang='grc' dir='ltr'>παρενείρωσι</span> 
     </span>
    </p>
   </div>
   <div class='ocr_carea' id='block_1_70' title="bbox 2149 1409 2355 1463">
    <p class='ocr_par' dir='ltr' id='par_1_70' title="bbox 2149 1409 2355 1463">
     <span class='ocr_line' id='line_1_70' title="bbox 2149 1409 2355 1463; baseline 0.005 0"><span class='ocrx_word' id='word_1_484' title='bbox 2149 1409 2355 1463; x_wconf 79' lang='grc' dir='ltr'><strong>πίστει.</strong></span> 
     </span>
    </p>
   </div>
   <div class='ocr_carea' id='block_1_71' title="bbox 2234 1580 3714 1655">
    <p class='ocr_par' dir='ltr' id='par_1_71' title="bbox 2234 1580 3714 1655">
     <span class='ocr_line' id='line_1_71' title="bbox 2234 1580 3714 1655; baseline -0.005 -14"><span class='ocrx_word' id='word_1_485' title='bbox 2234 1587 2293 1641; x_wconf 84' lang='grc'><strong>’0</strong></span> <span class='ocrx_word' id='word_1_486' title='bbox 2321 1585 2377 1639; x_wconf 71' lang='grc' dir='ltr'>δὲ</span> <span class='ocrx_word' id='word_1_487' title='bbox 2407 1584 2506 1655; x_wconf 87' lang='grc' dir='ltr'>τῆς</span> <span class='ocrx_word' id='word_1_488' title='bbox 2542 1585 2601 1639; x_wconf 74' lang='grc' dir='ltr'><strong>ὲν</strong></span> <span class='ocrx_word' id='word_1_489' title='bbox 2631 1584 2925 1655; x_wconf 73' lang='grc' dir='ltr'><strong>Λαοδικείᾳ</strong></span> <span class='ocrx_word' id='word_1_490' title='bbox 2952 1581 3017 1637; x_wconf 81' lang='grc' dir='ltr'><strong>ιθ¹</strong></span> <span class='ocrx_word' id='word_1_491' title='bbox 3055 1583 3264 1649; x_wconf 84' lang='grc' dir='ltr'>κανὼν,</span> <span class='ocrx_word' id='word_1_492' title='bbox 3302 1582 3416 1644; x_wconf 74' lang='grc' dir='ltr'>Τὰς</span> <span class='ocrx_word' id='word_1_493' title='bbox 3461 1581 3596 1649; x_wconf 78' lang='grc' dir='ltr'>ὑπὲρ</span> <span class='ocrx_word' id='word_1_494' title='bbox 3618 1580 3714 1633; x_wconf 81' lang='grc' dir='ltr'>τῶν</span> 
     </span>
    </p>
   </div>
   <div class='ocr_carea' id='block_1_72' title="bbox 2150 1673 3714 1751">
    <p class='ocr_par' dir='ltr' id='par_1_72' title="bbox 2150 1673 3714 1751">
     <span class='ocr_line' id='line_1_72' title="bbox 2150 1673 3714 1751; baseline -0.006 -17"><span class='ocrx_word' id='word_1_495' title='bbox 2150 1678 2599 1751; x_wconf 84' lang='grc' dir='ltr'>κατηχουμένων,</span> <span class='ocrx_word' id='word_1_496' title='bbox 2650 1679 2837 1748; x_wconf 67' lang='grc' dir='ltr'>φησὶν,</span> <span class='ocrx_word' id='word_1_497' title='bbox 2875 1676 3040 1747; x_wconf 77' lang='grc' dir='ltr'>εὐχὰς</span> <span class='ocrx_word' id='word_1_498' title='bbox 3093 1676 3335 1747; x_wconf 81' lang='grc' dir='ltr'>πρῶτον,</span> <span class='ocrx_word' id='word_1_499' title='bbox 3379 1673 3473 1728; x_wconf 74' lang='grc' dir='ltr'><strong>καὶ</strong></span> <span class='ocrx_word' id='word_1_500' title='bbox 3514 1673 3617 1726; x_wconf 84' lang='grc' dir='ltr'><strong>τῶν</strong></span> <span class='ocrx_word' id='word_1_501' title='bbox 3661 1675 3714 1725; x_wconf 76' lang='grc' dir='ltr'><strong>ἐν</strong></span> 
     </span>
    </p>
   </div>
   <div class='ocr_carea' id='block_1_73' title="bbox 2155 1764 3712 1844">
    <p class='ocr_par' dir='ltr' id='par_1_73' title="bbox 2155 1764 3712 1844">
     <span class='ocr_line' id='line_1_73' title="bbox 2155 1764 3712 1844; baseline -0.007 -17"><span class='ocrx_word' id='word_1_502' title='bbox 2155 1771 2435 1844; x_wconf 76' lang='grc' dir='ltr'><strong>μετανοίᾳ,</strong></span> <span class='ocrx_word' id='word_1_503' title='bbox 2464 1766 2584 1824; x_wconf 72' lang='grc' dir='ltr'>εἶτα</span> <span class='ocrx_word' id='word_1_504' title='bbox 2607 1770 2717 1823; x_wconf 84' lang='grc' dir='ltr'>τῶν</span> <span class='ocrx_word' id='word_1_505' title='bbox 2740 1768 2948 1821; x_wconf 83' lang='grc' dir='ltr'><strong>πιστῶν</strong></span> <span class='ocrx_word' id='word_1_506' title='bbox 2975 1768 3223 1837; x_wconf 86' lang='grc' dir='ltr'>γίνεσθαι</span> <span class='ocrx_word' id='word_1_507' title='bbox 3247 1768 3363 1820; x_wconf 84' lang='grc' dir='ltr'>δεῖ·</span> <span class='ocrx_word' id='word_1_508' title='bbox 3395 1764 3517 1819; x_wconf 70' lang='grc' dir='ltr'>εἶτα</span> <span class='ocrx_word' id='word_1_509' title='bbox 3544 1767 3712 1835; x_wconf 80' lang='grc' dir='ltr'>μόνοις</span> 
     </span>
    </p>
   </div>
   <div class='ocr_carea' id='block_1_74' title="bbox 2156 1854 3716 1929">
    <p class='ocr_par' dir='ltr' id='par_1_74' title="bbox 2156 1854 3716 1929">
     <span class='ocr_line' id='line_1_74' title="bbox 2156 1854 3716 1929; baseline -0.007 -11"><span class='ocrx_word' id='word_1_510' title='bbox 2156 1865 2359 1929; x_wconf 74' lang='grc' dir='ltr'>ἐξεῖναι</span> <span class='ocrx_word' id='word_1_511' title='bbox 2395 1861 2648 1926; x_wconf 79' lang='grc' dir='ltr'>θεσπίζει</span> <span class='ocrx_word' id='word_1_512' title='bbox 2683 1862 2797 1922; x_wconf 80' lang='grc' dir='ltr'>τοῖς</span> <span class='ocrx_word' id='word_1_513' title='bbox 2831 1860 3132 1929; x_wconf 79' lang='grc' dir='ltr'><strong>ἱερατικοῖς</strong></span> <span class='ocrx_word' id='word_1_514' title='bbox 3163 1860 3244 1921; x_wconf 84' lang='grc' dir='ltr'><strong>είς</strong></span> <span class='ocrx_word' id='word_1_515' title='bbox 3275 1858 3338 1911; x_wconf 74' lang='grc' dir='ltr'><strong>τὸ</strong></span> <span class='ocrx_word' id='word_1_516' title='bbox 3381 1858 3537 1925; x_wconf 80' lang='grc' dir='ltr'>ἆγιον</span> <span class='ocrx_word' id='word_1_517' title='bbox 3569 1854 3716 1908; x_wconf 80' lang='grc' dir='ltr'>είσιέ-</span> 
     </span>
    </p>
   </div>
   <div class='ocr_carea' id='block_1_75' title="bbox 2155 1942 3716 2022">
    <p class='ocr_par' dir='ltr' id='par_1_75' title="bbox 2155 1942 3716 2022">
     <span class='ocr_line' id='line_1_75' title="bbox 2155 1942 3716 2022; baseline -0.009 -11"><span class='ocrx_word' id='word_1_518' title='bbox 2155 1972 2242 2012; x_wconf 89' lang='grc' dir='ltr'><strong>ναι</strong></span> <span class='ocrx_word' id='word_1_519' title='bbox 2280 1953 2693 2022; x_wconf 82' lang='grc' dir='ltr'>θυσιαστήριον,</span> <span class='ocrx_word' id='word_1_520' title='bbox 2726 1952 2821 2004; x_wconf 79' lang='grc' dir='ltr'><strong>καὶ</strong></span> <span class='ocrx_word' id='word_1_521' title='bbox 2850 1951 3151 2003; x_wconf 78' lang='grc' dir='ltr'>κοινωνεῖν.</span> <span class='ocrx_word' id='word_1_522' title='bbox 3190 1950 3359 2017; x_wconf 87' lang='grc' dir='ltr'>Ζήτει</span> <span class='ocrx_word' id='word_1_523' title='bbox 3382 1948 3479 2000; x_wconf 83' lang='grc' dir='ltr'><strong>καί</strong></span> <span class='ocrx_word' id='word_1_524' title='bbox 3499 1949 3554 1999; x_wconf 79' lang='grc' dir='ltr'>ἐν</span> <span class='ocrx_word' id='word_1_525' title='bbox 3578 1945 3650 2015; x_wconf 81' lang='grc' dir='ltr'>τῷ</span> <span class='ocrx_word' id='word_1_526' title='bbox 3677 1942 3716 1997; x_wconf 87' lang='grc' dir='ltr'>θ’</span> 
     </span>
    </p>
   </div>
   <div class='ocr_carea' id='block_1_76' title="bbox 2155 2035 3715 2114">
    <p class='ocr_par' dir='ltr' id='par_1_76' title="bbox 2155 2035 3715 2114">
     <span class='ocr_line' id='line_1_76' title="bbox 2155 2035 3715 2114; baseline -0.008 -13"><span class='ocrx_word' id='word_1_527' title='bbox 2155 2063 2283 2114; x_wconf 83' lang='grc' dir='ltr'>κεφ.</span> <span class='ocrx_word' id='word_1_528' title='bbox 2309 2043 2406 2097; x_wconf 77' lang='grc' dir='ltr'><strong>τοῦ</strong></span> <span class='ocrx_word' id='word_1_529' title='bbox 2438 2044 2482 2095; x_wconf 91' lang='grc' dir='ltr'><strong>Β</strong></span> <span class='ocrx_word' id='word_1_530' title='bbox 2509 2041 2775 2112; x_wconf 82' lang='grc' dir='ltr'>στοιχείου</span> <span class='ocrx_word' id='word_1_531' title='bbox 2802 2040 3002 2094; x_wconf 79' lang='grc' dir='ltr'>κανόνα</span> <span class='ocrx_word' id='word_1_532' title='bbox 3031 2038 3077 2091; x_wconf 87' lang='grc' dir='ltr'>ε’</span> <span class='ocrx_word' id='word_1_533' title='bbox 3101 2039 3197 2092; x_wconf 69' lang='grc' dir='ltr'><strong>καὶ</strong></span> <span class='ocrx_word' id='word_1_534' title='bbox 3217 2037 3265 2093; x_wconf 83' lang='grc' dir='ltr'>κ’</span> <span class='ocrx_word' id='word_1_535' title='bbox 3292 2040 3396 2110; x_wconf 80' lang='grc' dir='ltr'>τῆς</span> <span class='ocrx_word' id='word_1_536' title='bbox 3424 2040 3482 2090; x_wconf 85' lang='grc' dir='ltr'><strong>ὲν</strong></span> <span class='ocrx_word' id='word_1_537' title='bbox 3508 2035 3715 2104; x_wconf 79' lang='grc' dir='ltr'>Γάγγρᾳ</span> 
     </span>
    </p>
   </div>
   <div class='ocr_carea' id='block_1_77' title="bbox 2156 2136 2399 2191">
    <p class='ocr_par' dir='ltr' id='par_1_77' title="bbox 2156 2136 2399 2191">
     <span class='ocr_line' id='line_1_77' title="bbox 2156 2136 2399 2191; baseline -0.025 0"><span class='ocrx_word' id='word_1_538' title='bbox 2156 2136 2399 2191; x_wconf 79' lang='grc' dir='ltr'><strong>συνόδου.</strong></span> 
     </span>
    </p>
   </div>
   <div class='ocr_carea' id='block_1_78' title="bbox 2237 2217 3715 2294">
    <p class='ocr_par' dir='ltr' id='par_1_78' title="bbox 2237 2217 3715 2294">
     <span class='ocr_line' id='line_1_78' title="bbox 2237 2217 3715 2294; baseline -0.006 -14"><span class='ocrx_word' id='word_1_539' title='bbox 2237 2227 2296 2280; x_wconf 82' lang='grc'><strong>’0</strong></span> <span class='ocrx_word' id='word_1_540' title='bbox 2325 2225 2382 2278; x_wconf 78' lang='grc' dir='ltr'>δὲ</span> <span class='ocrx_word' id='word_1_541' title='bbox 2413 2224 2508 2294; x_wconf 87' lang='grc' dir='ltr'>ριδ¹</span> <span class='ocrx_word' id='word_1_542' title='bbox 2546 2224 2644 2293; x_wconf 77' lang='grc' dir='ltr'>τῆς</span> <span class='ocrx_word' id='word_1_543' title='bbox 2685 2225 2742 2275; x_wconf 79' lang='grc' dir='ltr'>ὲν</span> <span class='ocrx_word' id='word_1_544' title='bbox 2767 2220 3094 2294; x_wconf 79' lang='grc' dir='ltr'>Καρθαγένῃ</span> <span class='ocrx_word' id='word_1_545' title='bbox 3132 2222 3381 2285; x_wconf 74' lang='grc' dir='ltr'>συνόδου,</span> <span class='ocrx_word' id='word_1_546' title='bbox 3416 2219 3508 2272; x_wconf 70' lang='grc' dir='ltr'><strong>τοῦ</strong></span> <span class='ocrx_word' id='word_1_547' title='bbox 3530 2217 3715 2272; x_wconf 56' lang='grc' dir='ltr'>ἠνσθέ-</span> 
     </span>
    </p>
   </div>
   <div class='ocr_carea' id='block_1_79' title="bbox 2157 2310 3715 2392">
    <p class='ocr_par' dir='ltr' id='par_1_79' title="bbox 2157 2310 3715 2392">
     <span class='ocr_line' id='line_1_79' title="bbox 2157 2310 3715 2392; baseline -0.007 -19"><span class='ocrx_word' id='word_1_548' title='bbox 2157 2336 2325 2392; x_wconf 88' lang='grc' dir='ltr'>ματος</span> <span class='ocrx_word' id='word_1_549' title='bbox 2350 2318 2494 2383; x_wconf 79' lang='grc' dir='ltr'>ἀξιοῖ</span> <span class='ocrx_word' id='word_1_550' title='bbox 2521 2318 2613 2371; x_wconf 80' lang='grc' dir='ltr'>τὸν</span> <span class='ocrx_word' id='word_1_551' title='bbox 2631 2316 2879 2387; x_wconf 82' lang='grc' dir='ltr'>οἰόμενον</span> <span class='ocrx_word' id='word_1_552' title='bbox 2916 2317 2990 2385; x_wconf 79' lang='grc' dir='ltr'><strong>μὴ</strong></span> <span class='ocrx_word' id='word_1_553' title='bbox 3024 2316 3262 2384; x_wconf 81' lang='grc' dir='ltr'>ἀληθῶς,</span> <span class='ocrx_word' id='word_1_554' title='bbox 3297 2314 3441 2368; x_wconf 75' lang='grc' dir='ltr'>ἀλλὰ</span> <span class='ocrx_word' id='word_1_555' title='bbox 3468 2310 3715 2366; x_wconf 82' lang='grc' dir='ltr'>ταπεινώ·</span> 
     </span>
    </p>
   </div>
   <div class='ocr_carea' id='block_1_80' title="bbox 2156 2404 3715 2482">
    <p class='ocr_par' dir='ltr' id='par_1_80' title="bbox 2156 2404 3715 2482">
     <span class='ocr_line' id='line_1_80' title="bbox 2156 2404 3715 2482; baseline -0.005 -17"><span class='ocrx_word' id='word_1_556' title='bbox 2156 2430 2295 2474; x_wconf 88' lang='grc' dir='ltr'>σεως</span> <span class='ocrx_word' id='word_1_557' title='bbox 2331 2411 2495 2482; x_wconf 81' lang='grc' dir='ltr'>χάριν</span> <span class='ocrx_word' id='word_1_558' title='bbox 2547 2408 2921 2479; x_wconf 80' lang='grc' dir='ltr'>παραινοῦντα</span> <span class='ocrx_word' id='word_1_559' title='bbox 2951 2409 3101 2478; x_wconf 74' lang='grc' dir='ltr'>ἡμᾶς</span> <span class='ocrx_word' id='word_1_560' title='bbox 3128 2409 3219 2460; x_wconf 74' lang='grc' dir='ltr'><strong>τὸν</strong></span> <span class='ocrx_word' id='word_1_561' title='bbox 3249 2406 3412 2475; x_wconf 78' lang='grc' dir='ltr'>ἅγιον</span> <span class='ocrx_word' id='word_1_562' title='bbox 3442 2404 3715 2459; x_wconf 80' lang='grc' dir='ltr'>ἀπόστολον</span> 
     </span>
    </p>
   </div>
   <div class='ocr_carea' id='block_1_81' title="bbox 2153 2498 3716 2575">
    <p class='ocr_par' dir='ltr' id='par_1_81' title="bbox 2153 2498 3716 2575">
     <span class='ocr_line' id='line_1_81' title="bbox 2153 2498 3716 2575; baseline -0.007 -14"><span class='ocrx_word' id='word_1_563' title='bbox 2153 2506 2410 2575; x_wconf 86' lang='grc' dir='ltr'><strong>Ἰωάννην</strong></span> <span class='ocrx_word' id='word_1_564' title='bbox 2446 2505 2650 2574; x_wconf 82' lang='grc' dir='ltr'>λέγειν,</span> <span class='ocrx_word' id='word_1_565' title='bbox 2690 2504 2821 2558; x_wconf 71' lang='grc' dir='ltr'>Ἐὰν</span> <span class='ocrx_word' id='word_1_566' title='bbox 2856 2502 3455 2573; x_wconf 71' lang='grc' dir='ltr'>είπωμεν,⁹Αμαρτίαν</span> <span class='ocrx_word' id='word_1_567' title='bbox 3490 2500 3585 2554; x_wconf 84' lang='grc' dir='ltr'><strong>οὐκ</strong></span> <span class='ocrx_word' id='word_1_568' title='bbox 3610 2498 3716 2568; x_wconf 77' lang='grc' dir='ltr'>ἕχο-</span> 
     </span>
    </p>
   </div>
   <div class='ocr_carea' id='block_1_82' title="bbox 2155 2590 3716 2668">
    <p class='ocr_par' dir='ltr' id='par_1_82' title="bbox 2155 2590 3716 2668">
     <span class='ocr_line' id='line_1_82' title="bbox 2155 2590 3716 2668; baseline -0.006 -17"><span class='ocrx_word' id='word_1_569' title='bbox 2155 2616 2276 2668; x_wconf 84' lang='grc' dir='ltr'>μεν,</span> <span class='ocrx_word' id='word_1_570' title='bbox 2317 2599 2544 2660; x_wconf 75' lang='grc' dir='ltr'>ἑαυτοὺς</span> <span class='ocrx_word' id='word_1_571' title='bbox 2573 2595 2898 2666; x_wconf 70' lang='grc' dir='ltr'>ἀπαιτῶμεν,</span> <span class='ocrx_word' id='word_1_572' title='bbox 2928 2596 3028 2648; x_wconf 68' lang='grc' dir='ltr'>καὶ</span> <span class='ocrx_word' id='word_1_573' title='bbox 3084 2595 3318 2664; x_wconf 80' lang='grc' dir='ltr'>ἀλήθεια</span> <span class='ocrx_word' id='word_1_574' title='bbox 3372 2596 3432 2647; x_wconf 78' lang='grc' dir='ltr'><strong>ὲν</strong></span> <span class='ocrx_word' id='word_1_575' title='bbox 3468 2594 3596 2661; x_wconf 78' lang='grc' dir='ltr'>ἡμῖν</span> <span class='ocrx_word' id='word_1_576' title='bbox 3627 2590 3716 2643; x_wconf 82' lang='grc' dir='ltr'><strong>οὐκ</strong></span> 
     </span>
    </p>
   </div>
   <div class='ocr_carea' id='block_1_83' title="bbox 2154 2681 3716 2758">
    <p class='ocr_par' dir='ltr' id='par_1_83' title="bbox 2154 2681 3716 2758">
     <span class='ocr_line' id='line_1_83' title="bbox 2154 2681 3716 2758; baseline -0.001 -15"><span class='ocrx_word' id='word_1_577' title='bbox 2154 2690 2323 2743; x_wconf 79' lang='grc' dir='ltr'>ἐστιν.</span> <span class='ocrx_word' id='word_1_578' title='bbox 2355 2689 2454 2742; x_wconf 83' lang='grc' dir='ltr'>Ἐκ</span> <span class='ocrx_word' id='word_1_579' title='bbox 2494 2687 2604 2758; x_wconf 77' lang='grc' dir='ltr'>γὰρ</span> <span class='ocrx_word' id='word_1_580' title='bbox 2643 2687 2755 2741; x_wconf 86' lang='grc' dir='ltr'><strong>τῶν</strong></span> <span class='ocrx_word' id='word_1_581' title='bbox 2789 2687 2920 2755; x_wconf 79' lang='grc' dir='ltr'>ἑξῆς</span> <span class='ocrx_word' id='word_1_582' title='bbox 2975 2687 3241 2756; x_wconf 80' lang='grc' dir='ltr'><strong>ῥημάτων</strong></span> <span class='ocrx_word' id='word_1_583' title='bbox 3290 2687 3397 2755; x_wconf 81' lang='grc' dir='ltr'>τῆς</span> <span class='ocrx_word' id='word_1_584' title='bbox 3447 2681 3716 2748; x_wconf 73' lang='grc' dir='ltr'>ἐπιστολῆς</span> 
     </span>
    </p>
   </div>
   <div class='ocr_carea' id='block_1_84' title="bbox 2149 2774 3719 2851">
    <p class='ocr_par' dir='ltr' id='par_1_84' title="bbox 2149 2774 3719 2851">
     <span class='ocr_line' id='line_1_84' title="bbox 2149 2774 3719 2851; baseline -0.008 -15"><span class='ocrx_word' id='word_1_585' title='bbox 2149 2783 2423 2839; x_wconf 79' lang='grc' dir='ltr'>δείκνυται</span> <span class='ocrx_word' id='word_1_586' title='bbox 2481 2779 2765 2851; x_wconf 80' lang='grc' dir='ltr'><strong>προδήλως</strong></span> <span class='ocrx_word' id='word_1_587' title='bbox 2802 2775 2898 2832; x_wconf 77' lang='grc' dir='ltr'>τοῦ</span> <span class='ocrx_word' id='word_1_588' title='bbox 2963 2777 3268 2831; x_wconf 78' lang='grc' dir='ltr'>ἀποστόλου</span> <span class='ocrx_word' id='word_1_589' title='bbox 3327 2778 3364 2847; x_wconf 71' lang='grc' dir='ltr'><strong>ἡ</strong></span> <span class='ocrx_word' id='word_1_590' title='bbox 3406 2775 3602 2839; x_wconf 81' lang='grc' dir='ltr'>ἔννοια,</span> <span class='ocrx_word' id='word_1_591' title='bbox 3635 2774 3719 2824; x_wconf 75' lang='grc' dir='ltr'>ἐπε-</span> 
     </span>
    </p>
   </div>
   <div class='ocr_carea' id='block_1_85' title="bbox 2154 2864 3717 2945">
    <p class='ocr_par' dir='ltr' id='par_1_85' title="bbox 2154 2864 3717 2945">
     <span class='ocr_line' id='line_1_85' title="bbox 2154 2864 3717 2945; baseline -0.009 -13"><span class='ocrx_word' id='word_1_592' title='bbox 2154 2878 2416 2945; x_wconf 83' lang='grc' dir='ltr'>άγοντος·</span> <span class='ocrx_word' id='word_1_593' title='bbox 2477 2873 2608 2929; x_wconf 81' lang='grc' dir='ltr'><strong>Ἐὰν</strong></span> <span class='ocrx_word' id='word_1_594' title='bbox 2674 2872 2732 2926; x_wconf 84' lang='grc' dir='ltr'>δὲ</span> <span class='ocrx_word' id='word_1_595' title='bbox 2788 2871 3216 2943; x_wconf 75' lang='grc' dir='ltr'><strong>ὁμολογήσωμεν</strong></span> <span class='ocrx_word' id='word_1_596' title='bbox 3292 2869 3398 2933; x_wconf 80' lang='grc' dir='ltr'><strong>τὰς</strong></span> <span class='ocrx_word' id='word_1_597' title='bbox 3461 2864 3717 2938; x_wconf 75' lang='grc' dir='ltr'>ἁμαρτίας</span> 
     </span>
    </p>
   </div>
   <div class='ocr_carea' id='block_1_86' title="bbox 2152 2952 3718 3039">
    <p class='ocr_par' dir='ltr' id='par_1_86' title="bbox 2152 2952 3718 3039">
     <span class='ocr_line' id='line_1_86' title="bbox 2152 2952 3718 3039; baseline -0.011 -17"><span class='ocrx_word' id='word_1_598' title='bbox 2152 2967 2337 3039; x_wconf 79' lang='grc' dir='ltr'>ἡμῶν,</span> <span class='ocrx_word' id='word_1_599' title='bbox 2367 2964 2560 3028; x_wconf 88' lang='grc' dir='ltr'>πιστός</span> <span class='ocrx_word' id='word_1_600' title='bbox 2603 2964 2720 3016; x_wconf 76' lang='grc' dir='ltr'>ἐστι</span> <span class='ocrx_word' id='word_1_601' title='bbox 2774 2960 2871 3015; x_wconf 72' lang='grc' dir='ltr'><strong>καὶ</strong></span> <span class='ocrx_word' id='word_1_602' title='bbox 2928 2959 3161 3026; x_wconf 78' lang='grc' dir='ltr'>δίκαιος,</span> <span class='ocrx_word' id='word_1_603' title='bbox 3189 2959 3345 3020; x_wconf 85' lang='grc' dir='ltr'>ὅστις</span> <span class='ocrx_word' id='word_1_604' title='bbox 3378 2958 3576 3027; x_wconf 81' lang='grc' dir='ltr'>ἀφήσει</span> <span class='ocrx_word' id='word_1_605' title='bbox 3603 2952 3718 3007; x_wconf 78' lang='grc' dir='ltr'>ταύ-</span> 
     </span>
    </p>
   </div>
   <div class='ocr_carea' id='block_1_87' title="bbox 2154 3044 3717 3131">
    <p class='ocr_par' dir='ltr' id='par_1_87' title="bbox 2154 3044 3717 3131">
     <span class='ocr_line' id='line_1_87' title="bbox 2154 3044 3717 3131; baseline -0.01 -19"><span class='ocrx_word' id='word_1_606' title='bbox 2154 3073 2255 3120; x_wconf 85' lang='grc' dir='ltr'><strong>τας</strong></span> <span class='ocrx_word' id='word_1_607' title='bbox 2318 3057 2473 3128; x_wconf 74' lang='grc' dir='ltr'>ἡμῖν,</span> <span class='ocrx_word' id='word_1_608' title='bbox 2534 3052 2631 3106; x_wconf 73' lang='grc' dir='ltr'>καὶ</span> <span class='ocrx_word' id='word_1_609' title='bbox 2684 3051 2977 3131; x_wconf 79' lang='grc' dir='ltr'>καθαρίσει</span> <span class='ocrx_word' id='word_1_610' title='bbox 3026 3051 3177 3121; x_wconf 79' lang='grc' dir='ltr'>ἡμᾶς</span> <span class='ocrx_word' id='word_1_611' title='bbox 3234 3050 3349 3103; x_wconf 79' lang='grc' dir='ltr'>ἀπὸ</span> <span class='ocrx_word' id='word_1_612' title='bbox 3391 3048 3568 3118; x_wconf 82' lang='grc' dir='ltr'><strong>πάσης</strong></span> <span class='ocrx_word' id='word_1_613' title='bbox 3618 3044 3717 3098; x_wconf 82' lang='grc' dir='ltr'>ἁδι-</span> 
     </span>
    </p>
   </div>
   <div class='ocr_carea' id='block_1_88' title="bbox 2076 3148 2303 3236">
    <p class='ocr_par' dir='ltr' id='par_1_88' title="bbox 2076 3148 2303 3236">
     <span class='ocr_line' id='line_1_88' title="bbox 2076 3148 2303 3236; baseline -0.009 -33"><span class='ocrx_word' id='word_1_614' title='bbox 2076 3173 2124 3236; x_wconf 71' lang='lat' dir='ltr'>c</span> <span class='ocrx_word' id='word_1_615' title='bbox 2154 3148 2303 3211; x_wconf 78' lang='grc' dir='ltr'>κίας.</span> 
     </span>
    </p>
   </div>
   <div class='ocr_carea' id='block_1_89' title="bbox 2236 3229 3716 3309">
    <p class='ocr_par' dir='ltr' id='par_1_89' title="bbox 2236 3229 3716 3309">
     <span class='ocr_line' id='line_1_89' title="bbox 2236 3229 3716 3309; baseline -0.004 -14"><span class='ocrx_word' id='word_1_616' title='bbox 2236 3239 2295 3295; x_wconf 85' lang='grc' dir='ltr'>Ὀ</span> <span class='ocrx_word' id='word_1_617' title='bbox 2341 3239 2399 3292; x_wconf 83' lang='grc' dir='ltr'>δὲ</span> <span class='ocrx_word' id='word_1_618' title='bbox 2442 3245 2539 3306; x_wconf 86' lang='grc' dir='ltr'>ριε¹</span> <span class='ocrx_word' id='word_1_619' title='bbox 2568 3239 2665 3291; x_wconf 81' lang='grc' dir='ltr'>καὶ</span> <span class='ocrx_word' id='word_1_620' title='bbox 2704 3243 2815 3307; x_wconf 81' lang='grc' dir='ltr'>ρις¹</span> <span class='ocrx_word' id='word_1_621' title='bbox 2854 3237 2951 3290; x_wconf 82' lang='grc' dir='ltr'>τὸν</span> <span class='ocrx_word' id='word_1_622' title='bbox 2990 3236 3337 3309; x_wconf 76' lang='grc' dir='ltr'><strong>ὑπειληφότα</strong></span> <span class='ocrx_word' id='word_1_623' title='bbox 3380 3234 3503 3297; x_wconf 78' lang='grc' dir='ltr'>τοὺς</span> <span class='ocrx_word' id='word_1_624' title='bbox 3542 3229 3716 3298; x_wconf 78' lang='grc' dir='ltr'>ἁγίους</span> 
     </span>
    </p>
   </div>
   <div class='ocr_carea' id='block_1_90' title="bbox 2152 3323 3717 3400">
    <p class='ocr_par' dir='ltr' id='par_1_90' title="bbox 2152 3323 3717 3400">
     <span class='ocr_line' id='line_1_90' title="bbox 2152 3323 3717 3400; baseline -0.009 -16"><span class='ocrx_word' id='word_1_625' title='bbox 2152 3331 2338 3400; x_wconf 84' lang='grc' dir='ltr'>λέγειν</span> <span class='ocrx_word' id='word_1_626' title='bbox 2366 3329 2468 3394; x_wconf 81' lang='grc' dir='ltr'>μὲν</span> <span class='ocrx_word' id='word_1_627' title='bbox 2489 3329 2759 3397; x_wconf 78' lang='grc' dir='ltr'>τδ,¹Ἀφες</span> <span class='ocrx_word' id='word_1_628' title='bbox 2790 3330 2923 3398; x_wconf 79' lang='grc' dir='ltr'><strong>ἡμῖν</strong></span> <span class='ocrx_word' id='word_1_629' title='bbox 2944 3330 3014 3382; x_wconf 80' lang='grc' dir='ltr'><strong>τά</strong></span> <span class='ocrx_word' id='word_1_630' title='bbox 3043 3329 3404 3398; x_wconf 82' lang='grc' dir='ltr'>ὀφειλήματα</span> <span class='ocrx_word' id='word_1_631' title='bbox 3428 3323 3717 3395; x_wconf 81' lang='grc' dir='ltr'>ήμῶν,ὲαυ-</span> 
     </span>
    </p>
   </div>
   <div class='ocr_carea' id='block_1_91' title="bbox 2154 3412 3718 3491">
    <p class='ocr_par' dir='ltr' id='par_1_91' title="bbox 2154 3412 3718 3491">
     <span class='ocr_line' id='line_1_91' title="bbox 2154 3412 3718 3491; baseline -0.003 -16"><span class='ocrx_word' id='word_1_632' title='bbox 2154 3422 2282 3485; x_wconf 77' lang='grc' dir='ltr'>τοὺς</span> <span class='ocrx_word' id='word_1_633' title='bbox 2316 3420 2371 3475; x_wconf 81' lang='grc' dir='ltr'>δὲ</span> <span class='ocrx_word' id='word_1_634' title='bbox 2394 3419 2506 3475; x_wconf 84' lang='grc' dir='ltr'>τῶν</span> <span class='ocrx_word' id='word_1_635' title='bbox 2530 3415 2872 3489; x_wconf 74' lang='grc' dir='ltr'>ὀφλημάτων</span> <span class='ocrx_word' id='word_1_636' title='bbox 2920 3420 3187 3491; x_wconf 78' lang='grc' dir='ltr'>ἐξαίρειν,</span> <span class='ocrx_word' id='word_1_637' title='bbox 3234 3419 3365 3473; x_wconf 73' lang='grc' dir='ltr'>οὐδὲ</span> <span class='ocrx_word' id='word_1_638' title='bbox 3396 3419 3504 3486; x_wconf 76' lang='grc' dir='ltr'><strong>γὰρ</strong></span> <span class='ocrx_word' id='word_1_639' title='bbox 3552 3412 3718 3470; x_wconf 76' lang='grc' dir='ltr'>αὐτοῖς</span> 
     </span>
    </p>
   </div>
   <div class='ocr_carea' id='block_1_92' title="bbox 2153 3505 3714 3583">
    <p class='ocr_par' dir='ltr' id='par_1_92' title="bbox 2153 3505 3714 3583">
     <span class='ocr_line' id='line_1_92' title="bbox 2153 3505 3714 3583; baseline -0.008 -15"><span class='ocrx_word' id='word_1_640' title='bbox 2153 3510 2295 3568; x_wconf 71' lang='grc' dir='ltr'>εἶναι</span> <span class='ocrx_word' id='word_1_641' title='bbox 2348 3513 2558 3582; x_wconf 78' lang='grc' dir='ltr'>ταύτην</span> <span class='ocrx_word' id='word_1_642' title='bbox 2603 3511 2702 3583; x_wconf 82' lang='grc' dir='ltr'>τὴν</span> <span class='ocrx_word' id='word_1_643' title='bbox 2755 3511 3089 3583; x_wconf 77' lang='grc' dir='ltr'>παραίτησιν</span> <span class='ocrx_word' id='word_1_644' title='bbox 3140 3512 3286 3568; x_wconf 86' lang='grc' dir='ltr'>πάνυ</span> <span class='ocrx_word' id='word_1_645' title='bbox 3326 3527 3386 3562; x_wconf 88' lang='grc' dir='ltr'><strong>τι</strong></span> <span class='ocrx_word' id='word_1_646' title='bbox 3416 3505 3714 3574; x_wconf 83' lang='grc' dir='ltr'>ἀναγκαῖον,</span> 
     </span>
    </p>
   </div>
   <div class='ocr_carea' id='block_1_93' title="bbox 2153 3600 3716 3675">
    <p class='ocr_par' dir='ltr' id='par_1_93' title="bbox 2153 3600 3716 3675">
     <span class='ocr_line' id='line_1_93' title="bbox 2153 3600 3716 3675; baseline -0.01 -14"><span class='ocrx_word' id='word_1_647' title='bbox 2153 3606 2292 3661; x_wconf 79' lang='grc' dir='ltr'>ἀλλὰ</span> <span class='ocrx_word' id='word_1_648' title='bbox 2350 3606 2467 3667; x_wconf 78' lang='grc' dir='ltr'>τοῖς</span> <span class='ocrx_word' id='word_1_649' title='bbox 2504 3607 2564 3658; x_wconf 83' lang='grc' dir='ltr'>ὲν</span> <span class='ocrx_word' id='word_1_650' title='bbox 2604 3603 2683 3674; x_wconf 83' lang='grc' dir='ltr'>τῷ</span> <span class='ocrx_word' id='word_1_651' title='bbox 2726 3604 2841 3674; x_wconf 81' lang='grc' dir='ltr'>λαῷ</span> <span class='ocrx_word' id='word_1_652' title='bbox 2877 3604 3279 3675; x_wconf 78' lang='grc' dir='ltr'>ἁμαρτάνουσι,</span> <span class='ocrx_word' id='word_1_653' title='bbox 3319 3602 3405 3672; x_wconf 84' lang='grc' dir='ltr'>τῷ</span> <span class='ocrx_word' id='word_1_654' title='bbox 3436 3600 3716 3668; x_wconf 84' lang='grc' dir='ltr'>ἀναθέματι</span> 
     </span>
    </p>
   </div>
   <div class='ocr_carea' id='block_1_94' title="bbox 2156 3686 3715 3768">
    <p class='ocr_par' dir='ltr' id='par_1_94' title="bbox 2156 3686 3715 3768">
     <span class='ocr_line' id='line_1_94' title="bbox 2156 3686 3715 3768; baseline -0.006 -17"><span class='ocrx_word' id='word_1_655' title='bbox 2156 3697 2646 3767; x_wconf 83' lang='grc' dir='ltr'>παραπέμπουσιν.</span> <span class='ocrx_word' id='word_1_656' title='bbox 2668 3696 2791 3750; x_wconf 82' lang='grc' dir='ltr'>Ὀτι</span> <span class='ocrx_word' id='word_1_657' title='bbox 2818 3695 2928 3767; x_wconf 83' lang='grc' dir='ltr'>γὰρ</span> <span class='ocrx_word' id='word_1_658' title='bbox 2965 3696 3068 3751; x_wconf 83' lang='grc' dir='ltr'>οὐκ</span> <span class='ocrx_word' id='word_1_659' title='bbox 3097 3697 3265 3768; x_wconf 81' lang='grc' dir='ltr'>εὐχῆς</span> <span class='ocrx_word' id='word_1_660' title='bbox 3285 3695 3585 3766; x_wconf 82' lang='grc' dir='ltr'>πρόσχημα</span> <span class='ocrx_word' id='word_1_661' title='bbox 3617 3686 3715 3744; x_wconf 79' lang='grc' dir='ltr'><strong>οὐδ’</strong></span> 
     </span>
    </p>
   </div>
   <div class='ocr_carea' id='block_1_95' title="bbox 2154 3787 3713 3868">
    <p class='ocr_par' dir='ltr' id='par_1_95' title="bbox 2154 3787 3713 3868">
     <span class='ocr_line' id='line_1_95' title="bbox 2154 3787 3713 3868; baseline -0.004 -27"><span class='ocrx_word' id='word_1_662' title='bbox 2154 3787 2446 3857; x_wconf 80' lang='grc' dir='ltr'>ὑπόκρισις</span> <span class='ocrx_word' id='word_1_663' title='bbox 2496 3787 2890 3858; x_wconf 74' lang='grc' dir='ltr'>ταπεινότητος</span> <span class='ocrx_word' id='word_1_664' title='bbox 2938 3793 3052 3851; x_wconf 81' lang='grc' dir='ltr'>τοῖς</span> <span class='ocrx_word' id='word_1_665' title='bbox 3105 3789 3286 3853; x_wconf 79' lang='grc' dir='ltr'>ἁγίοις</span> <span class='ocrx_word' id='word_1_666' title='bbox 3341 3787 3551 3868; x_wconf 68' lang='grc' dir='ltr'>ὑπῆρξέ</span> <span class='ocrx_word' id='word_1_667' title='bbox 3576 3798 3713 3844; x_wconf 78' lang='grc' dir='ltr'>ποτε,</span> 
     </span>
    </p>
   </div>
   <div class='ocr_carea' id='block_1_96' title="bbox 2154 3870 3715 3947">
    <p class='ocr_par' dir='ltr' id='par_1_96' title="bbox 2154 3870 3715 3947">
     <span class='ocr_line' id='line_1_96' title="bbox 2154 3870 3715 3947; baseline -0.006 -15"><span class='ocrx_word' id='word_1_668' title='bbox 2154 3875 2270 3932; x_wconf 84' lang='grc' dir='ltr'>ἀλλ’</span> <span class='ocrx_word' id='word_1_669' title='bbox 2299 3874 2505 3945; x_wconf 74' lang='grc' dir='ltr'>ἀληθὴς</span> <span class='ocrx_word' id='word_1_670' title='bbox 2561 3875 2787 3944; x_wconf 80' lang='grc' dir='ltr'>καρδίας</span> <span class='ocrx_word' id='word_1_671' title='bbox 2821 3875 3108 3947; x_wconf 80' lang='grc' dir='ltr'>συντριϐὴ,</span> <span class='ocrx_word' id='word_1_672' title='bbox 3137 3877 3292 3946; x_wconf 83' lang='grc' dir='ltr'>δηλοῖ</span> <span class='ocrx_word' id='word_1_673' title='bbox 3328 3877 3362 3928; x_wconf 84' lang='grc' dir='ltr'><strong>ὀ</strong></span> <span class='ocrx_word' id='word_1_674' title='bbox 3411 3875 3581 3943; x_wconf 78' lang='grc' dir='ltr'>μέγας</span> <span class='ocrx_word' id='word_1_675' title='bbox 3625 3870 3715 3923; x_wconf 83' lang='grc' dir='ltr'><strong>Ἰά-</strong></span> 
     </span>
    </p>
   </div>
   <div class='ocr_carea' id='block_1_97' title="bbox 2156 3957 3714 4035">
    <p class='ocr_par' dir='ltr' id='par_1_97' title="bbox 2156 3957 3714 4035">
     <span class='ocr_line' id='line_1_97' title="bbox 2156 3957 3714 4035; baseline -0.006 -17"><span class='ocrx_word' id='word_1_676' title='bbox 2156 3964 2353 4030; x_wconf 75' lang='grc' dir='ltr'>κωϐος,</span> <span class='ocrx_word' id='word_1_677' title='bbox 2399 3957 2503 4018; x_wconf 80' lang='grc' dir='ltr'>ὧδέ</span> <span class='ocrx_word' id='word_1_678' title='bbox 2548 3981 2625 4033; x_wconf 89' lang='grc' dir='ltr'><strong>πη</strong></span> <span class='ocrx_word' id='word_1_679' title='bbox 2660 3963 2869 4031; x_wconf 80' lang='grc' dir='ltr'>λέγων·</span> <span class='ocrx_word' id='word_1_680' title='bbox 2921 3965 3011 4019; x_wconf 86' lang='grc' dir='ltr'><strong>Ἐν</strong></span> <span class='ocrx_word' id='word_1_681' title='bbox 3067 3965 3287 4030; x_wconf 79' lang='grc' dir='ltr'>πολλοῖς</span> <span class='ocrx_word' id='word_1_682' title='bbox 3340 3963 3714 4035; x_wconf 76' lang='grc' dir='ltr'>ἁμαρτάνομεν</span> 
     </span>
    </p>
   </div>
   <div class='ocr_carea' id='block_1_98' title="bbox 2156 4047 3714 4127">
    <p class='ocr_par' dir='ltr' id='par_1_98' title="bbox 2156 4047 3714 4127">
     <span class='ocr_line' id='line_1_98' title="bbox 2156 4047 3714 4127; baseline -0.008 -17"><span class='ocrx_word' id='word_1_683' title='bbox 2156 4056 2361 4118; x_wconf 87' lang='grc' dir='ltr'>πάντες</span> <span class='ocrx_word' id='word_1_684' title='bbox 2384 4071 2398 4086; x_wconf 77' lang='grc' dir='ltr'><strong><em>ο</em></strong></span> <span class='ocrx_word' id='word_1_685' title='bbox 2439 4055 2533 4109; x_wconf 79' lang='grc' dir='ltr'><strong>καὶ</strong></span> <span class='ocrx_word' id='word_1_686' title='bbox 2566 4057 2596 4109; x_wconf 84' lang='grc' dir='ltr'><strong>ό</strong></span> <span class='ocrx_word' id='word_1_687' title='bbox 2629 4054 2835 4108; x_wconf 82' lang='grc' dir='ltr'><strong>Δαυῖδο</strong></span> <span class='ocrx_word' id='word_1_688' title='bbox 2867 4056 2959 4126; x_wconf 82' lang='grc' dir='ltr'><strong>Μὴ</strong></span> <span class='ocrx_word' id='word_1_689' title='bbox 2990 4055 3240 4127; x_wconf 74' lang='grc' dir='ltr'>εἰσέλθῃς</span> <span class='ocrx_word' id='word_1_690' title='bbox 3269 4057 3351 4119; x_wconf 84' lang='grc' dir='ltr'><strong>είς</strong></span> <span class='ocrx_word' id='word_1_691' title='bbox 3388 4056 3567 4124; x_wconf 82' lang='grc' dir='ltr'>κρίσιν</span> <span class='ocrx_word' id='word_1_692' title='bbox 3592 4047 3714 4118; x_wconf 71' lang='grc' dir='ltr'>μετὰ</span> 
     </span>
    </p>
   </div>
   <div class='ocr_carea' id='block_1_99' title="bbox 2153 4143 3711 4217">
    <p class='ocr_par' dir='ltr' id='par_1_99' title="bbox 2153 4143 3711 4217">
     <span class='ocr_line' id='line_1_99' title="bbox 2153 4143 3711 4217; baseline -0.008 -16"><span class='ocrx_word' id='word_1_693' title='bbox 2153 4147 2250 4201; x_wconf 81' lang='grc' dir='ltr'><strong>τοῦ</strong></span> <span class='ocrx_word' id='word_1_694' title='bbox 2279 4146 2470 4201; x_wconf 81' lang='grc' dir='ltr'>δούλου</span> <span class='ocrx_word' id='word_1_695' title='bbox 2514 4163 2631 4212; x_wconf 91' lang='grc' dir='ltr'>σου,</span> <span class='ocrx_word' id='word_1_696' title='bbox 2667 4148 2753 4200; x_wconf 81' lang='grc' dir='ltr'>ὅτι</span> <span class='ocrx_word' id='word_1_697' title='bbox 2794 4148 2855 4200; x_wconf 81' lang='grc' dir='ltr'>οὐ</span> <span class='ocrx_word' id='word_1_698' title='bbox 2903 4146 3328 4217; x_wconf 79' lang='grc' dir='ltr'>δικαιωθήσεται</span> <span class='ocrx_word' id='word_1_699' title='bbox 3364 4143 3587 4198; x_wconf 72' lang='grc' dir='ltr'>ἐνώπιόν</span> <span class='ocrx_word' id='word_1_700' title='bbox 3629 4152 3711 4190; x_wconf 82' lang='grc' dir='ltr'><strong>σου</strong></span> 
     </span>
    </p>
   </div>
   <div class='ocr_carea' id='block_1_100' title="bbox 2155 4230 3714 4311">
    <p class='ocr_par' dir='ltr' id='par_1_100' title="bbox 2155 4230 3714 4311">
     <span class='ocr_line' id='line_1_100' title="bbox 2155 4230 3714 4311; baseline -0.008 -20"><span class='ocrx_word' id='word_1_701' title='bbox 2155 4239 2265 4301; x_wconf 80' lang='grc' dir='ltr'>πᾶς</span> <span class='ocrx_word' id='word_1_702' title='bbox 2296 4240 2405 4303; x_wconf 79' lang='grc' dir='ltr'><strong>ζῶν</strong></span> <span class='ocrx_word' id='word_1_703' title='bbox 2428 4256 2444 4270; x_wconf 80' lang='grc' dir='ltr'><strong><em>ο</em></strong></span> <span class='ocrx_word' id='word_1_704' title='bbox 2480 4239 2574 4292; x_wconf 68' lang='grc' dir='ltr'>καὶ</span> <span class='ocrx_word' id='word_1_705' title='bbox 2594 4239 2653 4292; x_wconf 84' lang='grc' dir='ltr'>ὲν</span> <span class='ocrx_word' id='word_1_706' title='bbox 2681 4243 2746 4311; x_wconf 82' lang='grc' dir='ltr'>τῇ</span> <span class='ocrx_word' id='word_1_707' title='bbox 2782 4239 2918 4311; x_wconf 79' lang='grc' dir='ltr'>εὐχῇ</span> <span class='ocrx_word' id='word_1_708' title='bbox 2951 4241 2979 4292; x_wconf 82' lang='grc' dir='ltr'><strong>ὁ</strong></span> <span class='ocrx_word' id='word_1_709' title='bbox 3010 4238 3264 4308; x_wconf 82' lang='grc' dir='ltr'>Σολομῶν</span> <span class='ocrx_word' id='word_1_710' title='bbox 3286 4257 3300 4270; x_wconf 74' lang='grc' dir='ltr'><strong><em>ο</em></strong></span> <span class='ocrx_word' id='word_1_711' title='bbox 3327 4237 3446 4291; x_wconf 77' lang='grc' dir='ltr'>Οὐκ</span> <span class='ocrx_word' id='word_1_712' title='bbox 3474 4235 3614 4288; x_wconf 76' lang='grc' dir='ltr'>ἐστιν</span> <span class='ocrx_word' id='word_1_713' title='bbox 3636 4230 3714 4281; x_wconf 79' lang='grc' dir='ltr'><strong>άν-</strong></span> 
     </span>
    </p>
   </div>
   <div class='ocr_carea' id='block_1_101' title="bbox 2157 4323 3713 4402">
    <p class='ocr_par' dir='ltr' id='par_1_101' title="bbox 2157 4323 3713 4402">
     <span class='ocr_line' id='line_1_101' title="bbox 2157 4323 3713 4402; baseline -0.015 -4"><span class='ocrx_word' id='word_1_714' title='bbox 2157 4328 2374 4399; x_wconf 77' lang='grc' dir='ltr'><strong>θρωπος</strong></span> <span class='ocrx_word' id='word_1_715' title='bbox 2402 4330 2462 4392; x_wconf 80' lang='grc' dir='ltr'><strong>ὃς</strong></span> <span class='ocrx_word' id='word_1_716' title='bbox 2492 4331 2592 4400; x_wconf 82' lang='grc' dir='ltr'><strong>οὐχ</strong></span> <span class='ocrx_word' id='word_1_717' title='bbox 2621 4330 2876 4401; x_wconf 73' lang='grc' dir='ltr'>ἥμαρτε·</span> <span class='ocrx_word' id='word_1_718' title='bbox 2933 4330 3029 4402; x_wconf 69' lang='grc' dir='ltr'>καὶ</span> <span class='ocrx_word' id='word_1_719' title='bbox 3081 4332 3110 4384; x_wconf 85' lang='grc' dir='ltr'>ὁ</span> <span class='ocrx_word' id='word_1_720' title='bbox 3136 4329 3262 4382; x_wconf 81' lang='grc' dir='ltr'><strong>Ἰώϐ</strong></span> <span class='ocrx_word' id='word_1_721' title='bbox 3282 4346 3297 4362; x_wconf 74' lang='grc' dir='ltr'>ο</span> <span class='ocrx_word' id='word_1_722' title='bbox 3331 4329 3499 4381; x_wconf 82' lang='grc' dir='ltr'>Ὥστε</span> <span class='ocrx_word' id='word_1_723' title='bbox 3534 4323 3713 4377; x_wconf 77' lang='grc' dir='ltr'>εἰδέναι</span> 
     </span>
    </p>
   </div>
   <div class='ocr_carea' id='block_1_102' title="bbox 2159 4413 3711 4493">
    <p class='ocr_par' dir='ltr' id='par_1_102' title="bbox 2159 4413 3711 4493">
     <span class='ocr_line' id='line_1_102' title="bbox 2159 4413 3711 4493; baseline -0.008 -18"><span class='ocrx_word' id='word_1_724' title='bbox 2159 4423 2340 4476; x_wconf 86' lang='grc' dir='ltr'>πάντα</span> <span class='ocrx_word' id='word_1_725' title='bbox 2366 4420 2656 4493; x_wconf 75' lang='grc' dir='ltr'>ἄνθρωπον</span> <span class='ocrx_word' id='word_1_726' title='bbox 2677 4417 2776 4493; x_wconf 70' lang='grc' dir='ltr'><strong>τὴν</strong></span> <span class='ocrx_word' id='word_1_727' title='bbox 2798 4421 3089 4476; x_wconf 78' lang='grc' dir='ltr'>ἀσθένειαν</span> <span class='ocrx_word' id='word_1_728' title='bbox 3111 4420 3278 4475; x_wconf 78' lang='grc' dir='ltr'>αὐτοῦ</span> <span class='ocrx_word' id='word_1_729' title='bbox 3294 4436 3313 4454; x_wconf 84' lang='grc'>⁶</span> <span class='ocrx_word' id='word_1_730' title='bbox 3338 4420 3433 4474; x_wconf 77' lang='grc' dir='ltr'><strong>καὶ</strong></span> <span class='ocrx_word' id='word_1_731' title='bbox 3464 4421 3491 4471; x_wconf 87' lang='grc' dir='ltr'><strong>ό</strong></span> <span class='ocrx_word' id='word_1_732' title='bbox 3512 4413 3711 4481; x_wconf 74' lang='grc' dir='ltr'><strong>Δανιήλ·</strong></span> 
     </span>
    </p>
   </div>
   <div class='ocr_carea' id='block_1_103' title="bbox 3491 4504 3714 4570">
    <p class='ocr_par' dir='ltr' id='par_1_103' title="bbox 3491 4504 3714 4570">
     <span class='ocr_line' id='line_1_103' title="bbox 3491 4504 3714 4570; baseline -0.027 -9"><span class='ocrx_word' id='word_1_733' title='bbox 3491 4510 3571 4570; x_wconf 80' lang='grc' dir='ltr'><strong>τίς</strong></span> <span class='ocrx_word' id='word_1_734' title='bbox 3620 4504 3714 4570; x_wconf 80' lang='grc' dir='ltr'><strong>γάρ</strong></span> 
     </span>
    </p>
   </div>
   <div class='ocr_carea' id='block_1_104' title="bbox 2158 4593 3716 4680">
    <p class='ocr_par' dir='ltr' id='par_1_104' title="bbox 2158 4593 3716 4680">
     <span class='ocr_line' id='line_1_104' title="bbox 2158 4593 3716 4680; baseline -0.01 -19"><span class='ocrx_word' id='word_1_735' title='bbox 2158 4605 2260 4676; x_wconf 84' lang='grc' dir='ltr'>τῆς</span> <span class='ocrx_word' id='word_1_736' title='bbox 2289 4606 2571 4676; x_wconf 74' lang='grc' dir='ltr'>εἰρωνείας</span> <span class='ocrx_word' id='word_1_737' title='bbox 2597 4604 2889 4673; x_wconf 80' lang='grc' dir='ltr'>ἀνάσχοιτο</span> <span class='ocrx_word' id='word_1_738' title='bbox 2910 4604 3018 4656; x_wconf 82' lang='grc' dir='ltr'><strong>τῶν</strong></span> <span class='ocrx_word' id='word_1_739' title='bbox 3039 4605 3303 4680; x_wconf 85' lang='grc' dir='ltr'>τάναντία</span> <span class='ocrx_word' id='word_1_740' title='bbox 3333 4607 3445 4665; x_wconf 83' lang='grc' dir='ltr'>τοῖς</span> <span class='ocrx_word' id='word_1_741' title='bbox 3473 4599 3616 4668; x_wconf 82' lang='grc' dir='ltr'>σφῶν</span> <span class='ocrx_word' id='word_1_742' title='bbox 3642 4593 3716 4647; x_wconf 83' lang='grc' dir='ltr'><strong>λό-</strong></span> 
     </span>
    </p>
   </div>
   <div class='ocr_carea' id='block_1_105' title="bbox 2160 4684 3717 4767">
    <p class='ocr_par' dir='ltr' id='par_1_105' title="bbox 2160 4684 3717 4767">
     <span class='ocr_line' id='line_1_105' title="bbox 2160 4684 3717 4767; baseline -0.01 -15"><span class='ocrx_word' id='word_1_743' title='bbox 2160 4715 2280 4767; x_wconf 88' lang='grc' dir='ltr'>γοις</span> <span class='ocrx_word' id='word_1_744' title='bbox 2307 4696 2652 4767; x_wconf 80' lang='grc' dir='ltr'>φρονούντων</span> <span class='ocrx_word' id='word_1_745' title='bbox 2677 4708 2691 4725; x_wconf 91' lang='grc'><strong>·</strong></span> <span class='ocrx_word' id='word_1_746' title='bbox 2723 4697 2779 4748; x_wconf 78' lang='grc' dir='ltr'>οἵ</span> <span class='ocrx_word' id='word_1_747' title='bbox 2807 4712 2916 4764; x_wconf 90' lang='grc' dir='ltr'><strong>περ</strong></span> <span class='ocrx_word' id='word_1_748' title='bbox 2949 4695 3156 4766; x_wconf 78' lang='grc' dir='ltr'>χείλεσι</span> <span class='ocrx_word' id='word_1_749' title='bbox 3190 4695 3289 4763; x_wconf 77' lang='grc' dir='ltr'><strong>μὲν</strong></span> <span class='ocrx_word' id='word_1_750' title='bbox 3328 4695 3522 4761; x_wconf 85' lang='grc' dir='ltr'>ἄφεσιν</span> <span class='ocrx_word' id='word_1_751' title='bbox 3555 4684 3717 4741; x_wconf 74' lang='grc' dir='ltr'>αἰτοῦ-</span> 
     </span>
    </p>
   </div>
   <div class='ocr_carea' id='block_1_106' title="bbox 2161 4776 3715 4860">
    <p class='ocr_par' dir='ltr' id='par_1_106' title="bbox 2161 4776 3715 4860">
     <span class='ocr_line' id='line_1_106' title="bbox 2161 4776 3715 4860; baseline -0.011 -17"><span class='ocrx_word' id='word_1_752' title='bbox 2161 4806 2249 4843; x_wconf 88' lang='grc' dir='ltr'><strong>σιν</strong></span> <span class='ocrx_word' id='word_1_753' title='bbox 2277 4788 2587 4860; x_wconf 86' lang='grc' dir='ltr'>άμαρτιῶν,</span> <span class='ocrx_word' id='word_1_754' title='bbox 2626 4788 2701 4849; x_wconf 79' lang='grc' dir='ltr'>ὡς</span> <span class='ocrx_word' id='word_1_755' title='bbox 2743 4787 2911 4859; x_wconf 74' lang='grc' dir='ltr'>ἀθῶοι</span> <span class='ocrx_word' id='word_1_756' title='bbox 2963 4786 3020 4857; x_wconf 65' lang='grc' dir='ltr'>δὲ</span> <span class='ocrx_word' id='word_1_757' title='bbox 3049 4785 3255 4839; x_wconf 78' lang='grc' dir='ltr'>τούτων</span> <span class='ocrx_word' id='word_1_758' title='bbox 3286 4788 3351 4854; x_wconf 83' lang='grc' dir='ltr'>τῇ</span> <span class='ocrx_word' id='word_1_759' title='bbox 3396 4781 3590 4853; x_wconf 78' lang='grc' dir='ltr'>καρδίᾳ</span> <span class='ocrx_word' id='word_1_760' title='bbox 3615 4776 3715 4829; x_wconf 85' lang='grc' dir='ltr'>διά-</span> 
     </span>
    </p>
   </div>
   <div class='ocr_carea' id='block_1_107' title="bbox 2159 4865 3713 4950">
    <p class='ocr_par' dir='ltr' id='par_1_107' title="bbox 2159 4865 3713 4950">
     <span class='ocr_line' id='line_1_107' title="bbox 2159 4865 3713 4950; baseline -0.01 -15"><span class='ocrx_word' id='word_1_761' title='bbox 2159 4898 2394 4947; x_wconf 88' lang='grc' dir='ltr'>κεινται,</span> <span class='ocrx_word' id='word_1_762' title='bbox 2421 4880 2516 4934; x_wconf 64' lang='grc' dir='ltr'><strong>καλ⁹</strong></span> <span class='ocrx_word' id='word_1_763' title='bbox 2542 4880 2618 4950; x_wconf 80' lang='grc' dir='ltr'>μὴ</span> <span class='ocrx_word' id='word_1_764' title='bbox 2646 4877 2983 4949; x_wconf 85' lang='grc' dir='ltr'>ἀνθρώποις,</span> <span class='ocrx_word' id='word_1_765' title='bbox 3008 4877 3123 4932; x_wconf 81' lang='grc' dir='ltr'>ἀλλ’</span> <span class='ocrx_word' id='word_1_766' title='bbox 3146 4876 3297 4946; x_wconf 79' lang='grc' dir='ltr'>αὐτῷ</span> <span class='ocrx_word' id='word_1_767' title='bbox 3314 4874 3628 4944; x_wconf 70' lang='grc' dir='ltr'>ψευδόμενοι</span> <span class='ocrx_word' id='word_1_768' title='bbox 3646 4865 3713 4935; x_wconf 79' lang='grc' dir='ltr'>τῷ</span> 
     </span>
    </p>
   </div>
   <div class='ocr_carea' id='block_1_108' title="bbox 2157 4959 3713 5043">
    <p class='ocr_par' dir='ltr' id='par_1_108' title="bbox 2157 4959 3713 5043">
     <span class='ocr_line' id='line_1_108' title="bbox 2157 4959 3713 5043; baseline -0.009 -17"><span class='ocrx_word' id='word_1_769' title='bbox 2157 4973 2299 5042; x_wconf 74' lang='grc' dir='ltr'>Θεῷς</span> <span class='ocrx_word' id='word_1_770' title='bbox 2333 4974 2495 5043; x_wconf 82' lang='grc' dir='ltr'>Ζὴτει</span> <span class='ocrx_word' id='word_1_771' title='bbox 2517 4972 2610 5041; x_wconf 78' lang='grc' dir='ltr'><strong>καὶ</strong></span> <span class='ocrx_word' id='word_1_772' title='bbox 2640 4973 2699 5024; x_wconf 84' lang='grc' dir='ltr'>ὲν</span> <span class='ocrx_word' id='word_1_773' title='bbox 2728 4970 2806 5041; x_wconf 81' lang='grc' dir='ltr'>τῷ</span> <span class='ocrx_word' id='word_1_774' title='bbox 2831 4968 2908 5034; x_wconf 78' lang='grc' dir='ltr'><strong>λζ’</strong></span> <span class='ocrx_word' id='word_1_775' title='bbox 2940 4987 3062 5039; x_wconf 82' lang='grc' dir='ltr'>κεφ.</span> <span class='ocrx_word' id='word_1_776' title='bbox 3087 4969 3183 5023; x_wconf 77' lang='grc' dir='ltr'>τοῦ</span> <span class='ocrx_word' id='word_1_777' title='bbox 3209 4970 3259 5023; x_wconf 80' lang='grc' dir='ltr'>Κ</span> <span class='ocrx_word' id='word_1_778' title='bbox 3286 4966 3549 5039; x_wconf 80' lang='grc' dir='ltr'>στοιχείου</span> <span class='ocrx_word' id='word_1_779' title='bbox 3575 4959 3713 5015; x_wconf 70' lang='grc' dir='ltr'>κανί-</span> 
     </span>
    </p>
   </div>
   <div class='ocr_carea' id='block_1_109' title="bbox 2158 5049 3029 5135">
    <p class='ocr_par' dir='ltr' id='par_1_109' title="bbox 2158 5049 3029 5135">
     <span class='ocr_line' id='line_1_109' title="bbox 2158 5049 3029 5135; baseline -0.011 -14"><span class='ocrx_word' id='word_1_780' title='bbox 2158 5082 2225 5121; x_wconf 86' lang='grc' dir='ltr'><strong>να</strong></span> <span class='ocrx_word' id='word_1_781' title='bbox 2257 5070 2295 5135; x_wconf 69' lang='grc' dir='ltr'>ιι</span> <span class='ocrx_word' id='word_1_782' title='bbox 2322 5066 2420 5134; x_wconf 84' lang='grc' dir='ltr'>τῆς</span> <span class='ocrx_word' id='word_1_783' title='bbox 2444 5070 2497 5127; x_wconf 80' lang='grc' dir='ltr'>ς’</span> <span class='ocrx_word' id='word_1_784' title='bbox 2528 5062 2771 5116; x_wconf 70' lang='grc' dir='ltr'>συνόδου.</span> <span class='ocrx_word' id='word_1_785' title='bbox 2881 5049 2889 5056; x_wconf 65' lang='grc'><em>’</em></span> <span class='ocrx_word' id='word_1_786' title='bbox 3024 5050 3029 5057; x_wconf 67' lang='grc'>’</span> 
     </span>
    </p>
   </div>
   <div class='ocr_carea' id='block_1_110' title="bbox 2828 5154 3049 5222">
    <p class='ocr_par' dir='ltr' id='par_1_110' title="bbox 2828 5154 3049 5222">
     <span class='ocr_line' id='line_1_110' title="bbox 2828 5154 3049 5222; baseline -0.005 -14"><span class='ocrx_word' id='word_1_787' title='bbox 2828 5154 3049 5222; x_wconf 82' lang='grc' dir='ltr'>Νόμος.</span> 
     </span>
    </p>
   </div>
   <div class='ocr_carea' id='block_1_111' title="bbox 2229 5233 3712 5323">
    <p class='ocr_par' dir='ltr' id='par_1_111' title="bbox 2229 5233 3712 5323">
     <span class='ocr_line' id='line_1_111' title="bbox 2229 5233 3712 5323; baseline -0.011 -20"><span class='ocrx_word' id='word_1_788' title='bbox 2229 5250 2550 5323; x_wconf 73' lang='grc' dir='ltr'>Κελεύομεν</span> <span class='ocrx_word' id='word_1_789' title='bbox 2587 5248 2799 5311; x_wconf 82' lang='grc' dir='ltr'>πάντας</span> <span class='ocrx_word' id='word_1_790' title='bbox 2832 5249 3173 5311; x_wconf 29' lang='grc' dir='ltr'>ἐπισκόπου-ς</span> <span class='ocrx_word' id='word_1_791' title='bbox 3202 5263 3263 5320; x_wconf 85' lang='grc' dir='ltr'><strong>τε</strong></span> <span class='ocrx_word' id='word_1_792' title='bbox 3307 5245 3401 5298; x_wconf 76' lang='grc' dir='ltr'>καὶ</span> <span class='ocrx_word' id='word_1_793' title='bbox 3433 5233 3712 5312; x_wconf 65' lang='grc' dir='ltr'>πρεσϐυτέυ</span> 
     </span>
    </p>
   </div>
   <div class='ocr_carea' id='block_1_112' title="bbox 2161 5329 3710 5417">
    <p class='ocr_par' dir='ltr' id='par_1_112' title="bbox 2161 5329 3710 5417">
     <span class='ocr_line' id='line_1_112' title="bbox 2161 5329 3710 5417; baseline -0.007 -18"><span class='ocrx_word' id='word_1_794' title='bbox 2161 5363 2312 5417; x_wconf 79' lang='grc' dir='ltr'>ρους,</span> <span class='ocrx_word' id='word_1_795' title='bbox 2352 5344 2429 5417; x_wconf 82' lang='grc' dir='ltr'>μὴ</span> <span class='ocrx_word' id='word_1_796' title='bbox 2464 5342 2612 5397; x_wconf 82' lang='grc' dir='ltr'>κατὰ</span> <span class='ocrx_word' id='word_1_797' title='bbox 2639 5344 2701 5395; x_wconf 83' lang='grc' dir='ltr'><strong>τὸ</strong></span> <span class='ocrx_word' id='word_1_798' title='bbox 2738 5341 3178 5415; x_wconf 81' lang='grc' dir='ltr'>σεσιωπημένον,</span> <span class='ocrx_word' id='word_1_799' title='bbox 3215 5339 3351 5395; x_wconf 86' lang='grc' dir='ltr'><strong>ἀλλὰ</strong></span> <span class='ocrx_word' id='word_1_800' title='bbox 3382 5335 3520 5408; x_wconf 79' lang='grc' dir='ltr'>μετὰ</span> <span class='ocrx_word' id='word_1_801' title='bbox 3546 5329 3710 5402; x_wconf 81' lang='grc' dir='ltr'>φωνῆς</span> 
     </span>
    </p>
   </div>
   <div class='ocr_carea' id='block_1_113' title="bbox 2156 5425 3708 5507">
    <p class='ocr_par' dir='ltr' id='par_1_113' title="bbox 2156 5425 3708 5507">
     <span class='ocr_line' id='line_1_113' title="bbox 2156 5425 3708 5507; baseline -0.012 -16"><span class='ocrx_word' id='word_1_802' title='bbox 2156 5425 2234 5507; x_wconf 80' lang='grc' dir='ltr'>τῷ</span> <span class='ocrx_word' id='word_1_803' title='bbox 2276 5435 2593 5505; x_wconf 80' lang='grc' dir='ltr'>πιστοτάτῳ</span> <span class='ocrx_word' id='word_1_804' title='bbox 2639 5433 2755 5502; x_wconf 84' lang='grc' dir='ltr'>λαῷ</span> <span class='ocrx_word' id='word_1_805' title='bbox 2786 5431 3212 5501; x_wconf 75' lang='grc' dir='ltr'>ἐξακουομένης,</span> <span class='ocrx_word' id='word_1_806' title='bbox 3240 5431 3338 5500; x_wconf 84' lang='grc' dir='ltr'><strong>τὴν</strong></span> <span class='ocrx_word' id='word_1_807' title='bbox 3369 5428 3520 5482; x_wconf 83' lang='grc' dir='ltr'>θείαν</span> <span class='ocrx_word' id='word_1_808' title='bbox 3562 5434 3708 5490; x_wconf 85' lang='grc' dir='ltr'>προσ-</span> 
     </span>
    </p>
   </div>
   <div class='ocr_carea' id='block_1_114' title="bbox 2159 5523 3709 5601">
    <p class='ocr_par' dir='ltr' id='par_1_114' title="bbox 2159 5523 3709 5601">
     <span class='ocr_line' id='line_1_114' title="bbox 2159 5523 3709 5601; baseline -0.014 -17"><span class='ocrx_word' id='word_1_809' title='bbox 2159 5530 2411 5601; x_wconf 79' lang='grc' dir='ltr'>κομιδὴν,</span> <span class='ocrx_word' id='word_1_810' title='bbox 2452 5528 2548 5581; x_wconf 75' lang='grc' dir='ltr'>καὶ</span> <span class='ocrx_word' id='word_1_811' title='bbox 2588 5528 2689 5597; x_wconf 77' lang='grc' dir='ltr'><strong>τὴν</strong></span> <span class='ocrx_word' id='word_1_812' title='bbox 2717 5528 2814 5578; x_wconf 74' lang='grc' dir='ltr'>ἐπὶ</span> <span class='ocrx_word' id='word_1_813' title='bbox 2842 5524 2922 5591; x_wconf 84' lang='grc' dir='ltr'>τῷ</span> <span class='ocrx_word' id='word_1_814' title='bbox 2949 5525 3089 5599; x_wconf 83' lang='grc' dir='ltr'>ἁγίῳ</span> <span class='ocrx_word' id='word_1_815' title='bbox 3119 5523 3459 5595; x_wconf 78' lang='grc' dir='ltr'>βαπτίσματι</span> <span class='ocrx_word' id='word_1_816' title='bbox 3497 5527 3709 5587; x_wconf 88' lang='grc' dir='ltr'>προσευ-</span> 
     </span>
    </p>
   </div>
   <div class='ocr_carea' id='block_1_115' title="bbox 2156 5601 3705 5691">
    <p class='ocr_par' dir='ltr' id='par_1_115' title="bbox 2156 5601 3705 5691">
     <span class='ocr_line' id='line_1_115' title="bbox 2156 5601 3705 5691; baseline -0.007 -19"><span class='ocrx_word' id='word_1_817' title='bbox 2156 5620 2259 5691; x_wconf 83' lang='grc' dir='ltr'>χὴν</span> <span class='ocrx_word' id='word_1_818' title='bbox 2290 5617 2586 5682; x_wconf 84' lang='grc' dir='ltr'>ποιεῖσθαι,</span> <span class='ocrx_word' id='word_1_819' title='bbox 2608 5615 2744 5687; x_wconf 81' lang='grc' dir='ltr'>πρὸς</span> <span class='ocrx_word' id='word_1_820' title='bbox 2769 5616 2829 5669; x_wconf 83' lang='grc' dir='ltr'><strong>τὸ</strong></span> <span class='ocrx_word' id='word_1_821' title='bbox 2854 5614 3149 5669; x_wconf 79' lang='grc' dir='ltr'>κάντεῦθεν</span> <span class='ocrx_word' id='word_1_822' title='bbox 3173 5614 3285 5669; x_wconf 86' lang='grc' dir='ltr'><strong>τῶν</strong></span> <span class='ocrx_word' id='word_1_823' title='bbox 3308 5610 3604 5668; x_wconf 84' lang='grc' dir='ltr'>ἀκουόντων</span> <span class='ocrx_word' id='word_1_824' title='bbox 3622 5601 3705 5661; x_wconf 78' lang='grc' dir='ltr'><strong>τὰς</strong></span> 
     </span>
    </p>
   </div>
   <div class='ocr_carea' id='block_1_116' title="bbox 2156 5694 3709 5781">
    <p class='ocr_par' dir='ltr' id='par_1_116' title="bbox 2156 5694 3709 5781">
     <span class='ocr_line' id='line_1_116' title="bbox 2156 5694 3709 5781; baseline -0.01 -15"><span class='ocrx_word' id='word_1_825' title='bbox 2156 5711 2335 5781; x_wconf 61' lang='grc' dir='ltr'>ψυχὰς</span> <span class='ocrx_word' id='word_1_826' title='bbox 2380 5711 2461 5771; x_wconf 72' lang='grc' dir='ltr'><strong>είς</strong></span> <span class='ocrx_word' id='word_1_827' title='bbox 2498 5708 2726 5762; x_wconf 80' lang='grc' dir='ltr'>πλείονα</span> <span class='ocrx_word' id='word_1_828' title='bbox 2760 5707 3054 5771; x_wconf 78' lang='grc' dir='ltr'>κατάνυξιν</span> <span class='ocrx_word' id='word_1_829' title='bbox 3096 5710 3192 5760; x_wconf 76' lang='grc' dir='ltr'>καὶ</span> <span class='ocrx_word' id='word_1_830' title='bbox 3232 5708 3331 5778; x_wconf 84' lang='grc' dir='ltr'><strong>τὴν</strong></span> <span class='ocrx_word' id='word_1_831' title='bbox 3365 5703 3499 5774; x_wconf 77' lang='grc' dir='ltr'>πρὸς</span> <span class='ocrx_word' id='word_1_832' title='bbox 3523 5698 3606 5753; x_wconf 74' lang='grc' dir='ltr'><strong>τὸν</strong></span> <span class='ocrx_word' id='word_1_833' title='bbox 3628 5694 3709 5745; x_wconf 79' lang='grc' dir='ltr'><strong>Δε-</strong></span> 
     </span>
    </p>
   </div>
   <div class='ocr_carea' id='block_1_117' title="bbox 2162 5799 3276 5873">
    <p class='ocr_par' dir='ltr' id='par_1_117' title="bbox 2162 5799 3276 5873">
     <span class='ocr_line' id='line_1_117' title="bbox 2162 5799 3276 5873; baseline -0.003 -16"><span class='ocrx_word' id='word_1_834' title='bbox 2162 5803 2366 5873; x_wconf 80' lang='grc' dir='ltr'>σπότην</span> <span class='ocrx_word' id='word_1_835' title='bbox 2392 5801 2522 5855; x_wconf 72' lang='grc' dir='ltr'>Θεὸν</span> <span class='ocrx_word' id='word_1_836' title='bbox 2548 5801 2922 5857; x_wconf 81' lang='grc' dir='ltr'>διανίστασθαι</span> <span class='ocrx_word' id='word_1_837' title='bbox 2947 5799 3276 5869; x_wconf 77' lang='grc' dir='ltr'>δοξολογίαν.</span> 
     </span>
    </p>
   </div>
  </div>
