4054 6448
523 371 657 431 ιτςεω

840 483 994 555 142
1036 483 1307 538 INITIUM
1339 482 1672 538 LITTEIKE
1706 486 1771 538 Θ.

633 596 782 649 (ἷΛΡ.
811 597 850 648 1.
890 597 961 650 De
992 599 1209 651 theatris
1241 607 1290 651 et
1322 598 1540 652 diversis
1567 598 1785 652 scenicis
1820 598 1992 651 ludis.-

596 755 1094 824 Quinquugesimus
1119 764 1347 823 quartus
1384 753 1716 808 Laodicenat‘
1755 748 1949 824 synodi
1999 769 2094 807 ca-

1709 328 2080 434 MATTHJEI
2120 375 2542 437 BLASTABIS

2121 493 2170 548 Δ

3615 378 3732 441 1310

2551 490 2743 543 ΑΡΧΗ
2776 489 2916 544 ΤΟΥ
2945 491 2989 544 Θ
3016 491 3406 548 ΣΊὈΙΧἘΙΟΥ.

2195 601 2450 658 ΚΕΦΑΛ.
2508 603 2586 656 A’.
2629 605 2766 674 Περὶ
2825 604 2944 658 τῶν
2979 607 3240 673 θεάτρων
3286 607 3382 659 καὶ
3421 605 3736 674 θυμελικῶν

2651 673 2954 740 διαφόρων
2991 678 3302 743 παηνίων.

2279 763 2336 814 '0
2390 763 2462 815 ἰδ’
2511 765 2610 830 τῆς
2670 767 2728 816 ὲν
2769 766 3074 836 Λαοδικείᾳ·
3115 768 3334 820 συνόδου
3389 764 3567 820 κανὼν
3603 768 3737 834 ἱερα-

523 866 632 904 non
688 859 930 903 sacratos
957 847 1039 899 vel
1063 845 1290 900 clericos
1316 847 1368 898 in
1399 847 1601 914 nuptiis
1623 845 1701 899 vel
1730 845 1920 898 inaliis
1944 844 2095 898 festis

2213 855 2380 916 εικους
2439 852 2472 923 ἦ
2535 855 2853 924 κληρικοὺς,
2925 860 3006 920 είς
3063 859 3275 926 γάμους
3335 855 3381 929 ῆ”
3435 859 3514 921 είς
3570 858 3741 926 ἑορτὰς

524 939 773 995 convivio
797 945 1069 1004 exceptos,
1107 937 1171 988 ad
1200 937 1454 996 ridicula.
1490 951 1610 1003 qua:
1641 937 1693 989 in
1730 937 1796 990 iis
1842 936 1958 989 liceri
2005 950 2097 989 30‘-

527 1033 637 1084 lent
664 1030 728 1082 ad
759 1033 930 1082 risum
963 1027 1331 1088 excitandum,
1369 1026 1680 1093 spectacula
1725 1026 1946 1079 omnino
1970 1041 2097 1078 ocu-

525 1122 608 1176 los
638 1135 744 1173 non
773 1126 1114 1177 convertere,
1149 1131 1248 1170 nec
1279 1117 1345 1172 iis
1370 1126 1602 1170 mentem
1629 1117 1887 1170 adhibere
1917 1117 2111 1183 jubet,-

527 1212 622 1266 sed
655 1221 946 1279 antequam
983 1207 1359 1278 ingrediantur
1409 1209 1700 1263 histriones
1725 1247 1744 1274 ,
1799 1207 2098 1263 discedere.

596 1402 734 1456 Huic
761 1401 924 1454 etiam
950 1415 1186 1469 congrua
1220 1400 1291 1453 24
1319 1407 1488 1455 sexta:
1517 1399 1712 1469 synodi
1746 1401 2056 1455 decernens
2079 1447 2114 1477 ,.

532 1503 780 1550 sacratos
840 1507 892 1546 et
934 1495 1231 1546 monachos
1266 1492 1318 1545 in
1358 1507 1622 1560 equorum
1679 1491 1968 1545 curriculis
2011 1507 2100 1546 as-

528 1584 741 1644 sistere,
774 1593 826 1638 et
854 1583 1084 1637 scenicis
1115 1584 1256 1637 ludis
1313 1584 1580 1636 interesse
1637 1583 1890 1650 prohibet
1919 1599 1932 1634 :
1967 1597 2108 1635 nam

530 1675 790 1729 verbatim
846 1675 1051 1728 dictum
1109 1688 1373 1728 canonem
1426 1672 1647 1727 Patrum
1695 1675 1746 1726 iu
1811 1673 2099 1726 Laodicea'

2199 948 2392 1016 ἑτέρας
2445 947 2835 1015 ἑστιωμένους,
2898 948 3130 1001 κελεύει
3177 950 3314 1012 ὅλως
3379 950 3455 1018 μὴ
3513 949 3743 1012 ἐπιστρέ-

2200 1033 2397 1100 φεσθαι
2450 1035 2544 1086 καὶ
2577 1035 2843 1089 τὸντνοῦν-
2876 1039 3168 1105 προσέχειν
3212 1038 3332 1099 ταῖξ
3380 1039 3651 1099 εἰωθυίαις
3693 1041 3741 1090 ἐν

2199 1121 2406 1183 τούτοις
2441 1123 2710 1188 γίνεσθαιτ
2741 1121 3165 1190 καταγελάστοις
3209 1123 3347 1192 πρὸς
3387 1127 3593 1192 γέλωτα
3626 1127 3744 1180 θεω-

2205 1213 2371 1281 ρίαις,
2391 1214 2554 1273 ἀλλὰ,
2585 1216 2868 1286 πρὶνλτοὺς
2894 1213 3083 1286 ὲκίτῆς
3111 1212 3614 1286 θὐμὲλῖηςξίσιέναι,
3640 1219 3745 1271 τού-

2203 1313 2326 1363 τους
2351 1304 2700 1374 ἀναχωρεῖν.-

2275 1392 2493 1464 Συνῳδά
2519 1395 2696 1463 τούτῳ
2718 1394 2827 1450 καὶ
2854 1389 3116 1464 ὁ⁷κδ¹”τῆς
3142 1406 3198 1462 ς’
3214 1394 3456 1454 ’συνόδου
3486 1398 3743 1453 διαταττό-

2203 1501 2364 1553 μενος
2404 1487 2620 1540 κωλύει·
2652 1489 2778 1550 τοὺς
2825 1491 3164 1559 ἱερωμένους
3213 1502 3312 1544 και
3369 1494 3628 1560 μοναχοῦς
3676 1493 3746 1552 εἰς

2203 1579 2568 1646 ἱπποδρομίας
2597 1580 2818 1632 ἀπιέναι
2867 1581 2962 1633 καὶ
3012 1582 3322 1649 θυμελικῶν
3370 1583 3630 1649 παιγνίων
3671 1583 3749 1634 ἀν-

2200 1669 2444 1737 έχεσθαι,
2495 1669 2746 1739 ἐκτίθησι
2795 1664 2854 1722 δὲ
2899 1671 2994 1724 καὶ
3027 1671 3120 1723 τὸν
3153 1671 3389 1741 ρηθέντα
3436 1671 3574 1724 κατὰ
3615 1671 3749 1738 ῥῆμα

527 1768 770 1835 expauit.
799 1764 898 1830 Qui
935 1777 1115 1818 autem
1161 1767 1244 1817 his
1277 1767 1440 1818 rebus
1475 1781 1535 1819 se
1582 1765 1859 1834 applicare
1912 1765 2098 1831 depre-

2213 1759 2412 1812 ιιανὸνσ“
2430 1760 2539 1812 τῶν
2572 1761 2630 1813 ὲν
2652 1761 2946 1833 Λαοδικείᾳ
2979 1759 3238 1831 Πάτέρων
3265 1779 3279 1792 ·
3322 1764 3452 1825 τοὺς
3473 1763 3528 1814 δὲ
3561 1761 3750 1821 τούτοις

531 1857 863 1918 hentluntur,
895 1857 978 1908 vel
1006 1871 1226 1910 cessare
1249 1857 1422 1923 jubet.
1464 1857 1546 1908 vel
1575 1896 1589 1917 ,
1621 1857 1667 1910 si
1712 1865 2096 1924 permaneant,

530 1947 756 2016 deponi.
791 1947 1031 2003 Consule
1060 1946 1226 2000 etiam
1258 1948 1288 1998 7
1312 1956 1477 2016 caput
1505 1947 1699 2000 litterae
1728 1945 1788 2000 Γ.

598 2125 1094 2195 Quinquagesimus
1123 2124 1335 2194 primus
1363 2123 1609 2191 ejusdem
1669 2137 1721 2176 Vl
1767 2121 1960 2192 synodi
1994 2120 2099 2174 mi-

529 2233 651 2272 mos
667 2218 864 2278 dictos,
896 2225 952 2269 ct
977 2229 1166 2269 eorum
1192 2216 1425 2279 theatra,
1455 2224 1511 2270 et
1562 2215 1912 2268 venationum
1949 2227 2104 2281 spec-

529 2306 734 2372 tacula,
774 2315 828 2359 et
865 2319 989 2374 quae
1019 2303 1154 2358 tiunt
1185 2303 1239 2357 in
1267 2305 1448 2358 scenis
1485 2302 1804 2357 saltationes
1828 2341 1842 2364 ,
1875 2303 2096 2371 penitus

527 2413 746 2454 cessare
783 2396 993 2450 statuit.
1019 2394 1151 2448 Nam
1183 2395 1367 2449 ﬁdeles
1427 2395 1600 2448 vitam
1638 2395 1906 2448 dissolute
1952 2393 2106 2448 insti-

529 2499 682 2543 tuere
708 2501 814 2542 nou
850 2488 972 2542 vult
995 2485 1328 2555 Evangelicm
1358 2477 1662 2554 disciplinae
1697 2486 2100 2554 praescriptum,

531 2596 727 2648 neque,
773 2595 896 2649 quae
951 2579 1118 2634 animi
1142 2579 1554 2633 contentionem
1611 2579 1942 2640 dissolvunt,
1991 2586 2106 2633 stu-

530 2671 686 2725 diose
713 2669 968 2738 prosequi
994 2708 1009 2734 ,
1048 2669 1138 2722 sed
1166 2683 1287 2737 qua:
1317 2677 1536 2722 sanctos
1565 2667 1743 2722 docet.
1768 2667 2105 2722 Mimosvero

529 2770 693 2819 vocat
725 2774 817 2814 eos
847 2760 941 2828 qui
972 2758 1338 2828 quorumdam
1393 2773 1558 2812 voces
1597 2770 1650 2811 et
1678 2773 1858 2812 mores
1889 2757 2106 2810 imitan-

530 2858 644 2913 tur,
691 2858 753 2903 ut
790 2848 858 2902 ad
915 2847 1255 2902 inconditum
1319 2846 1488 2898 risum
1531 2854 1774 2900 astantes
1840 2844 2104 2899 excitent.

532 2939 894 2994 Venatiovmm
939 2954 1068 3000 vero
1099 2938 1469 3006 spectaculum
1528 2954 1635 2991 non
1695 2953 1820 2992 cutn
1873 2937 2104 2991 canibus

531 3029 890 3093 venaridicit,
923 3028 1003 3081 vel
1037 3029 1144 3081 alio
1173 3028 1372 3093 modo;
1409 3043 1530 3080 nam
1559 3028 1936 3096 spectaculum
1972 3025 2102 3080 illud

2202 1852 2565 1920 προσανέχειν
2619 1852 2848 1913 ἁλόντας
2883 1853 2916 1919 ἢ
2952 1851 3271 1906 παύσασθαι
3308 1852 3691 1923 παραγγέλλει,
3720 1851 3748 1918 ἢ

2203 1945 2565 2011 ἐπιμένοντας
2594 1942 2998 2016 καθαιρεῖσθαι.
3024 1945 3188 2016 Ζὴτει
3219 1945 3317 1998 καὶ
3352 1945 3414 1998 τὸ
3445 1945 3489 2008 ζ’
3523 1961 3642 2012 κεφ,
3671 1941 3750 1994 τού

2204 2029 2245 2084 Γ
2278 2032 2568 2101 στοιχείου.

2285 2121 2354 2176 Ὅν
2374 2123 2430 2176 δὲ
2470 2125 2672 2194 vafri];
2698 2124 2868 2193 αὐτῆς
2895 2120 3064 2195 ἕκτης
3103 2121 3330 2180 συνόδου
3383 2127 3510 2188 τοὺς
3550 2125 3753 2195 λεγομέ-

2203 2231 2327 2278 νους
2355 2215 2524 2285 μίμου
2536 2217 2699 2280 qua!
2725 2216 2796 2269 τὰ
2822 2216 3028 2271 τούτων
3055 2219 3280 2289 θέατρα⁸
3324 2219 3507 2272 καὶτὰ
3547 2219 3649 2270 τῶν
3671 2234 3752 2270 κυα

2204 2308 2415 2377 νηγίων·
2453 2308 2677 2377 θεώρια,
2729 2309 2823 2362 καὶ
2861 2310 2959 2370 τὰς
2993 2310 3087 2361 ἐπὶ
3124 2311 3334 2381 σκηνῆς
3371 2311 3622 2381 ὀρχήσεις
3679 2325 3752 2360 τε-

2205 2398 2342 2460 λέως
2380 2399 2619 2468 ἀργῆσαι
2672 2399 2980 2468 νομοθετεῖ;
3022 2398 3166 2463 Τοὺς
3212 2400 3324 2470 γὰρ
3355 2400 3576 2463 πιστοὺς
3618 2397 3754 2469 ήτῆς

2207 2491 2570 2560 εύαγγελικῆς
2655 2491 2934 2554 πολιτείας
3000 2492 3261 2560 ἀκρίϐεια
3339 2492 3416 2562 μὴ
3483 2489 3752 2549 ἀνειμένως

2209 2586 2358 2654 βιοῦν
2391 2583 2662 2654 βούλεται,
2704 2582 2839 2651 μηδὲ
2885 2583 2953 2635 τὰ
2989 2585 3294 2652 χαυνοῦντα
3337 2584 3432 2636 τὸν
3476 2584 3569 2647 τῆς
3598 2580 3751 2650 ψυχῆς

2207 2681 2358 2733 τόνον
2383 2665 2903 2744 ὲπιτηδεύειν,.ἀλλ’
2935 2672 3208 2743 ᾱ·πρέπει
3242 2673 3447 2740 ἀγίοις.
3481 2674 3680 2740 Μίμους
3706 2667 3753 2721 δέ

2207 2789 2342 2842 φησι
2397 2769 2525 2832 τοὺς
2562 2769 2719 2821 ἐνίων
2765 2767 3257 2836 ἀπομιμουμένους
3305 2767 3490 2835 φωνὰς
3532 2764 3623 2818 καὶ
3644 2762 3753 2833 ἢθη,

2209 2869 2347 2935 πρὸς
2393 2863 2453 2914 τὸ
2482 2861 2646 2930 γελᾷν
2683 2858 2943 2928 ἀκρατῶς
2967 2859 3096 2920 τοὺς
3116 2859 3403 2927 παρόντας
3431 2853 3754 2925 παρασκευά-

2209 2971 2325 3008 σαι.
2385 2953 2670 3021 Κυνηγίων
2715 2947 2774 3004 δὲ
2822 2950 3058 3020 θεωρίαν
3097 2950 3159 3002 ού
3193 2948 3252 3003 τὺ
3285 2950 3464 3018 θηρᾷν
3510 2947 3649 3013 λέγει
3684 2941 3756 2994 διὰ

2209 3046 2387 3100 κυνῶν
2445 3045 2478 3114 ἢ
2522 3043 2698 3104 ἄλλως
2749 3054 2891 3105 πως,
2932 3041 3089 3094 τοῦτο
3113 3041 3241 3110 γὰρ’
3267 3039 3454 3108 ἔργον,
3488 3037 3547 3090 ού
3579 3032 3756 3101 θεωρία⁵

534 3137 643 3176 non
677 3129 779 3184 est,
817 3119 908 3174 sed
945 3119 1122 3183 actio;
1161 3135 1348 3172 verum
1384 3122 1437 3172 in
1468 3119 1680 3188 magnis
1715 3119 1947 3172 urbibus
1978 3117 2104 3170 l’crcc

2214 3139 2384 3202 ἐστὶν,
2423 3136 2536 3190 ἀλλ’
2586 3138 2643 3190 ὲν
2691 3138 2810 3199 ταῖς
2851 3135 3137 3204 μεγίσταις
3187 3133 3301 3186 τῶν
3357 3134 3562 3184 πόλεων
3613 3126 3755 3193 θηρία

533 3211 740 3273 bestiae,
785 3219 907 3278 puta
956 3209 1139 3262 leones
1171 3219 1223 3262 et
1245 3209 1379 3272 ursi,
1430 3209 1738 3272 alebantur,
1799 3223 1920 3275 quae
1975 3207 2098 3274 qui-

533 3301 658 3356 dem
687 3300 845 3355 statis
887 3298 1222 3366 temporibns
1257 3300 1309 3350 in
1366 3299 1576 3351 theatra
1615 3300 2002 3360 educerentur,
2051 3303 2107 3348 et

536 3405 682 3445 nunc
714 3391 930 3458 quidem
981 3404 1104 3444 eum
1131 3390 1300 3442 tauris
1323 3390 1607 3442 colluctari
1632 3389 2108 3456 permittebantur,

539 3497 684 3536 nunc
730 3497 860 3534 vero
895 3497 1018 3535 cum
1056 3481 1394 3546 hominibus,
1429 3481 1514 3534 vel
1543 3480 1773 3546 captivis
1808 3480 1890 3534 vel
1917 3479 1994 3532 rei
2021 3493 2112 3532 ca-

539 3567 721 3641 pitalis
754 3571 1064 3635 damnatis;
1117 3581 1175 3623 ut
1207 3571 1327 3624 illos
1377 3569 1441 3623 ad
1474 3570 1838 3637 spectantium
1870 3569 2114 3623 oblecta-

538 3665 743 3716 tionem
775 3661 1123 3715 dilaniareut.
1150 3660 1252 3714 [lic
1284 3675 1414 3714 vero
1441 3675 1616 3712 canon
1651 3660 1877 3712 multam
1914 3674 2108 3712 eorum

539 3751 802 3808 saevitiam
829 3750 1098 3824 prohibet,
1129 3751 1222 3818 qui
1256 3754 1324 3802 ad
1353 3751 1602 3818 proprias
1629 3750 1938 3816 voluptates
1975 3750 2114 3802 alio—

541 3859 663 3897 rum
715 3844 1016 3896 abutuntur
1071 3841 1249 3905 clade,
1298 3852 1351 3895 et
1399 3841 1705 3896 consimilis
1743 3841 1848 3896 sibi
1905 3848 2116 3895 naturae

543 3931 828 3988 hominum
879 3933 1144 4002 sanguine
1179 3932 1534 3986 delectantur.
1583 3932 1756 3984 Scena
1817 3946 1980 4000 porro
2034 3940 2117 3985 est

541 4023 858 4078 assimulata
884 4023 1160 4088 imitatio;
1191 4023 1335 4078 unde
1379 4031 1433 4076 et
1480 4022 1682 4078 scenici
1731 4021 1985 4076 dicuntur
2033 4023 2118 4076 hi-
2174 4028 2177 4033 ‘

543 4115 806 4182 striones,
829 4114 922 4183 qui
947 4115 1245 4185 aliquando
1275 4130 1585 4179 servorum,
1615 4113 1909 4184 aliquando
1939 4113 2120 4168 domi.

546 4199 811 4269 norutn,'
838 4206 924 4260 vel
985 4208 1326 4260 exercituum
1373 4205 1665 4260 ductorum
1710 4213 1764 4257 ct
1809 4205 2116 4273 principum

547 4309 809 4365 personas
845 4295 1099 4349 induunt.
1150 4294 1413 4349 Scenicas
1437 4295 1598 4365 igitur
1624 4295 1938 4349 saltationes
1973 4295 2118 4347 viro—

547 4401 668 4438 rum
718 4395 769 4437 et
819 4384 1111 4438 mulierum
1167 4384 1535 4438 inverecunde
1626 4381 2021 4439 lascivientium
2066 4390 2121 4436 et

551 4477 784 4545 turpiter
839 4477 1158 4545 agentium,
1212 4484 1268 4529 et
1309 4476 1374 4529 ad
1441 4476 1721 4530 libidinem
1779 4485 2117 4543 spectatores
2153 4456 2194 4512 ί)

549 4569 987 4636 provocantium.
1022 4567 1157 4622 etin
1203 4569 1476 4621 maxillam
1545 4569 1688 4621 ictus
1718 4577 1773 4621 et
1831 4567 2114 4636 strepitus,

2219 4591 2247 4641 ὁ
2279 4585 2483 4648 κανὼν,
2514 4585 2626 4646 τοῖς
2657 4580 2792 4650 πρός
2825 4596 2880 4632 τι
2924 4578 3131 4630 τούτων
3176 4576 3406 4637 ἑαυτοὺς
3444 4565 3760 4624 ὲκδεδωκόσι,

552 4657 848 4730 prohibens
886 4672 1086 4719 canon,
1119 4658 1184 4710 iis
1232 4659 1321 4726 qui
1371 4672 1491 4711 sese
1528 4657 1606 4725 jad
1672 4658 1876 4726 aliquid
1925 4659 2114 4710 horum

2222 4679 2507 4748 κληρικοῖς
2549 4675 2649 4744 μὲν
2683 4667 2806 4724 οὖσι
2837 4669 3159 4739 καθαίρεσιν
3203 4666 3426 4732 ὲπάγει,
3494 4661 3688 4719 λαῖκοῐς
3715 4652 3762 4706 δὲ

551 4747 857 4816 applicant,
934 4747 1152 4802 clericis
1203 4749 1422 4817 quidem
1489 4749 1913 4817 depositionem,
1970 4747 2121 4800 laicis
2223 4747 2548 4842 ἀφὸρισμάνο

551 4858 682 4898 vero
704 4848 1130 4913 segregationem
1177 4847 1442 4900 minatur.

627 4932 760 4987 Vide
815 4937 977 4990 etiam
1043 4937 1287 5006 ejusdem
1343 4937 1539 5009 synodi
1591 4951 1830 4991 canones
1888 4936 1977 5002 62,
2009 4936 2119 4999 63,

553 5027 717 5083 tertio
743 5027 919 5094 capite
954 5026 1149 5082 litterae
1179 5027 1242 5082 E.

627 5117 941 5187 Carthagini.
976 5133 1105 5172 vero
1135 5133 1256 5187 syn.
1303 5133 1428 5172 can.
1474 5118 1541 5172 15
1611 5117 1958 5174 sacerdotum
2000 5116 2126 5171 ﬁliis

553 5211 866 5279 spectacula
893 5225 1152 5278 peragere
1181 5211 1489 5279 prohibuit;
1525 5227 1554 5264 a
1605 5210 1930 5280 quibusdam
1973 5208 2125 5263 enim

555 5297 772 5352 civibus
801 5338 816 5362 ,
849 5299 1285 5362 spectaculorum
1352 5300 1519 5355 nimis
1573 5300 1792 5364 amicis,
1836 5299 2128 5353 alebantur

555 5391 708 5460 equi,
743 5389 809 5444 ad
839 5405 1104 5444 cursuum
1145 5393 1445 5449 certamina
1495 5393 1803 5453 exercitati.
1833 5401 1886 5445 et
1925 5391 1990 5445 ad
2027 5407 2127 5459 pu-

557 5497 716 5551 gnam
759 5481 963 5536 bestiae.
1025 5479 1148 5536 llaec
1187 5493 1369 5537 autem
1423 5498 1531 5538 non
1571 5483 1748 5536 solum
1795 5497 1904 5550 quo
1943 5481 2125 5533 minus

563 5586 594 5623 ιι
629 5570 974 5624 sacerdotum
1023 5570 1148 5625 ﬁliis
1205 5579 1574 5640 peragantur,
1618 5585 1802 5624 verum
1854 5568 2017 5622 etiam
2073 5574 2131 5619 ut

566 5660 678 5714 illic
733 5662 799 5713 ad
862 5660 1154 5715 videndum
1214 5676 1320 5714 non
1375 5662 1958 5724 accedant,cavetur.
2003 5657 2130 5710 Illos

568 5750 719 5814 enim
755 5750 809 5807 in
837 5752 1086 5808 doctrina
1119 5763 1170 5808 ct
1200 5754 1315 5820 lege
1345 5752 1560 5809 Domini
1613 5752 1825 5808 institui
1874 5757 2127 5818 oportet;

2211 3229 2526 3296 ἐτρέφοντο,
2562 3225 2776 3286 λέοντές
2802 3241 2862 3276 τε
2893 3226 2986 3276 καὶ
3004 3223 3220 3290 ἀρκτοι,
3250 3219 3288 3274 δ.
3318 3221 3384 3288 δὴ
3417 3219 3509 3271 καὶ
3531 3214 3662 3268 κατά
3688 3229 3755 3263 τι-⁹

2213 3336 2311 3380 νας
2343 3318 2536 3384 ἐξῆγον
2567 3315 2793 3383 καιροὺς
2845 3315 2937 3364 ὲπὶ
2986 3314 3056 3364 τὰ
3086 3299 3336 3375 θέατρα,
3393 3307 3490 3359 καὶ
3534 3303 3623 3356 νῦν
3673 3298 3756 3368 μὲν

2214 3409 2438 3479 ταύροις
2495 3403 2897 3475 προσπαλαίειν
2947 3403 3198 3469 ἐφίεσαν,
3242 3399 3338 3457 νῦν
3377 3398 3435 3451 δὲ
3479 3393 3756 3463 ἀνθρώποις

2212 3498 2572 3568 δορυαλώτοις
2599 3495 2632 3563 ἢ
2666 3491 3046 3561 κατακρίτοις,
3078 3488 3238 3555 ,ὥστε
3285 3486 3511 3546 τούτους
3555 3483 3759 3535 διασπα-

2219 3565 2431 3657 ρὲιττειν
2477 3582 2611 3653 πρὸς
2641 3580 2833 3652 ἡδονὴν
2867 3578 2977 3632 τῶν
3005 3575 3320 3646 θεωμένων.
3342 3576 3410 3627 "0
3438 3589 3500 3641 γε
3535 3571 3621 3623 καὶ
3652 3565 3758 3618 πολ-

2215 3656 2314 3744 λὴν
2346 3674 2610 3743 ὠμότητα
2647 3670 2946 3740 κατηγορεῖ
2979 3665 3090 3718 τῶν
3135 3665 3347 3717 οἰκείαν
3378 3657 3646 3733 χαρμονὴν
3675 3656 3757 3714 τὰς

2217 3765 2420 3834 ἑτέρων
2447 3760 2733 3832 συμφορὰς
2761 3759 3127 3828 ποιουμένων,
3158 3756 3253 3807 καὶ
3288 3755 3547 3823 ὁμοφυῶν
3573 3746 3758 3813 ἀνθρώ-

2222 3875 2337 3910 πων
2367 3855 2592 3923 αἵμασιν
2623 3851 2925 3922 ἡδομένων.
2958 3846 3140 3916 Σκηνὴ
3169 3845 3224 3898 δέ
3249 3848 3401 3898 ἔστιν
3429 3845 3462 3913 ή
3487 3836 3761 3910 προσποίη-

2221 3965 2312 4008 τος
2368 3945 2677 4013 ύπόκρισις,
2723 3941 2845 3993 ὅθεν
2883 3940 2975 3990 καὶ
3005 3937 3256 4007 σκηνικοὶ
3286 3936 3541 4004 λέγονται
3570 3933 3617 3984 οἱ
3647 3930 3760 3980 iano-

2220 4040 2556 4109 κρινόμενοι,
2611 4033 2706 4088 καὶ
2761 4029 3157 4093 ἀπεικάζοντες
3206 4030 3462 4090 ἑαυτοὺς,
3509 4023 3631 4078 ποτὲ
3679 4018 3762 4084 μὲν

2217 4131 2443 4194 δούλοις,
2483 4126 2612 4179 ποτὲ
2650 4125 2708 4177 δὲ
2738 4124 3044 4186 δεσπόταις,
3095 4121 3512 4191 ἢστρατηγοῐς,
3556 4114 3644 4167 καὶ
3676 4109 3761 4176 ἄρα

2222 4237 2400 4290 χουσι.
2432 4219 2544 4280 Τὰς
2582 4215 2676 4269 οὖν
2708 4215 2802 4268 ἐπὶ
2834 4213 3037 4284 σκηνῆς
3077 4212 3340 4281 ὀρχήσεις
3367 4207 3570 4276 ἀνδρῶν
3599 4220 3654 4255 τε
3683 4195 3762 4250 καὶ

2223 4309 2516 4381 γυναικῶν,
2543 4305 2778 4367 ἀναιδῶς
2799 4304 3166 4372 λογιζομένων
3192 4301 3287 4352 καὶ
3316 4291 3759 4381 ἀσχημονοῦντωνι

2224 4403 2316 4454 καὶ
2351 4403 2431 4462 εἰς
2465 4396 2765 4452 ἀκολασίαν
2800 4395 2926 4457 τοὺς
2951 4393 3194 4462 ὁρῶντας
3225 4387 3657 4456 ἐκκαλουμένων,
3685 4378 3763 4428 καὶ

2219 4495 2288 4546 τὰ
2312 4495 2402 4547 ἐπὶ
2425 4493 2631 4562 κόρρης
2655 4487 2977 4558 ῥαπίσματα
3002 4484 3095 4536 καὶ
3116 4483 3416 4551 ψοφήματα
3438 4470 3762 4543 ἀπαγορεύων

2295 4926 2457 4995 Ζήτει
2490 4924 2584 4976 καὶ
2609 4921 2702 4974 τὸν
2728 4920 2826 4990 τῆς
2857 4916 3080 4971 συνόδου
3112 4914 3318 4984 ταύτης
3354 4911 3433 4982 ξβ¹
3463 4907 3653 4964 κανόνα
3682 4900 3760 4958 καὶ

2227 5013 2298 5080 ξε¹
2335 5016 2390 5066 ὲν
2415 5013 2495 5082 τῷ
2527 5011 2576 5079 γ’
2603 5027 2730 5079 κεφ,
2756 5007 2850 5060 τοῦ
2885 5007 2926 5060 Ε
2952 5007 3248 5076 στοιχείου.
3303 5005 3324 5028 ‘

2309 5107 2368 5158 '0
2393 5104 2450 5158 δὲ
2501 5100 2566 5156 ιε’
2588 5104 2687 5172 τῆς
2729 5104 2787 5155 ὲν
2815 5099 3150 5171 Καρθαγένῃ
3193 5097 3415 5150 συνόδου
3451 5091 3621 5148 κανὼν
3671 5084 3762 5143 τοῖς

2229 5200 2388 5252 παισὶ
2420 5196 2529 5249 τῶν
2561 5195 2752 5266 ἱερέων
2785 5192 3057 5263 ἀπείρηκε
3089 5191 3295 5260 θεώρια
3326 5187 3561 5242 ἐκτελεῖν
3584 5199 3598 5214 ο
3625 5178 3763 5234 ἐνίοις

2231 5288 2342 5358 γὰρ
2367 5285 2475 5340 τῶν
2506 5285 2762 5351 πολιτῶν,
2787 5278 2870 5347 οἷς
2918 5283 3115 5352 ἔμελεν
3142 5283 3176 5348 ἡ
3206 5281 3336 5350 περὶ
3361 5279 3430 5332 τά
3459 5277 3655 5344 θέατρα
3677 5283 3763 5337 μα·

2233 5383 2342 5443 νία,
2371 5376 2527 5430 ἵπποι
2551 5375 2848 5446 ἐτρέφοντο
2870 5376 2949 5437 είς
2975 5373 3212 5442 ἅμιλλαν
3234 5368 3534 5442 ⁴ἤσκημεένοι
3556 5361 3761 5444 δρόμων.

2233 5473 2328 5521 καὶ
2367 5467 2536 5537 θηρία
2585 5469 2665 5528 είς
2695 5466 3067 5536 θηριομαχίαν
3088 5481 3103 5496 ·
3131 5463 3304 5518 ταῦτα
3329 5460 3424 5514 οὖν
3447 5459 3570 5520 τοὺς
3598 5449 3762 5537 παῖδας

2233 5559 2342 5612 τῶν
2409 5535 2601 5628 ίερέων
2663 5535 2879 5627 μὴῄὃτι
2943 5535 3120 5610 τελεῖν
3177 5553 3411 5617 κελεύει,
3469 5546 3600 5601 ἀλλὰ
3650 5535 3763 5628 μηδὲ

2235 5649 2678 5718 ἀφικνουμένους
2722 5649 2905 5702 ἐκεῖσε
2942 5647 3170 5717 θεωρεῖν
3195 5662 3210 5679 ·
3245 5646 3322 5699 δεῖ
3353 5646 3460 5712 γὰρ
3502 5635 3679 5694 αὐτοὺς
3715 5627 3763 5718 ἐν

2237 5717 2454 5812 τιαδείᾳ
2491 5739 2787 5812 τρέφεσθαι
2831 5742 2924 5794 καὶ
2967 5740 3222 5811 νουθεσίᾳ
3253 5737 3484 5807 Κυρίου·
3515 5730 3624 5786 καθ’
3654 5723 3687 5778 ἃ
3709 5717 3760 5784 δὴ
