4054 6420
626 371 730 436 3ί3

594 382 730 446 ιδιδ

1020 485 1287 542 INITIUM
1327 488 1655 547 LlTTElhE
1704 495 1747 548 I.

819 600 973 657 CAP.
1010 602 1050 657 I.
1091 604 1165 658 De
1192 605 1360 659 sacris
1383 580 1522 660 vasis
1556 616 1606 661 et
1640 607 1939 678 sacrilegio.

665 709 1114 779 Septuagesitnus
1180 716 1456 770 Secundus
1517 724 1839 771 sanctorum
1888 714 2167 785 apOstolo-

594 814 739 863 rum.
773 813 832 855 ut
863 811 917 855 et
967 802 1064 881 τῷ,
1100 806 1370 873 eum,qui
1427 807 1496 861 ab
1547 807 1783 862 ecclesia
1839 822 2019 860 ceram
2084 805 2167 859 vel

595 892 775 948 oleum
828 894 1024 959 aufert,
1060 911 1221 964 porro
1262 907 1317 951 et
1361 898 1455 964 qui
1505 913 1597 950 vas
1656 898 2054 952 sanctiﬁcatum
2101 912 2165 949 ex

598 998 739 1039 auro
786 986 865 1040 vel
899 995 1127 1055 argento
1159 988 1387 1052 factum,
1422 987 1506 1041 vel
1538 988 1766 1043 linteum
1800 988 1853 1042 in
1882 990 2166 1058 prOprium

594 1088 754 1127 usum
791 1078 1080 1142 convertit,
1125 1089 1179 1132 et
1211 1093 1506 1132 commune
1539 1078 1697 1140 facit,
1729 1081 1772 1131 si
1807 1096 1911 1132 non
1946 1079 2168 1133 sacrile-

590 1165 700 1233 gii,
731 1173 987 1235 tanquam
1039 1168 1265 1223 sceleris
1317 1178 1499 1223 autem
1555 1171 1838 1237 praemium
1881 1179 2166 1240 reportan-

593 1266 724 1322 tem,
751 1259 1120 1327 segregationi
1145 1261 1463 1329 subjiciunt.
1500 1261 1635 1315 Nam
1672 1261 1875 1329 Achar,
1907 1278 2029 1332 qua;
2057 1264 2165 1316 Deo

590 1364 693 1403 nec
721 1349 902 1404 oblata
946 1360 1121 1415 erant,
1157 1367 1258 1406 nec
1301 1353 1663 1421 sanctiﬁcata,
1695 1355 1789 1409 scd
1820 1356 1999 1409 solum
2040 1370 2166 1423 pro—

596 1438 788 1503 missa,
832 1442 1184 1503 subtrahens,
1214 1454 1490 1499 extremas
1534 1445 1684 1500 dedit
1722 1462 1915 1517 pmnas
1948 1447 2015 1501 ab
2042 1447 2166 1502 uni-

590 1543 748 1582 verso
780 1532 978 1599 populo
1019 1531 1290 1601 lapidibus
1323 1534 1576 1588 obrutus.

661 1620 915 1676 Decimus
946 1638 1076 1677 vero
1118 1625 1309 1693 prima:
1348 1636 1401 1680 et
1451 1629 1708 1682 secunda:
1757 1629 1915 1684 dicta:
1947 1630 2164 1701 synodi,

587 1715 968 1770 dilucidiorem
1016 1717 1209 1770 borum
1241 1735 1514 1775 canonum
1565 1724 1962 1791 interpretatus
2008 1721 2169 1777 men:

1775 381 2137 440 MATTIL‘EI
2183 388 2406 440 timavi
2422 387 2604 437 Attis

2200 513 2249 573 Δ

3683 387 3797 444 ιδιιι

2626 488 2818 544 APXH
2858 490 3000 544 ΤΟΥ
3046 495 3063 545 1
3102 492 3485 553 ΣΙὉΙΧΕΙΟΥ.

2275 605 2523 659 ΚΕΦΑᾹ.
2556 606 2643 687 ‘A'.
2686 606 2823 673 Περὶ
2860 605 3035 673 ἱερῶν
3074 605 3314 661 σκευῶν
3345 608 3443 661 καὶ
3475 608 3797 676 ἱεροσυλίας.

2351 719 2411 774 Ὀ
2434 718 2512 789 οβ’
2538 719 2648 773 τῶν
2684 719 2859 788 ἁγίων
2881 720 3213 786 ἱάποστόλων
3246 721 3447 785 κανὼν,
3472 721 3603 776 ἀλλά
3626 722 3683 789 δὴ
3723 731 3802 776 καὶ

2270 815 2297 868 ό
2342 812 2421 881 ογ¹
2455 813 2549 869 τδν
2590 815 2699 868 ἀπὸ
2754 814 2854 885 τῆς
2885 814 3187 882 ἐκκλησίας
3225 816 3548 885 ἀφελόμενον
3582 815 3801 884 impva

2272 906 2468 972 ἔλαιον,
2500 906 2583 959 ἔτι
2626 906 2683 959 δὲ
2728 905 2918 968 σκεῦος
2976 906 3264 972 ἀγιασθὲν,
3296 905 3502 975 χρυσοῦ
3531 905 3562 976 ἦ
3594 905 3802 975 ἀργύρου

2272 999 2663 1069 πεποιημένον,
2690 1000 2724 1068 ἢ
2751 998 2947 1067 ὀθόνην
2972 1000 3052 1061 εἱς
3080 999 3293 1052 οἰκείαν
3320 1002 3512 1069 χρῆσιν
3528 998 3803 1067 σφετεριζόο

2273 1106 2432 1158 μενον
2465 1090 2560 1142 καῖ⁵
2590 1088 2904 1154 κοινοῦντα,
2939 1090 3057 1158 εἴγε
3090 1091 3168 1161 μὴ
3204 1090 3529 1159 ἱεροσυλίας,
3559 1090 3629 1151 ὡς
3660 1088 3700 1142 δ’
3728 1089 3805 1143 οὖν

2271 1182 2622 1253 παρανομίας
2656 1182 2813 1244 δίκας
2860 1182 3155 1250 ὑπέχοντα,
3187 1182 3479 1251 ἀφορισμῷ
3512 1180 3805 1234 ὑποϐάλλον·

2270 1288 2377 1325 σιν.
2417 1271 2477 1324 '0
2515 1273 2695 1341 ”Axap
2723 1271 2801 1334 δὲ,
2850 1274 2942 1324 καὶ
2978 1272 3124 1341 ἅπερ
3170 1272 3386 1324 οὐδέπω
3420 1270 3535 1339 Θεῷ
3573 1271 3805 1339 προσὴνε-

2271 1378 2419 1423 κται,
2455 1358 2580 1413 οὔτε
2643 1359 2751 1430 μὴν
2800 1360 3075 1428 ἡγίασται,
3115 1358 3255 1412 ἀλλά
3307 1358 3470 1428 μόνον
3509 1358 3807 1426 ἐπήγγελται

2270 1450 2623 1520 ὑφελόμενος,
2654 1450 2755 1519 τὴν
2792 1450 3029 1521 ἐσχάτην
3056 1449 3227 1504 ἔδωκε
3263 1450 3424 1520 δίκην
3461 1446 3807 1511 καταλευσθεὶς

2270 1541 2575 1611 παγγενής.

2352 1632 2411 1687 ’0
2439 1632 2495 1686 δὲ
2530 1630 2560 1685 ι’
2598 1632 2698 1702 τῆς
2730 1631 3036 1702 λεγομένης
3080 1633 3128 1687 α’
3160 1634 3256 1686 καὶ
3284 1632 3330 1703 β’
3361 1632 3594 1697 συνόδου,
3619 1630 3808 1700 ἐκδηλό-

2268 1740 2428 1794 τερον
2479 1724 2591 1776 τῶν
2628 1724 2873 1778 κανόνων
2910 1724 3138 1776 τουτωνὶ
3189 1724 3280 1777 τον
3329 1724 3456 1777 νοῦν
3504 1722 3807 1793 ἑρμηνεύων,

589 1818 695 1861 tem
726 1845 741 1872 ,
801 1809 927 1875 Eos,
960 1810 1159 1880 inquit,
1192 1814 1285 1881 qui
1316 1829 1444 1869 vasa
1474 1815 1557 1868 vel
1603 1828 1783 1870 vestes
1808 1826 1961 1870 extra
1991 1820 2163 1870 altare

2273 1816 2411 1878 Τοὺς
2440 1813 2935 1885 σφετεριζομένους
2964 1816 3034 1868 τὰ
3058 1815 3238 1879 ἐκτὸς,
3262 1816 3418 1885 φησι,
3440 1814 3530 1867 τοῦ
3558 1815 3810 1880 θυσιαστη-

585 1900 650 1953 ad
686 1900 964 1968 proprium
1010 1918 1170 1955 usum
1203 1916 1552 1965 conVertunt,
1581 1921 1702 1975 quae
1732 1907 1797 1958 ad
1831 1906 2017 1973 templi
2066 1920 2158 1959 or-

587 1999 770 2042 natum
825 1991 1165 2046 sanctiﬁcata
1225 1992 1469 2059 fuerunt,
1497 1996 1750 2050 lucernas
1800 1995 1957 2050 verbi
1997 2011 2048 2049 c.
2080 1997 2161 2049 vel

586 2082 861 2146 aulaea,et
895 2084 961 2138 ad
1016 2100 1173 2138 ttsum
1226 2085 1518 2154 profanum
1581 2088 1685 2142 sibi
1736 2088 1868 2156 ipsis
1909 2087 1992 2142 vel
2040 2089 2163 2142 aliis

587 2176 1106 2239 :cromodaveriut,
1143 2177 1477 2245 apostolicus
1533 2195 1709 2234 canon
1760 2187 2049 2249 segregat,
2110 2189 2165 2234 ct

590 2277 691 2317 nos
748 2277 853 2317 una
902 2278 1278 2334 segregamus.
1324 2266 1430 2322 Eos
1489 2278 1702 2334 autem,
1763 2270 1856 2339 qui
1909 2281 2160 2325 sanctum

586 2354 839 2420 calicem,
866 2356 950 2410 vel
978 2357 1214 2422 discum,
1238 2360 1317 2412 vel
1350 2358 1643 2430 forcipem,
1675 2362 1755 2417 vel
1788 2363 2159 2416 venerandum

587 2446 990 2509 iudumentum,
1024 2449 1105 2502 vel
1153 2465 1333 2503 aerem
1364 2450 1567 2506 dictum
1624 2453 1695 2521 (id
1731 2465 1808 2508 est
1832 2453 2160 2522 sudarium),

586 2540 696 2605 vel,
735 2548 793 2594 ut
822 2543 1137 2595 summatim
1170 2542 1389 2609 dicam,
1420 2559 1587 2598 unum
1640 2545 1861 2611 aliquod
1891 2560 1955 2599 ex
1990 2546 2165 2601 sacris

584 2631 733 2685 vasis
753 2640 809 2684 et
840 2633 984 2684 intra
1017 2631 1209 2686 altaria
1248 2648 1402 2688 sacra
1455 2634 1840 2699 sanctiﬁcatis,
1878 2634 1959 2688 vel
2001 2636 2165 2689 vesti-

582 2732 767 2779 menta
798 2724 851 2777 in
881 2726 1162 2794 proprium
1196 2727 1411 2781 lucrum
1470 2727 1754 2797 diripiunt,
1787 2728 1871 2782 vel
1907 2729 1961 2781 in
2005 2743 2162 2782 usum

583 2815 878 2893 profanum
931 2804 1258 2872 convertunt
1312 2818 1443 2886 (hoc
1498 2820 1643 2873 enim
1700 2826 1783 2874 est
1839 2817 2162 2889 profanare,

584 2909 716 2963 illud
774 2922 903 2963 vero
939 2911 1223 2978 surripere
1284 2909 1491 2981 sacra),
1525 2910 1796 2965 absoluta:
1832 2908 2166 2982 depositioni

582 2998 926 3067 subiicimus,
969 3008 1026 3053 ut
1066 3001 1160 3069 qui
1193 3000 1420 3070 impium
1447 3015 1585 3066 opus
1614 2997 1887 3054 fecerunt.

652 3092 720 3146 Et
747 3106 976 3157 magnus
1012 3090 1310 3161 Gregorius
1338 3090 1618 3163 Nysseuus
1639 3092 1693 3145 in
1719 3100 1915 3147 octavo
1945 3105 2047 3145 suo
2070 3104 2166 3143 ca-

2269 1909 2386 1978 ρίου
2447 1906 2616 1977 σκεύη
2672 1907 2704 1977 ἢ
2755 1910 2958 1976 ἆμφια,
2991 1907 3027 1960 ἀ
3065 1908 3130 1979 δὴ
3170 1907 3310 1976 πρὸς
3345 1908 3544 1976 κόσμον
3584 1905 3669 1959 τοῦ
3700 1904 3809 1959 ναοῦ

2267 1998 2595 2064 ἀφιέρωται,
2626 1997 2849 2067 λυχνίας
2877 1997 3061 2065 τυχὸν,
3091 1997 3124 2066 ἢ
3160 1998 3394 2061 ἔπιπλα,
3422 1998 3514 2049 καὶ
3538 1998 3614 2060 είς
3641 1995 3808 2065 χρῆσιν

2265 2088 2487 2157 ἀνίερον
2512 2087 2729 2149 ἑαυτοῖς
2755 2086 2789 2155 ἢ
2816 2087 3029 2156 ἑτέροις
3050 2085 3419 2156 παρέχοντας,
3444 2088 3472 2138 ό
3494 2085 3813 2147 ἀποστολικὸς

2264 2176 2524 2247 ἀφορίζει
2581 2179 2785 2243 κανὼν,
2846 2177 2943 2231 καὶ
3002 2179 3165 2247 ἡμεῖς
3225 2175 3810 2246 συναφορὶζομεν.¹1“οὺς

2270 2270 2454 2339 μέντοι
2486 2268 2547 2321 τὸ
2574 2268 2733 2332 ἆγιον
2763 2269 3050 2338 ποτήριον,
3084 2267 3116 2336 ἢ
3148 2267 3239 2321 τὸν
3270 2267 3480 2332 δίσκον,
3511 2269 3542 2337 ἢ
3568 2268 3659 2338 τὴν
3682 2265 3809 2320 λασίο

2266 2363 2357 2427 δα,
2389 2361 2420 2432 ἢ
2452 2361 2553 2431 τὴν
2582 2360 2887 2431 σεϐασμίαν
2911 2360 3154 2430 ένδυτὴν,
3183 2361 3215 2431 ἢ
3247 2360 3343 2413 τὸν
3371 2359 3653 2430 λεγόμενον
3675 2359 3807 2428 ἀέρα,

2267 2452 2299 2522 ἢ
2334 2449 2522 2515 ἁπλῶς
2569 2451 2630 2504 ἓν
2662 2471 2715 2506 τι.
2756 2451 2865 2504 τῶν
2905 2453 2964 2505 έν
2996 2451 3073 2521 τῷ
3102 2451 3246 2521 ἁγίῳ
3280 2451 3647 2521 θυσιαστηρίῳ
3677 2449 3807 2518 ἱερῶν

2267 2543 2363 2596 καὶ
2397 2541 2572 2608 ἁγίων
2616 2543 2829 2596 σκευῶν
2861 2541 2894 2611 ἢ
2933 2541 3343 2611 ἀμφιεσμάτων
3376 2545 3456 2605 είς
3493 2542 3618 2594 tam
3652 2537 3808 2607 κέρδος

2270 2633 2722 2705 ὑφαρπάζοντας,
2754 2633 2786 2704 ἢ
2838 2634 2919 2690 εἱς
2948 2635 3146 2704 χρῆσιν
3178 2634 3502 2704 χρωμένους
3530 2631 3724 2701 ἀνίερον
3743 2626 3808 2696 (τὸ

2273 2726 2372 2793 μὲν
2406 2725 2516 2793 γάρ
2551 2726 2669 2776 ἔστι
2719 2723 3054 2795 βεϐηλῶσαι,
3092 2724 3153 2777 τὸ
3197 2725 3275 2788 δὲ,
3317 2724 3545 2794 συλῆσαι
3580 2722 3645 2775 τὰ
3665 2720 3807 2787 ἅγια),

2268 2815 2529 2871 παντελεί
2570 2816 2895 2887 καθαιρέσει
2927 2816 3451 2887 καθυποὸάλλομεν,
3485 2816 3559 2880 ὡς
3590 2811 3810 2874 δυσσεδὲς

2269 2906 2430 2978 ἔργον
2453 2907 2957 2979 διαπραξαμένους.

2350 3097 2413 3147 ὐ
2441 3093 2499 3147 δὲ
2528 3092 2753 3162 Νύσσης
2800 3092 2972 3161 μέγας
3000 3090 3331 3164 Γρηγόριος,
3367 3093 3427 3146 ἐν
3456 3090 3535 3161 τῷ
3557 3096 3604 3161 η’
3633 3087 3807 3150 ιοανόνι,

587 3198 752 3250 nouo,
780 3184 1163 3255 Sacrilegium,
1192 3184 1288 3246 ait,
1334 3184 1387 3237 in
1438 3183 1622 3238 divina
1661 3192 1712 3239 et
1764 3183 1990 3251 antiqua
2017 3178 2163 3235 Scri-

2281 3188 2346 3241 'H
2382 3186 2681 3257 ἱεροσυλία,
2716 3185 2876 3255 φησι,
2903 3185 3053 3257 παρὰ
3084 3183 3182 3253 μὲν
3230 3186 3298 3255 τῇ
3344 3184 3548 3257 ἀρχαίᾳ
3584 3183 3672 3237 καὶ
3709 3178 3808 3249 θεία
3868 3174 3876 3183 ’

584 3286 767 3346 ptura,
789 3274 951 3330 cadis
983 3275 1203 3344 quidem
1236 3273 1697 3329 condemnatione
1730 3289 1839 3328 non
1874 3273 2050 3327 visunt
2086 3280 2167 3326 est

582 3368 892 3438 indignum.
942 3365 1206 3421 Similiter
1257 3366 1403 3421 enim
1445 3375 1501 3420 et
1545 3366 1640 3436 qui
1681 3364 1844 3420 caedis
1883 3348 2167 3419 convictus

581 3468 725 3526 erat,
751 3468 805 3513 et
833 3459 923 3527 qui
956 3475 1043 3513 res
1070 3456 1178 3512 Deo
1210 3457 1493 3513 dedicatas
1520 3457 1842 3523 abstulerat,
1878 3456 2166 3525 lapidatio-

584 3554 671 3609 uis
722 3552 1048 3621 supplicium
1112 3549 1354 3605 subibat.
1389 3548 1777 3606 Ecclesiastica
1811 3560 1994 3605 autem
2034 3565 2170 3603 con-

582 3647 817 3699 suetudo
862 3643 1109 3707 lenitate,
1148 3644 1336 3696 nescio
1391 3643 1692 3711 quomodo,
1731 3652 1915 3706 utens,
1964 3643 2168 3696 tolera-

582 3733 748 3789 bilius
805 3734 953 3789 illius
1014 3735 1188 3789 morbi
1254 3733 1528 3803 piaculum
1608 3732 1970 3788 existimavit.
2027 3731 2165 3786 Nam

586 3824 826 3879 breviori
883 3833 1131 3893 tempore
1178 3825 1475 3895 sacrilegos
1522 3838 1688 3893 quam
1752 3825 2030 3880 adulteros
2061 3841 2165 3894 pu-

586 3916 784 3981 nivit;
848 3915 1128 3970 adulteros
1184 3925 1370 3971 autem
1419 3917 1488 3973 18
1561 3932 1733 3974 annos
1818 3932 1850 3972 a
1921 3932 2167 3972 commu-

586 4007 750 4063 nione
802 4008 1042 4078 expellit.
1087 4007 1330 4063 Consule
1391 4008 1446 4062 in
1512 4008 1580 4063 16
1642 4010 1819 4081 capite
1879 4010 2072 4064 litterae
2122 4008 2165 4063 E

584 4114 711 4154 can.
747 4100 783 4152 2
805 4101 978 4155 sancti
1035 4098 1248 4170 Cyrilli,
1268 4108 1322 4155 et
1354 4116 1475 4172 quae
1505 4101 1578 4155 ibi
1607 4103 1801 4172 positae
1829 4112 1955 4159 sunt
1986 4106 2164 4173 legum

584 4200 747 4261 caput
775 4189 833 4248 4.

1278 4303 1462 4375 Leges.

657 4418 939 4488 S.:crilegii
984 4420 1191 4474 crimen
1246 4419 1425 4473 simile
1467 4428 1554 4473 est
1588 4416 1805 4474 crimini
1857 4419 1998 4474 laesa:
2050 4431 2160 4472 ma-

577 4513 815 4582 jvstatis.

655 4606 855 4660 Contra
913 4604 1059 4658 illum
1119 4604 1391 4671 sacrilegii
1437 4605 1581 4659 actio
1625 4615 1916 4670 movetur,
1951 4608 2046 4676 qui
2094 4624 2159 4664 ex

589 4700 754 4753 rebus
808 4697 983 4751 sacris
1029 4696 1232 4765 aliquid
1289 4697 1600 4761 abstulerit,
1654 4707 1706 4749 et
1772 4697 1824 4750 in
1879 4698 2159 4767 psoprium

589 4806 746 4845 nsunt
780 4787 1133 4851 converterit,
1164 4787 1249 4841 vel
1282 4789 1375 4858 qui
1409 4789 1603 4841 horum
1629 4787 1833 4856 aliquid
1856 4788 2161 4843 dolomalo

582 4882 766 4935 facere.
791 4895 1083 4950 aggressus
1111 4888 1219 4933 est.

658 4970 815 5043 145
839 4972 939 5037 Qui
963 4971 1170 5041 aliquid
1194 4971 1302 5025 Deo
1326 4969 1567 5025 nondum
1591 4970 1900 5026 dedicatum
1927 4969 2161 5037 furatur,

586 5074 849 5133 tauquam
886 5064 975 5119 fur
1013 5064 1236 5119 actione
1270 5071 1490 5117 tenetur
1525 5082 1538 5117 :
1579 5078 1708 5117 nam
1739 5078 1826 5118 res
1861 5066 2101 5132 privatas
2131 5080 2160 5120 a

587 5156 789 5223 templo
822 5156 1123 5225 surripere,
1150 5156 1499 5225 sacrilegium
1526 5172 1633 5211 non
1668 5166 1773 5221 est,
1801 5159 1896 5212 sed
1931 5159 2160 5212 furtum.

584 5246 689 5313 Qui
716 5259 896 5301 autem
927 5247 1035 5301 Deo
1068 5258 1394 5303 consecrata
1425 5247 1662 5315 furatur,
1702 5251 1827 5305 licet
1856 5266 1918 5303 ex
1953 5250 2164 5319 privato

594 5341 717 5395 loco
752 5338 968 5394 furatus
1003 5350 1108 5403 est,
1144 5341 1414 5411 sacrilegii
1445 5351 1680 5399 tenetur.
1715 5342 1986 5409 Qu0niatn
2015 5344 2160 5396 enim

588 5441 720 5487 sunt
763 5432 1014 5501 quaedam
1059 5448 1218 5488 sacra
1253 5435 1364 5489 Deo
1410 5449 1520 5489 non
1553 5445 1897 5495 consecrata.
1945 5445 2002 5488 ut
2036 5441 2166 5489 sunt

592 5524 882 5591 imagines,
920 5542 1040 5594 qua:
1068 5526 1135 5580 ad
1172 5542 1270 5582 nos
1300 5528 1552 5596 privatim
1587 5528 1887 5591 pertinent,
1919 5526 2161 5580 nondum

590 5614 810 5682 templis
848 5616 933 5669 vel
996 5617 1353 5672 monasteriis
1390 5616 1671 5681 dedicatae,
1725 5617 1848 5671 ideo
1882 5617 2019 5671 dicit
2055 5617 2163 5682 lex,

591 5707 768 5759 locum
811 5708 992 5763 [aecre
1050 5710 1255 5764 furtum
1318 5712 1399 5765 vel
1460 5710 1830 5781 sacrilegium.
1877 5710 2012 5764 Nam
2067 5709 2160 5779 qui

594 5806 839 5851 sanctam
899 5800 1213 5871 itttaginrnt,
1269 5819 1390 5872 qua:
1452 5804 1502 5857 itt
1564 5814 1747 5857 ttnstta
1799 5801 1991 5856 cellula
2060 5809 2161 5863 cst,

2270 3281 2465 3351 Γραφῇ
2516 3279 2637 3332 οὑδὲ
2706 3277 2965 3347 ἐνομίσθη
3027 3277 3127 3344 τῆς
3179 3279 3414 3347 φονικῆς
3469 3276 3809 3347 κατακρίσεως

2267 3372 2638 3440 ἀνεκτότεραο
2670 3370 2871 3440 ὁμοίως
2898 3369 3008 3438 γὰρ
3037 3371 3064 3423 ὃ
3094 3387 3153 3423 τε
3193 3370 3347 3441 φόνῳ
3382 3371 3561 3435 ἀλοὺς,
3593 3372 3678 3424 κα)⁸
3706 3371 3730 3420 ό
3755 3364 3809 3418 τὰ

2270 3467 2613 3521 ἀνατεθέντα
2651 3465 2728 3534 τῷ
2767 3463 2886 3534 Θεῷ
2916 3463 3269 3532 ὑφελόμενος,
3298 3466 3405 3534 τὴν
3430 3465 3518 3518 διὰ
3548 3464 3648 3517 τῶν
3674 3459 3808 3513 λίθων

2267 3557 2542 3629 τιμωρίαν
2588 3557 2842 3625 ὑπέσχον.
2886 3556 2946 3608 Ὀ
2989 3556 3044 3609 δὲ
3078 3556 3174 3627 τῆς
3200 3556 3532 3628 Ἐκκλησίας
3568 3553 3807 3624 συνήθεια.

2270 3647 2678 3716 συγκαταϐάσει
2704 3647 2805 3698 οὑκ
2848 3639 2946 3698 οἶδ’
2974 3647 3122 3708 ὅπως
3142 3664 3145 3669 ·
3168 3650 3521 3717 χρησαμένη,
3556 3644 3806 3700 ἀνεκτότεο

2270 3755 2364 3810 ρον
2429 3739 2490 3792 τὸ
2538 3738 2638 3806 τῆς
2686 3735 2944 3806 τοιαύτης
2988 3737 3145 3789 νόσου
3190 3737 3496 3808 καθάρσιον
3529 3735 3806 3802 ἐλογίσατοο

2267 3830 2515 3883 ἐλάττονι
2552 3826 2663 3897 γὰρ
2687 3825 2867 3896 χρόνῳ
2897 3826 3022 3890 τοὺς
3060 3826 3372 3897 ἱεροσύλους
3402 3828 3433 3898 ἢ
3468 3829 3589 3888 τοὺς
3621 3822 3808 3892 μοιχοὺς

2266 3920 2564 3974 ἐκολάσατο
2589 3935 2603 3949 ο
2640 3918 2768 3980 τοὺς
2799 3912 2891 3971 οὖν
2921 3919 3147 3988 μοιχοὺς
3178 3920 3259 3983 είς
3284 3918 3360 3989 ιη’
3400 3919 3493 3990 ἔτη
3527 3918 3619 3986 τῆς
3646 3930 3808 3968 κοινω·

2267 4011 2388 4074 νίας
2415 4009 2694 4080 ἀπείργει.
2729 4009 2894 4077 Ζήτει
2917 4009 3014 4062 καὶ
3046 4010 3103 4061 ὲν
3128 4009 3205 4078 τῷ
3238 4008 3319 4073 ις’
3342 4027 3469 4079 κεφ.
3492 4008 3581 4061 τοῦ
3610 4006 3645 4059 Ε
3666 4018 3807 4069 στοιχ.

2267 4103 2470 4157 κανόνα
2502 4101 2547 4172 β’
2586 4099 2683 4155 τοῦ
2716 4100 2875 4165 ἁγίου
2908 4100 3203 4169 Κυρίλλου,
3248 4102 3349 4155 καὶ
3385 4102 3494 4154 τῶν
3524 4100 3686 4151 ἐκεῖσε
3713 4108 3807 4146 κει·

2270 4194 2453 4264 μένων
2473 4194 2654 4263 νόμων
2679 4190 2739 4245 τὸ
2769 4193 2811 4246 δ’
2841 4192 3163 4261 κεφάλαιον.

2952 4306 3158 4375 Νόμοι.

2336 4422 2412 4475 Τὸ
2443 4424 2573 4491 περὶ
2600 4420 2915 4492 ἱεροσυλίας
2966 4420 3221 4490 ἔγκλημα
3248 4421 3441 4489 ὅμοιόν
3479 4423 3589 4471 ἔστι
3624 4414 3691 4481 τῷ
3725 4409 3806 4474 τῆς

2196 4525 2244 4583 ο
2269 4515 2685 4578 καθοσιώσεως.

2348 4611 2406 4663 Ὀ
2438 4609 2568 4677 περὶ
2602 4609 2702 4677 τῆς
2730 4607 3041 4677 ἱεροσυλίας
3089 4609 3324 4658 κινεῖται
3371 4607 3532 4672 νόμος
3572 4598 3701 4654 κατὰ
3725 4590 3801 4647 τοῦ

2264 4701 2597 4770 ὑφελομένου
2633 4702 2696 4753 ὲκ
2734 4699 2842 4752 τῶν
2878 4700 3038 4767 ἱερῶν
3063 4699 3385 4769 χρημάτων,
3422 4698 3454 4767 ἢ
3493 4691 3799 4764 χρησαμένου

2262 4791 2478 4853 τούτοις
2521 4791 2602 4854 εἰς
2642 4789 2779 4853 ίδίας
2817 4788 3092 4861 χρείας,ἢ
3137 4793 3661 4860 παρασκευάσαντος
3687 4776 3801 4835 κατὰ

2270 4888 2424 4943 δόλον
2446 4886 2704 4956 γενέσθαι
2732 4902 2785 4940 τι
2812 4886 3045 4940 τούτων.

2354 4981 2414 5033 ὐ
2444 4979 2695 5032 κλέπτων
2720 4979 2782 5030 τὸ
2807 4979 2975 5047 μήπω
2996 4976 3115 5046 Θεῷ
3137 4976 3498 5049 καθιερωθὲν,
3516 4976 3587 5037 ὡς
3604 4972 3799 5037 κλέπτης

2267 5067 2523 5135 ἔνάγεται
2542 5081 2559 5097 ο
2592 5065 2655 5119 τὸ
2692 5065 2802 5137 γὰρ
2828 5065 3121 5134 ὑφελέσθαι
3150 5067 3256 5119 ἀπὸ
3284 5065 3379 5119 τοῦ
3407 5063 3553 5134 ἱεροῦ
3582 5064 3798 5133 χρήματα

2269 5156 2520 5210 ίδιωτικὰ
2571 5156 2673 5209 οὐκ
2705 5156 2857 5208 ἐστιν
2894 5155 3194 5227 ἱεροσυλία,
3222 5156 3358 5211 ἀλλὰ
3387 5155 3593 5224 κλοπή·
3619 5154 3643 5204 ό
3676 5149 3723 5201 δὲ
3746 5143 3796 5195 τὰ

2266 5245 2664 5316 ἁνατεθειμένα
2713 5244 2792 5315 τῷ
2824 5245 2947 5318 Θεῷ
2994 5246 3264 5311 κλέπτων,
3321 5248 3425 5300 κᾶν
3471 5245 3531 5310 ἐξ
3568 5233 3795 5297 ίδιωτικοῦ

2264 5338 2437 5392 τόπου
2473 5336 2671 5409 κλέψῃ,
2726 5338 2803 5401 ὡς
2838 5337 3117 5409 ἱερόσυλος
3142 5338 3406 5407 ἐνέχεται,
3453 5336 3599 5391 Ἐπεὶ
3624 5331 3677 5385 δέ
3712 5322 3795 5380 sici

2265 5448 2389 5483 τινα
2428 5431 2549 5500 ἱερά
2598 5431 2674 5501 μὴ
2706 5429 3105 5500 ἀνατεθειμένα
3146 5431 3223 5501 τῷ
3255 5430 3399 5498 Θεῷ,
3432 5429 3509 5491 ὡς
3541 5425 3607 5480 τὰ
3648 5418 3796 5478 ἰδικῶς

2268 5525 2403 5594 ἡμῖν
2440 5521 2768 5594 διαφέροντα
2797 5523 3175 5592 εἰκονὶσματα,
3207 5522 3387 5597 μήπω,
3414 5520 3560 5582 ναοῖς
3596 5516 3626 5585 ἦ
3658 5526 3795 5584 μονα·

2271 5617 2511 5688 στηρίοις
2534 5616 2882 5683 ἀνατεθέντα,
2914 5614 3055 5670 κατά
3081 5615 3240 5670 τοῦτό
3270 5629 3439 5686 φησιν
3464 5615 3493 5666 ό
3526 5610 3694 5679 νόμος,
3722 5602 3795 5655 τὸν

2267 5708 2434 5761 τόπον
2486 5711 2665 5763 ποιεῖν
2708 5710 2808 5779 τὴν
2848 5708 3061 5779 κλοπὴν
3098 5707 3132 5778 ἢ
3177 5709 3276 5779 τὴν
3304 5703 3628 5776 ἱεροσυλίαν·
3650 5702 3675 5751 ό
3708 5694 3791 5761 γάρ

2271 5803 2371 5872 τὴν
2423 5804 2478 5856 ἐν
2534 5803 2611 5872 τῷ
2660 5803 2887 5872 οἰκίσκῳ
2914 5802 3071 5871 ἡμῶν
3098 5800 3264 5855 οὖσαν
3303 5798 3471 5867 ἁγίαν
3502 5792 3667 5849 εἰκόνα
3695 5783 3787 5841 κλέ-
