4054 6412
309 355 449 419 ’ἱῗίίὸ

1308 347 1715 414 SYNTAGMA
1757 339 2386 407 ALPHABETlCUM.
2427 363 2494 377 -
2536 337 2597 403 l.‘

3417 329 3554 400 1346

307 486 460 524 πτων
519 468 619 521 οὐκ
642 467 792 521 ἔστιν
814 466 1120 537 ἱερόσυλος,
1157 463 1295 520 ἀλλὰ
1325 464 1603 533 κλέπτης·
1639 463 1690 514 εί
1712 460 1770 514 δὲ
1803 459 1881 530 μὴ

1996 454 2304 518 suiluratur,
2324 468 2429 507 non
2459 463 2544 508 est
2571 450 2897 520 sacrilegus.
2928 450 3023 506 sed
3054 449 3175 516 fur;
3216 465 3375 506 secus
3402 456 3552 506 enim

305 563 556 630 εἴποιμεν
599 561 666 613 ἂν
709 561 806 613 καὶ
843 560 936 612 τὸν
974 559 1290 628 νομίσματα
1331 558 1658 619 κλέπτοντα,
1690 553 1880 605 είκόνα

305 653 500 722 ἔχοντα
538 651 631 706 τοῦ
666 651 907 723 Χριστοῦ
960 651 994 720 ἢ
1025 650 1124 719 τῆς
1169 651 1461 712 Θεοτόκου,
1496 648 1570 710 ὡς
1601 643 1882 716 ἱερόσυλον

304 745 602 812 ἐνάγεσθαι
624 758 639 775 ο
674 744 813 813 ὅπερ
832 741 1034 795 ἄτοπον
1063 743 1157 794 καὶ
1177 739 1394 809 ψευδές.

386 838 450 890 Ὀ
484 835 765 905 ἱερόσυλος
791 836 847 886 ὲν
873 834 1030 886 νυκτὶ
1051 833 1127 902 τῷ
1152 830 1527 902 θυσιαστηρίῳ
1554 827 1881 889 ἐπιϐαίνων,

305 932 403 984 καὶ
425 930 496 984 τὰ
527 928 928 993 ἀνατεθειμένα
957 927 1036 993 τῷ
1062 925 1182 996 Θεῷ
1215 928 1335 993 ἱερὰ
1377 924 1621 994 μολύνων
1650 922 1683 992 ἢ
1713 924 1884 990 ἀφαι-

307 1022 591 1094 ρούμενος.
627 1021 769 1088 ξίφει
791 1017 1147 1089 τιμωρείσθω
1168 1033 1181 1047 ·
1211 1020 1267 1070 ὲν
1293 1016 1476 1087 ἡμέρᾳ
1503 1015 1561 1068 δὲ
1584 1013 1805 1084 μέτριόν
1829 1029 1881 1065 τι

305 1115 714 1184 ἀφαιρούμενος
771 1113 880 1165 ἀπο
918 1112 1018 1180 τῆς
1071 1110 1371 1180 ἐκκλησίας
1420 1109 1509 1181 δια
1574 1104 1878 1176 πτωχείαν,

306 1208 649 1276 τυπτόμενος
679 1204 1032 1277 ὲξοριζὲσθω.
1851 1261 1877 1276 ι

308 1322 562 1375 ΚΕΦΛΛ.
594 1321 673 1374 B'.
709 1322 831 1373 Ὅτι
861 1323 934 1375 οὐ
961 1320 1056 1374 δεῖ
1089 1318 1272 1372 ἔνδον
1299 1319 1418 1371 τῶν
1443 1313 1617 1381 ἱερῶν
1647 1313 1879 1382 περιϐό-

376 1396 507 1447 λων
543 1392 653 1460 τᾲς
686 1391 1023 1460 λεγομένας
1065 1388 1305 1457 ἀγάπης
1354 1386 1572 1447 ποιεῖν,
1598 1386 1653 1460 ἢκ
1679 1401 1887 1460 anan:

376 1463 513 1517 λεῖα
562 1453 740 1523 εἶναι,
769 1453 920 1530 ’ἤ’τι
965 1453 1094 1514 κατ’
1116 1453 1425 1530 ’ἐμπορίαν
1449 1453 1882 1530 προτιθέναιβῆ

366 1532 627 1605 κτῆνος-
652 1523 833 1599 χωρίξι
878 1523 1475 1605 ἀνάγκηςνεὶσὶίγειν,
1504 1523 1541 1592 ἤ
1566 1541 1702 1579 τινα
1725 1526 1886 1592 μετὰ

378 1600 673 1671 γυναικὸς
696 1601 1077 1671 καταμένειν.

381 1719 543 1789 Ζήτει
569 1719 630 1768 τὸ
657 1722 718 1770 ιε’
746 1734 872 1785 κεφ.
902 1714 997 1767 τοῦ
1029 1717 1068 1768 Ε
1100 1715 1391 1785 στοιχείου.

468 1830 717 1884 ΚΕΦΑΛ.
745 1829 820 1883 Γ’.
854 1828 993 1896 Περὶ
1015 1827 1124 1896 τῆς
1151 1829 1319 1894 θείας
1337 1826 1694 1896 ἱερουργίας.
1905 1820 1949 1876 Β

383 1946 546 2017 Ζήτει
569 1945 625 1996 ὲν
651 1943 729 2015 τῷ
757 1950 798 1996 ε’
820 1960 944 2012 κεφ.
972 1943 1065 1996 τοῦ
1093 1942 1136 1995 Τ
1173 1940 1461 2011 στοιχείου.

310 2059 564 2112 ΚΕΦᾹΛ.
598 2056 670 2110 Δ’.
717 2056 855 2123 Περί
880 2055 1215 2118 Ἰουδαίων,
1259 2057 1356 2108 καί
1397 2055 1488 2107 ὅτι
1523 2058 1648 2122 per"
1687 2048 1887 2105 αὐτῶν

627 2127 948 2182 κοινωνίαν
976 2127 1133 2190 ὅλως
1157 2126 1322 2193 ἔχειν
1363 2128 1435 2179 οὐ
1462 2126 1572 2181 δεῖ.

383 2221 545 2291 Ζήτει
577 2219 636 2273 ὲν
660 2218 737 2289 τῷ
762 2216 805 2286 β’
825 2235 952 2287 κεφ.
978 2217 1069 2271 τοῦ
1096 2219 1141 2270 Α
1166 2217 1432 2286 στοιχείου
1456 2220 1663 2274 κανόνα
1686 2217 1757 2287 ξδ’
1777 2220 1887 2273 τῶν

310 2313 486 2381 ἁγίων
518 2312 857 2366 ἀποστόλων.

394 2405 455 2457 ’0
484 2403 540 2456 δὲ
568 2401 611 2455 o'
641 2402 734 2456 τὸν
761 2403 900 2472 μετά
928 2402 1199 2476 Ἰουδαίων
1247 2404 1600 2475 νηστεύοντα,
1640 2400 1685 2476 ’ἢ
1727 2409 1888 2458 ’συν-

312 2496 663 2567 εορτάζοντα,
696 2495 730 2566 ἢ
761 2494 892 2565 παρ’
921 2494 1101 2548 αὐτῶν
1130 2473 1198 2548 τά
1367 2498 1560 2568 ἑορτῆς
1596 2473 1888 2569 δενόμενον

314 2587 488 2650 ξένια,
519 2586 552 2657 ἢ
583 2588 786 2656 ἄζυμα,
818 2587 852 2657 ἦ
881 2604 934 2640 τι
980 2588 1090 2640 τῶν
1138 2589 1420 2653 τοιούτων,
1481 2591 1743 2661 κληρικδν
1789 2592 1888 2660 μὲν

312 2679 443 2734 ὄντα
478 2678 756 2749 καθαιρεῖ.
786 2680 975 2734 λαῖκδν
1014 2680 1071 2732 δὲ
1111 2680 1384 2749 ἀφορίζει.
1427 2682 1544 2736 Κᾶν
1573 2684 1682 2753 γὰρ
1715 2683 1790 2755 μὴ
1822 2684 1892 2738 τὰ

315 2772 565 2837 ἐκείνων,
615 2775 664 2825 εί
725 2774 819 2826 καὶ
867 2772 1007 2826 οὕτω
1043 2773 1215 2845 δρῴη,
1265 2777 1480 2844 φρονῶν
1529 2776 1888 2847 ίσχυρίζεται,

315 2865 453 2918 ἀλλὰ
484 2864 702 2928 πολλοῖς
734 2867 1030 2919 σκανδάλου
1071 2869 1288 2920 δίδωσιν
1330 2869 1590 2938 ἀφορμὴν
1639 2870 1733 2923 καὶ
1758 2870 1894 2924 ὑπό-

315 2975 466 3011 νοιαν
497 2958 620 3011 καθ’
655 2958 875 3023 ἑαυτοῦ,
906 2958 982 3021 ὡς
1019 2959 1118 3021 τὰς
1147 2958 1449 3024 Ἰουδαϊκὰς
1481 2962 1619 3032 τιμᾷ
1647 2961 1889 3027 τελετὰς,

313 3047 382 3110 ἂς
408 3050 515 3117 πρό
539 3063 601 3114 γε
626 3048 723 3115 τῆς
746 3047 1171 3116 Χριστοκτονίας
1193 3053 1221 3103 ὁ
1246 3051 1381 3113 Θεὸς
1403 3052 1654 3120 φαίνεται
1679 3051 1894 3122 βδελυτ-

316 3142 596 3210 τόμενος,‹
618 3140 1121 3211 Νηστεία;,λέγων,
1153 3144 1248 3196 καὶ
1278 3146 1497 3214 ἀργίας,
1532 3145 1626 3197 καὶ
1650 3143 1750 3208 τὰς
1775 3147 1894 3214 ἐορ-
1918 3160 1960 3216 c

312 3235 414 3297 τὰς
436 3232 591 3302 ὑμῶν
617 3235 768 3301 μισεί
796 3233 989 3304 ήψυχή
1017 3251 1118 3303 μου
1136 3250 1148 3266 '
1179 3253 1196 3286 ι
1221 3235 1279 3287 ού
1309 3235 1418 3305 γὰρ
1444 3238 1554 3298 τοῖς
1584 3234 1892 3299 Ἰουδαϊκῶς

317 3325 489 3388 ζῶσιν
521 3326 753 3395 ἐπιτιμᾷ
801 3326 828 3376 δ
884 3326 1085 3386 κανὼν,
1122 3327 1240 3379 ἀλλ’
1263 3322 1341 3388 οἷς
1385 3327 1444 3380 ού
1482 3327 1611 3396 περὶ
1637 3318 1891 3381 πλείστου

310 3417 551 3486 γίνεται,
582 3417 661 3486 τῷ
700 3418 1009 3489 ἀδιαφόροις
1061 3420 1273 3486 βιῶναι,
1309 3420 1409 3490 τῆς
1449 3420 1677 3473 ἐκείνων
1708 3421 1895 3474 ἀποδι-

310 3510 574 3564 ῐστασθαι
602 3512 912 3573 κοινωνίας.

623 3599 761 3666 Περί
789 3598 1026 3669 ἀζύμων
1048 3616 1062 3631 ο
1106 3604 1257 3655 κατὰ
1292 3604 1585 3660 Λατίνων.

403 3692 499 3744 Ἐκ
524 3691 715 3745 τούτου
751 3692 986 3761 πάρεστι
1020 3695 1245 3761 γνῶναι,
1279 3695 1353 3765 μὴ
1383 3696 1522 3749 κατὰ
1558 3694 1756 3766 μικρὸν
1790 3712 1894 3749 πα-

323 3785 698 3854 ρανομοῦντας
735 3786 861 3846 τοὺς
891 3785 959 3838 δι’
986 3784 1213 3854 ἀζύμων
1262 3787 1363 3857 τὴν
1416 3787 1686 3858 μυστικὴν
1717 3787 1898 3841 ἐπιτε-

320 3877 550 3941 λοῦντας
582 3876 795 3929 θυσίαν.
825 3877 885 3930 Εἰ
930 3878 1036 3945 γὰρ
1062 3880 1170 3939 τοῖς
1198 3878 1386 3942 ἁπλῶς
1413 3878 1683 3932 ἐσθίουσιν
1712 3878 1896 3946 ἄζυμα

323 3973 384 4037 ἐξ
429 3971 728 4039 Ἰουδαϊκῆς
765 3971 962 4040 ἑορτῆς
995 3971 1317 4042 καθαίρεσιν
1362 3972 1561 4040 ἐπάγει
1585 3973 1678 4025 καὶ
1705 3974 1897 4041 ἀφορι-

323 4060 483 4133 σμὸν,
518 4062 579 4114 τὸ
620 4061 1061 4131 μεταλαμϐάνειν
1120 4064 1324 4115 τούτων
1382 4064 1447 4115 ἐκ
1479 4064 1758 4130 Κυριακοῦ
1795 4064 1897 4115 σώ-

326 4171 514 4224 ματος⁸
539 4151 611 4206 δι’
656 4153 834 4206 αὐτῶν
874 4168 933 4204 τε
960 4153 1019 4205 τὸ
1052 4153 1244 4221 Πάσχα
1272 4154 1563 4218 ἐπιτελεῖν,
1591 4153 1751 4206 ποίαν
1785 4150 1897 4221 ἔχει

321 4247 656 4316 παραίτησιν
716 4244 968 4315 εὐπρεπῆ
1004 4260 1018 4310 ;
1056 4244 1129 4297 Οὐ
1188 4245 1296 4313 γὰρ
1344 4243 1405 4296 τὸ
1451 4243 1637 4307 ἁπλῶς
1695 4242 1899 4297 ἐσθίειν

321 4338 510 4405 ἄζυμα
557 4335 895 4400 κεκώλυκεν,
928 4336 1069 4389 ἀλλὰ
1119 4335 1182 4388 τὸ
1211 4335 1281 4387 δι’
1313 4335 1536 4403 ἀζύμων
1587 4333 1735 4388 κατά
1772 4335 1902 4389 Ἰου-

297 4429 510 4505 ⁹δαίους
539 4428 822 4497 ἑορτάζειν
841 4441 854 4457 ⁸
883 4427 965 4488 τίς
986 4427 1046 4479 δὲ
1077 4426 1280 4495 μείζων
1307 4427 1408 4496 τῆς
1431 4427 1773 4495 ἀναιμάκτου
1809 4425 1902 4479 θυ-

324 4521 447 4583 σίας
478 4519 661 4590 ὲορτὴ,
690 4522 757 4591 ἦν
781 4521 807 4572 ό
831 4518 1041 4595 Κύριος
1072 4520 1225 4586 ἡμῖν,
1262 4517 1354 4572 τὸν
1389 4517 1658 4587 σωτήριον
1692 4517 1902 4587 μέλλων

327 4612 662 4681 ὑπέρχεσθαι
703 4611 956 4675 θάνατον,
1012 4609 1120 4678 πρὸ
1168 4609 1267 4677 τῆς
1328 4607 1425 4661 τοῦ
1476 4608 1676 4678 Πάσχα
1708 4606 1903 4677 ἑορτῆς

324 4702 741 4771 παραδέδωκεν;
777 4700 901 4753 ’Ότι
930 4714 996 4766 γε
1031 4699 1137 4769 μὴν
1169 4698 1293 4750 οὐδὲ
1325 4698 1407 4759 είς
1437 4696 1564 4751 νοῦν
1602 4699 1715 4757 τοῖς
1740 4695 1905 4759 θείοις

323 4796 529 4863 ἐπῆλθε
553 4794 805 4861 Πατράσι
831 4792 895 4844 τὸ
920 4790 987 4845 δι’
1006 4789 1238 4859 ἀζύμων
1254 4788 1534 4859 ἑορτάζειν
1556 4790 1724 4859 ἡμᾶς,
1746 4788 1905 4858 δῆλον

326 4890 391 4940 ὲκ
412 4888 506 4940 τοῦ
544 4888 724 4940 πᾶσαν
758 4883 1063 4939 σπουδάσαι
1093 4880 1321 4943 τούτους
1383 4879 1683 4950 Ἰουδαῖκὴν
1716 4896 1910 4950 περιε-

330 4982 439 5034 λεῖν
472 4977 690 5048 ἑορτὴν,
720 4978 813 5031 καὶ
842 4975 1106 5029 τάναντία
1139 4976 1252 5038 τοῖς
1298 4972 1480 5029 αὐτῶν
1511 4972 1690 5024 ἔθεσιν
1720 4971 1910 5045 ἐπιτά-

335 5073 425 5136 ξαι
454 5072 549 5125 καὶ¹
602 5071 809 5138 νόμοις,
861 5066 1050 5131 ὥσπερ
1082 5063 1147 5132 δὴ
1190 5065 1291 5133 τὴν
1322 5064 1380 5116 ὲν
1399 5065 1513 5126 τοῖς
1537 5063 1774 5117 σάὅόασι
1810 5078 1908 5131 νη-

333 5163 521 5217 στείαν
572 5161 668 5214 καὶ
721 5159 919 5229 ἀργίαν
977 5155 1273 5209 λελύκασι·
1305 5155 1532 5225 προσέτι
1583 5155 1680 5206 καὶ
1722 5154 1788 5223 ἢν
1829 5154 1912 5214 εἰς

332 5256 641 5323 ἀνάμνησιν
663 5252 769 5318 τῆς
799 5249 908 5303 τῶν
942 5246 1242 5301 Νινευῖτῶν
1265 5245 1481 5298 τελοῦσι
1505 5244 1783 5315 νηστείας,
1814 5244 1911 5297 καὶ

331 5347 523 5410 τᾶλλα,
550 5344 587 5397 ὃ.
619 5344 756 5396 κατά
788 5342 952 5411 μέρος
983 5338 1236 5403 διεξιέναι
1258 5336 1320 5389 οὐ
1357 5336 1452 5390 τοῦ
1483 5337 1751 5406 παρόντος
1789 5352 1914 5389 και-

338 5438 457 5510 ροῦ·
582 5457 621 5505 ι

421 5622 481 5674 '0
513 5618 569 5672 δὲ
596 5625 677 5672 οα¹
711 5615 922 5669 καὶτὸν
943 5614 1242 5685 κομίζοντα
1273 5610 1599 5681 Χριστιανὸν
1634 5608 1814 5663 ἔλαιον
1836 5608 1918 5669 είς

339 5716 409 5768 τὰ
435 5713 545 5766 τῶν
566 5710 738 5763 ἐθνῶν
774 5709 912 5779 ιερὰ.
941 5706 974 5777 ἢ
997 5712 1078 5769 εἰς
1103 5707 1203 5775 τὴν
1224 5705 1334 5758 τῶν
1371 5703 1643 5757 Ἰουδαίων
1671 5716 1918 5767 συναγω-

343 5804 469 5875 γὴν,
493 5803 526 5873 ἢ
554 5800 779 5869 λύχνους
812 5797 1076 5863 ἂπτοντα,
1116 5798 1188 5867 τῇ
1237 5793 1333 5848 τοῦ
1372 5791 1683 5867 ἀφορισμοῧ
1728 5792 1917 5846 δίδωσι

1983 549 2315 609 diceremus,
2366 562 2488 599 eum
2532 545 2625 614 qui
2659 542 2962 600 sulfuratur
3001 544 3330 598 numismata
3354 584 3369 607 ,
3397 544 3558 597 Chri-

1982 641 2051 693 sti
2075 640 2165 692 "vel
2206 638 2450 706 Deipara:
2477 636 2716 705 Virginis
2743 637 3035 704 imaginem
3064 636 3342 703 habentia,
3367 644 3427 689 ut
3463 651 3553 689 sa-

1981 731 2239 797 crilegum
2273 729 2480 793 teneri;
2520 728 2664 797 quod
2693 729 2995 783 absurdum
3020 738 3109 783 est
3136 738 3191 782 et
3227 729 3453 783 falsum.

2056 822 2371 891 Sacrilegus
2402 828 2560 874 nocte
2582 822 2757 874 altare
2790 823 3119 883 ascendens,
3143 827 3197 874 et
3236 819 3344 873 Deo
3375 820 3555 873 dicata

1984 928 2141 969 sacra
2168 912 2555 966 contaminans
2582 914 2663 963 vel
2698 911 3018 978 sulluralus,
3043 912 3224 983 gladio
3255 911 3511 980 puniatur
3537 928 3551 964 :

1985 1006 2222 1060 interdiu
2259 1014 2436 1060 autem
2482 1006 2755 1059 mediocre
2788 1004 2917 1073 quid
2961 1004 3030 1058 ab
3058 1004 3291 1059 ecclesia
3333 1012 3559 1074 propter

1986 1108 2357 1167 paupertatem
2400 1096 2676 1162 auferens,
2707 1098 3026 1152 verberatus
3080 1095 3279 1150 exsilio
3330 1097 3558 1149 mulcte-

1986 1198 2042 1242 tu
2055 1205 2100 1242 ι’.

1985 1301 2229 1357 CAPJI.
2271 1302 2426 1365 Quod
2471 1317 2576 1354 non
2626 1309 2828 1369 oportet
2885 1301 3029 1353 intra
3096 1302 3276 1370 templi
3328 1302 3562 1356 ambitus

2066 1390 2266 1496 aiqapas
2320 1374 2492 1426 dictas
2541 1371 2824 1434 celebrare,
2870 1373 2948 1423 vel
2972 1389 3240 1441 cauponas
3286 1388 3417 1437 esse,
3478 1372 3562 1425 uel

2066 1463 2089 1496 α
2120 1443 2265 1496 iauid
2308 1448 2375 1495 ad
2424 1451 2785 1495 mercaturam
2824 1456 3101 1496 exponere.
3151 1442 3230 1495 rel
3270 1443 3559 1496 iumentum

2058 1442 2265 1512 aliquid
2308 1448 2375 1495 ad
2424 1451 2785 1495 mercaturam
2816 1456 3120 1512 papauere,
3151 1442 3230 1512 rel
3258 1443 3559 1511 jumeutum

2056 1515 2254 1581 absque
2296 1515 2607 1565 recessitate
2645 1511 3002 1575 introducere,
3046 1511 3126 1565 vel
3166 1511 3397 1582 aliquem
3441 1526 3558 1565 cum

2055 1584 2278 1638 muliere
2296 1600 2308 1634 ε’
2322 1597 2583 1637 emanere.

2060 1700 2193 1756 Vide
2228 1699 2290 1755 l5
2326 1715 2447 1769 cap.
2481 1699 2679 1754 littera:
2710 1699 2775 1752 E.

2295 1814 2447 1868 CAP.
2484 1810 2570 1867 lll.
2609 1813 2682 1867 De
2718 1830 2873 1867 sacro
2919 1811 3235 1867 ministerio.

2058 1930 2191 1985 Vide
2218 1930 2270 1984 iu
2306 1928 2340 1982 5
2363 1929 2544 1996 capite
2582 1927 2775 1981 litterae
2807 1926 2871 1979 T.

1986 2045 2138 2101 CAP.
2166 2020 2255 2097 lii.
2282 2041 2354 2094 De
2377 2041 2600 2102 Judteis,
2630 2050 2678 2094 et
2701 2040 2838 2108 quod
2866 2055 2967 2092 non
2996 2047 3198 2105 oportet
3230 2038 3411 2105 fideles
3439 2054 3559 2093 cum

1988 2172 1993 2179 ,
2254 2116 2318 2166 iis
2355 2113 2567 2165 omnino
2599 2114 3017 2163 communionem
3065 2111 3277 2164 habere.

2059 2206 2251 2273 Quaere
2283 2207 2334 2260 iu
2375 2205 2410 2257 2
2445 2204 2628 2273 capite
2664 2202 2863 2257 littera:
2893 2203 2935 2254 A
2982 2210 3301 2257 sanctorum
3337 2211 3563 2272 aposto-

1988 2301 2167 2354 lorum
2194 2312 2457 2351 canouem
2492 2296 2582 2350 64.

2059 2390 2504 2458 Βεριυειερειηὶιιε
2536 2399 2853 2447 verocauou
2875 2383 3026 2438 illum
3059 2384 3155 2453 qui
3204 2398 3332 2438 cum
3360 2382 3564 2441 Judaeis

1985 2482 2222 2551 jejuuat,
2254 2478 2334 2533 vel
2371 2490 2478 2532 una
2510 2476 2709 2532 festum
2743 2476 2876 2546 agit,
2902 2476 2982 2529 vel
3005 2476 3073 2530 ab
3092 2475 3228 2546 ipsis
3250 2475 3377 2531 festi
3406 2477 3564 2530 rem

1992 2572 2217 2640 accipit.
2249 2569 2330 2624 vel
2369 2583 2587 2638 azyma.
2624 2568 2711 2623 vel
2742 2567 2951 2636 aliquid
2996 2568 3125 2632 tale,
3157 2570 3205 2621 si
3241 2567 3314 2624 sit
3343 2568 3565 2637 quidem

1993 2666 2250 2731 clericus,
2280 2663 2540 2731 deponit;
2569 2663 2653 2716 sin
2672 2670 2857 2715 autem
2888 2661 3085 2721 laicus.
3105 2669 3372 2729 segregat.
3403 2660 3566 2723 Nam,

1993 2760 2093 2812 etsi
2144 2771 2202 2811 se
2236 2768 2341 2808 non
2377 2753 2517 2806 idem
2550 2750 2694 2821 q'uod
2727 2751 2830 2814 illi,
2866 2751 2994 2806 licet
3021 2750 3096 2804 ita
3141 2749 3324 2810 faciat.
3360 2751 3568 2804 sentire

1994 2846 2297 2911 contendit,
2335 2845 2521 2899 multis
2553 2852 2733 2897 tamen
2771 2842 3014 2897 scandali
3050 2843 3397 2896 occasionem
3427 2857 3567 2909 pra:-

1997 2939 2107 3001 bet,
2146 2948 2201 2993 et
2248 2938 2302 2990 in
2347 2937 2589 3005 seipsum
2645 2934 3043 3001 suspicionem,
3102 2934 3251 3001 quod
3307 2931 3567 2987 Iudaicos

1996 3032 2238 3086 honorat
2267 3029 2439 3091 ritusr,
2470 3042 2608 3094 quos
2645 3026 2726 3080 vel
2756 3032 2883 3079 ante
2913 3024 3193 3078 Christum
3232 3024 3563 3077 trucidatum

1998 3122 2349 3177 abominasse
2376 3117 2520 3172 Deus
2575 3117 2870 3180 invenitur,
2905 3114 3096 3169 dicens
3129 3130 3145 3168 :
3185 3131 3203 3165 ι
3244 3112 3484 3182 Jejuuia.
3513 3122 3569 3168 et

1995 3214 2184 3279 ferias,
2235 3221 2290 3266 et
2343 3211 2479 3267 festa
2509 3218 2691 3266 vestra
2734 3209 2865 3263 odio
2917 3207 3084 3263 habet
3139 3206 3322 3261 anima
3351 3220 3494 3260 mea.
3542 3222 3563 3257 ι

1995 3307 2113 3362 Non
2144 3309 2290 3359 enim
2336 3319 2455 3368 eos,
2499 3303 2592 3372 qui
2627 3302 2857 3357 Judaice
2901 3301 3116 3366 vivunt,
3165 3298 3320 3368 punit
3357 3311 3568 3362 canon;

1993 3401 2088 3458 sed
2124 3399 2215 3469 qui
2244 3397 2722 3453 indiscriminatim
2757 3394 2988 3449 vivendo
3014 3395 3082 3448 ab
3101 3407 3288 3447 eorum
3319 3404 3571 3447 commu-

1994 3495 2160 3549 nione
2191 3492 2426 3544 maxima
2460 3503 2529 3544 cx
2563 3497 2718 3556 parte
2747 3502 2856 3539 non
2885 3485 3214 3542 abscedunt.

2352 3583 2426 3636 De
2468 3582 2702 3649 azymis;
2748 3586 2931 3632 contra
2972 3577 3217 3631 Latinos.

2063 3678 2143 3732 Et
2177 3679 2281 3731 hoc
2333 3688 2665 3742 cognoscere
2711 3672 2861 3733 licet.
2893 3684 2991 3727 eos
3049 3684 3155 3723 non
3202 3683 3393 3737 parum
3445 3682 3574 3738 pec—

1995 3785 2161 3833 care,
2220 3767 2312 3835 qui
2364 3781 2460 3835 per
2500 3778 2690 3834 azyma
2726 3762 3016 3831 mysticum
3066 3759 3401 3814 sacriﬁcium
3432 3759 3573 3812 cele.

1999 3862 2181 3916 brant.
2210 3859 2347 3913 Nam
2383 3859 2427 3913 si
2464 3859 2564 3921 eis,
2593 3856 2686 3924 qui
2720 3855 3121 3922 simpliciterex
3147 3852 3303 3906 festis
3329 3850 3573 3905 Judaicis

1998 3967 2190 4023 azyma
2236 3949 2554 4014 comedunt,
2596 3945 2997 4014 depositionem
3051 3951 3104 3996 et
3137 3943 3569 4011 segregationem

2000 4043 2246 4107 inducit;
2284 4022 2500 4101 eorum,
2535 4048 2797 4106 tanquam
2847 4035 3112 4089 Dominici
3145 4032 3417 4100 corporis,
3453 4046 3578 4085 esse

1998 4136 2320 4205 participes,
2375 4142 2431 4187 et
2480 4144 2609 4186 cum
2651 4128 2763 4182 illis
2814 4126 3015 4195 pascha
3079 4124 3378 4184 celebrare,
3417 4121 3579 4191 146

2000 4229 2218 4297 qualem
2259 4225 2424 4278 habet
2450 4219 2864 4276 excusationem
2897 4215 3202 4285 speciosam
3222 4213 3246 4265 ?
3270 4210 3389 4266 Non
3418 4212 3567 4265 enim

2001 4317 2251 4372 absolute
2267 4328 2456 4384 azyma
2478 4311 2766 4366 comedere
2797 4307 3079 4377 prohibuit
3107 4343 3122 4367 ,
3152 4305 3245 4359 sed
3268 4318 3363 4373 per
3386 4316 3578 4372 azyma

2004 4422 2158 4463 more
2189 4403 2421 4459 Iudaico
2454 4402 2590 4457 festa
2627 4399 2929 4455 celebrare.
2962 4394 3249 4461 Quodnam
3281 4402 3462 4446 autem
3495 4397 3582 4446 est

1933 4492 1976 4548 Β
2006 4499 2295 4554 incruento
2321 4491 2595 4549 sacriﬁcio
2633 4489 2814 4557 majus
2847 4485 3071 4552 festum,
3106 4483 3250 4555 quod
3287 4480 3580 4543 Dominus,

2004 4605 2129 4645 cum
2160 4585 2485 4659 mysterium
2517 4582 2780 4646 salutare,
2814 4587 3058 4657 ‘mortem
3093 4575 3309 4630 scilicet
3330 4574 3583 4629 volunta-

2002 4682 2163 4744 riam,
2197 4679 2483 4733 subiturus
2528 4682 2668 4738 erat,
2724 4680 2850 4726 ante
2904 4668 3185 4723 Paschalis
3230 4664 3428 4720 festum
3482 4674 3587 4717 tra-

2006 4772 2185 4827 didit?
2215 4771 2369 4837 Quod
2413 4778 2596 4823 aulem
2630 4780 2699 4820 ne
2726 4763 2935 4818 sanctis
2968 4760 3226 4814 l‘alribus
3259 4759 3313 4812 iu
3349 4768 3583 4811 mentem

2005 4864 2225 4934 quidem
2271 4862 2443 4925 venit,
2481 4872 2582 4912 nos
2613 4872 2709 4926 per
2731 4869 2924 4925 azyma
2954 4853 3152 4907 festum
3183 4850 3484 4912 celebrare,
3517 4863 3582 4900 ex

2005 4971 2072 5011 eo
2106 4954 2457 5008 manifestum
2510 4958 2615 5014 est,
2666 4948 2811 5015 quod
2849 4959 3011 5000 omne
3062 4944 3261 4995 festum
3297 4939 3583 4994 Judaicum

2008 5048 2228 5103 abolere
2278 5044 2619 5105 nitebantur,
2679 5050 2734 5093 et
2779 5051 2973 5092 eorum
3030 5034 3232 5089 ritibus
3270 5045 3326 5087 ct
3375 5032 3590 5100 legibus

2009 5139 2283 5196 contraria
2329 5133 2618 5188 instituere
2673 5148 2687 5185 :
2723 5127 3193 5198 quemadmodum
3238 5124 3403 5179 etiam
3442 5122 3590 5191 jeju-

2008 5233 2163 5286 nium
2220 5239 2275 5284 et
2322 5228 2491 5282 ferias
2545 5224 2598 5277 in
2649 5220 2898 5277 sabbatis
2952 5219 3272 5282 solverunt;
3331 5231 3492 5286 porro
3537 5223 3592 5267 et

2012 5323 2160 5395 quod
2193 5324 2248 5376 in
2287 5317 2651 5374 Ninivitarum
2682 5312 2880 5382 ieiunii
2922 5311 3244 5367 memoriam
3286 5308 3591 5365 celebrant.

2014 5427 2068 5473 et
2096 5415 2226 5475 alia.
2251 5429 2375 5483 qua:
2405 5410 2498 5465 hic
2546 5406 2963 5478 particulariter
2996 5416 3326 5460 enumerare
3352 5413 3461 5455 non
3508 5405 3595 5450 est

2017 5507 2306 5579 praesentis
2340 5502 2604 5558 instituti.

2088 5597 2537 5670 Septuagesimum
2557 5593 2770 5664 primus
2786 5606 2920 5648 vero
2939 5605 3113 5647 canon
3134 5586 3509 5644 Christianum
3543 5584 3597 5637 in

2019 5694 2305 5767 gentilium
2342 5689 2541 5758 templa
2569 5686 2752 5740 oleum
2780 5683 3142 5746 deferentem,
3175 5680 3261 5734 vel
3294 5679 3348 5733 in
3377 5677 3597 5732 Judaeu-

2022 5803 2142 5843 rum
2195 5783 2560 5854 Syuagugam,
2594 5775 2678 5831 vel
2725 5774 3004 5828 lucernam
3051 5769 3458 5830 accendentem,
3511 5780 3601 5819 se-
