4054 6416
572 364 704 426 1317

1737 355 2103 417 MATTII.EI
2146 355 2577 416 BLASTARIS

3669 320 3779 415 i'ilt

565 469 898 544 gregationis
941 466 1211 538 supplicio
1264 465 1467 532 tradit;
1524 464 1725 521 exinde
1755 466 1902 520 enim
1943 480 2133 520 eorum

2252 469 2395 542 Ξίκῃ⁹
2431 468 2596 537 τιμᾷν
2624 465 2732 536 γὰρ
2771 461 2838 518 ἐκ
2880 459 3075 518 τούτου
3121 463 3190 516 τὰ
3224 462 3448 516 ἐκείνων
3478 460 3633 531 ὄργια
3663 466 3780 533 λογι-

569 563 705 617 festa
739 561 1010 614 honorare
1038 557 1372 612 censebitur.

638 654 720 706 Ab
743 653 1001 706 omnibus
1025 651 1111 704 his
1129 650 1409 704 discedere
1425 647 1623 718 jnbent
1638 647 1796 700 etiam
1822 642 2144 699 Laodiceae:

2247 561 2349 613 σθῆ
2359 577 2532 613 σεται.

2359 579 2532 613 σεται.

2316 579 2540 704 ’τίόὐτων
2574 649 2908 717 ἀφίστασθαι
2938 649 3158 703 πάντων
3181 647 3535 716 παρεγγυῶσι
3563 647 3651 699 καὶ
3667 648 3692 698 ὁ
3709 649 3786 714 τῆς

572 744 764 814 synodi
797 759 1036 798 canones
1080 742 1171 807 37,
1209 751 1264 795 ct
1303 740 1373 795 58
1403 750 1458 794 et
1501 739 1593 802 59,
1638 740 1730 808 qui
1789 739 1857 791 de
1908 746 2145 806 utroque

2252 743 2303 794 ὲν
2335 743 2624 813 Λαοδικείᾳ
2653 740 2732 805 λζ’
2761 739 2964 804 κανὼν,
3015 743 3112 794 καὶ
3150 743 3179 793 ὁ
3204 739 3304 808 λη’,
3339 741 3438 793 καὶ
3475 741 3503 790 ὀ
3535 739 3609 790 λθ⁹
3637 741 3787 806 ἀμφοο

568 850 780 888 canone
806 834 1110 903 apostolico
1149 833 1479 887 mentionem
1512 831 1769 896 injiciunt
1800 829 1991 882 iisdem
2024 842 2145 880 ver—

570 927 656 980 bis
683 935 732 978 et
759 927 1099 981 nominibus.

639 1015 976 1072 Undecimus
1006 1031 1136 1070 vero
1181 1033 1230 1070 vn
1263 1015 1456 1087 synodi
1493 1029 1619 1068 eum
1656 1011 1748 1082 qui
1775 1028 1897 1067 cum
1931 1007 2138 1066 Juda'is

569 1112 856 1164 comedere
901 1127 1007 1163 non
1047 1117 1289 1169 recusat,
1342 1108 1426 1161 vel
1461 1121 1652 1161 eorum
1711 1104 2142 1158 familiaritatem

571 1218 682 1256 non
734 1215 1086 1272 aspernatur,
1127 1201 1212 1253 vel
1260 1201 1312 1253 in
1371 1197 1577 1251 morbis
1625 1211 1721 1250 eos
1769 1195 1836 1250 ad
1877 1195 2144 1249 medelam

572 1294 830 1359 accersit,
869 1293 954 1348 vel
993 1308 1099 1346 una
1133 1308 1256 1346 cum
1293 1293 1360 1344 iis
1397 1290 1451 1343 in
1484 1289 1682 1344 balneo
1719 1287 1956 1349 lavatur,
1993 1287 2038 1340 si
2076 1286 2149 1340 sit

571 1387 791 1451 quidem
849 1385 1113 1448 clericus,
1172 1383 1533 1450 depmitioni,
1573 1381 1657 1434 sin
1711 1390 1892 1434 autem
1949 1380 2145 1443 laicus,

571 1477 934 1547 δοκι-θεοιίοοὶ
995 1476 1240 1546 subjicit.
1307 1469 1439 1529 Vide
1526 1477 1690 1528 ctiam
1749 1479 1914 1541 caput
1969 1472 2004 1525 4
2051 1473 2146 1527 lit-

573 1577 701 1621 terat
727 1569 789 1620 Β.

645 1659 952 1714 Vicesimus
984 1673 1163 1712 nonus
1199 1671 1331 1711 vero
1358 1655 1678 1711 Laodicena:
1710 1653 1903 1725 synodi
1941 1691 1958 1720 ,
2028 1651 2147 1708 Non

2243 836 2418 903 τέρων
2446 833 2556 885 τῶν
2583 833 2961 887 ἀποστολικῶν
2994 827 3335 903 μεμνημένοι
3365 833 3600 885 κανόνων
3631 831 3788 891 αὐτοῖς

2248 926 2465 994 ῥήμασι
2497 926 2589 976 καὶ
2619 927 2902 994 ὀνόμασιν.

2329 1014 2390 1069 ’0
2429 1016 2487 1069 δὲ
2518 1022 2588 1069 ια’
2623 1018 2723 1084 τῆς
2773 1016 2829 1080 ς’
2865 1009 3086 1069 συνόδου
3132 1017 3226 1069 τὸν
3267 1015 3339 1068 τὰ
3377 1015 3486 1068 τῶν
3553 1014 3790 1068 Ἰουδαίων

2249 1101 2433 1174 ἄζυμα
2462 1107 2666 1158 ἐσθίειν
2698 1107 2776 1176 μὴ
2812 1106 3274 1175 παραιτούμενον,
3304 1105 3339 1174 ἢ
3381 1106 3477 1174 τὴν
3505 1105 3693 1157 τούτων
3718 1122 3791 1170 φι-

2250 1196 2371 1250 λίαν
2405 1197 2507 1250 οὐκ
2527 1197 2891 1266 ἀτιμάζοντα,
2919 1197 2950 1264 ἢ
2976 1197 3034 1248 ἐν
3068 1197 3246 1258 νόσοις
3297 1196 3437 1265 πρὸς
3469 1195 3696 1262 ἰατρείαν
3716 1195 3793 1248 αὑ·

2249 1290 2375 1352 τοὺς
2427 1289 2936 1360 προσκαλούμενον,
2987 1290 3021 1358 ἢ
3057 1290 3115 1341 ἓν
3161 1289 3432 1358 βαλανείῳ
3461 1286 3664 1348 τούτοις
3692 1285 3796 1340 συλ-

2249 1378 2564 1449 λουόμενον,
2626 1379 2890 1449 κληρικὸν
2930 1378 3029 1446 μὲν
3083 1377 3215 1430 ὄντα
3270 1375 3606 1446 καθαιρέσει,
3634 1374 3794 1428 λαῖκδν

2249 1471 2308 1525 δὲ
2376 1471 2670 1544 ἀφορισμῷ
2703 1470 3014 1541 ὑποτίθησι.
3052 1469 3212 1539 Ζήτει
3244 1472 3340 1521 καὶ
3369 1469 3432 1521 τὸ
3454 1469 3497 1520 δ’
3519 1485 3637 1532 κεφ.
3665 1466 3795 1519 τοῦθ

2252 1562 2546 1632 στοιχείου.

2335 1649 2395 1702 '0
2427 1650 2482 1702 δὲ
2511 1647 2594 1703 κθ’
2624 1642 2726 1716 τῆς
2753 1651 2811 1702 ἐν
2850 1643 3148 1716 Λαοδικείᾳ
3175 1647 3421 1711 συνόδου,
3447 1647 3522 1699 Οὐ
3551 1647 3645 1712 δεῖ,
3663 1647 3792 1716 φησῆ

569 1753 746 1816 decet,
789 1751 992 1819 inquit,
1029 1750 1399 1810 Christianos.
1435 1749 1526 1818 qui
1558 1749 1732 1818 legem
1777 1748 2147 1816 evangelicain

2252 1742 2380 1804 τοὺς
2401 1737 2786 1811 Χριστιανοὺς,
2814 1741 2942 1805 τοὺς
2971 1743 3062 1793 τὸν
3087 1740 3442 1808 εὐαγγελικδν
3458 1739 3618 1808 νόμον
3663 1739 3794 1802 δεξε-

572 1853 704 1899 sunt
755 1845 1014 1914 amplexi,
1079 1854 1131 1898 et
1180 1844 1284 1908 eis,
1331 1843 1423 1912 qui
1474 1842 1654 1896 adhuc
1690 1842 2052 1894 umbraticam
2096 1850 2147 1894 et

2259 1809 2490 1902 μένους,
2543 1835 2639 1887 καὶ
2698 1834 3030 1903 τελεώτερον
3080 1834 3194 1896 τοῖς
3228 1823 3312 1884 ἔτι
3353 1833 3449 1884 τὸν
3478 1823 3670 1898 σκιώδη
3718 1831 3796 1883 καὶ

573 1936 945 2005 imperfectam
967 1937 1176 1999 colunt,
1197 1935 1600 2006 perfectiorem,
1619 1931 1823 1988 Judais
1843 1933 2148 1997 adhaerere,

569 2036 624 2082 et
679 2029 1005 2092 Sabbatum,
1056 2038 1116 2082 ut
1176 2029 1277 2093 illi,
1319 2027 1680 2090 celebrantes,
1722 2026 1777 2080 in
1831 2027 1927 2080 illo
1987 2040 2150 2082 omne

570 2136 710 2191 opus
737 2123 1132 2186 condemnare,
1163 2119 1260 2175 sed
1289 2121 1342 2174 in
1371 2134 1437 2174 eo
1469 2119 1684 2188 quidem
1713 2117 1968 2188 operari;
2003 2119 2148 2172 diem

569 2227 704 2266 vero
734 2210 1083 2267 Dominicum
1116 2211 1498 2280 prmferentes,
1535 2210 1724 2274 otiari,
1755 2211 1799 2264 si
1828 2210 2062 2278 possint,
2091 2217 2150 2263 ut

571 2303 898 2368 Christiani,
929 2319 1097 2374 Opera
1161 2303 1330 2357 missa
1366 2303 1567 2369 facere,
1599 2313 1660 2356 ut
1702 2301 1957 2358 ecclesiis
2011 2304 2151 2358 assi-

571 2397 760 2449 deant.
786 2395 891 2461 Qui
929 2396 1073 2449 enim
1109 2395 1182 2450 ob
1214 2404 1618 2464 paupertatem,
1643 2395 1727 2448 vel
1756 2395 1920 2448 aliam
1955 2409 2152 2464 qnam-

570 2489 695 2541 d’am
733 2489 1115 2543 necessitatem
1155 2488 1322 2543 etiam
1367 2488 1456 2542 die
1500 2487 1784 2540 Dominico
1811 2489 2150 2543 inexorabile

570 2594 711 2648 opus
731 2581 960 2643 subivit,
983 2588 1041 2632 ut
1059 2580 1366 2649 improbus,
1397 2580 1610 2633 veniam
1634 2595 1741 2634 non
1763 2583 2145 2651 consequitur.

570 2674 682 2728 Eos
726 2683 935 2740 autem,
985 2674 1078 2742 qui
1115 2672 1376 2728 Judaicos
1433 2687 1543 2727 non
1600 2674 1894 2742 repndiant
1940 2687 2145 2740 mores,

573 2764 864 2819 manifeste
897 2763 1266 2818 anathematis
1290 2762 1562 2832 supplicio
1594 2761 1836 2832 subiicit.

1264 2942 1444 3014 Leges.

646 3035 814 3091 Judmi
856 3036 912 3090 in
965 3035 1232 3097 Sabbato.
1281 3047 1339 3090 et
1374 3037 1498 3089 aliis
1527 3049 1717 3090 eorum
1766 3034 1942 3102 festis,
1970 3047 2149 3106 neque

571 3129 943 3184 ministerium
983 3129 1345 3198 corporaliter
1377 3131 1606 3193 obeunt,
1657 3143 1838 3196 neque
1869 3128 2016 3182 aliud
2063 3128 2148 3182 fa-

571 3221 749 3286 ciunt,
812 3233 992 3289 neque
1048 3219 1256 3288 publici
1307 3229 1403 3274 aut
1458 3217 1658 3288 privati
1688 3217 1937 3272 criminis
1984 3231 2148 3272 accuo

570 3320 782 3372 santur,
813 3326 912 3364 nec
949 3310 1300 3365 Christianos
1343 3317 1628 3364 accusant.

645 3402 703 3456 Si
740 3402 961 3458 Iudaeus
989 3401 1372 3456 Christianum
1393 3403 1476 3455 vel
1508 3400 1966 3456 catechumenum
2001 3414 2154 3455 man-

573 3493 778 3561 cipium
812 3492 1115 3563 possideat,
1153 3500 1208 3546 et
1227 3492 1658 3554 circumciderit,
1677 3491 1764 3545 vel
1793 3505 1961 3546 ausus
1984 3488 2153 3545 fuerit

575 3585 948 3641 Christianam
987 3585 1224 3656 alicujus
1255 3587 1649 3640 conscientiam
1686 3593 2018 3654 pervertere,
2052 3598 2150 3639 ca-

572 3675 728 3744 pitali
757 3675 1036 3745 supplicio
1061 3676 1349 3744 plectatur.

950 3786 1216 3842 lNlTlUM
1290 3784 1616 3841 LITTERE
1688 3785 1760 3840 K.

577 3899 730 3957 CAP.
767 3899 809 3955 Ι.
842 3899 918 3954 De
946 3900 1197 3968 depositis
1243 3900 1499 3968 episcopis
1534 3907 1582 3952 el
1619 3899 1846 3966 clericis,
1877 3908 1978 3955 eta
2025 3906 2152 3970 quot

1064 3971 1319 4040 episcopis
1373 3971 1729 4037 deponuntur.

643 4129 780 4184 Vide
805 4129 857 4183 in
885 4141 1036 4182 nono
1065 4128 1242 4195 capite
1264 4125 1463 4179 littera:
1494 4128 1532 4177 Δ
1585 4126 1654 4181 de
1672 4126 1751 4180 eis
1781 4126 1873 4196 qui
1903 4127 2026 4194 jure
2055 4127 2152 4182 de-

571 4227 879 4292 ponuntur.
935 4216 1006 4272 Ut
1045 4226 1100 4272 et
1151 4217 1221 4271 12
1252 4229 1308 4271 et
1353 4216 1423 4269 d5
1471 4217 1927 4286 Carthaginiensis
1957 4217 2153 4288 synodi

567 4327 832 4374 canones,
869 4325 1010 4378 quos
1049 4308 1655 4378 invenies,cpiscopnm
1702 4323 1732 4361 a
1781 4309 1844 4362 l2
1878 4310 2153 4380 episcopis

576 4403 737 4473 147
782 4401 984 4471 deponi
1027 4409 1286 4469 Oportere
1319 4401 1728 4457 decernentes:
1765 4402 2151 4472 presbyterum

2255 1924 2422 1992 ἀτελῆ
2451 1924 2709 1978 διώκουσι
2734 1917 3025 1995 ττροσέχειν
3065 1925 3382 1989 Ἰουδαίοις,
3414 1923 3510 1976 καὶ
3537 1922 3595 1975 τὸ
3619 1914 3796 1975 Σάϐϐα·

2255 2024 2368 2083 τον,
2396 2016 2472 2080 ὡς
2497 2018 2716 2082 ἐκείνοι,
2747 2018 3047 2086 τιμῶντας,
3077 2015 3359 2085 ἀπραξίαν
3395 2015 3452 2066 ὲν
3493 2014 3658 2084 τούτῳ
3689 2030 3796 2066 παν.

2257 2105 2350 2168 τος
2377 2106 2540 2176 ἔργου
2568 2102 3087 2176 καταψηφίζεσθαι·
3115 2108 3231 2160 ἀλλ’
3261 2109 3323 2160 ἐν
3344 2106 3522 2176 τούτῳ
3554 2105 3644 2174 μὶν
3664 2104 3796 2172 ἔργα·

2258 2197 2470 2263 ζεσθαι,
2522 2196 2622 2269 τὴν
2677 2199 2735 2252 δὲ
2768 2193 2985 2269 κυρίαν
3032 2200 3141 2252 τῶν
3168 2191 3400 2269 ἡμερῶν
3428 2196 3792 2268 προτιμῶντας,

2255 2291 2373 2357 εἴγε
2403 2289 2650 2343 δύναιντο
2679 2289 2961 2360 σχολάζειν
3010 2291 3086 2354 ὡς
3121 2292 3464 2360 Χριστιανοὶ,
3499 2290 3602 2344 τῶν
3647 2289 3794 2356 ἔργων

2256 2376 2561 2451 ἀφεμένους
2589 2381 2976 2452 προσεδρεύειν
3004 2385 3127 2446 ταῖς
3190 2383 3534 2452 ἐκκλησίαις.
3581 2370 3675 2436 Τὸν
3708 2380 3794 2447 γὰρ

2257 2475 2324 2528 ὲκ
2345 2476 2561 2542 πενίας,
2599 2471 2632 2547 ἢ
2685 2475 3006 2546 ἡστινοσοῦν
3050 2474 3221 2545 ἄλλης
3275 2475 3529 2543 ἀνάγκης
3554 2474 3643 2526 καὶ
3680 2473 3793 2524 κατὰ

2255 2565 2356 2634 τὴν
2389 2566 2751 2637 Κυριώνυμον
2794 2568 2960 2636 ἔργον
2999 2566 3386 2636 ἀπαραίτητον
3411 2561 3714 2627 ὑπελθόντα,
3735 2559 3794 2623 ὡς

2255 2655 2536 2725 ἄγνωμον,
2605 2657 2681 2727 μὴ
2741 2655 3076 2725 συγγνώμης
3125 2655 3462 2724 τυγχάνειν·
3515 2656 3622 2716 τοῖς
3664 2645 3793 2706 δὲτὰ

2267 2745 2537 2800 Ἰουδαϊκὰ
2563 2746 2640 2816 μὴ
2673 2747 3134 2818 παραιτουμένοις
3161 2745 3284 2816 ἔθη,
3331 2744 3579 2816 φανερῶς
3604 2742 3792 2813 τιμᾶται

2255 2838 2352 2891 τοῦ
2379 2838 2742 2907 ἁναθέματος.

2941 2925 3150 2998 Νόμοι.

2327 3026 2392 3077 Ol
2447 3023 2690 3076 Ἰουδαῖοι
2733 3024 2792 3075 έν
2840 3023 3108 3093 Σαϐϐάτῳ
3135 3023 3229 3075 καὶ
3267 3023 3393 3084 ταῖς
3419 3012 3602 3082 ἄλλαις
3649 3013 3792 3071 αὐτῶν

2255 3119 2469 3187 ἑορταῖς
2497 3157 2512 3182 ,
2561 3115 2686 3170 οὕτε
2744 3115 3080 3185 σωματικῶς
3141 3115 3575 3185 λειτουργοῦσιν,
3603 3111 3712 3164 οὔτε
3751 3126 3793 3160 τι

2256 3205 2524 3271 ποιοῦσιν,
2559 3202 2682 3259 οὔτε
2706 3206 2797 3260 διὰ
2825 3207 3094 3277 δημοσίαν
3126 3206 3160 3277 ἢ
3189 3206 3474 3276 ἰδιωτικὴν
3497 3204 3666 3257 αἰτίαν
3690 3202 3792 3254 ὲνὰἀ

2252 3314 2462 3370 γονται,
2492 3299 2525 3370 ἢ
2551 3301 2906 3370 Χριστιανοῐς
2943 3299 3260 3369 ἐναγουσιν.

2333 3393 2459 3445 Ἐὰν
2526 3392 2782 3454 Ἰουδαῖος
2839 3391 3172 3462 Χριστιανὸν
3201 3387 3235 3459 ἢ
3268 3385 3675 3460 κατηχούμενον
3720 3387 3793 3438 ἀνά

2251 3479 2522 3549 δράποδον
2546 3467 2842 3552 κτήσηται,
2886 3483 2982 3535 καὶ
3017 3482 3317 3552 περιτέμῃ,
3344 3481 3383 3551 ἢ
3419 3480 3658 3552 τολμήσῃ
3675 3479 3791 3538 τινὸς

2252 3573 2576 3644 διαστρέψαι
2597 3573 2989 3644 Χριστιανικδν
3014 3572 3299 3643 λογισμὸν,
3320 3572 3629 3642 κεφαλικῶς
3652 3587 3792 3639 τιμωι

2255 3664 2478 3736 ρείσθιυ.

2601 3773 2793 3836 ΑΡΧΗ
2825 3777 2963 3836 ΤΟΥ
3001 3781 3050 3836 Κ
3081 3776 3481 3836 ΣΤΟΙΧΕΙΟΥ.

2251 3893 2507 3949 ΚΕΦΑΛ.
2527 3894 2604 3949 Α’.
2638 3897 2778 3963 Περὶ
2805 3895 2927 3948 τῶν
2941 3895 3425 3962 καθαιρεθέντων
3447 3891 3560 3964 ἤδη
3587 3891 3788 3948 ἐπισκόε

2321 3979 2454 4018 πων
2478 3967 2578 4018 καὶ
2611 3964 2943 4033 κληρικῶν,
2965 3968 3064 4018 καὶ
3088 3970 3207 4020 ὑπὸ
3240 3968 3458 4020 πόσων
3475 3963 3790 4019 ἐπισκόπων

2323 4036 2769 4103 καθαιροῦνται.

2324 4130 2488 4198 Ζητει
2521 4132 2580 4182 ὲν
2611 4128 2689 4198 τῷ
2741 4124 2789 4181 θ’
2825 4143 2955 4197 κεφ.
3006 4127 3101 4183 τοῦ
3132 4130 3170 4181 Δ
3212 4128 3485 4199 στοιχείου
3539 4127 3656 4196 περὶ
3703 4124 3790 4178 τῶν

2253 4220 2478 4282 ἐνδίκως
2503 4219 2965 4289 καθαιρεθέντων,
3006 4219 3143 4274 ἀλλὰ
3175 4220 3243 4290 δὴ
3277 4223 3378 4274 καὶ
3442 4221 3533 4274 τὸν
3568 4218 3628 4289 ιβ’
3663 4216 3791 4272 κανό-

2253 4330 2320 4365 να
2351 4313 2444 4364 aut
2494 4313 2587 4365 τὸν
2615 4309 2677 4365 ιε’
2705 4313 2804 4382 τῆς
2829 4313 2888 4364 ὲν
2916 4312 3250 4383 Καρθαγένῃ
3284 4313 3528 4380 συνόδου,
3553 4311 3641 4374 οὓς
3658 4307 3791 4378 εὑρὴο

2256 4421 2390 4470 σεις,
2427 4403 2533 4456 ὑπὸ
2569 4403 2782 4457 δώδεκα
2813 4403 2916 4472 μὲν
2937 4404 3254 4458 επισκόπων
3281 4406 3482 4476 χρῆναι
3511 4403 3790 4461 κελεύοντας

572 4509 725 4558 vero,
759 4509 789 4546 a
824 4507 955 4557 sex;
985 4483 1040 4545 et
1068 4491 1383 4554 diaconum,
1419 4505 1451 4544 ιι
1485 4482 1681 4546 tribus.
1730 4493 1799 4546 Et
1840 4493 1898 4546 in
1935 4495 2148 4548 decimo

2258 4496 2645 4566 καθαιρεῖσθαι
2679 4495 2772 4549 τὶν
2805 4496 3106 4550 ἐπίσκοπον
3129 4512 3146 4528 ο
3179 4497 3286 4549 ὑπὸ
3321 4495 3381 4563 ἓξ
3431 4497 3506 4562 δὲ,
3562 4497 3646 4550 τδν
3683 4508 3790 4562 πρε-

570 4582 769 4645 octa'vo
798 4603 918 4658 cap.
949 4587 1145 4640 littera:
1165 4587 1212 4638 A
1257 4601 1524 4640 canonem
1547 4587 1897 4640 undecimum
1932 4595 2152 4642 sancto-

572 4697 695 4737 rum
725 4681 1132 4750 apostolorum.
1165 4679 1231 4732 Et
1264 4679 1318 4730 in
1347 4693 1493 4732 nono
1524 4693 1646 4748 cap.
1679 4679 1926 4748 ejusdem
1954 4681 2150 4735 litterae

570 4787 842 4830 canonem
891 4771 1213 4826 vicesimum
1239 4771 1536 4840 septimum
1585 4771 1765 4841 magni
1793 4770 2005 4826 Basilii.

639 4951 950 5006 Vicesimus
979 4949 1192 5020 primus
1254 4958 1426 5004 sextae
1453 4965 1576 5021 syn.
1607 4963 1783 5003 canon
1830 4949 1935 5004 hoc
1982 4951 2148 5006 modo

571 5043 843 5099 verbatim
886 5043 1042 5099 dicit:
1101 5040 1324 5105 Clerici,
1360 5041 1455 5110 qui
1503 5042 1898 5095 canonicorum
1936 5041 2148 5095 .crimi-

572 5151 699 5191 num
748 5135 826 5189 rei
859 5133 1016 5201 facti,
1048 5142 1102 5188 et
1139 5142 1430 5204 propterea
1484 5131 1742 5202 perfectae
1772 5148 1837 5187 ac
1874 5142 2148 5202 perpetuat

570 5227 902 5298 depositioni
939 5225 1199 5296 subjecti,
1235 5236 1286 5282 et
1328 5227 1382 5280 in
1415 5225 1685 5280 laicorum
1723 5227 1900 5281 locum
1933 5226 2147 5282 detrusi

571 5327 723 5380 sunt.
754 5319 800 5374 si
827 5317 1050 5386 quidem
1103 5317 1172 5371 ad
1202 5318 1619 5372 conversionem
1667 5331 1766 5370 sua
1797 5326 1996 5386 sponte
2054 5333 2144 5372 re-

571 5411 863 5479 spicientes
901 5418 1182 5480 peccatum
1225 5411 1461 5472 deleant.
1483 5421 1704 5479 propter
1727 5411 1873 5478 quod
1905 5425 1934 5463 a
1972 5411 2148 5478 gratia

571 5503 920 5568 exciderunt,
951 5511 1007 5558 et
1039 5504 1108 5558 ab
1163 5517 1228 5558 eo
1263 5517 1320 5557 se
1351 5505 1570 5572 penitus
1631 5503 1840 5557 alienos
1889 5501 2144 5568 eﬂiciant,

571 5595 704 5648 cleri
742 5595 933 5650 habitu
970 5596 1323 5650 tondeantur:
1355 5596 1439 5648 sin
1463 5606 1646 5648 autem
1678 5610 1783 5649 non
1823 5610 1921 5649 sua
1949 5603 2147 5664 sponte

574 5683 680 5738 hoc
717 5686 1000 5755 elegerint,
1037 5701 1253 5741 comam
1293 5687 1436 5739 sicut
1470 5685 1591 5740 laici
1627 5687 1889 5761 nutriant,
1958 5695 2146 5755 utpote

577 5775 670 5841 qui
706 5778 1021 5831 szecnlarem
1049 5781 1528 5831 conversationem
1551 5779 1674 5832 vita:
1697 5778 1903 5833 caelesti
1932 5792 2142 5848 praepo-

2254 4587 2539 4656 σδύτερον,
2596 4589 2691 4641 καὶ
2729 4588 2920 4655 τριῶν,
2955 4589 3050 4640 τὸν
3083 4586 3367 4641 διάκονον·
3409 4592 3504 4643 καὶ
3551 4590 3605 4640 ὲν
3641 4586 3709 4654 τῷ
3735 4589 3791 4649 ιη’

2251 4697 2382 4749 κεφ.
2411 4679 2507 4732 τοῦ
2538 4679 2586 4731 Α
2615 4679 2887 4748 στοιχείου
2919 4680 3119 4734 κανόνα
3158 4678 3227 4732 ια’
3260 4681 3369 4734 τῶν
3395 4681 3563 4748 ἁγίων
3595 4672 3788 4731 ἀποστό-

2250 4771 2359 4825 λων
2377 4787 2392 4803 ·
2425 4772 2522 4824 καὶ
2547 4773 2606 4824 ὲν
2627 4771 2707 4840 τῷ
2734 4767 2779 4824 θ’
2808 4788 2939 4840 κεφ.
2971 4771 3070 4824 τοῦ
3121 4771 3288 4826 αὐτοῦ
3329 4771 3593 4843 στοιχείου
3616 4764 3784 4820 κανόνα

2251 4864 2334 4928 κζ’
2365 4862 2461 4916 τοῦ
2494 4863 2737 4934 μεγάλου
2771 4862 3081 4917 Βασιλείου.

2333 4955 2393 5010 ’0
2421 4955 2478 5008 δὲ
2499 4953 2585 5008 κα⁹
2614 4955 2718 5024 τῆς
2749 4961 2802 5018 ς’
2844 4955 3065 5008 συνόδου
3096 4953 3244 5008 οὕτω
3272 4954 3416 5008 κατὰ
3447 4953 3589 5022 λέξιν
3612 4949 3779 5021 φησίν’

2253 5049 2318 5102 υἱ
2369 5048 2457 5101 ἐπ’
2513 5048 2830 5118 ἐγκλήμασι
2864 5049 3172 5111 κανονικοῖς
3209 5048 3504 5102 ὑπεύθυνοι
3547 5045 3781 5114 γινόμενοι

2250 5141 2527 5212 κληρικοὶ,
2576 5141 2671 5194 καὶ
2719 5141 2808 5194 διὰ
2831 5139 2994 5194 τοῦτο
3039 5139 3302 5194 παντελεῖ
3355 5157 3416 5193 τε
3447 5139 3542 5193 καὶ
3575 5130 3778 5205 διηνεκεῖ

2251 5232 2681 5302 ὑποϐαλλόμενοι
2726 5231 3067 5301 καθαιρέσει,
3103 5231 3198 5285 καὶ
3231 5232 3312 5295 είς
3353 5231 3445 5285 τὸν
3475 5230 3581 5284 τῶν
3608 5222 3776 5280 λαῖκῶν

2249 5324 2417 5377 τόπον
2449 5323 2854 5393 ἀπωθούμενοι,
2883 5324 2935 5376 εί
2965 5323 3065 5392 μὲν
3091 5315 3351 5383 ἑκουσιῶς
3392 5323 3529 5392 πρὸς
3559 5322 3778 5381 ἐπιστρο-

2251 5417 2358 5484 φὴν
2377 5414 2612 5484 ὁρῶντες
2645 5414 2902 5469 ἁθετοῢσι
2929 5415 3030 5485 τὴν
3067 5415 3364 5484 ἁμαρτίαν,
3399 5413 3469 5466 δι’
3494 5413 3558 5483 ἣν
3586 5409 3676 5476 τῆς
3699 5401 3779 5474 κά·

2253 5525 2398 5576 ριτος
2421 5507 2814 5560 ὲκπεπτὼκασι
2837 5547 2852 5573 ,
2891 5505 2988 5560 καὶ
3033 5507 3238 5576 ταύτης
3271 5506 3450 5560 τέλεον
3509 5497 3782 5567 ἀλλοτρίους

2252 5595 2480 5656 ἑαυτοὺς
2533 5594 2847 5659 καθιστᾶσι,
2910 5594 2993 5664 τῷ
3022 5595 3116 5647 τοῦ
3171 5592 3434 5665 κληρικοῦ
3459 5586 3780 5658 κειρέσθωσαν

2254 5689 2530 5756 σχήματι’
2567 5687 2618 5738 εί
2650 5687 2708 5738 δὲ
2771 5687 2846 5754 μὴ
2882 5685 3043 5738 τοῦτο
3094 5685 3431 5754 αὐθαιρέτως
3485 5680 3778 5752 αἱρήσονται,

2252 5778 2504 5847 καθάπερ
2531 5781 2582 5832 οἱ
2605 5778 2788 5830 λαῖκοὶ
2807 5779 2910 5846 τὴν
2936 5778 3113 5847 κόμην
3143 5777 3594 5847 ἑπιτρεφέτωσαν,
3614 5767 3682 5830 ὡς
3702 5762 3778 5828 τὴν
