4054 6400
389 366 494 432 349

1333 361 1740 424 SYNTAGMA
1784 355 2404 420 ALPIIABETICUM.
2445 383 2514 396 -·
2554 352 2623 418 Κ.

3460 353 3602 419 1350

354 490 410 538 ἔν
443 486 631 555 κόσμῳ
663 481 1014 553 ἀναστροφὴν
1064 481 1163 551 τῆς
1205 481 1426 559 αἰωνίου
1464 479 1925 560 προτετιμηκότες

2031 498 2261 555 suerint.
2291 497 2426 552 Nam
2458 498 2512 552 in
2554 513 2651 554 eos
2688 498 2780 569 qui
2821 513 2948 555 vera
2981 505 3212 555 utuntur
3251 499 3599 569 paenitentia,

354 577 498 644 ζωῆς
520 590 534 604 ⁸
595 573 1110 645 φιλανθρωπότερον
1141 573 1251 642 γὰρ
1302 573 1332 624 ἀ
1376 571 1560 626 κανὼν
1592 573 1704 633 τοῖς
1733 570 1925 640 ἀληθεῖ

358 665 652 737 μεταμέλῳ
707 663 1071 732 χρησαμένοις
1102 661 1428 714 διατίθεταιο
1483 662 1533 714 οί
1567 660 1666 729 μὲν
1693 660 1802 730 γὰρ
1835 659 1925 712 διά

353 770 476 807 τινα
524 751 800 819 περιφανῆ
864 750 1188 817 έγκλήματα
1226 747 1668 819 καθαιρούμενοι,
1708 745 1925 817 μοιχείᾳ.

355 842 590 916 τυχὸν,ἥ
624 839 900 912 ἱεροσυλίᾳ
926 839 1340 910 περιπεσόντες,
1369 842 1446 902 εἰς
1468 839 1564 904 τὴν
1584 840 1693 892 τῶν
1715 837 1923 891 λαῖκῶν

355 935 709 988 ἐκϐάλλονται
732 931 938 1002 χώραν,
987 929 1081 984 καὶ
1113 931 1359 1000 ἐνεργεῖν
1389 929 1498 982 οὐδ’
1521 929 1703 982 ὁτιοῦν
1743 930 1925 990 αὐτοῖς

355 1023 530 1086 ἔξεστι
561 1021 669 1074 τῶν
692 1024 803 1083 τοῖς
828 1021 1110 1089 κληρικοίς
1129 1019 1442 1088 ἀνηκόντων
1461 1035 1475 1048 ’
1518 1022 1565 1072 oi
1605 1021 1785 1089 μέντοι
1808 1019 1928 1070 δευ-

353 1116 532 1184 τέροις
560 1113 762 1181 γάμοις
805 1110 1318 1180 προσομιλήσαντες
1351 1109 1816 1177 συγγινώσκονται
1838 1109 1926 1163 διὰ

353 1206 445 1259 τὸν
484 1205 682 1273 γάμον,
737 1203 835 1256 καὶ
869 1204 937 1256 τὰ
967 1202 1072 1265 ἔξω
1133 1201 1373 1270 μετιέναι
1415 1199 1509 1253 τοῦ
1557 1201 1802 1269 βήματος
1827 1200 1926 1252 οὒκ

356 1291 738 1361 ἀπείργονται,
768 1289 844 1352 ὼς
878 1289 913 1358 ἡ
943 1288 1020 1342 οθ¹
1049 1287 1218 1357 νεαρά
1260 1287 1354 1340 τοῦ
1401 1284 1664 1355 βασιλέως
1699 1286 1926 1348 Λέοντος

355 1381 672 1450 διορίζεται,
725 1382 792 1450 ἢν
826 1379 922 1432 καὶ
947 1379 1101 1449 ζήτει
1139 1379 1196 1430 tv
1233 1377 1311 1448 τῷ
1353 1375 1396 1428 δ’
1437 1393 1561 1445 κεφ.
1589 1375 1684 1428 τοῦ
1711 1376 1750 1427 Γ
1784 1393 1928 1430 στοι-

356 1473 525 1542 χείου.
555 1471 717 1540 Ζήτει
744 1471 839 1523 καὶ
863 1471 920 1522 ὲν
948 1469 1029 1539 τῷ
1059 1465 1136 1532 ις’
1162 1466 1445 1534 κεφαλαίῳ
1463 1466 1557 1518 τοῦ
1583 1466 1629 1516 Π
1660 1465 1924 1534 στοιχείου

354 1563 456 1632 τῆς
492 1564 550 1614 έν
576 1559 985 1630 Νεοκαισαρείᾳ
1024 1558 1242 1611 συνόδου
1269 1556 1504 1618 κανόνας
1551 1552 1596 1607 θ’
1629 1555 1724 1606 καὶ
1749 1559 1802 1619 ι’,
1829 1555 1925 1607 καὶ

356 1655 415 1707 εν
440 1650 517 1720 τῷ
549 1647 592 1713 ζ’
623 1647 904 1718 κεφαλαίῳ
927 1647 1022 1702 τοῦ
1048 1645 1215 1700 αὐτοῦ
1237 1643 1503 1715 στοιχείου
1523 1642 1728 1696 κανόνα
1758 1640 1807 1695 α’
1825 1643 1926 1712 τῆς

357 1746 418 1796 ὲν
449 1740 756 1810 Ἀντιοχείᾳ⁵
788 1739 1032 1791 συνόδου.

358 1855 614 1910 ΚΕΦΑΛ.
646 1851 722 1907 Β’.
759 1849 895 1916 Περὶ
921 1846 1042 1902 τῶν
1071 1845 1492 1914 καινιζομένων
1511 1847 1580 1899 ἐκ
1609 1843 1925 1910 ,βασιλέων

782 1917 1164 1986 Ἐκκλησιῶν
1190 1917 1231 1984 ἢ
1262 1917 1521 1972 πόλεων.

431 2017 592 2087 Ζήτει
613 2015 672 2067 τὸ
694 2010 778 2067 κα⁹
810 2009 1109 2087 κεφάλαιον
1130 2007 1224 2062 τοῦ
1254 2008 1294 2059 Ε
1326 2005 1617 2077 στοιχείου.

658 2102 911 2157 ΚΕΦΑΛ.
934 2083 1010 2153 1³⁸.
1039 2096 1181 2166 Περὶ
1215 2095 1635 2165 καινοτομιῶν.

621 2200 624 2203 ’
1024 2192 1232 2259 Νόμοι.

431 2286 635 2342 Καινὺν
669 2284 834 2353 ἔργον
872 2284 1016 2336 ποιεῖ
1045 2299 1127 2344 τις
1157 2280 1191 2350 ἢ
1227 2278 1546 2348 οἰκοδομῶν,
1579 2277 1612 2348 ἢ
1645 2275 1933 2331 καταλύων

361 2380 560 2445 ὁτιοῦν,
591 2381 689 2432 καὶ
718 2377 815 2447 τὴν
841 2375 1112 2445 προτέραν
1141 2372 1264 2441 ὄψιν
1298 2370 1663 2423 ὲναλλάσσωνέ

445 2471 506 2524 '0
527 2469 618 2521 τὸν
647 2466 877 2529 παλαιὸν
905 2459 1054 2516 οἷκον
1087 2461 1332 2515 ἀνανεῶν
1379 2459 1440 2510 τὸ
1495 2459 1722 2527 ἀρχαῖον
1749 2457 1931 2526 σχῆμα

369 2562 445 2628 μὴ
479 2553 773 2626 παρεξίτω,
807 2553 942 2621 μήτε
975 2547 1314 2618 ἀφαιρείσθω
1346 2547 1414 2600 τὰ
1439 2546 1649 2618 φῶταῆ
1682 2545 1780 2615 τὴν
1797 2544 1935 2599 ἄπο-

362 2651 456 2720 ψιν
478 2648 585 2701 τῶν
611 2645 890 2714 γειτόνων,
909 2643 957 2694 εἰ
991 2641 1068 2711 μὴ
1096 2640 1206 2709 ἀρα
1232 2638 1474 2692 δουλείαν
1499 2636 1612 2706 ἔχοι
1636 2637 1777 2689 κατά
1799 2651 1936 2704 συμ-

365 2737 573 2806 φωνίαν
627 2735 660 2804 ἢ
713 2732 1056 2802 έπερὼτησιν
1118 2725 1620 2798 παραχωρηθείσαν
1679 2724 1866 2792 αὐτῷ,
1896 2723 1931 2794 ἢ

366 2829 793 2896 ἐπιτρέπουσαν,
855 2823 928 2884 ὡς
993 2819 1263 2890 βούλεται,
1305 2820 1366 2870 τὸ
1420 2816 1649 2870 παλαιδν
1685 2816 1935 2884 ἀμείσειν

366 2921 576 2991 σχῆμα.
618 2918 813 2971 Ἢνίκα
830 2917 886 2968 δὲ
912 2914 1006 2968 δύο
1035 2909 1174 2966 οἶκοι
1204 2910 1513 2979 ἀπαντικρὺ
1536 2907 1782 2978 ἀλλήλων
1805 2909 1932 2973 elei,

367 3018 474 3089 χρὴ
505 3015 704 3088 μεταξὺ
735 3012 919 3067 αὐτῶν
967 3009 1176 3063 δώδεκα
1216 3007 1384 3069 πόδας
1407 3002 1568 3071 εἶναι,
1595 3001 1935 3074 ἀρχομένους

2024 589 2351 646 clementior
2407 599 2486 644 est
2522 605 2720 645 canon.
2756 591 2859 658 Qui
2900 591 3098 646 etenim
3153 601 3370 661 propter
3419 589 3598 642 maui-

2027 682 2161 736 l'esta
2192 682 2437 752 quaedam
2473 682 2703 738 crimina
2765 679 3204 752 segreganturﬁn
3263 681 3590 734 adulterinum

2027 786 2204 844 puta,
2275 777 2356 830 vel
2415 777 2763 847 sacrilegium
2819 776 3162 837 incidentes,
3216 773 3268 826 in
3325 773 3589 826 laicorum

2026 866 2205 921 locum
2259 868 2633 937 dejiciuntur,
2689 884 2787 924 nec
2838 868 2956 933 eis,
2999 882 3123 936 quae
3160 867 3227 920 ad
3285 865 3598 919 sacerdotes

2027 959 2324 1029 pertinent,
2357 960 2742 1014 administrare
2779 961 2958 1014 liceat.
3024 957 3130 1024 Qui
3159 972 3321 1026 porro
3348 957 3595 1010 secundo

2029 1067 2255 1107 uxorem
2291 1052 2572 1116 duxerint,
2601 1053 2710 1108 illis
2738 1061 2960 1121 prepter
2993 1050 3405 1106 matrimonium
3443 1049 3597 1116 igno-

2027 1144 2220 1208 scitur,
2251 1151 2325 1210 et,
2345 1145 2639 1214 quominus
2669 1158 2730 1197 ea
2762 1158 2879 1210 quae
2919 1149 3069 1196 extra
3113 1155 3326 1196 sacrum
3355 1136 3596 1194 tribunal

2029 1237 2167 1290 liunt
2189 1275 2203 1301 ,
2241 1245 2550 1298 exerceant,
2601 1251 2710 1290 non
2747 1235 3126 1304 prohibentur,
3157 1242 3215 1286 ut
3249 1231 3316 1287 '79
3345 1231 3596 1300 impera-

2028 1328 2164 1382 toris
2219 1327 2415 1382 Leonis
2470 1327 2683 1380 novella
2733 1324 2969 1390 statuit;
3018 1339 3179 1393 quam
3243 1322 3366 1377 vide
3425 1321 3590 1374 etiam

2028 1423 2084 1476 in
2109 1423 2144 1476 4
2203 1422 2379 1490 capite
2420 1421 2613 1475 litterae
2640 1421 2680 1472 Γ
2707 1459 2722 1474 .
2784 1419 3026 1474 Consule
3063 1419 3226 1474 etiam
3261 1418 3314 1471 in
3378 1417 3594 1471 decimo

2028 1520 2180 1569 sexto
2239 1513 2415 1581 capite
2452 1513 2650 1566 litterae
2713 1511 2754 1563 Π
2803 1525 3045 1564 canones
3106 1508 3139 1564 9
3183 1516 3240 1563 et
3281 1507 3346 1560 10
3401 1506 3596 1578 synodi

2025 1603 2514 1668 Neocaesariensis,
2563 1603 2697 1658 etin
2747 1601 2985 1672 septimo
3041 1615 3179 1670 cap.
3215 1598 3462 1668 ejusdem
3508 1597 3599 1652 lit-

2027 1701 2158 1750 terae
2186 1709 2449 1750 canonem
2481 1694 2715 1764 primum
2758 1692 3109 1746 Antiochense
3134 1689 3351 1761 synodi.

1956 1805 2000 1862 Β
2027 1786 2180 1844 CAP.
2235 1785 2302 1841 Il.
2330 1786 2405 1840 De
2425 1786 2654 1862 ecclesiis
2690 1784 2767 1838 vel
2797 1783 3054 1862 urbibus_
3074 1781 3138 1836 ab
3189 1777 3600 1852 imperatoribus

2551 1856 2614 1908 de
2647 1870 2777 1907 novo
2800 1853 3102 1906 exstructis.

2099 1948 2242 2006 Vide
2269 1948 2334 2004 21
2372 1962 2493 2014 cap.
2528 1947 2725 2000 littera:
2755 1946 2819 2000 E.

2359 2037 2513 2093 CAP.
2545 2035 2638 2092 Ill.
2672 2036 2748 2090 De
2788 2032 3239 2089 innovationibus.

2717 2126 2898 2197 Leges.

2101 2224 2312 2280 Novum
2351 2236 2491 2293 opus
2518 2219 2646 2274 facit
2673 2217 2892 2287 aliquis,
2955 2223 3050 2270 aut
3100 2212 3452 2278 aediﬁcando,
3504 2219 3600 2266 aut

2031 2317 2312 2390 quippiam
2354 2313 2648 2376 diruendo,
2677 2313 2748 2363 ita
2774 2319 2833 2363 ut
2860 2309 3143 2379 pristinam
3183 2307 3380 2360 faciem
3405 2312 3598 2358 mutet.

2104 2409 2206 2476 Qui
2239 2406 2519 2476 antiquam
2570 2403 2792 2457 domum
2836 2407 3101 2458 renovat,
3141 2395 3426 2465 pristinam
3494 2392 3600 2446 l'or-

2034 2516 2178 2556 mam
2231 2512 2298 2552 ne
2341 2495 2606 2558 excedat,
2643 2507 2817 2562 neque
2867 2489 3164 2543 luminibus
3217 2494 3314 2540 aut
3375 2499 3599 2553 prospe-

2035 2592 2146 2646 ctui
2182 2591 2483 2644 vicinorum
2520 2585 2738 2648 oﬂiciat,
2772 2581 2875 2636 nisi
2923 2579 3239 2634 servitutem
3282 2576 3476 2630 habeat
3508 2590 3597 2643 per

2037 2691 2254 2753 pactum
2279 2679 2363 2732 vel
2392 2693 2488 2748 per
2518 2673 2998 2744 interrogationem
3034 2671 3137 2727 sibi
3166 2673 3598 2734 concessam,aut

2037 2773 2466 2844 permittentem,
2501 2777 2560 2822 ut
2582 2767 2716 2828 vult,
2765 2764 3049 2836 pristinam
3107 2761 3340 2815 formam
3406 2761 3597 2812 immu-

2037 2875 2174 2920 tare.
2202 2861 2433 2928 Quando
2466 2874 2595 2913 vero
2638 2859 2758 2911 dure
2785 2855 2978 2908 domus
3012 2851 3113 2907 sibi
3167 2852 3396 2904 invicem
3433 2861 3599 2916 oppo-

2037 2957 2155 3012 sitae
2192 2964 2360 3017 sunt,
2391 2953 2533 3006 inter
2562 2965 2653 3005 eas
2679 2947 2960 3002 duodecim
3002 2945 3166 3015 pedes
3205 2957 3324 2996 esse
3367 2947 3602 3010 oportet.

2037 3063 2067 3103 a
2103 3046 2470 3101 fundamentis
2520 3037 2828 3110 incipiendo
2862 3051 3037 3106 usque
3087 3035 3151 3088 ad
3187 3048 3454 3088 summam
3487 3029 3603 3083 alti-

366 3108 478 3162 ἀπὸ
504 3107 611 3158 τῶν
646 3103 911 3174 θεμελίων
937 3101 1105 3169 μέχρι
1136 3097 1335 3161 παντὸς
1373 3097 1466 3151 τοῦ
1497 3097 1664 3164 ὕψους
1683 3111 1699 3124 ο
1740 3097 1931 3148 τούτου

2035 3141 2306 3196 tudinem:
2348 3151 2470 3190 nam
2539 3134 2643 3188 hoc
2701 3133 2990 3185 observato
3028 3128 3250 3198 spatio,
3309 3123 3604 3191 unicuique

361 3204 474 3273 γὰρ
496 3199 900 3270 φυλαττομένου
932 3193 1027 3247 τοῦ
1053 3192 1444 3260 διαστήματος,
1477 3190 1691 3254 ἔξεστιν
1710 3189 1926 3256 ἑκάστῳ

362 3297 444 3357 είς
464 3293 692 3359 ἄπειρον
725 3288 858 3358 ὕψος
891 3287 979 3339 τὸν
1008 3285 1141 3338 ίδιον
1171 3282 1410 3352 ἐγείρειν
1455 3277 1626 3345 οἷκον,
1659 3280 1754 3332 καὶ
1776 3277 1930 3346 θυρί-

361 3387 458 3447 δας
489 3388 548 3437 ἐν
578 3381 727 3448 αύτῷ
778 3375 1208 3446 παρακυπτικάς
1254 3371 1732 3434 κατασκευάζεινυ
1790 3369 1819 3420 ὁ
1868 3368 1926 3422 δὲ

362 3476 483 3528 νέον
509 3466 658 3526 οἷκον
684 3467 981 3536 οἰκοδομῶν
1013 3463 1087 3534 μὴ
1115 3461 1449 3531 ἀφαιρείσθω
1485 3459 1582 3528 τὴν
1609 3458 1813 3525 ἄποψιν
1836 3455 1927 3509 τοῦ

361 3566 628 3634 γείτονος,
658 3562 752 3614 ἒάν
781 3559 838 3624 ἒξ
861 3556 1077 3618 εὐθείας
1103 3554 1207 3623 ὁρᾷ
1227 3553 1328 3621 τὴν
1374 3551 1647 3630 θάλασσαν
1674 3547 1848 3609 ἑστὼς
1873 3548 1929 3599 ιν

362 3659 474 3719 τοῖς
502 3655 651 3714 ίδίοις
669 3652 863 3713 οἴκοις,
895 3648 928 3716 ἢ
960 3645 1326 3713 καθεζόμενος
1358 3643 1415 3694 ὲν
1437 3640 1648 3700 αὐτοῖς’
1701 3639 1797 3691 καὶ
1849 3637 1928 3706 μὴ

365 3743 763 3813 ἀναγκαζέσθω
801 3737 1172 3808 παρατρέπειν
1220 3733 1417 3786 ἑαυτὸν
1451 3735 1528 3793 εἰς
1561 3729 1810 3797 πλάγιον,
1844 3731 1928 3796 ἐφ’

363 3835 409 3906 ᾧ
433 3839 562 3890 ἰδεῖν
593 3833 868 3885 θάλασσαν
886 3846 900 3860 ο
926 3828 1017 3880 ἐὰν
1044 3827 1100 3879 δὲ
1142 3823 1184 3896 ρ’
1218 3823 1392 3876 ποδῶν
1425 3824 1483 3875 ὲν
1520 3821 1670 3889 μέσῳ
1698 3820 1809 3872 τῶν
1837 3817 1932 3872 δύο

366 3931 532 3982 οἴκων
566 3925 788 3993 ὑπάρχῃ
811 3919 1110 3988 διάστημα,
1160 3916 1366 3981 ἐξέστω
1399 3912 1692 3973 ἀκωλύτως
1725 3910 1932 3974 κτίζειν

366 4021 446 4090 τῷ
479 4017 805 4087 βουλομένῳ,
844 4012 940 4065 καὶ
983 4011 1081 4078 τὴν
1105 4008 1196 4060 ἐπὶ
1239 4005 1505 4058 θάλατταν
1536 4005 1739 4072 ἄποψιν
1769 4006 1935 4070 ἀφαι-

374 4111 586 4182 ρεῖσθαι
611 4106 702 4159 τοῦ
731 4103 972 4172 γείτονος
993 4117 1007 4132 ο
1035 4100 1085 4152 εί
1115 4098 1171 4150 δὲ
1203 4097 1493 4164 σύμφωνόν
1525 4099 1673 4147 ἐστιν
1722 4096 1937 4162 ἐπιτρέ-

371 4222 474 4258 πον
508 4201 616 4256 τινὶ
648 4199 747 4268 τὴν
783 4194 1156 4263 οἰκοδόμησιν,
1191 4188 1464 4258 κρατείτω
1512 4185 1572 4238 τὸ
1624 4184 1932 4252 σύμφωνον,

371 4296 420 4345 εἰ
443 4292 539 4344 καί¹
586 4289 817 4358 βλάπτει
852 4281 944 4335 τὸν
977 4280 1196 4348 γείτονα
1243 4275 1370 4342 περὶ
1399 4275 1498 4343 τὴν
1529 4275 1626 4341 τῆς
1661 4273 1936 4340 θαλάσσης

373 4383 609 4451 ἄποψιν
667 4378 788 4432 οὐδὲ
842 4375 953 4442 γὰρ
1008 4369 1278 4439 προσήκει
1315 4367 1414 4428 τὰς
1447 4363 1801 4434 ὑπαργούσας
1833 4365 1938 4417 τινὶ

369 4473 615 4533 δουλείας
635 4471 724 4522 διὰ
747 4467 856 4518 τῶν
877 4461 1112 4532 γενικῶν
1135 4460 1315 4528 νόμων
1343 4456 1717 4524 ἀφαιρεῖσθαι.

447 4565 571 4616 Ὅτι
600 4561 678 4623 δὲ,
716 4559 880 4627 μέσου
913 4554 1067 4614 ὄντος
1090 4549 1369 4604 στενωποῦ
1402 4551 1434 4620 ἢ
1481 4546 1761 4610 πλατείας,
1793 4546 1938 4597 οἰκο-

369 4655 528 4722 δομεῖ
557 4668 642 4712 τις
692 4649 784 4701 τὸν
840 4645 1034 4700 ἑαυτοῦ
1065 4637 1232 4705 οἶκον,
1268 4640 1315 4692 εί
1343 4641 1436 4691 καὶ
1478 4637 1639 4688 πλέον
1670 4635 1783 4704 έχῖι
1830 4634 1937 4686 τῶν

369 4747 580 4801 δώδεκα
606 4741 782 4795 ποδῶν
805 4739 864 4790 τὸ
889 4736 982 4788 τοῦ
1020 4729 1292 4785 στενωποῦ
1331 4730 1364 4798 ἢ
1403 4729 1502 4796 τῆς
1551 4729 1806 4787 πλατείας
1845 4726 1940 4792 μέ-

370 4854 520 4908 τρον,
555 4835 629 4904 μὴ
667 4825 1003 4899 ἀφαιρείσθω
1031 4825 1093 4875 τὸ
1119 4820 1393 4889 περιττὸν,
1427 4818 1521 4870 καὶ
1553 4817 1629 4885 τῷ
1663 4817 1776 4884 ἰδίῳ
1804 4815 1938 4882 οἴκῳ

373 4904 742 4995 προστιθέτωο
804 4920 865 4972 οὐ
921 4915 1030 4984 γὰρ
1059 4913 1150 4966 ἐπὶ
1181 4910 1355 4981 βλάϐῃ
1405 4907 1497 4961 τοῦ
1522 4905 1785 4974 δημοσίου
1814 4904 1938 4965 τοὺς

373 4993 584 5070 δώδεκα
618 5011 783 5070 πόδας
813 5005 1010 5075 ὥρισεν
1039 5005 1072 5073 ἡ
1096 4998 1361 5061 διάταξις,
1397 4994 1512 5048 ἀλλ’
1540 4993 1681 5045 ὥστε
1707 4993 1783 5062 μὴ
1815 5007 1938 5044 στε-

276 5099 292 5108 ’
373 5084 608 5174 νὼτερον
656 5101 764 5153 τῶν
815 5097 1019 5150 δώδεκα
1060 5091 1235 5145 ποδῶν
1269 5085 1409 5140 εἶναι
1458 5087 1551 5138 τὸν
1596 5083 1797 5151 μεταξὺ
1829 5081 1938 5134 τῶν

373 5171 540 5250 οἴκων
571 5193 737 5261 ἀέρα·
763 5190 852 5242 ὅτε
879 5185 935 5238 δὲ
957 5185 1118 5235 πλέον
1146 5180 1348 5232 τούτων
1379 5175 1716 5244 εὑρίσκεται,
1752 5171 1940 5240 μηδεὶς

373 5290 437 5354 ἐξ
462 5260 649 5342 αὐτῶν
680 5274 1040 5349 ἀφαιρείσθω,
1076 5269 1210 5325 ἀλλά
1248 5271 1312 5337 τῇ
1348 5267 1502 5319 πόλει
1549 5260 1940 5332 περισωζέσθω

372 5351 444 5436 τά
494 5375 687 5430 οίκεῖα.
757 5371 817 5422 Et
876 5367 1059 5436 μέντοι
1118 5361 1276 5421 πόδες
1327 5357 1458 5410 δέκα
1522 5354 1662 5406 είσὶν
1707 5351 1942 5418 ἐνμέσῳ

372 5473 469 5529 καὶ
512 5470 585 5536 μὴ
615 5465 916 5522 ἐλάττονες,
943 5458 1064 5509 τότε
1091 5448 1517 5523 παρακυπτικάς
1541 5445 1638 5516 μὲν
1672 5443 1747 5513 μὴ
1772 5441 1942 5494 ποιεί-

371 5581 451 5619 τω
483 5562 514 5614 6
533 5557 752 5622 κτίζων,
780 5555 827 5606 εί
875 5549 950 5620 μὴ
973 5547 1240 5616 πρότερον
1275 5538 1422 5612 εἶχεν
1454 5539 1646 5601 αὐτὰς,
1671 5550 1939 5603 φωταγω-

369 5652 506 5722 γοῦς
530 5648 588 5703 δὲ
624 5620 844 5700 ποιείτω
881 5639 987 5694 ἀπὸ
1016 5636 1077 5702 ἐξ
1107 5633 1284 5687 ποδῶν
1321 5629 1417 5684 τοῦ
1451 5627 1626 5682 πάτου
1655 5620 1943 5693 ἀνοιγομέ-

375 5761 490 5806 νας.

1965 4447 2014 4506 D

2035 3234 2161 3286 licet
2190 3232 2258 3284 ad
2293 3230 2614 3282 immensam
2653 3223 2989 3276 altitudinem
3044 3219 3265 3273 domum
3294 3229 3449 3268 suam
3505 3229 3606 3265 ex-

2037 3333 2270 3384 struere,
2317 3327 2371 3372 et
2399 3317 2453 3370 in
2503 3331 2565 3369 ca
2607 3313 2975 3384 prospectivas
3002 3307 3174 3363 facere
3200 3306 3461 3360 terrestres
3483 3301 3604 3367 .Qui

2030 3421 2214 3466 autem
2247 3423 2438 3462 novam
2469 3405 2698 3460 aediﬁcat
2719 3405 2963 3464 domum,
2998 3415 3063 3453 ne
3091 3397 3250 3452 vicini
3303 3403 3599 3464 prospectu
3649 3459 3654 3462 ι

2030 3504 2250 3562 oiliciat,
2273 3501 2403 3555 dum
2423 3499 2475 3552 in
2495 3512 2590 3552 sua
2606 3475 2766 3550 domo
2791 3501 2898 3548 stat
2915 3491 3000 3546 vel
3025 3491 3074 3543 in
3103 3505 3165 3542 ea
3197 3487 3368 3551 sedet,
3397 3485 3602 3538 directe

2031 3610 2182 3650 mare
2238 3589 2610 3662 prOSpiciat,et
2644 3602 2750 3641 non
2803 3593 3029 3652 cogatur
3059 3579 3298 3648 seipsnm
3345 3575 3412 3629 ad
3449 3575 3609 3664 latus,

2032 3691 2370 3746 convertere,
2404 3691 2461 3735 ut
2489 3694 2638 3733 mare
2674 3675 2872 3730 videat:
2905 3675 2987 3728 sin
3019 3682 3196 3724 autem
3221 3673 3361 3722 iu'er
3384 3677 3590 3722 utram-

2035 3793 2142 3849 que
2167 3775 2388 3829 domum
2414 3779 2629 3825 centum
2665 3767 2861 3838 pedum
2891 3764 3210 3818 observetur
3243 3756 3608 3816 intervallum,

2037 3846 2260 3923 cuilibet
2300 3865 2418 3920 sine
2447 3861 2836 3931 impedimento
2875 3855 3144 3910 aediﬁcare
3185 3852 3385 3913 liceat,
3424 3857 3477 3902 et
3533 3846 3613 3898 vi—

2042 3960 2148 4015 cini
2178 3958 2230 4010 in
2265 3970 2414 4008 mare
2439 3951 2750 4022 prospectui
2801 3947 3031 4000 (lmCt'I'l'.
3062 3944 3116 3999 Si
3152 3960 3279 3997 veru
3303 3939 3607 3994 a-ditieandi

2039 4062 2254 4122 pactum
2328 4055 2660 4102 conventum
2731 4042 2892 4095 alicui
2929 4038 3292 4102 fuerit,valeat
3332 4044 3546 4103 pactum
3585 4067 3605 4096 ,

2038 4141 2288 4211 quamvis
2317 4137 2480 4191 vicini
2526 4137 2579 4188 in
2633 4147 2780 4186 mare
2828 4139 3112 4198 prospectu
3166 4125 3450 4178 uli'eudat:
3497 4137 3604 4174 nou

2037 4233 2190 4286 euinf
2213 4228 2486 4289 convenit,
2527 4233 2586 4278 ut
2621 4223 2936 4280 servitutus,
2974 4233 3112 4287 quas
3157 4216 3359 4269 habeat
3383 4212 3606 4282 aliquis,

2042 4334 2137 4388 per
2167 4319 2312 4388 leges
2346 4313 2626 4385 generales
2662 4310 2990 4363 eximantur.

2115 4539 2276 4612 148
2289 4534 2517 4604 Quando
2536 4534 2588 4586 in
2610 4530 2896 4600 angiporto
2918 4527 2996 4581 vel
3019 4527 3192 4594 platea
3212 4525 3431 4580 domum
3453 4539 3605 4577 suam

1983 4645 1986 4648 '
2040 4635 2270 4687 arditicat
2298 4627 2519 4696 aliquis.
2555 4625 2681 4677 licet
2715 4622 2877 4674 etiam
2924 4619 3081 4672 latior
3114 4617 3401 4669 duom-cini
3457 4615 3610 4684 pedi-

2041 4726 2142 4777 bus
2189 4722 2255 4772 sit
2309 4715 2574 4783 angipuz-ti
2623 4713 2700 4764 vel
2755 4712 2943 4776 plateae
2991 4722 3267 4768 mensura,
3302 4722 3367 4758 ne
3402 4707 3608 4760 adimat

2041 4813 2187 4883 quad
2233 4809 2519 4867 redundat,
2565 4813 2618 4857 ct
2663 4802 2892 4870 proprim
2922 4799 3107 4851 domui
3141 4798 3346 4862 addat;
3393 4812 3513 4850 nam
3545 4798 3602 4849 in

2039 4903 2241 4975 publici
2293 4900 2551 4954 damnum
2611 4891 2894 4947 duodecim
2962 4888 3128 4956 pedes
3184 4903 3289 4939 non
3363 4888 3606 4941 decrevit

2041 4991 2381 5050 constitutio,
2435 4985 2530 5040 sed
2583 5000 2650 5037 ne
2699 4980 2982 5049 augustior
3031 4978 3319 5032 duodecim
3373 4980 3603 5046 pedibus

2042 5089 2182 5138 intra
2232 5081 2426 5135 domos
2473 5081 2618 5128 esset
2666 5085 2780 5123 aer.
2825 5067 3055 5133 Quando
3107 5081 3236 5119 Vero
3286 5066 3372 5119 his
3421 5069 3604 5134 plures

2043 5175 2415 5232 inveniuntur,
2479 5180 2647 5219 nemo.
2697 5177 2760 5215 ex
2816 5161 2882 5212 iis
2933 5159 3188 5222 auferat,
3247 5158 3340 5211 sed
3397 5159 3605 5212 txitati

2045 5265 2260 5336 propria
2289 5267 2592 5314 serventur.
2618 5253 2675 5308 Si
2724 5251 2944 5320 quidem
2976 5251 3029 5301 in
3067 5251 3247 5303 medio
3281 5253 3389 5304 sint
3444 5251 3607 5317 pedes

2043 5360 2228 5412 decem
2275 5363 2327 5405 et
2371 5367 2476 5404 non
2514 5348 2822 5417 pauciores.
2854 5352 3004 5410 "tunc
3054 5345 3423 5411 prospectivas
3457 5343 3606 5392 fene-

2045 5459 2189 5502 stras
2236 5459 2304 5497 ne
2341 5443 2502 5496 faciat
2559 5439 2876 5497 azdilicator,
2913 5434 3015 5487 nisi
3048 5435 3201 5502 prius
3248 5446 3341 5484 eas
3373 5429 3559 5482 habuit
3589 5446 3605 5494 ;

2045 5539 2314 5593 fenestras
2372 5541 2551 5586 autem
2609 5530 2786 5582 lumen
2842 5525 3200 5579 immitteutes
3264 5520 3446 5584 faciat,
3503 5534 3602 5574 sex

2044 5631 2273 5701 pedibus
2305 5641 2336 5680 a
2374 5625 2680 5694 pavimento
2705 5617 3042 5688 aperiendas.
