4054 6412
561 318 690 386 1351

1781 331 2145 393 MATTII/El
2186 337 2604 398 BLASTARIS

3638 343 3747 410 1352

623 431 1020 487 tiommunibus
1107 434 1360 491 domibus
1451 434 1770 490 servitutem
1849 439 2096 506 imponer

2200 482 2207 499 ι
2304 445 2563 499 Δουλείαν
2596 446 2862 504 ἐπιθεῖναι
2914 452 3029 514 τοῖς
3082 451 3376 514 ἐπικοίνοις
3413 452 3745 524 οἱκὴμασιν,ὀ

554 521 899 577 dominorum
953 524 1255 580 vicinorum
1283 521 1451 582 'u‘nus
1485 527 1691 597 absque
1740 529 1967 585 alterius
2005 548 2124 585 sen-

555 615 720 667 tentia
806 631 917 669 non
974 625 1195 686 potest;
1251 634 1428 688 neque
1483 635 1825 675 communem
1879 623 2129 678 demoliri

553 707 816 771 parietem
871 717 966 760 aut
1016 708 1239 763 reticere
1292 719 1491 778 praater
1544 708 1707 765 vicini
1774 715 2125 780 sententiam,

552 797 991 864 quandoquidem
1024 813 1129 851 non
1159 808 1239 851 est
1273 801 1425 853 solus
1453 801 1734 854 dominus.

621 882 677 936 In
698 886 984 939 arboribus
1001 898 1178 940 autem
1199 891 1278 940 vel
1305 890 1533 943 hortulis
1556 898 1873 959 prospectus
1892 892 2125 948 servittis

549 988 658 1026 non
690 978 1027 1030 observatur.

622 1068 678 1119 Si
731 1067 891 1119 vicini
939 1069 1102 1123 arbor
1141 1070 1192 1122 in
1230 1070 1404 1123 media
1454 1080 1579 1125 area
1627 1073 1862 1135 consita,
1899 1080 2123 1145 magnas

548 1160 847 1213 extendens
901 1160 1158 1223 radices,
1216 1173 1417 1217 nostrgr
1478 1163 1675 1218 domus
1748 1164 2121 1222 fundamentis

546 1250 855 1315 olTenderit,
890 1252 1248 1322 magistratus
1284 1255 1623 1322 providentia
1654 1256 1870 1312 vicintls
1898 1259 2119 1312 exScin-

544 1344 673 1397 dere
701 1358 946 1412 cogatur.

617 1429 733 1484 Non
789 1444 933 1486 recte
983 1432 1234 1501 prohibet
1278 1430 1476 1502 aliquis
1525 1434 1765 1488 vicinum
1816 1444 1976 1491 suum
2014 1438 2118 1491 sub

546 1516 814 1590 tignorum
846 1522 963 1588 ejus
991 1521 1271 1574 stiliiridio
1299 1531 1509 1587 portam
1542 1537 1736 1579 versus
1764 1526 1906 1579 viam
1936 1526 2118 1595 publi-

544 1627 666 1665 cam
700 1611 937 1681 aperire,
974 1626 1096 1664 cum
1137 1621 1319 1664 actum
1349 1624 1456 1667 non
1499 1614 1661 1667 latdit.

611 1785 667 1841 Si
700 1786 823 1841 fons
847 1802 912 1841 es
947 1798 1056 1856 quo
1087 1803 1284 1857 aquam
1336 1789 1523 1843 hausit
1554 1790 1801 1859 quidam,
1845 1805 1945 1860 pro
1972 1796 2111 1846 ten.-
2142 1783 2182 1836 Β

541 1895 675 1948 pore
702 1881 1030 1943 exsiccetur,
1064 1883 1117 1934 ct
1155 1897 1345 1935 rursus
1376 1881 1441 1933 ad
1478 1896 1606 1935 suas
1646 1897 1815 1937 venas
1866 1885 2111 1951 redierit,

541 1981 835 2023 renovatur
864 1970 917 2024 in
953 1986 1043 2036 eo,
1075 1980 1131 2025 ut
1166 1971 1335 2039 prius,
1367 1970 1729 2039 aqumductus
1767 1972 2020 2026 haustus.

611 2148 800 2215 Neque
832 2147 1049 2202 furnum
1082 2164 1251 2215 neque
1281 2149 1461 2205 focu‘m
1497 2151 1549 2205 in
1597 2152 1876 2206 communi
1907 2154 2112 2221 pariete

538 2240 664 2308 quis
694 2238 871 2292 facere
900 2248 1097 2307 potest.

532 2332 535 2337 '
613 2327 851 2381 Furnum
896 2330 1277 2394 aedificantem,
1318 2331 1408 2400 qui
1462 2332 1514 2386 in
1551 2333 1926 2403 superioribus
1958 2336 2106 2391 domi

536 2423 782 2491 partibus
830 2423 1099 2490 habitant,
1131 2439 1160 2478 a
1198 2423 1348 2479 fumo
1388 2425 1604 2491 oﬂensi,
1648 2428 1937 2497 prohibere
1976 2446 2107 2500 pos-

538 2524 709 2572 sunt,
761 2512 864 2567 nisi
895 2513 987 2582 jus
1033 2513 1229 2569 habeat
1296 2515 1407 2570 illic
1465 2516 1671 2571 fumum
1723 2518 2103 2576 intromittere.

537 2600 602 2656 Et
641 2618 670 2657 e
707 2605 987 2658 contrario
1012 2645 1028 2670 ,
1062 2607 1154 2674 qui
1199 2607 1251 2660 in
1316 2608 1692 2677 superioribus
1740 2613 1898 2665 tectis
1949 2615 2105 2669 babi-

534 2703 673 2756 tant,
727 2710 924 2766 aquam
956 2696 1041 2751 vel
1075 2706 1289 2752 stercus
1341 2700 1688 2769 praecipitare
1724 2702 2102 2769 prohibentur,

533 2794 588 2838 et
640 2785 768 2853 illis,
828 2785 920 2855 qui
983 2788 1037 2840 in
1087 2785 1440 2843 inferioribus
1489 2790 1709 2857 degunt,
1765 2804 1984 2846 nocere.
2043 2793 2101 2848 In

533 2879 769 2947 propriis
797 2878 942 2932 enim
968 2879 1227 2933 domibus
1258 2889 1469 2933 tantum
1492 2882 1715 2936 cuilibet
1743 2880 1924 2937 facere
1954 2884 2098 2949 licet,

532 2966 588 3024 in
627 2980 893 3038 quantum
923 2966 1065 3026 alius
1098 2984 1207 3026 non
1249 2971 1564 3028 oﬂ‘cnditur.

606 3060 661 3114 Si
709 3063 886 3128 paries
925 3071 1051 3115 tuus
1102 3063 1434 3131 semipedem
1489 3066 1539 3118 in
1591 3065 1734 3121 aedes
1784 3081 1934 3126 meas
1983 3054 2103 3125 sese

529 3154 897 3217 inclinaverit,
928 3169 1149 3223 possum
1197 3163 1376 3209 tecum
1430 3172 1610 3227 agere,
1654 3170 1711 3212 ut
1742 3177 1864 3216 eum
1898 3166 2097 3235 erigas.

602 3243 773 3299 Nemo
805 3253 981 3313 potest
1017 3254 1229 3299 slercﬂs
1282 3262 1449 3316 prope
1495 3249 1724 3305 alterius
1760 3260 1903 3310 mdes
1941 3242 2105 3327 proji-

526 3353 672 3399 cere,
707 3339 809 3392 nisi
838 3339 995 3392 talem
1021 3337 1219 3391 babeat
1249 3340 1590 3395 servitutem.

597 3429 920 3499 Quicunque
946 3433 1153 3500 absque
1194 3433 1539 3501 imperatoris
1587 3436 1841 3491 mandato
1868 3438 2104 3495 civitatis

525 3521 706 3575 vicum
749 3523 866 3575 suis
910 3522 1117 3575 uadibus
1161 3522 1426 3587 obstruet,
1478 3525 1613 3578 citra
1664 3532 2096 3584 controversiam

526 3615 747 3685 antiqua
772 3616 894 3683 jura
925 3614 1129 3668 civitati
1157 3615 1368 3671 reddat.
2004 3688 2011 3693 _

564 3706 569 3709 ⁴
596 3705 909 3759 Secundum
951 3705 1123 3774 legem
1154 3705 1254 3758 vire
1289 3704 1521 3759 latitudo
1546 3709 1596 3759 in
1630 3720 1943 3777 porrectum
1974 3710 2097 3780 qui-

525 3799 646 3852 dem
677 3805 803 3848 octo
835 3794 998 3863 pedes
1030 3796 1282 3857 babet,in
1315 3798 1620 3851 anfractum
1654 3805 2095 3858 verosexdeeim’.

700 3882 851 3938 CAP.
896 3883 984 3939 IV.
1021 3885 1093 3938 De
1123 3882 1376 3939 Kalendis
1406 3897 1453 3939 et
1480 3888 1917 3948 divinationibns.

600 3975 729 4030 Vide
759 3985 920 4046 caput
954 3976 1018 4030 15
1049 3975 1243 4030 litterae
1273 3974 1313 4026 Β
1369 3987 1424 4031 et
1454 3989 1615 4047 caput
1644 3979 1677 4032 5
1706 3982 1897 4036 litterae
1926 3976 1986 4036 Ε.

527 4201 688 4273 149
703 4200 853 4255 CAP.
886 4198 952 4255 ν.
993 4198 1067 4253 De
1094 4200 1380 4274 cauouilgus
1440 4201 1836 4269 ecclesiasticis,
1878 4217 1928 4259 et
1966 4217 2091 4274 quot

972 4286 1195 4323 canones
1223 4272 1391 4324 valere
1422 4284 1646 4332 oportet.

594 4362 812 4415 Primus
847 4376 898 4413 tv
920 4360 1113 4430 synodi
1132 4376 1331 4424 canon,
1394 4361 1499 4426 Qui
1526 4379 1552 4414 a
1581 4365 1784 4419 sanctis
1815 4366 2088 4434 Patribus,

2234 530 2314 597 εἷς
2345 537 2454 589 τῶν
2479 539 2749 593 κοινωνῶν
2782 542 2935 612 παρά
2960 544 3185 613 γνώμην
3213 544 3308 596 τοῦ
3334 546 3514 614 ἐτέρου
3542 546 3596 597 οῦ
3615 548 3747 600 δύνα-

2232 642 2343 690 ται,
2367 627 2490 680 οὐδὲ
2515 629 2603 681 τὸν
2632 631 2908 688 ἐπίκοινον
2931 636 3225 688 καταλύειν
3242 638 3434 706 τοῖχον,
3463 638 3495 708 ἢ
3527 638 3748 690 ἀνανεοῦν

2234 716 2380 783 πιρά
2416 717 2639 790 γνώμην
2668 722 2762 775 τοῦ
2799 726 3082 792 κοινωνοῦ,
3117 726 3310 796 ἐπειδὴ
3346 728 3443 781 οὐκ
3480 727 3586 781 ἔστι
3616 731 3747 797 μόνος

2227 804 2515 879 δεσπότης.

2301 899 2458 953 Κατὰ
2482 902 2717 973 δένδρων
2747 905 2936 975 μέντοι
2962 907 2997 977 ἢ
3038 908 3230 979 κήπων
3269 909 3483 963 δουλεία
3529 912 3749 981 ἀπύψεως

2227 988 2287 1040 οὐ
2319 991 2668 1057 φυλάττεται.

2310 1082 2437 1135 Ἐὰν
2466 1084 2679 1154 δένδρον
2709 1088 2806 1141 τοῦ
2845 1089 3087 1157 γείτονος
3130 1093 3190 1144 ἐν
3217 1092 3298 1162 τῷ
3331 1093 3593 1164 μεσαυλίῳ
3618 1096 3748 1149 me.

2227 1188 2407 1239 μενον,
2444 1177 2687 1244 μεγάλας
2712 1181 2962 1237 ἔκτεῐναν
3003 1183 3180 1254 ῥίζας,
3214 1185 3639 1257 τοὺςνθεμελίους
3667 1191 3747 1256 τῆς

2222 1266 2361 1333 ἐμῆς
2383 1268 2561 1333 οἰκίας
2587 1270 2824 1340 βλάπτῃ,
2851 1274 3080 1347 προνοίᾳ
3109 1276 3206 1330 τοῦ
3245 1277 3502 1348 ἄρχοντος
3543 1280 3749 1348 ἀναγκα-

2220 1357 2397 1418 ζέσθω
2424 1361 2452 1410 ὁ
2475 1361 2672 1425 γείτων
2696 1366 3007 1434 ἐκτέμνειν.

2289 1448 2365 1501 Οὐ
2411 1452 2593 1514 καλῶς
2641 1456 2846 1509 κωλύει
2882 1475 2966 1521 τις
3006 1458 3100 1512 τδν
3144 1461 3364 1527 γείτονα
3392 1463 3582 1518 »αὐτοῦ
3627 1468 3750 1520 ἀνοί-

2218 1554 2384 1605 γοντα
2433 1543 2688 1603 ιπυλεῶνα
2741 1547 2882 1600 κατά
2920 1548 3018 1617 τῆς
3060 1551 3329 1619 δημοσίας
3386 1554 3629 1609 ὑποκάτω
3671 1557 3748 1609 τοῦ

2219 1629 2530 1701 σταλαγμοῦ
2554 1633 2665 1686 τῶν
2684 1635 2947 1706 κεράμων
2964 1639 3156 1706 αὐτοῦ,
3181 1643 3239 1695 ἐν
3264 1635 3308 1710 ᾧ
3339 1644 3416 1716 μὴ
3444 1644 3643 1717 βλάπτῃ
3666 1648 3748 1716 τὴν

2217 1722 2477 1790 πάροδον.

2300 1812 2426 1865 Ὲάν
2452 1815 2485 1885 ἠ
2511 1818 2685 1886 πηγὴ,
2717 1815 2898 1894 ἀφ’ἧς
2929 1822 3080 1877 ἕλκει
3111 1842 3200 1889 τις
3246 1825 3421 1897 ὕδωρ,
3455 1828 3750 1899 ξηρανθεῖσαι

2217 1901 2308 1954 ἐπί
2337 1919 2445 1958 τισι
2474 1909 2709 1978 χρόνοις,
2743 1908 2902 1974 αὗθις
2947 1914 3087 1984 πρὸς
3120 1916 3221 1977 τὰς
3268 1919 3468 1988 ἑαυτῆς
3514 1922 3750 1992 ἐπανέλθῃ

2217 1994 2442 2062 φλέϐας,
2468 2001 2789 2058 ἀνανεοῦται
2815 2006 2966 2076 αὒτῷ
2990 2008 3152 2062 πάλιν
3184 2011 3212 2061 ὁ
3241 2010 3338 2064 τοῦ
3381 2012 3564 2078 ὓδατος
3592 2013 3750 2067 ἀντλε-

2216 2084 2351 2153 σμδς
2379 2089 2523 2144 καθά
2544 2095 2640 2148 καὶ
2671 2095 2957 2167 πρότερον.

2287 2176 2427 2231 Οὔτε
2451 2180 2704 2252 φοῦρνον,
2733 2183 2858 2236 οὔτε
2894 2186 3086 2241 ἑστίαν
3122 2191 3181 2242 ἐν
3211 2189 3289 2258 τῷ
3322 2191 3577 2263 ὲπικοίνφ
3612 2189 3750 2265 τοίχῳ

2209 2268 2435 2324 δύναταί
2453 2289 2539 2336 τις
2569 2279 2764 2330 ποιεῖν.

2282 2362 2388 2417 Τὸν
2417 2365 2670 2430 κτίζοντα
2698 2369 2950 2440 φοῦρνον,
2986 2373 3241 2429 δύνανται
3278 2378 3328 2431 ot
3361 2379 3421 2431 ὲν
3449 2381 3555 2443 τοῖς
3575 2380 3750 2450 ὑψηλο-

2207 2451 2390 2522 τέροις
2424 2456 2595 2519 οἴκοις
2640 2459 2746 2514 ὑπὸ
2775 2463 2871 2516 τοῦ
2918 2464 3131 2519 καπνοῦ
3156 2466 3522 2538 βλαπτόμενοι
3548 2471 3749 2525 κωλύει-ι

2207 2544 2388 2610 αὐτὸν,
2430 2547 2480 2599 εί
2526 2548 2601 2619 μὴ
2657 2550 2768 2619 ἄρα
2796 2551 3007 2608 δίκαιον
3046 2550 3193 2626 εἶχεν
3230 2558 3414 2612 ἐκεῖσε
3445 2560 3534 2613 τὸν
3570 2563 3749 2615 καπνὸν

2206 2636 2538 2704 είσπὲμπειν
2556 2654 2571 2669 ο
2605 2643 2700 2694 καὶ
2730 2643 2793 2695 τὸ
2813 2645 3086 2699 ἀνάπαλιν
3101 2650 3151 2700 οί
3178 2651 3237 2700 ἐν
3265 2652 3391 2712 ταῖς
3422 2651 3749 2723 ὑψηλοτέροις

2207 2726 2428 2814 στεγαις
2458 2730 2735 2796 οἰκοῦντες
2755 2735 3056 2791 κωλύονται
3078 2737 3225 2809 ὕδωρ
3249 2741 3471 2809 ῥίπτειν
3498 2744 3528 2812 ἦ
3549 2744 3749 2814 κόπρονς

2204 2812 2303 2904 καλ
2334 2816 2747 2875 καταϐλάπτειν
2776 2823 2904 2886 τοὺς
2950 2825 3009 2877 ὲν
3057 2829 3168 2890 τοῖς
3214 2812 3659 2904 χθαμαλωτέροις-
3686 2836 3750 2886 οί-
3806 2896 3809 2901 γ

2204 2903 2456 2967 κοῦντας.
2515 2908 2639 2961 Ἐπὶ
2664 2911 2921 2966 τοσοῦτον
2951 2916 3060 2985 γὰρ
3086 2917 3265 2981 ἔξεστί
3289 2937 3404 2973 τινι
3433 2903 3605 2978 ποιεῖν
3626 2943 3674 2979 τι
3702 2927 3750 2978 ἐν

2202 2996 2313 3056 τοῖς
2343 2997 2558 3061 ἑαυτοῦ,
2580 3000 2671 3068 ἐφ’
2689 3003 2813 3057 ὅσον
2841 3005 3031 3075 ἕτερον
3056 3008 3134 3079 μὴ
3162 3011 3544 3087 καταϐλάπτῃ.

2290 3087 2415 3139 Ἐὰν
2445 3092 2473 3141 ὁ
2516 3092 2694 3164 τοῖχος
2752 3112 2845 3150 σου
2900 3100 3043 3152 κατὰ
3081 3101 3174 3155 τοῦ
3221 3104 3378 3159 οἴκου
3414 3124 3517 3176 μου
3552 3106 3750 3179 tmth

2203 3177 2377 3248 ἥμισυ
2408 3182 2592 3247 ποδὸς,
2622 3187 2914 3254 ἀναγκάζω
2944 3206 3004 3243 σε
3028 3192 3294 3263 ἀνορθοῦν
3316 3199 3506 3254 αὐτόν.

2276 3271 2466 3336 Οὐδεὶς
2485 3274 2706 3330 δύναται
2738 3280 2943 3347 κόπρον
2971 3283 3195 3353 πλησίον
3215 3289 3310 3341 τοῦ
3355 3291 3637 3362 ἀλλοτρίου
3655 3292 3749 3347 τοίε

2201 3378 2298 3431 χον
2322 3366 2559 3431 ῥίπτειν,
2592 3370 2641 3420 εί
2671 3371 2746 3440 μὴ
2787 3374 3048 3443 τοιαύτην
3074 3378 3186 3447 ἔχει
3219 3380 3493 3437 δουλείανι

2277 3455 2464 3520 ’Όστις
2497 3462 2665 3531 χωρὶς
2686 3465 2987 3529 κελεύσεως
3021 3468 3310 3540 βασιλικῆς
3355 3474 3539 3545 ῥύμην
3567 3475 3751 3532 πόλεως

2198 3542 2313 3610 τοῖς
2360 3550 2511 3612 ἰδίοις
2561 3555 2863 3623 ἀναφράξει
2916 3560 3109 3623 οίκοις,
3173 3542 3666 3639 ἀναμφισϐητήτως
3694 3570 3751 3620 τᾶ

2201 3639 2406 3708 ἀρχαῖα
2428 3641 2611 3696 δίκαια
2644 3650 2709 3714 τῇ
2743 3649 2901 3701 πόλει
2927 3652 3193 3706 ἀποδότω.

2271 3733 2428 3786 Κατά
2462 3735 2625 3803 νόμον
2656 3740 2689 3807 ἡ
2728 3739 2956 3795 πλατεῖα
2984 3743 3104 3807 ὁδὸς
3136 3747 3217 3808 εἰς
3256 3748 3360 3815 μὲν
3394 3751 3573 3819 ὀρθὸν,
3624 3751 3749 3804 ὀκτὼ

2199 3823 2375 3876 ’ποδῶν
2408 3828 2573 3889 ἔστιν,
2602 3832 2680 3892 εἰς
2711 3832 2766 3883 δὲ
2798 3835 3006 3903 κάμψιν
3031 3839 3346 3895 ἑκκαίδεκα.

2234 3914 2482 3969 ΚΕΦΑΛ.
2520 3921 2591 3972 Δ’.
2628 3922 2762 3989 Περί
2801 3926 3129 3980 Καλανδῶν
3156 3932 3251 3982 καὶ
3281 3921 3719 4005 κληδονισμῶν.

2269 4007 2430 4077 Ζήτει
2462 4011 2522 4061 τὸ
2554 4011 2622 4078 ιγ’
2646 4016 2941 4080 κεφάλαιον
2975 4021 3069 4071 τοῦ
3100 4021 3141 4073 Β
3169 4025 3444 4092 στοιχείου
3469 4041 3483 4054 ·
3514 4028 3604 4080 καὶ
3626 4028 3680 4079 τὸ
3708 4032 3751 4093 γ’

2196 4097 2491 4163 κεφάλαιον
2523 4100 2616 4152 τοῦ
2644 4103 2682 4153 Ε
2710 4107 2999 4175 στοιχείου.

2195 4190 2450 4246 ΚΕΦΑΛ.
2474 4192 2553 4247 E'.
2576 4197 2727 4273 ΔΠερὶ
2776 4204 3056 4273 κανόνων
3088 4204 3638 4273 ἐκκλησιαστικῶν,
3664 4207 3747 4261 md

2507 4266 2741 4334 πόσους
2767 4269 2864 4321 δεῖ
2886 4274 3151 4339 κανόνας
3175 4266 3443 4341 κρατεῖν.

2277 4354 2337 4405 Ὀ
2364 4358 2414 4406 α’
2443 4356 2544 4425 τῆς
2588 4358 2630 4411 δ’
2663 4362 2879 4414 συνόδου
2908 4364 3110 4431 κανὼν,
3150 4369 3287 4432 Τοὺς
3318 4374 3426 4425 ὑπὸ
3459 4376 3568 4427 τῶν
3594 4359 3749 4443 ἁγίων

522 4454 720 4517 inquit,
757 4453 809 4504 in
838 4467 1162 4520 unaquaque
1188 4455 1417 4522 synodo,
1451 4458 1788 4510 oecumeuiea
1817 4474 2011 4528 nempe
2035 4471 2091 4515 et

2200 4444 2479 4516 Πατέρων,
2510 4451 2665 4519 φησὶ,
2699 4455 2820 4507 καθ’
2845 4456 3083 4527 ἑκάστην
3105 4460 3345 4527 σύνοδον,
3373 4468 3748 4536 οἰκουμενικήν

521 4542 865 4613 provinciali,
919 4544 1207 4609 hucusque
1243 4546 1473 4613 expositi
1522 4554 1652 4599 sunt
1709 4564 1972 4609 canones.
2024 4555 2089 4606 ad

522 4634 644 4687 fidei
683 4635 932 4701 dogmata
974 4633 1300 4686 stabilienda
1340 4642 1397 4687 ct
1449 4636 1874 4692 ecclesiasticam
1927 4642 2093 4696 disci-

519 4727 747 4793 pliuatn,
775 4725 1005 4777 observa
1018 4724 1058 4777 ri
1083 4740 1297 4792 :rquum
1320 4740 1630 4780 censemus.

593 4890 878 4945 Secundus
928 4904 979 4942 νι
1027 4888 1224 4958 synodi
1253 4903 1427 4943 canon
1473 4889 1637 4942 etiam
1686 4891 2090 4957 particulariter

515 4987 807 5036 enumerat
826 4985 1046 5032 sanctos
1074 4978 1281 5043 Patres,
1305 4979 1398 5045 qui
1426 4986 1480 5032 et
1501 4976 1756 5048 privatim
1785 4990 1841 5032 et
1870 4982 2087 5048 publice

515 5080 737 5128 sanctos
784 5079 838 5124 et
882 5068 1098 5123 divinos
1137 5084 1381 5122 canones
1414 5082 1866 5137 composuerunt,
1903 5082 1958 5124 et
1992 5072 2087 5125 ὒν.

513 5165 678 5219 miter
705 5176 931 5215 manere
962 5161 1236 5223 decernit,
1267 5174 1406 5230 quos
1444 5161 1519 5214 illi
1548 5159 1761 5230 Spiritu
1790 5163 1967 5217 sancti
1998 5165 2086 5217 in-

511 5254 813 5323 spiratione
866 5250 1180 5315 edidcrunt,
1237 5260 1291 5305 et
1341 5252 1512 5306 sancti
1575 5251 1784 5316 Patres,
1834 5255 1926 5322 qtti
1984 5271 2085 5308 nos

511 5356 866 5415 prmcessere,
915 5351 1274 5410 suseeperunt
1309 5352 1363 5396 et
1387 5342 1809 5407 conﬁrmarunt,
1840 5355 1894 5397 et
1924 5346 2085 5399 nobis

509 5437 578 5493 ad
611 5436 921 5489 animarum
954 5433 1219 5486 medelam
1250 5444 1304 5487 et
1329 5434 1805 5502 perturbationum
1843 5437 2082 5489 curatio-

511 5542 636 5581 nem
666 5525 1031 5584 tradiderunt,
1057 5532 1370 5577 sanctorum
1400 5523 1796 5591 apostolorum,
1826 5525 1970 5586 dico,
1990 5541 2081 5578 oc-

510 5616 718 5683 toginta
751 5616 991 5685 quinque
1016 5628 1254 5667 canones
1285 5613 1508 5682 (prater
1539 5614 1966 5668 constitutiones
1985 5631 2081 5681 per

510 5705 1032 5767 Clementem;nam
1071 5703 1177 5759 illis
1213 5703 1519 5757 adulterina
1567 5705 1967 5774 quamplurima
2011 5707 2078 5760 ab

2194 4552 2252 4587 τε
2284 4536 2525 4606 δηλονότι
2554 4542 2649 4594 καὶ
2698 4548 2951 4613 τοπικὴν,
2994 4550 3122 4619 ἄχρι
3162 4556 3258 4607 καὶ
3298 4557 3397 4608 νῦν
3446 4560 3748 4619 ἐκτεθέντος

2194 4630 2449 4694 κανόνας,
2484 4634 2562 4692 είς
2590 4652 2649 4687 τε
2700 4637 2989 4705 δογμάτων
3020 4645 3412 4710 συντελοῦντας
3455 4651 3747 4722 ἀκρίόεισν,

2193 4719 2289 4769 καὶ
2317 4719 2415 4795 τὴν
2465 4724 2564 4791 τῆς
2630 4725 2960 4798 Ἐκκλησίας
3014 4734 3373 4801 κατάστασιν,
3431 4719 3651 4810 κρατεῖν
3677 4740 3747 4793 δι·

2193 4823 2474 4880 καιουμεν.

2274 4901 2335 4954 ⁸0
2361 4902 2418 4955 δὲ
2455 4901 2499 4973 β’
2530 4906 2628 4975 τῆς
2658 4907 2712 4972 ς’
2764 4913 2986 4966 συνόδου
3018 4913 3201 4968 κανὼν
3259 4918 3353 4972 καὶ
3404 4920 3549 4973 κατὰ
3601 4921 3747 4991 μέρος

2188 5001 2316 5066 τοὺς
2348 5004 2706 5077 συνεταχὸτας
2738 5014 2866 5074 τοὺς
2919 5015 3099 5083 ἱεροὺς
3141 5018 3238 5071 καὶ
3295 5019 3481 5085 θείους
3533 5024 3747 5081 κανόνας

2190 5109 2345 5177 κοινῇ
2372 5125 2430 5160 τε
2456 5110 2550 5162 καὶ
2594 5110 2719 5182 [δίαν
2738 5115 2915 5179 θείους
2949 5118 3199 5186 Πατέρας
3221 5119 3641 5190 ἀπαριθμεῖται,
3668 5121 3747 5174 καὶ

2190 5210 2426 5279 βεϐαίως
2478 5215 2659 5281 μένειν
2700 5216 2974 5282 θεσπίζει,
3011 5219 3104 5283 οὓς
3138 5221 3295 5275 αὖτοί
3322 5241 3379 5277 τε
3411 5227 3476 5292 τῇ
3511 5222 3743 5291 ἐπιπνοίᾳ

2185 5308 2278 5361 τοῦ
2338 5311 2494 5378 ἁγίου
2538 5315 3021 5384 ἐχρησμοδὸτησαν
3063 5314 3401 5389 Πνεύματος,
3445 5325 3540 5377 καὶ
3573 5325 3619 5376 οἱ
3653 5324 3745 5388 πρδ

2185 5409 2342 5476 ἡμῶν
2393 5409 2539 5475 ἅγιοι
2591 5414 2833 5484 Πατέρες
2881 5416 3128 5480 ἐδέξαντο
3179 5422 3274 5471 καὶ
3324 5420 3632 5492 ἐκύρωσαν,
3663 5421 3743 5472 καὶ

2184 5508 2314 5576 ἡμῖν
2350 5510 2768 5575 παραδεδώκασι
2803 5515 2941 5583 πρός
2997 5533 3057 5569 τε
3086 5516 3276 5589 ψυχῶν
3318 5521 3632 5589 θεραπείαν,
3660 5520 3745 5571 καὶ

2185 5608 2431 5677 ἰατρείαν
2490 5611 2700 5674 παθῶν,
2752 5614 2879 5676 τοὺς
2933 5617 3097 5671 πέντε
3153 5621 3249 5672 καὶ
3286 5620 3623 5691 ὀγδοήκοντα
3646 5619 3744 5672 τῶν

2183 5710 2357 5775 ἁγίων
2388 5711 2723 5777 ἀποστόλων,
2779 5718 2944 5785 φημὶ.
3007 5718 3147 5790 πλὴν
3180 5720 3288 5772 τῶν
3315 5720 3405 5773 διὰ
3435 5722 3740 5786 Κλήμεντος
