4054 6404
421 416 552 482 1361

1404 431 1809 490 SYNTAGMA
1856 427 2473 487 ALPHABETICUM.
2501 455 2557 465 —
2595 429 2646 486 K

3525 422 3666 517 me

412 531 707 600 ὲγχέομεν·
758 533 821 586 ού
869 534 978 603 γὰρ
1036 538 1365 606 μεταϐάλλει
1403 543 1562 601 τοῦτο
1616 543 1716 609 τὴν
1746 541 1815 593 δι’
1844 540 1989 593 οἴνου

2102 537 2148 590 in
2180 539 2403 591 calicem
2434 539 2735 608 injicimns.
2771 536 2907 591 Illud
2940 536 3110 599 enim,
3132 550 3252 603 quae
3272 534 3329 589 ﬁt
3358 551 3455 604 per
3478 536 3665 591 vinum

412 623 506 673 καὶ
539 621 728 684 ὓδατος
760 622 853 675 τοῦ
879 626 1144 695 ποτηρίου
1173 629 1390 690 ἕνωσιν,
1424 631 1545 682 ἐπεὶ
1594 633 1668 700 μή
1699 634 1848 684 ὲστιν
1874 631 1995 684 ἓτε-

415 714 507 781 ρόν
532 731 586 767 τι
609 716 706 785 τὴν
741 716 906 783 φύσιν
934 719 1029 771 τοῦ
1062 721 1193 791 πρὶν
1227 724 1596 792 ἐμϐληθέντος
1632 726 1850 788 ὕδατος.
1891 728 1992 779 Πι-

413 809 639 861 στοῦται
668 810 726 861 δὲ
777 811 938 877 μόνον
969 812 1029 864 τδ
1057 813 1153 866 τοῦ
1190 815 1473 884 θαύματος
1504 819 1737 885 μέγεθος
1788 820 1866 885 τῷ
1895 820 1992 873 καὶ

410 902 476 969 τῇ
504 900 693 966 γεύσει
727 901 940 955 πείθειν
973 906 1141 974 ἡμᾶς,
1178 907 1251 975 μὴ
1275 909 1337 959 ὲκ
1358 909 1577 979 νεκροῦ,
1614 910 1732 963 ἀλλ’
1759 913 1824 964 ἐκ
1856 910 1995 974 ζῶν-

409 984 501 1054 τος
532 994 783 1062 σώματος
812 998 873 1048 τὸ
926 993 1065 1065 αἷμα
1113 1001 1210 1052 καὶ
1240 1000 1302 1053 τὸ
1332 1001 1477 1072 ὕδωρ
1522 1004 1742 1072 ῥυῆναι.
1785 1004 1880 1057 Ἕκ
1905 1022 1993 1056 νε-

412 1083 546 1153 κροῦ
570 1085 676 1152 γάρ
704 1087 935 1155 ἀτμίζον
956 1084 1098 1158 αἷμα
1132 1092 1194 1143 οὐ
1225 1092 1441 1161 πέφυκε
1473 1096 1773 1164 καταρρεῖν
1795 1110 1809 1124 ’
1844 1096 1909 1147 ὲκ
1935 1094 1994 1147 δὲ

409 1174 501 1229 τοῦ
526 1178 805 1244 Κυριακοῦ
839 1179 1113 1248 σώματος,
1148 1182 1225 1246 ῶς
1250 1180 1453 1247 ζῶντος
1484 1186 1579 1239 καὶ
1614 1185 1905 1250 ζωοποιοῦ,
1925 1187 1995 1239 τὰ

410 1262 650 1326 ζωοποιά
680 1268 878 1337 ἐρρύη,
910 1270 970 1322 τὸ
1023 1267 1187 1337 αἷμα,
1238 1276 1405 1343 φημὶ,
1459 1277 1555 1328 καὶ
1585 1275 1647 1328 τδ
1680 1275 1846 1345 ὕδωρ.
1879 1278 1994 1331 Οὐκ

409 1357 695 1423 εἰσάγεται
730 1359 787 1411 δὲ
821 1361 881 1413 τὸ
913 1363 1037 1425 ζέον
1067 1365 1209 1418 κατά
1250 1367 1349 1436 τὴν
1383 1368 1559 1438 ἀρχὴν
1593 1369 1689 1437 τῆς
1724 1369 1992 1435 ένὼσεωςν

411 1447 497 1498 ἵνα
529 1449 604 1519 μὴ
639 1448 847 1520 ψυχρὸν
880 1450 1039 1516 αὖθις
1079 1457 1138 1508 ὲν
1169 1457 1246 1527 τῷ
1276 1460 1454 1527 καιρῷ
1501 1460 1601 1526 τῆς
1634 1460 1992 1530 μεταλήψεως

410 1538 632 1601 γεγονὸς
688 1541 770 1603 είς
829 1541 921 1595 τὸν
970 1545 1239 1611 πρότερον
1288 1548 1563 1620 ἐπανέλθῃ
1612 1550 1793 1615 λόγον.
1838 1553 1900 1604 Οί
1936 1550 1993 1604 δὲ

413 1628 651 1698 Ἴϐηρες,
684 1633 887 1705 καίπερ
932 1636 1244 1704 ὀρθοδοξίας
1272 1639 1459 1712 ἄκρως
1502 1644 1991 1713 μεταποιούμενοι,

408 1715 530 1775 ζέον
557 1717 632 1786 τῷ
666 1720 806 1790 ἀγίῳ
832 1722 932 1776 οὐκ
966 1725 1300 1793 ἐμϐάλλουσι
1335 1732 1608 1802 ποτηρίῳ,
1660 1736 1736 1804 τῷ
1765 1736 1825 1787 ὲν
1855 1735 1991 1799 ἔθει,

410 1816 485 1868 ῶς
542 1825 697 1875 φασι,
728 1816 1006 1881 γεγονέναι
1061 1819 1137 1887 μὴ
1188 1819 1336 1876 οἴνου
1367 1824 1548 1877 πίνειν
1608 1827 1750 1892 μετά
1784 1826 1994 1895 θερμοῦ
2030 1875 2069 1897 ἢ
2100 1833 2227 1872 Cum
2291 1816 2524 1870 Ῐθτνειηί
2564 1831 2708 1897 δίψει
2751 1833 2860 1873 ηοη
2909 1818 3163 1874 δίυθνεηι
3211 1835 3225 1872 ³

411 1895 603 1961 ὕδατος
623 1915 637 1930 ·
680 1901 817 1954 ἀλλά
848 1906 948 1975 τὴν
970 1902 1066 1961 τοῦ
1099 1912 1405 1981 μυστηρίου
1450 1916 1797 1989 διδαχθέντες
1823 1918 1989 1972 δύναο

412 2004 539 2054 μιν,
570 1990 728 2045 τοῦτο
763 1995 857 2047 καὶ
887 1997 1042 2051 αὐτοὶ
1080 2004 1256 2057 ποιεῖν
1288 2007 1706 2078 ἐπετράπησαν.

490 2102 551 2157 '0
580 2104 636 2158 δὲ
668 2105 750 2173 ἰπθ’
791 2110 887 2178 τῆς
923 2110 978 2175 ς’
1009 2116 1232 2180 συνόδου
1264 2120 1565 2189 ἀνατρέπει
1597 2125 1692 2176 καὶ
1724 2124 1914 2194 ἕτερόν
1939 2144 1992 2181 τι

411 2192 520 2246 τῶν
548 2195 827 2265 ἀθεμίτων
851 2200 909 2252 ἐν
934 2205 1000 2273 τῇ
1028 2205 1136 2257 τῶν
1173 2206 1476 2277 Ἀρμενίων
1502 2212 1657 2284 χώρᾳ
1680 2192 1993 2285 γινόμενον.

412 2285 564 2352 Μέλη
596 2288 706 2357 γὰρ
734 2290 829 2344 τοῦ
862 2293 1127 2365 θυομένου
1161 2298 1387 2368 ἕψοντες
1415 2302 1556 2367 ζώου
1587 2305 1735 2360 ἔνδον
1764 2308 1859 2361 τοῦ
1895 2308 1992 2362 θυ-

415 2379 755 2468 σιαστηρίου,
816 2384 879 2435 ἐκ
929 2386 1136 2441 τούτων
1188 2392 1543 2462 ἀφαιρέματα
1598 2398 1710 2459 τοῖς
1755 2398 1993 2468 ἱερεῦσιν

412 2465 720 2530 Ἰουδαϊκῶς
753 2472 1053 2544 ἀπένεμον,
1096 2478 1701 2557 τούτοιςἚφωρισμένα
1733 2465 1829 2543 καλ
1857 2492 1994 2546 ἀπο-

410 2562 740 2651 τεταγμένα,
801 2568 1043 2637 κεφαλὴν
1074 2574 1256 2641 τυχὸν,
1292 2576 1325 2646 ἢ
1377 2577 1506 2632 ἄλλο
1539 2597 1592 2633 τι
1637 2584 1802 2651 μέρος
1827 2584 1992 2651 ἀφαι-

415 2649 571 2741 ρεθὲν
624 2654 689 2706 ἐκ
720 2655 814 2708 τοῦ
853 2656 1128 2728 σώματος,
1153 2663 1190 2717 ἆ
1221 2682 1352 2718 ποτε
1377 2669 1493 2731 τοῖς
1530 2649 1808 2732 Ἰουδαίοις
1833 2649 1994 2741 λύγον

412 2736 558 2810 εῗχον
596 2744 912 2814 ἀναγωγῆς.
959 2752 1133 2807 Τοῦτο
1158 2756 1289 2821 γοῦν
1315 2758 1678 2831 ἀπαγορεύει,
1720 2736 1991 2833 ἐφίησι-δὲ

415 2835 712 2903 προσάγειν
745 2839 929 2904 αὐτοῖς
961 2838 1051 2897 οἷα
1089 2849 1185 2923 και
1234 2849 1335 2903 ὅσα
1387 2851 1437 2904 οἱ
1466 2854 1840 2921 προσάγοντες
1867 2855 1991 2924 βού-

414 2924 618 3018 λονται,
653 2930 758 2996 ἔξω
806 2934 904 3004 τῆς
949 2937 1272 3009 ἐκκλησίας,
1315 2944 1727 3011 συγκαταϐἀσει
1772 2945 1995 3018 χρώμεο

414 3031 528 3077 νος,
558 3016 649 3070 διὰ
685 3020 785 3091 τὴν
823 3027 1184 3096 κρατήσασαν
1226 3033 1359 3105 παρ’
1402 3036 1633 3097 ἐκείνοις
1666 3016 1986 3108 συνήθειαν.

414 3108 518 3163 Τὸν
538 3108 594 3162 δὲ
623 3110 703 3166 ἔτι
731 3112 892 3167 τοῦτο
923 3117 1181 3175 ποιοῦντα
1229 3122 1590 3193 ἀφορίζεσθαι
1619 3128 1989 3200 παρεγγύησε.

487 3334 624 3403 Περὶ
664 3335 773 3405 τῆς
811 3339 1059 3408 λοχείας
1096 3340 1205 3410 τῆς
1240 3345 1571 3414 ὑπσραγίας
1605 3349 1921 3406 Θεοτόκου.

500 3472 557 3525 '0
586 3474 643 3527 δὲ
676 3470 752 3528 σθ’
776 3476 1141 3548 ἀπαγορεύων
1172 3480 1234 3532 τὸ
1257 3481 1538 3550 σεμίδαλιν
1568 3482 1741 3553 ἕψειν,
1781 3486 1877 3540 καὶ
1903 3487 1998 3539 ἀλ-

414 3563 598 3630 λήλοις
644 3566 988 3633 μεταδιδόναι
1024 3571 1091 3638 τῇ
1161 3570 1393 3643 ἐπιούσῃ
1444 3574 1585 3642 μετὰ
1643 3574 1745 3644 τὴν
1798 3576 1997 3647 ἑορτὴν

413 3658 510 3722 τῆς
552 3656 714 3723 ἁγίας
739 3656 833 3710 τοῦ
868 3659 1106 3729 Χριστοῦ
1140 3664 1471 3732 γεννήσεως,
1508 3667 1592 3739 είς
1637 3668 1997 3738 τιμὴνιδῆθεν

415 3744 513 3813 τῆς
562 3744 774 3815 λοχείας
802 3748 899 3816 τῆς
933 3750 1208 3820 ἀχράντου
1237 3753 1745 3826 Παρθενομήτορος,
1780 3757 1858 3820 ὡς
1904 3759 1999 3812 καὶ

416 3837 507 3888 ἐπὶ
540 3836 650 3888 τῶν
683 3837 1058 3911 λοχευομένων
1099 3843 1222 3907 ἔθος
1250 3844 1498 3914 γίνεσθαι
1528 3850 1832 3915 γυναικῶν.
1863 3851 1995 3919 κλη-

419 3922 587 3989 ρικῶν
624 3924 722 3992 μὲν
755 3926 908 3980 τοῦτο
942 3931 1262 3996 ποιούντων,
1289 3935 1632 4006 καθαιρέσει,
1661 3938 1869 3993 λαῖκῶν
1917 3940 1998 4008 δὲ,

418 4018 712 4089 ἀφορισμῷ
764 4022 1128 4091 καθικνεῖται,
1177 4026 1469 4097 ἀλόχευτον
1517 4026 1657 4091 εἶναι
1696 4031 1871 4098 λέγων
1909 4034 2000 4087 τὸν

417 4110 577 4165 τόκον
624 4113 726 4182 τῆς
777 4112 939 4180 ἁγίας
971 4116 1271 4182 Παρθένου,
1336 4119 1431 4172 ἆτε
1464 4121 1557 4174 καὶ
1606 4122 1848 4187 ἄσπορον
1899 4123 2000 4191 τὴν

420 4200 682 4253 σύστασιν
726 4204 1022 4274 ἐσχηκότα.
1068 4208 1267 4276 Λοχεία
1298 4209 1356 4262 δέ
1390 4211 1539 4264 ἐστιν
1574 4213 1606 4279 ή
1645 4212 1764 4280 μετ’
1793 4212 1999 4267 ὠδίνων

417 4292 511 4345 τοῦ
542 4293 774 4363 βρέφους
799 4296 1072 4361 ἀπότεξις,
1109 4299 1205 4352 καὶ
1230 4301 1264 4369 ἡ
1292 4300 1401 4352 τῶν
1426 4301 1678 4370 αἱμάτων
1705 4304 2000 4368 ἀκόλουθος

421 4382 599 4451 ῥύσις,
630 4377 705 4436 ὧν
734 4385 935 4454 ἥκιστα
972 4390 1296 4458 πειραθῆναι
1345 4392 1444 4463 τὴν
1474 4394 1743 4447 Θεοτόκον
1778 4395 1998 4464 νομίζο-

423 4490 543 4541 μεν,
582 4475 782 4543 μᾶλλον
808 4478 865 4531 δὲ
890 4478 1127 4547 βεϐαίως
1150 4481 1499 4551 πιστεύομεν.
1532 4484 1719 4538 Ταῦτα
1746 4486 1855 4554 γὰρ
1883 4489 2000 4549 ταῖς

2096 640 2151 684 et
2195 646 2411 699 aquam.
2464 631 2653 686 calicis
2700 631 2958 685 unionem
3017 646 3122 684 non
3157 638 3352 695 mutat,
3405 631 3665 694 quoniam

2097 736 2205 779 non
2247 722 2434 777 din‘ert
2479 735 2673 777 natura
2709 724 2778 776 ab
2809 736 2949 791 aqua
2988 722 3136 789 prius
3178 721 3400 787 injecta.
3429 720 3667 774 Tantum
3756 790 3765 793 _

2096 823 2277 866 autent
2330 815 2584 867 miraculi
2630 815 2950 883 magnitudo
2985 810 3321 875 ostenditur,
3358 820 3419 864 ut
3470 827 3572 865 nos
3601 827 3665 867 ex

2095 914 2257 974 gustu
2305 905 2636 979 credamusa
2658 920 2767 958 non
2797 921 2861 958 ex
2894 912 3139 971 mortuo,
3171 906 3265 959 sed
3298 906 3511 958 vivente
3543 918 3670 956 cor—

2098 1009 2228 1061 pore
2269 995 2593 1062 sztnguinem
2618 1005 2670 1048 et
2694 1010 2892 1063 aquam
2918 993 3168 1049 ﬂuxisse.
3192 994 3326 1053 Nam
3350 1011 3412 1048 ex
3450 1003 3673 1055 mortuo

2094 1085 2315 1152 sanguis
2336 1084 2553 1140 fumans
2579 1085 2796 1139 clﬂurre
2828 1102 2932 1140 non
2953 1095 3162 1156 potest;
3184 1101 3246 1139 ex
3271 1086 3548 1139 Dominico
3572 1102 3672 1138 au-

2096 1184 2202 1229 tetu
2220 1192 2474 1245 corpore,
2511 1186 2768 1245 tanquam
2806 1193 2868 1231 ex
2905 1181 3029 1232 vivo
3072 1188 3126 1232 et
3156 1178 3399 1241 vit/ilico,
3443 1178 3674 1232 efﬂuxe-

2094 1273 2228 1319 runt
2267 1267 2501 1330 viviﬁca,
2533 1269 2762 1336 sanguis
2798 1269 3009 1323 scilicet
3059 1281 3114 1323 et
3147 1284 3312 1336 aqua.
3348 1270 3413 1322 At
3456 1268 3675 1322 fervens

2097 1372 2241 1426 aqua
2278 1358 2429 1413 circa
2457 1361 2677 1414 unionis
2709 1361 2930 1415 initium
2952 1377 3060 1415 non
3095 1361 3359 1432 injicitur,
3388 1377 3455 1415 ne
3484 1375 3691 1422 rursus,

2098 1459 2346 1520 tempore
2400 1452 2838 1521 partit‘ipationis
2896 1452 3286 1523 refrigescens,
3331 1457 3386 1508 in
3433 1457 3673 1529 priorem

2098 1552 2302 1598 statum
2336 1543 2548 1596 redeat.
2581 1544 2761 1599 lberes
2793 1559 2944 1609 vero,
2979 1546 3072 1613 qui
3104 1556 3228 1599 sunt
3255 1561 3470 1600 summe
3491 1546 3679 1599 ortho-

2097 1635 2247 1700 doxi,
2293 1635 2524 1689 calidam
2573 1634 2625 1687 in
2671 1645 2923 1689 sanctum
2971 1636 3199 1690 calicem
3252 1651 3359 1691 non
3389 1637 3676 1707 injiciunt,

2096 1726 2382 1796 quoniam.
2406 1734 2466 1777 ut
2489 1724 2668 1791 aiunt,
2697 1726 2938 1780 obtinuit
2971 1728 3342 1802 consuetudo,
3371 1737 3430 1781 nt
3485 1727 3674 1781 viuum

3284 1819 3379 1873 sed
3431 1818 3678 1889 mysterii

2101 1906 2207 1963 vim
2246 1907 2447 1973 edocti,
2490 1908 2592 1962 hoc
2619 1906 2800 1963 facere
2831 1916 2886 1965 et
2917 1908 3016 1977 ipsi
3047 1910 3299 1977 persuasi
3346 1906 3597 1964 fuerunt.

2172 2109 2572 2181 Nonagesimus
2595 2125 2772 2166 nonus
2789 2119 2957 2166 sextae
2978 2111 3171 2184 synodi
3190 2111 3495 2180 improbum
3513 2111 3681 2182 quod-

2102 2204 2225 2257 dam
2265 2204 2411 2257 aliud
2444 2204 2496 2258 in
2530 2204 2916 2259 Armeniorum
2971 2208 3192 2274 regione
3223 2203 3427 2263 factum
3460 2207 3676 2259 evertit.

2100 2297 2341 2352 Membra
2365 2298 2510 2352 enim
2539 2298 2808 2353 immolati
2847 2299 3109 2354 animalis
3139 2308 3436 2367 coquentes
3457 2299 3600 2353 intus
3624 2298 3677 2375 in

2100 2403 2260 2443 sacro
2281 2389 2469 2454 altari,
2493 2404 2683 2442 eorum
2706 2388 2892 2442 frusta
2919 2390 3322 2454 sacerdotibus,
3340 2389 3472 2455 ipsis
3501 2404 3680 2458 segre-

2099 2487 2221 2548 gata
2256 2486 2313 2532 et
2337 2479 2636 2542 destinata,
2667 2477 2895 2533 Judaice
2922 2479 3345 2547 distribuebant,
3374 2488 3537 2549 caput
3567 2480 3678 2535 sci-

2101 2570 2230 2623 licet
2286 2570 2369 2622 vel
2412 2569 2653 2639 aliquam
2691 2570 2964 2640 ejusmodi
3009 2579 3217 2639 partem
3262 2586 3293 2624 a
3327 2585 3556 2640 corpore
3591 2574 3681 2625 se-

2101 2669 2391 2729 paratam;
2438 2677 2560 2728 quae
2606 2662 2829 2731 quidem
2875 2652 3080 2719 Judazis
3125 2665 3373 2737 mysterii
3407 2665 3677 2719 rationem

2102 2755 2479 2809 obtinuerant.
2515 2752 2631 2809 Hoc
2659 2755 2829 2825 igitur
2862 2765 3043 2824 vetat;
3090 2766 3145 2811 at
3195 2774 3325 2813 vero
3368 2757 3498 2818 illis.
3530 2773 3680 2826 quae-

2101 2862 2321 2916 cunque
2350 2856 2405 2901 et
2434 2858 2866 2917 quantacunque
2890 2850 3185 2906 olferentes
3206 2851 3502 2923 voluerint,
3523 2859 3675 2905 extra

2100 2936 2348 2991 ecclesia:
2402 2946 2615 3006 septum
2662 2937 2952 3005 oﬁerendi,
3008 2940 3081 2994 ob
3125 2940 3485 2995 inveteratam
3533 2945 3676 3011 apud

2101 3041 2197 3083 eos
2256 3027 2493 3081 habitam
2582 3030 3068 3097 consuetudinem,
3130 3041 3452 3103 potestatem
3524 3033 3675 3090 iacit.

2102 3117 2433 3187 Quicunque
2483 3124 2614 3174 vero
2662 3120 2897 3189 amplius
2983 3121 3088 3177 hoc
3147 3121 3359 3187 iecerit,
3394 3137 3519 3179 eum
3588 3139 3678 3179 se-

2025 3224 2067 3283 c
2100 3211 2308 3283 gregari
2333 3211 2505 3282 jubet.

2351 3342 2426 3398 De
2453 3345 2814 3401 sanctissima:
2845 3346 3093 3413 Deiparte
3123 3351 3426 3419 puerperio.

2171 3476 2629 3548 Septuagesimus
2687 3495 2868 3536 nonus
2914 3482 3218 3552 prohibens.
3273 3484 3510 3539 similam
3580 3499 3679 3540 co-

2098 3579 2267 3634 quere
2320 3575 2374 3620 et
2422 3566 2525 3621 sibi
2579 3567 2813 3622 invicem
2894 3570 3186 3640 impertiri,
3249 3573 3501 3642 sequenti
3556 3584 3680 3641 post

2099 3667 2306 3711 sancta:
2335 3657 2539 3712 Christi
2575 3657 2887 3715 Nativitalis
2929 3659 3129 3721 festum
3169 3663 3278 3727 die,
3322 3665 3373 3719 in
3418 3666 3676 3720 honorem

2099 3747 2310 3801 scilicet
2367 3749 2643 3819 puerperii
2705 3751 3005 3820 impolluta:
3042 3751 3288 3823 Virginis
3342 3757 3552 3817 matris.
3600 3757 3680 3810 uti

2102 3837 2157 3892 in
2203 3840 2437 3893 aliarum
2477 3842 2776 3899 mulierum
2814 3859 3111 3914 puerperio
3146 3847 3253 3903 hoc
3301 3848 3416 3902 ﬁeri
3444 3850 3682 3903 obtinuit

2101 3931 2469 3995 consuetudo.
2534 3934 2580 3988 si
2634 3936 2821 3990 clerici
2884 3937 2990 3991 boc
3034 3937 3265 4002 faciunt,
3317 3940 3680 4007 tlepositimw,

2102 4023 2190 4078 sin
2237 4034 2418 4078 autem
2466 4024 2611 4090 laici,
2645 4030 3023 4096 segregatione
3063 4031 3438 4097 prosequitur,
3480 4042 3682 4088 sancta-

2109 4110 2347 4181 Virginis
2378 4123 2597 4185 partum
2631 4115 2840 4185 absque
2889 4118 3001 4172 ullo
3048 4121 3342 4189 puerperio
3387 4120 3558 4175 fuisse
3597 4124 3682 4177 tli-

2102 4219 2255 4265 cens.
2292 4214 2350 4265 ut
2378 4206 2496 4260 sine
2542 4206 2753 4263 semine
2780 4212 3167 4272 constitutum.
3200 4210 3295 4267 Est
3345 4228 3476 4267 vero
3521 4231 3681 4281 puer-

2102 4294 2315 4365 perium
2350 4312 2476 4352 cum
2518 4299 2727 4353 doloris
2775 4314 2944 4358 sensu
2990 4303 3218 4359 einissio
3251 4302 3439 4372 l‘qztus,
3465 4315 3521 4359 et
3549 4322 3682 4365 cou-

2104 4402 2339 4457 sequens
2393 4390 2682 4459 sanguinis
2729 4392 3077 4463 proﬂuvium,
3126 4398 3329 4467 quibus
3370 4399 3683 4454 nullatenus

2107 4482 2399 4537 obnoxiam
2453 4482 2627 4539 fuisse
2672 4484 2957 4554 Deiparam
3004 4488 3343 4557 judicanius,
3402 4491 3512 4545 imo
3555 4509 3684 4547 vero

420 4567 667 4634 φυσικῶς
698 4568 1088 4633 συλλαϐούσαις
1120 4577 1486 4643 παρομαρτεῖ,
1535 4577 1600 4645 τῇ
1634 4576 1689 4629 δὲ
1718 4577 1996 4647 Παρθένῳ,

2114 4569 2345 4627 ﬁrmiter
2379 4574 2675 4630 credimus.
2711 4576 2816 4633 Ista
2850 4580 2997 4637 enim
3045 4589 3236 4650 partus
3281 4584 3559 4639 naturales
3601 4592 3686 4639 se-

421 4660 542 4712 ὲπεί
571 4677 677 4730 περ
715 4662 779 4713 ἐκ
807 4662 1121 4730 Πλεύματοε
1146 4665 1304 4732 ἁγίου
1341 4668 1434 4718 καὶ
1458 4667 1598 4734 ὑπὲρ
1629 4669 1792 4737 φύσιν
1816 4671 1849 4739 ή
1880 4671 2005 4723 σύλ-

422 4751 582 4820 ληψις
605 4746 694 4823 ἦν,
728 4754 821 4804 καὶ
844 4755 871 4805 ὁ
898 4754 1053 4817 τόκος
1083 4757 1254 4824 δήπου
1281 4758 1388 4811 τῶν
1420 4760 1665 4826 φυσικῶν
1696 4761 2006 4831 ἰδιωμάτων

425 4842 747 4913 ὑπέρτερος.
773 4844 973 4914 ’Ύϐρις
1014 4848 1194 4903 τοίνυν
1221 4852 1286 4920 τῇ
1320 4850 1589 4920 Θεοτόκῳ,
1616 4852 1711 4904 καὶ
1755 4853 1817 4906 οὐ
1847 4852 2003 4923 τιμὴ,

425 4936 484 4987 τὸ
509 4935 758 5001 γίνεσθαί
785 4954 838 4990 τι
862 4939 954 4989 ἐπὶ
977 4938 1055 5007 τῷ
1097 4940 1462 5012 ἀνεκφράστῳ
1484 4942 1651 5011 τόκῳ.
1681 4942 1754 5005 ὡς
1784 4946 1878 4998 καὶ
1911 4945 2007 4999 ἐπὶ

426 5029 534 5081 τῶν
555 5030 732 5084 ἄλλων
753 5032 1055 5086 τικτουσῶν
1092 5035 1250 5087 εἴωθε
1289 5036 1588 5102 γυναικῶν.

416 5266 427 5271 “
512 5255 575 5308 '0
597 5255 653 5308 δὲ
685 5254 778 5309 τοῦ
804 5255 1065 5324 Θεοφίλου
1107 5256 1513 5329 Ἀλεξανδρείας
1547 5259 1595 5330 η’
1655 5263 1723 5313 τὰ
1764 5279 2006 5331 προσφε-

435 5350 636 5417 ρόμενα
665 5352 744 5412 εἰς
784 5349 941 5417 λόγον
990 5349 1201 5415 θυσίας,
1247 5355 1387 5422 μετά
1433 5353 1492 5406 τὸ
1552 5355 1862 5425 ἀνηλῶσθαι
1910 5358 2011 5409 ὅσα

430 5444 592 5513 νόμος
616 5447 695 5507 είς
717 5445 812 5514 τὴν
839 5447 950 5499 τῶν
984 5448 1297 5518 μυστηρίων
1320 5449 1530 5518 χρείαν,
1556 5453 1680 5514 τοὺς
1713 5450 2011 5520 κληρικοὺς

434 5537 762 5605 ἐπισκήπτει
781 5538 1233 5609 διανειμαμένους
1264 5540 1465 5593 ἐσθίειν
1480 5539 1653 5594 ταῦτα
1684 5541 1774 5594 καὶ
1800 5544 1975 5595 πίνειν
1994 5560 2009 5574 ο

440 5628 716 5677 κοινωνεῖν
754 5626 810 5679 δὲ
844 5628 1047 5680 τούτων
1076 5629 1171 5681 καὶ
1203 5631 1317 5692 τοῖς
1356 5632 1569 5693 πιστοῖς
1600 5630 1869 5700 ἀδελφοῖς,
1906 5633 2012 5685 τῶν

439 5719 860 5791 κατηχουμένων
892 5719 947 5773 δὲ
995 5719 1203 5791 μηδενί.

515 5834 676 5903 Ζήτει
710 5835 871 5904 νόμον
909 5836 968 5889 ἐν
997 5835 1071 5906 τῷ
1108 5833 1175 5907 ιη’
1206 5854 1328 5908 κεφ.
1361 5835 1453 5891 τοῦ
1485 5839 1529 5889 Α
1560 5836 1843 5908 στοιχείου.

2105 4674 2375 4732 quuntur,
2428 4664 2639 4738 Virgini
2690 4685 2840 4737 vero,
2894 4688 3016 4726 cum
3053 4690 3119 4728 ex
3170 4676 3374 4745 Spiritu
3406 4688 3601 4732 sancto
3633 4690 3687 4731 et

2108 4770 2274 4826 supra
2306 4767 2557 4815 naturam
2588 4768 2734 4821 esset
2762 4765 3069 4833 conceptio,
3088 4766 3250 4820 etiam
3275 4768 3518 4837 ejusdem
3556 4785 3686 4839 par.

2110 4858 2198 4904 tus
2234 4849 2303 4903 iis
2337 4866 2459 4920 quae
2501 4854 2808 4915 naturalem
2845 4866 3061 4923 partum
3098 4870 3540 4929 consequuntur,
3578 4877 3685 4917 non

2109 4941 2383 4995 obnoxius
2412 4943 2536 4997 fuit.
2574 4945 2920 5006 Contumelia
2970 4949 3136 5014 igitur
3186 4950 3431 5019 θεῖναι-αξ
3478 4963 3584 5018 est,
3631 4964 3687 5007 et

2112 5046 2222 5089 non
2272 5032 2469 5101 honor,
2524 5049 2713 5097 eorum
2763 5037 2966 5106 aliquid
3021 5040 3072 5092 in
3120 5040 3324 5096 eximio
3366 5043 3487 5111 ejus
3528 5057 3685 5112 partu

2111 5124 2251 5190 ﬁeri,
2285 5140 2404 5194 quae
2434 5128 2487 5179 in
2516 5126 2747 5187 aliarum
2792 5130 3080 5189 mulierum
3130 5143 3289 5203 partu
3334 5135 3448 5190 lieri
3485 5137 3686 5194 solent.

2186 5254 2471 5325 Theophili
2549 5259 2905 5314 Alexandrini
2958 5266 3227 5335 septimus
3272 5284 3392 5337 qu:e
3435 5269 3687 5324 sacriﬁcii

2115 5354 2327 5407 ratione
2371 5352 2701 5415 oﬁ'vruntur,
2744 5367 3036 5426 postquam
3072 5375 3134 5422 ea
3180 5378 3300 5430 qua:
3330 5366 3396 5415 ad
3431 5372 3686 5433 mysteria

2113 5443 2428 5513 peragenda
2451 5446 2533 5498 lex
2573 5448 2824 5516 requirit,
2855 5436 3243 5514 absumuntur,
3278 5454 3513 5508 clericos
3546 5457 3691 5510 inter

2116 5551 2177 5591 se
2236 5536 2628 5591 tlistribtteulcs
2689 5540 2983 5595 comedere
3033 5552 3086 5596 et
3141 5544 3328 5597 bibere
3390 5544 3581 5613 jubet,
3637 5561 3691 5599 ct

2117 5630 2383 5684 fratribus
2413 5629 2685 5696 ﬁdelibus,
2733 5635 2867 5688 nulli
2900 5644 3081 5691 autem
3134 5638 3683 5702 ratccbmut-norum.

2117 5722 2463 5785 communica
2474 5738 2552 5777 re.

2189 5836 2427 5906 consule
2460 5837 2629 5907 legem
2664 5839 2716 5893 in
2742 5840 2922 5909 capite
2954 5841 3161 5897 decimo
3184 5855 3374 5898 octavo
3412 5843 3604 5899 litterae
3622 5851 3687 5900 Α.
