4054 6472
461 326 591 390 Ῑῗῧῗ

1641 342 2007 407 ΜΑΤΤΠ.ΕΙ
2051 350 2474 411 BLASTARiS

3570 352 3695 418 1368

450 457 668 493 murum
708 441 1024 503 lat-ulmum
1081 456 1289 514 partem
1345 451 1598 521 princeps
1648 457 1933 520 sortiatur,
1965 470 2015 513 et

2127 464 2303 529 τρίτον
2330 465 2429 534 τῆς
2475 464 2664 527 οὐσίας
2691 466 2918 519 ἐκείνων
2974 464 3071 535 τὴν
3104 463 3427 519 δεσποτείαν
3456 466 3701 537 ἀπολαμο

448 536 602 586 lct'lia
636 534 687 587 in
720 534 958 590 defuncti
993 541 1311 594 memoriam
1347 542 1718 612 impendatur,
1745 557 1800 601 ct
1828 565 2017 618 super-

447 635 555 676 stes
590 625 752 703 aliam
789 637 995 694 partem
1033 630 1287 699 accipiat.
1327 632 1422 686 Sin
1456 643 1510 688 et
1546 651 1784 703 persona
1824 641 2012 694 relicta

449 717 739 778 moriatur,
774 721 986 787 cognati
1012 720 1129 790 ejus
1162 737 1224 775 ex
1258 724 1372 793 lege
1397 726 1639 782 lueredes
1673 733 2015 788 constituan-

447 817 537 859 tur
569 826 578 857 :
612 810 654 861 si
688 825 818 862 vero
849 810 1032 866 nullus
1062 812 1132 865 sit
1157 813 1402 869 defuncti
1433 828 1720 887 cognatus,
1756 822 1886 876 ﬁsco
1920 826 2015 877 de-

448 899 603 953 ιωιιιιν
635 904 901 973 semissis,
936 914 989 958 et
1022 907 1300 975 memoria:
1331 909 1450 978 ejus
1480 914 1747 977 semissis.

520 1167 814 1236 lnvalidam
853 1184 981 1224 vero
1017 1171 1165 1225 illam
1206 1173 1378 1243 legem
1418 1192 1539 1232 esse
1568 1180 1862 1249 jubemtts,
1896 1200 2017 1253 quae

450 1260 694 1312 decernit
739 1262 884 1315 viros
933 1263 1015 1317 vel
1074 1262 1325 1329 feminas,
1373 1271 1466 1336 qui
1513 1286 1543 1323 a
1586 1271 1701 1326 ﬁlio
1773 1274 2016 1330 derelicti

449 1361 595 1409 sunt.
627 1366 749 1405 cum
783 1368 813 1406 e
843 1355 1076 1426 vestigio
1107 1357 1396 1438 defunctus
1427 1370 1512 1414 est
1544 1361 1711 1428 ﬁlius,
1746 1367 2020 1434 supersti-

448 1451 554 1495 tum
591 1443 799 1501 Scilicet
834 1457 1041 1515 partem
1076 1450 1257 1504 omnia
1293 1452 1387 1504 ﬁlii
1421 1462 1647 1522 paterna
1680 1465 1735 1509 et
1769 1466 2016 1513 materna

451 1534 590 1586 Ιιοιιιι
644 1535 947 1604 possidere.
1003 1538 1248 1595 Defuncti
1299 1559 1429 1597 vero
1480 1554 1765 1613 parentes.
1818 1558 2019 1618 praeter

401 1615 408 1621 ’
445 1625 543 1679 lilii
585 1628 960 1697 amissionem,
1000 1632 1257 1704 injustum
1295 1645 1379 1690 est
1410 1638 1575 1691 etiam
1616 1638 1874 1695 facultate
1906 1643 2020 1712 pri—

449 1716 593 1781 vari;
631 1718 724 1772 sed
771 1718 927 1775 tertia
966 1723 1108 1778 dotis
1151 1740 1275 1793 pars
1317 1726 1370 1795 in
1411 1727 1649 1784 defuncti
1693 1734 2012 1789 memoriam

2121 555 2326 619 δάνειν,
2352 558 2411 609 τὸ
2436 557 2616 628 τρίτον
2651 560 2730 620 εἰς
2758 557 3085 626 μνημόσυνα
3106 557 3198 608 τοῦ
3230 557 3562 621 ἀπελθόντος
3586 559 3699 612 ἀνα-

2121 648 2428 715 λίσκεσθαι,
2457 650 2551 701 καὶ
2580 650 2640 702 τὸ
2689 649 2799 713 ζῶν
2850 649 3015 719 μέρος
3042 648 3457 717 ἀπολαμϐάνειν
3480 650 3541 701 τὸ
3579 650 3694 702 Ete-

2123 757 2235 807 ρον.
2268 740 2329 792 Εἰ
2354 740 2409 792 δὲ
2436 742 2530 793 καὶ
2554 743 2613 792 τὸ
2636 738 2900 808 ἑπιζῆσαν
2922 738 3147 793 ἀπέλθοι
3173 740 3359 809 μέρος,
3386 740 3517 800 τοὺς
3536 740 3703 811 τούτῳ

2121 834 2501 902 προσήκοντας
2542 833 2604 885 τὸ
2649 833 2755 886 ἀπὸ
2789 834 2954 901 νόμου
2983 832 3342 902 κληρονομεῖν
3363 845 3379 861 ⁸
3416 832 3484 885 ἂν
3512 832 3566 884 δὲ
3598 850 3699 901 μη.

2119 923 2230 985 ὃείς
2255 922 2522 992 συγγενὴς
2550 921 2820 992 προσῇτῷ
2839 921 3210 991 ἀποιχομένῳ,
3244 921 3323 990 τῷ
3352 922 3603 991 δημοσίῳ
3626 920 3697 975 εἷ-

2121 1032 2209 1068 ναι
2254 1015 2314 1068 τὸ
2362 1015 2568 1084 ἥμισυ,
2641 1016 2734 1067 καὶ
2782 1016 2891 1075 τοῖς
2948 1013 3155 1065 ἐκείνου
3224 1012 3598 1082 μνημοσύνοις
3642 1013 3699 1066 τὺ

2119 1107 2312 1175 ἣμισυ.
3659 1152 3666 1160 .

2205 1196 2582 1267 Ἀκυρωθῆναι
2617 1195 2673 1249 δὲ
2703 1196 2792 1248 καὶ
2810 1195 2909 1261 τον
2947 1196 3114 1264 νόμον
3154 1196 3480 1265 κελεύομεν,
3513 1197 3569 1259 ὃς
3592 1196 3695 1249 διο-

2125 1286 2334 1357 ρίζεται
2389 1288 2515 1349 τοὺς
2551 1288 2645 1338 ἐπὶ
2670 1287 2847 1355 τέκνῳ
2884 1286 3269 1355 χηρεύσαντας
3304 1285 3507 1353 ἄνδρας
3524 1303 3585 1337 τε
3608 1287 3695 1338 καὶ

2119 1380 2405 1446 γυναῖκας,
2440 1371 2558 1430 εἷτα
2588 1379 2681 1430 καὶ
2713 1376 2808 1430 τοῦ
2843 1378 3036 1429 τέκνου
3086 1375 3229 1429 κατά
3258 1377 3429 1440 πόδας
3476 1377 3694 1444 ἀποιχο-

2124 1470 2307 1536 μένου,
2358 1468 2720 1539 κληρονομεῖν
2758 1468 2820 1520 τὸ
2881 1467 2990 1531 ζῶν
3038 1468 3207 1537 μέρος
3275 1466 3346 1519 τὰ
3388 1465 3487 1518 τοῦ
3517 1467 3695 1528 παιδὸς

2118 1561 2349 1628 πατρῷα
2389 1560 2568 1613 πάντα
2611 1560 2643 1628 ἢ
2683 1558 2951 1628 μητρικά.
2990 1558 3129 1620 Τοὺς
3165 1557 3223 1611 δὲ
3274 1559 3372 1610 τοῦ
3407 1556 3697 1617 τεθνεῶτος

2119 1650 2318 1716 γονεῖς,
2345 1648 2478 1717 πρὸς
2499 1649 2567 1716 τῇ
2597 1646 2690 1698 τοῦ
2717 1646 2910 1697 τέκνου
2957 1643 3223 1712 ἀποῦολῇ,
3264 1643 3585 1698 ἀδικώτατα
3611 1643 3697 1692 καὶ

2118 1740 2221 1807 τῆς
2275 1740 2594 1808 περιουσίας
2629 1735 3015 1811 στερίσκεσθαι
3041 1750 3054 1763 '
3097 1734 3236 1787 ἀλλὰ
3266 1733 3560 1803 τηρεῖσθαι
3609 1733 3698 1800 μὲν

447 1822 824 1879 conservetur,
856 1822 907 1868 et
938 1815 1095 1877 tertia
1128 1820 1465 1886 parentibus,
1493 1830 1546 1876 et
1577 1823 1735 1881 tertia
1770 1838 2018 1891 personae

2127 1804 2187 1887 τὸ.
2211 1804 2390 1899 τρίτον
2438 1829 2538 1897 τῆς
2570 1804 2797 1897 προικδλς
2832 1827 2911 1890 εἰς
2961 1826 3290 1895 μνημόσυνα
3330 1824 3432 1878 τοῦ
3483 1826 3701 1892 ἁποιχο·

451 1902 757 1967 superstiti.

521 2082 577 2135 Si
623 2084 942 2140 substantiae
984 2102 1109 2156 pars
1151 2090 1323 2159 legata
1367 2092 1458 2156 sit,
1495 2093 1659 2164 eligat
1703 2096 1894 2159 haeres,
1936 2100 2018 2152 vel

452 2172 720 2229 lmnorum
749 2189 952 2240 partem
981 2181 1131 2245 dare,
1155 2185 1235 2236 vel
1264 2198 1451 2239 eorum
1480 2189 1712 2255 pretium
1740 2193 2017 2246 :omuium

450 2266 670 2333 quidem
699 2269 1112 2326 indivisibiliutn
1135 2282 1188 2327 et
1209 2274 1501 2345 difﬁculter
1521 2280 1874 2336 divisibilium
1903 2298 2023 2353 pre-

454 2358 587 2418 tiuzn
621 2360 732 2413 det.
966 2375 1021 2394 "

682 2451 866 2504 Adhuc
902 2453 965 2506 de
998 2454 1232 2522 ﬁliorum
1263 2459 1795 2521 exhwredalionibm.

523 2539 752 2607 Propter
776 2542 1052 2612 subjectas
1076 2560 1272 2602 causas
1303 2550 1469 2603 ﬁlium
1501 2564 1739 2619 paternae
1766 2556 2022 2612 substan-

449 2631 536 2682 tia:
563 2633 901 2690 exliaeredem
929 2651 1051 2693 esse
1078 2638 1454 2696 decernimus:

522 2722 572 2774 l.
617 2722 669 2774 Si
702 2727 1021 2799 parentibus
1052 2730 1167 2791 suis
1202 2746 1396 2789 manus
1428 2738 1704 2805 intulerit;

520 2810 574 2867 2.
617 2811 676 2867 Si
705 2829 922 2884 gravem
949 2827 1003 2872 et
1026 2823 1479 2880 contumeliosam
1506 2830 1760 2899 injuriam
1789 2831 1858 2885 iis
1880 2833 2024 2887 intu-

450 2901 600 2966 it'l'll;

520 2995 573 3048 5.
620 2995 675 3050 Si
704 3013 798 3055 eos
826 3000 877 3053 in
905 3004 1089 3058 causis
1113 3005 1488 3064 criminalibus
1511 3017 1874 3077 accnsaverit.
1903 3034 2022 3085 quae

453 3102 561 3142 non
593 3099 722 3144 sunt
752 3093 1013 3150 adversus
1045 3096 1343 3167 principem
1377 3103 1459 3155 vel
1491 3107 1916 3176 rempublicam;

519 3180 573 3243 4.
620 3178 676 3253 Si
707 3198 830 3237 cum
865 3188 1119 3247 veneﬁcis
1152 3189 1471 3250 hominibus
1507 3207 1564 3251 ut
1595 3200 1871 3256 veneﬁcus
1900 3217 2021 3255 ver-

452 3282 643 3335 SClUI';
1423 3304 1426 3307 τ

520 3365 572 3419 5.
616 3366 674 3420 Si
720 3368 841 3424 vitae
882 3378 1167 3440 parentum
1213 3391 1440 3433 suorum
1487 3396 1581 3450 per
1620 3398 1892 3440 venenum
1941 3387 2024 3442 vel

449 3453 556 3508 alio
585 3458 817 3525 quodam
850 3462 1011 3528 modo
1044 3464 1293 3522 insidiari
1326 3475 1616 3528 tentaverit
1652 3492 1669 3541 ;

518 3547 572 3615 6.
616 3549 671 3604 Si
701 3567 826 3615 cum
858 3570 1094 3627 noverca
1122 3574 1219 3614 sua
1251 3561 1334 3616 vel
1366 3566 1539 3633 patris
1566 3568 1876 3622 concubina
1907 3584 2028 3624 cor—

449 3654 553 3707 pus
589 3642 870 3708 miscuerit
890 3662 906 3710 ;

529 3735 578 3799 7.
622 3733 679 3789 Si
722 3748 914 3793 contra
958 3752 1211 3811 parentes
1251 3746 1464 3803 delator
1503 3751 1797 3816 exstiterit,
1842 3764 1894 3807 et
1937 3770 2031 3823 per

454 3843 611 3881 suam
673 3831 1003 3889 delationem
1065 3841 1251 3906 gravia
1301 3842 1380 3899 eis
1431 3843 1711 3911 dispendia
1769 3856 2030 3902 causatus

455 3920 659 3983 fuerit:

527 4014 579 4068 8.
625 4013 680 4068 Si
739 4015 793 4069 in
855 4017 1013 4087 longa
1079 4018 1396 4078 inﬁrmitate
1420 4022 2035 4091 jacentium,yelsme—

453 4119 601 4165 ctttle
627 4118 721 4167 aut
778 4111 1151 4173 litihecillitate
1178 4114 1541 4171 laborantium
1588 4104 1793 4174 nullam
1845 4122 2036 4177 [tabuit

452 4210 665 4265 curaui,
724 4206 777 4261 et
819 4209 1039 4267 voratus
1071 4216 1101 4254 a
1143 4205 1481 4270 parentibus,
1520 4207 1689 4262 noluit
1725 4209 1804 4267 eis
1845 4226 2032 4266 curam

452 4290 725 4358 praebere;

526 4380 578 4433 9.
626 4383 680 4435 Si
731 4383 956 4439 masculi
1008 4384 1163 4453 pueri
1231 4388 1507 4444 noluerint
1578 4406 1675 4472 pro
1721 4394 2037 4461 parentibus

2127 1921 2310 1989 μένου,
2344 1920 2403 1973 τὸ
2436 1921 2491 1973 δὲ
2523 1921 2704 1989 τρίτον
2747 1920 2860 1981 τοῖς
2908 1916 3152 1986 γονεῦσι,
3183 1918 3279 1971 καὶ
3320 1917 3384 1968 τὸ
3415 1914 3597 1986 τρίτον
3628 1915 3700 1983 τῷ

2123 2008 2538 2078 καταλειφθέντι
2568 2010 2756 2077 μέρει.

2203 2103 2328 2155 Ἐὰν
2362 2102 2526 2172 μέρος
2556 2101 2743 2165 οὐσίας
2777 2100 3113 2170 ληγατευθῇ,
3153 2099 3425 2166 ἐπιλογὴν
3450 2100 3478 2150 δ
3509 2098 3697 2167 κληροο

2120 2194 2283 2264 νόμος
2313 2195 2448 2264 ἔχει,
2498 2194 2529 2261 ἢ
2577 2195 2638 2246 τὺ
2670 2193 2835 2262 μέρος
2881 2193 2993 2245 τῶν
3051 2191 3402 2261 πραγμάτων
3440 2186 3695 2253 δοῦναι,ῆ

2120 2286 2217 2354 τὴν
2247 2284 2427 2339 αὐτῶν
2475 2286 2813 2354 ἀποτίμησιν
2835 2300 2847 2314 ·
2881 2284 2990 2335 τῶν
3023 2284 3212 2350 μέντοι
3245 2280 3583 2352 ἀδιαιρέτων
3610 2279 3695 2333 καὶ

2120 2378 2502 2448 δυσδιαιρέτων
2547 2379 2765 2429 πάντων
2825 2377 2922 2447 τὴν
2950 2376 3284 2444 ἀποτίμησιν
3317 2374 3565 2427 δίδωσιν.

2458 2472 2589 2524 Ἔτι
2617 2470 2747 2538 περὶ
2777 2468 3141 2536 ἀποκλήρων
3186 2466 3351 2523 υἱῶν.

2191 2565 2290 2617 Διά
2317 2564 2415 2625 τὰς
2463 2560 2907 2630 ὑποτεταγμένας
2950 2560 3133 2622 αἰτίας
3175 2560 3268 2611 τὸν
3314 2560 3436 2611 υἱὸν
3465 2555 3695 2629 ἀπόκλη-

2125 2674 2218 2726 ρον
2247 2654 2386 2708 εἶναι
2408 2658 2505 2722 τῆς
2536 2656 2812 2723 πατρικῆς
2837 2653 3026 2714 οὐσίας
3055 2651 3419 2719 θεσπίζομενο

2193 2752 2260 2798 α’.
2297 2747 2357 2797 Εἰ
2380 2748 2490 2807 τοῖς
2520 2746 2668 2807 ἰδίοις
2695 2743 2915 2812 γονεῦσι
2950 2744 3141 2812 χεῖρας
3167 2743 3431 2795 ἐπιϐάλοι
3456 2760 3469 2772 ·

2196 2836 2262 2905 βε.
2295 2837 2356 2889 El
2405 2835 2632 2906 βαρεῖαν
2682 2839 2772 2889 καὶ
2806 2835 3033 2903 ἀπρεπῆ
3067 2833 3226 2902 ῦὸριν
3269 2835 3466 2894 αὐτοῖς
3493 2834 3691 2900 ἐπαγά-

2161 2942 2232 2981 σι’

2123 2944 2265 3087 τήν.
2292 3019 2355 3071 Εἰ
2379 3019 2469 3071 ἐπὶ
2496 3018 2927 3086 ἑγκληματικαίς
2950 3016 3155 3080 αἰτίαις
3180 3017 3361 3070 αὐτῶν
3392 3015 3694 3085 κατηγορή-

2051 3128 2093 3184 C
2128 3129 2261 3178 σειε,
2298 3113 2417 3174 ταῖς
2446 3110 2521 3179 μὴ
2547 3109 2732 3172 οὔσαις
2762 3108 2904 3162 κατά
2936 3109 3224 3177 βασιλέως,
3264 3110 3297 3178 ἢ
3324 3109 3631 3168 πολιτείας·

2192 3203 2253 3256 δ’,
2287 3203 2345 3255 Εἰ
2384 3203 2520 3271 μετά
2549 3200 2855 3271 φαρμακῶν
2890 3201 2966 3262 ὡς
3002 3200 3297 3269 φαρμακδς
3332 3196 3693 3279 συναναστρέέ

2166 3311 2279 3347 οιτο
2306 3311 2318 3324 ⁸
2958 3309 2965 3317 ’

2126 3311 2279 3437 ‘90:?
2291 3384 2350 3436 Εἰ
2377 3385 2441 3451 τῇ
2470 3382 2581 3452 ζωῇ
2610 3381 2720 3434 τῶν
2741 3380 2887 3435 ἰδίων
2914 3381 3119 3447 γονέων
3152 3378 3239 3432 διὰ
3263 3377 3634 3447 φαρμακείας,
3662 3376 3692 3445 ἢ

2127 3475 2271 3546 ἄλλῳ
2302 3474 2576 3543 οἰῳδήτινι
2604 3474 2812 3543 τρόπῳ,
2848 3470 3235 3524 ἐπιϐουλεῦσαι
3265 3469 3559 3538 πειραθείη
3580 3484 3592 3497 ο

2202 3566 2275 3633 ς’.
2317 3568 2379 3620 Εἰ
2410 3569 2476 3637 τῇ
2519 3566 2626 3636 ἰδίᾳ
2657 3567 2916 3636 μητρυιᾷ,
2946 3566 2981 3635 ἢ
3009 3567 3073 3635 τῇ
3094 3563 3188 3617 τοῦ
3212 3564 3423 3633 πατρὸς
3456 3561 3690 3629 παλλακῇ

2133 3659 2355 3731 μιχθείη
2382 3673 2398 3686 ⁸

2201 3752 2266 3816 ζ’.
2302 3750 2361 3803 Εἰ
2412 3747 2752 3816 συκοφάντης
2786 3745 2930 3799 κατά
2953 3746 3063 3799 τῶν
3090 3745 3296 3814 γονέων
3339 3745 3571 3813 γένοιτο,
3609 3745 3690 3796 καὶ

2131 3842 2222 3896 διὰ
2244 3841 2341 3911 τῆς
2384 3838 2519 3902 ἰδίας
2546 3838 2976 3907 καταμηνύσεως
3007 3837 3233 3907 βαρείας
3272 3837 3474 3899 αὐτοὺς
3500 3835 3692 3905 ζημίας

2135 3937 2426 4005 ὑπομεῖναι
2456 3935 2930 4005 παρασκευάσειεν
2949 3950 2966 3965 ο

2206 4033 2277 4096 η’.
2312 4027 2375 4080 Εἰ
2425 4028 2483 4078 ὲν
2536 4025 2793 4094 ἀσθενείᾳ
2857 4023 3051 4094 χρονίᾳ
3090 4022 3528 4091 κατακειμένων,
3581 4019 3693 4089 ῆὲν

2136 4119 2283 4188 γήρᾳ
2306 4117 2399 4170 καὶ
2423 4115 2695 4187 ἀδυναμίᾳ
2744 4114 3221 4183 καταντησάντων.
3280 4112 3578 4181 ἀμελήσειε
3602 4108 3691 4176 τῆς

2135 4210 2340 4263 τούτων
2364 4207 2644 4278 φροντίδος
2667 4223 2681 4237 ·
2735 4209 2832 4260 καὶ
2879 4203 3362 4275 μετακαλούμενος
3408 4202 3560 4270 παρὰ
3595 4198 3691 4250 τῶν

2138 4297 2358 4363 γονέων,
2394 4295 2469 4363 μὴ
2504 4292 2796 4364 βουληθείη
2821 4293 3141 4363 ἐπιμελείας
3171 4292 3370 4354 αὐτοὺς
3399 4290 3651 4354 ἀξιῶσαι*

2211 4387 2275 4439 θ’.
2308 4387 2370 4439 Εἰ
2400 4386 2474 4455 μὴ
2507 4386 2820 4455 βουληθεῖεν
2847 4387 2897 4437 οἱ
2922 4386 3149 4454 ᾶῤῥενες
3181 4385 3292 4436 τῶν
3327 4385 3535 4436 παίδων
3579 4380 3693 4441 τοὺς

456 4473 835 4543 ηιΙιιίιιεείοηοε
862 4476 1165 4544 suscipere,
1197 4477 1250 4530 in
1280 4490 1542 4558 quantum
1574 4467 1824 4552 possunt,
1853 4486 2019 4540 debiti

2129 4480 2302 4545 γονεῖς
2358 4476 2776 4547 ἐγγυήσασθαι,
2828 4479 2908 4537 εἰς
2971 4478 3113 4535 ὅσον,
3148 4474 3512 4544 εὐποροῦσιν,
3563 4470 3692 4535 ὑπὲρ

453 4564 723 4620 convictis
742 4581 757 4624 ;

528 4654 614 4711 t0.
656 4654 713 4710 Si
756 4656 1041 4711 convictus
1084 4656 1245 4711 fuerit
1284 4658 1577 4714 liberorum
1604 4661 1839 4730 aliquis,
1883 4664 2026 4730 quod

456 4756 705 4816 parentes
743 4764 872 4803 suos
909 4757 1291 4805 testamentum
1312 4754 1547 4808 condere
1570 4754 1879 4823 prohibuit;
1905 4766 1959 4809 ut
1986 4758 2028 4808 si

458 4851 575 4908 post
610 4841 722 4893 haec
753 4840 885 4895 illud
920 4841 1097 4896 facere
1128 4844 1423 4912 potuerint,
1457 4844 1529 4900 sit
1558 4846 1666 4902 illis
1699 4848 1917 4902 licentia
1956 4862 2033 4903 ta-

462 4935 564 4986 lem
600 4934 766 4987 tilium
796 4936 1134 4991 exltmredem
1172 4936 1382 5001 facere;
1640 4941 1643 4943 ’

534 5026 620 5077 tl.
664 5024 717 5079 Si
761 5037 956 5094 pra'ter
992 5038 1276 5095 parentum
1318 5029 1651 5085 voluntatem
1689 5032 1873 5088 mimis
1912 5049 2032 5107 sese

463 5121 773 5184 sociaverit,
804 5130 854 5173 et
887 5120 940 5178 in
974 5119 1075 5173 ista
1108 5120 1450 5189 professione
1483 5127 1887 5192 permanserit;

538 5300 620 5353 l2.
669 5302 754 5361 Si,
780 5278 907 5355 cum
940 5301 1137 5370 aliquis
1170 5319 1363 5369 parens
1393 5302 1576 5361 furore
1603 5315 1884 5374 correptus
1913 5316 2030 5363 est.

466 5393 642 5455 lilicri,
672 5395 753 5447 vel
785 5392 879 5462 qui
910 5394 978 5448 ab
1011 5395 1265 5453 intestato
1296 5396 1360 5449 ad
1398 5396 1762 5451 liaereditatem
1797 5398 1916 5465 ejus
1945 5398 2036 5466 ju-

466 5488 738 5550 dicantur,
791 5487 966 5549 nolint
1012 5488 1059 5539 ei
1113 5488 1329 5555 dignam
1381 5502 1566 5540 curam
1619 5487 1880 5554 prarbere,
1930 5489 2029 5556 ipsi

465 5597 629 5649 ergo,
662 5582 706 5634 si
742 5599 769 5635 tt
808 5583 997 5639 inorbo
1031 5581 1187 5650 157
1245 5591 1471 5634 sanatus
1507 5581 1711 5644 fuerit,
1746 5582 1872 5635 licet.
1917 5581 2034 5636 illos

464 5672 775 5725 r-xlia-redcs
812 5674 1009 5726 facere.
1071 5673 1124 5724 Si
1164 5687 1289 5727 vero
1325 5688 1389 5723 eo
1430 5673 1481 5723 itt
1528 5672 1720 5725 morbo
1756 5688 1928 5740 usque
1967 5673 2030 5724 a‘d

466 5775 691 5817 multem
723 5767 918 5818 detenti
948 5776 1238 5819 cxtt‘uncus
1266 5763 1482 5831 quidam
1515 5765 1767 5819 misertus
1798 5766 2030 5834 propriis

2133 4568 2324 4637 χρέους
2356 4564 2791 4634 ἐγκαλουμένους
2817 4581 2832 4595 ο

2206 4656 2256 4711 ι’.
2292 4658 2354 4711 Εί
2398 4657 2682 4727 ἐλεγχθείη
2725 4672 2811 4719 τις
2856 4654 2968 4707 τῶν
2996 4654 3244 4717 παίδων,
3292 4652 3543 4715 κωλύσας
3580 4648 3692 4709 τοὺς

2134 4757 2311 4822 γονεῖς
2343 4753 2609 4822 διαθήκας
2637 4751 2867 4821 γράψαι,
2897 4749 3038 4803 ὥστε
3085 4753 3135 4803 εἰ
3188 4750 3328 4821 μετά
3356 4750 3528 4803 ταῦτα
3548 4746 3692 4798 τοῦτο

2134 4845 2342 4913 πρᾶξαι
2384 4842 2681 4912 δυνηθεῖεν,
2717 4843 2901 4904 ἀδειαν
2932 4843 3118 4905 αὐτοῖς
3165 4837 3304 4895 εἶναι
3348 4842 3439 4893 τὸν
3467 4838 3691 4892 τοιοῦτον

2135 4936 2301 4989 παῖδα
2333 4937 2507 4987 ποιεῖν
2537 4934 2751 4999 ἀπόκλη
2760 4950 2849 5003 ρον
2865 4950 2879 4964 ο

2207 5025 2297 5080 ια’.
2334 5026 2394 5078 Εἰ
2428 5027 2576 5095 παρά
2617 5024 2843 5094 γνώμην
2877 5024 2984 5077 τῶν
3032 5022 3237 5090 γονέων
3280 5022 3470 5091 μίμοις
3516 5017 3690 5072 ἑαυτὸν
3730 5097 3739 5102 4

2134 5118 2510 5187 ὲγκαταλέξοι,
2552 5118 2650 5192 καὶ
2710 5120 2766 5172 ὲν
2819 5115 2994 5184 τούτῳ
3024 5115 3100 5183 τῷ
3152 5113 3542 5181 ἐπιτηδεύματι
3585 5109 3691 5160 δια-

2140 5210 2320 5280 μείνῃ·

2209 5302 2296 5371 ιβ’.
2330 5301 2394 5354 Εἰ
2428 5318 2548 5355 τινα
2577 5300 2685 5353 τῶν
2714 5302 2917 5366 γονέων
2951 5296 3190 5368 μανέντα
3248 5299 3297 5350 οἰ
3350 5298 3551 5359 παῖδες,
3593 5292 3687 5362 ἠοῖ

2136 5396 2194 5460 ἐξ
2243 5393 2521 5454 ἀδιαθέτου
2570 5393 2929 5461 κληρονομεῖν
2986 5391 3153 5443 αὐτὸν
3203 5390 3587 5457 δικαιούμενοι,
3622 5384 3688 5451 μὴ

2140 5484 2450 5555 βουληθεῖεν
2478 5483 2798 5550 ἐπιμελείας
2836 5481 3000 5531 αὑτὸν
3035 5480 3298 5540 ἀξιῶσαιο
3345 5474 3686 5539 ἀπαλλαγέντι

2138 5578 2248 5645 γὰρ
2275 5576 2370 5642 τῆς
2414 5575 2614 5643 μανίας
2646 5572 2825 5635 ἔξεστι
2865 5574 3038 5624 ποιεῖν
3073 5571 3273 5630 αὐτοὺς
3326 5566 3683 5634 ἁποκλήρους·

2141 5670 2199 5721 Εἰ
2228 5667 2283 5718 δὲ
2310 5668 2365 5717 ἐν
2410 5667 2473 5734 τῇ
2502 5663 2644 5733 νόσῳ
2672 5664 2837 5734 μέχρι
2872 5663 3106 5716 θανάτου
3139 5660 3524 5729 κατεχομένου,
3552 5652 3683 5706 ἀλλό-

2139 5761 2285 5831 τριός
2332 5775 2410 5819 τις
2445 5758 2828 5827 συμπαθήσας,
2860 5758 3005 5819 ἰδίοις
3056 5754 3406 5823 ἀναλώμασιν
3454 5753 3688 5815 imitam-
