4054 6420
546 398 570 461 1
600 395 687 458 :75

1731 396 2092 456 MATTHRLI
2138 394 2563 455 BLASTARIS

3651 388 3765 451 1376

542 505 707 558 desiit
737 517 878 556 esse.
931 499 1067 556 Nam
1115 501 1319 558 furtum
1353 517 1460 557 non
1497 503 1574 566 lit,
1614 503 1720 557 nisi
1756 505 1828 558 sit
1856 505 1942 558 cui
1996 505 2113 557 ﬁat.

2233 502 2352 555 ιύτδ
2379 502 2537 573 λάϐῃ,
2571 502 2669 571 οὐχ
2698 501 3006 565 ὑπόκειται,
3042 500 3231 570 ἐπειδὴ
3265 499 3543 554 ἐπαύσατο
3585 498 3644 552 δν
3686 503 3766 554 τοῦ

544 597 655 655 Sed
677 596 720 648 si
747 595 890 662 quod
924 609 1032 647 non
1057 603 1175 647 erat
1199 594 1545 658 derelictum,
1575 594 1895 648 derelictum
1927 594 2117 649 existi-

540 686 797 747 maverit,
830 701 935 739 non
969 696 1053 740 est
1081 685 1191 739 fur.
1231 685 1289 740 Si
1314 701 1442 739 vero
1479 686 1664 740 tulerit
1688 687 1738 740 id
1771 701 1832 740 ea
1860 697 2037 741 mente
2060 695 2119 740 ut

542 780 764 832 domino
794 778 1061 843 redderet,
1088 794 1194 832 non
1223 787 1437 832 tenetur
1454 779 1588 833 furti
1610 780 1865 846 crimine,
1898 779 2117 836 etiamsi

551 871 921 927 restitutionis
956 871 1196 940 pretium
1230 870 1528 940 acceperit.

616 1049 719 1113 Qui
762 1050 819 1101 in
863 1049 1064 1102 castris
1101 1049 1333 1111 iuratur,
1366 1047 1410 1101 si
1455 1047 1675 1116 quidem
1730 1061 1904 1110 arma,
1930 1046 2121 1102 verbe-

546 1149 739 1203 retur;
777 1140 821 1193 si
847 1154 974 1193 vero
1002 1155 1229 1208 equmn,
1263 1153 1458 1192 manus
1487 1138 1870 1193 abscindatur.
2036 1127 2054 1142 ’

625 1231 777 1300 161
813 1230 1042 1285 Furacis
1117 1230 1258 1285 servi
1306 1230 1584 1288 dominus,
1632 1230 1677 1283 si
1725 1244 1945 1283 servum
2001 1228 2123 1297 qui—

545 1322 665 1375 dem
703 1321 1046 1385 haberevnlt,
1073 1324 1123 1376 ei
1152 1322 1246 1390 qui
1279 1320 1481 1374 furtum
1508 1322 1713 1375 subivit
1736 1321 2119 1375 detrimentum

546 1413 771 1475 reddat;
820 1412 867 1467 si
930 1426 1059 1465 vero
1143 1427 1251 1466 non
1316 1413 1453 1476 vult,
1499 1412 1648 1466 illum
1707 1413 1760 1466 in
1827 1410 2120 1481 perfectam

546 1507 932 1574 proprietatem
963 1508 1011 1561 ei
1048 1506 1246 1560 tradat.

616 1599 717 1662 Qui
756 1599 934 1652 aliena
967 1612 1215 1652 armenta
1266 1598 1513 1667 abigunt,
1547 1597 1590 1650 si
1633 1596 1802 1650 semel
1850 1596 1956 1650 hoc
1979 1594 2123 1649 fece-

545 1698 692 1751 runt,
720 1689 1075 1744 verberentur
1095 1707 1110 1755 ;
1131 1690 1588 1750 secundoautem,
1619 1691 1670 1741 in
1696 1688 1835 1742 exsil
1866 1703 1954 1740 um
1994 1687 2117 1741 mit-

544 1788 767 1843 tantur;
819 1778 867 1833 si
898 1795 1023 1834 vero
1095 1780 1257 1834 tertio
1314 1780 1418 1835 hoc
1473 1780 1676 1834 audere
1750 1779 2121 1843 inveniantur,

2216 593 2502 646 δεσπότου.
2539 593 2729 656 Κλοπὴ
2759 593 2867 660 γὰρ
2903 592 2962 643 ού
2998 592 3211 657 γίνεται
3255 591 3329 661 μὴ
3368 591 3525 654 ὄντος
3552 592 3643 644 τοῦ
3668 595 3769 646 κλο-

2216 684 2325 754 πὴν
2370 684 2764 753 ὑφισταμένου.
2795 684 2859 736 Ei
2907 684 2967 736 δὲ
3011 683 3105 735 καὶ
3135 682 3197 734 τὸ
3233 682 3307 752 μὴ
3332 681 3392 734 ὃν
3457 683 3773 752 ἀπρονόητον

2216 776 2466 845 ἐνόμισεν
2499 774 2857 843 ἀπρονόητον.
2894 774 2997 826 οὐκ
3029 773 3145 826 ἐστι
3177 772 3437 842 κλέπτης.
3475 773 3539 827 Ei
3585 774 3638 826 δὲ
3670 775 3776 829 ἔλα-

2162 915 2167 920 .
2217 866 2312 919 ϐεν
2342 867 2434 919 ἐπὶ
2484 866 2563 936 τῷ
2609 865 2797 919 δοῦναι
2853 866 2933 933 τῷ
2969 865 3231 933 δεσπότῃ,
3267 866 3364 934 οὐχ
3409 866 3693 919 ὑπόκειται
3719 870 3776 938 τῇ

2219 958 2349 1027 περὶ
2381 957 2588 1026 κλοπῆς
2620 959 2836 1026 ἀγωγῇ,
2872 956 2977 1010 κᾶν
3005 954 3252 1026 εὖρητρα
3283 956 3447 1029 λάϐῃ.

2295 1049 2354 1102 '0
2389 1049 2640 1102 κλέπτων
2672 1051 2731 1102 ὲν
2763 1048 3055 1118 φωσσάτῳ,
3086 1049 3133 1100 εί
3159 1048 3263 1118 μὲν
3290 1050 3457 1113 ὅπλα,
3482 1048 3769 1109 τυπτέσθω.

2221 1139 2268 1191 εί
2296 1139 2352 1191 δὲ
2379 1139 2567 1201 ῐππον,
2607 1137 3065 1208 χειροκοπείσθω.

2302 1227 2364 1280 'O
2397 1229 2493 1281 τοῦ
2529 1229 2766 1281 κλέπτου
2799 1228 2990 1281 δούλου
3042 1226 3255 1295 κύριος,
3295 1228 3346 1280 εί
3402 1226 3506 1295 μὶν
3557 1226 3781 1297 βούλεται

2223 1318 2369 1387 ἔχειν
2397 1319 2490 1372 τὸν
2517 1320 2761 1391 οίκέτην,
2796 1320 2858 1371 τὸ
2888 1319 3124 1389 ἀζήμιον
3160 1320 3392 1372 ποιείτω
3419 1319 3500 1387 τῷ
3535 1319 3634 1387 τὴν
3677 1322 3781 1371 κλοο

2223 1412 2333 1479 πὴν
2377 1412 2711 1465 ὑποστάντι·
2774 1412 2848 1480 μὴ
2901 1410 3230 1480 βουλόμενος
3279 1412 3358 1476 δὲ,
3415 1411 3605 1464 τοῦτον
3650 1411 3783 1480 αὐτῷ

2223 1502 2523 1556 ἀποδιδότω
2553 1504 2635 1567 είς
2663 1504 2878 1556 τελείαν
2904 1503 3256 1558 δεσποτείαν.

2291 1595 2402 1657 Td;
2450 1596 2738 1666 ἀλλοτρίας
2784 1596 2989 1664 ἀγέλας
3052 1598 3098 1649 οἱ
3156 1594 3604 1656 ἀπελαόνοντες,
3654 1594 3785 1657 ἅπαξ

2225 1684 2385 1737 τοῦτο
2416 1688 2806 1751 πεποιηκότες,
2859 1686 3279 1739 τυπτέσθωσανο
3326 1686 3393 1737 ὲκ
3434 1685 3689 1753 δευτέρου
3715 1685 3783 1742 δὲ,

2229 1776 2684 1847 ὲξοριξὲσθωσαψ
2718 1780 2768 1831 εί
2787 1778 2846 1831 δὲ
2877 1779 2972 1831 καὶ
2992 1778 3178 1848 τρίτον
3199 1778 3513 1847 φωραθεῖεν
3544 1777 3604 1829 τδ
3626 1777 3784 1829 τοιοῦ-

547 1872 783 1926 abducto
826 1873 1033 1927 scilicet
1092 1880 1347 1927 arment‘o
1408 1874 1630 1942 proprio
1691 1873 1919 1927 domino
1967 1871 2125 1925 resti-

2233 1884 2317 1921 τον
2350 1868 2740 1938 τολμήσαντες,
2776 1869 3338 1940 χειροκοπείσθωσαν,
3381 1869 3486 1935 τῆς
3517 1869 3784 1920 ἀπελαθεί-

549 1972 685 2028 tuto,
742 1978 939 2017 manus
989 1965 1070 2019 eis
1121 1964 1539 2019 abscindantur.

1080 2142 1154 2199 De
1206 2144 1530 2198 latronibus.

614 2237 862 2308 lnsignes
933 2239 1177 2294 latrones
1255 2238 1323 2291 iis
1403 2237 1560 2299 locis,
1617 2237 1672 2290 in
1741 2235 1942 2305 quibus
1995 2235 2129 2289 deli-

550 2345 698 2385 ctum
751 2331 1169 2391 commiserunt,
1204 2329 1634 2397 suspenduntur,
1687 2336 1746 2381 ut
1776 2343 1873 2395 per
1905 2336 2117 2395 specta-

452 2418 459 2423 ’
551 2424 736 2476 culum
788 2421 1084 2484 terreliant,
1142 2422 1237 2491 qui
1290 2421 1417 2475 talia
1495 2419 1907 2488 aggrediuntur,
1977 2428 2031 2472 et
2071 2427 2130 2472 ιιι

495 2560 503 2566 .
549 2526 739 2564 eorum
771 2514 1037 2582 cognatis,
1087 2514 1179 2582 qui
1252 2522 1381 2567 sunt
1416 2513 1628 2576 occisi,
1672 2513 1803 2565 liant
1860 2513 2127 2565 solamen.

619 2601 724 2667 Qui
787 2605 1012 2658 arbores
1059 2615 1113 2658 et
1178 2607 1416 2658 maxime
1471 2608 1608 2658 vites
1672 2603 1906 2665 caedunt,
1966 2602 2127 2654 etiam

551 2703 613 2747 ut
647 2695 888 2749 latrones
955 2694 1256 2765 puniuntur
1288 2713 1301 2748 :
1366 2697 1495 2750 licet
1545 2696 1727 2765 plures
1764 2693 2011 2748 eamdem
2044 2708 2131 2746 ar-

552 2788 736 2840 borem
795 2788 1129 2851 ceciderint,
1183 2789 1381 2857 singuli
1445 2788 1497 2841 in
1569 2788 1802 2842 solidmn
1850 2793 2128 2846 tenentur,

554 2876 807 2931 videlicet
866 2892 931 2931 ex
977 2878 1303 2934 inﬁtiatione
1361 2878 1585 2949 duplum
1637 2880 1824 2947 pretii,
1883 2893 1951 2933 ex
2004 2891 2133 2932 con»-

550 2962 788 3018 fessione
818 2964 1100 3033 simplum.

623 3053 728 3119 Qui
777 3055 1015 3109 scienter
1040 3060 1255 3126 accepit
1284 3072 1399 3111 rem
1437 3058 1716 3118 furtivam.
1747 3067 1801 3112 et
1833 3056 1963 3111 furti
1997 3073 2132 3112 conv

2231 1975 2331 2027 σης
2379 1960 2583 2030 ἀγέλης
2630 1961 2876 2030 δηλονότι
2907 1960 2985 2030 τῷ
3017 1961 3134 2031 ἰδίῳ
3161 1960 3406 2031 δεσπότῃ
3435 1959 3787 2013 ἀποκαθιστα-

2233 2049 2422 2118 μένης·

2793 2141 2935 2210 Περὶ
2972 2140 3242 2208 λῃστῶν.

2302 2230 2367 2285 Ol
2397 2230 2663 2302 ἐπίσημοι
2695 2231 2893 2302 λῃσταὶ
2928 2233 2988 2283 ἐν
3019 2235 3133 2295 τοῖς
3159 2235 3374 2298 τόποις,
3400 2234 3462 2287 ἐν
3492 2231 3575 2299 οἷς
3601 2234 3792 2303 ἐπλημ-

2234 2321 2497 2391 μέλησαν.
2532 2320 3031 2389 ἀνασταυροῦνται,
3057 2323 3144 2377 ἵνα
3173 2324 3263 2377 διὰ
3285 2325 3389 2392 τῆς
3415 2327 3545 2389 θέας
3566 2326 3790 2394 πτοηθῶ-

2232 2427 2315 2463 σιν
2349 2412 2398 2464 oi
2429 2416 2542 2475 τοϊς
2573 2410 2845 2475 τοιούτοις
2887 2412 3288 2481 ἐγχειροῦντες,
3331 2418 3434 2469 καὶ.
3471 2416 3558 2469 ῐνα
3587 2417 3790 2485 γένηται

2234 2503 2561 2572 παραμυθία
2588 2505 2706 2566 τοῖς
2738 2504 3032 2571 συγγενέσι
3058 2504 3169 2557 τῶν
3195 2507 3627 2576 ἀναιρεθέντων.

2304 2597 2366 2647 Ol
2399 2594 2592 2665 δένδρα
2642 2595 2738 2648 καὶ
2785 2597 3021 2664 μάλιστα
3077 2597 3360 2663 ἀμπέλους
3406 2599 3692 2664 τέμνοντες
3728 2598 3790 2662 ὡς

2232 2686 2428 2755 λῃσταὶ
2450 2685 2796 2750 κολάζονται·
2837 2684 2941 2739 κᾶν
2972 2687 3160 2740 πολλοὶ
3193 2687 3255 2739 τὸ
3291 2687 3432 2741 αὐτὸ
3456 2689 3661 2757 τέμωσι
3687 2690 3791 2741 δέν-
3840 2696 3855 2704 “

2230 2776 2378 2845 δρον,
2405 2777 2636 2838 ἕκαστος
2670 2778 2854 2830 αὐτῶν
2906 2778 2988 2834 είς
3022 2778 3324 2849 ὁλόκληρον
3372 2781 3646 2850 ἐνέχεται,
3690 2781 3791 2850 ἦτοι

2233 2868 2292 2933 ἐξ
2324 2870 2606 2939 ἀρνήσεως
2637 2871 2736 2939 μὲν
2780 2871 2841 2923 τὸ
2861 2870 3085 2924 διπλοῦν
3113 2872 3208 2925 τοῦ
3236 2873 3372 2944 τιμή
3383 2889 3581 2944 ματοςο
3606 2873 3661 2938 ἐξ
3685 2875 3793 2943 ὁμο⁸

2231 2958 2424 3027 λογίας
2449 2960 2506 3013 δὲ
2536 2960 2596 3014 τὸ
2627 2962 2858 3016 ἁπλοῦν.

2316 3052 2375 3108 '0
2411 3054 2469 3106 ἐν
2510 3053 2712 3121 είδήσει
2757 3054 3157 3125 ὑποδεχόμενος
3198 3056 3260 3109 τὸ
3311 3055 3530 3111 κλαπὲν
3564 3057 3790 3127 πρᾶγμα,

553 3145 722 3209 scius,
772 3160 895 3201 cum
955 3147 1077 3217 ipso
1128 3157 1414 3219 peccatore
1471 3151 1753 3221 :equaliter
1804 3152 2127 3221 puniuntur.

2237 3144 2331 3197 καὶ
2369 3146 2397 3196 ὁ
2425 3138 2680 3209 συνειδὼς
2718 3144 2797 3213 τῷ
2833 3147 3230 3217 ἁμαρτάνοντι,
3262 3151 3320 3202 ὲν
3373 3150 3486 3219 [σῳ
3539 3148 3683 3219 αύτῷ
3726 3165 3786 3202 τι·

627 3324 740 3379 Fur
780 3335 904 3384 est.
948 3327 1042 3397 qui
1084 3326 1225 3383 clam
1288 3336 1345 3382 et
1397 3328 1518 3384 sine
1573 3328 1741 3384 armis
1787 3328 2032 3395 furatur,
2082 3327 2130 3384 is

555 3431 732 3485 neque
764 3419 994 3473 membri
1027 3419 1447 3480 abscissionem,
1485 3434 1661 3491 neque
1723 3429 1953 3475 mortem
2010 3435 2131 3475 sus-

553 3510 724 3573 tinet;
756 3509 848 3576 qui
881 3519 1063 3563 autem
1096 3511 1145 3564 vi
1186 3515 1236 3564 in
1290 3526 1618 3582 quocanqne
1682 3514 1828 3576 loco,
1877 3512 1958 3566 vel
2002 3526 2128 3567 cum

556 3598 725 3651 armis
774 3599 854 3652 vel
903 3600 1024 3654 sine
1066 3602 1237 3656 armis
1286 3603 1524 3666 furatur,
1580 3618 1772 3672 pmnas
1824 3603 2128 3658 secundum

555 3689 703 3757 leges
761 3689 894 3745 luat.
976 3690 1215 3746 Consule
1283 3700 1340 3746 et
1409 3691 1546 3749 alias
1608 3694 1754 3764 leges
1794 3693 1848 3751 in
1897 3692 1967 3748 i2
2006 3707 2130 3764 cap.

555 3780 751 3836 littera:
776 3781 844 3835 Α.

631 3890 783 3949 CAP.
817 3889 1012 3947 XXIV.
1045 3892 1203 3959 Quod
1231 3910 1334 3949 non
1364 3904 1570 3962 oportet
1604 3912 1724 3951 cum
1771 3901 2134 3955 excommuni-

1087 3975 1207 4018 cato
1240 3972 1647 4022 communicare.

630 4057 836 4128 Synodi
893 4057 1245 4112 Antiochenm
1295 4056 1330 4111 2
1404 4074 1581 4113 canon
1655 4075 1685 4115 a
1754 4062 2137 4118 communione

560 4167 683 4205 eum
726 4152 1218 4205 excommunicatis
1266 4151 1548 4205 discedere
1593 4155 1819 4206 omnino
1864 4169 1967 4208 nos
2012 4154 2137 4208 hor-

561 4253 726 4307 tatur,
769 4253 823 4296 et
872 4257 1048 4312 neque
1114 4242 1167 4296 in
1217 4242 1489 4305 domibus,
1564 4258 1741 4312 neque
1768 4244 1824 4297 in
1890 4245 2136 4301 ecclesiis

562 4351 686 4388 cum
735 4336 800 4389 iis
849 4348 1031 4397 orare,
1095 4333 1309 4387 etiamsi
1388 4333 1499 4388 sint
1568 4349 1635 4388 ex
1714 4335 1819 4388 alia
1890 4336 2132 4407 regione.

562 4427 696 4481 Diam
738 4427 867 4481 licet
895 4428 1016 4480 loco
1082 4425 1371 4489 distentus,
1410 4441 1521 4480 non
1568 4432 1770 4483 ‘autem
1821 4427 1928 4482 ﬁde
1979 4444 2009 4481 a
2041 4442 2137 4481 no-

2237 3252 2323 3303 μω
2333 3234 2577 3304 ροῦνται.

2302 3327 2558 3392 κλέπτης
2604 3326 2754 3380 ἐστὶν
2798 3327 2829 3379 6
2868 3326 3046 3397 λάθρα
3074 3333 3173 3383 καὶ
3203 3331 3378 3400 χωρὶς
3421 3333 3609 3386 ὅπλων
3630 3332 3791 3403 ἀμαρο

2228 3414 2426 3479 τάνων,
2459 3415 2521 3477 ὃς
2555 3415 2679 3467 οὔτε
2725 3416 2922 3484 μέλους
2959 3418 3227 3484 ἐκκοπὴν,
3264 3419 3391 3474 οὔτε
3423 3421 3653 3477 θάνατον
3677 3422 3793 3474 ὐπο-

2232 3507 2404 3575 μένειο
2457 3506 2487 3558 ὁ
2538 3505 2598 3559 δὲ
2634 3506 2729 3577 βίᾳ
2778 3506 3120 3577 πλημμελῶν
3155 3511 3279 3580 μεθ’
3323 3511 3545 3576 ὅπλων,
3579 3514 3611 3582 ἢ
3644 3515 3790 3582 χωρὶς

2231 3595 2434 3661 ὃπλων,
2489 3597 2550 3650 ὲν
2604 3597 2912 3666 οίῳδήποτε
2957 3599 3130 3670 τόπῳ,
3185 3603 3284 3665 τὰς
3334 3604 3449 3657 ἀπὸ
3502 3606 3609 3657 τῶν
3637 3604 3794 3673 νόμων

2231 3688 2424 3751 ποινὰς
2461 3687 2778 3757 ὑφίσταται.
2821 3690 2985 3759 Ζήτει
3018 3693 3114 3744 καὶ
3148 3692 3372 3764 ἑτέρους
3412 3697 3619 3767 νόμους
3655 3698 3708 3748 ὲν
3731 3694 3795 3763 τῷ

2234 3780 2305 3851 ιβ’
2341 3779 2627 3851 κεφαλαίῳ
2655 3778 2751 3833 τοῦ
2781 3782 2826 3835 Α
2867 3781 3164 3852 στοιχείου.

2302 3893 2551 3949 ΚΕΦΔΛ.
2589 3896 2716 3951 KA'.
2762 3895 2896 3949 "Ott
2946 3898 3029 3967 ad
3067 3896 3162 3952 δεῖ
3199 3902 3525 3956 κοινωνεῖν
3548 3899 3627 3967 τῷ
3648 3900 3796 3955 ἀκοι-

2868 3965 3031 4033 νωνή
3039 3984 3140 4032 τῳ,

2316 4057 2375 4108 '0
2403 4054 2448 4126 β’
2482 4055 2666 4110 κανὼν
2694 4058 2792 4127 τῆς
2821 4058 2878 4109 ὲν
2916 4058 3223 4129 Ἀντιοχείᾳ
3262 4060 3489 4115 συνόδου
3548 4062 3645 4131 τῆς
3693 4077 3794 4114 κοι-

2238 4150 2434 4212 νωνίας
2452 4147 2565 4202 τῶν
2594 4151 2985 4220 ἀκοινωνήτων
3019 4151 3452 4207 ἁποδιίστασθαι
3478 4156 3795 4209 παντάπασιν

2238 4243 2371 4311 ἡμῖν
2398 4242 2776 4309 ὲγκελεύεται,
2819 4243 2913 4296 καὶ
2945 4243 3084 4313 μήτε
3128 4245 3188 4296 ὲν
3215 4245 3351 4315 οίκῳ
3394 4247 3604 4310 τούτοις
3634 4245 3796 4299 συνεύο

2236 4335 2448 4405 χεσθαι,
2485 4337 2623 4407 μήτε
2678 4337 2738 4388 ὲν
2793 4336 3088 4407 ἐκκλησίᾳ,
3120 4337 3171 4389 εί
3203 4338 3299 4390 καὶ
3328 4338 3529 4411 ἐτέρας
3555 4337 3796 4406 ἐπαρχίας

2238 4431 2454 4498 τύχοιεν
2478 4426 2650 4490 ὄντες.
2674 4428 2734 4482 Εἰ
2756 4428 2866 4499 γὰρ
2891 4429 2987 4479 καὶ
3015 4429 3096 4497 τῷ
3121 4429 3276 4495 τόπῳ
3298 4429 3651 4498 διιστάμεθα,
3674 4427 3795 4480 ἀλλὰ

570 4520 653 4573 liis
692 4520 924 4573 invicem
958 4518 1292 4573 discedimus
1350 4534 1540 4574 omnes
1602 4523 1805 4590 ubique
1857 4530 2129 4574 terrarum

2239 4538 2302 4589 γε
2328 4523 2393 4591 τῇ
2419 4521 2602 4573 πίστει
2633 4521 2882 4589 ἀλλήλων
2913 4522 3014 4573 οὐκ
3036 4521 3396 4590 ἀφιστάμεθα
3427 4523 3478 4574 oi.
3507 4517 3795 4589 ἁπανταχοῦ

564 4613 888 4675 Christiani,
932 4621 986 4665 et
1045 4625 1237 4666 ornnes
1298 4629 1407 4667 una
1474 4616 1741 4670 catholica
1794 4616 2036 4669 Ecclesia
2090 4623 2144 4668 et

569 4718 826 4758 vocamur
885 4712 939 4757 et
1006 4719 1217 4758 sumus.
1285 4703 1546 4774 Quisquis
1619 4707 1783 4774 igitur
1832 4723 1900 4762 ex
1966 4702 2146 4761 Sacer-

567 4797 697 4851 dotii
741 4797 985 4866 catalogo
1033 4798 1519 4852 excommunicatis
1583 4799 1993 4854 communicare
2053 4798 2147 4852 de-

573 4891 875 4958 prehensus
904 4888 1089 4951 fuerit,
1137 4890 1306 4946 etiam
1355 4891 1470 4959 ipse
1510 4893 2041 4954 excommunicatur,
2086 4900 2148 4944 ut

573 4981 668 5047 qui
715 4996 978 5035 canonem
1018 4982 1270 5039 Ecclesiae
1312 4983 1636 5040 confundat.
1672 4982 1800 5039 Vide
1857 4994 1909 5038 et
1936 4984 2004 5039 18
2024 4997 2144 5051 cap.

572 5074 855 5140 litteraeA,
897 5082 951 5127 et
991 5073 1047 5127 in
1090 5073 1126 5126 2
1164 5088 1284 5142 cap.
1335 5075 1575 5141 ejusdem
1625 5076 1817 5129 littera:
1849 5090 1974 5131 can.
2022 5089 2150 5128 san-

570 5177 785 5220 ctorum
831 5166 1199 5234 apostolorum
1253 5166 1322 5221 45
1361 5176 1415 5220 et
1478 5166 1546 5221 46
1575 5178 1629 5222 et
1657 5167 1745 5230 64,
1787 5178 1843 5221 et
1865 5182 1986 5238 syn.
2016 5165 2157 5249 Lao:

569 5257 777 5311 dicenre
799 5257 890 5319 55,
931 5262 985 5309 et
1016 5254 1283 5312 Timothei
1312 5257 1660 5312 Alexandrini
1702 5257 1756 5323 9,
1779 5268 1833 5312 et
1858 5258 1910 5311 in
1936 5256 2004 5311 15
2030 5271 2149 5326 cap.

573 5348 771 5403 litterae
832 5349 876 5401 Π
975 5362 1243 5403 catonem
1314 5350 1548 5419 primum
1628 5349 1805 5405 sancti
1899 5347 2151 5419 Gregorii

576 5438 1000 5509 Thaumaturgi.

575 5550 733 5607 CAP.
790 5550 960 5606 XXV.
1010 5551 1082 5604 De
1127 5552 1203 5605 eis
1240 5554 1329 5621 qui
1366 5569 1467 5607 non
1528 5560 1933 5622 communicant,
1984 5576 2143 5614 sacra

652 5622 1122 5676 administratione
1144 5624 1310 5690 facta,
1335 5624 1411 5677 rel
1434 5642 1523 5693 per
1554 5638 1654 5683 tres
1675 5629 1979 5685 Dominicos
2008 5648 2152 5684 rom-

654 5696 949 5745 munionem
976 5696 1392 5761 procrastinnnt.

652 5804 889 5861 Octavus
938 5817 990 5862 et
1034 5824 1209 5863 nonus
1253 5821 1565 5867 sanctorum
1623 5816 1992 5884 apostolorum
2066 5831 2156 5869 ca-

2246 4613 2351 4681 γῆς
2374 4612 2710 4682 Χριστιανοὶ,
2732 4611 2830 4663 καὶ
2865 4611 2963 4678 μία
2988 4611 3190 4671 πάντες
3225 4611 3491 4678 καθολικὴ
3526 4610 3796 4679 Ἐκκλησία

2244 4702 2517 4771 λεγόμεθά
2544 4718 2603 4754 τε
2630 4702 2723 4754 καὶ
2752 4702 2943 4771 ἐσμέν.
2956 4695 3151 4765 ὀςτις
3176 4718 3242 4767 γε
3283 4702 3390 4772 μὴν
3417 4702 3513 4754 τοῦ
3551 4699 3820 4771 ἱερατικοῦ,

2249 4793 2553 4861 καταλόγου
2597 4795 2717 4853 τοῖς
2746 4793 3136 4861 ἀκοινωνήτοις
3179 4792 3337 4863 ἁλοίη
3388 4794 3688 4857 κοινωνῶν,
3721 4790 3796 4842 καὶ

2248 4884 2436 4939 τοῦτον
2469 4883 2834 4952 ἀκοινώνητον
2869 4882 3034 4949 εἶναι,
3084 4884 3160 4947 ὡς
3207 4885 3299 4937 τὸν
3348 4886 3449 4955 τῆς
3490 4885 3791 4951 Ἐκκλησίας

2250 4978 2452 5031 κανόνα
2490 4977 2811 5047 συγχέοντα.
2865 4977 3031 5046 Ζήτει
3090 4977 3185 5030 καὶ
3241 4976 3301 5029 τὸ
3331 4982 3403 5047 ιη’
3453 4994 3582 5045 κειρ.
3635 4975 3718 5027 τοῦ
3760 4973 3793 5023 Δ

2252 5070 2542 5139 στοιχείου,
2580 5069 2675 5121 καὶ
2721 5069 2782 5121 ὲν
2816 5070 2897 5138 τῷ
2924 5067 2970 5136 β’
3002 5068 3289 5136 κεφαλαίῳ
3323 5067 3419 5122 τοῦ
3461 5067 3626 5122 αὑτοῦ
3672 5082 3794 5119 στοι-

2252 5162 2401 5233 χείου
2430 5161 2798 5223 κανόναςντῶν
2820 5160 2994 5227 ἁγίων
3021 5160 3339 5215 ἀποστόλων
3362 5166 3468 5229 με’,
3489 5178 3573 5229 μς
3591 5159 3697 5211 ’καὶ
3716 5155 3790 5220 ξδ’,

2253 5256 2352 5324 τῆς
2401 5256 2459 5307 ὲν
2507 5253 2801 5324 Λαοδικείᾳ.
2829 5253 2932 5322 λγ’,
2971 5255 3069 5308 καὶ
3102 5254 3370 5323 Τιμοθέου
3416 5251 3796 5320 Ἀλεξανδρείας

2252 5346 2320 5409 θ’,
2358 5347 2452 5400 καὶ
2482 5347 2540 5398 ἐν
2584 5345 2664 5417 τῷ
2690 5353 2754 5398 ιε’
2786 5345 3070 5415 κεφαλαίῳ
3097 5345 3192 5399 τοῦ
3229 5347 3273 5398 Π
3311 5345 3578 5414 στοιχείου
3627 5340 3795 5394 κανόνα

2255 5439 2302 5493 α’
2333 5439 2425 5492 τοῦ
2457 5438 2615 5507 ἁγίου
2646 5439 2952 5510 Γρηγορίου
2988 5438 3083 5489 τοῦ
3111 5435 3577 5507 Θαυματουργοῦ.

2255 5552 2505 5605 ΚΕΦΑΛ.
2562 5549 2689 5606 KE'.
2743 5550 2885 5615 Περί
2929 5548 3049 5602 τῶν
3092 5548 3177 5616 μὴ
3219 5540 3665 5616 κοινωνούντων
3704 5535 3796 5603 τῆς

2327 5622 2487 5689 ἱερᾶς
2534 5621 2905 5688 τελουμένης
2953 5615 3358 5687 λειτουργίας,
3397 5619 3431 5682 ἢ
3480 5615 3591 5689 τὴν
3615 5626 3792 5665 κοινω-

2326 5686 2475 5746 νίαν
2494 5692 2592 5744 ἐπὶ
2624 5709 2679 5759 τι
2692 5686 2780 5757 εἷς
2817 5691 3116 5757 Κυριακὰς
3138 5686 3657 5755 ἀναϐαλλομένων.

2339 5813 2397 5862 ’0
2436 5807 2480 5880 η’
2515 5808 2605 5862 καὶ
2660 5810 2686 5861 ὁ
2745 5806 2788 5859 0'
2827 5807 2934 5857 τῶν
2987 5806 3159 5872 ἁγίων
3212 5804 3524 5856 ἀποστόλων
3578 5796 3790 5855 κανόνες,
