4054 6400
290 350 426 415 1377

1314 353 1717 414 SYNTAGMA
1752 354 2366 416 ALPHABETICUM.
2426 380 2482 393 --
2523 354 2593 416 Κ.

3404 358 3538 425 1378

290 461 550 530 ἑτοίμους
610 459 700 512 ἀεὶ
746 460 955 524 πάντας
1011 460 1328 531 βουλόμενοι
1363 461 1502 516 εἶναι
1539 465 1633 517 καὶ
1679 463 1853 529 ἀξίους

1971 479 2163 527 nones,
2211 475 2545 533 prmparatos
2600 482 2815 536 semper
2853 484 3044 525 omnes
3107 483 3160 528 et
3224 476 3534 533 divinorum

285 558 384 623 τῆς
407 557 514 609 τῶν
537 552 700 608 θείων
727 550 1016 620 κοινωνίας
1046 560 1428 627 ἁγιασμάτων,
1461 560 1783 624 ἐπίσκοπον,
1817 561 1851 632 ὴ

285 646 685 717 πρεσϐύτερον,
789 647 1058 713 διάκονον,
1100 650 1201 718 τῆς
1230 652 1384 720 ἱερᾶς
1424 650 1531 702 τῶν
1559 650 1717 702 θείων
1753 667 1853 715 μυ-

289 740 531 808 στηρίων
563 738 910 807 λειτουργίας
936 742 1410 809 προσφερομένης,
1438 742 1546 792 τῶν
1574 741 1856 810 ἁγιασμά-

284 846 394 884 των
428 833 538 893 τοῖς
569 830 747 893 ἄλλοις
773 832 847 902 μὴ
880 832 1311 900 κοινωνήσαντα,
1342 832 1439 902 τὴν
1464 831 1641 885 αἰτίαν
1669 830 1860 884 κελεύη

196 991 201 995 .
285 939 439 974 ουσιν
474 923 738 977 ἀνειπεῖν·
779 924 871 974 καὶ
919 923 967 974 εί
1018 921 1117 989 μὲν
1170 922 1527 990 εὐπρόσωπος
1575 924 1686 993 εἴη,
1726 939 1859 990 συγ-

282 1011 506 1080 γνώμης
535 1013 846 1081 τυγχάνειν,
877 1016 925 1065 εί
946 1014 984 1065 3'
1002 1001 1113 1076 οὖν,
1138 1013 1515 1081 ἀφορίζεσθαι.
1540 1014 1725 1081 Λαὸὴν
1745 1015 1856 1082 γὰρ

285 1102 584 1155 σκανδάλου
625 1106 719 1155 καὶ
776 1103 1030 1165 ὑπονοίας
1065 1105 1250 1158 δίδωσι
1303 1104 1380 1173 τῷ
1422 1103 1538 1172 λαῷ
1573 1106 1718 1157 κατὰ
1760 1105 1853 1157 τοῦ

284 1190 747 1260 προσενεγκόντος
771 1192 872 1260 τὴν
901 1184 1239 1262 ἀναίμακτον
1276 1186 1467 1245 θυσίαν
1508 1193 1719 1262 ἱερέως,
1768 1189 1856 1246 οἷά

280 1297 334 1331 τι
382 1280 641 1342 συνειδὼς
681 1281 831 1349 αύτῷ
881 1281 1109 1351 κώλυμα
1160 1283 1298 1352 πρὸς
1350 1283 1449 1350 τὴν
1517 1284 1854 1353 ἱερουργίαν.

293 1370 458 1422 Ἀλλὰ
492 1372 735 1434 καὶτοὺς
760 1373 1025 1436 εἰσιόντας
1056 1372 1148 1426 τοῦ
1182 1372 1310 1426 λαοῦ
1344 1375 1590 1439 πιστοὺς,
1631 1375 1858 1427 καὶτῶν

284 1463 454 1529 ἁγίων
504 1462 739 1532 Γραφῶν
772 1466 1093 1528 ἀκούοντας,
1130 1467 1222 1518 καὶ
1254 1466 1329 1535 μὴ
1359 1468 1421 1534 τῇ
1455 1469 1730 1535 προσευχῇ
1763 1466 1858 1517 καὶ

281 1556 347 1623 τῇ
396 1554 527 1624 ἁγίᾳ
560 1555 977 1624 παραμένοντας
1005 1557 1343 1627 μεταλήψει,
1385 1553 1746 1626 ἀφορίζεσθαι
1782 1558 1858 1621 ὡς

282 1645 575 1705 ἀτάκτους.

354 1755 578 1848 Συνῳδὰ
602 1779 784 1849 τούτῳ
820 1781 914 1832 καὶ
947 1782 974 1832 ὁ
1008 1781 1110 1848 τῆς
1163 1783 1220 1833 ἐν
1261 1783 1570 1856 Ἀντιοχείᾳ
1607 1785 1650 1855 β’
1680 1786 1851 1857 διορί-

1962 554 2346 623 mysteriorum
2410 557 3041 628 participatiouedignos
3088 579 3211 617 esse
3269 570 3535 630 volentes,

1961 644 2303 711 episcopum,
2345 642 2429 699 vel
2472 648 2874 718 presbyterum,
2902 652 2986 705 vel
3035 653 3345 717 diaconum,
3377 673 3534 713 sacra

1961 728 2280 783 divinorum
2344 735 2729 801 mysteriorum
2767 738 3038 794 oblatione
3102 743 3392 806 celebrata,
3442 750 3537 817 qui

1960 832 2303 874 Sacramenta
2350 823 2472 877 aliis
2533 839 2638 878 non
2713 831 3105 895 communicat,
3176 849 3398 889 causam
3455 838 3540 891 dio

1960 925 2083 964 cere
2103 912 2295 977 iubent
2325 930 2340 970 :
2373 929 2493 983 utne
2517 909 2560 969 si
2586 918 2926 973 rationabilis
2953 921 3134 987 fuerit,
3168 925 3379 979 veniam
3404 942 3538 981 con-

1960 1011 2286 1068 sequantur,
2340 1003 2421 1057 sin
2463 1005 2665 1068 minUs.
2701 1023 3074 1078 segregentur.
3113 1011 3363 1067 Seandali
3390 1018 3535 1067 enim

1959 1092 2368 1160 etsuspiciouis
2418 1095 2679 1148 adversus
2733 1101 3212 1170 sacerdotcm,qui
3268 1107 3536 1177 saeriticia

1957 1182 2154 1234 obtulit
2179 1184 2457 1238 incruenta
2482 1188 2700 1254 populo.
2723 1188 2810 1241 dat
2836 1193 3351 1258 appreliensionem,
3377 1197 3538 1264 quip-
3597 1195 3601 1199 ’

1960 1287 2023 1337 pc
2051 1272 2208 1343 162
2229 1275 2319 1343 qui
2371 1275 2819 1343 impedimentum
2872 1281 3089 1350 aliquod
3123 1284 3168 1336 ci
3194 1288 3359 1342 sciret
3389 1288 3538 1341 ines-

1959 1378 2017 1416 se
2061 1360 2129 1417 ad
2152 1368 2507 1422 sacriﬁcium.
2546 1361 2648 1422 Sed
2680 1384 2820 1422 omni
2842 1385 2865 1426 s
2898 1375 3079 1440 populi
3105 1376 3306 1443 ﬁdeles,
3332 1380 3419 1444 qui
3452 1381 3538 1432 in-

1961 1454 2282 1522 grediuntur
2332 1468 2382 1511 et
2412 1474 2598 1511 sacras
2630 1456 2941 1521 Scripturas
2975 1464 3224 1527 audiunt,
3262 1470 3313 1520 in
3348 1485 3537 1537 preca-

1961 1547 2109 1599 tione
2148 1558 2330 1599 autcm
2361 1556 2411 1599 et
2449 1564 2603 1601 sacra
2641 1566 2739 1601 con
2766 1554 3024 1605 munione
3064 1570 3169 1606 non
3192 1572 3534 1625 permanent,

1960 1644 2219 1704 tanquam
2272 1637 2563 1692 inordinati
2602 1643 3021 1723 participatione
3057 1648 3442 1705 excludantur.

2030 1764 2167 1824 llnic
2198 1786 2440 1825 consona
2508 1773 2749 1829 decernit
2814 1778 2975 1832 etiam
3030 1784 3306 1837 secundus
3346 1788 3533 1839 Antio-

284 1868 459 1931 ζεται.
520 1871 732 1932 Πάντας
758 1848 867 1939 γὰρ
909 1872 1036 1934 τοὺς
1082 1874 1352 1937 είσιόντας
1393 1848 1479 1938 είς
1518 1848 1618 1945 τ’ὴᾴ
1657 1848 1852 1949 ἐκκλη-
1888 1848 1929 1903 Β
1959 1861 2144 1915 ehem”
2203 1864 2417 1932 εἲηυάί·
2500 1864 2702 1920 θηηδθδ
2745 1869 2889 1921 enim
2954 1873 3044 1939 qm
3111 1873 3162 1926 ίη
3245 1876 3529 1931 εεεῘθδῖθηι

284 1963 428 2022 σίαν,
459 1962 552 2012 καὶ
588 1960 697 2013 τῶν
732 1962 893 2031 ἱερῶν
932 1962 1167 2032 Γραφῶν
1195 1966 1509 2030 ὲπαῖοντας,
1555 1967 1628 2037 μὴ
1660 1984 1855 2037 κοινςυο

283 2048 510 2113 νοῦντας
560 2050 617 2104 δὲ
670 2051 769 2129 τῆς
820 2053 985 2123 εὐχῆς
1042 2055 1160 2123 ἅμα
1196 2058 1271 2126 τῷ
1300 2058 1436 2127 λαῷ,
1485 2060 1518 2129 ἢ
1562 2060 1661 2129 τὴν
1695 2060 1856 2128 ἁγίαν

256 2134 590 2210 ’μετάληψιν
638 2145 739 2212 τῆς
796 2143 1164 2214 Εὐχαριστίας
1214 2150 1751 2218 ἀποστρεφομένους,
1796 2152 1857 2215 ἐξ

278 2231 568 2291 αὐθαδείας
606 2230 758 2297 ἴσως,
791 2234 824 2303 ἢ
859 2233 1107 2298 ἀταξίας,
1139 2236 1172 2306 ἢ
1201 2241 1678 2308 περιφρονήσεως,
1711 2243 1854 2293 ἀποο

282 2323 513 2393 sum;
565 2326 663 2393 τῆς
713 2326 1016 2394 ἐκκλησίας
1071 2327 1323 2395 γίνεσθαι
1399 2327 1578 2397 ἀξιοῖ,
1630 2331 1737 2395 ῑως
1788 2331 1855 2385 ἂν

282 2414 533 2483 καρποὺς
567 2417 857 2485 μετανοίας
881 2416 950 2470 δι’
975 2417 1428 2488 ἑξομολογήσεως
1453 2421 1853 2491 ἐπιδειξάμενοι

284 2504 616 2575 συγγνώμης
645 2508 875 2576 τύχωσι.
911 2507 1051 2560 Φασὶ
1089 2508 1148 2562 δέ
1176 2526 1322 2572 τινες
1354 2511 1482 2581 περὶ
1510 2511 1624 2564 τῶν
1655 2514 1857 2583 ἱερατι-

282 2598 397 2651 κῶν
439 2598 548 2652 τῶν
592 2600 651 2651 ιν
700 2600 779 2667 τῷ
810 2598 1019 2669 βήματι
1061 2600 1365 2668 τηνικαῦτα
1423 2603 1855 2672 ἱερουργούντων

279 2692 410 2754 τοὺς
441 2692 671 2754 κανόνας
701 2690 877 2745 ταῦτα
902 2692 1238 2761 νομοθετεῖν,
1278 2694 1375 2747 καὶ
1425 2695 1608 2764 μέντοι
1648 2695 1855 2749 λαῖκῶν

282 2784 391 2835 τῶν
434 2770 519 2852 μή
538 2784 946 2854 περιμενόντων
979 2784 1141 2854 ἄχρις
1174 2785 1241 2839 ἂν
1284 2788 1316 2855 ἡ
1372 2786 1685 2856 μετάληψις
1715 2789 1854 2858 πρὸς

275 2874 392 2928 τῶν
405 2874 571 2939 ἀξίων
592 2876 838 2943 γένηται.
875 2875 1143 2946 Ἐπαχθὲς
1168 2877 1277 2947 γὰρ
1306 2879 1513 2947 σφόδρα
1543 2881 1636 2932 καὶ
1657 2879 1851 2949 βίαιον,

277 2967 693 3034 ἀναγκάζεσθαι
741 2967 951 3029 πάντας
1003 2968 1245 3038 ἑκάστης
1300 2969 1767 3038 μεταλαμὸάνειν,
1818 2970 1851 3040 ἢ

277 3059 661 3130 ἀφορίζεσθαι.
696 3060 821 3121 Πῶς
852 3059 961 3128 γὰρ
1003 3053 1116 3112 οἷόν
1159 3077 1220 3112 τε
1263 3060 1357 3112 τὸν
1404 3061 1463 3112 ὲν
1503 3061 1654 3130 μέσῳ
1693 3078 1853 3129 στρε·

278 3152 538 3221 φόμενον,
576 3154 806 3214 καὶτοῖς
838 3151 933 3204 τοῦ
967 3153 1174 3218 κόσμου
1221 3151 1513 3221 πράγμασι
1551 3153 1850 3223 μολυνόμε-
1876 3175 1920 3236 C

275 3256 392 3304 νον,
428 3240 668 3310 καθαρὸν
696 3242 758 3292 τὸ
791 3241 892 3307 τῆς
935 3239 1116 3311 ψυχῆς
1150 3241 1360 3310 δοχεῖον
1404 3243 1671 3312 παρέχειν
1716 3243 1850 3294 ἑκά-

277 3349 448 3385 στοτε
499 3333 636 3402 πρὸς
670 3333 770 3401 τὴν
798 3333 893 3385 τοῦ
925 3332 1301 3401 πνευματικοῦ
1334 3332 1509 3401 μύρου
1537 3333 1850 3403 ἀποδοχήνς

291 3424 605 3491 Ἀγαπητὸν
649 3422 779 3494 γὰρ,
815 3424 864 3475 εἱ
905 3423 1081 3477 πάντα
1106 3423 1154 3476 τ’
1200 3424 1336 3475 ἄλλα
1374 3423 1618 3493 παριδών
1643 3441 1730 3487 τις
1759 3425 1853 3503 καὶ

276 3514 471 3583 πόρρω
504 3512 749 3580 θέμενος,
787 3514 882 3565 καὶ
931 3513 1029 3566 ἕνα
1075 3512 1271 3566 τοῦτον
1323 3516 1528 3568 σκοπὸν
1579 3516 1853 3585 συστησὰ-

279 3621 467 3672 μενος,
503 3605 746 3673 μηδεμιᾷ
778 3606 822 3658 δ’
859 3605 1024 3676 ἑτέρα
1056 3607 1294 3676 κακίστη
1316 3606 1615 3669 δουλεύσας
1662 3607 1852 3660 ἐπιθυ-

275 3695 405 3765 μίᾳ,
429 3690 549 3748 εἶτα
569 3693 805 3755 δύναιτο,
821 3697 918 3748 σὺν
942 3693 1060 3762 Θεῷ
1083 3694 1481 3764 βοηθῷ,τούτου
1502 3700 1847 3765 κατατυχεῖν.

288 3787 434 3839 Ἀλλ’
463 3786 639 3855 ἔγωγε
666 3782 848 3856 οἶμαι.
878 3790 990 3849 τοῖς
1020 3787 1190 3840 πάλαι
1210 3790 1421 3849 πιστοῖς
1451 3790 1549 3857 οὐχ
1569 3784 1734 3858 ἦττον
1756 3788 1850 3842 τοῦ

276 3878 560 3930 πιστεύειν
608 3877 788 3947 ὀρθῶς
835 3879 893 3929 το
947 3877 1138 3947 βιῶναι
1207 3879 1385 3946 ὀρθῶς
1443 3880 1846 3943 ἐσπουδάζετο·

272 3970 473 4037 τοιγάρ
498 3986 580 4021 τοι
616 3970 715 4022 καὶ
751 3970 925 4021 πολλὰ
961 3968 1070 4022 τῶν
1120 3970 1426 4040 τηνικαῦτα
1468 3972 1581 4034 τοῖς
1630 3971 1851 4023 κανόσιν

275 4062 706 4128 ὲκφωνηθέντων
771 4062 976 4128 ἑτέρως
1024 4062 1057 4130 ἢ
1121 4060 1286 4114 τανῦν
1341 4062 1847 4131 ἔχονταζφαίνεται.

273 4148 436 4202 Οὗτω
469 4152 525 4202 δὲ
551 4151 701 4220 ἡμᾶς
740 4149 803 4200 τὸ
849 4149 1198 4218 ἠμελημένον
1248 4151 1340 4201 καὶ
1376 4150 1567 4202 σκαιὸν
1600 4148 1692 4199 τοῦ
1731 4150 1847 4216 βίου

270 4240 553 4308 διέθηκεν,
582 4240 659 4304 ὡς
692 4240 829 4309 μηδὲ
856 4240 1135 4293 πιστεύειν
1167 4240 1221 4291 ετ
1254 4242 1387 4292 ποτέ
1414 4255 1559 4302 τινες
1583 4243 1664 4300 εἱς
1699 4238 1848 4291 τοῦθ’

270 4326 412 4401 ἧκον
443 4332 644 4401 ἀρετῆς
670 4332 777 4383 τῶν
803 4335 1037 4385 πιστῶν.
1074 4333 1292 4399 Ἀμέλει
1316 4331 1408 4382 καὶ
1433 4332 1588 4398 παρὰ
1616 4331 1844 4395 ταύτην,

270 4416 452 4488 οἶμαι,
480 4421 579 4488 τὴν
605 4418 838 4487 ἀπειλὴν
869 4419 977 4471 τῶν
1027 4419 1187 4472 θείων
1240 4419 1481 4471 κανόνων
1549 4419 1582 4486 ἡ
1629 4417 1725 4471 τοῦ
1754 4422 1847 4470 ἁν-

1957 1953 2339 2021 ingrcdiuutur
2385 1965 2439 2010 et
2481 1973 2665 2012 sacras
2693 1958 3006 2029 Scripturas
3042 1968 3292 2032 audiunt,
3326 1974 3534 2025 orando

1956 2057 2137 2099 autem
2180 2063 2285 2100 una
2326 2065 2449 2102 cum
2508 2053 2710 2120 populo
2773 2071 2877 2108 non
2940 2061 3385 2128 communicant,
3449 2066 3533 2117 vtsl

1955 2146 2200 2193 sanctam
2253 2138 2613 2197 Eucltaristite
2654 2146 3128 2215 participationem
3180 2162 3528 2217 aversantur.

1952 2244 2022 2284 ex
2085 2233 2397 2302 arrogantia
2448 2235 2677 2300 scilicet,
2714 2238 2797 2290 vel
2834 2243 3221 2308 perversitate,
3264 2247 3348 2298 vel
3397 2263 3531 2300 con-

1956 2330 2186 2391 temptu,
2220 2324 2291 2378 ab
2340 2325 2572 2381 ecclesia
2610 2330 2806 2396 expelli
2850 2332 3062 2400 justum
3095 2335 3326 2402 judicat,
3359 2338 3531 2393 donec

1955 2414 2292 2482 panitentiae
2344 2415 2559 2472 fructus
2605 2422 2960 2477 ostendentes
3001 2438 3102 2493 per
3129 2420 3526 2483 confessionem

1953 2504 2168 2574 veniam
2201 2518 2636 2576 consequantur.
2708 2510 2904 2567 Dicunt
2944 2528 3076 2569 vero
3119 2519 3382 2586 quidam,
3434 2537 3527 2575 ca-

1955 2610 2126 2652 nones
2183 2599 2320 2653 istos
2348 2600 2418 2653 de
2446 2602 2849 2669 sacerdotibus,
2903 2609 2997 2675 qui
3030 2617 3163 2664 tunc
3205 2625 3359 2664 sacra
3408 2628 3531 2680 per-

1955 2691 2187 2758 agebant
2242 2691 2355 2746 haec
2390 2692 2676 2761 ordinare,
2734 2708 2792 2751 ut
2835 2707 2889 2750 et
2929 2699 2997 2753 de
3042 2700 3229 2764 laicis,
3273 2705 3365 2770 qui
3419 2720 3526 2758 non

1952 2783 2395 2849 perseverabant,
2456 2785 2631 2840 donec
2656 2791 3062 2845 communionis
3113 2794 3529 2862 participatione

1953 2873 2101 2939 digni
2135 2874 2346 2928 ﬁerent.
2374 2874 2550 2931 Grave
2571 2879 2771 2931 etenim
2809 2881 3104 2936 admodum
3128 2895 3208 2937 est
3238 2894 3291 2938 et
3324 2886 3532 2939 violen-

1955 2971 2065 3016 tum
2090 2965 2419 3033 compellere
2448 2980 2640 3022 omnes
2659 2970 2950 3037 cujuslibet
2972 2976 3375 3029 communionis
3395 2989 3526 3046 par-

1954 3057 2146 3124 ticipes
2191 3056 2305 3110 ﬁeri
2344 3060 2421 3111 vel
2475 3062 2772 3131 segregari.
2835 3065 3120 3128 Quomodo
3191 3067 3339 3120 enim
3411 3069 3524 3124 ﬁeri

1953 3156 2152 3217 potest,
2215 3158 2275 3203 ut
2326 3152 2419 3218 qui
2466 3152 2518 3204 in
2575 3153 2754 3207 med-io
2789 3164 3038 3211 versatus
3078 3168 3181 3221 est,
3237 3169 3293 3213 et
3346 3175 3522 3214 smun-

1958 3238 2165 3292 Iaribus
2241 3242 2651 3297 contaminatus
2729 3249 2984 3313 negotiis,
3054 3264 3250 3318 purum
3306 3264 3527 3320 semper

1955 3328 2155 3381 habeat
2183 3329 2379 3382 animae
2448 3332 2853 3399 receptaculum
2927 3334 2994 3387 ad
3054 3337 3357 3404 spiritualis
3419 3352 3523 3390 un-

1955 3420 2140 3486 guenti
2172 3420 2573 3486 receptioncm?
2600 3422 2895 3478 Pulchrum
2914 3435 3096 3480 autem
3126 3427 3287 3486 foret.
3325 3429 3367 3481 si
3401 3432 3523 3497 quis

1952 3510 2135 3562 omnia
2191 3510 2295 3562 alia
2367 3513 2664 3580 negligeret
2751 3525 2805 3567 et
2859 3519 3047 3582 procul
3111 3530 3410 3582 amoveret,
3460 3537 3524 3573 ac

1953 3600 2098 3654 hunc
2129 3616 2296 3653 unum
2333 3616 2561 3670 secpum
2612 3605 2713 3657 sibi
2754 3617 3102 3674 proponeret,
3179 3620 3234 3663 et
3268 3612 3397 3663 nulli
3431 3613 3519 3662 alii

1953 3693 2158 3760 iniquae
2205 3695 2494 3749 inserviret
2528 3698 2833 3764 cupiditati,
2890 3706 2945 3751 ut
3001 3709 3206 3766 posset,
3264 3700 3375 3755 Deo
3424 3717 3525 3755 au—

1951 3782 2142 3835 xilium
2176 3784 2473 3851 praebente,
2504 3785 2638 3839 illud
2668 3787 2949 3854 consequi.
2991 3790 3101 3859 Ego
3141 3790 3358 3858 quidem
3410 3793 3525 3844 exi-

1949 3874 2135 3935 stimo,
2190 3874 2333 3940 quod
2369 3873 2552 3929 ﬁdeles
2586 3876 2716 3930 olim
2749 3892 2853 3930 non
2889 3880 3071 3933 minus
3103 3891 3247 3934 recte
3299 3880 3523 3947 credere

1950 3978 2113 4030 quam
2177 3973 2327 4018 recte
2389 3966 2569 4021 vivere
2646 3968 3006 4021 studebant:
3057 3984 3180 4022 nam
3256 3984 3518 4038 .apparet,

1948 4070 2112 4121 quam
2146 4055 2400 4122 plurima,
2433 4071 2553 4125 quae
2583 4066 2713 4111 tunc
2742 4059 3044 4112 canonibus
3096 4060 3240 4113 edita
3276 4060 3514 4119 fuerunt,

1950 4142 2107 4197 aliter
2142 4160 2201 4199 se
2234 4146 2464 4211 habere,
2514 4161 2676 4215 quam
2714 4163 2879 4200 nunc.
2922 4148 3038 4202 Vita
3112 4158 3292 4203 autem
3348 4153 3519 4218 negli-
3610 4150 3618 4159 '

1947 4248 2079 4299 gens
2108 4243 2163 4286 et
2185 4235 2378 4289 stolida
2404 4237 2488 4301 ,ita
2518 4253 2615 4291 nos
2638 4238 2924 4305 disposuit,
2954 4248 3011 4291 ut
3041 4255 3214 4307 neque
3235 4241 3518 4297 credamus

1947 4327 2164 4393 aliquos
2200 4327 2384 4381 ﬁdeles
2422 4328 2492 4382 ad
2520 4337 2727 4382 tantum
2763 4331 2979 4384 virtutis
3032 4345 3274 4398 unquam
3328 4348 3517 4400 perve-

1948 4419 2116 4472 nisse.
2145 4418 2214 4471 At
2265 4430 2462 4487 praeter
2505 4422 2605 4473 bas
2639 4421 2965 4477 divinorum,
3007 4437 3280 4475 canonum
3336 4425 3515 4478 minas

270 4511 505 4580 τιδώρου
534 4512 805 4580 ἐπενοήθη
833 4512 1087 4581 διανομὴ.
1118 4512 1262 4565 ὥστε
1293 4513 1475 4565 πᾶσαν
1504 4508 1648 4566 εἶναι
1678 4513 1844 4581 ἀνάγ·

1952 4509 2200 4563 existimo
2245 4510 2479 4563 antidori
2535 4511 2973 4565 distributionem
3034 4512 3514 4583 habitantiuisse;

269 4617 380 4668 κην
398 4600 618 4663 καὶτοῖς
644 4603 720 4670 μὴ
748 4602 1065 4670 δυναμένοις
1089 4602 1199 4656 τῶν
1222 4603 1504 4665 ζωοποιῶν
1530 4603 1844 4672 μυστηρίων

273 4690 532 4758 μετέχειν
587 4693 918 4760 προσμένειν
951 4695 1013 4745 τὸ
1076 4693 1229 4753 τέλος
1282 4694 1384 4761 τῆς
1436 4693 1588 4754 θείας
1646 4695 1847 4763 tepore-

270 4781 517 4846 λεστίας,
537 4782 612 4843 ὡς
642 4781 711 4835 ἂν
741 4784 805 4834 ὲκ
834 4785 1023 4852 χειρὸς
1045 4781 1145 4835 τοῦ
1183 4783 1374 4852 ἱερέως
1404 4784 1538 4851 πρὸς
1573 4783 1847 4852 ἁγιασμὸν

270 4869 414 4924 αὐτὸ
458 4870 696 4923 λάϐοιεν.
729 4872 892 4941 Ζήτει
921 4873 1017 4924 καὶ
1048 4874 1108 4923 ὲν
1135 4872 1214 4941 τῷ
1239 4869 1282 4935 ζ’
1315 4889 1442 4940 κεφ.
1477 4872 1573 4926 τοῦ
1611 4874 1657 4927 Π
1702 4891 1848 4927 στοι-

268 4964 426 5033 χείου
462 4966 663 5019 κανόνα
698 4966 788 5030 ξς¹
817 4967 916 5035 τῆς
949 4966 1005 5029 ς’
1039 4967 1281 5021 συνόδου.

359 5183 419 5237 Ὀ
468 5185 523 5236 δὲ
568 5184 620 5237 π’
666 5184 873 5255 ταύτης
949 5188 1074 5250 τοὺς
1123 5189 1180 5239 ἐν
1231 5189 1295 5256 τῇ
1354 5188 1507 5240 πόλει
1561 5188 1844 5255 διάγοντας

271 5277 609 5336 ἐπισκόπους
642 5278 735 5329 καὶ
770 5278 1196 5349 πρεσϐυτέρους,
1227 5280 1321 5333 καὶ
1352 5281 1429 5341 εἰς
1453 5282 1600 5349 τρεῖς
1637 5281 1845 5347 Κυρια-
1902 5299 1907 5303 ν

272 5365 383 5428 κάς
439 5368 495 5417 ὲν
580 5368 758 5433 τρισὶν
816 5367 1074 5437 ἑϐδομάσι
1145 5369 1244 5436 τῆς
1310 5369 1490 5421 αὐτῶν
1546 5369 1843 5437 ἐκκλησίας

273 5456 711 5524 ἀπολειφθέντας
751 5456 975 5527 βαρείας
1005 5460 1138 5511 ἄνευ
1191 5459 1461 5528 ἀνάγκης,
1515 5457 1595 5511 ἔτι
1645 5460 1699 5511 δὲ
1752 5460 1844 5511 καὶ

269 5546 404 5608 τοὺς
432 5547 505 5615 μὴ
541 5551 972 5616 συνερχομένους
997 5552 1111 5611 τοῖς
1144 5553 1356 5613 πιστοῖς
1386 5549 1608 5611 λαῖκοὺς
1635 5551 1716 5612 εἰς
1742 5550 1844 5618 τὴν

269 5638 590 5706 ἐκκλησίαν,
636 5640 731 5692 καὶ
763 5640 870 5691 τῶν
932 5641 1107 5709 εὐχῶν
1137 5642 1212 5713 μὴ
1258 5642 1675 5704 κοινωνοῦντας,
1726 5643 1843 5694 ἀλλ’

270 5730 359 5792 εἱς
391 5731 537 5798 τρεῖς
570 5731 854 5801 Κυριακὰς
881 5730 977 5783 καὶ
1000 5732 1196 5794 αὐτοὺς
1238 5733 1650 5801 ὕστερίσαντας,
1693 5735 1841 5786 ἑκεί-

1902 4644 1913 4649 -
1955 4608 2011 4652 ιιι
2039 4600 2266 4654 omnino
2303 4615 2526 4655 necesse
2556 4601 2719 4655 fuerit
2746 4602 2816 4656 iis
2863 4602 2954 4670 qui
3010 4604 3347 4658 viviﬁcorum
3397 4622 3515 4675 iny-

1949 4692 2240 4746 steriorum
2301 4694 2590 4762 participes
2636 4708 2757 4748 esse
2799 4708 2907 4748 non
2968 4699 3266 4762 potuerint,
3314 4697 3379 4750 ad
3435 4698 3516 4749 di-

1949 4784 2059 4836 vini
2118 4784 2374 4837 sacriﬁcii
2437 4785 2596 4838 linem
2634 4799 2856 4839 manere
2883 4823 2898 4847 ,
2935 4796 2995 4838 ut
3025 4800 3094 4838 ex
3126 4802 3289 4840 manu
3329 4802 3515 4841 sacer-

1947 4874 2092 4928 dotis
2164 4874 2295 4929 illud
2340 4875 2405 4928 ad
2465 4874 2946 4929 sanctiﬁcationem
3016 4878 3344 4945 acciperent.
3378 4877 3514 4936 Vide

1949 4976 2003 5021 et
2036 4967 2086 5017 in
2118 4966 2349 5035 septimo
2377 4967 2557 5034 capite
2590 4966 2784 5020 litterae
2849 4966 2894 5018 II
2924 4980 3192 5023 canonem
3240 4968 3309 5025 66
3342 4985 3397 5027 vr
3423 4984 3513 5041 sy-

1950 5059 2102 5112 ποθὶ

2019 5174 2390 5259 Octoizesimus
2421 5213 2551 5252 vero
2609 5196 2851 5265 ejusdem
2891 5198 3178 5269 episcopos
3208 5197 3262 5252 in
3295 5200 3512 5254 civitate

1948 5287 2226 5356 degentes,
2277 5299 2331 5341 et
2376 5277 2743 5359 presbyteros,
2775 5290 2821 5342 si
2870 5290 3043 5344 tribus
3091 5292 3282 5347 diebus
3326 5293 3513 5346 Domi-

1949 5380 2085 5433 nicis
2124 5379 2176 5431 in
2225 5380 2400 5432 tribus
2451 5379 2768 5448 septimanis
2820 5379 2889 5434 ab
2917 5381 3146 5436 ecclesia
3197 5400 3291 5438 sua
3327 5385 3513 5436 abluv-

1949 5473 2057 5523 rint
2109 5471 2315 5539 absque
2356 5472 2507 5540 gravi
2574 5472 2942 5539 necessitate;
2991 5489 3149 5543 porro
3202 5482 3256 5528 et
3319 5475 3508 5538 laicus,

1946 5561 2126 5630 quiin
2207 5561 2494 5616 ecclesiam
2542 5578 2664 5615 cum
2746 5562 2996 5617 ﬁdelibus
3087 5578 3194 5618 non
3246 5581 3514 5618 convene-

1948 5652 2076 5713 rint,
2131 5659 2184 5703 et
2267 5644 2519 5718 precibus
2594 5667 2697 5705 non
2778 5654 3345 5721 communicavcrint;
3415 5650 3509 5709 scil

1951 5741 2695 5821 tribu-satiiebusulgominicis
2756 5742 3051 5799 defecerint
3084 5762 3098 5812 ;
3133 5746 3255 5799 illos
3289 5747 3508 5816 quidem
