  <div class='ocr_page' id='page_1' title='image "/cluster/home/n/w/nwhite01/storage/ocr_20150623/144:no.2/coo.31924054870492/696.png"; bbox 0 0 4054 6440; ppageno 0'>
   <div class='ocr_carea' id='block_1_1' title="bbox 366 380 499 447">
    <p class='ocr_par' dir='ltr' id='par_1_1' title="bbox 366 380 499 447">
     <span class='ocr_line' id='line_1_1' title="bbox 366 380 499 447; baseline -0.008 0"><span class='ocrx_word' id='word_1_1' title='bbox 366 380 499 447; x_wconf 78' lang='grc'><strong>1381</strong></span> 
     </span>
    </p>
   </div>
   <div class='ocr_carea' id='block_1_2' title="bbox 1387 375 2649 451">
    <p class='ocr_par' dir='ltr' id='par_1_2' title="bbox 1387 375 2649 451">
     <span class='ocr_line' id='line_1_2' title="bbox 1387 375 2649 451; baseline 0.004 -5"><span class='ocrx_word' id='word_1_2' title='bbox 1387 375 1795 447; x_wconf 69' lang='lat' dir='ltr'><strong>srmem</strong></span> <span class='ocrx_word' id='word_1_3' title='bbox 1821 386 2449 448; x_wconf 63' lang='lat' dir='ltr'><strong>ALPHsBsTICUM.</strong></span> <span class='ocrx_word' id='word_1_4' title='bbox 2477 414 2543 426; x_wconf 90' lang='lat'><strong>-</strong></span> <span class='ocrx_word' id='word_1_5' title='bbox 2579 391 2649 451; x_wconf 90' lang='lat' dir='ltr'><strong>K.</strong></span> 
     </span>
    </p>
   </div>
   <div class='ocr_carea' id='block_1_3' title="bbox 3495 394 3630 460">
    <p class='ocr_par' dir='ltr' id='par_1_3' title="bbox 3495 394 3630 460">
     <span class='ocr_line' id='line_1_3' title="bbox 3495 394 3630 460; baseline -0.03 0"><span class='ocrx_word' id='word_1_6' title='bbox 3495 394 3630 460; x_wconf 78' lang='lat'><strong>1382</strong></span> 
     </span>
    </p>
   </div>
   <div class='ocr_carea' id='block_1_4' title="bbox 365 495 1937 569">
    <p class='ocr_par' dir='ltr' id='par_1_4' title="bbox 365 495 1937 569">
     <span class='ocr_line' id='line_1_4' title="bbox 365 495 1937 569; baseline -0.001 -20"><span class='ocrx_word' id='word_1_7' title='bbox 365 495 576 566; x_wconf 75' lang='grc' dir='ltr'>τηθεὶς,</span> <span class='ocrx_word' id='word_1_8' title='bbox 636 496 684 548; x_wconf 86' lang='grc' dir='ltr'><strong>εἱ</strong></span> <span class='ocrx_word' id='word_1_9' title='bbox 733 495 1033 565; x_wconf 80' lang='grc' dir='ltr'><strong>τολμητέον</strong></span> <span class='ocrx_word' id='word_1_10' title='bbox 1084 496 1367 567; x_wconf 83' lang='grc' dir='ltr'><strong>προσιέναι</strong></span> <span class='ocrx_word' id='word_1_11' title='bbox 1423 500 1487 569; x_wconf 83' lang='grc' dir='ltr'>τῇ</span> <span class='ocrx_word' id='word_1_12' title='bbox 1545 496 1803 565; x_wconf 74' lang='grc' dir='ltr'><strong>κοινωνίᾳ</strong></span> <span class='ocrx_word' id='word_1_13' title='bbox 1849 496 1937 548; x_wconf 68' lang='grc' dir='ltr'><strong>τὸν</strong></span> 
     </span>
    </p>
   </div>
   <div class='ocr_carea' id='block_1_5' title="bbox 2038 495 3624 569">
    <p class='ocr_par' dir='ltr' id='par_1_5' title="bbox 2045 500 3624 569">
     <span class='ocr_line' id='line_1_5' title="bbox 2045 500 3624 569; baseline 0.004 -18"><span class='ocrx_word' id='word_1_14' title='bbox 2045 512 2114 551; x_wconf 86' lang='lat' dir='ltr'><strong>an</strong></span> <span class='ocrx_word' id='word_1_15' title='bbox 2142 506 2394 566; x_wconf 87' lang='lat' dir='ltr'><strong>oporteat</strong></span> <span class='ocrx_word' id='word_1_16' title='bbox 2436 515 2652 554; x_wconf 89' lang='lat' dir='ltr'><strong>sommo</strong></span> <span class='ocrx_word' id='word_1_17' title='bbox 2681 500 2945 569; x_wconf 87' lang='lat' dir='ltr'><strong>pollutum</strong></span> <span class='ocrx_word' id='word_1_18' title='bbox 2979 503 3033 556; x_wconf 88' lang='lat' dir='ltr'><strong>in</strong></span> <span class='ocrx_word' id='word_1_19' title='bbox 3061 503 3499 558; x_wconf 82' lang='lat' dir='ltr'><strong>communionem</strong></span> <span class='ocrx_word' id='word_1_20' title='bbox 3528 508 3624 558; x_wconf 68' lang='grc' dir='ltr'>σάς</span> 
     </span>
    </p>
   </div>
   <div class='ocr_carea' id='block_1_6' title="bbox 361 586 1937 659">
    <p class='ocr_par' dir='ltr' id='par_1_6' title="bbox 361 586 1937 659">
     <span class='ocr_line' id='line_1_6' title="bbox 361 586 1937 659; baseline 0.001 -21"><span class='ocrx_word' id='word_1_21' title='bbox 361 586 751 656; x_wconf 81' lang='grc' dir='ltr'>όνειρώξαντα,</span> <span class='ocrx_word' id='word_1_22' title='bbox 775 587 1134 657; x_wconf 81' lang='grc' dir='ltr'>ἀπεκρίνατο·</span> <span class='ocrx_word' id='word_1_23' title='bbox 1158 588 1231 642; x_wconf 84' lang='grc' dir='ltr'>Τὸ</span> <span class='ocrx_word' id='word_1_24' title='bbox 1249 591 1307 642; x_wconf 90' lang='grc' dir='ltr'><strong>ἐν</strong></span> <span class='ocrx_word' id='word_1_25' title='bbox 1329 587 1640 659; x_wconf 81' lang='grc' dir='ltr'>ἀκαθαρσίᾳ</span> <span class='ocrx_word' id='word_1_26' title='bbox 1661 587 1788 641; x_wconf 78' lang='grc' dir='ltr'>ὄντα</span> <span class='ocrx_word' id='word_1_27' title='bbox 1815 589 1937 641; x_wconf 82' lang='grc' dir='ltr'>τινὰ</span> 
     </span>
    </p>
   </div>
   <div class='ocr_carea' id='block_1_7' title="bbox 361 676 1936 748">
    <p class='ocr_par' dir='ltr' id='par_1_7' title="bbox 361 676 1936 748">
     <span class='ocr_line' id='line_1_7' title="bbox 361 676 1936 748; baseline 0.002 -19"><span class='ocrx_word' id='word_1_28' title='bbox 361 676 606 744; x_wconf 76' lang='grc' dir='ltr'><strong>ἐγγίζειν</strong></span> <span class='ocrx_word' id='word_1_29' title='bbox 638 680 749 740; x_wconf 78' lang='grc' dir='ltr'>τοῖς</span> <span class='ocrx_word' id='word_1_30' title='bbox 779 678 979 747; x_wconf 83' lang='grc' dir='ltr'>ἁγίοις,</span> <span class='ocrx_word' id='word_1_31' title='bbox 1013 680 1107 732; x_wconf 70' lang='grc' dir='ltr'>καὶ</span> <span class='ocrx_word' id='word_1_32' title='bbox 1140 681 1204 733; x_wconf 88' lang='grc' dir='ltr'><strong>ἐκ</strong></span> <span class='ocrx_word' id='word_1_33' title='bbox 1237 678 1336 747; x_wconf 86' lang='grc' dir='ltr'>τῆς</span> <span class='ocrx_word' id='word_1_34' title='bbox 1386 678 1622 741; x_wconf 79' lang='grc' dir='ltr'>παλαιᾶς</span> <span class='ocrx_word' id='word_1_35' title='bbox 1660 678 1936 748; x_wconf 75' lang='grc' dir='ltr'>Διαθηκης</span> 
     </span>
    </p>
   </div>
   <div class='ocr_carea' id='block_1_8' title="bbox 360 767 1937 840">
    <p class='ocr_par' dir='ltr' id='par_1_8' title="bbox 360 767 1937 840">
     <span class='ocr_line' id='line_1_8' title="bbox 360 767 1937 840; baseline 0.001 -20"><span class='ocrx_word' id='word_1_36' title='bbox 360 767 598 836; x_wconf 80' lang='grc' dir='ltr'>φοϐερὸν</span> <span class='ocrx_word' id='word_1_37' title='bbox 629 769 1000 840; x_wconf 70' lang='grc' dir='ltr'><strong>διδασκόμεθα.</strong></span> <span class='ocrx_word' id='word_1_38' title='bbox 1055 770 1115 823; x_wconf 81' lang='grc' dir='ltr'><strong>τὸ</strong></span> <span class='ocrx_word' id='word_1_39' title='bbox 1162 770 1362 840; x_wconf 78' lang='grc' dir='ltr'>κρῖμα·</span> <span class='ocrx_word' id='word_1_40' title='bbox 1420 771 1470 823; x_wconf 91' lang='grc' dir='ltr'><strong>εἱ</strong></span> <span class='ocrx_word' id='word_1_41' title='bbox 1518 768 1577 821; x_wconf 86' lang='grc' dir='ltr'><strong>δέ</strong></span> <span class='ocrx_word' id='word_1_42' title='bbox 1622 770 1806 823; x_wconf 82' lang='grc' dir='ltr'>πλεῖον</span> <span class='ocrx_word' id='word_1_43' title='bbox 1843 769 1937 821; x_wconf 78' lang='grc' dir='ltr'>τοῦ</span> 
     </span>
    </p>
   </div>
   <div class='ocr_carea' id='block_1_9' title="bbox 360 853 1937 937">
    <p class='ocr_par' dir='ltr' id='par_1_9' title="bbox 360 853 1937 937">
     <span class='ocr_line' id='line_1_9' title="bbox 360 853 1937 937; baseline 0.001 -25"><span class='ocrx_word' id='word_1_44' title='bbox 360 854 515 930; x_wconf 77' lang='grc' dir='ltr'>ίεροῦ</span> <span class='ocrx_word' id='word_1_45' title='bbox 542 853 668 937; x_wconf 49' lang='lat' dir='ltr'><strong>ibas,</strong></span> <span class='ocrx_word' id='word_1_46' title='bbox 715 861 1099 932; x_wconf 88' lang='grc' dir='ltr'>φοϐερώτερον</span> <span class='ocrx_word' id='word_1_47' title='bbox 1130 863 1378 933; x_wconf 87' lang='grc' dir='ltr'>δηλονότι</span> <span class='ocrx_word' id='word_1_48' title='bbox 1417 861 1700 917; x_wconf 78' lang='grc' dir='ltr'><strong>παιδεύσει</strong></span> <span class='ocrx_word' id='word_1_49' title='bbox 1733 863 1880 932; x_wconf 76' lang='grc' dir='ltr'>ἡμᾶς</span> <span class='ocrx_word' id='word_1_50' title='bbox 1911 863 1937 912; x_wconf 85' lang='grc' dir='ltr'>ὁ</span> 
     </span>
    </p>
   </div>
   <div class='ocr_carea' id='block_1_10' title="bbox 374 950 1939 1019">
    <p class='ocr_par' dir='ltr' id='par_1_10' title="bbox 374 950 1939 1019">
     <span class='ocr_line' id='line_1_10' title="bbox 374 950 1939 1019; baseline -0.001 -13"><span class='ocrx_word' id='word_1_51' title='bbox 374 954 722 1018; x_wconf 84' lang='grc' dir='ltr'>Ἀπόστολος,</span> <span class='ocrx_word' id='word_1_52' title='bbox 752 955 952 1008; x_wconf 72' lang='grc' dir='ltr'>εἰπών’</span> <span class='ocrx_word' id='word_1_53' title='bbox 994 950 1096 1008; x_wconf 66' lang='grc' dir='ltr'><strong>ἀό</strong></span> <span class='ocrx_word' id='word_1_54' title='bbox 1129 955 1327 1009; x_wconf 79' lang='grc' dir='ltr'><strong>ἐσθίων</strong></span> <span class='ocrx_word' id='word_1_55' title='bbox 1353 957 1449 1009; x_wconf 83' lang='grc' dir='ltr'><strong>καὶ</strong></span> <span class='ocrx_word' id='word_1_56' title='bbox 1481 956 1652 1009; x_wconf 88' lang='grc' dir='ltr'>πίνων</span> <span class='ocrx_word' id='word_1_57' title='bbox 1699 954 1939 1019; x_wconf 75' lang='grc' dir='ltr'><strong>ἀναξίως</strong></span> 
     </span>
    </p>
   </div>
   <div class='ocr_carea' id='block_1_11' title="bbox 360 1042 1940 1115">
    <p class='ocr_par' dir='ltr' id='par_1_11' title="bbox 360 1042 1940 1115">
     <span class='ocr_line' id='line_1_11' title="bbox 360 1042 1940 1115; baseline 0.001 -19"><span class='ocrx_word' id='word_1_58' title='bbox 360 1045 538 1114; x_wconf 82' lang='grc' dir='ltr'>κρῖμα</span> <span class='ocrx_word' id='word_1_59' title='bbox 557 1042 726 1097; x_wconf 78' lang='grc' dir='ltr'>ἐσθίει</span> <span class='ocrx_word' id='word_1_60' title='bbox 745 1046 844 1099; x_wconf 72' lang='grc' dir='ltr'><strong>καῖ</strong></span> <span class='ocrx_word' id='word_1_61' title='bbox 858 1044 1025 1099; x_wconf 81' lang='grc' dir='ltr'><strong>πίνει.</strong></span> <span class='ocrx_word' id='word_1_62' title='bbox 1056 1065 1073 1098; x_wconf 78' lang='grc' dir='ltr'><strong>ι</strong></span> <span class='ocrx_word' id='word_1_63' title='bbox 1096 1044 1468 1115; x_wconf 80' lang='grc' dir='ltr'>Ἀκαθαρσίαν</span> <span class='ocrx_word' id='word_1_64' title='bbox 1498 1045 1556 1098; x_wconf 85' lang='grc' dir='ltr'><strong>δέ</strong></span> <span class='ocrx_word' id='word_1_65' title='bbox 1584 1046 1870 1114; x_wconf 80' lang='grc' dir='ltr'>ὠνόμασεν</span> <span class='ocrx_word' id='word_1_66' title='bbox 1912 1047 1940 1096; x_wconf 82' lang='grc' dir='ltr'><strong>ὁ</strong></span> 
     </span>
    </p>
   </div>
   <div class='ocr_carea' id='block_1_12' title="bbox 359 1136 1936 1208">
    <p class='ocr_par' dir='ltr' id='par_1_12' title="bbox 359 1136 1936 1208">
     <span class='ocr_line' id='line_1_12' title="bbox 359 1136 1936 1208; baseline 0.001 -20"><span class='ocrx_word' id='word_1_67' title='bbox 359 1136 536 1202; x_wconf 77' lang='grc' dir='ltr'>ἅγιος,</span> <span class='ocrx_word' id='word_1_68' title='bbox 564 1136 624 1187; x_wconf 80' lang='grc' dir='ltr'><strong>ού</strong></span> <span class='ocrx_word' id='word_1_69' title='bbox 663 1137 759 1203; x_wconf 76' lang='grc' dir='ltr'>τὴν</span> <span class='ocrx_word' id='word_1_70' title='bbox 795 1137 1178 1207; x_wconf 78' lang='grc' dir='ltr'>σπερματικὴν</span> <span class='ocrx_word' id='word_1_71' title='bbox 1208 1138 1478 1207; x_wconf 76' lang='grc' dir='ltr'>ἔκκρισιν,</span> <span class='ocrx_word' id='word_1_72' title='bbox 1514 1141 1579 1208; x_wconf 74' lang='grc' dir='ltr'>ἢν</span> <span class='ocrx_word' id='word_1_73' title='bbox 1613 1139 1715 1192; x_wconf 81' lang='grc' dir='ltr'>οὐκ</span> <span class='ocrx_word' id='word_1_74' title='bbox 1746 1139 1811 1192; x_wconf 79' lang='grc' dir='ltr'>ἄν</span> <span class='ocrx_word' id='word_1_75' title='bbox 1834 1155 1936 1200; x_wconf 84' lang='grc' dir='ltr'>τις,</span> 
     </span>
    </p>
   </div>
   <div class='ocr_carea' id='block_1_13' title="bbox 357 1223 1936 1299">
    <p class='ocr_par' dir='ltr' id='par_1_13' title="bbox 357 1223 1936 1299">
     <span class='ocr_line' id='line_1_13' title="bbox 357 1223 1936 1299; baseline 0.001 -22"><span class='ocrx_word' id='word_1_76' title='bbox 357 1223 536 1293; x_wconf 74' lang='grc' dir='ltr'>οἶμαι,</span> <span class='ocrx_word' id='word_1_77' title='bbox 567 1228 656 1279; x_wconf 81' lang='grc' dir='ltr'><strong>διά</strong></span> <span class='ocrx_word' id='word_1_78' title='bbox 673 1226 861 1295; x_wconf 72' lang='grc' dir='ltr'>τέλους</span> <span class='ocrx_word' id='word_1_79' title='bbox 882 1227 1226 1298; x_wconf 82' lang='grc' dir='ltr'>ἐκφεύξεται,</span> <span class='ocrx_word' id='word_1_80' title='bbox 1246 1229 1295 1281; x_wconf 88' lang='grc' dir='ltr'><strong>εἱ</strong></span> <span class='ocrx_word' id='word_1_81' title='bbox 1322 1229 1502 1299; x_wconf 83' lang='grc' dir='ltr'>μήπου</span> <span class='ocrx_word' id='word_1_82' title='bbox 1527 1228 1714 1291; x_wconf 79' lang='grc' dir='ltr'>δεινῶς</span> <span class='ocrx_word' id='word_1_83' title='bbox 1730 1226 1936 1297; x_wconf 78' lang='grc' dir='ltr'>ηλίθιος</span> 
     </span>
    </p>
   </div>
   <div class='ocr_carea' id='block_1_14' title="bbox 357 1315 1933 1390">
    <p class='ocr_par' dir='ltr' id='par_1_14' title="bbox 357 1315 1933 1390">
     <span class='ocr_line' id='line_1_14' title="bbox 357 1315 1933 1390; baseline 0 -22"><span class='ocrx_word' id='word_1_84' title='bbox 357 1318 469 1385; x_wconf 87' lang='grc' dir='ltr'>εῐη,</span> <span class='ocrx_word' id='word_1_85' title='bbox 497 1317 637 1369; x_wconf 86' lang='grc' dir='ltr'><strong>άλλά</strong></span> <span class='ocrx_word' id='word_1_86' title='bbox 659 1319 758 1388; x_wconf 78' lang='grc' dir='ltr'>τὴν</span> <span class='ocrx_word' id='word_1_87' title='bbox 786 1321 1035 1388; x_wconf 79' lang='grc' dir='ltr'>πονηράν</span> <span class='ocrx_word' id='word_1_88' title='bbox 1066 1319 1386 1389; x_wconf 81' lang='grc' dir='ltr'>ἐπιθυμίαν,</span> <span class='ocrx_word' id='word_1_89' title='bbox 1409 1321 1562 1390; x_wconf 76' lang='grc' dir='ltr'>(περὶ</span> <span class='ocrx_word' id='word_1_90' title='bbox 1581 1315 1650 1390; x_wconf 85' lang='grc' dir='ltr'>ἦς</span> <span class='ocrx_word' id='word_1_91' title='bbox 1676 1322 1703 1372; x_wconf 84' lang='grc' dir='ltr'>ὁ</span> <span class='ocrx_word' id='word_1_92' title='bbox 1727 1318 1933 1390; x_wconf 79' lang='grc' dir='ltr'>Κύριος</span> 
     </span>
    </p>
   </div>
   <div class='ocr_carea' id='block_1_15' title="bbox 360 1405 1939 1480">
    <p class='ocr_par' dir='ltr' id='par_1_15' title="bbox 360 1405 1939 1480">
     <span class='ocr_line' id='line_1_15' title="bbox 360 1405 1939 1480; baseline 0 -19"><span class='ocrx_word' id='word_1_93' title='bbox 360 1409 569 1478; x_wconf 70' lang='grc' dir='ltr'>ἔφησεν</span> <span class='ocrx_word' id='word_1_94' title='bbox 592 1428 637 1474; x_wconf 87' lang='grc' dir='ltr'><strong>,ι</strong></span> <span class='ocrx_word' id='word_1_95' title='bbox 676 1409 735 1461; x_wconf 83' lang='lat'><strong>&#39;0</strong></span> <span class='ocrx_word' id='word_1_96' title='bbox 777 1410 1056 1478; x_wconf 64' lang='grc' dir='ltr'>ἐμϐλέψας</span> <span class='ocrx_word' id='word_1_97' title='bbox 1086 1411 1331 1478; x_wconf 75' lang='grc' dir='ltr'>γυναικὶ,</span> <span class='ocrx_word' id='word_1_98' title='bbox 1366 1431 1385 1464; x_wconf 81' lang='grc' dir='ltr'><strong>ι</strong></span> <span class='ocrx_word' id='word_1_99' title='bbox 1421 1414 1515 1464; x_wconf 84' lang='grc' dir='ltr'>καὶ</span> <span class='ocrx_word' id='word_1_100' title='bbox 1544 1413 1614 1464; x_wconf 86' lang='grc' dir='ltr'><strong>τά</strong></span> <span class='ocrx_word' id='word_1_101' title='bbox 1669 1408 1845 1480; x_wconf 73' lang='grc' dir='ltr'>ἐξῆς,)</span> <span class='ocrx_word' id='word_1_102' title='bbox 1876 1405 1939 1480; x_wconf 74' lang='grc' dir='ltr'><strong>ἦε</strong></span> 
     </span>
    </p>
   </div>
   <div class='ocr_carea' id='block_1_16' title="bbox 361 1502 1943 1574">
    <p class='ocr_par' dir='ltr' id='par_1_16' title="bbox 361 1502 1943 1574">
     <span class='ocr_line' id='line_1_16' title="bbox 361 1502 1943 1574; baseline 0.001 -20"><span class='ocrx_word' id='word_1_103' title='bbox 361 1502 699 1573; x_wconf 70' lang='grc' dir='ltr'>ἡγουμένης.</span> <span class='ocrx_word' id='word_1_104' title='bbox 726 1503 763 1572; x_wconf 74' lang='grc' dir='ltr'>ἦ</span> <span class='ocrx_word' id='word_1_105' title='bbox 801 1520 861 1556; x_wconf 89' lang='grc' dir='ltr'><strong>τε</strong></span> <span class='ocrx_word' id='word_1_106' title='bbox 905 1505 1047 1557; x_wconf 73' lang='grc' dir='ltr'>κατὰ</span> <span class='ocrx_word' id='word_1_107' title='bbox 1094 1503 1338 1557; x_wconf 79' lang='grc' dir='ltr'>διάνοιαν</span> <span class='ocrx_word' id='word_1_108' title='bbox 1386 1503 1631 1574; x_wconf 78' lang='grc' dir='ltr'>ἁμαρτία</span> <span class='ocrx_word' id='word_1_109' title='bbox 1677 1504 1767 1556; x_wconf 69' lang='grc' dir='ltr'>διὰ</span> <span class='ocrx_word' id='word_1_110' title='bbox 1813 1521 1943 1570; x_wconf 76' lang='grc' dir='ltr'>συγ-</span> 
     </span>
    </p>
   </div>
   <div class='ocr_carea' id='block_1_17' title="bbox 358 1591 1941 1664">
    <p class='ocr_par' dir='ltr' id='par_1_17' title="bbox 358 1591 1941 1664">
     <span class='ocr_line' id='line_1_17' title="bbox 358 1591 1941 1664; baseline 0.002 -21"><span class='ocrx_word' id='word_1_111' title='bbox 358 1591 711 1654; x_wconf 79' lang='grc' dir='ltr'>καταθέσεως</span> <span class='ocrx_word' id='word_1_112' title='bbox 741 1593 997 1657; x_wconf 84' lang='grc' dir='ltr'>τελεῖται,</span> <span class='ocrx_word' id='word_1_113' title='bbox 1020 1596 1113 1648; x_wconf 73' lang='grc' dir='ltr'>καὶ</span> <span class='ocrx_word' id='word_1_114' title='bbox 1142 1596 1175 1664; x_wconf 82' lang='grc' dir='ltr'><strong>ἡ</strong></span> <span class='ocrx_word' id='word_1_115' title='bbox 1204 1594 1328 1648; x_wconf 77' lang='grc' dir='ltr'>καθ’</span> <span class='ocrx_word' id='word_1_116' title='bbox 1358 1592 1558 1656; x_wconf 80' lang='grc' dir='ltr'>ὕπνους</span> <span class='ocrx_word' id='word_1_117' title='bbox 1578 1593 1773 1646; x_wconf 72' lang='grc' dir='ltr'>ἕπεται</span> <span class='ocrx_word' id='word_1_118' title='bbox 1802 1609 1941 1661; x_wconf 82' lang='grc' dir='ltr'>φαν-</span> 
     </span>
    </p>
   </div>
   <div class='ocr_carea' id='block_1_18' title="bbox 360 1682 1434 1754">
    <p class='ocr_par' dir='ltr' id='par_1_18' title="bbox 360 1682 1434 1754">
     <span class='ocr_line' id='line_1_18' title="bbox 360 1682 1434 1754; baseline 0.005 -20"><span class='ocrx_word' id='word_1_119' title='bbox 360 1682 555 1744; x_wconf 72' lang='grc' dir='ltr'>τασία,</span> <span class='ocrx_word' id='word_1_120' title='bbox 583 1684 677 1735; x_wconf 71' lang='grc' dir='ltr'>καὶ</span> <span class='ocrx_word' id='word_1_121' title='bbox 707 1686 739 1751; x_wconf 71' lang='grc' dir='ltr'><strong>η</strong></span> <span class='ocrx_word' id='word_1_122' title='bbox 777 1684 934 1753; x_wconf 75' lang='grc' dir='ltr'>ῥύσις</span> <span class='ocrx_word' id='word_1_123' title='bbox 965 1683 1058 1736; x_wconf 78' lang='grc' dir='ltr'><strong>τοῦ</strong></span> <span class='ocrx_word' id='word_1_124' title='bbox 1095 1687 1434 1754; x_wconf 82' lang='grc' dir='ltr'>σπέρματος.</span> 
     </span>
    </p>
   </div>
   <div class='ocr_carea' id='block_1_19' title="bbox 925 1776 1413 1845">
    <p class='ocr_par' dir='ltr' id='par_1_19' title="bbox 925 1776 1413 1845">
     <span class='ocr_line' id='line_1_19' title="bbox 925 1776 1413 1845; baseline 0.004 -17"><span class='ocrx_word' id='word_1_125' title='bbox 925 1776 1070 1845; x_wconf 82' lang='grc' dir='ltr'>Περὶ</span> <span class='ocrx_word' id='word_1_126' title='bbox 1088 1777 1413 1845; x_wconf 67' lang='grc' dir='ltr'>μαλακίας.</span> 
     </span>
    </p>
   </div>
   <div class='ocr_carea' id='block_1_20' title="bbox 2049 590 3625 664">
    <p class='ocr_par' dir='ltr' id='par_1_20' title="bbox 2049 590 3625 664">
     <span class='ocr_line' id='line_1_20' title="bbox 2049 590 3625 664; baseline 0.005 -21"><span class='ocrx_word' id='word_1_127' title='bbox 2049 590 2286 652; x_wconf 86' lang='lat' dir='ltr'><strong>mittere,</strong></span> <span class='ocrx_word' id='word_1_128' title='bbox 2335 591 2654 658; x_wconf 84' lang='lat' dir='ltr'><strong>respondit:</strong></span> <span class='ocrx_word' id='word_1_129' title='bbox 2698 591 2855 662; x_wconf 83' lang='lat' dir='ltr'><strong>Ejus,</strong></span> <span class='ocrx_word' id='word_1_130' title='bbox 2888 595 3005 664; x_wconf 89' lang='lat' dir='ltr'><strong>qui,</strong></span> <span class='ocrx_word' id='word_1_131' title='bbox 3039 610 3160 648; x_wconf 83' lang='lat' dir='ltr'><strong>cum</strong></span> <span class='ocrx_word' id='word_1_132' title='bbox 3197 596 3249 649; x_wconf 89' lang='lat' dir='ltr'><strong>in</strong></span> <span class='ocrx_word' id='word_1_133' title='bbox 3281 597 3625 651; x_wconf 83' lang='lat' dir='ltr'><strong>immunditie</strong></span> 
     </span>
    </p>
   </div>
   <div class='ocr_carea' id='block_1_21' title="bbox 2040 681 3625 752">
    <p class='ocr_par' dir='ltr' id='par_1_21' title="bbox 2040 681 3625 752">
     <span class='ocr_line' id='line_1_21' title="bbox 2040 681 3625 752; baseline 0.004 -18"><span class='ocrx_word' id='word_1_134' title='bbox 2040 681 2134 745; x_wconf 82' lang='lat' dir='ltr'><strong>sit,</strong></span> <span class='ocrx_word' id='word_1_135' title='bbox 2167 682 2572 752; x_wconf 83' lang='lat' dir='ltr'><strong>appropinquat</strong></span> <span class='ocrx_word' id='word_1_136' title='bbox 2617 685 2845 751; x_wconf 82' lang='lat' dir='ltr'><strong>sanctis,</strong></span> <span class='ocrx_word' id='word_1_137' title='bbox 2887 687 3051 739; x_wconf 81' lang='lat' dir='ltr'><strong>etiam</strong></span> <span class='ocrx_word' id='word_1_138' title='bbox 3098 704 3167 741; x_wconf 77' lang='lat' dir='ltr'><strong>ex</strong></span> <span class='ocrx_word' id='word_1_139' title='bbox 3208 688 3383 742; x_wconf 80' lang='lat' dir='ltr'><strong>Veteri</strong></span> <span class='ocrx_word' id='word_1_140' title='bbox 3432 687 3625 744; x_wconf 57' lang='lat' dir='ltr'><strong>Testa.</strong></span> 
     </span>
    </p>
   </div>
   <div class='ocr_carea' id='block_1_22' title="bbox 2041 772 3623 845">
    <p class='ocr_par' dir='ltr' id='par_1_22' title="bbox 2041 772 3623 845">
     <span class='ocr_line' id='line_1_22' title="bbox 2041 772 3623 845; baseline 0.004 -21"><span class='ocrx_word' id='word_1_141' title='bbox 2041 781 2225 825; x_wconf 89' lang='lat' dir='ltr'><strong>mento</strong></span> <span class='ocrx_word' id='word_1_142' title='bbox 2257 772 2505 829; x_wconf 87' lang='lat' dir='ltr'><strong>terribile</strong></span> <span class='ocrx_word' id='word_1_143' title='bbox 2534 774 3089 844; x_wconf 85' lang='lat' dir='ltr'><strong>docemurjudicinm</strong></span> <span class='ocrx_word' id='word_1_144' title='bbox 3123 795 3138 842; x_wconf 86' lang='lat'><strong>;</strong></span> <span class='ocrx_word' id='word_1_145' title='bbox 3172 779 3313 845; x_wconf 89' lang='lat' dir='ltr'><strong>quod</strong></span> <span class='ocrx_word' id='word_1_146' title='bbox 3348 778 3393 832; x_wconf 90' lang='lat' dir='ltr'><strong>si</strong></span> <span class='ocrx_word' id='word_1_147' title='bbox 3420 790 3506 832; x_wconf 87' lang='lat' dir='ltr'><strong>est</strong></span> <span class='ocrx_word' id='word_1_148' title='bbox 3538 779 3623 831; x_wconf 86' lang='lat' dir='ltr'><strong>hic</strong></span> 
     </span>
    </p>
   </div>
   <div class='ocr_carea' id='block_1_23' title="bbox 2040 862 3623 936">
    <p class='ocr_par' dir='ltr' id='par_1_23' title="bbox 2040 862 3623 936">
     <span class='ocr_line' id='line_1_23' title="bbox 2040 862 3623 936; baseline 0.003 -20"><span class='ocrx_word' id='word_1_149' title='bbox 2040 862 2092 916; x_wconf 93' lang='lat' dir='ltr'><strong>in</strong></span> <span class='ocrx_word' id='word_1_150' title='bbox 2141 864 2348 929; x_wconf 79' lang='lat' dir='ltr'><strong>sacris,</strong></span> <span class='ocrx_word' id='word_1_151' title='bbox 2405 865 2700 922; x_wconf 80' lang='lat' dir='ltr'><strong>terribilius</strong></span> <span class='ocrx_word' id='word_1_152' title='bbox 2746 866 2994 921; x_wconf 78' lang='lat' dir='ltr'><strong>videlicet</strong></span> <span class='ocrx_word' id='word_1_153' title='bbox 3052 882 3163 921; x_wconf 86' lang='lat' dir='ltr'><strong>nos</strong></span> <span class='ocrx_word' id='word_1_154' title='bbox 3210 868 3428 922; x_wconf 81' lang='lat' dir='ltr'><strong>docebit</strong></span> <span class='ocrx_word' id='word_1_155' title='bbox 3475 869 3623 936; x_wconf 83' lang='lat' dir='ltr'><strong>Apo-</strong></span> 
     </span>
    </p>
   </div>
   <div class='ocr_carea' id='block_1_24' title="bbox 2041 954 3620 1029">
    <p class='ocr_par' dir='ltr' id='par_1_24' title="bbox 2041 954 3620 1029">
     <span class='ocr_line' id='line_1_24' title="bbox 2041 954 3620 1029; baseline 0.003 -22"><span class='ocrx_word' id='word_1_156' title='bbox 2041 954 2243 1020; x_wconf 84' lang='lat' dir='ltr'><strong>stolus,</strong></span> <span class='ocrx_word' id='word_1_157' title='bbox 2274 955 2464 1011; x_wconf 85' lang='lat' dir='ltr'><strong>dicens</strong></span> <span class='ocrx_word' id='word_1_158' title='bbox 2490 975 2506 1010; x_wconf 88' lang='lat'><strong>:</strong></span> <span class='ocrx_word' id='word_1_159' title='bbox 2550 974 2570 1009; x_wconf 84' lang='grc' dir='ltr'><strong>ι</strong></span> <span class='ocrx_word' id='word_1_160' title='bbox 2598 955 2702 1022; x_wconf 82' lang='lat' dir='ltr'><strong>Qui</strong></span> <span class='ocrx_word' id='word_1_161' title='bbox 2735 960 3033 1012; x_wconf 81' lang='lat' dir='ltr'><strong>comederit</strong></span> <span class='ocrx_word' id='word_1_162' title='bbox 3065 969 3120 1012; x_wconf 83' lang='lat' dir='ltr'><strong>et</strong></span> <span class='ocrx_word' id='word_1_163' title='bbox 3153 959 3352 1013; x_wconf 87' lang='lat' dir='ltr'><strong>biberit</strong></span> <span class='ocrx_word' id='word_1_164' title='bbox 3383 960 3620 1029; x_wconf 72' lang='lat' dir='ltr'><strong>indigne,</strong></span> 
     </span>
    </p>
   </div>
   <div class='ocr_carea' id='block_1_25' title="bbox 2038 1044 3618 1114">
    <p class='ocr_par' dir='ltr' id='par_1_25' title="bbox 2038 1044 3618 1114">
     <span class='ocr_line' id='line_1_25' title="bbox 2038 1044 3618 1114; baseline 0.001 -15"><span class='ocrx_word' id='word_1_165' title='bbox 2038 1044 2311 1114; x_wconf 84' lang='lat' dir='ltr'><strong>judicium</strong></span> <span class='ocrx_word' id='word_1_166' title='bbox 2340 1046 2444 1100; x_wconf 77' lang='lat' dir='ltr'><strong>sibi</strong></span> <span class='ocrx_word' id='word_1_167' title='bbox 2467 1047 2704 1101; x_wconf 83' lang='lat' dir='ltr'><strong>comedit</strong></span> <span class='ocrx_word' id='word_1_168' title='bbox 2730 1055 2785 1101; x_wconf 89' lang='lat' dir='ltr'><strong>et</strong></span> <span class='ocrx_word' id='word_1_169' title='bbox 2812 1047 2969 1101; x_wconf 81' lang='lat' dir='ltr'><strong>bibit.</strong></span> <span class='ocrx_word' id='word_1_170' title='bbox 2998 1065 3016 1098; x_wconf 78' lang='grc' dir='ltr'><strong>ι</strong></span> <span class='ocrx_word' id='word_1_171' title='bbox 3054 1045 3460 1101; x_wconf 83' lang='lat' dir='ltr'><strong>Immunditiem</strong></span> <span class='ocrx_word' id='word_1_172' title='bbox 3488 1060 3618 1101; x_wconf 76' lang='lat' dir='ltr'><strong>vero</strong></span> 
     </span>
    </p>
   </div>
   <div class='ocr_carea' id='block_1_26' title="bbox 2044 1135 3620 1197">
    <p class='ocr_par' dir='ltr' id='par_1_26' title="bbox 2044 1135 3620 1197">
     <span class='ocr_line' id='line_1_26' title="bbox 2044 1135 3620 1197; baseline -0.001 -9"><span class='ocrx_word' id='word_1_173' title='bbox 2044 1135 2349 1189; x_wconf 82' lang='lat' dir='ltr'><strong>nominavit</strong></span> <span class='ocrx_word' id='word_1_174' title='bbox 2424 1148 2651 1190; x_wconf 76' lang='lat' dir='ltr'><strong>sanctus</strong></span> <span class='ocrx_word' id='word_1_175' title='bbox 2728 1152 2837 1190; x_wconf 85' lang='lat' dir='ltr'><strong>non</strong></span> <span class='ocrx_word' id='word_1_176' title='bbox 2902 1138 3146 1192; x_wconf 81' lang='lat' dir='ltr'><strong>.seminis</strong></span> <span class='ocrx_word' id='word_1_177' title='bbox 3211 1138 3620 1197; x_wconf 78' lang='lat' dir='ltr'><strong>excretionem,</strong></span> 
     </span>
    </p>
   </div>
   <div class='ocr_carea' id='block_1_27' title="bbox 2043 1226 3620 1295">
    <p class='ocr_par' dir='ltr' id='par_1_27' title="bbox 2043 1226 3620 1295">
     <span class='ocr_line' id='line_1_27' title="bbox 2043 1226 3620 1295; baseline 0.001 -18"><span class='ocrx_word' id='word_1_178' title='bbox 2043 1241 2206 1295; x_wconf 82' lang='lat' dir='ltr'><strong>quam</strong></span> <span class='ocrx_word' id='word_1_179' title='bbox 2260 1226 2465 1292; x_wconf 77' lang='lat' dir='ltr'><strong>nullus,</strong></span> <span class='ocrx_word' id='word_1_180' title='bbox 2507 1227 2783 1295; x_wconf 84' lang='lat' dir='ltr'><strong>suspicor,</strong></span> <span class='ocrx_word' id='word_1_181' title='bbox 2841 1227 3090 1281; x_wconf 84' lang='lat' dir='ltr'><strong>absolute</strong></span> <span class='ocrx_word' id='word_1_182' title='bbox 3132 1229 3456 1292; x_wconf 78' lang='lat' dir='ltr'><strong>evitaverit,</strong></span> <span class='ocrx_word' id='word_1_183' title='bbox 3516 1228 3620 1280; x_wconf 81' lang='lat' dir='ltr'><strong>nisi</strong></span> 
     </span>
    </p>
   </div>
   <div class='ocr_carea' id='block_1_28' title="bbox 2046 1317 3621 1387">
    <p class='ocr_par' dir='ltr' id='par_1_28' title="bbox 2046 1317 3621 1387">
     <span class='ocr_line' id='line_1_28' title="bbox 2046 1317 3621 1387; baseline 0 -18"><span class='ocrx_word' id='word_1_184' title='bbox 2046 1317 2279 1370; x_wconf 78' lang='lat' dir='ltr'><strong>maxime</strong></span> <span class='ocrx_word' id='word_1_185' title='bbox 2325 1318 2616 1371; x_wconf 78' lang='lat' dir='ltr'><strong>continens</strong></span> <span class='ocrx_word' id='word_1_186' title='bbox 2652 1319 2765 1380; x_wconf 88' lang='lat' dir='ltr'><strong>sit,</strong></span> <span class='ocrx_word' id='word_1_187' title='bbox 2801 1322 2894 1373; x_wconf 87' lang='lat' dir='ltr'><strong>sed</strong></span> <span class='ocrx_word' id='word_1_188' title='bbox 2954 1330 3176 1387; x_wconf 78' lang='lat' dir='ltr'><strong>pravam</strong></span> <span class='ocrx_word' id='word_1_189' title='bbox 3228 1321 3621 1385; x_wconf 84' lang='lat' dir='ltr'><strong>concupiscen-</strong></span> 
     </span>
    </p>
   </div>
   <div class='ocr_carea' id='block_1_29' title="bbox 2045 1405 3621 1475">
    <p class='ocr_par' dir='ltr' id='par_1_29' title="bbox 2045 1405 3621 1475">
     <span class='ocr_line' id='line_1_29' title="bbox 2045 1405 3621 1475; baseline 0.001 -17"><span class='ocrx_word' id='word_1_190' title='bbox 2045 1407 2172 1459; x_wconf 82' lang='lat' dir='ltr'><strong>tiam</strong></span> <span class='ocrx_word' id='word_1_191' title='bbox 2205 1405 2296 1463; x_wconf 84' lang='lat' dir='ltr'><strong>(de</strong></span> <span class='ocrx_word' id='word_1_192' title='bbox 2333 1421 2436 1475; x_wconf 82' lang='lat' dir='ltr'><strong>qua</strong></span> <span class='ocrx_word' id='word_1_193' title='bbox 2464 1406 2601 1459; x_wconf 81' lang='lat' dir='ltr'><strong>dixit</strong></span> <span class='ocrx_word' id='word_1_194' title='bbox 2634 1406 2895 1461; x_wconf 89' lang='lat' dir='ltr'><strong>Dominus</strong></span> <span class='ocrx_word' id='word_1_195' title='bbox 2934 1421 2949 1459; x_wconf 91' lang='lat'><strong>:</strong></span> <span class='ocrx_word' id='word_1_196' title='bbox 2977 1425 2994 1456; x_wconf 79' lang='grc' dir='ltr'><strong>ι</strong></span> <span class='ocrx_word' id='word_1_197' title='bbox 3031 1407 3133 1471; x_wconf 77' lang='lat' dir='ltr'><strong>Qui</strong></span> <span class='ocrx_word' id='word_1_198' title='bbox 3179 1407 3457 1461; x_wconf 84' lang='lat' dir='ltr'><strong>mulierem</strong></span> <span class='ocrx_word' id='word_1_199' title='bbox 3480 1408 3621 1474; x_wconf 82' lang='lat' dir='ltr'><strong>aspi-</strong></span> 
     </span>
    </p>
   </div>
   <div class='ocr_carea' id='block_1_30' title="bbox 2045 1497 3617 1566">
    <p class='ocr_par' dir='ltr' id='par_1_30' title="bbox 2045 1497 3617 1566">
     <span class='ocr_line' id='line_1_30' title="bbox 2045 1497 3617 1566; baseline -0.002 -16"><span class='ocrx_word' id='word_1_200' title='bbox 2045 1498 2120 1550; x_wconf 91' lang='lat' dir='ltr'><strong>cit</strong></span> <span class='ocrx_word' id='word_1_201' title='bbox 2169 1536 2184 1561; x_wconf 90' lang='lat'><strong>,</strong></span> <span class='ocrx_word' id='word_1_202' title='bbox 2217 1517 2244 1545; x_wconf 77' lang='grc' dir='ltr'><strong>ιι</strong></span> <span class='ocrx_word' id='word_1_203' title='bbox 2296 1508 2351 1550; x_wconf 88' lang='lat' dir='ltr'><strong>et</strong></span> <span class='ocrx_word' id='word_1_204' title='bbox 2403 1498 2646 1562; x_wconf 73' lang='lat' dir='ltr'><strong>caetera),</strong></span> <span class='ocrx_word' id='word_1_205' title='bbox 2703 1512 2808 1566; x_wconf 88' lang='lat' dir='ltr'><strong>qua</strong></span> <span class='ocrx_word' id='word_1_206' title='bbox 2859 1509 3133 1566; x_wconf 61' lang='lat' dir='ltr'><strong>praeeunte</strong></span> <span class='ocrx_word' id='word_1_207' title='bbox 3193 1497 3391 1551; x_wconf 81' lang='lat' dir='ltr'><strong>mentis</strong></span> <span class='ocrx_word' id='word_1_208' title='bbox 3454 1498 3617 1550; x_wconf 86' lang='lat' dir='ltr'><strong>etiam</strong></span> 
     </span>
    </p>
   </div>
   <div class='ocr_carea' id='block_1_31' title="bbox 2045 1589 3619 1659">
    <p class='ocr_par' dir='ltr' id='par_1_31' title="bbox 2045 1589 3619 1659">
     <span class='ocr_line' id='line_1_31' title="bbox 2045 1589 3619 1659; baseline 0 -19"><span class='ocrx_word' id='word_1_209' title='bbox 2045 1599 2329 1659; x_wconf 85' lang='lat' dir='ltr'><strong>peccatum</strong></span> <span class='ocrx_word' id='word_1_210' title='bbox 2355 1600 2451 1658; x_wconf 88' lang='lat' dir='ltr'><strong>per</strong></span> <span class='ocrx_word' id='word_1_211' title='bbox 2490 1603 2780 1659; x_wconf 73' lang='lat' dir='ltr'><strong>assensum</strong></span> <span class='ocrx_word' id='word_1_212' title='bbox 2818 1589 3125 1658; x_wconf 73' lang='lat' dir='ltr'><strong>perﬁcitur,</strong></span> <span class='ocrx_word' id='word_1_213' title='bbox 3173 1590 3256 1641; x_wconf 83' lang='lat' dir='ltr'><strong>vel</strong></span> <span class='ocrx_word' id='word_1_214' title='bbox 3291 1589 3619 1659; x_wconf 79' lang='lat' dir='ltr'><strong>imaginatio</strong></span> 
     </span>
    </p>
   </div>
   <div class='ocr_carea' id='block_1_32' title="bbox 2044 1678 3370 1749">
    <p class='ocr_par' dir='ltr' id='par_1_32' title="bbox 2044 1678 3370 1749">
     <span class='ocr_line' id='line_1_32' title="bbox 2044 1678 3370 1749; baseline 0 -16"><span class='ocrx_word' id='word_1_215' title='bbox 2044 1679 2100 1733; x_wconf 88' lang='lat' dir='ltr'><strong>in</strong></span> <span class='ocrx_word' id='word_1_216' title='bbox 2134 1678 2341 1735; x_wconf 81' lang='lat' dir='ltr'><strong>somnis</strong></span> <span class='ocrx_word' id='word_1_217' title='bbox 2368 1680 2747 1749; x_wconf 84' lang='lat' dir='ltr'><strong>consequitur,</strong></span> <span class='ocrx_word' id='word_1_218' title='bbox 2782 1690 2838 1734; x_wconf 90' lang='lat' dir='ltr'><strong>et</strong></span> <span class='ocrx_word' id='word_1_219' title='bbox 2865 1680 3093 1735; x_wconf 82' lang='lat' dir='ltr'><strong>seminis</strong></span> <span class='ocrx_word' id='word_1_220' title='bbox 3127 1678 3370 1734; x_wconf 81' lang='lat' dir='ltr'><strong>eﬂluxio.</strong></span> 
     </span>
    </p>
   </div>
   <div class='ocr_carea' id='block_1_33' title="bbox 2643 1771 3012 1827">
    <p class='ocr_par' dir='ltr' id='par_1_33' title="bbox 2643 1771 3012 1827">
     <span class='ocr_line' id='line_1_33' title="bbox 2643 1771 3012 1827; baseline 0.011 -4"><span class='ocrx_word' id='word_1_221' title='bbox 2643 1771 2717 1825; x_wconf 85' lang='lat' dir='ltr'><strong>De</strong></span> <span class='ocrx_word' id='word_1_222' title='bbox 2768 1771 3012 1827; x_wconf 78' lang='lat' dir='ltr'><strong>mollitie.</strong></span> 
     </span>
    </p>
   </div>
   <div class='ocr_carea' id='block_1_34' title="bbox 439 1854 1937 1935">
    <p class='ocr_par' dir='ltr' id='par_1_34' title="bbox 439 1863 1933 1935">
     <span class='ocr_line' id='line_1_34' title="bbox 439 1863 1933 1935; baseline 0.001 -19"><span class='ocrx_word' id='word_1_223' title='bbox 439 1864 499 1917; x_wconf 83' lang='grc' dir='ltr'>Εἱ</span> <span class='ocrx_word' id='word_1_224' title='bbox 531 1864 586 1917; x_wconf 82' lang='grc' dir='ltr'><strong>δέ</strong></span> <span class='ocrx_word' id='word_1_225' title='bbox 612 1863 787 1927; x_wconf 76' lang='grc' dir='ltr'>οὕτως</span> <span class='ocrx_word' id='word_1_226' title='bbox 817 1864 1106 1919; x_wconf 75' lang='grc' dir='ltr'>εὐθύνεται</span> <span class='ocrx_word' id='word_1_227' title='bbox 1140 1867 1174 1935; x_wconf 81' lang='grc' dir='ltr'>ἡ</span> <span class='ocrx_word' id='word_1_228' title='bbox 1218 1865 1326 1920; x_wconf 82' lang='grc' dir='ltr'><strong>ἀπὸ</strong></span> <span class='ocrx_word' id='word_1_229' title='bbox 1355 1865 1811 1933; x_wconf 75' lang='grc' dir='ltr'>συγκαταθέσεως</span> <span class='ocrx_word' id='word_1_230' title='bbox 1846 1864 1933 1917; x_wconf 73' lang='grc' dir='ltr'><strong>διὰ</strong></span> 
     </span>
    </p>
   </div>
   <div class='ocr_carea' id='block_1_35' title="bbox 2038 1854 3619 1935">
    <p class='ocr_par' dir='ltr' id='par_1_35' title="bbox 2108 1860 3619 1932">
     <span class='ocr_line' id='line_1_35' title="bbox 2108 1860 3619 1932; baseline -0.001 -16"><span class='ocrx_word' id='word_1_231' title='bbox 2108 1860 2166 1916; x_wconf 86' lang='lat' dir='ltr'><strong>Si</strong></span> <span class='ocrx_word' id='word_1_232' title='bbox 2203 1877 2334 1917; x_wconf 87' lang='lat' dir='ltr'><strong>vero</strong></span> <span class='ocrx_word' id='word_1_233' title='bbox 2394 1863 2471 1918; x_wconf 83' lang='lat' dir='ltr'><strong>ita</strong></span> <span class='ocrx_word' id='word_1_234' title='bbox 2524 1862 2820 1931; x_wconf 75' lang='lat' dir='ltr'><strong>corrigitur</strong></span> <span class='ocrx_word' id='word_1_235' title='bbox 2852 1902 2866 1926; x_wconf 96' lang='lat'><strong>,</strong></span> <span class='ocrx_word' id='word_1_236' title='bbox 2918 1861 3013 1932; x_wconf 88' lang='lat' dir='ltr'><strong>qui</strong></span> <span class='ocrx_word' id='word_1_237' title='bbox 3045 1878 3074 1916; x_wconf 91' lang='lat' dir='ltr'><strong>a</strong></span> <span class='ocrx_word' id='word_1_238' title='bbox 3111 1878 3383 1917; x_wconf 70' lang='lat' dir='ltr'><strong>consensu</strong></span> <span class='ocrx_word' id='word_1_239' title='bbox 3426 1863 3484 1916; x_wconf 84' lang='lat' dir='ltr'><strong>ﬁt</strong></span> <span class='ocrx_word' id='word_1_240' title='bbox 3522 1879 3619 1932; x_wconf 75' lang='lat' dir='ltr'><strong>per</strong></span> 
     </span>
    </p>
   </div>
   <div class='ocr_carea' id='block_1_36' title="bbox 361 1954 1934 2027">
    <p class='ocr_par' dir='ltr' id='par_1_36' title="bbox 361 1954 1934 2027">
     <span class='ocr_line' id='line_1_36' title="bbox 361 1954 1934 2027; baseline 0.001 -23"><span class='ocrx_word' id='word_1_241' title='bbox 361 1954 689 2022; x_wconf 83' lang='grc' dir='ltr'>νυκτερινῆς</span> <span class='ocrx_word' id='word_1_242' title='bbox 721 1955 1029 2021; x_wconf 80' lang='grc' dir='ltr'>φαντασίας</span> <span class='ocrx_word' id='word_1_243' title='bbox 1057 1956 1154 2009; x_wconf 83' lang='grc' dir='ltr'>τοῦ</span> <span class='ocrx_word' id='word_1_244' title='bbox 1193 1957 1509 2026; x_wconf 80' lang='grc' dir='ltr'>σπέρματος</span> <span class='ocrx_word' id='word_1_245' title='bbox 1534 1957 1723 2027; x_wconf 77' lang='grc' dir='ltr'>ἐκροὴ,</span> <span class='ocrx_word' id='word_1_246' title='bbox 1754 1955 1934 2026; x_wconf 86' lang='grc' dir='ltr'>πολλῷ</span> 
     </span>
    </p>
   </div>
   <div class='ocr_carea' id='block_1_37' title="bbox 363 2044 1936 2120">
    <p class='ocr_par' dir='ltr' id='par_1_37' title="bbox 363 2044 1936 2120">
     <span class='ocr_line' id='line_1_37' title="bbox 363 2044 1936 2120; baseline 0.003 -24"><span class='ocrx_word' id='word_1_247' title='bbox 363 2060 427 2110; x_wconf 89' lang='grc' dir='ltr'><strong>γε</strong></span> <span class='ocrx_word' id='word_1_248' title='bbox 455 2044 652 2113; x_wconf 80' lang='grc' dir='ltr'>μᾶλλον</span> <span class='ocrx_word' id='word_1_249' title='bbox 685 2046 718 2114; x_wconf 87' lang='grc' dir='ltr'>ἠ</span> <span class='ocrx_word' id='word_1_250' title='bbox 744 2046 832 2098; x_wconf 86' lang='grc' dir='ltr'><strong>διὰ</strong></span> <span class='ocrx_word' id='word_1_251' title='bbox 861 2047 1138 2115; x_wconf 83' lang='grc' dir='ltr'>μαλακίας</span> <span class='ocrx_word' id='word_1_252' title='bbox 1170 2047 1422 2119; x_wconf 74' lang='grc' dir='ltr'>ἔκκρισις</span> <span class='ocrx_word' id='word_1_253' title='bbox 1446 2048 1936 2120; x_wconf 72' lang='grc' dir='ltr'>ἐπιτιμηθήσεται,</span> 
     </span>
    </p>
   </div>
   <div class='ocr_carea' id='block_1_38' title="bbox 364 2133 1931 2207">
    <p class='ocr_par' dir='ltr' id='par_1_38' title="bbox 364 2133 1931 2207">
     <span class='ocr_line' id='line_1_38' title="bbox 364 2133 1931 2207; baseline 0.002 -22"><span class='ocrx_word' id='word_1_254' title='bbox 364 2133 514 2203; x_wconf 78' lang='grc' dir='ltr'>ῦπαρ</span> <span class='ocrx_word' id='word_1_255' title='bbox 539 2151 601 2202; x_wconf 91' lang='grc' dir='ltr'><strong>γε</strong></span> <span class='ocrx_word' id='word_1_256' title='bbox 634 2134 876 2199; x_wconf 85' lang='grc' dir='ltr'>πάντως,</span> <span class='ocrx_word' id='word_1_257' title='bbox 924 2138 1018 2190; x_wconf 72' lang='grc' dir='ltr'><strong>καὶ</strong></span> <span class='ocrx_word' id='word_1_258' title='bbox 1060 2142 1160 2190; x_wconf 86' lang='grc' dir='ltr'>οὐκ</span> <span class='ocrx_word' id='word_1_259' title='bbox 1189 2135 1250 2200; x_wconf 81' lang='grc' dir='ltr'>ἐξ</span> <span class='ocrx_word' id='word_1_260' title='bbox 1287 2136 1621 2206; x_wconf 76' lang='grc' dir='ltr'>ὀνειρὼξεως</span> <span class='ocrx_word' id='word_1_261' title='bbox 1649 2138 1931 2207; x_wconf 80' lang='grc' dir='ltr'>γινομένη.</span> 
     </span>
    </p>
   </div>
   <div class='ocr_carea' id='block_1_39' title="bbox 360 2223 1934 2295">
    <p class='ocr_par' dir='ltr' id='par_1_39' title="bbox 360 2223 1934 2295">
     <span class='ocr_line' id='line_1_39' title="bbox 360 2223 1934 2295; baseline -0.002 -18"><span class='ocrx_word' id='word_1_262' title='bbox 360 2224 498 2294; x_wconf 73' lang='grc' dir='ltr'>Φησὶ</span> <span class='ocrx_word' id='word_1_263' title='bbox 520 2224 629 2295; x_wconf 82' lang='grc' dir='ltr'><strong>γὰρ</strong></span> <span class='ocrx_word' id='word_1_264' title='bbox 656 2226 685 2278; x_wconf 83' lang='grc' dir='ltr'><strong>ὁ</strong></span> <span class='ocrx_word' id='word_1_265' title='bbox 718 2224 1039 2295; x_wconf 79' lang='grc' dir='ltr'>Νηστευτὴς</span> <span class='ocrx_word' id='word_1_266' title='bbox 1074 2223 1348 2293; x_wconf 84' lang='grc' dir='ltr'><strong>Ἰωάννης·</strong></span> <span class='ocrx_word' id='word_1_267' title='bbox 1377 2224 1445 2278; x_wconf 72' lang='grc'><strong>’(1</strong></span> <span class='ocrx_word' id='word_1_268' title='bbox 1469 2223 1740 2294; x_wconf 85' lang='grc' dir='ltr'>μαλακίας</span> <span class='ocrx_word' id='word_1_269' title='bbox 1769 2223 1934 2276; x_wconf 82' lang='grc' dir='ltr'>πάθει</span> 
     </span>
    </p>
   </div>
   <div class='ocr_carea' id='block_1_40' title="bbox 362 2316 1935 2389">
    <p class='ocr_par' dir='ltr' id='par_1_40' title="bbox 362 2316 1935 2389">
     <span class='ocr_line' id='line_1_40' title="bbox 362 2316 1935 2389; baseline -0.004 -16"><span class='ocrx_word' id='word_1_270' title='bbox 362 2319 527 2382; x_wconf 76' lang='grc' dir='ltr'>ἁλοὺς</span> <span class='ocrx_word' id='word_1_271' title='bbox 563 2318 670 2389; x_wconf 81' lang='grc' dir='ltr'>πρὸ</span> <span class='ocrx_word' id='word_1_272' title='bbox 723 2320 825 2387; x_wconf 84' lang='grc' dir='ltr'>τῆς</span> <span class='ocrx_word' id='word_1_273' title='bbox 879 2319 1182 2388; x_wconf 77' lang='grc' dir='ltr'>ἱερωσύνης</span> <span class='ocrx_word' id='word_1_274' title='bbox 1239 2318 1523 2388; x_wconf 85' lang='grc' dir='ltr'>κληρικδς.</span> <span class='ocrx_word' id='word_1_275' title='bbox 1590 2321 1667 2387; x_wconf 83' lang='grc' dir='ltr'>μὴ</span> <span class='ocrx_word' id='word_1_276' title='bbox 1715 2316 1935 2387; x_wconf 76' lang='grc' dir='ltr'>θαρρῶν</span> 
     </span>
    </p>
   </div>
   <div class='ocr_carea' id='block_1_41' title="bbox 364 2408 1934 2478">
    <p class='ocr_par' dir='ltr' id='par_1_41' title="bbox 364 2408 1934 2478">
     <span class='ocr_line' id='line_1_41' title="bbox 364 2408 1934 2478; baseline -0.003 -15"><span class='ocrx_word' id='word_1_277' title='bbox 364 2411 494 2473; x_wconf 69' lang='lat' dir='ltr'><strong>Fam;</strong></span> <span class='ocrx_word' id='word_1_278' title='bbox 524 2409 604 2472; x_wconf 76' lang='grc' dir='ltr'><strong>ὡς</strong></span> <span class='ocrx_word' id='word_1_279' title='bbox 657 2410 812 2478; x_wconf 77' lang='grc' dir='ltr'>παρὰ</span> <span class='ocrx_word' id='word_1_280' title='bbox 838 2409 996 2461; x_wconf 81' lang='grc' dir='ltr'>τοῦτο</span> <span class='ocrx_word' id='word_1_281' title='bbox 1029 2410 1191 2474; x_wconf 86' lang='grc' dir='ltr'>μόνον</span> <span class='ocrx_word' id='word_1_282' title='bbox 1235 2408 1334 2478; x_wconf 84' lang='grc' dir='ltr'><strong>τῆς</strong></span> <span class='ocrx_word' id='word_1_283' title='bbox 1378 2408 1679 2478; x_wconf 79' lang='grc' dir='ltr'>ἱερωσύνης</span> <span class='ocrx_word' id='word_1_284' title='bbox 1708 2408 1934 2476; x_wconf 75' lang='grc' dir='ltr'>εἱρχθή-</span> 
     </span>
    </p>
   </div>
   <div class='ocr_carea' id='block_1_42' title="bbox 365 2495 1934 2568">
    <p class='ocr_par' dir='ltr' id='par_1_42' title="bbox 365 2495 1934 2568">
     <span class='ocr_line' id='line_1_42' title="bbox 365 2495 1934 2568; baseline -0.003 -17"><span class='ocrx_word' id='word_1_285' title='bbox 365 2516 540 2562; x_wconf 84' lang='grc' dir='ltr'>σεται,</span> <span class='ocrx_word' id='word_1_286' title='bbox 595 2497 799 2560; x_wconf 84' lang='grc' dir='ltr'>ἱκανῶς</span> <span class='ocrx_word' id='word_1_287' title='bbox 847 2497 1114 2568; x_wconf 74' lang='grc' dir='ltr'>πρότερον</span> <span class='ocrx_word' id='word_1_288' title='bbox 1160 2496 1593 2568; x_wconf 80' lang='grc' dir='ltr'>ἐπιτιμώμενος,</span> <span class='ocrx_word' id='word_1_289' title='bbox 1636 2495 1780 2549; x_wconf 74' lang='grc' dir='ltr'>οὕτω</span> <span class='ocrx_word' id='word_1_290' title='bbox 1834 2496 1934 2561; x_wconf 74' lang='grc' dir='ltr'>τῆς</span> 
     </span>
    </p>
   </div>
   <div class='ocr_carea' id='block_1_43' title="bbox 365 2587 1934 2661">
    <p class='ocr_par' dir='ltr' id='par_1_43' title="bbox 365 2587 1934 2661">
     <span class='ocr_line' id='line_1_43' title="bbox 365 2587 1934 2661; baseline -0.004 -18"><span class='ocrx_word' id='word_1_291' title='bbox 365 2589 666 2661; x_wconf 82' lang='grc' dir='ltr'>ἱερωσύνης</span> <span class='ocrx_word' id='word_1_292' title='bbox 684 2588 973 2654; x_wconf 80' lang='grc' dir='ltr'>ἀξιούσθω.</span> <span class='ocrx_word' id='word_1_293' title='bbox 996 2590 1134 2644; x_wconf 85' lang='grc' dir='ltr'>Εἱδέ</span> <span class='ocrx_word' id='word_1_294' title='bbox 1161 2590 1299 2659; x_wconf 83' lang='grc' dir='ltr'>μετὰ</span> <span class='ocrx_word' id='word_1_295' title='bbox 1317 2589 1415 2659; x_wconf 78' lang='grc' dir='ltr'>τὴν</span> <span class='ocrx_word' id='word_1_296' title='bbox 1440 2588 1741 2658; x_wconf 76' lang='grc' dir='ltr'>ἱερωσύνην</span> <span class='ocrx_word' id='word_1_297' title='bbox 1761 2587 1934 2656; x_wconf 77' lang='grc' dir='ltr'>τούτῳ</span> 
     </span>
    </p>
   </div>
   <div class='ocr_carea' id='block_1_44' title="bbox 364 2678 1938 2751">
    <p class='ocr_par' dir='ltr' id='par_1_44' title="bbox 364 2678 1938 2751">
     <span class='ocr_line' id='line_1_44' title="bbox 364 2678 1938 2751; baseline -0.001 -18"><span class='ocrx_word' id='word_1_298' title='bbox 364 2681 816 2749; x_wconf 78' lang='grc' dir='ltr'>περιπέπτωκεν,</span> <span class='ocrx_word' id='word_1_299' title='bbox 855 2683 935 2744; x_wconf 88' lang='grc' dir='ltr'><strong>είς</strong></span> <span class='ocrx_word' id='word_1_300' title='bbox 966 2682 1215 2735; x_wconf 82' lang='grc' dir='ltr'>ἐνιαυτὸν</span> <span class='ocrx_word' id='word_1_301' title='bbox 1232 2681 1331 2735; x_wconf 71' lang='grc' dir='ltr'>ἕνα</span> <span class='ocrx_word' id='word_1_302' title='bbox 1358 2682 1460 2750; x_wconf 77' lang='grc' dir='ltr'>τῆς</span> <span class='ocrx_word' id='word_1_303' title='bbox 1510 2678 1811 2751; x_wconf 83' lang='grc' dir='ltr'>ἱερωσύνης</span> <span class='ocrx_word' id='word_1_304' title='bbox 1839 2680 1938 2748; x_wconf 64' lang='grc' dir='ltr'>ἀρα</span> 
     </span>
    </p>
   </div>
   <div class='ocr_carea' id='block_1_45' title="bbox 364 2772 1933 2844">
    <p class='ocr_par' dir='ltr' id='par_1_45' title="bbox 364 2772 1933 2844">
     <span class='ocr_line' id='line_1_45' title="bbox 364 2772 1933 2844; baseline -0.003 -17"><span class='ocrx_word' id='word_1_305' title='bbox 364 2773 568 2844; x_wconf 69' lang='grc' dir='ltr'>γήσας,</span> <span class='ocrx_word' id='word_1_306' title='bbox 612 2775 708 2827; x_wconf 74' lang='grc' dir='ltr'>καὶ</span> <span class='ocrx_word' id='word_1_307' title='bbox 739 2777 853 2835; x_wconf 83' lang='grc' dir='ltr'>τοῖς</span> <span class='ocrx_word' id='word_1_308' title='bbox 895 2773 1146 2826; x_wconf 75' lang='grc' dir='ltr'>εἰωθόσιν</span> <span class='ocrx_word' id='word_1_309' title='bbox 1184 2774 1484 2841; x_wconf 83' lang='grc' dir='ltr'>ἐπιτιμίοις</span> <span class='ocrx_word' id='word_1_310' title='bbox 1519 2772 1933 2842; x_wconf 73' lang='grc' dir='ltr'>σωφρονισθεὶς.</span> 
     </span>
    </p>
   </div>
   <div class='ocr_carea' id='block_1_46' title="bbox 365 2864 1943 2935">
    <p class='ocr_par' dir='ltr' id='par_1_46' title="bbox 365 2864 1943 2935">
     <span class='ocr_line' id='line_1_46' title="bbox 365 2864 1943 2935; baseline -0.004 -18"><span class='ocrx_word' id='word_1_311' title='bbox 365 2865 505 2934; x_wconf 84' lang='grc' dir='ltr'>πρὸς</span> <span class='ocrx_word' id='word_1_312' title='bbox 521 2865 620 2933; x_wconf 83' lang='grc' dir='ltr'>τὴν</span> <span class='ocrx_word' id='word_1_313' title='bbox 645 2864 945 2934; x_wconf 84' lang='grc' dir='ltr'>ἱερωσύνην</span> <span class='ocrx_word' id='word_1_314' title='bbox 971 2866 1261 2919; x_wconf 80' lang='grc' dir='ltr'>ἐπανιέτω·</span> <span class='ocrx_word' id='word_1_315' title='bbox 1283 2867 1331 2918; x_wconf 88' lang='grc' dir='ltr'><strong>εί</strong></span> <span class='ocrx_word' id='word_1_316' title='bbox 1350 2864 1407 2918; x_wconf 82' lang='grc' dir='ltr'>δὲ</span> <span class='ocrx_word' id='word_1_317' title='bbox 1432 2865 1572 2932; x_wconf 77' lang='grc' dir='ltr'>μετὰ</span> <span class='ocrx_word' id='word_1_318' title='bbox 1592 2866 1691 2935; x_wconf 83' lang='grc' dir='ltr'>τὴν</span> <span class='ocrx_word' id='word_1_319' title='bbox 1708 2865 1943 2930; x_wconf 61' lang='grc' dir='ltr'>ἐπίγνωε</span> 
     </span>
    </p>
   </div>
   <div class='ocr_carea' id='block_1_47' title="bbox 367 2952 1935 3026">
    <p class='ocr_par' dir='ltr' id='par_1_47' title="bbox 367 2952 1935 3026">
     <span class='ocr_line' id='line_1_47' title="bbox 367 2952 1935 3026; baseline -0.003 -19"><span class='ocrx_word' id='word_1_320' title='bbox 367 2969 454 3008; x_wconf 88' lang='grc' dir='ltr'><strong>σιν</strong></span> <span class='ocrx_word' id='word_1_321' title='bbox 486 2955 583 3019; x_wconf 81' lang='grc' dir='ltr'>τῆς</span> <span class='ocrx_word' id='word_1_322' title='bbox 620 2955 899 3025; x_wconf 82' lang='grc' dir='ltr'>ἁμαρτίας</span> <span class='ocrx_word' id='word_1_323' title='bbox 946 2955 1029 3018; x_wconf 77' lang='grc' dir='ltr'>δὶς</span> <span class='ocrx_word' id='word_1_324' title='bbox 1058 2953 1091 3026; x_wconf 74' lang='grc' dir='ltr'>ἢ</span> <span class='ocrx_word' id='word_1_325' title='bbox 1118 2955 1241 3023; x_wconf 77' lang='grc' dir='ltr'>τρὶς</span> <span class='ocrx_word' id='word_1_326' title='bbox 1278 2954 1443 3006; x_wconf 79' lang='grc' dir='ltr'>τοῦτο</span> <span class='ocrx_word' id='word_1_327' title='bbox 1487 2954 1804 3022; x_wconf 85' lang='grc' dir='ltr'>ἐργάσαιτο,</span> <span class='ocrx_word' id='word_1_328' title='bbox 1839 2952 1935 3021; x_wconf 78' lang='grc' dir='ltr'>τῆς</span> 
     </span>
    </p>
   </div>
   <div class='ocr_carea' id='block_1_48' title="bbox 366 3042 1938 3116">
    <p class='ocr_par' dir='ltr' id='par_1_48' title="bbox 366 3042 1938 3116">
     <span class='ocr_line' id='line_1_48' title="bbox 366 3042 1938 3116; baseline -0.001 -19"><span class='ocrx_word' id='word_1_329' title='bbox 366 3045 669 3116; x_wconf 78' lang='grc' dir='ltr'>ἱερωσύνης</span> <span class='ocrx_word' id='word_1_330' title='bbox 700 3046 1077 3115; x_wconf 72' lang='grc' dir='ltr'>παυσάμενος.</span> <span class='ocrx_word' id='word_1_331' title='bbox 1125 3048 1205 3107; x_wconf 89' lang='grc' dir='ltr'><strong>εἰς</strong></span> <span class='ocrx_word' id='word_1_332' title='bbox 1258 3044 1610 3109; x_wconf 82' lang='grc' dir='ltr'>ἀναγνώστου</span> <span class='ocrx_word' id='word_1_333' title='bbox 1644 3042 1798 3109; x_wconf 81' lang='grc' dir='ltr'>τάξιν</span> <span class='ocrx_word' id='word_1_334' title='bbox 1849 3046 1938 3114; x_wconf 81' lang='grc' dir='ltr'>ἐρ-</span> 
     </span>
    </p>
   </div>
   <div class='ocr_carea' id='block_1_49' title="bbox 364 3136 2005 3208">
    <p class='ocr_par' dir='ltr' id='par_1_49' title="bbox 364 3136 2005 3208">
     <span class='ocr_line' id='line_1_49' title="bbox 364 3136 2005 3208; baseline -0.002 -17"><span class='ocrx_word' id='word_1_335' title='bbox 364 3136 569 3208; x_wconf 85' lang='grc' dir='ltr'>χέσθω.</span> <span class='ocrx_word' id='word_1_336' title='bbox 601 3137 803 3198; x_wconf 81' lang='grc' dir='ltr'>Λαῖκδς</span> <span class='ocrx_word' id='word_1_337' title='bbox 831 3138 909 3201; x_wconf 84' lang='grc' dir='ltr'><strong>δέ,</strong></span> <span class='ocrx_word' id='word_1_338' title='bbox 958 3137 1021 3189; x_wconf 80' lang='grc' dir='ltr'>τὸ</span> <span class='ocrx_word' id='word_1_339' title='bbox 1049 3136 1150 3204; x_wconf 76' lang='grc' dir='ltr'><strong>τῆς</strong></span> <span class='ocrx_word' id='word_1_340' title='bbox 1182 3136 1457 3205; x_wconf 82' lang='grc' dir='ltr'>μαλακίας</span> <span class='ocrx_word' id='word_1_341' title='bbox 1493 3137 1717 3205; x_wconf 81' lang='grc' dir='ltr'>αίσχρὺν</span> <span class='ocrx_word' id='word_1_342' title='bbox 1744 3152 1938 3206; x_wconf 77' lang='grc' dir='ltr'>κατερ·</span> <span class='ocrx_word' id='word_1_343' title='bbox 1971 3193 2005 3208; x_wconf 51' lang='grc' dir='ltr'><strong>η</strong></span> 
     </span>
    </p>
   </div>
   <div class='ocr_carea' id='block_1_50' title="bbox 365 3225 2007 3298">
    <p class='ocr_par' dir='ltr' id='par_1_50' title="bbox 365 3225 2007 3298">
     <span class='ocr_line' id='line_1_50' title="bbox 365 3225 2007 3298; baseline -0.002 -17"><span class='ocrx_word' id='word_1_344' title='bbox 365 3229 677 3297; x_wconf 82' lang='grc' dir='ltr'>γασάμενος</span> <span class='ocrx_word' id='word_1_345' title='bbox 713 3228 910 3292; x_wconf 77' lang='grc' dir='ltr'>πάθος,</span> <span class='ocrx_word' id='word_1_346' title='bbox 950 3231 1029 3289; x_wconf 90' lang='grc' dir='ltr'><strong>εἰς</strong></span> <span class='ocrx_word' id='word_1_347' title='bbox 1061 3225 1110 3297; x_wconf 87' lang='grc' dir='ltr'>μ’</span> <span class='ocrx_word' id='word_1_348' title='bbox 1141 3228 1358 3298; x_wconf 74' lang='grc' dir='ltr'>ἡμέρας</span> <span class='ocrx_word' id='word_1_349' title='bbox 1381 3229 1478 3296; x_wconf 82' lang='grc' dir='ltr'>τῆς</span> <span class='ocrx_word' id='word_1_350' title='bbox 1505 3227 1793 3290; x_wconf 86' lang='grc' dir='ltr'>κοινωνίας</span> <span class='ocrx_word' id='word_1_351' title='bbox 1823 3228 1935 3296; x_wconf 82' lang='grc' dir='ltr'>είρ-</span> <span class='ocrx_word' id='word_1_352' title='bbox 1967 3225 2007 3244; x_wconf 85' lang='lat'><strong>&quot;</strong></span> 
     </span>
    </p>
   </div>
   <div class='ocr_carea' id='block_1_51' title="bbox 364 3317 1935 3388">
    <p class='ocr_par' dir='ltr' id='par_1_51' title="bbox 364 3317 1935 3388">
     <span class='ocr_line' id='line_1_51' title="bbox 364 3317 1935 3388; baseline -0.001 -17"><span class='ocrx_word' id='word_1_353' title='bbox 364 3335 544 3388; x_wconf 82' lang='grc' dir='ltr'>γεται,</span> <span class='ocrx_word' id='word_1_354' title='bbox 563 3318 890 3388; x_wconf 78' lang='grc' dir='ltr'>ξηροφαγῶν</span> <span class='ocrx_word' id='word_1_355' title='bbox 912 3318 970 3369; x_wconf 87' lang='grc' dir='ltr'><strong>ἐν</strong></span> <span class='ocrx_word' id='word_1_356' title='bbox 986 3317 1200 3379; x_wconf 83' lang='grc' dir='ltr'>αὑταῖς,</span> <span class='ocrx_word' id='word_1_357' title='bbox 1221 3319 1314 3371; x_wconf 76' lang='grc' dir='ltr'>καὶ</span> <span class='ocrx_word' id='word_1_358' title='bbox 1335 3317 1682 3383; x_wconf 83' lang='grc' dir='ltr'>γονυκλισίας</span> <span class='ocrx_word' id='word_1_359' title='bbox 1699 3318 1935 3383; x_wconf 79' lang='grc' dir='ltr'>ἑκάστης</span> 
     </span>
    </p>
   </div>
   <div class='ocr_carea' id='block_1_52' title="bbox 371 3406 1933 3478">
    <p class='ocr_par' dir='ltr' id='par_1_52' title="bbox 371 3406 1933 3478">
     <span class='ocr_line' id='line_1_52' title="bbox 371 3406 1933 3478; baseline -0.003 -16"><span class='ocrx_word' id='word_1_360' title='bbox 371 3409 544 3463; x_wconf 87' lang='grc' dir='ltr'>ποιῶν</span> <span class='ocrx_word' id='word_1_361' title='bbox 567 3407 674 3478; x_wconf 82' lang='grc' dir='ltr'>μθ¹.</span> <span class='ocrx_word' id='word_1_362' title='bbox 714 3407 778 3461; x_wconf 85' lang='grc' dir='ltr'><strong>Ἦ</strong></span> <span class='ocrx_word' id='word_1_363' title='bbox 814 3408 872 3461; x_wconf 86' lang='grc' dir='ltr'>δὲ</span> <span class='ocrx_word' id='word_1_364' title='bbox 903 3407 990 3461; x_wconf 84' lang='grc' dir='ltr'><strong>διὰ</strong></span> <span class='ocrx_word' id='word_1_365' title='bbox 1020 3406 1118 3476; x_wconf 85' lang='grc' dir='ltr'>τῆς</span> <span class='ocrx_word' id='word_1_366' title='bbox 1137 3406 1384 3476; x_wconf 72' lang='grc' dir='ltr'>ἀλλήλων</span> <span class='ocrx_word' id='word_1_367' title='bbox 1429 3407 1630 3475; x_wconf 77' lang='grc' dir='ltr'>μίξεως</span> <span class='ocrx_word' id='word_1_368' title='bbox 1672 3406 1933 3475; x_wconf 82' lang='grc' dir='ltr'>γινομένη</span> 
     </span>
    </p>
   </div>
   <div class='ocr_carea' id='block_1_53' title="bbox 370 3496 1935 3569">
    <p class='ocr_par' dir='ltr' id='par_1_53' title="bbox 370 3496 1935 3569">
     <span class='ocr_line' id='line_1_53' title="bbox 370 3496 1935 3569; baseline -0.003 -17"><span class='ocrx_word' id='word_1_369' title='bbox 370 3500 612 3569; x_wconf 79' lang='grc' dir='ltr'>μαλακία</span> <span class='ocrx_word' id='word_1_370' title='bbox 667 3498 892 3551; x_wconf 82' lang='grc' dir='ltr'>διπλοῦν</span> <span class='ocrx_word' id='word_1_371' title='bbox 920 3496 1219 3566; x_wconf 74' lang='grc' dir='ltr'>ἐργάζεται</span> <span class='ocrx_word' id='word_1_372' title='bbox 1252 3497 1311 3549; x_wconf 82' lang='grc' dir='ltr'><strong>τδ</strong></span> <span class='ocrx_word' id='word_1_373' title='bbox 1342 3497 1532 3561; x_wconf 81' lang='grc' dir='ltr'>κακὸν,</span> <span class='ocrx_word' id='word_1_374' title='bbox 1587 3497 1682 3551; x_wconf 73' lang='grc' dir='ltr'>ἅτε</span> <span class='ocrx_word' id='word_1_375' title='bbox 1713 3496 1806 3550; x_wconf 89' lang='grc' dir='ltr'><strong>δύο</strong></span> <span class='ocrx_word' id='word_1_376' title='bbox 1841 3514 1935 3565; x_wconf 88' lang='grc' dir='ltr'>μο-</span> 
     </span>
    </p>
   </div>
   <div class='ocr_carea' id='block_1_54' title="bbox 365 3586 1934 3659">
    <p class='ocr_par' dir='ltr' id='par_1_54' title="bbox 365 3586 1934 3659">
     <span class='ocr_line' id='line_1_54' title="bbox 365 3586 1934 3659; baseline -0.001 -16"><span class='ocrx_word' id='word_1_377' title='bbox 365 3591 678 3659; x_wconf 85' lang='grc' dir='ltr'>λυνομένων</span> <span class='ocrx_word' id='word_1_378' title='bbox 709 3589 924 3658; x_wconf 85' lang='grc' dir='ltr'>ψυχῶν,</span> <span class='ocrx_word' id='word_1_379' title='bbox 952 3588 1035 3641; x_wconf 82' lang='grc' dir='ltr'><strong>διδ</strong></span> <span class='ocrx_word' id='word_1_380' title='bbox 1061 3589 1151 3642; x_wconf 75' lang='grc' dir='ltr'>καὶ</span> <span class='ocrx_word' id='word_1_381' title='bbox 1173 3586 1457 3642; x_wconf 84' lang='grc' dir='ltr'>διπλάσιον</span> <span class='ocrx_word' id='word_1_382' title='bbox 1483 3588 1513 3641; x_wconf 84' lang='grc'>6</span> <span class='ocrx_word' id='word_1_383' title='bbox 1539 3587 1742 3657; x_wconf 86' lang='grc' dir='ltr'>ταύτης</span> <span class='ocrx_word' id='word_1_384' title='bbox 1766 3588 1934 3658; x_wconf 82' lang='grc' dir='ltr'>ἐργά-</span> 
     </span>
    </p>
   </div>
   <div class='ocr_carea' id='block_1_55' title="bbox 364 3680 1934 3752">
    <p class='ocr_par' dir='ltr' id='par_1_55' title="bbox 364 3680 1934 3752">
     <span class='ocr_line' id='line_1_55' title="bbox 364 3680 1934 3752; baseline -0.003 -17"><span class='ocrx_word' id='word_1_385' title='bbox 364 3699 462 3752; x_wconf 89' lang='grc' dir='ltr'><strong>της</strong></span> <span class='ocrx_word' id='word_1_386' title='bbox 482 3685 537 3734; x_wconf 57' lang='lat' dir='ltr'><strong>te</strong></span> <span class='ocrx_word' id='word_1_387' title='bbox 564 3682 840 3738; x_wconf 73' lang='grc' dir='ltr'>ἐπιτίμιον</span> <span class='ocrx_word' id='word_1_388' title='bbox 858 3680 1096 3749; x_wconf 75' lang='grc' dir='ltr'>δέχεται,</span> <span class='ocrx_word' id='word_1_389' title='bbox 1115 3681 1195 3743; x_wconf 89' lang='grc' dir='ltr'><strong>είς</strong></span> <span class='ocrx_word' id='word_1_390' title='bbox 1222 3685 1278 3733; x_wconf 79' lang='grc' dir='ltr'>π’</span> <span class='ocrx_word' id='word_1_391' title='bbox 1302 3680 1512 3749; x_wconf 80' lang='grc' dir='ltr'>ἡμέρας</span> <span class='ocrx_word' id='word_1_392' title='bbox 1528 3680 1628 3749; x_wconf 80' lang='grc' dir='ltr'>τῆς</span> <span class='ocrx_word' id='word_1_393' title='bbox 1649 3681 1934 3742; x_wconf 85' lang='grc' dir='ltr'>κοινωνίας</span> 
     </span>
    </p>
   </div>
   <div class='ocr_carea' id='block_1_56' title="bbox 365 3771 1934 3843">
    <p class='ocr_par' dir='ltr' id='par_1_56' title="bbox 365 3771 1934 3843">
     <span class='ocr_line' id='line_1_56' title="bbox 365 3771 1934 3843; baseline 0 -18"><span class='ocrx_word' id='word_1_394' title='bbox 365 3774 708 3843; x_wconf 83' lang='grc' dir='ltr'>είργόμενος.</span> <span class='ocrx_word' id='word_1_395' title='bbox 771 3775 869 3827; x_wconf 71' lang='grc' dir='ltr'>καὶ</span> <span class='ocrx_word' id='word_1_396' title='bbox 928 3776 1007 3836; x_wconf 86' lang='grc' dir='ltr'><strong>είς</strong></span> <span class='ocrx_word' id='word_1_397' title='bbox 1055 3776 1102 3843; x_wconf 85' lang='grc' dir='ltr'>ρ’</span> <span class='ocrx_word' id='word_1_398' title='bbox 1130 3773 1195 3827; x_wconf 81' lang='grc' dir='ltr'>τὸ</span> <span class='ocrx_word' id='word_1_399' title='bbox 1247 3771 1342 3824; x_wconf 84' lang='grc' dir='ltr'>τὸν</span> <span class='ocrx_word' id='word_1_400' title='bbox 1401 3773 1701 3841; x_wconf 83' lang='grc' dir='ltr'>μετανοιῶν</span> <span class='ocrx_word' id='word_1_401' title='bbox 1737 3774 1934 3843; x_wconf 86' lang='grc' dir='ltr'>μέτρον</span> 
     </span>
    </p>
   </div>
   <div class='ocr_carea' id='block_1_57' title="bbox 364 3862 1935 3935">
    <p class='ocr_par' dir='ltr' id='par_1_57' title="bbox 364 3862 1935 3935">
     <span class='ocr_line' id='line_1_57' title="bbox 364 3862 1935 3935; baseline -0.001 -19"><span class='ocrx_word' id='word_1_402' title='bbox 364 3865 621 3918; x_wconf 78' lang='grc' dir='ltr'>ἐκτείνων</span> <span class='ocrx_word' id='word_1_403' title='bbox 671 3864 811 3935; x_wconf 69' lang='grc' dir='ltr'>μετὰ</span> <span class='ocrx_word' id='word_1_404' title='bbox 858 3864 956 3934; x_wconf 80' lang='grc' dir='ltr'>τῆς</span> <span class='ocrx_word' id='word_1_405' title='bbox 1011 3862 1401 3934; x_wconf 86' lang='grc' dir='ltr'>προσηκούσης</span> <span class='ocrx_word' id='word_1_406' title='bbox 1457 3862 1734 3932; x_wconf 80' lang='grc' dir='ltr'>νηστείας.</span> <span class='ocrx_word' id='word_1_407' title='bbox 1777 3862 1935 3916; x_wconf 77' lang='grc' dir='ltr'><strong>Ἀλλὰ</strong></span> 
     </span>
    </p>
   </div>
   <div class='ocr_carea' id='block_1_58' title="bbox 363 3954 1935 4027">
    <p class='ocr_par' dir='ltr' id='par_1_58' title="bbox 363 3954 1935 4027">
     <span class='ocr_line' id='line_1_58' title="bbox 363 3954 1935 4027; baseline -0.004 -16"><span class='ocrx_word' id='word_1_408' title='bbox 363 3957 536 4012; x_wconf 78' lang='grc' dir='ltr'>ταῦτα</span> <span class='ocrx_word' id='word_1_409' title='bbox 567 3958 666 4026; x_wconf 71' lang='grc' dir='ltr'>μὲν</span> <span class='ocrx_word' id='word_1_410' title='bbox 697 3958 824 4027; x_wconf 73' lang='grc' dir='ltr'>περὶ</span> <span class='ocrx_word' id='word_1_411' title='bbox 852 3956 1065 4009; x_wconf 89' lang='grc' dir='ltr'>τούτου.</span> <span class='ocrx_word' id='word_1_412' title='bbox 1111 3954 1177 4009; x_wconf 81' lang='grc' dir='ltr'><strong><em>Ἥ</em></strong></span> <span class='ocrx_word' id='word_1_413' title='bbox 1196 3955 1253 4009; x_wconf 86' lang='grc' dir='ltr'><strong>δέ</strong></span> <span class='ocrx_word' id='word_1_414' title='bbox 1277 3956 1573 4027; x_wconf 28' lang='grc' dir='ltr'>ἀπὺννόσου</span> <span class='ocrx_word' id='word_1_415' title='bbox 1593 3954 1704 4009; x_wconf 84' lang='grc' dir='ltr'><strong>τῶν</strong></span> <span class='ocrx_word' id='word_1_416' title='bbox 1722 3955 1935 4025; x_wconf 83' lang='grc' dir='ltr'>νεφρῶν</span> 
     </span>
    </p>
   </div>
   <div class='ocr_carea' id='block_1_59' title="bbox 364 4045 1934 4121">
    <p class='ocr_par' dir='ltr' id='par_1_59' title="bbox 364 4045 1934 4121">
     <span class='ocr_line' id='line_1_59' title="bbox 364 4045 1934 4121; baseline -0.003 -19"><span class='ocrx_word' id='word_1_417' title='bbox 364 4050 624 4121; x_wconf 85' lang='grc' dir='ltr'>γινομένη</span> <span class='ocrx_word' id='word_1_418' title='bbox 660 4049 760 4119; x_wconf 77' lang='grc' dir='ltr'><strong>ῥοὴ</strong></span> <span class='ocrx_word' id='word_1_419' title='bbox 796 4047 891 4101; x_wconf 83' lang='grc' dir='ltr'>τοῦ</span> <span class='ocrx_word' id='word_1_420' title='bbox 922 4046 1108 4115; x_wconf 83' lang='grc' dir='ltr'>θοροῦ,</span> <span class='ocrx_word' id='word_1_421' title='bbox 1147 4045 1237 4100; x_wconf 77' lang='grc' dir='ltr'><strong>οἱα</strong></span> <span class='ocrx_word' id='word_1_422' title='bbox 1276 4047 1309 4115; x_wconf 80' lang='grc' dir='ltr'>ἡ</span> <span class='ocrx_word' id='word_1_423' title='bbox 1342 4046 1450 4100; x_wconf 86' lang='grc' dir='ltr'><strong>τῶν</strong></span> <span class='ocrx_word' id='word_1_424' title='bbox 1480 4046 1809 4116; x_wconf 70' lang='grc' dir='ltr'>γονορῥοιῶν</span> <span class='ocrx_word' id='word_1_425' title='bbox 1840 4048 1934 4099; x_wconf 76' lang='grc' dir='ltr'>καὶ</span> 
     </span>
    </p>
   </div>
   <div class='ocr_carea' id='block_1_60' title="bbox 365 4140 1936 4215">
    <p class='ocr_par' dir='ltr' id='par_1_60' title="bbox 365 4140 1936 4215">
     <span class='ocr_line' id='line_1_60' title="bbox 365 4140 1936 4215; baseline -0.003 -20"><span class='ocrx_word' id='word_1_426' title='bbox 365 4146 463 4215; x_wconf 71' lang='grc' dir='ltr'>τῆς</span> <span class='ocrx_word' id='word_1_427' title='bbox 499 4144 807 4207; x_wconf 80' lang='grc' dir='ltr'>λιθιάσεως,</span> <span class='ocrx_word' id='word_1_428' title='bbox 834 4140 1186 4195; x_wconf 78' lang='grc' dir='ltr'>παντάπασιν</span> <span class='ocrx_word' id='word_1_429' title='bbox 1210 4142 1593 4209; x_wconf 85' lang='grc' dir='ltr'>ἀνεπίκλητος.</span> <span class='ocrx_word' id='word_1_430' title='bbox 1621 4140 1681 4192; x_wconf 83' lang='grc' dir='ltr'><strong>Εἰ</strong></span> <span class='ocrx_word' id='word_1_431' title='bbox 1711 4140 1820 4207; x_wconf 88' lang='grc' dir='ltr'>γὰρ</span> <span class='ocrx_word' id='word_1_432' title='bbox 1840 4140 1936 4191; x_wconf 84' lang='grc' dir='ltr'>καὶ</span> 
     </span>
    </p>
   </div>
   <div class='ocr_carea' id='block_1_61' title="bbox 363 4231 1930 4306">
    <p class='ocr_par' dir='ltr' id='par_1_61' title="bbox 363 4231 1930 4306">
     <span class='ocr_line' id='line_1_61' title="bbox 363 4231 1930 4306; baseline -0.005 -16"><span class='ocrx_word' id='word_1_433' title='bbox 363 4238 439 4306; x_wconf 82' lang='grc' dir='ltr'>τῷ</span> <span class='ocrx_word' id='word_1_434' title='bbox 473 4232 717 4298; x_wconf 84' lang='grc' dir='ltr'>Μωσέως</span> <span class='ocrx_word' id='word_1_435' title='bbox 760 4236 910 4304; x_wconf 82' lang='grc' dir='ltr'>νόμῳ</span> <span class='ocrx_word' id='word_1_436' title='bbox 944 4236 993 4285; x_wconf 87' lang='grc' dir='ltr'><strong>οἱ</strong></span> <span class='ocrx_word' id='word_1_437' title='bbox 1041 4235 1362 4302; x_wconf 75' lang='grc' dir='ltr'>γονορῤυεῖς</span> <span class='ocrx_word' id='word_1_438' title='bbox 1408 4232 1708 4301; x_wconf 75' lang='grc' dir='ltr'>ἀκάθαρτοι</span> <span class='ocrx_word' id='word_1_439' title='bbox 1752 4231 1930 4298; x_wconf 86' lang='grc' dir='ltr'>ἐλογί-</span> 
     </span>
    </p>
   </div>
   <div class='ocr_carea' id='block_1_62' title="bbox 365 4322 1934 4396">
    <p class='ocr_par' dir='ltr' id='par_1_62' title="bbox 365 4322 1934 4396">
     <span class='ocr_line' id='line_1_62' title="bbox 365 4322 1934 4396; baseline -0.004 -15"><span class='ocrx_word' id='word_1_440' title='bbox 365 4327 539 4393; x_wconf 80' lang='grc' dir='ltr'>ζοντο,</span> <span class='ocrx_word' id='word_1_441' title='bbox 569 4327 687 4380; x_wconf 82' lang='grc' dir='ltr'>ἀλλ’</span> <span class='ocrx_word' id='word_1_442' title='bbox 722 4326 926 4388; x_wconf 79' lang='grc' dir='ltr'>ἐκεῖνος</span> <span class='ocrx_word' id='word_1_443' title='bbox 971 4326 1090 4378; x_wconf 83' lang='grc' dir='ltr'>καθ’</span> <span class='ocrx_word' id='word_1_444' title='bbox 1118 4325 1306 4396; x_wconf 76' lang='grc' dir='ltr'>ἕτερον</span> <span class='ocrx_word' id='word_1_445' title='bbox 1336 4324 1506 4394; x_wconf 80' lang='grc' dir='ltr'>δήπου</span> <span class='ocrx_word' id='word_1_446' title='bbox 1535 4340 1599 4393; x_wconf 85' lang='grc' dir='ltr'><strong>γε</strong></span> <span class='ocrx_word' id='word_1_447' title='bbox 1626 4323 1824 4393; x_wconf 85' lang='grc' dir='ltr'>τρόπον</span> <span class='ocrx_word' id='word_1_448' title='bbox 1846 4322 1934 4376; x_wconf 80' lang='grc' dir='ltr'>διὰ</span> 
     </span>
    </p>
   </div>
   <div class='ocr_carea' id='block_1_63' title="bbox 365 4414 1932 4488">
    <p class='ocr_par' dir='ltr' id='par_1_63' title="bbox 365 4414 1932 4488">
     <span class='ocr_line' id='line_1_63' title="bbox 365 4414 1932 4488; baseline -0.004 -16"><span class='ocrx_word' id='word_1_449' title='bbox 365 4419 473 4473; x_wconf 84' lang='grc' dir='ltr'><strong>τῶν</strong></span> <span class='ocrx_word' id='word_1_450' title='bbox 523 4418 853 4488; x_wconf 84' lang='grc' dir='ltr'>σωματικῶν</span> <span class='ocrx_word' id='word_1_451' title='bbox 890 4417 1235 4486; x_wconf 86' lang='grc' dir='ltr'>παθημάτων</span> <span class='ocrx_word' id='word_1_452' title='bbox 1278 4416 1349 4469; x_wconf 83' lang='grc' dir='ltr'><strong>τά</strong></span> <span class='ocrx_word' id='word_1_453' title='bbox 1401 4417 1498 4482; x_wconf 78' lang='grc' dir='ltr'>τῆς</span> <span class='ocrx_word' id='word_1_454' title='bbox 1547 4414 1725 4484; x_wconf 81' lang='grc' dir='ltr'>ψυχῆς</span> <span class='ocrx_word' id='word_1_455' title='bbox 1758 4431 1932 4484; x_wconf 77' lang='grc' dir='ltr'>παρει-</span> 
     </span>
    </p>
   </div>
   <div class='ocr_carea' id='block_1_64' title="bbox 2039 1954 3615 2023">
    <p class='ocr_par' dir='ltr' id='par_1_64' title="bbox 2039 1954 3615 2023">
     <span class='ocr_line' id='line_1_64' title="bbox 2039 1954 3615 2023; baseline -0.002 -17"><span class='ocrx_word' id='word_1_456' title='bbox 2039 1963 2361 2008; x_wconf 86' lang='lat' dir='ltr'><strong>nocturnam</strong></span> <span class='ocrx_word' id='word_1_457' title='bbox 2413 1954 2860 2023; x_wconf 80' lang='lat' dir='ltr'><strong>imaginationem</strong></span> <span class='ocrx_word' id='word_1_458' title='bbox 2911 1955 3145 2008; x_wconf 82' lang='lat' dir='ltr'><strong>seminis</strong></span> <span class='ocrx_word' id='word_1_459' title='bbox 3179 1954 3383 2019; x_wconf 71' lang='lat' dir='ltr'><strong>ﬂuxus,</strong></span> <span class='ocrx_word' id='word_1_460' title='bbox 3441 1957 3615 2008; x_wconf 79' lang='lat' dir='ltr'><strong>multo</strong></span> 
     </span>
    </p>
   </div>
   <div class='ocr_carea' id='block_1_65' title="bbox 2037 2042 3619 2112">
    <p class='ocr_par' dir='ltr' id='par_1_65' title="bbox 2037 2042 3619 2112">
     <span class='ocr_line' id='line_1_65' title="bbox 2037 2042 3619 2112; baseline 0.001 -17"><span class='ocrx_word' id='word_1_461' title='bbox 2037 2044 2208 2112; x_wconf 80' lang='lat' dir='ltr'><strong>magis</strong></span> <span class='ocrx_word' id='word_1_462' title='bbox 2243 2044 2499 2111; x_wconf 80' lang='lat' dir='ltr'><strong>punietur</strong></span> <span class='ocrx_word' id='word_1_463' title='bbox 2524 2059 2620 2111; x_wconf 80' lang='lat' dir='ltr'><strong>per</strong></span> <span class='ocrx_word' id='word_1_464' title='bbox 2647 2044 2927 2098; x_wconf 81' lang='lat' dir='ltr'><strong>mollitiem</strong></span> <span class='ocrx_word' id='word_1_465' title='bbox 2979 2042 3222 2107; x_wconf 81' lang='lat' dir='ltr'><strong>elﬂuxin,</strong></span> <span class='ocrx_word' id='word_1_466' title='bbox 3257 2043 3481 2097; x_wconf 84' lang='lat' dir='ltr'><strong>omnino</strong></span> <span class='ocrx_word' id='word_1_467' title='bbox 3537 2046 3619 2097; x_wconf 84' lang='lat' dir='ltr'><strong>vi-</strong></span> 
     </span>
    </p>
   </div>
   <div class='ocr_carea' id='block_1_66' title="bbox 2036 2124 3617 2204">
    <p class='ocr_par' dir='ltr' id='par_1_66' title="bbox 2036 2124 3617 2204">
     <span class='ocr_line' id='line_1_66' title="bbox 2036 2124 3617 2204; baseline 0 -16"><span class='ocrx_word' id='word_1_468' title='bbox 2036 2134 2209 2199; x_wconf 76' lang='lat' dir='ltr'><strong>sione,</strong></span> <span class='ocrx_word' id='word_1_469' title='bbox 2254 2124 2413 2204; x_wconf 60' lang='grc'><strong>164</strong></span> <span class='ocrx_word' id='word_1_470' title='bbox 2441 2146 2493 2185; x_wconf 88' lang='lat' dir='ltr'><strong>et</strong></span> <span class='ocrx_word' id='word_1_471' title='bbox 2525 2150 2631 2186; x_wconf 84' lang='lat' dir='ltr'><strong>non</strong></span> <span class='ocrx_word' id='word_1_472' title='bbox 2657 2149 2720 2187; x_wconf 82' lang='lat' dir='ltr'><strong>ex</strong></span> <span class='ocrx_word' id='word_1_473' title='bbox 2755 2137 2970 2187; x_wconf 89' lang='lat' dir='ltr'><strong>somnio</strong></span> <span class='ocrx_word' id='word_1_474' title='bbox 3024 2134 3228 2203; x_wconf 85' lang='lat' dir='ltr'><strong>polluto</strong></span> <span class='ocrx_word' id='word_1_475' title='bbox 3286 2133 3446 2188; x_wconf 77' lang='lat' dir='ltr'><strong>facta.</strong></span> <span class='ocrx_word' id='word_1_476' title='bbox 3479 2130 3617 2188; x_wconf 77' lang='lat' dir='ltr'><strong>Dicit</strong></span> 
     </span>
    </p>
   </div>
   <div class='ocr_carea' id='block_1_67' title="bbox 2034 2223 3618 2281">
    <p class='ocr_par' dir='ltr' id='par_1_67' title="bbox 2034 2223 3618 2281">
     <span class='ocr_line' id='line_1_67' title="bbox 2034 2223 3618 2281; baseline -0.001 -1"><span class='ocrx_word' id='word_1_477' title='bbox 2034 2227 2180 2280; x_wconf 91' lang='lat' dir='ltr'><strong>enim</strong></span> <span class='ocrx_word' id='word_1_478' title='bbox 2215 2224 2505 2280; x_wconf 81' lang='lat' dir='ltr'><strong>Nesteutes</strong></span> <span class='ocrx_word' id='word_1_479' title='bbox 2532 2223 2808 2280; x_wconf 81' lang='lat' dir='ltr'><strong>Joannes:</strong></span> <span class='ocrx_word' id='word_1_480' title='bbox 2843 2224 3089 2281; x_wconf 87' lang='lat' dir='ltr'><strong>Clericus</strong></span> <span class='ocrx_word' id='word_1_481' title='bbox 3131 2226 3376 2280; x_wconf 86' lang='lat' dir='ltr'><strong>mollitiei</strong></span> <span class='ocrx_word' id='word_1_482' title='bbox 3428 2229 3618 2280; x_wconf 81' lang='lat' dir='ltr'><strong>morbo</strong></span> 
     </span>
    </p>
   </div>
   <div class='ocr_carea' id='block_1_68' title="bbox 2037 2315 3615 2381">
    <p class='ocr_par' dir='ltr' id='par_1_68' title="bbox 2037 2315 3615 2381">
     <span class='ocr_line' id='line_1_68' title="bbox 2037 2315 3615 2381; baseline -0.001 -12"><span class='ocrx_word' id='word_1_483' title='bbox 2037 2315 2451 2370; x_wconf 76' lang='lat' dir='ltr'><strong>laborans~anle</strong></span> <span class='ocrx_word' id='word_1_484' title='bbox 2476 2316 2872 2381; x_wconf 57' lang='lat' dir='ltr'><strong>sacerdotium,</strong></span> <span class='ocrx_word' id='word_1_485' title='bbox 2919 2333 3025 2371; x_wconf 86' lang='lat' dir='ltr'><strong>non</strong></span> <span class='ocrx_word' id='word_1_486' title='bbox 3053 2316 3377 2372; x_wconf 81' lang='lat' dir='ltr'><strong>existimans</strong></span> <span class='ocrx_word' id='word_1_487' title='bbox 3408 2316 3615 2379; x_wconf 77' lang='lat' dir='ltr'><strong>forsan,</strong></span> 
     </span>
    </p>
   </div>
   <div class='ocr_carea' id='block_1_69' title="bbox 2037 2408 3619 2481">
    <p class='ocr_par' dir='ltr' id='par_1_69' title="bbox 2037 2408 3619 2481">
     <span class='ocr_line' id='line_1_69' title="bbox 2037 2408 3619 2481; baseline 0.001 -19"><span class='ocrx_word' id='word_1_488' title='bbox 2037 2411 2180 2481; x_wconf 90' lang='lat' dir='ltr'><strong>quod</strong></span> <span class='ocrx_word' id='word_1_489' title='bbox 2218 2411 2289 2463; x_wconf 92' lang='lat' dir='ltr'><strong>ob</strong></span> <span class='ocrx_word' id='word_1_490' title='bbox 2324 2411 2427 2464; x_wconf 84' lang='lat' dir='ltr'><strong>hoc</strong></span> <span class='ocrx_word' id='word_1_491' title='bbox 2471 2410 2647 2465; x_wconf 87' lang='lat' dir='ltr'><strong>solum</strong></span> <span class='ocrx_word' id='word_1_492' title='bbox 2689 2408 2997 2463; x_wconf 75' lang='lat' dir='ltr'><strong>sacerdotio</strong></span> <span class='ocrx_word' id='word_1_493' title='bbox 3042 2411 3429 2478; x_wconf 74' lang='lat' dir='ltr'><strong>expelleretm,</strong></span> <span class='ocrx_word' id='word_1_494' title='bbox 3482 2412 3619 2463; x_wconf 84' lang='lat' dir='ltr'><strong>satis</strong></span> 
     </span>
    </p>
   </div>
   <div class='ocr_carea' id='block_1_70' title="bbox 2039 2497 3615 2568">
    <p class='ocr_par' dir='ltr' id='par_1_70' title="bbox 2039 2497 3615 2568">
     <span class='ocr_line' id='line_1_70' title="bbox 2039 2497 3615 2568; baseline -0.003 -14"><span class='ocrx_word' id='word_1_495' title='bbox 2039 2508 2194 2554; x_wconf 81' lang='lat' dir='ltr'><strong>antea</strong></span> <span class='ocrx_word' id='word_1_496' title='bbox 2248 2499 2473 2568; x_wconf 84' lang='lat' dir='ltr'><strong>punitus</strong></span> <span class='ocrx_word' id='word_1_497' title='bbox 2507 2498 2588 2553; x_wconf 86' lang='lat' dir='ltr'><strong>sic</strong></span> <span class='ocrx_word' id='word_1_498' title='bbox 2628 2498 2937 2553; x_wconf 88' lang='lat' dir='ltr'><strong>sacerdotio</strong></span> <span class='ocrx_word' id='word_1_499' title='bbox 2972 2497 3172 2565; x_wconf 69' lang='lat' dir='ltr'><strong>dignus</strong></span> <span class='ocrx_word' id='word_1_500' title='bbox 3237 2500 3526 2553; x_wconf 83' lang='lat' dir='ltr'><strong>habeatur.</strong></span> <span class='ocrx_word' id='word_1_501' title='bbox 3562 2502 3615 2551; x_wconf 82' lang='lat' dir='ltr'><strong>Si</strong></span> 
     </span>
    </p>
   </div>
   <div class='ocr_carea' id='block_1_71' title="bbox 2039 2580 3615 2658">
    <p class='ocr_par' dir='ltr' id='par_1_71' title="bbox 2039 2580 3615 2658">
     <span class='ocr_line' id='line_1_71' title="bbox 2039 2580 3615 2658; baseline -0.001 -17"><span class='ocrx_word' id='word_1_502' title='bbox 2039 2605 2167 2641; x_wconf 80' lang='lat' dir='ltr'><strong>vero</strong></span> <span class='ocrx_word' id='word_1_503' title='bbox 2186 2600 2309 2658; x_wconf 79' lang='lat' dir='ltr'><strong>post</strong></span> <span class='ocrx_word' id='word_1_504' title='bbox 2340 2588 2704 2641; x_wconf 87' lang='lat' dir='ltr'><strong>sacerdotium</strong></span> <span class='ocrx_word' id='word_1_505' title='bbox 2728 2580 2802 2642; x_wconf 82' lang='lat' dir='ltr'><strong>in</strong></span> <span class='ocrx_word' id='word_1_506' title='bbox 2834 2588 2937 2642; x_wconf 81' lang='lat' dir='ltr'><strong>hoc</strong></span> <span class='ocrx_word' id='word_1_507' title='bbox 2983 2588 3259 2651; x_wconf 87' lang='lat' dir='ltr'><strong>inciderit,-</strong></span> <span class='ocrx_word' id='word_1_508' title='bbox 3292 2604 3387 2657; x_wconf 90' lang='lat' dir='ltr'><strong>per</strong></span> <span class='ocrx_word' id='word_1_509' title='bbox 3411 2604 3615 2642; x_wconf 86' lang='lat' dir='ltr'><strong>annum</strong></span> 
     </span>
    </p>
   </div>
   <div class='ocr_carea' id='block_1_72' title="bbox 2043 2681 3614 2751">
    <p class='ocr_par' dir='ltr' id='par_1_72' title="bbox 2043 2681 3614 2751">
     <span class='ocr_line' id='line_1_72' title="bbox 2043 2681 3614 2751; baseline -0.001 -17"><span class='ocrx_word' id='word_1_510' title='bbox 2043 2698 2210 2735; x_wconf 87' lang='lat' dir='ltr'><strong>unum</strong></span> <span class='ocrx_word' id='word_1_511' title='bbox 2253 2698 2283 2736; x_wconf 87' lang='lat' dir='ltr'><strong>a</strong></span> <span class='ocrx_word' id='word_1_512' title='bbox 2312 2682 2620 2737; x_wconf 82' lang='lat' dir='ltr'><strong>sacerdOtio</strong></span> <span class='ocrx_word' id='word_1_513' title='bbox 2664 2681 2949 2750; x_wconf 81' lang='lat' dir='ltr'><strong>expulsus,</strong></span> <span class='ocrx_word' id='word_1_514' title='bbox 2980 2690 3035 2735; x_wconf 87' lang='lat' dir='ltr'><strong>et</strong></span> <span class='ocrx_word' id='word_1_515' title='bbox 3076 2681 3273 2736; x_wconf 84' lang='lat' dir='ltr'><strong>debitis</strong></span> <span class='ocrx_word' id='word_1_516' title='bbox 3323 2682 3500 2751; x_wconf 60' lang='lat' dir='ltr'><strong>pannis</strong></span> <span class='ocrx_word' id='word_1_517' title='bbox 3548 2683 3614 2733; x_wconf 83' lang='lat' dir='ltr'><strong>ad</strong></span> 
     </span>
    </p>
   </div>
   <div class='ocr_carea' id='block_1_73' title="bbox 2039 2769 3617 2835">
    <p class='ocr_par' dir='ltr' id='par_1_73' title="bbox 2039 2769 3617 2835">
     <span class='ocr_line' id='line_1_73' title="bbox 2039 2769 3617 2835; baseline -0.003 -8"><span class='ocrx_word' id='word_1_518' title='bbox 2039 2788 2228 2827; x_wconf 79' lang='lat' dir='ltr'><strong>sanam</strong></span> <span class='ocrx_word' id='word_1_519' title='bbox 2276 2782 2511 2826; x_wconf 85' lang='lat' dir='ltr'><strong>mentem</strong></span> <span class='ocrx_word' id='word_1_520' title='bbox 2569 2773 2861 2835; x_wconf 85' lang='lat' dir='ltr'><strong>redactus,</strong></span> <span class='ocrx_word' id='word_1_521' title='bbox 2900 2769 2968 2826; x_wconf 83' lang='lat' dir='ltr'><strong>ad</strong></span> <span class='ocrx_word' id='word_1_522' title='bbox 3013 2772 3383 2826; x_wconf 80' lang='lat' dir='ltr'><strong>sacerdotium</strong></span> <span class='ocrx_word' id='word_1_523' title='bbox 3428 2788 3617 2825; x_wconf 75' lang='lat' dir='ltr'><strong>rever-</strong></span> 
     </span>
    </p>
   </div>
   <div class='ocr_carea' id='block_1_74' title="bbox 2042 2860 3614 2934">
    <p class='ocr_par' dir='ltr' id='par_1_74' title="bbox 2042 2860 3614 2934">
     <span class='ocr_line' id='line_1_74' title="bbox 2042 2860 3614 2934; baseline 0.001 -21"><span class='ocrx_word' id='word_1_524' title='bbox 2042 2871 2184 2916; x_wconf 87' lang='lat' dir='ltr'><strong>tatur</strong></span> <span class='ocrx_word' id='word_1_525' title='bbox 2215 2881 2228 2918; x_wconf 86' lang='lat'><strong>:</strong></span> <span class='ocrx_word' id='word_1_526' title='bbox 2271 2863 2316 2917; x_wconf 69' lang='lat' dir='ltr'><strong>si</strong></span> <span class='ocrx_word' id='word_1_527' title='bbox 2347 2877 2474 2915; x_wconf 80' lang='lat' dir='ltr'><strong>vero</strong></span> <span class='ocrx_word' id='word_1_528' title='bbox 2503 2873 2625 2930; x_wconf 90' lang='lat' dir='ltr'><strong>post</strong></span> <span class='ocrx_word' id='word_1_529' title='bbox 2655 2862 2865 2932; x_wconf 83' lang='lat' dir='ltr'><strong>peccati</strong></span> <span class='ocrx_word' id='word_1_530' title='bbox 2911 2863 3246 2934; x_wconf 80' lang='lat' dir='ltr'><strong>agnitionem</strong></span> <span class='ocrx_word' id='word_1_531' title='bbox 3286 2860 3369 2919; x_wconf 85' lang='lat' dir='ltr'><strong>bis</strong></span> <span class='ocrx_word' id='word_1_532' title='bbox 3414 2864 3501 2917; x_wconf 78' lang='lat' dir='ltr'><strong>vel</strong></span> <span class='ocrx_word' id='word_1_533' title='bbox 3527 2874 3614 2917; x_wconf 90' lang='lat' dir='ltr'><strong>ter</strong></span> 
     </span>
    </p>
   </div>
   <div class='ocr_carea' id='block_1_75' title="bbox 2043 2952 3609 3012">
    <p class='ocr_par' dir='ltr' id='par_1_75' title="bbox 2043 2952 3609 3012">
     <span class='ocr_line' id='line_1_75' title="bbox 2043 2952 3609 3012; baseline -0.003 -6"><span class='ocrx_word' id='word_1_534' title='bbox 2043 2954 2145 3007; x_wconf 87' lang='lat' dir='ltr'><strong>hoc</strong></span> <span class='ocrx_word' id='word_1_535' title='bbox 2179 2952 2388 3012; x_wconf 80' lang='lat' dir='ltr'><strong>fecerit.</strong></span> <span class='ocrx_word' id='word_1_536' title='bbox 2416 2952 2722 3008; x_wconf 83' lang='lat' dir='ltr'><strong>sacerdotio</strong></span> <span class='ocrx_word' id='word_1_537' title='bbox 2752 2967 2978 3008; x_wconf 85' lang='lat' dir='ltr'><strong>cessans</strong></span> <span class='ocrx_word' id='word_1_538' title='bbox 3029 2953 3080 3006; x_wconf 92' lang='lat' dir='ltr'><strong>in</strong></span> <span class='ocrx_word' id='word_1_539' title='bbox 3112 2953 3334 3006; x_wconf 84' lang='lat' dir='ltr'><strong>lectoris</strong></span> <span class='ocrx_word' id='word_1_540' title='bbox 3358 2952 3609 3006; x_wconf 84' lang='lat' dir='ltr'><strong>ordinem</strong></span> 
     </span>
    </p>
   </div>
   <div class='ocr_carea' id='block_1_76' title="bbox 2042 3042 3610 3114">
    <p class='ocr_par' dir='ltr' id='par_1_76' title="bbox 2042 3042 3610 3114">
     <span class='ocr_line' id='line_1_76' title="bbox 2042 3042 3610 3114; baseline 0.001 -18"><span class='ocrx_word' id='word_1_541' title='bbox 2042 3044 2241 3097; x_wconf 74' lang='lat' dir='ltr'><strong>veniat.</strong></span> <span class='ocrx_word' id='word_1_542' title='bbox 2280 3042 2482 3097; x_wconf 80' lang='lat' dir='ltr'><strong>Laieus</strong></span> <span class='ocrx_word' id='word_1_543' title='bbox 2510 3055 2690 3097; x_wconf 87' lang='lat' dir='ltr'><strong>autem</strong></span> <span class='ocrx_word' id='word_1_544' title='bbox 2728 3043 2975 3097; x_wconf 86' lang='lat' dir='ltr'><strong>mollitiei</strong></span> <span class='ocrx_word' id='word_1_545' title='bbox 3016 3053 3175 3114; x_wconf 87' lang='lat' dir='ltr'><strong>turpe</strong></span> <span class='ocrx_word' id='word_1_546' title='bbox 3215 3043 3416 3095; x_wconf 89' lang='lat' dir='ltr'><strong>malum</strong></span> <span class='ocrx_word' id='word_1_547' title='bbox 3452 3057 3610 3111; x_wconf 51' lang='lat' dir='ltr'><strong>pera-</strong></span> 
     </span>
    </p>
   </div>
   <div class='ocr_carea' id='block_1_77' title="bbox 2042 3134 3611 3203">
    <p class='ocr_par' dir='ltr' id='par_1_77' title="bbox 2042 3134 3611 3203">
     <span class='ocr_line' id='line_1_77' title="bbox 2042 3134 3611 3203; baseline -0.001 -15"><span class='ocrx_word' id='word_1_548' title='bbox 2042 3152 2198 3202; x_wconf 78' lang='lat' dir='ltr'><strong>gens,</strong></span> <span class='ocrx_word' id='word_1_549' title='bbox 2233 3134 2596 3203; x_wconf 60' lang='lat' dir='ltr'><strong>quadraginta</strong></span> <span class='ocrx_word' id='word_1_550' title='bbox 2637 3135 2752 3189; x_wconf 84' lang='lat' dir='ltr'><strong>dies</strong></span> <span class='ocrx_word' id='word_1_551' title='bbox 2777 3150 2805 3186; x_wconf 91' lang='lat' dir='ltr'><strong>a</strong></span> <span class='ocrx_word' id='word_1_552' title='bbox 2841 3135 3232 3188; x_wconf 80' lang='lat' dir='ltr'><strong>communione</strong></span> <span class='ocrx_word' id='word_1_553' title='bbox 3260 3145 3499 3199; x_wconf 79' lang='lat' dir='ltr'><strong>arcetur,</strong></span> <span class='ocrx_word' id='word_1_554' title='bbox 3559 3137 3611 3186; x_wconf 89' lang='lat' dir='ltr'><strong>in</strong></span> 
     </span>
    </p>
   </div>
   <div class='ocr_carea' id='block_1_78' title="bbox 2042 3225 3615 3297">
    <p class='ocr_par' dir='ltr' id='par_1_78' title="bbox 2042 3225 3615 3297">
     <span class='ocr_line' id='line_1_78' title="bbox 2042 3225 3615 3297; baseline -0.001 -17"><span class='ocrx_word' id='word_1_555' title='bbox 2042 3228 2148 3281; x_wconf 85' lang='lat' dir='ltr'><strong>illis</strong></span> <span class='ocrx_word' id='word_1_556' title='bbox 2174 3227 2342 3281; x_wconf 85' lang='lat' dir='ltr'><strong>aridis</strong></span> <span class='ocrx_word' id='word_1_557' title='bbox 2372 3242 2619 3291; x_wconf 48' lang='lat' dir='ltr'><strong>reserans,</strong></span> <span class='ocrx_word' id='word_1_558' title='bbox 2653 3236 2706 3281; x_wconf 91' lang='lat' dir='ltr'><strong>et</strong></span> <span class='ocrx_word' id='word_1_559' title='bbox 2739 3226 2792 3278; x_wconf 90' lang='lat' dir='ltr'><strong>in</strong></span> <span class='ocrx_word' id='word_1_560' title='bbox 2817 3242 3153 3297; x_wconf 82' lang='lat' dir='ltr'><strong>unaquaque</strong></span> <span class='ocrx_word' id='word_1_561' title='bbox 3183 3225 3615 3295; x_wconf 75' lang='lat' dir='ltr'><strong>genuﬂectiones</strong></span> 
     </span>
    </p>
   </div>
   <div class='ocr_carea' id='block_1_79' title="bbox 2042 3318 3616 3389">
    <p class='ocr_par' dir='ltr' id='par_1_79' title="bbox 2042 3318 3616 3389">
     <span class='ocr_line' id='line_1_79' title="bbox 2042 3318 3616 3389; baseline -0.004 -17"><span class='ocrx_word' id='word_1_562' title='bbox 2042 3335 2303 3389; x_wconf 74' lang='lat' dir='ltr'><strong>peragens</strong></span> <span class='ocrx_word' id='word_1_563' title='bbox 2326 3320 2416 3373; x_wconf 79' lang='grc'>49.</span> <span class='ocrx_word' id='word_1_564' title='bbox 2446 3318 2577 3383; x_wconf 66' lang='lat' dir='ltr'><strong>Quae</strong></span> <span class='ocrx_word' id='word_1_565' title='bbox 2609 3329 2829 3386; x_wconf 87' lang='lat' dir='ltr'><strong>pr0pter</strong></span> <span class='ocrx_word' id='word_1_566' title='bbox 2854 3328 3102 3371; x_wconf 88' lang='lat' dir='ltr'><strong>mutuum</strong></span> <span class='ocrx_word' id='word_1_567' title='bbox 3139 3318 3344 3371; x_wconf 86' lang='lat' dir='ltr'><strong>coitum</strong></span> <span class='ocrx_word' id='word_1_568' title='bbox 3379 3318 3436 3370; x_wconf 86' lang='lat' dir='ltr'><strong>ﬁt</strong></span> <span class='ocrx_word' id='word_1_569' title='bbox 3476 3320 3616 3371; x_wconf 80' lang='lat' dir='ltr'><strong>mol-</strong></span> 
     </span>
    </p>
   </div>
   <div class='ocr_carea' id='block_1_80' title="bbox 2040 3408 3616 3479">
    <p class='ocr_par' dir='ltr' id='par_1_80' title="bbox 2040 3408 3616 3479">
     <span class='ocr_line' id='line_1_80' title="bbox 2040 3408 3616 3479; baseline -0.003 -16"><span class='ocrx_word' id='word_1_570' title='bbox 2040 3411 2204 3470; x_wconf 84' lang='lat' dir='ltr'><strong>lities.</strong></span> <span class='ocrx_word' id='word_1_571' title='bbox 2245 3411 2449 3479; x_wconf 76' lang='lat' dir='ltr'><strong>duplex</strong></span> <span class='ocrx_word' id='word_1_572' title='bbox 2489 3408 2651 3469; x_wconf 73' lang='lat' dir='ltr'><strong>eﬂicit</strong></span> <span class='ocrx_word' id='word_1_573' title='bbox 2684 3410 2915 3473; x_wconf 88' lang='lat' dir='ltr'><strong>malum,</strong></span> <span class='ocrx_word' id='word_1_574' title='bbox 2956 3409 3158 3477; x_wconf 90' lang='lat' dir='ltr'><strong>quippe</strong></span> <span class='ocrx_word' id='word_1_575' title='bbox 3193 3410 3330 3462; x_wconf 88' lang='lat' dir='ltr'><strong>duas</strong></span> <span class='ocrx_word' id='word_1_576' title='bbox 3371 3424 3616 3462; x_wconf 85' lang='lat' dir='ltr'><strong>corrum-</strong></span> 
     </span>
    </p>
   </div>
   <div class='ocr_carea' id='block_1_81' title="bbox 2038 3499 3615 3572">
    <p class='ocr_par' dir='ltr' id='par_1_81' title="bbox 2038 3499 3615 3572">
     <span class='ocr_line' id='line_1_81' title="bbox 2038 3499 3615 3572; baseline 0 -18"><span class='ocrx_word' id='word_1_577' title='bbox 2038 3503 2116 3572; x_wconf 87' lang='lat' dir='ltr'><strong>pit</strong></span> <span class='ocrx_word' id='word_1_578' title='bbox 2146 3501 2380 3568; x_wconf 88' lang='lat' dir='ltr'><strong>animas,</strong></span> <span class='ocrx_word' id='word_1_579' title='bbox 2414 3502 2644 3570; x_wconf 85' lang='lat' dir='ltr'><strong>ideoque</strong></span> <span class='ocrx_word' id='word_1_580' title='bbox 2699 3511 2753 3555; x_wconf 92' lang='lat' dir='ltr'><strong>et</strong></span> <span class='ocrx_word' id='word_1_581' title='bbox 2803 3500 3033 3569; x_wconf 90' lang='lat' dir='ltr'><strong>duplum</strong></span> <span class='ocrx_word' id='word_1_582' title='bbox 3065 3499 3184 3567; x_wconf 88' lang='lat' dir='ltr'><strong>ejus</strong></span> <span class='ocrx_word' id='word_1_583' title='bbox 3231 3510 3422 3555; x_wconf 83' lang='lat' dir='ltr'><strong>auctor</strong></span> <span class='ocrx_word' id='word_1_584' title='bbox 3481 3516 3615 3567; x_wconf 82' lang='lat' dir='ltr'><strong>sup-</strong></span> 
     </span>
    </p>
   </div>
   <div class='ocr_carea' id='block_1_82' title="bbox 2039 3590 3613 3663">
    <p class='ocr_par' dir='ltr' id='par_1_82' title="bbox 2039 3590 3613 3663">
     <span class='ocr_line' id='line_1_82' title="bbox 2039 3590 3613 3663; baseline -0.002 -16"><span class='ocrx_word' id='word_1_585' title='bbox 2039 3594 2260 3663; x_wconf 90' lang='lat' dir='ltr'><strong>plicium</strong></span> <span class='ocrx_word' id='word_1_586' title='bbox 2338 3594 2607 3654; x_wconf 70' lang='lat' dir='ltr'><strong>suStinet,</strong></span> <span class='ocrx_word' id='word_1_587' title='bbox 2698 3591 2765 3645; x_wconf 88' lang='lat' dir='ltr'><strong>ad</strong></span> <span class='ocrx_word' id='word_1_588' title='bbox 2822 3590 2891 3645; x_wconf 68' lang='lat'><strong>8&#39;3</strong></span> <span class='ocrx_word' id='word_1_589' title='bbox 2937 3592 3056 3646; x_wconf 88' lang='lat' dir='ltr'><strong>dies</strong></span> <span class='ocrx_word' id='word_1_590' title='bbox 3109 3606 3138 3646; x_wconf 69' lang='grc' dir='ltr'><strong>ε</strong></span> <span class='ocrx_word' id='word_1_591' title='bbox 3222 3592 3613 3647; x_wconf 84' lang='lat' dir='ltr'><strong>communione</strong></span> 
     </span>
    </p>
   </div>
   <div class='ocr_carea' id='block_1_83' title="bbox 1990 3683 3611 3750">
    <p class='ocr_par' dir='ltr' id='par_1_83' title="bbox 1990 3683 3611 3750">
     <span class='ocr_line' id='line_1_83' title="bbox 1990 3683 3611 3750; baseline -0.002 -12"><span class='ocrx_word' id='word_1_592' title='bbox 1990 3700 1993 3705; x_wconf 73' lang='lat'><strong><em>&#39;</em></strong></span> <span class='ocrx_word' id='word_1_593' title='bbox 2037 3687 2340 3750; x_wconf 82' lang='lat' dir='ltr'><strong>arcendus,</strong></span> <span class='ocrx_word' id='word_1_594' title='bbox 2393 3693 2447 3739; x_wconf 89' lang='lat' dir='ltr'><strong>et</strong></span> <span class='ocrx_word' id='word_1_595' title='bbox 2507 3684 2575 3738; x_wconf 84' lang='lat' dir='ltr'><strong>ad</strong></span> <span class='ocrx_word' id='word_1_596' title='bbox 2640 3695 2857 3737; x_wconf 86' lang='lat' dir='ltr'><strong>centum</strong></span> <span class='ocrx_word' id='word_1_597' title='bbox 2910 3683 3246 3750; x_wconf 61' lang='lat' dir='ltr'><strong>poenitentiae</strong></span> <span class='ocrx_word' id='word_1_598' title='bbox 3295 3700 3611 3738; x_wconf 59' lang='lat' dir='ltr'><strong>mensuram</strong></span> 
     </span>
    </p>
   </div>
   <div class='ocr_carea' id='block_1_84' title="bbox 2036 3772 3614 3842">
    <p class='ocr_par' dir='ltr' id='par_1_84' title="bbox 2036 3772 3614 3842">
     <span class='ocr_line' id='line_1_84' title="bbox 2036 3772 3614 3842; baseline -0.003 -13"><span class='ocrx_word' id='word_1_599' title='bbox 2036 3775 2333 3829; x_wconf 80' lang='lat' dir='ltr'><strong>extendens</strong></span> <span class='ocrx_word' id='word_1_600' title='bbox 2390 3789 2514 3827; x_wconf 89' lang='lat' dir='ltr'><strong>cum</strong></span> <span class='ocrx_word' id='word_1_601' title='bbox 2566 3774 2931 3828; x_wconf 84' lang='lat' dir='ltr'><strong>conveniente</strong></span> <span class='ocrx_word' id='word_1_602' title='bbox 2979 3772 3210 3842; x_wconf 84' lang='lat' dir='ltr'><strong>jejunio.</strong></span> <span class='ocrx_word' id='word_1_603' title='bbox 3275 3773 3381 3827; x_wconf 85' lang='lat' dir='ltr'><strong>Sed</strong></span> <span class='ocrx_word' id='word_1_604' title='bbox 3423 3778 3487 3829; x_wconf 78' lang='lat' dir='ltr'><strong>de</strong></span> <span class='ocrx_word' id='word_1_605' title='bbox 3521 3776 3614 3825; x_wconf 78' lang='lat' dir='ltr'><strong>illo</strong></span> 
     </span>
    </p>
   </div>
   <div class='ocr_carea' id='block_1_85' title="bbox 2040 3863 3615 3934">
    <p class='ocr_par' dir='ltr' id='par_1_85' title="bbox 2040 3863 3615 3934">
     <span class='ocr_line' id='line_1_85' title="bbox 2040 3863 3615 3934; baseline -0.001 -14"><span class='ocrx_word' id='word_1_606' title='bbox 2040 3866 2346 3934; x_wconf 79' lang='lat' dir='ltr'><strong>hucusque.</strong></span> <span class='ocrx_word' id='word_1_607' title='bbox 2395 3865 2526 3931; x_wconf 68' lang='lat' dir='ltr'><strong>Quae</strong></span> <span class='ocrx_word' id='word_1_608' title='bbox 2596 3874 2777 3918; x_wconf 88' lang='lat' dir='ltr'><strong>autem</strong></span> <span class='ocrx_word' id='word_1_609' title='bbox 2829 3863 2898 3917; x_wconf 90' lang='lat' dir='ltr'><strong>ob</strong></span> <span class='ocrx_word' id='word_1_610' title='bbox 2968 3878 3158 3916; x_wconf 87' lang='lat' dir='ltr'><strong>renum</strong></span> <span class='ocrx_word' id='word_1_611' title='bbox 3224 3867 3468 3918; x_wconf 80' lang='lat' dir='ltr'><strong>morbum</strong></span> <span class='ocrx_word' id='word_1_612' title='bbox 3535 3867 3615 3918; x_wconf 80' lang='lat' dir='ltr'><strong>ta-</strong></span> 
     </span>
    </p>
   </div>
   <div class='ocr_carea' id='block_1_86' title="bbox 2039 3944 3622 4027">
    <p class='ocr_par' dir='ltr' id='par_1_86' title="bbox 2039 3944 3622 4027">
     <span class='ocr_line' id='line_1_86' title="bbox 2039 3944 3622 4027; baseline -0.001 -16"><span class='ocrx_word' id='word_1_613' title='bbox 2039 3966 2123 4011; x_wconf 82' lang='lat' dir='ltr'><strong>rta</strong></span> <span class='ocrx_word' id='word_1_614' title='bbox 2186 3957 2259 4011; x_wconf 85' lang='lat' dir='ltr'><strong>sit</strong></span> <span class='ocrx_word' id='word_1_615' title='bbox 2318 3956 2572 4026; x_wconf 74' lang='lat' dir='ltr'><strong>genitalis</strong></span> <span class='ocrx_word' id='word_1_616' title='bbox 2627 3954 2852 4010; x_wconf 83' lang='lat' dir='ltr'><strong>seminis</strong></span> <span class='ocrx_word' id='word_1_617' title='bbox 2905 3952 3143 4022; x_wconf 62' lang='lat' dir='ltr'><strong>etilusio,</strong></span> <span class='ocrx_word' id='word_1_618' title='bbox 3200 3956 3362 4009; x_wconf 84' lang='lat' dir='ltr'><strong>veluti</strong></span> <span class='ocrx_word' id='word_1_619' title='bbox 3411 3944 3622 4027; x_wconf 44' lang='lat' dir='ltr'><strong>gonorJ</strong></span> 
     </span>
    </p>
   </div>
   <div class='ocr_carea' id='block_1_87' title="bbox 2039 4042 3610 4115">
    <p class='ocr_par' dir='ltr' id='par_1_87' title="bbox 2039 4042 3610 4115">
     <span class='ocr_line' id='line_1_87' title="bbox 2039 4042 3610 4115; baseline -0.003 -14"><span class='ocrx_word' id='word_1_620' title='bbox 2039 4048 2225 4113; x_wconf 71' lang='lat' dir='ltr'><strong>rhma,</strong></span> <span class='ocrx_word' id='word_1_621' title='bbox 2273 4060 2326 4101; x_wconf 91' lang='lat' dir='ltr'><strong>et</strong></span> <span class='ocrx_word' id='word_1_622' title='bbox 2381 4062 2502 4115; x_wconf 68' lang='lat' dir='ltr'><strong>qua:</strong></span> <span class='ocrx_word' id='word_1_623' title='bbox 2560 4046 2631 4099; x_wconf 90' lang='lat' dir='ltr'><strong>ob</strong></span> <span class='ocrx_word' id='word_1_624' title='bbox 2691 4042 2960 4098; x_wconf 88' lang='lat' dir='ltr'><strong>calculum</strong></span> <span class='ocrx_word' id='word_1_625' title='bbox 3021 4044 3074 4095; x_wconf 90' lang='lat' dir='ltr'><strong>in</strong></span> <span class='ocrx_word' id='word_1_626' title='bbox 3117 4046 3296 4098; x_wconf 70' lang='lat' dir='ltr'><strong>vesica</strong></span> <span class='ocrx_word' id='word_1_627' title='bbox 3350 4046 3426 4108; x_wconf 89' lang='lat' dir='ltr'><strong>lit,</strong></span> <span class='ocrx_word' id='word_1_628' title='bbox 3482 4047 3610 4098; x_wconf 67' lang='lat' dir='ltr'><strong>ouili</strong></span> 
     </span>
    </p>
   </div>
   <div class='ocr_carea' id='block_1_88' title="bbox 2037 4133 3608 4205">
    <p class='ocr_par' dir='ltr' id='par_1_88' title="bbox 2037 4133 3608 4205">
     <span class='ocr_line' id='line_1_88' title="bbox 2037 4133 3608 4205; baseline -0.004 -11"><span class='ocrx_word' id='word_1_629' title='bbox 2037 4140 2260 4194; x_wconf 88' lang='lat' dir='ltr'><strong>omnino</strong></span> <span class='ocrx_word' id='word_1_630' title='bbox 2308 4135 2723 4205; x_wconf 83' lang='lat' dir='ltr'><strong>reprehensioni</strong></span> <span class='ocrx_word' id='word_1_631' title='bbox 2789 4143 2867 4190; x_wconf 86' lang='lat' dir='ltr'><strong>est</strong></span> <span class='ocrx_word' id='word_1_632' title='bbox 2931 4135 3191 4189; x_wconf 82' lang='lat' dir='ltr'><strong>obnoxia.</strong></span> <span class='ocrx_word' id='word_1_633' title='bbox 3251 4133 3398 4189; x_wconf 85' lang='lat' dir='ltr'><strong>Licet</strong></span> <span class='ocrx_word' id='word_1_634' title='bbox 3464 4137 3608 4190; x_wconf 86' lang='lat' dir='ltr'><strong>enim</strong></span> 
     </span>
    </p>
   </div>
   <div class='ocr_carea' id='block_1_89' title="bbox 2037 4225 3605 4303">
    <p class='ocr_par' dir='ltr' id='par_1_89' title="bbox 2037 4225 3605 4303">
     <span class='ocr_line' id='line_1_89' title="bbox 2037 4225 3605 4303; baseline -0.005 -18"><span class='ocrx_word' id='word_1_635' title='bbox 2037 4248 2133 4303; x_wconf 89' lang='lat' dir='ltr'><strong>per</strong></span> <span class='ocrx_word' id='word_1_636' title='bbox 2165 4231 2334 4286; x_wconf 80' lang='lat' dir='ltr'><strong>Mosis</strong></span> <span class='ocrx_word' id='word_1_637' title='bbox 2364 4230 2534 4297; x_wconf 75' lang='lat' dir='ltr'><strong>legem</strong></span> <span class='ocrx_word' id='word_1_638' title='bbox 2565 4228 2658 4299; x_wconf 86' lang='lat' dir='ltr'><strong>qui</strong></span> <span class='ocrx_word' id='word_1_639' title='bbox 2690 4231 3022 4299; x_wconf 74' lang='lat' dir='ltr'><strong>gonorrlima</strong></span> <span class='ocrx_word' id='word_1_640' title='bbox 3057 4227 3378 4303; x_wconf 73' lang='lat' dir='ltr'><strong>laborabant</strong></span> <span class='ocrx_word' id='word_1_641' title='bbox 3408 4225 3605 4294; x_wconf 85' lang='lat' dir='ltr'><strong>impuri</strong></span> 
     </span>
    </p>
   </div>
   <div class='ocr_carea' id='block_1_90' title="bbox 2041 4313 3605 4384">
    <p class='ocr_par' dir='ltr' id='par_1_90' title="bbox 2041 4313 3605 4384">
     <span class='ocr_line' id='line_1_90' title="bbox 2041 4313 3605 4384; baseline -0.005 -12"><span class='ocrx_word' id='word_1_642' title='bbox 2041 4318 2403 4380; x_wconf 89' lang='lat' dir='ltr'><strong>habebantur,</strong></span> <span class='ocrx_word' id='word_1_643' title='bbox 2461 4317 2552 4371; x_wconf 88' lang='lat' dir='ltr'><strong>ille</strong></span> <span class='ocrx_word' id='word_1_644' title='bbox 2598 4326 2783 4370; x_wconf 86' lang='lat' dir='ltr'><strong>tamen</strong></span> <span class='ocrx_word' id='word_1_645' title='bbox 2815 4316 2925 4371; x_wconf 90' lang='lat' dir='ltr'><strong>alio</strong></span> <span class='ocrx_word' id='word_1_646' title='bbox 2957 4316 3122 4369; x_wconf 90' lang='lat' dir='ltr'><strong>modo</strong></span> <span class='ocrx_word' id='word_1_647' title='bbox 3156 4330 3252 4384; x_wconf 88' lang='lat' dir='ltr'><strong>per</strong></span> <span class='ocrx_word' id='word_1_648' title='bbox 3292 4313 3605 4382; x_wconf 70' lang='lat' dir='ltr'><strong>corporales</strong></span> 
     </span>
    </p>
   </div>
   <div class='ocr_carea' id='block_1_91' title="bbox 2037 4403 3608 4480">
    <p class='ocr_par' dir='ltr' id='par_1_91' title="bbox 2037 4403 3608 4480">
     <span class='ocr_line' id='line_1_91' title="bbox 2037 4403 3608 4480; baseline -0.006 -17"><span class='ocrx_word' id='word_1_649' title='bbox 2037 4409 2320 4480; x_wconf 82' lang='lat' dir='ltr'><strong>passiones</strong></span> <span class='ocrx_word' id='word_1_650' title='bbox 2349 4407 2546 4460; x_wconf 72' lang='lat' dir='ltr'><strong>anima:</strong></span> <span class='ocrx_word' id='word_1_651' title='bbox 2571 4408 2812 4461; x_wconf 89' lang='lat' dir='ltr'><strong>ostendit</strong></span> <span class='ocrx_word' id='word_1_652' title='bbox 2837 4407 3081 4471; x_wconf 89' lang='lat' dir='ltr'><strong>morbos,</strong></span> <span class='ocrx_word' id='word_1_653' title='bbox 3122 4416 3177 4460; x_wconf 89' lang='lat' dir='ltr'><strong>et</strong></span> <span class='ocrx_word' id='word_1_654' title='bbox 3217 4420 3314 4473; x_wconf 83' lang='lat' dir='ltr'><strong>per</strong></span> <span class='ocrx_word' id='word_1_655' title='bbox 3354 4403 3608 4457; x_wconf 86' lang='lat' dir='ltr'><strong>involun-</strong></span> 
     </span>
    </p>
   </div>
   <div class='ocr_carea' id='block_1_92' title="bbox 363 4494 1937 4580">
    <p class='ocr_par' dir='ltr' id='par_1_92' title="bbox 363 4504 1932 4579">
     <span class='ocr_line' id='line_1_92' title="bbox 363 4504 1932 4579; baseline -0.005 -16"><span class='ocrx_word' id='word_1_656' title='bbox 363 4509 544 4563; x_wconf 81' lang='grc' dir='ltr'>δείκνυ</span> <span class='ocrx_word' id='word_1_657' title='bbox 566 4509 874 4579; x_wconf 84' lang='grc' dir='ltr'>νοσήματα,</span> <span class='ocrx_word' id='word_1_658' title='bbox 894 4508 988 4560; x_wconf 73' lang='grc' dir='ltr'>καὶ</span> <span class='ocrx_word' id='word_1_659' title='bbox 1003 4507 1093 4558; x_wconf 76' lang='grc' dir='ltr'>διὰ</span> <span class='ocrx_word' id='word_1_660' title='bbox 1112 4508 1221 4559; x_wconf 85' lang='grc' dir='ltr'><strong>τῶν</strong></span> <span class='ocrx_word' id='word_1_661' title='bbox 1248 4505 1519 4559; x_wconf 78' lang='grc' dir='ltr'>ἀκουσίων</span> <span class='ocrx_word' id='word_1_662' title='bbox 1541 4507 1651 4561; x_wconf 80' lang='grc' dir='ltr'><strong>τῶν</strong></span> <span class='ocrx_word' id='word_1_663' title='bbox 1671 4504 1932 4557; x_wconf 74' lang='grc' dir='ltr'>ἑκουσίων</span> 
     </span>
    </p>
   </div>
   <div class='ocr_carea' id='block_1_93' title="bbox 2038 4494 3601 4580">
    <p class='ocr_par' dir='ltr' id='par_1_93' title="bbox 2040 4494 3601 4567">
     <span class='ocr_line' id='line_1_93' title="bbox 2040 4494 3601 4567; baseline -0.006 -14"><span class='ocrx_word' id='word_1_664' title='bbox 2040 4501 2175 4553; x_wconf 89' lang='lat' dir='ltr'><strong>taria</strong></span> <span class='ocrx_word' id='word_1_665' title='bbox 2244 4498 2548 4552; x_wconf 82' lang='lat' dir='ltr'><strong>voluntaria</strong></span> <span class='ocrx_word' id='word_1_666' title='bbox 2601 4497 2972 4567; x_wconf 83' lang='lat' dir='ltr'><strong>reprehendit.</strong></span> <span class='ocrx_word' id='word_1_667' title='bbox 3018 4497 3079 4550; x_wconf 82' lang='lat' dir='ltr'><strong>Si</strong></span> <span class='ocrx_word' id='word_1_668' title='bbox 3126 4496 3272 4550; x_wconf 87' lang='lat' dir='ltr'><strong>enim</strong></span> <span class='ocrx_word' id='word_1_669' title='bbox 3335 4494 3601 4548; x_wconf 70' lang='lat' dir='ltr'><strong>naturalia</strong></span> 
     </span>
    </p>
   </div>
   <div class='ocr_carea' id='block_1_94' title="bbox 365 4589 1932 4669">
    <p class='ocr_par' dir='ltr' id='par_1_94' title="bbox 365 4589 1932 4669">
     <span class='ocr_line' id='line_1_94' title="bbox 365 4589 1932 4669; baseline -0.005 -17"><span class='ocrx_word' id='word_1_670' title='bbox 365 4600 731 4669; x_wconf 78' lang='grc' dir='ltr'>κατέτρεχενο</span> <span class='ocrx_word' id='word_1_671' title='bbox 792 4598 842 4651; x_wconf 90' lang='grc' dir='ltr'><strong>εἱ</strong></span> <span class='ocrx_word' id='word_1_672' title='bbox 888 4597 996 4666; x_wconf 79' lang='grc' dir='ltr'><strong>γὰρ</strong></span> <span class='ocrx_word' id='word_1_673' title='bbox 1038 4596 1106 4650; x_wconf 75' lang='grc' dir='ltr'><strong>τὰ</strong></span> <span class='ocrx_word' id='word_1_674' title='bbox 1149 4595 1356 4667; x_wconf 81' lang='grc' dir='ltr'>φυσικά</span> <span class='ocrx_word' id='word_1_675' title='bbox 1419 4595 1571 4647; x_wconf 77' lang='grc' dir='ltr'>δοκεῖ</span> <span class='ocrx_word' id='word_1_676' title='bbox 1628 4610 1745 4656; x_wconf 87' lang='grc' dir='ltr'><strong>πως</strong></span> <span class='ocrx_word' id='word_1_677' title='bbox 1792 4589 1932 4645; x_wconf 70' lang='grc' dir='ltr'>εἶναι</span> 
     </span>
    </p>
   </div>
   <div class='ocr_carea' id='block_1_95' title="bbox 368 4684 1928 4761">
    <p class='ocr_par' dir='ltr' id='par_1_95' title="bbox 368 4684 1928 4761">
     <span class='ocr_line' id='line_1_95' title="bbox 368 4684 1928 4761; baseline -0.004 -17"><span class='ocrx_word' id='word_1_678' title='bbox 368 4691 675 4761; x_wconf 86' lang='grc' dir='ltr'>ἀκάθαρτα,</span> <span class='ocrx_word' id='word_1_679' title='bbox 691 4687 870 4759; x_wconf 83' lang='grc' dir='ltr'>πολλῷ</span> <span class='ocrx_word' id='word_1_680' title='bbox 891 4704 956 4756; x_wconf 88' lang='grc' dir='ltr'><strong>γε</strong></span> <span class='ocrx_word' id='word_1_681' title='bbox 979 4687 1182 4759; x_wconf 75' lang='grc' dir='ltr'>μᾶλλον</span> <span class='ocrx_word' id='word_1_682' title='bbox 1210 4688 1246 4755; x_wconf 75' lang='grc' dir='ltr'><strong>ἡ</strong></span> <span class='ocrx_word' id='word_1_683' title='bbox 1276 4685 1419 4739; x_wconf 81' lang='grc' dir='ltr'><strong>κατά</strong></span> <span class='ocrx_word' id='word_1_684' title='bbox 1435 4685 1663 4755; x_wconf 84' lang='grc' dir='ltr'>γνώμην</span> <span class='ocrx_word' id='word_1_685' title='bbox 1684 4684 1928 4751; x_wconf 83' lang='grc' dir='ltr'>λαγνεία.</span> 
     </span>
    </p>
   </div>
   <div class='ocr_carea' id='block_1_96' title="bbox 368 4779 1935 4852">
    <p class='ocr_par' dir='ltr' id='par_1_96' title="bbox 368 4779 1935 4852">
     <span class='ocr_line' id='line_1_96' title="bbox 368 4779 1935 4852; baseline -0.003 -17"><span class='ocrx_word' id='word_1_686' title='bbox 368 4783 536 4835; x_wconf 84' lang='grc' dir='ltr'>Σκιάν</span> <span class='ocrx_word' id='word_1_687' title='bbox 580 4782 687 4852; x_wconf 86' lang='grc' dir='ltr'><strong>γὰρ</strong></span> <span class='ocrx_word' id='word_1_688' title='bbox 735 4780 875 4850; x_wconf 72' lang='grc' dir='ltr'>ἔχων</span> <span class='ocrx_word' id='word_1_689' title='bbox 915 4783 945 4833; x_wconf 84' lang='grc' dir='ltr'>ὁ</span> <span class='ocrx_word' id='word_1_690' title='bbox 975 4779 1138 4848; x_wconf 89' lang='grc' dir='ltr'>νόμος</span> <span class='ocrx_word' id='word_1_691' title='bbox 1171 4779 1228 4831; x_wconf 89' lang='grc' dir='ltr'><strong>ἐν</strong></span> <span class='ocrx_word' id='word_1_692' title='bbox 1281 4779 1392 4841; x_wconf 84' lang='grc' dir='ltr'>τοῖς</span> <span class='ocrx_word' id='word_1_693' title='bbox 1417 4779 1753 4847; x_wconf 86' lang='grc' dir='ltr'>σωματικοῖς</span> <span class='ocrx_word' id='word_1_694' title='bbox 1797 4793 1935 4845; x_wconf 71' lang='grc' dir='ltr'>προσ</span> 
     </span>
    </p>
   </div>
   <div class='ocr_carea' id='block_1_97' title="bbox 367 4867 1931 4942">
    <p class='ocr_par' dir='ltr' id='par_1_97' title="bbox 367 4867 1931 4942">
     <span class='ocr_line' id='line_1_97' title="bbox 367 4867 1931 4942; baseline -0.003 -15"><span class='ocrx_word' id='word_1_695' title='bbox 367 4873 694 4942; x_wconf 75' lang='grc' dir='ltr'>εγύμναζεν,</span> <span class='ocrx_word' id='word_1_696' title='bbox 746 4867 833 4926; x_wconf 77' lang='grc' dir='ltr'>οἷα</span> <span class='ocrx_word' id='word_1_697' title='bbox 864 4874 1087 4937; x_wconf 82' lang='grc' dir='ltr'>παῖδας,</span> <span class='ocrx_word' id='word_1_698' title='bbox 1118 4871 1247 4934; x_wconf 82' lang='grc' dir='ltr'>τοὺς</span> <span class='ocrx_word' id='word_1_699' title='bbox 1286 4869 1601 4936; x_wconf 83' lang='grc' dir='ltr'>Ἰουδαίους,</span> <span class='ocrx_word' id='word_1_700' title='bbox 1646 4870 1713 4923; x_wconf 77' lang='grc' dir='ltr'><strong>ἶν’</strong></span> <span class='ocrx_word' id='word_1_701' title='bbox 1744 4873 1931 4940; x_wconf 80' lang='grc' dir='ltr'>ἐπιτη-</span> 
     </span>
    </p>
   </div>
   <div class='ocr_carea' id='block_1_98' title="bbox 367 4961 1934 5033">
    <p class='ocr_par' dir='ltr' id='par_1_98' title="bbox 367 4961 1934 5033">
     <span class='ocr_line' id='line_1_98' title="bbox 367 4961 1934 5033; baseline -0.003 -16"><span class='ocrx_word' id='word_1_702' title='bbox 367 4964 672 5033; x_wconf 80' lang='grc' dir='ltr'>δειοτέρους</span> <span class='ocrx_word' id='word_1_703' title='bbox 701 4962 838 5033; x_wconf 83' lang='grc' dir='ltr'>πρὸς</span> <span class='ocrx_word' id='word_1_704' title='bbox 867 4961 966 5033; x_wconf 80' lang='grc' dir='ltr'>τὴν</span> <span class='ocrx_word' id='word_1_705' title='bbox 991 4962 1259 5033; x_wconf 83' lang='grc' dir='ltr'>ὑποδοχὴν</span> <span class='ocrx_word' id='word_1_706' title='bbox 1286 4962 1395 5014; x_wconf 88' lang='grc' dir='ltr'><strong>τῶν</strong></span> <span class='ocrx_word' id='word_1_707' title='bbox 1422 4961 1815 5030; x_wconf 83' lang='grc' dir='ltr'>πνευματικῶν</span> <span class='ocrx_word' id='word_1_708' title='bbox 1839 4963 1934 5013; x_wconf 68' lang='grc' dir='ltr'>καὶ</span> 
     </span>
    </p>
   </div>
   <div class='ocr_carea' id='block_1_99' title="bbox 367 5052 1934 5124">
    <p class='ocr_par' dir='ltr' id='par_1_99' title="bbox 367 5052 1934 5124">
     <span class='ocr_line' id='line_1_99' title="bbox 367 5052 1934 5124; baseline -0.003 -16"><span class='ocrx_word' id='word_1_709' title='bbox 367 5054 717 5124; x_wconf 80' lang='grc' dir='ltr'>τελεωτέρων</span> <span class='ocrx_word' id='word_1_710' title='bbox 764 5054 993 5106; x_wconf 85' lang='grc' dir='ltr'>ἐντολῶν</span> <span class='ocrx_word' id='word_1_711' title='bbox 1023 5052 1428 5122; x_wconf 79' lang='grc' dir='ltr'>ἀπεργάσηται.</span> <span class='ocrx_word' id='word_1_712' title='bbox 1463 5053 1713 5107; x_wconf 86' lang='grc' dir='ltr'>Διδάσκει</span> <span class='ocrx_word' id='word_1_713' title='bbox 1756 5052 1814 5105; x_wconf 72' lang='grc' dir='ltr'>δὲ</span> <span class='ocrx_word' id='word_1_714' title='bbox 1847 5052 1934 5104; x_wconf 80' lang='grc' dir='ltr'><strong>διά</strong></span> 
     </span>
    </p>
   </div>
   <div class='ocr_carea' id='block_1_100' title="bbox 369 5142 1932 5212">
    <p class='ocr_par' dir='ltr' id='par_1_100' title="bbox 369 5142 1932 5212">
     <span class='ocr_line' id='line_1_100' title="bbox 369 5142 1932 5212; baseline -0.003 -13"><span class='ocrx_word' id='word_1_715' title='bbox 369 5145 574 5200; x_wconf 81' lang='grc' dir='ltr'>τούτων</span> <span class='ocrx_word' id='word_1_716' title='bbox 623 5146 720 5200; x_wconf 76' lang='grc' dir='ltr'>καὶ</span> <span class='ocrx_word' id='word_1_717' title='bbox 747 5150 849 5208; x_wconf 79' lang='grc' dir='ltr'>τὰς</span> <span class='ocrx_word' id='word_1_718' title='bbox 878 5143 1168 5206; x_wconf 82' lang='grc' dir='ltr'>συνουσίας</span> <span class='ocrx_word' id='word_1_719' title='bbox 1193 5142 1304 5195; x_wconf 85' lang='grc' dir='ltr'><strong>τῶν</strong></span> <span class='ocrx_word' id='word_1_720' title='bbox 1349 5145 1612 5196; x_wconf 83' lang='grc' dir='ltr'>τοιούτων</span> <span class='ocrx_word' id='word_1_721' title='bbox 1641 5144 1932 5212; x_wconf 84' lang='grc' dir='ltr'>ἐκφεύγειν</span> 
     </span>
    </p>
   </div>
   <div class='ocr_carea' id='block_1_101' title="bbox 367 5230 1932 5307">
    <p class='ocr_par' dir='ltr' id='par_1_101' title="bbox 367 5230 1932 5307">
     <span class='ocr_line' id='line_1_101' title="bbox 367 5230 1932 5307; baseline -0.002 -18"><span class='ocrx_word' id='word_1_722' title='bbox 367 5237 536 5305; x_wconf 75' lang='grc' dir='ltr'>ἡμᾶς,</span> <span class='ocrx_word' id='word_1_723' title='bbox 557 5236 632 5299; x_wconf 84' lang='grc' dir='ltr'>ὡς</span> <span class='ocrx_word' id='word_1_724' title='bbox 652 5233 727 5306; x_wconf 80' lang='grc' dir='ltr'>μὴ</span> <span class='ocrx_word' id='word_1_725' title='bbox 752 5232 1323 5307; x_wconf 83' lang='grc' dir='ltr'>προσαναχρωσθῆναι</span> <span class='ocrx_word' id='word_1_726' title='bbox 1353 5236 1423 5305; x_wconf 75' lang='grc' dir='ltr'>τῇ</span> <span class='ocrx_word' id='word_1_727' title='bbox 1454 5234 1519 5286; x_wconf 85' lang='grc' dir='ltr'><strong>ἐκ</strong></span> <span class='ocrx_word' id='word_1_728' title='bbox 1542 5230 1639 5285; x_wconf 82' lang='grc' dir='ltr'>τοῦ</span> <span class='ocrx_word' id='word_1_729' title='bbox 1669 5233 1932 5301; x_wconf 84' lang='grc' dir='ltr'>στόματος</span> 
     </span>
    </p>
   </div>
   <div class='ocr_carea' id='block_1_102' title="bbox 369 5325 1930 5399">
    <p class='ocr_par' dir='ltr' id='par_1_102' title="bbox 369 5325 1930 5399">
     <span class='ocr_line' id='line_1_102' title="bbox 369 5325 1930 5399; baseline 0 -19"><span class='ocrx_word' id='word_1_730' title='bbox 369 5328 595 5382; x_wconf 85' lang='grc' dir='ltr'>ἐκείνων</span> <span class='ocrx_word' id='word_1_731' title='bbox 642 5328 985 5399; x_wconf 77' lang='grc' dir='ltr'>προχεομένῃ</span> <span class='ocrx_word' id='word_1_732' title='bbox 1021 5327 1130 5380; x_wconf 86' lang='grc' dir='ltr'><strong>τῶν</strong></span> <span class='ocrx_word' id='word_1_733' title='bbox 1176 5326 1350 5394; x_wconf 87' lang='grc' dir='ltr'>λόγων</span> <span class='ocrx_word' id='word_1_734' title='bbox 1391 5325 1726 5397; x_wconf 76' lang='grc' dir='ltr'>ἀκαθαρσίᾳ.</span> <span class='ocrx_word' id='word_1_735' title='bbox 1771 5326 1930 5380; x_wconf 84' lang='grc' dir='ltr'>Ουτοι</span> 
     </span>
    </p>
   </div>
   <div class='ocr_carea' id='block_1_103' title="bbox 370 5414 1931 5488">
    <p class='ocr_par' dir='ltr' id='par_1_103' title="bbox 370 5414 1931 5488">
     <span class='ocr_line' id='line_1_103' title="bbox 370 5414 1931 5488; baseline -0.003 -16"><span class='ocrx_word' id='word_1_736' title='bbox 370 5418 424 5472; x_wconf 81' lang='grc' dir='ltr'><strong>δέ</strong></span> <span class='ocrx_word' id='word_1_737' title='bbox 456 5419 594 5472; x_wconf 83' lang='grc' dir='ltr'>εἱσιν</span> <span class='ocrx_word' id='word_1_738' title='bbox 623 5421 673 5470; x_wconf 85' lang='grc' dir='ltr'><strong>οἱ</strong></span> <span class='ocrx_word' id='word_1_739' title='bbox 700 5419 762 5471; x_wconf 76' lang='grc' dir='ltr'>τὸ</span> <span class='ocrx_word' id='word_1_740' title='bbox 784 5418 917 5472; x_wconf 81' lang='grc' dir='ltr'>ἱδιον</span> <span class='ocrx_word' id='word_1_741' title='bbox 940 5419 1111 5482; x_wconf 87' lang='grc' dir='ltr'>πάθος</span> <span class='ocrx_word' id='word_1_742' title='bbox 1167 5414 1417 5488; x_wconf 79' lang='grc' dir='ltr'>λοιμικοῦ</span> <span class='ocrx_word' id='word_1_743' title='bbox 1446 5416 1602 5486; x_wconf 84' lang='grc' dir='ltr'>δίκην</span> <span class='ocrx_word' id='word_1_744' title='bbox 1628 5418 1931 5486; x_wconf 85' lang='grc' dir='ltr'>νοσήματος</span> 
     </span>
    </p>
   </div>
   <div class='ocr_carea' id='block_1_104' title="bbox 371 5505 1931 5576">
    <p class='ocr_par' dir='ltr' id='par_1_104' title="bbox 371 5505 1931 5576">
     <span class='ocr_line' id='line_1_104' title="bbox 371 5505 1931 5576; baseline -0.001 -17"><span class='ocrx_word' id='word_1_745' title='bbox 371 5508 461 5561; x_wconf 80' lang='grc' dir='ltr'>ἐπὶ</span> <span class='ocrx_word' id='word_1_746' title='bbox 492 5509 698 5569; x_wconf 87' lang='grc' dir='ltr'>πάντας</span> <span class='ocrx_word' id='word_1_747' title='bbox 737 5508 892 5575; x_wconf 77' lang='grc' dir='ltr'>ἄγειν</span> <span class='ocrx_word' id='word_1_748' title='bbox 921 5505 1390 5576; x_wconf 72' lang='grc' dir='ltr'>φιλοτιμούμενοι,</span> <span class='ocrx_word' id='word_1_749' title='bbox 1419 5505 1514 5558; x_wconf 76' lang='grc' dir='ltr'>καὶ</span> <span class='ocrx_word' id='word_1_750' title='bbox 1545 5505 1773 5567; x_wconf 77' lang='grc' dir='ltr'>πολλοὺς</span> <span class='ocrx_word' id='word_1_751' title='bbox 1801 5509 1931 5559; x_wconf 84' lang='grc' dir='ltr'>ἐαυ-</span> 
     </span>
    </p>
   </div>
   <div class='ocr_carea' id='block_1_105' title="bbox 372 5596 1933 5671">
    <p class='ocr_par' dir='ltr' id='par_1_105' title="bbox 372 5596 1933 5671">
     <span class='ocr_line' id='line_1_105' title="bbox 372 5596 1933 5671; baseline -0.003 -19"><span class='ocrx_word' id='word_1_752' title='bbox 372 5601 480 5663; x_wconf 81' lang='grc' dir='ltr'>τοῖς</span> <span class='ocrx_word' id='word_1_753' title='bbox 515 5600 660 5670; x_wconf 81' lang='grc' dir='ltr'>ἔχειν</span> <span class='ocrx_word' id='word_1_754' title='bbox 695 5597 1140 5671; x_wconf 83' lang='grc' dir='ltr'>παραπλησίους,</span> <span class='ocrx_word' id='word_1_755' title='bbox 1200 5596 1270 5651; x_wconf 71' lang='grc' dir='ltr'><strong>ἶν’</strong></span> <span class='ocrx_word' id='word_1_756' title='bbox 1300 5599 1359 5650; x_wconf 90' lang='grc' dir='ltr'><strong>ἐν</strong></span> <span class='ocrx_word' id='word_1_757' title='bbox 1401 5601 1469 5668; x_wconf 78' lang='grc' dir='ltr'>τῇ</span> <span class='ocrx_word' id='word_1_758' title='bbox 1523 5597 1780 5669; x_wconf 80' lang='grc' dir='ltr'>κοινωνίᾳ</span> <span class='ocrx_word' id='word_1_759' title='bbox 1824 5597 1933 5650; x_wconf 86' lang='grc' dir='ltr'><strong>τῶν</strong></span> 
     </span>
    </p>
   </div>
   <div class='ocr_carea' id='block_1_106' title="bbox 372 5687 1928 5760">
    <p class='ocr_par' dir='ltr' id='par_1_106' title="bbox 372 5687 1928 5760">
     <span class='ocr_line' id='line_1_106' title="bbox 372 5687 1928 5760; baseline -0.003 -16"><span class='ocrx_word' id='word_1_760' title='bbox 372 5690 556 5744; x_wconf 86' lang='grc' dir='ltr'>κακῶν</span> <span class='ocrx_word' id='word_1_761' title='bbox 611 5690 826 5745; x_wconf 59' lang='lat' dir='ltr'><strong>sti-tth</strong></span> <span class='ocrx_word' id='word_1_762' title='bbox 874 5690 1112 5760; x_wconf 78' lang='grc' dir='ltr'>ἐλέγχων</span> <span class='ocrx_word' id='word_1_763' title='bbox 1160 5689 1362 5759; x_wconf 79' lang='grc' dir='ltr'>ὀνείδη,</span> <span class='ocrx_word' id='word_1_764' title='bbox 1405 5691 1482 5752; x_wconf 86' lang='grc' dir='ltr'>ὡς</span> <span class='ocrx_word' id='word_1_765' title='bbox 1547 5688 1615 5743; x_wconf 77' lang='grc' dir='ltr'><strong>ἀν</strong></span> <span class='ocrx_word' id='word_1_766' title='bbox 1669 5687 1928 5759; x_wconf 86' lang='grc' dir='ltr'>οἰηθεῖεν,</span> 
     </span>
    </p>
   </div>
   <div class='ocr_carea' id='block_1_107' title="bbox 375 5779 1931 5855">
    <p class='ocr_par' dir='ltr' id='par_1_107' title="bbox 375 5779 1931 5855">
     <span class='ocr_line' id='line_1_107' title="bbox 375 5779 1931 5855; baseline -0.001 -21"><span class='ocrx_word' id='word_1_767' title='bbox 375 5780 999 5855; x_wconf 74' lang='grc' dir='ltr'>διαδιδράσκωσιν.ᾎλλ’</span> <span class='ocrx_word' id='word_1_768' title='bbox 1032 5781 1061 5832; x_wconf 83' lang='grc' dir='ltr'><strong>ὁ</strong></span> <span class='ocrx_word' id='word_1_769' title='bbox 1098 5780 1366 5851; x_wconf 81' lang='grc' dir='ltr'>ἡμέτερος</span> <span class='ocrx_word' id='word_1_770' title='bbox 1412 5780 1576 5851; x_wconf 88' lang='grc' dir='ltr'>νόμος</span> <span class='ocrx_word' id='word_1_771' title='bbox 1607 5779 1759 5834; x_wconf 74' lang='grc' dir='ltr'>οὐδὲν</span> <span class='ocrx_word' id='word_1_772' title='bbox 1779 5779 1931 5833; x_wconf 78' lang='grc' dir='ltr'>ἐλατ-</span> 
     </span>
    </p>
   </div>
   <div class='ocr_carea' id='block_1_108' title="bbox 2039 4586 3601 4657">
    <p class='ocr_par' dir='ltr' id='par_1_108' title="bbox 2039 4586 3601 4657">
     <span class='ocr_line' id='line_1_108' title="bbox 2039 4586 3601 4657; baseline -0.004 -14"><span class='ocrx_word' id='word_1_773' title='bbox 2039 4590 2251 4657; x_wconf 87' lang='lat' dir='ltr'><strong>impura</strong></span> <span class='ocrx_word' id='word_1_774' title='bbox 2305 4587 2707 4657; x_wconf 88' lang='lat' dir='ltr'><strong>quodammodo</strong></span> <span class='ocrx_word' id='word_1_775' title='bbox 2736 4603 2858 4643; x_wconf 78' lang='lat' dir='ltr'><strong>esse</strong></span> <span class='ocrx_word' id='word_1_776' title='bbox 2891 4587 3193 4650; x_wconf 82' lang='lat' dir='ltr'><strong>existimat,</strong></span> <span class='ocrx_word' id='word_1_777' title='bbox 3226 4586 3399 4639; x_wconf 88' lang='lat' dir='ltr'><strong>multo</strong></span> <span class='ocrx_word' id='word_1_778' title='bbox 3429 4587 3601 4653; x_wconf 79' lang='lat' dir='ltr'><strong>magis</strong></span> 
     </span>
    </p>
   </div>
   <div class='ocr_carea' id='block_1_109' title="bbox 2036 4677 3613 4751">
    <p class='ocr_par' dir='ltr' id='par_1_109' title="bbox 2036 4677 3613 4751">
     <span class='ocr_line' id='line_1_109' title="bbox 2036 4677 3613 4751; baseline -0.003 -17"><span class='ocrx_word' id='word_1_779' title='bbox 2036 4695 2106 4734; x_wconf 72' lang='lat' dir='ltr'><strong>ex</strong></span> <span class='ocrx_word' id='word_1_780' title='bbox 2163 4681 2448 4751; x_wconf 82' lang='lat' dir='ltr'><strong>proposito</strong></span> <span class='ocrx_word' id='word_1_781' title='bbox 2497 4680 2776 4735; x_wconf 87' lang='lat' dir='ltr'><strong>salacitas.</strong></span> <span class='ocrx_word' id='word_1_782' title='bbox 2806 4678 3066 4734; x_wconf 88' lang='lat' dir='ltr'><strong>Umbram</strong></span> <span class='ocrx_word' id='word_1_783' title='bbox 3099 4679 3263 4745; x_wconf 62' lang='lat' dir='ltr'><strong>ﬁenim</strong></span> <span class='ocrx_word' id='word_1_784' title='bbox 3318 4677 3613 4731; x_wconf 79' lang='lat' dir='ltr'><strong>continens</strong></span> 
     </span>
    </p>
   </div>
   <div class='ocr_carea' id='block_1_110' title="bbox 2039 4770 3603 4838">
    <p class='ocr_par' dir='ltr' id='par_1_110' title="bbox 2039 4770 3603 4838">
     <span class='ocr_line' id='line_1_110' title="bbox 2039 4770 3603 4838; baseline -0.003 -15"><span class='ocrx_word' id='word_1_785' title='bbox 2039 4771 2148 4834; x_wconf 75' lang='lat' dir='ltr'><strong>lex,</strong></span> <span class='ocrx_word' id='word_1_786' title='bbox 2212 4771 2265 4824; x_wconf 89' lang='lat' dir='ltr'><strong>in</strong></span> <span class='ocrx_word' id='word_1_787' title='bbox 2298 4770 2695 4838; x_wconf 86' lang='lat' dir='ltr'><strong>corporalibus,</strong></span> <span class='ocrx_word' id='word_1_788' title='bbox 2759 4779 3020 4838; x_wconf 84' lang='lat' dir='ltr'><strong>tanquam</strong></span> <span class='ocrx_word' id='word_1_789' title='bbox 3074 4783 3294 4837; x_wconf 88' lang='lat' dir='ltr'><strong>pueros.</strong></span> <span class='ocrx_word' id='word_1_790' title='bbox 3354 4770 3603 4821; x_wconf 79' lang='lat' dir='ltr'><strong>exercuit</strong></span> 
     </span>
    </p>
   </div>
   <div class='ocr_carea' id='block_1_111' title="bbox 2036 4858 3606 4929">
    <p class='ocr_par' dir='ltr' id='par_1_111' title="bbox 2036 4858 3606 4929">
     <span class='ocr_line' id='line_1_111' title="bbox 2036 4858 3606 4929; baseline -0.003 -15"><span class='ocrx_word' id='word_1_791' title='bbox 2036 4859 2272 4923; x_wconf 67' lang='lat' dir='ltr'><strong>Judmos,</strong></span> <span class='ocrx_word' id='word_1_792' title='bbox 2312 4870 2372 4913; x_wconf 91' lang='lat' dir='ltr'><strong>ut</strong></span> <span class='ocrx_word' id='word_1_793' title='bbox 2405 4860 2476 4914; x_wconf 88' lang='lat' dir='ltr'><strong>ad</strong></span> <span class='ocrx_word' id='word_1_794' title='bbox 2507 4860 2877 4929; x_wconf 84' lang='lat' dir='ltr'><strong>spiritualium</strong></span> <span class='ocrx_word' id='word_1_795' title='bbox 2929 4869 2983 4913; x_wconf 92' lang='lat' dir='ltr'><strong>et</strong></span> <span class='ocrx_word' id='word_1_796' title='bbox 3028 4858 3416 4928; x_wconf 80' lang='lat' dir='ltr'><strong>perfectiorum</strong></span> <span class='ocrx_word' id='word_1_797' title='bbox 3450 4875 3606 4910; x_wconf 81' lang='lat' dir='ltr'><strong>man-</strong></span> 
     </span>
    </p>
   </div>
   <div class='ocr_carea' id='block_1_112' title="bbox 2036 4946 3604 5020">
    <p class='ocr_par' dir='ltr' id='par_1_112' title="bbox 2036 4946 3604 5020">
     <span class='ocr_line' id='line_1_112' title="bbox 2036 4946 3604 5020; baseline -0.005 -14"><span class='ocrx_word' id='word_1_798' title='bbox 2036 4952 2286 5006; x_wconf 87' lang='lat' dir='ltr'><strong>datorum</strong></span> <span class='ocrx_word' id='word_1_799' title='bbox 2318 4953 2687 5019; x_wconf 87' lang='lat' dir='ltr'><strong>receptionem</strong></span> <span class='ocrx_word' id='word_1_800' title='bbox 2715 4951 2890 5020; x_wconf 77' lang='lat' dir='ltr'><strong>magis</strong></span> <span class='ocrx_word' id='word_1_801' title='bbox 2941 4950 3168 5004; x_wconf 90' lang='lat' dir='ltr'><strong>idoneos</strong></span> <span class='ocrx_word' id='word_1_802' title='bbox 3209 4949 3478 5003; x_wconf 86' lang='lat' dir='ltr'><strong>redderet.</strong></span> <span class='ocrx_word' id='word_1_803' title='bbox 3529 4946 3604 4999; x_wconf 68' lang='lat' dir='ltr'><strong>Et</strong></span> 
     </span>
    </p>
   </div>
   <div class='ocr_carea' id='block_1_113' title="bbox 2039 5041 3609 5098">
    <p class='ocr_par' dir='ltr' id='par_1_113' title="bbox 2039 5041 3609 5098">
     <span class='ocr_line' id='line_1_113' title="bbox 2039 5041 3609 5098; baseline -0.003 -1"><span class='ocrx_word' id='word_1_804' title='bbox 2039 5044 2126 5098; x_wconf 88' lang='lat' dir='ltr'><strong>his</strong></span> <span class='ocrx_word' id='word_1_805' title='bbox 2162 5044 2360 5098; x_wconf 88' lang='lat' dir='ltr'><strong>etenim</strong></span> <span class='ocrx_word' id='word_1_806' title='bbox 2414 5042 2578 5098; x_wconf 91' lang='lat' dir='ltr'><strong>docet</strong></span> <span class='ocrx_word' id='word_1_807' title='bbox 2640 5052 2697 5096; x_wconf 89' lang='lat' dir='ltr'><strong>et</strong></span> <span class='ocrx_word' id='word_1_808' title='bbox 2765 5057 2867 5095; x_wconf 87' lang='lat' dir='ltr'><strong>nos</strong></span> <span class='ocrx_word' id='word_1_809' title='bbox 2920 5056 3111 5095; x_wconf 88' lang='lat' dir='ltr'><strong>eorum</strong></span> <span class='ocrx_word' id='word_1_810' title='bbox 3156 5041 3609 5095; x_wconf 65' lang='lat' dir='ltr'><strong>conversationes</strong></span> 
     </span>
    </p>
   </div>
   <div class='ocr_carea' id='block_1_114' title="bbox 2038 5130 3613 5205">
    <p class='ocr_par' dir='ltr' id='par_1_114' title="bbox 2038 5130 3613 5205">
     <span class='ocr_line' id='line_1_114' title="bbox 2038 5130 3613 5205; baseline -0.005 -16"><span class='ocrx_word' id='word_1_811' title='bbox 2038 5133 2226 5205; x_wconf 77' lang='lat' dir='ltr'><strong>fugere</strong></span> <span class='ocrx_word' id='word_1_812' title='bbox 2252 5133 2471 5196; x_wconf 87' lang='lat' dir='ltr'><strong>debere,</strong></span> <span class='ocrx_word' id='word_1_813' title='bbox 2513 5148 2582 5187; x_wconf 87' lang='lat' dir='ltr'><strong>ne</strong></span> <span class='ocrx_word' id='word_1_814' title='bbox 2614 5146 2936 5186; x_wconf 79' lang='lat' dir='ltr'><strong>sermonttm</strong></span> <span class='ocrx_word' id='word_1_815' title='bbox 2967 5130 3287 5198; x_wconf 89' lang='lat' dir='ltr'><strong>impuritate</strong></span> <span class='ocrx_word' id='word_1_816' title='bbox 3316 5144 3380 5182; x_wconf 76' lang='lat' dir='ltr'><strong>ex</strong></span> <span class='ocrx_word' id='word_1_817' title='bbox 3412 5140 3613 5182; x_wconf 76' lang='lat' dir='ltr'><strong>eorum</strong></span> 
     </span>
    </p>
   </div>
   <div class='ocr_carea' id='block_1_115' title="bbox 2037 5219 3613 5296">
    <p class='ocr_par' dir='ltr' id='par_1_115' title="bbox 2037 5219 3613 5296">
     <span class='ocr_line' id='line_1_115' title="bbox 2037 5219 3613 5296; baseline -0.007 -16"><span class='ocrx_word' id='word_1_818' title='bbox 2037 5241 2133 5280; x_wconf 86' lang='lat' dir='ltr'><strong>ore</strong></span> <span class='ocrx_word' id='word_1_819' title='bbox 2188 5223 2516 5296; x_wconf 87' lang='lat' dir='ltr'><strong>procedente</strong></span> <span class='ocrx_word' id='word_1_820' title='bbox 2554 5224 2745 5293; x_wconf 90' lang='lat' dir='ltr'><strong>polluti</strong></span> <span class='ocrx_word' id='word_1_821' title='bbox 2803 5223 2999 5277; x_wconf 88' lang='lat' dir='ltr'><strong>simus.</strong></span> <span class='ocrx_word' id='word_1_822' title='bbox 3054 5221 3117 5277; x_wconf 84' lang='lat' dir='ltr'><strong>lli</strong></span> <span class='ocrx_word' id='word_1_823' title='bbox 3147 5236 3278 5275; x_wconf 81' lang='lat' dir='ltr'><strong>vero</strong></span> <span class='ocrx_word' id='word_1_824' title='bbox 3308 5229 3456 5281; x_wconf 90' lang='lat' dir='ltr'><strong>sunt,</strong></span> <span class='ocrx_word' id='word_1_825' title='bbox 3511 5219 3613 5284; x_wconf 56' lang='lat' dir='ltr'><strong>qui</strong></span> 
     </span>
    </p>
   </div>
   <div class='ocr_carea' id='block_1_116' title="bbox 2037 5310 3601 5387">
    <p class='ocr_par' dir='ltr' id='par_1_116' title="bbox 2037 5310 3601 5387">
     <span class='ocr_line' id='line_1_116' title="bbox 2037 5310 3601 5387; baseline -0.009 -12"><span class='ocrx_word' id='word_1_826' title='bbox 2037 5320 2289 5375; x_wconf 88' lang='lat' dir='ltr'><strong>morbum</strong></span> <span class='ocrx_word' id='word_1_827' title='bbox 2321 5332 2482 5372; x_wconf 89' lang='lat' dir='ltr'><strong>suum</strong></span> <span class='ocrx_word' id='word_1_828' title='bbox 2516 5317 2788 5387; x_wconf 75' lang='lat' dir='ltr'><strong>pestifera:</strong></span> <span class='ocrx_word' id='word_1_829' title='bbox 2820 5315 2996 5370; x_wconf 87' lang='lat' dir='ltr'><strong>instar</strong></span> <span class='ocrx_word' id='word_1_830' title='bbox 3035 5310 3348 5368; x_wconf 81' lang='lat' dir='ltr'><strong>infcctionis</strong></span> <span class='ocrx_word' id='word_1_831' title='bbox 3397 5314 3451 5366; x_wconf 83' lang='lat' dir='ltr'><strong>in</strong></span> <span class='ocrx_word' id='word_1_832' title='bbox 3485 5327 3601 5364; x_wconf 65' lang='lat' dir='ltr'><strong>om.</strong></span> 
     </span>
    </p>
   </div>
   <div class='ocr_carea' id='block_1_117' title="bbox 2036 5404 3606 5477">
    <p class='ocr_par' dir='ltr' id='par_1_117' title="bbox 2036 5404 3606 5477">
     <span class='ocr_line' id='line_1_117' title="bbox 2036 5404 3606 5477; baseline -0.007 -12"><span class='ocrx_word' id='word_1_833' title='bbox 2036 5427 2133 5466; x_wconf 87' lang='lat' dir='ltr'><strong>nes</strong></span> <span class='ocrx_word' id='word_1_834' title='bbox 2179 5410 2437 5464; x_wconf 84' lang='lat' dir='ltr'><strong>inducere</strong></span> <span class='ocrx_word' id='word_1_835' title='bbox 2476 5423 2827 5477; x_wconf 88' lang='lat' dir='ltr'><strong>summopere</strong></span> <span class='ocrx_word' id='word_1_836' title='bbox 2853 5418 3146 5474; x_wconf 89' lang='lat' dir='ltr'><strong>conantur,</strong></span> <span class='ocrx_word' id='word_1_837' title='bbox 3180 5416 3233 5462; x_wconf 92' lang='lat' dir='ltr'><strong>et</strong></span> <span class='ocrx_word' id='word_1_838' title='bbox 3266 5404 3606 5475; x_wconf 61' lang='lat' dir='ltr'><strong>quampluri-</strong></span> 
     </span>
    </p>
   </div>
   <div class='ocr_carea' id='block_1_118' title="bbox 2038 5498 3613 5567">
    <p class='ocr_par' dir='ltr' id='par_1_118' title="bbox 2038 5498 3613 5567">
     <span class='ocr_line' id='line_1_118' title="bbox 2038 5498 3613 5567; baseline -0.005 -11"><span class='ocrx_word' id='word_1_839' title='bbox 2038 5519 2157 5558; x_wconf 91' lang='lat' dir='ltr'><strong>mos</strong></span> <span class='ocrx_word' id='word_1_840' title='bbox 2212 5502 2416 5557; x_wconf 83' lang='lat' dir='ltr'><strong>habere</strong></span> <span class='ocrx_word' id='word_1_841' title='bbox 2469 5498 2576 5557; x_wconf 87' lang='lat' dir='ltr'><strong>sibi</strong></span> <span class='ocrx_word' id='word_1_842' title='bbox 2636 5500 2872 5567; x_wconf 86' lang='lat' dir='ltr'><strong>similes,</strong></span> <span class='ocrx_word' id='word_1_843' title='bbox 2921 5507 2982 5553; x_wconf 93' lang='lat' dir='ltr'><strong>ut</strong></span> <span class='ocrx_word' id='word_1_844' title='bbox 3047 5516 3101 5554; x_wconf 75' lang='lat' dir='ltr'><strong>in</strong></span> <span class='ocrx_word' id='word_1_845' title='bbox 3145 5499 3414 5553; x_wconf 83' lang='lat' dir='ltr'><strong>malorum</strong></span> <span class='ocrx_word' id='word_1_846' title='bbox 3454 5512 3613 5552; x_wconf 50' lang='lat' dir='ltr'><strong>com;</strong></span> 
     </span>
    </p>
   </div>
   <div class='ocr_carea' id='block_1_119' title="bbox 2036 5588 3602 5661">
    <p class='ocr_par' dir='ltr' id='par_1_119' title="bbox 2036 5588 3602 5661">
     <span class='ocr_line' id='line_1_119' title="bbox 2036 5588 3602 5661; baseline -0.004 -13"><span class='ocrx_word' id='word_1_847' title='bbox 2036 5594 2299 5649; x_wconf 88' lang='lat' dir='ltr'><strong>munione</strong></span> <span class='ocrx_word' id='word_1_848' title='bbox 2338 5593 2627 5652; x_wconf 85' lang='lat' dir='ltr'><strong>criminum</strong></span> <span class='ocrx_word' id='word_1_849' title='bbox 2694 5593 2857 5646; x_wconf 88' lang='lat' dir='ltr'><strong>etiam</strong></span> <span class='ocrx_word' id='word_1_850' title='bbox 2906 5593 3196 5655; x_wconf 62' lang='lat' dir='ltr'><strong>eonmcia,</strong></span> <span class='ocrx_word' id='word_1_851' title='bbox 3245 5601 3406 5661; x_wconf 90' lang='lat' dir='ltr'><strong>prout</strong></span> <span class='ocrx_word' id='word_1_852' title='bbox 3457 5588 3602 5644; x_wconf 72' lang='lat' dir='ltr'><strong>soLti</strong></span> 
     </span>
    </p>
   </div>
   <div class='ocr_carea' id='block_1_120' title="bbox 2035 5679 3613 5753">
    <p class='ocr_par' dir='ltr' id='par_1_120' title="bbox 2035 5679 3613 5753">
     <span class='ocr_line' id='line_1_120' title="bbox 2035 5679 3613 5753; baseline -0.005 -15"><span class='ocrx_word' id='word_1_853' title='bbox 2035 5695 2181 5741; x_wconf 88' lang='lat' dir='ltr'><strong>sunt.</strong></span> <span class='ocrx_word' id='word_1_854' title='bbox 2228 5683 2531 5753; x_wconf 77' lang='lat' dir='ltr'><strong>aufugiam.</strong></span> <span class='ocrx_word' id='word_1_855' title='bbox 2590 5683 2894 5747; x_wconf 17' lang='lat' dir='ltr'><strong>At‘nostra</strong></span> <span class='ocrx_word' id='word_1_856' title='bbox 2954 5684 3038 5737; x_wconf 78' lang='lat' dir='ltr'><strong>lex</strong></span> <span class='ocrx_word' id='word_1_857' title='bbox 3093 5697 3200 5736; x_wconf 91' lang='lat' dir='ltr'><strong>non</strong></span> <span class='ocrx_word' id='word_1_858' title='bbox 3254 5682 3437 5735; x_wconf 86' lang='lat' dir='ltr'><strong>minus</strong></span> <span class='ocrx_word' id='word_1_859' title='bbox 3481 5679 3613 5732; x_wconf 59' lang='lat' dir='ltr'><strong>i‘llor)‘</strong></span> 
     </span>
    </p>
   </div>
   <div class='ocr_carea' id='block_1_121' title="bbox 2036 5772 3618 5847">
    <p class='ocr_par' dir='ltr' id='par_1_121' title="bbox 2036 5772 3618 5847">
     <span class='ocr_line' id='line_1_121' title="bbox 2036 5772 3618 5847; baseline -0.007 -15"><span class='ocrx_word' id='word_1_860' title='bbox 2036 5792 2198 5847; x_wconf 88' lang='lat' dir='ltr'><strong>quam</strong></span> <span class='ocrx_word' id='word_1_861' title='bbox 2250 5792 2415 5832; x_wconf 86' lang='lat' dir='ltr'><strong>sanos</strong></span> <span class='ocrx_word' id='word_1_862' title='bbox 2459 5777 2723 5845; x_wconf 85' lang='lat' dir='ltr'><strong>admittit,</strong></span> <span class='ocrx_word' id='word_1_863' title='bbox 2767 5774 3026 5838; x_wconf 80' lang='lat' dir='ltr'><strong>quoniam</strong></span> <span class='ocrx_word' id='word_1_864' title='bbox 3083 5774 3177 5845; x_wconf 77' lang='lat' dir='ltr'><strong>qui</strong></span> <span class='ocrx_word' id='word_1_865' title='bbox 3212 5773 3298 5826; x_wconf 75' lang='lat' dir='ltr'><strong>vel</strong></span> <span class='ocrx_word' id='word_1_866' title='bbox 3341 5772 3493 5841; x_wconf 62' lang='lat' dir='ltr'><strong>lepra</strong></span> <span class='ocrx_word' id='word_1_867' title='bbox 3534 5773 3618 5822; x_wconf 65' lang='lat' dir='ltr'><strong>la~“</strong></span> 
     </span>
    </p>
   </div>
   <div class='ocr_carea' id='block_1_122' title="bbox 2582 5980 2615 5987">
    <p class='ocr_par' dir='ltr' id='par_1_122' title="bbox 2582 5980 2615 5987">
     <span class='ocr_line' id='line_1_122' title="bbox 2582 5980 2615 5987; baseline -0.061 0"><span class='ocrx_word' id='word_1_868' title='bbox 2582 5980 2615 5987; x_wconf 75' lang='grc' dir='ltr'><strong>..σ-</strong></span> 
     </span>
    </p>
   </div>
  </div>
