4054 6406
518 400 659 465 1383

1708 392 1969 452 MATTH
1984 390 2074 447 .‘El
2121 392 2212 450 BL
2226 391 2404 449 ASTA
2420 390 2545 447 RIS

3631 392 3748 455 1384
3782 452 3787 455 Α

512 490 800 574 borabam,
859 510 930 564 ob
966 488 1129 563 illam
1219 516 1479 576 tanquam
1547 505 1749 575 impuri
1822 519 1851 557 a
1891 505 2088 558 castris

2198 521 2281 558 ιον
2311 507 2533 569 τούτους
2559 505 2668 558 τῶν
2707 506 3067 574 ὑγιαινόντων
3091 508 3401 577 προσίεται·
3434 509 3562 561 ἐπεὶ
3595 512 3682 563 καὶ
3708 515 3749 564 οἱ

511 605 948 667 amovebantnr;
987 601 1147 655 nobis
1189 610 1371 654 autem
1421 610 1476 653 et
1518 597 1772 653 concioni
1809 597 1976 651 simul
1999 597 2086 649 in-

511 703 729 749 tersunt
756 704 823 751 et.
874 692 1038 747 simul
1071 699 1384 760 precantur,
1436 699 1503 744 cx
1566 689 1763 744 morbo
1803 677 1949 742 'nihil
1982 688 2084 741 im-

511 785 709 856 pediti.

586 960 895 1015 Vicesimus
951 958 1228 1013 secundus
1255 973 1386 1012 vero
1420 946 1696 1014 Timethei
1734 959 2087 1013 Alexandrini

511 1066 713 1114 canon,
773 1050 829 1104 Si
861 1051 1150 1119 cogitatio,
1182 1050 1389 1118 inquit,
1440 1050 1775 1104 desiderium
1806 1052 1860 1104 in
1905 1065 1970 1104 eo
1995 1053 2088 1119 qui

511 1145 752 1194 somniat
813 1139 1149 1204 accenderit,
1179 1150 1232 1193 et
1264 1140 1387 1207 ipso
1417 1140 1468 1192 in
1497 1140 1943 1207 cogitatione'sua
1973 1156 2093 1209 per-

512 1233 764 1293 sistenle,
797 1232 967 1285 iluxio
990 1231 1220 1284 seminis
1248 1238 1545 1284 consecuta
1576 1229 1763 1294 fuerit,
1791 1230 2090 1285 differenda

514 1333 599 1379 est
636 1313 993 1387 communio;
1032 1322 1280 1376 assensio
1302 1323 1447 1376 enim
1483 1331 1720 1376 mentem
1759 1323 2086 1392 inquinavit.

514 1415 571 1466 Si
629 1431 760 1467 vero
812 1414 946 1467 nihil
1013 1414 1210 1467 horum
1281 1404 1657 1484 praecesserit,
1734 1414 2088 1468 tentationem

513 1519 636 1558 esse
664 1505 890 1563 diaboli.
919 1520 947 1557 a
978 1502 1161 1557 divina
1196 1505 1587 1559 communione
1628 1505 1778 1558 illum
1821 1506 2092 1558 abducere

515 1596 812 1658 molientis,
869 1592 1221 1648 manifestum
1276 1594 1377 1660 fit;
1414 1597 1506 1650 sed
1560 1595 1606 1649 is
1651 1595 1783 1648 nihil
1834 1594 2093 1649 haesitans

514 1690 579 1738 ad
620 1687 1061 1740 communionem
1088 1687 1336 1742 accedat.
1365 1688 1419 1742 Si
1444 1691 1589 1742 enim
1615 1688 1669 1741 in
1698 1700 1786 1749 eo,
1817 1703 1885 1741 ne
1909 1702 2091 1741 sacra-

516 1780 683 1834 menti
716 1776 950 1848 posthac
984 1783 1058 1833 sit
1102 1779 1399 1848 particeps,
1442 1779 1585 1833 felici
1623 1793 1880 1833 successu
1907 1789 2092 1851 utatur

515 1872 604 1926 ille
650 1871 851 1934 malus,
909 1885 1015 1924 non
1058 1871 1299 1924 cessabit
1353 1870 1559 1924 homini
1645 1869 1916 1932 insidiari,
1958 1875 2095 1938 Quo-

517 1964 844 2030 tiescunque
885 1977 1010 2015 eum
1049 1960 1115 2014 ad
1145 1961 1386 2015 divinam
1441 1961 1884 2016 communionem
1917 1976 1976 2015 se
2004 1973 2096 2016 ac-

516 2054 738 2121 cingere
769 2052 1109 2121 cognoverit.

514 2165 670 2220 CAP.
700 2163 897 2221 XXIX.
933 2164 1087 2229 Quod
1127 2163 1322 2219 divina:
1374 2163 1770 2218 cOmmunionis
1809 2164 1983 2233 gratia
2011 2156 2096 2217 ni-

990 2234 1069 2288 hil
1123 2236 1363 2303 accipere
1412 2244 1639 2300 oportet.

583 2322 895 2379 Vicesimus
936 2325 1132 2379 tertius
1168 2339 1224 2379 v1
1267 2340 1389 2395 syn.
1452 2339 1628 2379 canon
1689 2324 2093 2381 immaculatam

516 2416 885 2485 praebentibus
931 2417 1135 2486 populo
1192 2418 1634 2471 communionem
1666 2416 1892 2470 omnino
1920 2415 2092 2471 inter-

516 2506 690 2573 dicit,
752 2520 820 2563 ne
880 2509 948 2563 ab
986 2510 1053 2563 iis
1112 2508 1205 2579 qui
1263 2508 1673 2563 communicant
1735 2507 1961 2571 obolos,
2011 2509 2093 2563 vel

517 2598 772 2666 quamvis
817 2599 981 2652 aliam
1026 2599 1265 2667 speciem
1293 2597 1536 2664 exigant.
1573 2595 1707 2651 Nam
1758 2598 1933 2667 gratia
1983 2608 2092 2652 non

515 2698 601 2744 est
632 2690 859 2753 venalis,
903 2691 1105 2760 inquit,
1158 2688 1317 2760 165
1346 2704 1524 2758 neque
1575 2689 1744 2758 igitur
1774 2690 1965 2758 pretio,
2000 2692 2092 2745 sed

516 2781 786 2836 sanctitas
822 2781 990 2851 gratis
1013 2782 1218 2835 sanctis
1254 2779 1710 2835 communicanda
1739 2792 1842 2834 est.
1879 2780 1939 2835 Si
1972 2783 2095 2848 quis

516 2883 700 2929 autem
740 2886 956 2939 eorum,
993 2876 1087 2943 qui
1141 2884 1270 2928 sunt
1316 2873 1371 2925 in
1425 2872 1753 2926 clericorum
1807 2873 2093 2942 catalogo.

521 2966 681 3020 talem
734 2966 973 3034 speciem
1006 2964 1227 3033 exigere
1257 2964 1628 3032 deprehensus
1679 2963 1864 3028 fuerit,
1895 2966 2096 3034 quibus

519 3054 931 3108 immaculatam
995 3053 1389 3122 impertiuntur
1442 3054 1931 3118 communionem,
1999 3057 2095 3108 de-

2189 598 2398 667 λέπραν
2425 600 2753 668 νοσήσαντες
2811 600 2941 668 παρ’
2970 599 3199 655 ἐκείνων
3234 601 3334 667 μὲν
3383 600 3480 652 καὶ
3505 604 3602 670 τῆς
3631 614 3754 671 παρ.

2189 689 2429 758 εμϐολῆς
2443 689 2765 758 ἠλαύνοντο,
2791 691 2866 753 ὼς
2888 690 3213 760 ἀκάθαρτον
3235 693 3368 759 ἡμῖν
3382 692 3558 745 δὲκαὶ
3583 696 3756 744 συνεκο

2193 779 2550 849 κλησιάζουσι
2613 783 2707 834 καὶ
2760 781 3137 850 συνεύχονται,
3186 781 3354 851 μηδὲν
3385 782 3448 834 ὲκ
3483 781 3581 851 τῆς
3614 782 3755 834 νόσου

2192 870 2217 921 ι
2226 867 2455 938 μποδιζὸ
2463 885 2638 938 μενοι.

2275 960 2336 1011 Ὀ
2364 958 2423 1011 δὲ
2471 958 2540 1029 ιβ’
2571 959 2753 1012 κανὼν
2801 959 2897 1012 τοῦ
2931 959 3204 1028 Τιμοθέου
3242 958 3671 1030 Ἀλεξανδρείας,
3702 962 3756 1012 Εἰ

2196 1051 2297 1119 μὲν
2352 1050 2657 1118 λογισμὸς,
2717 1050 2918 1119 φησὶν,
2970 1050 3270 1119 ἐπιθυμίας
3330 1051 3637 1119 προσέϐαλε
3690 1051 3757 1119 τῷ

2190 1144 2579 1212 όνειρασθέντι,
2608 1144 2705 1195 καὶ
2730 1141 2925 1217 τούτου
2954 1142 3516 1212 ἐμφιλοχωρήσαντος
3541 1146 3603 1211 τῇ
3630 1145 3760 1194 ὲκεί-

2192 1253 2286 1288 νου
2314 1235 2545 1305 διανοίᾳ,
2594 1236 2626 1302 ἡ
2673 1235 2773 1303 τῆς
2801 1233 2967 1302 γονῆς
3011 1233 3168 1302 ῥύσις
3201 1232 3635 1303 ἐπηκολούθησε,
3669 1236 3756 1301 τὴν

2193 1328 2482 1381 κοινωνίαν
2544 1327 2907 1397 ύπερθετέον·
2971 1327 3005 1396 ἡ
3065 1326 3174 1397 γὰρ
3229 1325 3634 1393 συγκατάθεσις
3681 1326 3759 1377 τὶν

2193 1416 2455 1484 λογισμὸν
2480 1417 2766 1487 ἐμόλυνεν.
2804 1415 2866 1469 Ei
2896 1416 2951 1469 δὲ
2985 1418 3141 1470 οὐδὲν
3167 1417 3374 1471 τούτων
3394 1420 3756 1488 προηγήσατο,

2194 1508 2476 1562 δείκνυται
2506 1510 2704 1578 πεῖραν
2734 1504 2877 1561 εἶναι
2908 1509 3004 1561 τοῦ
3036 1508 3314 1573 διαϐόλου,
3344 1508 3443 1578 τῆς
3479 1510 3631 1571 θείας
3671 1509 3758 1560 αύ-

2193 1599 2282 1653 τδν
2314 1600 2550 1667 ἁπάγειν
2583 1598 2872 1661 κοινωνίας
2918 1597 3338 1668 μηχανωμένου,
3382 1598 3521 1650 ἀλλὰ
3558 1597 3713 1666 μηδὲν
3738 1598 3762 1647 ό

2193 1689 2432 1752 τοιοῦτος
2475 1688 2761 1753 ἐνδοιάζων
2816 1692 2883 1757 τῇ
2928 1690 3200 1758 κοινωνίᾳ
3240 1689 3517 1758 προσίτω.
3549 1690 3609 1741 Ei
3665 1689 3759 1756 γὰρ

2196 1783 2289 1834 καὶ
2322 1781 2696 1849 κατορθωθείη
2730 1780 2808 1849 τῷ
2838 1779 3063 1849 πονηρῷ
3096 1781 3159 1844 τὸ
3201 1780 3276 1849 μὴ
3315 1781 3571 1848 μετέχειν
3612 1780 3760 1831 αὑτὸν

2197 1871 2447 1925 ἐντεῦθεν
2471 1872 2576 1924 τῶν
2596 1872 2985 1939 ἁγιασμάτων,
3010 1869 3381 1923 ἐπιϐουλεύων
3398 1869 3460 1921 οὐ
3485 1868 3757 1929 παύσεται,

2196 1962 2390 2025 ὁσάκις
2416 1961 2484 2015 ἂν
2516 1962 2681 2015 αὐτὸν
2702 1961 2817 2030 γνῷ
2868 1960 3008 2031 πρὸς
3036 1960 3138 2032 τὴν
3165 1959 3318 2013 θείαν
3347 1958 3761 2029 ἑτοιμαζόμενον

2199 2054 2513 2108 κοινωνίαν.

2201 2164 2451 2220 ΚΕΦΔΔ.
2484 2160 2614 2219 KG’.
2650 2165 2773 2217 Ὅτι
2798 2163 2911 2232 τῆς
2944 2160 3108 2228 θείας
3136 2165 3458 2229 κοινωνίας
3500 2152 3672 2230 χάριν
3696 2152 3757 2212 οδ

2715 2232 2813 2287 δεῖ
2833 2252 2887 2286 τι
2916 2235 3271 2302 λαμϐάνειν.

2280 2323 2341 2379 '0
2385 2333 2459 2393 κγ
2504 2324 2603 2395 τῆς
2661 2323 2715 2389 ς’
2749 2324 2969 2378 συνόδου
3020 2323 3201 2378 κανὼν
3252 2325 3369 2384 τοῖς
3440 2321 3760 2392 μεταδιδοῦα

2197 2416 2276 2489 τῷ
2306 2416 2420 2487 λαῷ
2444 2416 2546 2485 τῆς
2576 2415 2853 2486 ἀχράντου
2887 2401 3173 2477 κοινωνίας
3235 2414 3591 2467 παντάπασιν
3620 2413 3734 2464 ἁπεί

2201 2526 2338 2580 ρηκε
2383 2508 2509 2571 τοὺς
2551 2507 3073 2577 μεταλαμϐάνοντας
3125 2505 3484 2576 εἰσπράττειν
3527 2501 3756 2563 ὀϐολοὺς,

2199 2600 2230 2669 ἧ
2254 2600 2564 2670 οίονδήποτε
2584 2593 2739 2661 εἶδος·
2779 2598 2814 2665 ἡ
2839 2597 2949 2667 γὰρ
2970 2598 3151 2665 χάρις,
3170 2598 3357 2666 φησιν,
3381 2597 3447 2649 σύ
3475 2596 3761 2665 πιπράσκε-

2196 2706 2308 2743 ται.
2360 2689 2452 2757 Μὴ
2501 2686 2681 2740 τοίνυν
2730 2686 2819 2739 διὰ
2876 2686 3201 2756 χρημάτων,
3257 2685 3403 2737 ἀλλὰ
3442 2687 3646 2754 προῖκα
3675 2683 3757 2735 τοῦ

2199 2776 2475 2846 ἀγιασμοῦ
2502 2778 2616 2839 τοῖς
2644 2776 2815 2842 ἀξίοις
2848 2776 3184 2846 μεταδοτέον.
3215 2776 3279 2829 Et
3299 2777 3355 2828 δὲ
3390 2776 3669 2846 φωραθείη
3687 2791 3760 2836 τις

2197 2869 2304 2922 τῶν
2325 2871 2383 2921 έν
2401 2870 2479 2939 τῷ
2502 2868 2688 2938 κλήρῳ
2715 2868 3157 2938 κατειλεγμένων
3174 2871 3234 2922 τὸ
3263 2868 3481 2922 οίονοῦν
3509 2868 3755 2937 είσπράτ-

2196 2977 2305 3012 των
2334 2957 2492 3024 εἶδος,
2528 2955 2603 3013 ὧν
2634 2960 2733 3028 τῆς
2781 2961 3052 3029 ἀχράντου
3089 2961 3422 3031 μεταδίδωσι
3465 2961 3756 3022 κοινωνίας,

2201 3053 2588 3122 καθαιρείσθω,
2620 3049 2707 3105 οἷα
2735 3053 2982 3123 ζηλωτὴς
3017 3054 3117 3123 τῆς
3151 3053 3248 3106 τοῦ
3281 3053 3539 3121 Σίμωνος
3568 3052 3760 3118 πλάνης

518 3156 791 3215 ponatur,
849 3154 907 3198 ut
950 3143 1251 3200 Simoniaci
1295 3145 1500 3200 erroris
1549 3157 1603 3200 et
1636 3147 1889 3201 maleﬁcii
1923 3162 2089 3201 aemu-

2204 3145 2297 3196 καὶ
2321 3143 2683 3215 κακουργίας
2717 3141 2869 3207 οὗτος
2900 3146 3008 3215 γὰρ
3044 3147 3341 3216 χρημάτων
3369 3143 3643 3215 πρίασθαι
3670 3142 3758 3212 τὴν

517 3240 717 3293 lator:
776 3239 864 3293 illc
911 3238 1058 3293 enim
1111 3239 1287 3307 pretio
1348 3253 1531 3292 emere
1570 3238 1805 3307 Spiritus
1866 3242 2096 3308 gratiam

523 3332 857 3400 postulabat.

517 3447 671 3501 CAP.
728 3445 895 3498 XXX.
958 3445 1032 3499 De
1092 3446 1158 3497 iis
1196 3447 1287 3515 qui
1352 3461 1468 3497 cum
1508 3448 1807 3515 prcsbytero
1867 3464 2083 3503 uzorem

799 3518 1019 3569 habente
1092 3515 1484 3568 communicare
1524 3518 1817 3585 ambigunt.

594 3606 730 3662 Vide
768 3608 823 3660 in
861 3606 894 3660 9
934 3607 1115 3675 capite
1161 3606 1355 3662 litterae
1421 3608 1459 3660 Β
1519 3622 1782 3663 canouem
1828 3609 1862 3661 4
1909 3610 2097 3678 synodi

520 3698 875 3767 Gangrensis.

518 3811 674 3867 CAP.
703 3808 899 3863 XXXI.
923 3808 999 3886 De
1015 3810 1443 3889 presbyterorum
1472 3820 1520 3863 σι
1554 3810 1812 3863 laicorum
1836 3812 2016 3865 ordine
2044 3815 2097 3864 in

1121 3895 1511 3936 communione.

590 3972 778 4028 Canon
809 3971 876 4025 58
909 3979 1078 4025 sextae
1111 3970 1305 4040 synodi
1383 3986 1489 4024 non
1536 3970 1803 4040 permittit
1847 3972 2008 4035 laico,
2042 3984 2100 4025 ul.

520 4063 703 4118 divina
753 4061 1011 4131 mysteria
1046 4060 1150 4115 sibi
1199 4060 1501 4129 impertiat,
1541 4070 1811 4130 praesente
1842 4064 2098 4132 episcopo

523 4154 605 4207 vel
640 4154 959 4222 presbytero
1008 4150 1094 4205 vel
1138 4150 1397 4205 diacono.
1440 4149 1543 4217 Qui
1579 4168 1712 4207 vero
1756 4162 1950 4223 praeter
1987 4155 2100 4209 haec

523 4244 672 4307 facit,
709 4260 814 4297 una
849 4244 1157 4311 septimana
1190 4244 1465 4313 segregari
1511 4243 1735 4313 dignum
1777 4245 2011 4314 judicat,
2042 4256 2100 4300 ut

521 4335 699 4387 discat
748 4332 974 4386 humilis
1012 4333 1153 4396 ﬁeri,
1206 4342 1261 4387 et
1312 4348 1417 4387 non
1471 4335 1677 4403 majora
1734 4336 1851 4390 suis
1887 4336 2098 4391 meritis

521 4424 766 4509 aggredi.

599 4494 946 4570 Ceiitesimus
979 4516 1187 4583 primus
1211 4531 1340 4570 vero
1369 4532 1713 4587 nequaquam
1745 4518 1982 4571 admittit
2001 4530 2096 4574 eos
2122 4489 2177 4548 ι)

522 4609 614 4677 qui
653 4618 875 4676 propter
907 4607 1228 4675 religionem
1265 4610 1403 4663 forte
1436 4620 1488 4663 et
1515 4626 1795 4664 sacrorum
1826 4611 2095 4664 donorum

527 4698 955 4760 venerationem,
1013 4685 1378 4767 receptaculis
1429 4715 1495 4752 ex
1549 4713 1689 4752 auro
1741 4700 1821 4751 vel
1872 4709 2099 4765 argento

526 4791 702 4843 aliave
746 4770 987 4860 pretiosa
1039 4791 1265 4843 materia
1318 4791 1675 4859 comparatis,
1726 4791 1906 4844 divina
1949 4792 2097 4844 exci-

526 4883 679 4950 piunt
708 4884 875 4945 dona,
924 4893 980 4935 et
1030 4882 1103 4935 ita
1134 4885 1550 4937 communicant
1578 4899 1593 4934 :
1627 4884 1719 4938 sed
1755 4886 1847 4954 qui
1903 4901 2097 4940 manus

524 4973 577 5024 in
614 4973 798 5026 crucis
835 4973 1055 5026 modum
1088 4973 1456 5036 conformant,
1488 4986 1538 5027 et
1572 4973 1681 5029 illis
1715 4975 1958 5029 divinum
1996 4977 2097 5030 do-

523 5077 652 5113 num
699 5060 1034 5129 eXcipientes
1091 5064 1524 5117 communicant.
1581 5061 1767 5133 Longe
1813 5067 1956 5119 enim
2020 5069 2095 5119 rei

523 5151 748 5205 cuilibet
795 5152 1039 5207 sensibili
1092 5154 1426 5220 praeponitur
1459 5154 1550 5207 Dei
1603 5170 1764 5208 manu
1814 5156 2095 5211 efformata

525 5259 720 5297 manus
751 5240 1012 5307 hominis,
1043 5244 1224 5295 divina
1282 5244 1523 5311 imagine
1570 5246 1864 5311 nobilitati,
1895 5258 1947 5302 et
1973 5264 2095 5301 cer-

526 5350 626 5402 pus
657 5333 859 5388 Christi
894 5335 1185 5399 nominati,
1233 5343 1286 5387 et
1338 5337 1599 5405 templum
1648 5336 1741 5391 Dei
1795 5341 2094 5393 secundum

524 5424 768 5475 divinum
818 5424 1161 5491 Apostolum.
1199 5423 1355 5478 Manu
1413 5427 1597 5494 igitur,
1658 5428 1853 5497 inquit,
1913 5432 2097 5499 gratia:

524 5512 963 5573 communionem
992 5512 1220 5581 quilibet
1240 5515 1511 5583 accipiat;
1549 5533 1707 5572 nemo
1733 5520 1876 5573 enim
1908 5537 2095 5575 revera

522 5601 723 5654 divinae
757 5605 1163 5657 communionis
1202 5607 1400 5674 dignus
1434 5618 1537 5671 est,
1583 5610 1677 5663 sed
1712 5625 1775 5663 ea
1815 5611 1960 5680 digni
2005 5629 2097 5677 per

524 5692 756 5757 gratiam
794 5705 987 5744 omnes
1010 5692 1295 5757 eﬂlcimur,
1336 5696 1798 5763 quemadmodum
1843 5708 1895 5752 et
1923 5703 2094 5770 gratia

526 5778 717 5832 salvati
748 5794 959 5846 sumus,
991 5792 1049 5836 ut
1085 5784 1286 5838 alicubi
1319 5785 1452 5839 dicit
1480 5787 1798 5855 Apostolus.
1833 5790 1935 5854 Qui
1966 5806 2094 5843 vero

2207 3235 2364 3304 χάριν
2399 3235 2582 3305 ἐζήτει
2614 3235 2708 3288 τοῦ
2740 3236 3092 3305 Πνεύματος.

2204 3437 2451 3489 ΚΕΦΛΛ.
2485 3438 2586 3509 _A'.
2626 3436 2763 3503 Περὶ
2793 3436 2913 3509 τῷν
2933 3438 3267 3509 ,κοινωνεῖν
3299 3437 3757 3509 διακρινομένων

2465 3506 2585 3559 ἀπὸ
2633 3506 3056 3576 πρεσϐυτέρου
3085 3506 3519 3577 γεγαμηκότος.

2271 3599 2433 3667 Ζήτει
2481 3600 2546 3650 έν
2601 3599 2678 3669 τῷ
2726 3599 2771 3650 θ’
2804 3616 2932 3668 κεφ.
2973 3599 3067 3651 τοῦ
3105 3599 3145 3650 Β
3190 3600 3462 3670 στοιχείου
3499 3601 3692 3657 κανόνα
3721 3599 3755 3650 δ’

2199 3684 2299 3755 τῆς
2328 3690 2387 3740 έν
2418 3689 2647 3759 Γαγγρα
2684 3692 2919 3766 συνόδου.
3198 3670 3217 3690 ²

2202 3803 2455 3857 ΚΕΦΑΛ.
2504 3802 2628 3858 AA'.
2686 3806 2822 3874 Περὶ
2881 3805 2990 3874 τῆς
3037 3808 3107 3859 ἐν
3163 3810 3449 3873 κοινωνίᾳ
3491 3803 3754 3868 εὐταξίας

2555 3874 2972 3942 πρεσϐυτέρων
3028 3878 3125 3929 καὶ
3164 3875 3413 3930 λατκὼν.

2281 3967 2342 4018 Ὀ
2372 3965 2474 4035 τῆς
2511 3964 2562 4029 ς’
2587 3966 2809 4019 συνόδου
2838 3973 2920 4035 νη⁰
2947 3967 3129 4019 κανὼν
3152 3968 3252 4019 οὑκ
3275 3968 3569 4037 ἐπιτρέπει
3600 3962 3755 4032 λαῖκῷ

2199 4057 2309 4111 τῶν
2346 4057 2506 4110 θείων
2538 4060 2857 4129 μυστηρίων
2913 4058 3091 4128 ἑαυτῷ
3145 4059 3512 4128 μεταδιδόναι,
3557 4056 3755 4109 ἐπισκό-

2202 4167 2305 4201 που
2338 4148 2627 4217 παρόντος,
2668 4149 2701 4219 ἢ
2753 4149 3127 4219 πρεσϐυτέρου
3148 4191 3163 4211 ,
3197 4150 3229 4220 ἦ
3261 4150 3544 4203 διακόνου.
3570 4150 3678 4201 ΔΤὸν
3703 4147 3753 4199 δὲ

2202 4240 2355 4309 παρὰ
2406 4238 2581 4291 ταῦτα
2637 4239 2897 4292 ποιοῦντα
2949 4243 3031 4302 είς
3081 4239 3355 4309 ἑϐδομάδα
3392 4242 3527 4309 μίαν
3576 4238 3752 4307 ἀφορία

2204 4329 2394 4393 ζεσθαι
2426 4329 2599 4395 ἀξιοῖ,
2632 4330 2721 4384 ἵνα
2765 4330 2922 4399 μάθοι
2970 4330 3379 4398 ταπεινοῦσθαι,
3417 4333 3514 4385 καὶ
3546 4333 3618 4402 μὴ
3654 4332 3752 4391 τοῖς

2204 4420 2361 4490 ὑπὲρ
2386 4422 2579 4473 ἑαυτὸν
2604 4423 2896 4490 ἐγχειρεῖν.

2286 4509 2344 4562 Ὀ
2375 4510 2431 4561 δὲ
2469 4516 2550 4578 ρα¹
2593 4514 2813 4563 πάντων
2862 4513 3063 4580 ἣκιστα
3096 4514 3383 4582 προσίεται
3437 4514 3566 4576 τοὺς
3587 4512 3653 4564 δι’
3672 4511 3752 4562 εὖ·

2199 4601 2423 4654 λάϐειαν
2452 4602 2613 4670 δῆθεν
2644 4603 2738 4655 καὶ
2766 4603 2876 4656 τῶν
2901 4603 3064 4657 θείων
3094 4603 3285 4672 δώρων
3319 4604 3489 4673 τιμὴν
3553 4605 3751 4657 σκεύεσι

2198 4692 2439 4763 χρυσοῦ,
2492 4694 2524 4764 ἧ
2560 4695 2830 4765 ἀργύρου,
2863 4695 2896 4763 ἢ
2942 4696 3271 4760 πολυτελοῦς
3309 4697 3474 4767 ἄλλης
3509 4698 3640 4767 ῦλης
3671 4713 3753 4748 πε-

2202 4774 2542 4853 ποιημένοις,
2598 4785 2667 4836 τὰ
2724 4783 2848 4836 θεῖα
2895 4783 3222 4853 δεχομένους
3253 4784 3422 4853 δῶρα,
3481 4788 3576 4838 καὶ
3622 4784 3751 4836 οὕτω

2204 4894 2269 4945 με
2286 4876 2746 4942 ταλαμϐάνοντας·
2779 4875 2917 4928 ἀλλὰ
2953 4877 3052 4937 τὰς
3081 4878 3267 4945 χεῖρας
3297 4876 3375 4936 είς
3399 4878 3570 4928 τύπον
3605 4891 3749 4927 σταυ-

2204 4965 2298 5037 ροῦ
2348 4966 2729 5035 σχηματίζειν,
2773 4967 2868 5018 καὶ
2903 4967 3129 5029 ταύταις
3173 4968 3235 5018 τὸ
3266 4967 3411 5019 θεῖον
3437 4964 3750 5033 ύποδεχομέο

2199 5074 2325 5117 νους
2374 5057 2549 5125 δῶρον
2608 5055 3069 5125 μεταλαμϐάνειν.
3102 5057 3339 5124 ’Μακρῷ
3366 5059 3475 5126 γὰρ
3507 5052 3747 5121 αἰσθητοῦ
3828 5042 3835 5048 ’

2204 5148 2404 5209 παντὸς
2446 5148 2845 5219 προτετίμηται
2890 5148 2922 5216 ὴ
2964 5146 3112 5215 χειρὶ
3147 5146 3284 5200 Θεοῦ
3315 5149 3617 5201 πλασθεῖσα
3644 5146 3747 5213 χεὶρ

2202 5240 2516 5309 ἀνθρώπου,
2563 5240 2657 5292 τοῦ
2692 5239 2863 5290 είκόνι
2891 5239 3012 5309 θείᾳ
3042 5241 3431 5309 τετιμημένου,
3484 5237 3745 5303 καὶσῶμα

2202 5329 2441 5400 Χριστοῦ
2476 5329 2943 5398 χρηματίσαντος,
3000 5332 3094 5382 καὶ
3153 5331 3280 5391 ναὸς
3313 5330 3470 5391 Θεοῦ,
3498 5327 3635 5380 κατὰ
3666 5325 3745 5374 τὸν

2204 5423 2347 5475 θεῖον
2399 5421 2744 5474 Ἀπόστολον.
2779 5421 2858 5489 Τῇ
2896 5422 3045 5489 χειρὶ
3071 5418 3166 5472 οὖν
3195 5413 3423 5483 ἕκαστος
3447 5421 3545 5489 τὴν
3577 5437 3744 5471 κοινω-

2202 5518 2320 5569 νίαν
2374 5517 2635 5585 δεχέσθω,
2680 5519 2836 5586 φησὶ,
2871 5516 2970 5583 τῆς
3006 5516 3253 5585 χάριτος·
3291 5517 3504 5583 ἀλῃθῶς
3532 5514 3636 5582 γὰρ
3663 5513 3745 5563 οὗ·

2202 5606 2312 5665 δεὶς
2371 5606 2467 5673 τῆς
2529 5604 2681 5666 θείας
2739 5602 3094 5673 μεταλήψεως
3141 5603 3332 5669 ἄξιος,
3387 5604 3520 5655 ἀλλὰ
3581 5602 3742 5670 χάριτι

2203 5697 2404 5756 πάντες
2439 5695 2609 5764 αὐτῆς
2668 5676 2988 5761 ἁξιούμεθα,
3034 5694 3170 5746 καθὸ
3214 5699 3309 5746 καὶ
3365 5696 3545 5761 χάριτί
3595 5694 3743 5756 ἐσμεν

2204 5790 2574 5857 σεσωσμένοι,
2628 5789 2701 5852 ὥς
2732 5789 2829 5841 πού
2883 5806 3045 5857 φησιν
3092 5791 3119 5840 ὁ
3149 5787 3491 5850 Ἀπόστολος.
3532 5776 3664 5845 Teii;
3693 5781 3739 5831 δὲ
