4054 6396
347 348 486 415 1385

1307 344 1710 415 SYNTAGMA
1751 344 2373 413 ALPHABETICUM.
2402 342 2491 385 ’-·-
2530 344 2603 412 Κ·

3450 345 3584 411 1356

338 468 721 538 προτιμῶντας
749 468 847 538 τῆς
868 469 962 522 τοῦ
988 466 1124 523 Θεοῦ
1148 467 1355 531 εἰκόνος
1385 467 1484 538 τὴν
1511 466 1719 537 ἄψυχον
1753 464 1907 532 ὓλην,

2016 464 2374 521 inanimatam
2442 462 2731 520 materiam
2787 458 2878 514 Dei
2938 456 3161 529 imagini
3215 463 3579 525 anteponunt,

310 558 438 625 erat
475 558 566 612 διὰ
617 559 829 612 σκευῶν
884 558 1458 619 τοιούτωνκοινωνεῖν
1506 556 1905 626 πειρωμένους,

338 648 699 718 ἀφορίζεσθαι
720 648 1047 717 διορίζεται.-
1066 652 1228 718 Ζήτει
1258 647 1351 703 καὶ
1374 648 1433 700 ὲν
1456 646 1533 717 τῷ
1565 644 1605 699 ε’
1627 646 1910 715 κεφαλαίῳ

335 741 431 794 τοῦ
466 744 503 794 Δ
535 742 805 812 στοιχείου
856 741 1062 796 κανόνα
1094 743 1195 811 τῆς
1244 746 1290 794 α’
1350 739 1568 793 συνόδου
1602 744 1691 810 ιη’,
1726 740 1819 790 καὶ
1848 738 1909 790 τὸ

336 834 378 885 δ’
403 833 699 902 κεφάλαιον
730 834 824 887 τοῦ
856 832 901 887 Υ
946 833 1239 905 στοιχείου.

334 945 590 1015 ΚΕΦΑΑ.
640 945 765 1001 ΛΒ’.
799 947 932 1001 Ὀτι
972 947 1265 1015 κοσμικὰς
1317 944 1647 1015 φροντίδας
1694 947 1767 1000 οὐ
1817 944 1916 999 δεῖ

397 1014 666 1086 μετιέναι
720 1015 1072 1083 κληρικοὺς,
1114 1014 1154 1085 ἢ
1189 1014 1584 1086 μονᾶζοντας,
1620 1018 1673 1069 εί
1695 1014 1906 1086 μήπου

404 1085 533 1138 κατ’
574 1086 911 1153 ἐπιτροπὴν
942 1085 1272 1152 βασιλέως.

410 1195 472 1248 '0
513 1194 567 1259 ς’
594 1195 705 1249 τῶν
759 1196 932 1264 ἀγίων
976 1190 1292 1251 ἀποστόλων
1345 1196 1901 1262 κανὼν,ὲπίσκοπον,

329 1287 363 1355 ἢ
414 1287 809 1357 πρεσϐύτερον,
867 1287 900 1359 ἢ
951 1289 1235 1351 διάκονον,
1284 1290 1564 1357 κοσμικὰς
1615 1290 1908 1359 φροντίδας

334 1377 410 1446 μὴ
461 1377 872 1446 ἀναλαμϐάνειν
916 1379 1321 1449 παρεγγυάται,
1355 1379 1405 1430 εἰ
1453 1378 1511 1431 δὲ
1559 1379 1658 1447 μὴ,
1714 1378 1907 1432 καθαι-

333 1468 571 1537 ρεΐσθαι.
607 1466 872 1523 Βούλεται
902 1470 1012 1540 γὰρ
1053 1472 1082 1523 ό
1135 1469 1317 1522 κανὼν
1348 1470 1473 1533 τοὺς
1507 1470 1906 1541 ἀπηριθμημέ-

328 1574 453 1620 νους
498 1558 604 1622 ἔξω
637 1559 954 1628 συγχύσεως
1000 1560 1095 1612 καὶ
1120 1559 1353 1630 θορύϐου
1385 1558 1669 1629 δημώδους
1715 1562 1905 1630 τηρεῖν

328 1649 578 1712 ἑαυτοὺς,
630 1651 725 1703 καὶ
758 1651 1194 1721 ἀπερισπάστως
1237 1651 1336 1720 τῆς
1399 1650 1552 1715 θείας
1603 1648 1907 1723 ὑπηρεσίας

332 1742 772 1811 μεταποιεῖσθαι.

2012 565 2068 611 et
2128 557 2446 627 hujusmodi
2505 542 2862 625 receptaculis
2926 550 3332 607 communicare
3398 550 3580 603 conati

2013 657 2170 713 sunt,
2204 650 2478 720 segregari
2520 648 2785 703 decernit.
2817 644 2955 699 Vide
3001 652 3055 700 et
3097 643 3152 698 in
3180 642 3372 711 quinto
3404 643 3585 710 capite

2013 738 2205 793 litterae
2260 740 2298 792 A
2342 744 2611 795 ‘canonem
2652 736 2720 791 l8
2777 726 2968 806 prima)
3009 733 3224 804 synodi,
3276 741 3331 788 et
3378 733 3411 786 4
3459 748 3580 802 cap.

2009 831 2202 886 litterae
2244 832 2309 885 Υ.

2008 943 2163 1001 CAP.
2205 937 2422 1008 XXXII,
2458 944 2612 1010 Quod
2668 960 2771 998 non
2814 943 2962 997 decet
3014 941 3238 1007 clericos
3284 940 3361 994 vel
3400 956 3582 992 mona-

2074 1019 2194 1068 c/ws
2248 1015 2533 1071 maculans
2593 1029 2748 1069 curas
2782 1014 3066 1083 suscipere,
3098 1012 3205 1065 nisi
3230 1024 3295 1063 ex
3317 1025 3579 1064 consensu

2078 1086 2431 1153 imperatoris.

2080 1194 2282 1252 Sextus
2321 1204 2638 1251 sanctorum
2692 1192 3070 1266 apostolorum
3121 1204 3296 1249 canon
3367 1193 3584 1262 episco-

2008 1296 2136 1356 pum
2164 1286 2248 1343 vel
2277 1290 2654 1371 presbyterltm
2678 1289 2762 1343 vel
2786 1289 3071 1342 diaconum
3098 1287 3390 1343 saeculares
3421 1301 3583 1341 curas

2010 1394 2117 1433 non
2172 1378 2453 1449 suscipere
2498 1378 2686 1449 jubet;
2737 1379 2942 1448 alioqui
2996 1378 3217 1447 deponi.
3261 1377 3387 1431 Vult
3435 1377 3579 1430 enim

2009 1487 2184 1527 canon
2248 1472 2412 1528 modo
2462 1483 2816 1527 enumeratos
2864 1486 2924 1527 se
2971 1467 3038 1525 ab
3068 1471 3216 1525 omni
3257 1470 3585 1525 confusione

2006 1564 2366 1633 popularique
2417 1564 2653 1618 tumultu
2705 1576 3015 1629 asservare,
3065 1578 3130 1616 ac
3177 1567 3365 1632 quieto
3397 1561 3586 1616 auium

2008 1667 2180 1709 sacrre
2215 1655 2606 1711 ntinistralioni
2640 1660 2853 1709 Vacare.

414 1832 475 1885 Ὀ
536 1833 595 1886 δὲ
645 1840 738 1886 πα¹
784 1834 974 1888 τοῦτον
1004 1834 1321 1905 ἐξεπίτηδες
1366 1835 1701 1905 σαφηνίζων,
1737 1835 1799 1889 Ei
1829 1835 1903 1905 μὴ

2078 1828 2463 1902 Octogesimus
2511 1834 2721 1902 primus
2770 1833 2933 1887 etiam
2979 1829 3129 1886 hunc
3186 1845 3252 1885 ex
3306 1826 3583 1885 Industria

329 1921 627 1988 πείθοιντο,
663 1925 817 1993 φησὶ,
869 1925 979 1978 τῶν
1017 1926 1302 1995 κοσμικῶν
1338 1926 1645 1996 ἀποστῆναι
1680 1925 1908 1993 φροντί-

331 2013 459 2079 δων,
491 2016 615 2068 τότε
673 2018 770 2070 καὶ
818 2016 1346 2089 καθαιρεθήσονται.
1396 2016 1459 2071 El
1493 2017 1550 2070 δὲ
1585 2016 1904 2082 ἀποσταῖεν,

330 2104 471 2159 ὥστε
508 2108 711 2177 μηκέτι
742 2109 1012 2178 δημοσίας
1059 2110 1304 2179 μετιέναι
1331 2110 1648 2180 διοικήσεις,
1682 2110 1774 2163 ἐπὶ
1793 2112 1908 2172 τοῖς

332 2197 572 2266 φθάσασι
615 2201 1157 2270 συγγνωσθήσονται.

413 2378 473 2432 Ὀ
501 2378 558 2432 δὲ
600 2370 690 2447 πγ’
717 2379 1095 2450 ὲπίσκοπον,ἢ
1130 2380 1529 2451 πρεσϐύτερον,
1563 2382 1595 2452 ἢ
1631 2382 1904 2446 διάκονον,

332 2470 416 2523 ἔτι
473 2472 535 2524 τὸ
589 2472 867 2541 ἱερατικὸν
936 2473 1323 2542 περικείμενον
1383 2472 1588 2542 σχῆμα,
1649 2474 1908 2545 στρατείᾳ

335 2563 669 2633 σχο“·άζοντα
706 2605 721 2628 ,
793 2565 1202 2634 στρατιωτικῶν
1292 2567 1637 2635 πραγμάτων
1703 2565 1910 2636 δηλαδὴ

277 2700 292 2715 ,
336 2655 671 2727 διοικήσεσιν
722 2657 801 2729 (ού
836 2659 944 2728 γάρ
1001 2657 1100 2728 τὴν
1149 2658 1476 2733 μεθ’ϐπλων
1511 2657 1748 2711 ἐνταῦθά
1775 2674 1910 2727 φησι

339 2747 785 2818 μεταχείρησιν),
814 2748 920 2802 ὑπὸ
956 2750 1277 2820 καθαίρεσιν
1309 2748 1541 2819 τίθησιν⁶
1576 2750 1767 2811 Οὐδεὶς
1800 2748 1909 2820 γὰρ

330 2837 559 2893 δύναται
602 2840 728 2895 δυσὶ
762 2841 974 2911 κυρίοις
1021 2841 1318 2908 δουλεύειν,
1350 2840 1492 2896 κατὰ
1524 2840 1583 2894 τὸ
1611 2842 1812 2910 λόγιον.

417 3019 476 3071 ’0
520 3016 578 3073 δὲ
623 3022 724 3091 τῆς
775 3017 817 3074 δ’
865 3021 1086 3075 συνόδου
1154 3021 1199 3086 ζ’
1236 3022 1362 3084 τοὺς
1410 3021 1663 3088 καθάπαξ
1713 3023 1771 3075 ὲν
1832 3022 1909 3093 τῷ

2009 1923 2311 1992 explicans,
2373 1922 2486 1977 Nisi
2552 1922 2845 1986 voluerint,
2896 1922 3092 1991 inquit,
3141 1934 3171 1973 a
3223 1920 3583 1976 saecularibus

2010 2015 2159 2070 curis
2208 2013 2668 2077 abstinere,tune
2718 2013 2904 2068 statim
2951 2013 3309 2082 deponentur.
3365 2012 3421 2067 Si
3453 2027 3585 2067 vero

2011 2105 2403 2166 abstinuerint,
2453 2104 2526 2159 ita
2569 2111 2627 2158 ut
2686 2120 2795 2159 non
2844 2104 3081 2175 amplius
3112 2104 3357 2174 publicas
3388 2120 3584 2174 aggre-

2009 2195 2233 2248 diantnr
2286 2194 2816 2258 administrationes,
2862 2206 3061 2249 eorum
3108 2195 3310 2265 quibus
3361 2192 3586 2249 fuerunt

2011 2285 2258 2354 occupati
2295 2285 2450 2340 venia
2492 2284 2732 2339 dabitur.

2086 2375 2246 2446 166
2278 2373 2661 2444 Oetogesimus
2723 2374 2918 2430 tertius
2962 2389 3092 2430 vero
3141 2378 3458 2445 episcopum
3503 2376 3588 2429 vel

2012 2470 2395 2538 presbyterum
2437 2466 2521 2519 vel
2555 2466 2847 2520 diaconum
2889 2466 3003 2536 (qui
3030 2467 3211 2522 adhuc
3260 2469 3587 2523 sacerdotali

2012 2557 2258 2611 induitur
2277 2556 2490 2625 habitu)
2515 2555 2779 2612 exercitui
2811 2566 3117 2623 vacantem,
3144 2558 3459 2612 militarium
3480 2560 3593 2613 sci-

2014 2648 2141 2702 licet
2196 2663 2380 2703 rerum
2413 2647 2877 2704 administrationi
2922 2651 3055 2719 (non
3103 2648 3248 2703 enim
3267 2664 3387 2717 qua:
3418 2653 3590 2704 armis

2014 2736 2073 2792 tit
2100 2740 2192 2794 hic
2212 2739 2347 2793 dicit
2372 2737 2776 2811 tractationem)
2794 2736 3124 2809 depositioni
3144 2739 3366 2807 subjicit
3383 2757 3399 2797 :
3418 2738 3589 2794 Nemo

2012 2831 2182 2896 enim,
2214 2830 2371 2899 juxta
2398 2845 2614 2887 sacrum
2639 2831 2949 2898 oraculum,
2981 2830 3198 2887 duobus
3223 2830 3459 2887 dominis
3490 2848 3589 2902 po—

2014 2929 2121 2978 test
2140 2923 2369 2981 servire.

2084 3014 2306 3082 Quartae
2339 3015 2533 3087 synodi
2561 3016 2592 3069 7
2624 3029 2803 3072 canon
2839 3030 2935 3073 eos
2983 3017 3077 3087 qui
3126 3017 3180 3072 in
3229 3018 3377 3073 clero
3416 3020 3587 3073 semel

331 3112 521 3182 κλήρῳ
552 3112 1034 3183 κατειλεγμένους,
1063 3112 1096 3179 ἢ
1129 3113 1425 3183 μοναστάς,
1462 3113 1599 3184 μήτε
1627 3115 1718 3166 ἐπὶ
1741 3131 1907 3186 στρα-

2013 3108 2253 3166 ordinati
2288 3116 2442 3174 sunt,
2476 3116 2532 3164 et
2556 3108 2741 3163 itidem
2774 3110 3095 3175 monachos,
3144 3125 3244 3165 nec
3272 3110 3341 3165 ad
3382 3112 3588 3165 milita-

329 3205 504 3268 τείαν,
546 3205 685 3275 μήτε
716 3205 810 3257 ἐπὶ
857 3204 1136 3275 κοσμικὴν
1182 3203 1341 3269 ἀξίαν
1373 3204 1635 3275 ἔρχεσθαι
1674 3205 1908 3274 κελεύει,

334 3298 397 3350 τὸ
452 3297 595 3367 ἱερὸν
656 3297 1110 3368 ἀποδυσαμένους
1161 3298 1371 3368 σχῆμα,
1410 3299 1505 3351 καὶ
1542 3298 1909 3368 μετενδύντας

331 3390 468 3456 ὅπερ
499 3387 633 3458 πρὸς
658 3389 812 3453 ἔθους
834 3390 1089 3455 ἐκείνοις,
1121 3389 1154 3459 ἢ
1188 3390 1314 3451 τοὺς
1368 3391 1527 3443 τοῦτο
1563 3390 1908 3459 τολμῶντας,

330 3482 429 3533 καὶ
466 3482 540 3550 μὴ
572 3481 1069 3550 μεταμελομένους,
1105 3481 1240 3552 μηδὲ
1282 3482 1342 3534 τὸ
1371 3481 1708 3552 κατάλληλον
1749 3482 1912 3548 αὖθις

326 3573 406 3644 τῷ
448 3572 578 3642 ἱερῴ
606 3572 707 3641 βίῳ
741 3572 930 3641 σχῆμα
966 3572 1508 3641 μεταλαμϐάνοντας,
1538 3574 1566 3628 ὃ
1593 3577 1725 3647 πρὶν
1767 3577 1910 3631 κατά

330 3664 467 3718 Θεὸν
502 3664 731 3729 εἴλοντο,
783 3663 1289 3733 ἀναθεματίζεσθαι
1324 3664 1489 3731 ἀξιοῖ.
1543 3666 1744 3720 Οὐκέτι
1798 3667 1908 3738 γάρ

331 3756 654 3823 καθαιρέσει
704 3757 733 3808 ό
805 3754 1021 3808 τοιοῦτό
1067 3773 1120 3809 τι
1167 3754 1445 3825 τολμήσας
1495 3756 1906 3810 ὑποϐάλλεται·

332 3846 457 3916 ἐπεί
480 3845 563 3899 τοί
598 3861 659 3913 γε
686 3844 894 3913 ταύτην
927 3844 1088 3910 αὐτὸς
1121 3844 1317 3899 ἑαυτοῦ
1350 3846 1444 3899 καὶ
1473 3848 1580 3917 πρὸ
1612 3848 1910 3920 καταδίκης

333 3937 773 4008 κατεψηφίσατο,
816 3936 1230 4008 ἀπογυμνώσας
1259 3936 1456 3991 ἑαυτὸν
1486 3940 1585 4009 τῆς
1623 3940 1912 4012 ἱερατικῆς

332 4030 675 4099 ἀμπεχόνης,
726 4030 819 4081 καὶ
856 4028 1045 4091 λαῖκὸς
1088 4027 1352 4097 γεγονώς.
1401 4030 1564 4101 Ζήτει
1611 4033 1707 4086 κει)⁸
1743 4033 1805 4086 τὸ
1842 4028 1910 4101 ιγ’

331 4123 635 4189 κεφάλαιον
665 4121 759 4174 τοῦ
796 4123 833 4173 Ε
877 4120 1170 4192 στοιχείου.

415 4213 473 4267 ὐ
513 4214 568 4267 δὲ
601 4213 701 4283 τῆς
739 4213 1040 4283 λεγομένης
1076 4211 1304 4284 πρώτης
1340 4215 1437 4267 καὶ
1488 4211 1753 4286 δευτέρας
1782 4234 1907 4269 συν-

331 4305 455 4357 όδου
506 4305 688 4357 κανὼν
723 4303 1011 4367 ἑνδέκατος
1059 4306 1185 4368 τοὺς
1223 4304 1487 4376 ῥηθέντας
1520 4304 1751 4370 κανόνας
1783 4308 1908 4361 ἐπι-

330 4396 537 4465 κυρὼν,
590 4396 684 4448 καὶ
740 4395 809 4448 τὰ
855 4397 1081 4449 ἐκείνων
1110 4396 1367 4461 ἐπεξιὼν,
1400 4396 1596 4465 ἐπάγει
1619 4397 1714 4463 ὡς,
1746 4399 1907 4462 εἴτις

2011 3218 2128 3258 rem
2175 3202 2571 3267 conditionem,
2621 3217 2723 3258 nec
2783 3202 2851 3256 ad
2898 3202 3217 3257 saecularem
3266 3202 3589 3274 dignitatem

2009 3294 2421 3365 venire'jubel,
2461 3309 2685 3351 sacrum
2737 3293 3051 3364 rejicientes
3109 3294 3378 3359 habitum,
3411 3309 3465 3351 et
3494 3297 3590 3366 qui

2011 3402 2108 3459 pro
2143 3401 2296 3442 more
2340 3386 2411 3441 ad
2460 3387 2582 3441 illos
2639 3387 2945 3457 pertinebat
2998 3388 3309 3445 induentes.
3352 3389 3453 3456 Qui
3489 3392 3593 3445 hoc

2010 3479 2212 3532 audent
2234 3484 2290 3533 et
2315 3492 2429 3533 non
2457 3486 2873 3545 convertuntur,
2924 3494 3101 3549 neque
3139 3496 3332 3537 rursus
3360 3481 3429 3535 ad
3479 3482 3583 3536 bac

2011 3572 2185 3628 bitum
2228 3571 2408 3635 illum,
2438 3585 2599 3642 quem
2630 3580 2850 3641 propter
2890 3572 3062 3627 Deum
3096 3573 3251 3641 prius
3284 3574 3586 3645 elegeran',

2012 3671 2223 3719 mutato
2247 3662 2486 3717 consilio
2513 3672 2889 3726 revertuntur,
2915 3662 3364 3718 anatltematizari
3392 3663 3590 3733 dignos

2008 3757 2238 3827 iudicat.
2268 3753 2522 3810 Nondum
2564 3754 2710 3809 enim
2746 3753 3073 3824 depositioni
3100 3754 3147 3809 is
3176 3755 3271 3824 qui
3307 3756 3412 3810 tale
3456 3757 3592 3826 qu'd

2013 3848 2199 3912 audet,
2232 3846 2564 3913 subjicitur;
2592 3845 3038 3916 quandoquidem
3089 3846 3203 3915 ipse
3253 3846 3400 3902 illius
3430 3847 3483 3901 in
3530 3862 3591 3902 se

2012 3941 2338 3997 sententiam
2378 3940 2502 3994 tulit
2543 3938 2709 3994 etiam
2742 3947 2871 3993 ante
2899 3938 3434 4003 condemnationem,
3493 3943 3589 4010 qui

2013 4046 2072 4085 se
2099 4045 2255 4086 sacra
2283 4039 2434 4085 veste
2481 4028 2654 4095 exuit,
2708 4036 2763 4082 et
2792 4026 2969 4083 laicus
3018 4028 3197 4084 lactus
3231 4038 3332 4083 est.
3362 4027 3495 4084 Vide
3537 4042 3592 4085 et

2015 4124 2081 4177 15
2113 4130 2275 4192 caput
2304 4120 2499 4177 litterae
2533 4118 2597 4173 E.

2087 4209 2421 4268 Undecimus
2464 4213 2654 4282 prima:
2701 4214 2754 4267 et
2783 4211 3036 4267 secundae
3084 4211 3242 4266 dictae
3279 4212 3471 4282 synodi
3501 4230 3593 4268 ca-

2014 4320 2145 4371 non,
2204 4306 2380 4361 dictos
2444 4319 2682 4361 canones
2742 4303 3096 4371 conﬁrmans,
3147 4315 3201 4359 el.
3249 4321 3367 4375 qme
3418 4307 3470 4359 in
3519 4307 3591 4363 iis

2013 4407 2139 4453 sunt
2190 4412 2528 4468 persequens
2568 4396 2744 4463 addit,
2787 4395 2932 4466 quod
2981 4394 3027 4451 si
3070 4395 3196 4469 quis
3241 4398 3589 4451 sacerdotum

328 4488 441 4541 τῶν
496 4487 725 4557 ἱερέων,
762 4486 794 4558 ἢ
836 4488 1122 4553 διακόνων,
1183 4489 1215 4559 ἢ
1258 4490 1394 4553 ὅλως
1446 4487 1555 4543 τῶν
1604 4491 1663 4544 ὲν
1720 4490 1907 4562 κλήρῳ

2017 4491 2099 4545 vel
2140 4491 2497 4544 diaconorum
2530 4488 2614 4544 vel
2645 4489 2874 4543 omnino
2898 4498 3088 4543 eorum
3112 4487 3205 4558 qui
3233 4487 3287 4542 in
3313 4488 3458 4543 clero
3486 4504 3592 4543 nuo

326 4581 832 4651 κατηριθμημένων
889 4582 1159 4650 κοσμικὰς
1232 4581 1407 4651 ἀρχάς
1461 4582 1558 4635 καὶ⁸
1619 4585 1905 4653 φροντίδας

331 4672 794 4742 μεταχειρίζοιτο,
828 4671 859 4741 ἢ
903 4673 1304 4743 κουρατορείας
1352 4673 1685 4745 ἀναδέχοιτο,
1716 4674 1906 4730 τοῦτον

322 4764 421 4816 τοῦ
451 4763 654 4816 οἰκείου
706 4764 912 4834 κλήρου
962 4763 1282 4817 διώκεσθαι·
1315 4765 1377 4817 οὐ
1420 4766 1528 4837 γὰρ
1564 4761 1673 4819 οἷόν
1702 4785 1760 4820 τε
1784 4766 1908 4821 δυσὶ

328 4854 691 4924 προσανέχειν
728 4855 967 4924 κυρίοις,
1006 4854 1080 4916 ὡς
1109 4854 1345 4924 ἔφημεν.

413 4942 473 4997 ὐ
511 4944 566 4996 δὲ
608 4945 711 5013 τῆς
751 4946 809 4997 ὲν
842 4943 1174 5015 Καρθαγένῃ
1213 4944 1287 5010 ις’
1316 4946 1671 5010 ἐπισκόπους,
1703 4946 1735 5018 ἢ
1772 4965 1906 5019 πρε-

328 5035 644 5106 σϐυτέρους,
678 5036 712 5106 ἢ
746 5037 1055 5101 διακόνους,
1080 5037 1429 5115 ὲκλήπτορας
1449 5035 1748 5104 ἀλλοτρίων
1774 5056 1907 5109 κτηο

332 5129 544 5198 μάτων,
584 5129 616 5198 ἢ
649 5130 1122 5199 προκουράτορας,
1176 5130 1276 5182 εἶτ’
1301 5126 1395 5182 οὖν
1425 5133 1771 5201 φροντιστὰς,
1808 5133 1904 5185 καὶ

328 5220 632 5291 διοικητὰς,
686 5223 1018 5291 ἐπισκήπτει
1067 5221 1142 5291 μὴ
1189 5221 1459 5289 γίνεσθαι,
1500 5222 1638 5292 μηδὲ
1668 5222 1731 5275 ἐκ
1761 5236 1906 5287 τινος

330 5312 560 5382 αἰσχροῦ
590 5315 683 5366 καὶ
719 5313 919 5384 ἀτίμου
954 5313 1285 5383 πράγματος
1322 5312 1529 5383 τροφὴν
1553 5313 1903 5384 πορίζεσθαι*

335 5420 356 5453 ι
383 5404 573 5465 Οὐδεὶς
610 5404 741 5473 γάρ,
776 5406 934 5473 φησὶ,
969 5405 1404 5472 στρατευόμενος
1426 5403 1764 5473 ἐμπλέκεται
1785 5407 1905 5469 ταῖς

325 5496 421 5550 τοῦ
455 5495 569 5564 βίου
602 5496 1036 5564 πραγματείαις,
1062 5513 1080 5547 ι
1110 5495 1204 5548 καὶ
1251 5496 1318 5547 τὰ
1350 5496 1497 5564 ἑξῆς.
1535 5495 1770 5565 Δίσχρὸν
1805 5499 1904 5565 μὲν

326 5583 420 5637 οὖν
449 5583 515 5636 ἂν
571 5584 656 5653 εἴη
694 5585 856 5653 τυχὸν
891 5585 951 5638 τὸ
1001 5586 1431 5655 πορνοϐοσκεῖν·
1484 5586 1680 5655 ἄτιμον
1736 5586 1792 5639 δὲ
1845 5588 1907 5641 τὸ

328 5678 631 5746 καπηλείου
675 5678 1060 5747 προΐστασθαι.

410 5767 471 5823 '0
498 5768 554 5823 δὲ
590 5770 900 5838 ἀγιώτατος
936 5770 1283 5840 πατριάρχης
1335 5771 1549 5835 Λουκᾶς
1596 5772 1690 5827 καὶ
1732 5790 1903 5845 μυρε-

648 5867 916 5927 ΡΑτιιυι.
958 5865 1076 5929 Gn.
1106 5865 1366 5933 CXLIV.

2013 4582 2207 4637 Inerati
2243 4589 2391 4647 sunt,
2445 4580 2731 4636 saecularia
2763 4574 2940 4635 ofﬁcia
2987 4579 3071 4634 vel
3123 4590 3282 4635 curas
3317 4592 3603 4649 assumat”

2012 4674 2096 4727 vel
2126 4656 2441 4728 curationes
2474 4672 2759 4742 suscipiat,
2782 4671 2829 4727 is
2859 4686 2924 4726 ex
2952 4685 3054 4727 suo
3076 4671 3223 4725 clero
3241 4670 3545 4740 expellatur
3573 4686 3587 4727 :

2013 4782 2119 4820 non
2155 4769 2302 4821 enim
2352 4766 2614 4837 possibile
2642 4774 2725 4822 est
2756 4765 2971 4820 duobus
3012 4764 3292 4820 adhaerere
3325 4766 3588 4829 dominis,

2010 4867 2069 4911 ut
2101 4858 2362 4914 diximus.

2079 4949 2529 5019 Carthaginensis
2568 4947 2633 5002 16
2665 4948 2954 5018 episcopos
3003 4946 3089 5002 vel
3123 4947 3473 5019 presbyteros
3505 4948 3588 5000 ul

2009 5043 2312 5104 diaconos,
2370 5042 2737 5096 conductores
2801 5040 2993 5095 alienae
3047 5039 3447 5109 possessionis,
3504 5040 3587 5093 vel

2010 5143 2398 5203 procuratores
2431 5134 2513 5187 vel
2550 5132 3027 5186 administratores
3057 5132 3139 5185 vel
3167 5142 3448 5186 curatores
3479 5145 3586 5186 non

2012 5225 2126 5278 ﬁeri
2182 5223 2442 5293 injnngit,
2480 5239 2659 5293 neque
2711 5239 2778 5277 ex
2829 5222 2973 5293 turpi
3029 5221 3211 5291 aliquo
3257 5232 3311 5276 et
3360 5225 3585 5278 sordido

2010 5318 2232 5384 negotio
2265 5316 2467 5370 victum
2519 5315 2622 5370 slbi
2661 5328 2855 5385 parare
2896 5327 2911 5368 :
2956 5332 2974 5365 ι
3014 5313 3185 5370 Nemo
3231 5317 3458 5380 etenim,
3507 5315 3590 5367 ino

2009 5409 2151 5476 quit,
2210 5406 2474 5471 militans,
2529 5406 2762 5475 negotiis
2820 5420 2942 5475 qua:
2993 5405 3059 5459 ad
3112 5407 3278 5459 vitam
3337 5415 3589 5475 spectant

2010 5497 2339 5566 implicatur,
2374 5512 2393 5549 ι
2450 5509 2505 5552 et
2557 5512 2676 5566 qua:
2738 5509 3066 5567 sequuntur.
3104 5495 3284 5567 Turpe
3332 5499 3585 5567 equidem

2009 5588 2193 5654 fuerit,
2228 5590 2463 5660 exetnpli
2496 5604 2687 5657 causa,
2743 5590 3021 5646 lenoniam
3069 5605 3323 5644 exercere
3362 5608 3375 5643 :
3407 5592 3589 5644 surdi»

2008 5683 2138 5737 dum
2176 5695 2307 5736 vero
2338 5683 2665 5751 cauponari.

2081 5772 2476 5831 Sanctissimus
2536 5789 2660 5830 vero
2700 5774 3013 5845 patriarcha
3062 5772 3239 5827 Lucas
3288 5781 3589 5842 unguenta-

3153 5861 3249 5930 44.~
