4054 6422
496 349 633 415 1387

1693 354 2067 419 ΜΑΤἹἮΛΕΙ
2107 357 2543 421 BLASTABIS
2584 384 2589 389 ο

3620 359 3743 426 13ίθ

493 472 604 525 rias
638 467 886 525 ofﬁcinas
919 468 1005 526 vel
1034 470 1254 527 lavacra
1304 484 1333 526 a
1366 469 1586 529 clericis
1612 474 1861 529 exerceri
1905 472 2087 544 prohi-

2190 475 2327 546 ψικά
2352 477 2695 549 ἐργαστήρια
2726 477 2759 548 ἢ
2789 478 2997 550 λουτρά
3025 479 3161 553 πρὸς
3185 479 3295 535 τῶν
3320 480 3597 553 κληρικῶν
3615 484 3747 556 svsp-

493 564 637 630 buit,
662 574 922 641 tanquam
951 564 1129 636 turpis
1157 563 1300 621 lucri
1327 574 1381 621 et
1411 566 1825 622 mendaciorum
1861 580 2083 622 causas.

1111 746 1188 802 De
1221 747 1460 804 medicis.

564 857 753 928 Neque
803 873 969 930 porro
1009 858 1272 915 diaconos
1310 859 1565 923 medicos
1608 858 1753 916 ﬁerit
1786 861 2083 927 concessit,

489 950 776 1006 medicina:
806 965 1029 1021 operam
1069 950 1297 1017 dantes,
1346 965 1458 1007 non
1502 952 1806 1007 convenire
1845 951 2074 1017 dicens,

492 1055 553 1099 ιιι
582 1043 675 1114 qui
726 1059 854 1098 cum
907 1044 1116 1099 casulis
1173 1055 1364 1100 sancta
1416 1052 1675 1111 tractant,
1726 1046 2085 1102 saecularibus

492 1138 739 1193 vestibus
770 1136 1088 1204 induantur,
1146 1146 1202 1191 et
1252 1152 1378 1192 cum
1432 1138 1588 1193 laicis
1642 1139 1800 1205 viris,
1855 1138 2085 1194 medicis

491 1228 726 1292 scilicet,
769 1226 1051 1282 incedant.
1086 1225 1212 1282 Fuit
1253 1228 1416 1282 etiam
1466 1227 1714 1301 ejusdem
1749 1229 2085 1299 patriarchae

493 1321 814 1386 declaratio,
859 1334 984 1391 quae
1027 1321 1360 1390 depositioni
1410 1310 1645 1392 subjecit
1701 1323 1960 1386 clericos,
1990 1323 2084 1392 qui

490 1412 776 1467 saecularia
809 1422 864 1469 et
898 1412 1118 1483 publica
1167 1413 1558 1469 administrant
1590 1414 1850 1484 negotia;
1886 1424 1939 1467 et
1971 1413 2078 1468 alia

490 1505 820 1574 patriarchae
853 1503 1105 1570 Joannis,
1133 1520 1257 1575 qua:
1290 1505 1558 1560 diaconos
1588 1515 1641 1561 et
1678 1506 1816 1560 alios
1852 1505 2085 1561 clericos

491 1598 546 1649 in
581 1596 818 1666 publicis
846 1595 1082 1666 negotiis
1119 1596 1327 1651 versari
1355 1612 1462 1650 non
1490 1597 1798 1666 permittit;
1834 1611 1999 1667 porro
2033 1605 2089 1651 et

490 1688 819 1757 patriarchae
874 1687 1157 1743 Michaelis
1222 1688 1497 1750 Anchiali,
1565 1690 1850 1744 saecularia
1910 1687 2086 1745 cilicia

491 1779 579 1833 vel
630 1787 953 1833 exaetorunt
1012 1787 1314 1848 potestates
1350 1780 1434 1832 vel
1486 1782 1802 1836 curationes
1852 1780 2087 1835 clericos

492 1888 604 1930 non
638 1876 923 1942 suscipere
955 1874 1211 1946 injungit.

1066 2141 1507 2199 Consuetudines.

569 2256 707 2313 Cum
738 2272 873 2314 vero
903 2258 937 2314 4
967 2272 1146 2312 canon
1180 2274 1305 2330 syn.
1342 2269 1576 2328 quartae,
1624 2274 1727 2314 nec
1776 2274 1889 2314 non
1917 2259 2082 2315 etiam

492 2347 529 2403 ι
563 2349 754 2418 primm
779 2356 834 2403 et
866 2347 1124 2405 secundae
1159 2349 1355 2419 synodi
1400 2350 1567 2419 (quos
1600 2358 1654 2405 et
1682 2350 1910 2406 consule
1937 2351 1992 2404 in
2015 2365 2086 2404 xv

493 2444 674 2513 capite
735 2442 933 2499 litterae
965 2440 1064 2513 Μ),
1121 2457 1230 2497 non
1281 2441 1572 2512 prohibent
1631 2442 1938 2513 episcopos,
1986 2442 2088 2499 ali-

494 2535 713 2602 quando
738 2534 844 2592 sibi
888 2534 1160 2606 subjectis
1202 2535 1516 2601 monachis,
1543 2550 1657 2590 non
1682 2535 1862 2599 solum
1899 2550 2083 2590 rerum

492 2628 993 2683 ecclesiasticarum
1031 2627 1574 2686 administrationem
1625 2628 1949 2695 concedere,
1987 2626 2087 2683 sed

494 2737 557 2776 ea
586 2721 751 2777 etiam
782 2737 907 2791 quae
943 2721 1010 2776 ad
1055 2720 1226 2776 vitam
1255 2721 1536 2793 pertinent
1587 2723 1673 2777 vel
1720 2721 2003 2777 saecularia
2032 2729 2088 2777 et

493 2814 708 2882 civilia;
741 2814 887 2890 quod
921 2814 1092 2871 multo
1122 2812 1300 2885 magis
1346 2812 1778 2881 imperatoribus
1817 2812 2088 2868 concede-

498 2917 618 2974 tur,
658 2908 752 2977 qui
787 2907 970 2961 solent
1001 2915 1226 2962 sanctos
1252 2919 1496 2962 canones
1524 2904 1789 2977 religioso
1816 2913 1873 2960 et
1895 2903 2086 2959 divino

495 3000 727 3056 consilio
760 3009 996 3056 mutare.
1055 3001 1193 3056 Cum
1229 3013 1472 3055 canones
1512 3000 1662 3057 enim
1698 2998 2086 3071 episcoporum

495 3095 801 3151 electiones
829 3093 1105 3164 episcopis
1135 3092 1439 3164 provincia:
1471 3091 1896 3158 commiserunt,
1922 3090 2088 3146 nulli-

495 3201 605 3256 que
634 3186 946 3257 principum
1000 3185 1167 3241 licere
1218 3184 1308 3241 his
1373 3183 1791 3240 communicare
1832 3183 2101 3255 jubeant,

497 3284 864 3351 imperatores
938 3280 1105 3335 etiam
1165 3277 1289 3334 sine
1360 3279 1754 3349 episcoporum
1808 3275 2094 3344 suﬂ‘ragiis

2190 568 2408 636 γεῖσθαι
2438 570 2766 641 ἀπείρηκεν,
2793 569 2869 635 ὡς
2902 572 3134 647 αἰσχροῦ
3162 573 3387 646 κέρδους
3417 578 3510 630 καὶ
3537 575 3748 646 ψεύδους

2192 663 2486 733 παραίτια.

2772 758 2913 827 Περὶ
2962 758 3206 828 ἰατρῶν.

2260 871 2397 925 Οὔτε
2462 872 2570 943 μὴν
2626 874 2834 944 ίατρῶν
2905 872 3228 945 ἐξηγεῖσθαι
3304 876 3431 942 τοὺς
3494 878 3753 945 διακόνους

2190 960 2527 1033 παρεχώρει,
2579 964 2839 1036 ἰατρικῆς
2869 967 2967 1018 καὶ
3000 966 3202 1029 αὐτοὺς
3237 969 3750 1040 μεταποιουμένους,

2193 1054 2269 1125 μή
2316 1054 2557 1108 ἐοικέναι
2617 1055 2794 1125 λέγων
2840 1059 2967 1121 τοὺς
3027 1058 3169 1128 μετά
3201 1060 3503 1130 στιχαρίων
3536 1062 3607 1114 τὰ
3635 1063 3753 1131 ἅγια

2192 1147 2753 1217 μεταχειριζομένους
2800 1150 3078 1220 κοσμικὰς
3111 1152 3308 1214 στολὰς
3342 1151 3644 1220 ἐνδύεσθαι,
3674 1158 3755 1209 καὶ

2191 1239 2334 1309 μετὰ
2363 1238 2575 1295 λαῖκῶν
2629 1241 2875 1311 ἀνδρῶν,
2910 1244 3018 1299 τῶν
3055 1244 3284 1312 ἰατρῶν,
3326 1245 3494 1316 φημὶ,
3526 1263 3756 1318 προπομ-

2189 1331 2400 1387 πεύειν.
2435 1333 2632 1402 Γέγονε
2655 1334 2714 1388 δὲ
2742 1336 2834 1388 καὶ
2862 1352 2928 1406 ση
2938 1335 3160 1405 μείωμα
3183 1336 3280 1389 τοῦ
3304 1336 3474 1391 αὐτοῦ
3508 1339 3757 1411 πατριάρ-

2189 1440 2337 1493 χου,,
2372 1425 2668 1496 ἀφορισμῷ
2721 1426 3139 1483 καθυποὸάλλον
3197 1430 3330 1496 τοὺς
3380 1433 3621 1501 κοσμικά
3672 1435 3757 1488 καὶ.

2190 1518 2428 1587 δημόσια
2488 1520 2796 1591 πράγματα
2837 1521 3255 1592 διενεργοῦντας
3317 1523 3759 1596 κληρικοὺςοκαὶ

2188 1611 2381 1683 ἕτερον
2430 1612 2526 1667 τοῦ
2573 1615 2921 1685 πατριάρχου
2962 1616 3218 1669 Ἰωάννου
3248 1657 3265 1684 ,
3317 1618 3394 1687 μὴ
3458 1610 3758 1691 συγχωροῦν

2188 1705 2474 1768 διακόνους
2501 1705 2534 1777 ἢ
2557 1707 2778 1778 ἐτέρους
2813 1708 3111 1778 κληρικοὺς
3139 1710 3381 1783 δημοσίᾳ
3410 1717 3721 1784 συνηγορεῖν
3739 1731 3753 1748 ·

2192 1798 2273 1851 ἐτι
2308 1797 2365 1852 δέ
2423 1801 2521 1853 καὶ
2563 1800 2659 1854 τοῦ
2689 1802 3036 1874 πατριάρχου
3074 1803 3298 1874 Μιχαὴλ
3330 1805 3430 1859 τοῦ
3465 1806 3755 1879 Ἀγχιάλου,

2118 1885 2162 1940 Β
2192 1893 2435 1963 κοσμικά
2478 1893 2713 1963 όιριρίκια
2749 1894 2782 1964 ἢ
2823 1896 3207 1966 πρακτορικάς
3235 1898 3607 1970 ἐνεργείας,ἢ
3645 1917 3759 1955 xeu-

2191 1986 2505 2055 ρατορείας,
2538 1987 2671 2052 τοὺς
2721 1987 3020 2058 κληρικοὺς
3074 1990 3425 2059 ἐπισκῆπτον
3475 1991 3553 2064 μὴ
3582 1992 3758 2050 ἀναδέ-

2187 2079 2402 2150 χεσθαι.

2806 2174 3132 2244 Συνήθειαι

2272 2288 2427 2341 Ἐπεὶ
2463 2288 2518 2340 δὲ
2549 2290 2578 2343 6
2617 2289 2659 2341 δ’
2701 2289 2886 2344 κανὼν
2931 2291 3033 2361 τῆς
3066 2289 3110 2345 δ’
3150 2291 3396 2357 συνόδου,
3436 2293 3575 2349 ἀλλά
3596 2292 3658 2366 δὴ
3679 2293 3761 2349 καὶ

2187 2378 2281 2433 ὁδ’
2311 2382 2411 2449 τῆς
2450 2388 2499 2434 α’
2536 2385 2635 2437 καὶ
2690 2381 2733 2453 β’
2758 2384 2982 2438 συνόδου
3027 2385 3047 2456 (
3077 2383 3173 2448 οὓς
3212 2386 3309 2439 καὶ
3361 2386 3521 2457 ζήτει
3554 2386 3763 2441 κατὰτὸ

2192 2471 2252 2527 ιε’
2287 2473 2592 2544 κεφάλαιον
2638 2475 2733 2529 τοῦ
2786 2477 2843 2531 Μ
2891 2477 3222 2549 στοιχείου),
3250 2478 3314 2532 οὐ
3348 2478 3625 2534 κωλύουσι
3650 2480 3764 2542 τοὺς

2191 2567 2557 2636 ἐπισκόπους,
2611 2569 2726 2623 ἔσθ’
2757 2570 2846 2623 ὅτε
2901 2572 3017 2634 τοῖς
3059 2569 3155 2624 ὑπ’
3179 2570 3384 2635 αὐτοὺς
3425 2572 3763 2635 ἀνατιθέντας

2142 2654 2147 2659 θ
2194 2661 2452 2731 μοναχοῖς
2482 2662 2543 2714 οὐ
2595 2662 2761 2733 μόνον
2794 2663 3281 2733 ἐκκλησιαστικῶν
3313 2665 3667 2739 πραγμάτων
3691 2665 3763 2719 δι-

2188 2754 2430 2824 οίκησιν,
2460 2753 2600 2809 ἀλλά
2644 2771 2709 2822 γε
2760 2755 2858 2809 καὶ
2890 2754 3187 2822 βιωτικῶν,
3225 2755 3409 2810 εῐτουν
3461 2756 3763 2820 πολιτικῶν,

2193 2847 2376 2919 πολλῷ
2431 2848 2594 2901 πλέον
2654 2848 2942 2918 βασιλεῦσι
2987 2849 3147 2902 τοῦτο
3192 2848 3512 2923 δοθήσεται,
3558 2843 3637 2913 οἷς
3660 2847 3764 2911 ἔθος

2191 2940 2340 2993 ἐστιν
2398 2940 2435 2994 ἃ
2478 2940 2587 2994 τῶν
2626 2941 2786 3012 ἱερῶν
2838 2941 3190 3012 μετατιθέναι
3241 2942 3515 3009 κανόνων,
3567 2940 3765 2996 εὐσεϐεῖ

2195 3032 2383 3103 μέντοι
2414 3031 2611 3111 γνώμῃ
2646 3034 2744 3086 καὶ
2767 3032 3030 3103 φιλοθέῳ.
3058 3033 3183 3087 Τῶν
3225 3034 3334 3105 γὰρ
3388 3034 3636 3088 κανόνων
3676 3035 3764 3094 τὰς

2191 3123 2305 3179 τῶν
2351 3124 2676 3179 ἐπισκόπων
2709 3123 2929 3196 ψήφους
2965 3126 3080 3188 τοῖς
3115 3127 3446 3190 ἐπισκόποις
3487 3127 3588 3198 τῆς
3619 3125 3767 3196 ἐπαρ-

2118 3234 2163 3294 c
2196 3215 2320 3286 χίας
2351 3214 2743 3280 ἀνατιθέντων,
2774 3214 3001 3286 ἄρχοντι
3032 3215 3090 3270 δὲ
3137 3217 3330 3289 μηδενὶ
3350 3219 3564 3271 τούτων
3587 3217 3766 3282 ἐξεῖναι

2203 3309 2539 3364 κελευόντων
2585 3311 2896 3373 κοινωνεῖν,
2937 3311 2986 3364 οί
3041 3310 3287 3382 βασιλεῖς
3337 3313 3437 3366 καὶ
3476 3311 3575 3384 τῆς
3602 3314 3765 3383 ψήφου

501 3376 851 3444 patriarchas
881 3383 939 3429 et
964 3374 1260 3444 episcopos
1308 3379 1521 3428 creant.
1567 3370 1867 3442 Propterea
1905 3370 2095 3441 igitur,

498 3478 556 3522 ut
586 3468 819 3532 videtur,
856 3468 960 3524 sub
988 3466 1327 3537 imperatore
1371 3464 1638 3521 Michaele
1669 3465 1842 3531 Duco,
1891 3474 2100 3521 metro-

497 3562 779 3631 politanus
810 3560 903 3616 ille
933 3558 1094 3619 Sides
1128 3558 1348 3628 imperii
1398 3559 1620 3631 negotia
1646 3557 2097 3623 administrabat,

502 3655 662 3727 167
714 3662 770 3710 et
822 3653 1290 3711 Neocaesariensis
1341 3653 1796 3724 metropolitanus
1857 3653 2099 3708 civitatis

498 3745 719 3817 negotia
762 3746 815 3800 in
873 3756 995 3801 acta
1023 3746 1234 3812 retulit,
1262 3753 1321 3800 et
1365 3738 1509 3814 apud
1536 3760 1637 3800 nos
1681 3743 1886 3816 Nipho,
1913 3745 2098 3816 Cynici

498 3836 871 3907 metropolita,
922 3844 979 3890 et
1033 3835 1461 3904 rescriptionem
1511 3843 1567 3893 et
1624 3837 1812 3891 omnia
1877 3836 2097 3907 publica

500 3928 808 3985 ministeria
838 3926 1110 3983 exercuit.

2199 3402 2311 3456 τῶν
2348 3402 2673 3456 ἐπισκόπων
2707 3406 2904 3474 χωρὶς,
2943 3404 3041 3459 καὶ
3091 3405 3449 3477 πατριάρχας
3472 3449 3490 3474 ,
3534 3409 3625 3460 καὶ
3663 3407 3767 3458 ἐπι·

2203 3495 2440 3558 σκόπους
2475 3495 2898 3567 προϐάλλονται.
2936 3500 3036 3553 Διά
3082 3498 3213 3568 γοῦν
3256 3499 3442 3567 τοῦτο,
3475 3500 3553 3563 ὡς
3589 3499 3766 3562 ἔοικεν,

2200 3589 2295 3643 ἐπὶ
2328 3588 2423 3643 τοῦ
2466 3588 2738 3659 βασιλέως
2764 3592 2991 3663 Μιχαὴλ
3022 3592 3118 3646 τοῦ
3152 3592 3335 3647 Δούκα
3365 3595 3394 3647 6
3453 3590 3767 3664 μητροπολί-

2200 3698 2303 3752 της
2326 3683 2536 3746 ἐκεῖνος
2590 3682 2751 3755 Σίδης
2801 3685 2872 3739 τά
2914 3687 3016 3753 τῆς
3047 3685 3331 3757 βασιλείας
3364 3686 3659 3760 ᾠκονόμει,
3685 3682 3768 3738 καὶ

2199 3775 2228 3827 6
2256 3774 2693 3845 Νεοκαισαρείας
2746 3776 2817 3831 τά
2869 3776 2971 3848 τῆς
3018 3779 3230 3843 πόλεως
3281 3779 3653 3851 ἀνεγράψατο,
3689 3774 3769 3830 καὶ

2200 3866 2289 3937 δφ’
2321 3867 2480 3938 ἡμῶν
2535 3870 2564 3921 δ
2601 3867 2847 3934 Κνξίκου
2899 3870 3112 3942 Νήφων
3163 3873 3264 3943 τήν
3313 3889 3375 3925 τε
3428 3869 3765 3942 ἀπογραφήν,

2203 3959 2296 4012 καὶ
2326 3958 2424 4025 τὰς
2459 3960 2553 4014 τοῦ
2585 3961 2851 4033 δημοσίου
2881 3964 3103 4027 ἀπάσας
3133 3965 3411 4035 ἐνήργησε
3441 3964 3706 4027 δουλείας.

2881 4057 3090 4129 Νόμοι.

2283 4147 2348 4200 Ἦ
2382 4146 2441 4200 δὲ
2473 4145 2575 4209 πς¹
2597 4149 2767 4221 νεαρά
2810 4147 2906 4202 τοῦ
2944 4150 3215 4222 βασιλέως
3253 4150 3492 4217 Λέοντος
3540 4148 3768 4213 θεσπίζει

2201 4240 2342 4311 μήτε
2391 4240 2718 4308 ἐπίσκοπον,
2780 4243 2919 4314 μήτε
2950 4244 3072 4297 τινὰ
3102 4244 3211 4299 τῶν
3246 4245 3341 4300 τοῦ
3374 4246 3608 4319 κλήρου,
3658 4261 3770 4298 συν-

1078 4044 1084 4051 ’
1158 4062 1161 4069 ·
1200 4042 1381 4113 Leges.

570 4142 917 4229 octogesima
964 4163 1120 4212 sexta
1168 4154 1384 4211 novella
1419 4155 1550 4226 imp.
1584 4152 1787 4210 Leonis
1827 4153 2093 4222 decernit,

502 4260 565 4305 ut
596 4247 1118 4321 neque’episcopus,
1139 4261 1318 4317 neque
1344 4245 1491 4303 ullus
1522 4245 1758 4301 clericus
1782 4246 2098 4301 advocatio-

506 4346 693 4411 nibus,
713 4343 796 4397 vel
821 4340 1290 4397 conductionibus
1310 4339 1398 4395 vel
1424 4337 1877 4411 lidejussionibus
1900 4347 2092 4405 vacet;

2199 4333 2536 4406 ηγ⁰ρί⁶ιςνῆ
2578 4336 2935 4404 μισθώσεων»
2978 4336 3012 4408 ἢ
3058 4337 3291 4407 ἐγγύαις
3330 4338 3761 4411 ὲνασχολεῑσοαι·

503 4438 822 4509 quicunque
845 4449 976 4489 vero
1004 4434 1112 4488 tale
1129 4430 1430 4503 quidl‘acit,
1451 4430 1507 4486 in
1532 4431 1754 4501 aliquod
1774 4440 1989 4503 tempus
2016 4446 2092 4486 se-

2198 4427 2291 4481 τὸν
2332 4427 2393 4481 δὲ
2444 4427 2696 4483 τοιοῦτόν
2738 4446 2792 4483 τι
2842 4428 3108 4483 ποιοῦντα
3152 4431 3248 4485 ἐπὶ
3309 4432 3506 4504 χρόνον
3539 4432 3637 4503 μέν
3662 4445 3770 4483 τινα

503 4536 796 4598 gregetur;
826 4526 910 4580 sin
946 4534 1131 4580 autem
1163 4533 1498 4596 perseveret,
1527 4523 1859 4593 deponatur.
1913 4522 2092 4577 Advo-

2206 4520 2590 4592 άφορίζεσθαιο
2621 4523 2957 4591 ἐπιμένοντα
2999 4522 3078 4590 δὲ,
3107 4523 3516 4597 καθαιρεῖσθαι.
3551 4524 3772 4594 Συνηγὸο

508 4630 665 4675 catos
688 4634 819 4675 vero
841 4632 936 4674 eos
971 4624 1152 4681 vocat,
1177 4616 1347 4687 quiin
1383 4615 1641 4671 civilibus
1679 4613 1906 4686 judiciis
1942 4615 2092 4670 ordi-

2207 4631 2331 4685 ρους
2371 4616 2429 4667 δέ
2479 4631 2614 4686 φησι
2645 4615 2773 4679 τοὺς
2812 4616 2871 4668 ἐν
2908 4617 3023 4681 τοῖς
3072 4617 3379 4682 πολιτικοῖς
3417 4618 3771 4687 τεταγμένους

2201 4705 2601 4778 δικαστηρίοις,
2630 4708 2724 4761 καὶ
2750 4706 3014 4778 βασιλικά
3057 4707 3445 4778 λαμϐάνοντας
3479 4708 3770 4780 σιτηρέσια,

2204 4801 2299 4853 καὶ
2321 4799 2426 4852 ὑπὸ
2456 4799 2861 4871 πριμικηρίους
2898 4800 3081 4869 ὄντας,
3102 4803 3196 4857 καὶ
3222 4802 3331 4853 ὑπὸ
3373 4786 3654 4873 κοσμικῶν
3687 4800 3774 4869 ἀρ-

2202 4894 2407 4963 χόντων
2442 4892 2951 4966 σφραγιζομένους,
2981 4889 3064 4959 οἷς
3110 4895 3159 4948 oi
3192 4893 3450 4965 κληρικοὶ
3498 4892 3773 4948 συντάττεο

2206 4984 2330 5039 σθαι
2352 4985 2676 5041 ἐκωλύοντο.
2693 4984 2829 5039 ’Υπὲ
2838 5004 2868 5057 ρ
2893 4986 3067 5056 φίλων
3087 4987 3275 5056 μέντοι
3295 4985 3332 5057 ἢ
3350 4986 3531 5050 άλλως
3550 4985 3768 5044 οίκείων,

2202 5079 2496 5133 ἐπίσκοποι
2531 5081 2625 5133 καὶ
2651 5079 2907 5151 κληρικοὶ
2941 5080 3062 5134 κατ’
3098 5079 3429 5153 ἐλευθερίαν
3462 5078 3768 5150 συνηγορεῖν

2202 5174 2266 5228 οὐ
2305 5174 2747 5246 κωλυθήσονται.

2285 5266 2350 5321 Ἦ
2392 5265 2449 5320 δέ
2499 5273 2621 5338 ρκγ¹
2662 5266 3105 5333 Ἰουστινιάνειος
3143 5268 3341 5340 νεαρὰ,
3372 5268 3599 5341 Μηδεὶς,
3632 5265 3769 5336 φησιν

2203 5361 2296 5415 τὸν
2325 5361 2527 5416 οἰκεῖον
2555 5360 2761 5431 κλῆρον
2789 5361 2918 5425 ἐῶν,
2949 5361 3188 5431 γινέσθω
3217 5363 3505 5434 κοσμικόςο
3544 5362 3661 5414 ἐπεὶ
3689 5354 3770 5409 καὶ

2203 5455 2303 5522 τῆς
2332 5454 2779 5525 προσγενομένης
2809 5454 2961 5525 αὐτῷ
2990 5452 3148 5520 ἀξίας
3177 5453 3212 5527 ἦ
3241 5454 3533 5526 στρατείας
3558 5454 3771 5506 ἀποστεο

2208 5546 2535 5616 ρηθήσεται,
2570 5548 2668 5601 καὶ
2714 5548 2783 5619 τῇ
2831 5546 2999 5619 βουλῇ
3052 5547 3155 5615 τῆς
3208 5548 3344 5610 ιδίας
3385 5546 3769 5614 ἀποδοθήσεται

506 4715 617 4769 nati
638 4721 789 4781 sunt,
812 4718 868 4767 et
893 4712 960 4765 ab
981 4711 1316 4781 imperatore
1335 4708 1680 4778 accipiebant
1697 4707 2098 4763 frumentarias

504 4817 771 4872 tesseras,
824 4812 880 4859 et
924 4813 1081 4859 erant
1126 4803 1232 4859 sub
1289 4802 1645 4873 primiceriis,
1686 4808 1742 4855 et
1792 4816 1823 4855 a
1873 4801 2100 4855 saecula-

507 4901 659 4958 ribus
688 4898 1110 4968 magistratibus
1141 4897 1525 4953 characterem
1565 4894 1936 4966 accipiebant,
1973 4908 2098 4963 quae

503 4991 677 5048 cilicia
699 4992 886 5048 clerici
918 4991 1358 5063 prohibebantur
1412 5003 1700 5046 exercere.
1763 4985 1873 5043 Pro
1898 4986 2096 5044 amicis

505 5084 779 5157 siquidem
808 5094 864 5141 et
911 5085 1036 5141 aliis
1067 5083 1440 5140 familiaribus
1465 5097 1692 5138 causam
1726 5081 1900 5137 libere
1936 5095 2098 5151 agere

503 5180 778 5252 episcopis
799 5188 855 5235 et
887 5178 1104 5235 clericis
1138 5194 1251 5235 non
1283 5177 1690 5250 prohibebitur.

538 5272 892 5331 .Centesiina
952 5271 1219 5328 vicesima
1275 5270 1443 5325 tertia
1506 5269 1811 5325 Justiniani
1853 5270 2096 5337 novella,

504 5366 723 5432 Nullus,
756 5364 958 5435 inquit,
1006 5364 1290 5434 proprium
1328 5363 1538 5418 clerum
1599 5362 1940 5433 relinquens,
2001 5363 2132 5417 liat,

504 5458 727 5514 laicus:
768 5453 1219 5528 quandoquidem
1270 5454 1441 5522 pribri
1494 5454 1761 5523 dignitate
1819 5455 1905 5510 vel
1952 5453 2101 5509 mili-

510 5552 581 5607 tia
611 5550 942 5622 privabitur,
972 5558 1027 5605 et
1065 5562 1181 5603 suae
1217 5546 1468 5605 civitatis
1510 5547 1779 5603 voluntati
1833 5546 2099 5617 subjicie-

509 5651 620 5695 tur.
1406 5628 1409 5631 ’

2208 5640 2446 5701 πόλεως.

580 5734 824 5804 Septima
878 5748 1009 5787 vero
1070 5741 1126 5788 et
1178 5740 1374 5786 octava
1452 5731 1662 5784 novella
1699 5730 1829 5800 imp.
1901 5729 2092 5783 Leonis

2289 5732 2351 5785 Ἦ
2410 5732 2465 5785 δὲ
2503 5731 2546 5796 ζ’
2612 5733 2708 5785 καὶ
2767 5730 2817 5803 η’
2867 5733 3039 5803 νεαρᾶ
3094 5735 3187 5787 τοῦ
3245 5732 3510 5806 βασιλέως
3562 5728 3770 5784 Λέοντος

508 5823 738 5883 clericos
796 5836 851 5881 et
898 5826 1201 5882 monachos
1245 5823 1694 5890 transl’ornxatos,
1742 5837 1795 5881 ct
1829 5825 1994 5880 laicus
2022 5825 2092 5879 fa-

2209 5829 2333 5891 τοὺς
2370 5826 2670 5897 κληρικοὺς
2709 5826 2800 5882 καὶ
2832 5827 3106 5899 μοναχοὺς
3149 5822 3771 5899 μετασχηματισθὲνταςρ
