4054 6404
498 418 628 482 1301

1697 430 2063 492 ΜΑΤΤΗᾹΠ
2100 436 2520 498 BLASTARIS

3596 445 3723 510 1392

494 535 640 589 hunc
673 535 1031 604 apostolicum
1065 553 1333 596 canonem
1373 542 1605 609 'recitat,
1657 553 1711 600 et
1767 556 1942 611 cavet,
1980 561 2048 601 ne

2167 553 2369 606 τουτονὶ
2408 550 2607 606 κανόνα
2645 552 2890 618 διέξεισι,
2933 554 3026 608 καὶ
3064 553 3192 618 τοὺς
3213 553 3271 607 ὲν
3312 558 3375 626 τῇ
3405 557 3555 610 πόλει
3593 557 3723 612 Ῥω-

488 633 580 698 qui
619 631 826 694 sunt,in
863 631 1238 690 Romanorum
1297 637 1516 692 civitate
1558 639 2059 708 transgrediantur,

489 736 666 790 neque
697 721 752 775 in
783 731 988 778 sancta:
1013 722 1454 795 Quadragesimae
1495 727 1753 783 Sabbatis
1789 729 2064 799 jejunent,

488 819 709 878 propter
762 812 1096 868 oblationem
1162 816 1310 869 omni
1369 815 1609 871 Sabhato
1660 833 1760 886 pro
1808 818 2066 872 omnibus

489 902 690 954 sanctis
720 901 939 968 factam,
968 904 1018 957 in
1060 919 1169 974 quo
1202 905 1396 959 fortem
1429 907 1616 977 ligavit
1678 907 1976 971 Dominus,
2011 915 2067 960 et

489 992 676 1046 omnia
738 992 857 1062 ejus
919 1009 1050 1049 vasa
1102 997 1373 1066 diripuit;
1417 997 1544 1052 licet
1597 1013 1696 1067 pro
1742 999 1918 1052 nihilo
1963 998 2068 1052 illis

489 1084 804 1139 habeantur
832 1102 953 1156 quze
985 1096 1113 1142 sunt
1148 1090 1201 1142 in
1235 1104 1472 1144 canone.
1534 1091 1703 1160 Magis
1739 1092 1906 1161 igitur
1948 1106 2067 1145 ma-

485 1173 598 1226 lum
635 1177 1012 1240 extendentes,
1063 1178 1232 1233 totius
1280 1179 1447 1234 etiam
1503 1182 1767 1250 temporis
1809 1182 2066 1238 Sahhatis

487 1265 742 1335 jejunare
774 1284 880 1324 non
906 1269 1166 1326 recusant

556 1357 810 1412 Decimus
825 1360 1090 1428 septimus
1111 1377 1238 1417 vero
1257 1365 1446 1434 synodi
1463 1365 1793 1434 Gangrensis
1810 1365 1955 1429 illos,
1969 1365 2064 1434 qui

486 1457 710 1515 prepter
737 1467 856 1503 eam
913 1468 1033 1521 quae
1061 1456 1414 1510 existimatur
1440 1457 1583 1526 piam
1619 1458 2064 1511 exercitationem

485 1539 576 1592 die
611 1540 896 1596 Dominica
943 1544 1219 1612 jejunant,
1254 1547 1585 1601 anathemati
1633 1547 1877 1616 subjicit.
1911 1547 2066 1603 Tunc

485 1631 630 1685 enim
676 1635 914 1687 maxime
940 1636 1136 1691 hilares
1165 1649 1219 1692 et
1247 1639 1401 1693 laetos
1423 1654 1546 1694 esse
1574 1654 1678 1694 nos
1698 1649 1914 1708 oportet
1939 1654 2067 1708 pro-

485 1731 606 1792 pter
640 1723 856 1780 Domini
883 1730 1362 1792 resurrectionem,
1393 1741 1445 1784 et
1497 1731 1750 1785 humana-
1798 1743 2005 1785 natura:
2036 1746 2066 1785 a

485 1819 691 1887 peccati
724 1820 880 1889 lapsu
907 1822 1294 1877 excitationem
1324 1841 1342 1875 ι
1369 1839 1477 1878 non
1510 1833 1690 1878 autem
1721 1839 1830 1892 pra:
1850 1823 2064 1892 jejunio

489 1907 731 1964 demisso
764 1912 915 1965 vultu
941 1928 1062 1968 esse
1087 1923 1140 1967 et
1173 1915 1451 1968 tristitiam
1494 1932 1607 1984 prae
1629 1916 1788 1970 nobis
1821 1914 1987 1970 ferre.

565 1999 822 2057 Decimus
847 2004 1071 2071 quintus
1100 2020 1232 2059 vero
1261 2007 1438 2060 sancti
1479 2005 1627 2060 Petri
1658 2005 2012 2061 Alexandrini
2042 2046 2059 2070 ,

486 2087 694 2154 Quarto
745 2092 852 2156 die,
897 2094 1100 2162 inquit,
1127 2095 1491 2163 jejunandum
1544 2111 1666 2152 esse
1723 2098 2056 2165 accepimus,

484 2198 549 2236 eo
577 2183 721 2252 quod
761 2183 965 2239 factum
993 2194 1110 2240 erat
1141 2189 1433 2242 concilium
1469 2204 1496 2242 a
1528 2188 1739 2244 Iudaeis
1759 2190 1826 2244 ad
1860 2190 2046 2243 Domi-

487 2293 620 2332 num
655 2279 999 2346 prodendum
1035 2297 1050 2334 :
1085 2281 1139 2335 in
1171 2281 1473 2337 Parasceve
1505 2298 1659 2347 vero,
1699 2297 1766 2338 eo
1825 2282 1970 2351 quod
2003 2282 2058 2335 in

497 2370 588 2424 illa
625 2387 720 2442 pro
755 2371 916 2426 nobis
972 2373 1086 2442 ipse
1116 2387 1309 2442 passus
1335 2383 1434 2429 est.
1495 2374 1830 2428 Dominicam
1879 2380 2060 2427 autem

484 2464 871 2520 cxsultationis
909 2464 1050 2519 diem
1083 2465 1490 2531 existimamus,
1523 2467 1578 2518 in
1605 2479 1712 2534 qua
1771 2479 1840 2518 ne
1885 2478 2060 2532 genua

484 2554 706 2624 quidem
737 2553 1005 2609 ﬂectenda
1038 2571 1160 2609 esse
1191 2557 1524 2624 accepimus.
1584 2555 1821 2612 Consule
1877 2556 1945 2609 de
1972 2554 2062 2609 die

487 2646 772 2702 Dominica
819 2647 983 2703 etiam
1033 2647 1089 2701 in
1122 2649 1155 2701 9
1190 2648 1370 2718 capite
1421 2649 1615 2704 littera:
1676 2648 1717 2700 Β
1791 2661 2057 2702 canonem

484 2749 799 2793 sanctorum
837 2741 1214 2808 apostolorum
1248 2741 1318 2796 53
1347 2751 1400 2796 et
1425 2741 1479 2796 in
1514 2740 1580 2796 18
1629 2755 1754 2812 cap.
1778 2739 1972 2794 littera
2021 2739 2061 2791 Γ

484 2846 610 2888 can.
633 2831 666 2886 5
701 2833 994 2890 Timothei.

876 2927 950 2982 De
993 2929 1190 2990 sanctis
1252 2929 1628 3001 TheOp/taniis.

556 3018 898 3088 Theophilus
924 3022 1353 3089 Alexandrinus,
1390 3035 1708 3079 sanctorum
1766 3023 2060 3093 Theopha-

485 3108 702 3162 niorum
739 3107 906 3175 festo,
944 3111 1000 3164 in
1042 3127 1152 3181 quo
1191 3127 1366 3182 usque
1397 3114 1462 3166 ad
1492 3129 1770 3182 vesperam
1803 3114 2060 3182 jejunare

484 3202 630 3256 soliti
662 3217 873 3267 sumus,
915 3202 969 3256 in
1000 3203 1145 3258 diem
1180 3205 1530 3260 Dominicum
1572 3206 1868 3270 incidente,
1904 3221 2056 3260 con-

485 3292 767 3348 venienler
794 3301 1090 3364 utrumque
1118 3295 1446 3351 distribuere
1472 3297 1648 3366 jubet.
1681 3297 1821 3350 Dicit
1861 3297 2005 3351 enim
2042 3313 2056 3350 :
2087 3270 2132 3334 (ἶ

485 3385 554 3440 Et
584 3402 704 3442 mos
739 3399 793 3442 et
821 3387 1081 3446 honestas
1103 3405 1132 3442 a
1154 3391 1314 3446 nobis
1339 3392 1526 3460 exigit,
1553 3400 1611 3445 ut
1660 3405 1880 3446 omnem
1913 3391 2057 3446 diem

490 3479 834 3535 Dotninicum
871 3481 1229 3546 honoremus,
1260 3483 1314 3536 in
1339 3497 1518 3552 eoque
1534 3481 1726 3536 Iestos
1755 3490 2059 3537 conventus

486 3570 852 3635 celebremus,
877 3572 1140 3640 quoniam
1172 3571 1437 3628 Dominus
1483 3582 1670 3627 noster
1719 3571 1877 3627 Jesus
1904 3571 2063 3626 Chri-

487 3671 608 3716 stus
647 3662 975 3732 praeclarum
1009 3679 1121 3718 suae
1169 3665 1593 3720 resurrectionis
1619 3680 1819 3719 munus
1877 3664 1931 3718 in
1996 3678 2062 3718 eo

489 3755 646 3808 obiit.
693 3754 758 3808 Et
803 3753 927 3811 ideo
981 3756 1037 3810 in
1090 3757 1265 3810 sacris
1297 3754 1603 3826 Scripturis
1633 3757 1750 3825 ipse
1771 3764 1826 3809 et
1848 3754 2061 3822 primus

487 3845 813 3915 appellatur,
862 3854 923 3899 ut
966 3847 1057 3914 qui
1109 3846 1181 3901 sit
1235 3846 1396 3902 nobis
1448 3846 1570 3901 vitae
1619 3845 1970 3915 principium,
2004 3853 2059 3900 et

488 3947 734 4005 octavus,
778 3947 838 3992 ut
871 3938 962 4006 qui
1011 3937 1328 3994 Iudaeorum
1381 3938 1783 3993 sabbatismum
1827 3951 2061 4006 exsupe-

485 4031 712 4084 raverit.
750 4028 912 4100 169
963 4027 1101 4095 Quia
1164 4043 1294 4099 ergo
1328 4028 1548 4095 accidit,
1619 4037 1678 4082 ut
1746 4037 2061 4084 sanctorum

487 4120 970 4190 Theophaniorum
1039 4121 1131 4175 hic
1201 4130 1347 4175 esset
1399 4120 1519 4175 dies
1582 4119 1940 4190 jejuniorum,
1997 4119 2064 4173 ad

487 4221 782 4282 utrumque
805 4213 1040 4267 scienter
1067 4212 1431 4279 accedamus;
1465 4206 1520 4267 et
1571 4211 1839 4280 pauculos
1869 4210 2062 4281 dacty-

487 4305 568 4358 los
591 4311 890 4369 sumentes,
929 4303 1092 4357 simul
1119 4313 1173 4356 et
1202 4303 1435 4358 haereses
1457 4304 1717 4368 vitemus,
1739 4317 1860 4372 qua!
1882 4300 2065 4355 Domi-

492 4397 626 4449 nica:
672 4395 1092 4449 resurreCtionis
1133 4395 1273 4448 diem
1331 4409 1438 4450 non
1487 4395 1782 4458 honorant,
1849 4403 1903 4450 et
1951 4393 2059 4449 dici

484 4490 678 4557 jejunii
705 4489 849 4558 quod
882 4488 1109 4542 debetur
1143 4489 1452 4554 reddamus,
1489 4489 1861 4559 vespertinum
1923 4504 2056 4544 con-

2172 643 2352 710 μαίων
2385 644 2718 712 ἐπισκήπτει
2755 644 2828 714 μὴ
2861 645 3245 714 παραϐαίνειν,
3281 647 3416 716 μηδὲ
3453 648 3724 716 νηστεύειν

2169 737 2282 797 τοῖς
2313 734 2560 788 Σάϐϐασι
2610 735 2706 804 τῆς
2754 737 2914 804 ἁγίας
2963 737 3443 807 Τεσσαρακοστῆς,
3499 737 3587 791 διὰ
3635 737 3724 804 τὴν

2169 831 2462 898 γινομένην
2494 830 2633 882 κατὰ
2684 831 2790 881 πᾶν
2841 829 3123 883 Σάδδατον
3177 830 3318 897 ὑπὲρ
3367 829 3582 881 πάντων
3630 827 3726 880 τῶν

2169 920 2340 987 ἁγίων
2372 922 2711 992 προσφορὰν,
2741 922 2796 972 ἐν
2827 914 2870 988 ᾧ
2895 922 2987 972 τὸν
3017 921 3236 991 ἰσχυρὸν
3275 921 3303 972 ό
3324 914 3527 989 Κύριος
3555 919 3725 987 ἔδησε,

2170 1011 2260 1062 καὶ
2297 1011 2366 1063 τὰ
2400 1011 2572 1080 σκεύη
2596 1011 2792 1064 τούτου
2818 1011 3088 1080 διήρπασε
3109 1050 3124 1075 ,
3169 1013 3220 1064 εί
3251 1011 3346 1064 καὶ
3377 1012 3454 1074 είς
3490 1011 3639 1063 οὐδὲν
3668 1010 3730 1061 τά

2167 1101 2260 1153 τοῦ
2309 1101 2534 1164 κανόνος
2595 1103 2781 1164 αὐτοῖς
2831 1101 3214 1173 ἐλογίσθησαν.
3248 1101 3465 1156 Μᾶλλον
3504 1102 3601 1169 μὲν
3643 1096 3728 1152 οὖν

2167 1193 2532 1256 ἐπιτείνοντες
2552 1193 2612 1246 τὸ
2648 1194 2838 1256 κακὸν,
2875 1193 2972 1247 mi.
2997 1194 3065 1245 τὰ
3093 1193 3186 1247 τοῦ
3213 1193 3336 1247 ὅλου
3365 1193 3558 1263 χρόνου
3601 1191 3730 1243 Σάϐ-

2169 1284 2311 1339 ϐατα
2335 1286 2617 1350 νηστεύειν
2662 1287 2723 1338 οὔ
2757 1283 3177 1356 παραιτοῦνται.

2253 1379 2312 1431 ’0
2354 1377 2412 1430 δὲ
2454 1378 2553 1444 τῆς
2586 1379 2644 1430 ὲν
2677 1378 2902 1447 Γάγγρᾳ
2953 1377 3019 1442 ιζ’
3070 1378 3198 1440 τοὺς
3248 1375 3339 1428 διὰ
3369 1375 3728 1442 νομιζομένην

2169 1470 2405 1538 ἄσκησιν
2433 1470 2490 1520 ὲν
2518 1471 2583 1539 τῇ
2608 1470 2864 1538 Κυριακῇ
2899 1467 3264 1535 νηστεύοντας
3311 1467 3390 1535 τῷ
3435 1465 3728 1533 ἀναθέματι

2170 1562 2559 1632 παραπέμπει.
2612 1560 2930 1631 Τηνικαῦτα
2987 1559 3094 1628 γὰρ
3149 1560 3413 1628 φαιδροὺς
3463 1557 3600 1611 εἶναι
3657 1557 3731 1609 δεῖ

2172 1649 2374 1718 μᾶλλον
2435 1648 2528 1701 καὶ
2601 1648 3006 1718 γεγανυμένους
3073 1649 3162 1701 διὰ
3209 1648 3308 1718 τὴν
3357 1648 3578 1716 ἔγερσιν
3647 1645 3728 1698 τοῦ

2169 1743 2417 1811 Κυρίου,
2467 1742 2559 1794 καὶ
2618 1740 2715 1810 τὴν
2776 1743 2876 1810 τῆς
2931 1739 3184 1810 βροτείας
3251 1739 3469 1808 φύσεως
3537 1740 3599 1791 ὲκ
3643 1737 3730 1790 τοῦ

2170 1833 2468 1902 πτώματος
2522 1832 2624 1902 τῆς
2687 1831 2964 1902 ἁμαρτίας
3002 1831 3326 1885 ἀνάστασιν·
3374 1832 3437 1883 οὐ
3471 1812 3732 1900 μήνκατ-

2097 1924 2135 1976 Β
2167 1929 2335 1998 ηφιᾷν
2378 1928 2443 1995 τῇ
2475 1924 2722 1994 νηστείᾳ,
2757 1925 2850 1976 καὶ
2883 1921 3325 1992 σκυθρωπάζειν.

2245 2019 2304 2071 '0
2343 2018 2400 2069 δὲ
2446 2014 2508 2068 ιε’
2558 2015 2652 2068 τοῦ
2697 2015 2858 2082 ἁγίου
2894 2015 3105 2084 Πέτρου
3155 2011 3593 2080 Ἀλεξανδρείας,
3629 2009 3729 2080 Τὴν

2168 2106 2263 2177 μὲν
2299 2105 2552 2174 Τετράδα
2590 2105 3036 2175 παρειλήφαμεν,
3077 2102 3212 2171 φησὶ
3241 2142 3254 2165 ,
3309 2102 3621 2171 νηστεύειν,
3649 2100 3729 2152 διὰ

2161 2198 2222 2248 τὸ
2253 2195 2480 2264 γεγονὸς
2510 2193 2840 2264 συμϐούλιον
2870 2193 2963 2245 ἐπὶ
2993 2195 3058 2262 τῇ
3093 2192 3359 2262 προδοσίᾳ
3385 2191 3484 2243 τοῦ
3529 2190 3728 2257 Κυρίου

2164 2289 2316 2358 παρὰ
2347 2288 2453 2341 τῶν
2489 2287 2782 2340 Ἰουδαίων·
2821 2286 2920 2354 τὴν
2954 2284 3010 2337 δέ
3041 2301 3105 2352 γε
3138 2283 3529 2353 Παρασκευὴν,
3556 2283 3640 2334 διὰ
3675 2280 3730 2334 τὸ

2165 2381 2329 2434 αὐτὸν
2364 2382 2422 2433 ὲν
2452 2379 2628 2450 ταύτῃ
2668 2377 3001 2430 πεπονθέναι
3034 2377 3174 2446 ὑπὲρ
3195 2376 3378 2445 ἡμῶν.
3409 2375 3526 2443 Τὴν
3555 2375 3728 2442 μέντοι

2166 2473 2462 2543 Κυριακὴν
2493 2470 2857 2542 χαρμοσύνης
2887 2469 3100 2540 ἡμέραν
3129 2467 3434 2539 ἡγούμεθα,
3461 2469 3522 2520 ὲν
3619 2466 3731 2519 οὐδὲ

2163 2567 2364 2634 γόνατα
2393 2562 2815 2632 παρειλήφαμεν
2845 2561 3072 2614 κλίνειν.
3105 2561 3267 2629 Ζήτει
3288 2561 3418 2629 περὶ
3455 2558 3731 2626 Κυριακῆς

2163 2657 2260 2709 καὶ
2286 2659 2342 2708 έν
2371 2655 2448 2724 τῷ
2479 2655 2524 2708 θ’
2564 2653 2848 2722 κεφαλαίῳ
2876 2653 2970 2705 τοῦ
3012 2651 3054 2704 Β
3083 2650 3350 2720 στοιχείου
3397 2651 3605 2702 κανόνα
3633 2647 3732 2700 τῶν

2166 2746 2338 2814 ἁγίων
2367 2743 2687 2798 ἀποστόλων
2743 2739 2844 2805 νγ⁷,
2873 2741 2968 2793 καί
3011 2743 3070 2794 ὲν
3107 2741 3182 2808 τῷ
3225 2745 3296 2809 ιη’
3330 2738 3530 2808 κεφαλ.
3571 2735 3660 2790 τοῦ
3697 2735 3732 2787 Γ

2167 2837 2438 2907 στοιχείου
2470 2835 2672 2889 κανόνα
2699 2840 2739 2886 ε’
2769 2832 2864 2887 τοῦ
2913 2832 3210 2902 Τιμοθέου.

2485 2926 2626 2994 Περὶ
2662 2924 2781 2979 τῶν
2820 2925 3003 2994 ἁγίων
3054 2922 3413 2993 Θεοφανίων.

2249 3021 2308 3074 '0
2355 3021 2410 3074 δὲ
2463 3017 2876 3088 ’Δλεξανδρείας
2947 3016 3206 3084 Θεόφιλος
3257 3016 3357 3084 τῆς
3406 3013 3523 3067 τῶν
3572 3013 3733 3081 ἁγίων

2165 3113 2479 3182 Θεοφανίων
2501 3111 2720 3181 ἑορτῆς,
2772 3103 2888 3184 ένῇ
2933 3109 3125 3179 μέχρις
3165 3108 3408 3176 ἑσπέρας
3456 3105 3730 3176 νηστεύειν

2165 3206 2460 3275 εἰώθαμεν,
2491 3205 2679 3274 ἡμέρᾳ
2712 3204 2964 3271 Κυριακῇ
2998 3199 3439 3271 συνδραμούσης,
3472 3201 3535 3252 τὸ
3569 3215 3727 3270 προσ-

2165 3302 2300 3369 ⁴ἧκον
2335 3296 2632 3366 ἀπονέμειν
2671 3293 2910 3364 ἑκατέρᾳ
2940 3292 3172 3346 κελεύει.
3204 3293 3344 3361 Φησὶ
3379 3291 3514 3360 γάρ·
3549 3292 3655 3344 Καὶ
3679 3289 3732 3341 τὸ

2165 3390 2310 3456 ἔθος,
2347 3386 2532 3444 καὶτὸ
2573 3387 2784 3458 πρέπον
2815 3387 2965 3456 ἡμᾶς
3005 3385 3253 3446 ἀπαιτεῖ,
3302 3384 3492 3435 πᾶσαν
3534 3383 3732 3448 Κυρισι⁸

2165 3483 2270 3551 κὴν
2301 3481 2489 3551 τιμᾷν,
2538 3479 2633 3532 καὶ
2675 3479 2734 3532 έν
2760 3478 2936 3549 ταύτῃ
2969 3477 3390 3547 πανηγυρίζειν,
3436 3475 3731 3541 ἐπειδήπερ

2164 3576 2192 3627 ὁ
2238 3572 2445 3644 Κύριος
2498 3570 2657 3640 ἡμῶν
2716 3569 2926 3640 Ἰησοῦς
2973 3569 3209 3637 Χριστὸς
3260 3570 3318 3622 ὲν
3363 3568 3509 3638 αὐτῇ
3546 3567 3644 3632 τὴν
3674 3567 3733 3617 ἐκ

2166 3665 2380 3735 νεκρῶν
2443 3665 2742 3718 ἀνάστασιν
2796 3664 2928 3732 ἡμῖν
2980 3663 3377 3732 ὲπρυτάνευσε.
3423 3662 3524 3714 Διὸ
3554 3662 3644 3714 καὶ
3681 3660 3732 3710 ἐν

2169 3761 2287 3821 ταῖς
2324 3759 2498 3828 ἱεραῖς
2529 3757 2775 3826 Γραφαῖς
2806 3755 2901 3808 καὶ
2942 3755 3132 3824 πρώτη
3164 3753 3450 3822 κέκληται,
3492 3752 3568 3816 ὡς
3597 3749 3730 3822 ἀρχὴ

2169 3850 2317 3918 ζωῆς
2346 3850 2483 3916 ἡμῖν
2514 3847 2857 3918 ὑπάρχουσα,
2890 3847 2986 3900 καὶ
3016 3846 3199 3915 ὀγδόη,
3238 3846 3332 3898 ἅτε
3361 3845 3425 3918 δὴ
3467 3847 3733 3915 ὑπερανα-

2169 3941 2437 4010 6ε6ηκυῖα
2499 3938 2594 3990 τὸν
2641 3937 2757 3990 τῶν
2819 3936 3097 3990 Ἰουδαίων
3139 3935 3550 4004 σαϐϐατισμόν.
3591 3930 3735 3986 Ἐπεὶ

2167 4029 2260 4087 οὖν
2302 4030 2501 4100 συνέϐη
2537 4030 2638 4096 τὴν
2681 4029 2789 4083 τῶν
2823 4027 3137 4097 Θεοφανίων
3164 4027 3371 4096 ταύτην
3398 4027 3616 4098 ἡμέραν
3652 4025 3734 4092 νή-

2171 4140 2363 4193 στιμον
2385 4118 2550 4186 εἶναι,
2578 4120 2963 4190 ἐπιστημόνως
2999 4120 3345 4190 χωρήσωμεν
3371 4118 3512 4189 πρὸς
3548 4116 3731 4170 ἑκάτε-

2172 4232 2285 4286 ρον,
2335 4212 2433 4267 καὶ
2460 4211 2864 4283 μεταλαϐόντες
2894 4210 3092 4278 ὀλίγων
3142 4210 3406 4277 φοινίκων
3428 4249 3443 4271 ,
3477 4207 3730 4260 ἐκκλίνω-

2169 4322 2271 4375 μεν
2311 4305 2430 4372 ἅμα
2479 4303 2574 4357 καὶ
2629 4301 2726 4365 τὰς
2772 4301 3038 4372 αἱρέσεις,
3078 4300 3178 4362 τὰς
3236 4303 3311 4369 μὴ
3356 4299 3612 4368 τιμώσας
3642 4296 3730 4364 τὴν

2167 4398 2542 4466 ἀναστάσιμον
2575 4395 2669 4448 τοῦ
2710 4395 2917 4466 Κυρίου
2956 4395 3194 4464 ἡμέραν,
3228 4394 3321 4446 καὶ
3361 4393 3423 4444 τὸ
3453 4391 3730 4460 ὀφειλόμε-

2167 4506 2256 4542 νον
2301 4490 2369 4556 τῇ
2414 4484 2666 4556 νηστίμῳ
2718 4483 3008 4552 ἀποδῶμεν
3059 4482 3266 4554 ἡμέρᾳ,
3297 4483 3399 4551 τὴν
3445 4481 3732 4550 έσπερινὴν

490 4590 707 4633 ventum
737 4588 1142 4650 exspectantes,
1177 4595 1300 4650 quat
1332 4583 1399 4635 ab
1433 4581 1565 4636 hora
1612 4596 1750 4634 nona
1788 4580 1876 4635 hic
1909 4595 2059 4651 pera-

2169 4580 2560 4649 περιμένοντες
2592 4575 2834 4642 σύναξιν,
2875 4575 2996 4645 ἥτις
3046 4573 3154 4627 ἀπὸ
3206 4571 3436 4643 ἐννάτης
3477 4572 3628 4642 ὧρας
3657 4570 3732 4621 ἐν·

489 4675 654 4740 gitur.

491 4785 644 4850 Quod
670 4785 721 4839 in
745 4785 1023 4840 Dominica
1051 4796 1322 4855 precantes
1346 4787 1690 4858 genuﬂectere
1711 4802 1811 4840 non
1835 4794 2057 4856 oportet.

559 4943 872 5000 Vicesimus
897 4959 1024 5001 vero
1057 4946 1244 5016 primae
1273 4945 1464 5015 synodi
1491 4960 1666 4999 canon
1695 4960 1871 5014 neque
1899 4960 2063 5015 genu-

488 5035 706 5092 ﬂectere
752 5037 804 5090 in
839 5038 926 5090 die
976 5038 1262 5092 Dominica
1309 5048 1561 5107 oportere
1607 5039 1913 5104 existimat,
1966 5053 2063 5094 ne-

490 5145 597 5198 que
631 5131 682 5182 in
737 5130 997 5185 omnibus
1047 5129 1399 5186 Pentecostes
1443 5131 1658 5185 diebus.
1687 5129 1896 5185 Causas
1931 5146 2060 5186 vero

493 5237 724 5291 magnus
755 5221 990 5275 Basilius
1030 5223 1081 5275 in
1114 5223 1180 5277 57
1215 5226 1280 5275 ad
1317 5231 1571 5278 sanctum
1606 5221 2057 5291 Amphilochium

489 5316 667 5384 capite
687 5314 971 5380 perspicue
1003 5313 1213 5377 reddit;
1245 5315 1390 5382 quod
1413 5313 1576 5369 etiam
1611 5327 1795 5383 quzere
1814 5313 1866 5368 in
1886 5313 1920 5365 2
1938 5329 2060 5383 cap.

489 5406 683 5459 litterae
718 5404 781 5458 E.

562 5495 965 5565 Nonagesimus
1001 5495 1162 5547 etiam
1216 5502 1382 5546 sextae
1411 5495 1628 5564 synodi,
1664 5494 1824 5556 Cum,
1860 5497 2060 5564 inquit,

487 5590 683 5643 diebus
715 5587 1010 5643 Dominicis
1041 5604 1144 5640 non
1183 5586 1554 5656 genuﬂectere
1583 5602 1611 5640 a
1649 5587 1850 5641 divinis
1879 5587 2057 5640 Patri-

487 5685 590 5737 bus
622 5683 904 5750 jnhemur,
941 5681 1144 5734 Christi
1198 5680 1658 5733 resurrectionem
1699 5680 2060 5745 hOnorantes,

499 5781 718 5840 oportet
764 5783 889 5843 post
928 5773 1300 5840 vespertinum
1333 5772 1680 5826 sacerdotum
1709 5771 1772 5824 ad
1804 5773 1975 5842 altare
2005 5772 2057 5824 iu

494 5866 733 5918 Salibnto
790 5867 1116 5934 ingressum,
1152 5875 1206 5919 ιιι
1245 5881 1404 5919 nemo
1435 5866 1760 5934 genuﬂvrctat
1793 5881 1962 5934 usque
1992 5869 2052 5918 ad

2163 4671 2340 4726 ταῦθα
2380 4669 2640 4723 τελεῖται.

2166 4783 2297 4836 Ὅτι
2337 4781 2408 4835 ἐν
2454 4776 2724 4848 Κυριακῆ
2781 4775 3014 4900 adiget!
3062 4779 3208 4845 γόνυ
3254 4773 3621 4843 εὐχομένους
3666 4771 3730 4822 οὐ

2938 4863 3012 4900 ει.

2938 4863 3012 4901 ει.

2247 4946 2306 4998 '0
2345 4944 2402 4998 δὲ
2433 4941 2479 4997 κ’
2515 4943 2612 5012 τῆς
2642 4947 2688 4994 α’
2722 4940 2942 4993 συνόδου
2995 4937 3174 4991 κανὼν
3209 4936 3332 4989 οὐδὲ
3379 4936 3507 5003 γόνυ
3537 4934 3730 4986 κλίνειν

2166 5039 2222 5090 ὲν
2275 5036 2528 5107 κυριακῇ
2575 5032 2751 5086 οἴεται
2809 5032 2953 5094 δεῖν,
2997 5029 3121 5083 οὔτε
3187 5030 3294 5099 μὴν
3354 5031 3412 5080 tv
3467 5029 3591 5088 ταῖς
3641 5024 3730 5091 τῆς

2168 5129 2551 5200 Πεντηκοστῆς
2590 5126 2832 5187 ἁπάσαις
2887 5123 3144 5193 ἡμέραις.
3207 5119 3318 5184 Τὰς
3361 5120 3418 5174 δὲ
3476 5119 3655 5179 αἰτίας
3707 5118 3730 5167 ὁ

2171 5222 2345 5292 μέγας
2392 5219 2673 5279 Βασίλειος
2714 5219 2772 5268 ὲν
2821 5215 2897 5285 τῷ
2941 5213 3017 5278 λς’
3075 5214 3184 5266 τῶν
3240 5215 3379 5282 πρὸς
3434 5211 3528 5263 τὸν
3580 5211 3724 5276 ἅγιον

2180 5311 2529 5382 Ἀμφιλόχιον
2555 5307 2868 5378 κεφαλαίων
2892 5306 3077 5373 σαφῶς
3099 5305 3455 5366 ἀναπτύσσει,
3473 5303 3611 5369 ὅπερ
3643 5299 3728 5352 καὶ

2169 5406 2318 5471 ζήτει
2360 5405 2417 5456 ἐν
2443 5403 2520 5472 τῷ
2553 5401 2595 5472 β’
2625 5399 2907 5468 κεφαλαίῳ
2952 5396 3046 5450 τοῦ
3084 5397 3122 5448 Ε
3159 5396 3448 5464 στοιχείου.

2252 5498 2308 5549 '0
2348 5496 2405 5549 δὲ
2451 5499 2488 5562 ι,
2520 5497 2619 5562 τῆς
2667 5498 2720 5556 ς’
2778 5491 3024 5554 συνόδου,
3070 5488 3332 5556 Ἐπειδὴ,
3390 5486 3566 5556 φησὶ,
3602 5484 3726 5553 πρὸς

2166 5587 2274 5642 τῶν
2307 5588 2466 5639 θείων
2521 5583 2780 5648 Πατέρων
2819 5582 2948 5647 γόνυ
3005 5580 3079 5649 μὴ
3120 5579 3326 5632 κλίνειν
3383 5580 3438 5630 ὲν
3475 5580 3596 5638 ταῖς
3626 5577 3726 5626 Κυ-

2171 5680 2384 5748 ριακαῖς
2414 5672 2899 5747 προστεταγμεθα,
2938 5673 3036 5740 τὴν
3063 5672 3155 5722 τοῦ
3186 5672 3427 5742 Χριστοῦ
3461 5669 3725 5734 τιμῶντες

2176 5769 2521 5829 ’Λνάστασιν,
2550 5766 2666 5818 δέον
2692 5763 2831 5833 μετὰ
2870 5763 2966 5828 τὴν
2999 5761 3142 5814 κατὰ
3177 5761 3236 5814 τὸ
3266 5760 3544 5816 Σᾶὗὸατον
3573 5758 3726 5808 ἐσπε-

2170 5861 2322 5933 ρινὴν
2352 5859 2458 5912 τῶν
2497 5857 2684 5930 ἱερέων
2736 5857 2812 5918 εἰς
2838 5855 2897 5906 τὸ
2935 5853 3322 5922 θυσιαστήριον
3374 5850 3593 5906 εἴσοδον,
3625 5865 3720 5916 μη-
