4054 6406
342 351 480 417 1393

1329 355 1741 418 SYNTAGMA
1775 359 2401 423 ALPIIABE'I‘ICUM.
2443 385 2510 395 “-
2546 353 2617 421 Λ.

3441 355 3587 420 1394·

341 464 469 517 δένα
499 463 706 518 κλίνειν
728 463 788 518 τί.
810 465 940 533 γόνυ
975 465 1140 536 μέχρι
1179 469 1275 536 τῆς
1306 454 1544 538 ἑσπέρας
1576 469 1675 539 τῆς
1698 469 1907 540 Κυρια-

2032 472 2277 526 )ominici
2311 471 2421 525 diei
2445 484 2750 540 vesperam,
2770 469 2991 540 quando
3011 481 3206 524 rursus
3229 466 3575 522 sacerdotum

345 551 470 618 κῆς,
498 554 585 605 ὅτε
621 552 777 617 αὖθις
809 556 842 626 ή
872 554 1076 618 εἴσοδος
1100 556 1208 608 τῶν
1238 557 1556 626 ἱερωμένων
1588 555 1820 625 γίνεται·
1855 558 1916 620 ἐξ

346 642 558 695 ἐκείνου
590 645 697 715 γὰρ
741 645 808 698 τὰ
848 645 1053 714 γόνατα
1097 649 1449 716 κάμπτοντες
1500 650 1599 712 τὰς
1643 649 1808 717 εὐχὰς
1836 647 1916 718 τῷ

346 733 537 803 Κυρίῳ
587 738 957 810 προσάγομεν.
1004 739 1119 809 Τῆς
1161 742 1271 810 γὰρ
1315 738 1410 792 τοῦ
1467 739 1720 809 Σωτῆρος
1758 739 1916 808 ἡμῶν

350 825 625 895 ἐγέρσεως
660 830 968 902 πρόδρομον
1012 832 1114 902 τὴν
1154 833 1294 900 μετὰ
1341 833 1403 884 τὸ
1435 831 1716 884 Σάϐϐατον
1745 829 1917 884 νύκτα

353 917 896 988 παραλαμϐάνοντες,
942 923 1052 976 τῶν
1101 921 1288 992 ὓμνων
1327 921 1576 975 ἐντεῦθεν
1621 939 1921 991 πνευματι-

351 1009 465 1073 κῶς
494 1011 878 1083 ἀπαρχόμεθα,
928 1017 1009 1079 εἰς
1051 1016 1166 1085 φῶς
1194 1019 1260 1071 ὲκ
1303 1016 1527 1078 σκότους
1578 1017 1676 1087 τὴν
1725 1014 1919 1086 ἑορτὴν

353 1104 774 1188 καταλήγοντες,
806 1106 882 1170 ὡς
931 1108 992 1160 ὲν
1039 1107 1316 1180 ὁλοκλήρῳ
1374 1108 1533 1164 νυκτὶ
1589 1107 1683 1162 καὶ
1735 1107 1920 1178 ἡμέρᾳ

355 1195 746 1265 πανηγυρίζειν
781 1199 949 1268 ἡμᾶς.
1728 1210 1739 1220 '

461 1307 464 1309 ·
564 1287 694 1341 Ὅτι
723 1288 795 1342 ἐν
821 1289 1087 1360 Κυριακῇ
1119 1292 1190 1345 οὐ
1224 1290 1315 1344 δεῖ
1339 1290 1705 1361 ἐργάζεσθαι.

422 1378 587 1449 Ζήτει
631 1385 712 1442 εἰς
759 1381 820 1434 τδ
848 1389 896 1451 γ’
929 1401 1054 1452 κεφ.
1087 1383 1184 1437 τοῦ
1219 1385 1239 1438 I
1291 1383 1560 1454 στοιχείου
1597 1382 1802 1436 κανόνα
1832 1377 1913 1434 κθ¹

349 1471 448 1542 τῆς
486 1474 544 1525 ὲν
573 1473 868 1545 Λαοδικείᾳ
899 1474 1145 1529 συνόδου.

1036 1566 1242 1633 Νόμοι.

435 1652 498 1705 Ἦ
529 1654 783 1724 Κυριακὴ
829 1655 1110 1722 ἄπρακτος
1161 1656 1330 1709 ἔστω·
1375 1658 1433 1709 ὲν
1489 1655 1628 1726 αὐτῇ
1679 1656 1785 1724 γὰρ
1823 1656 1920 1724 οὐχ

352 1742 834 1812 ύπομιμνήσκεταί
866 1763 972 1810 τις,
1003 1745 1036 1815 ἢ
1066 1746 1269 1814 ἐγγύας
1297 1749 1638 1812 ἀπαιτείται,
1673 1745 1706 1816 ἢ
1741 1746 1920 1816 δημό-

2016 562 2298 632 ingressus
2363 563 2422 616 ﬁt
2464 578 2478 616 :
2523 578 2591 616 ex
2635 562 2729 616 illo
2765 561 2912 616 enim
2967 569 3208 628 tempore
3258 573 3436 628 genua
3487 560 3582 614 lle-

2017 665 2228 711 ctentes
2262 669 2452 724 preces
2481 653 2711 708 Domino
2742 652 3042 706 offerimus.
3081 651 3391 705 Servatoris
3431 650 3576 703 enim

2016 747 2191 802 nostri
2229 746 2645 802 resurrectionis
2693 743 2860 799 veluti
2896 757 3296 813 praecursorem
3341 749 3580 802 noctem,

2018 855 2138 908 quae
2180 845 2300 909 post
2338 838 2636 892 Sabbatum
2674 845 2778 902 est,
2834 837 3189 906 accipientes,
3241 834 3476 902 hymnos
3513 831 3582 884 ab

2017 947 2078 987 ea
2113 931 2469 1001 spiritualiter
2515 929 2832 999 incipimus,
2879 929 3081 983 festum
3131 942 3199 982 ex
3250 924 3495 980 tenebris
3525 923 3582 976 in

2018 1025 2194 1080 lucem
2223 1024 2680 1089 transmittentes,
2724 1031 2785 1078 ut
2814 1021 2872 1076 in
2917 1021 3130 1092 integra
3181 1029 3345 1074 nocte
3397 1032 3462 1071 ac
3496 1017 3584 1071 die

2019 1130 2120 1170 nos
2142 1114 2504 1170 celebremus.

2150 1291 2304 1357 Quod
2333 1294 2385 1345 in
2413 1291 2499 1346 die
2539 1291 2816 1346 Dominico
2853 1305 2960 1344 non
2999 1297 3203 1358 oportet
3235 1287 3468 1353 operari.

2089 1383 2327 1440 Consule
2371 1384 2425 1438 in
2467 1385 2630 1438 tertio
2685 1383 2863 1453 capite
2906 1381 3102 1437 litterae
3141 1379 3161 1432 Ι
3211 1391 3473 1434 canonem
3513 1374 3595 1428 29.

2022 1473 2341 1530 Laodicenze
2366 1474 2586 1544 synodi.

2713 1563 2890 1632 Leges.

2093 1656 2217 1712 Dies
2245 1655 2560 1711 Dominicus
2583 1655 2656 1710 sit
2686 1655 2803 1709 dies
2826 1653 3054 1706 feriatus
3082 1669 3096 1716 ;
3128 1651 3182 1704 in
3212 1664 3278 1704 eo
3295 1648 3443 1703 enim
3475 1644 3590 1698 nul.

2021 1748 2128 1803 lius
2157 1748 2418 1802 memoria
2455 1747 2842 1810 celebrabitur,
2871 1744 2956 1797 vel
2993 1741 3371 1812 lidejussiones
3403 1737 3587 1808 requi-

358 1832 551 1902 σιον,ἣ
599 1835 864 1888 ἰδιωτικὸν
903 1837 1089 1907 χρέος,
1126 1835 1251 1891 οὔτε
1281 1837 1590 1902 δικάζεται,
1631 1836 1755 1890 οὕτε
1788 1853 1922 1904 σκη-

2032 1847 2241 1903 runtur,
2264 1839 2350 1893 vel
2379 1839 2630 1906 vectigal,
2659 1838 2744 1892 vel
2791 1834 3069 1907 privatum
3103 1835 3376 1896 debitum,
3415 1846 3592 1898 neque

355 1926 482 1995 νικὴ
516 1925 637 1991 θέα,
664 1926 697 1996 ἢ
732 1928 1014 1997 κυνήγιον,
1047 1929 1080 1999 ἢ
1112 1929 1468 2000 ἱπποδρόμιον
1497 1929 1753 1982 τελεῖται.
1781 1927 1921 1980 Ἀλλ’

353 2016 401 2067 cl
423 2015 518 2067 καὶ
543 2015 740 2082 φθάσει
773 2017 1040 2086 βασιλέως
1071 2019 1320 2073 νατάλιον
1349 2021 1406 2088 ὲν
1439 2020 1719 2090 κυριακῇ,
1751 2019 1921 2088 ὑπερ-

355 2107 565 2161 τίθεται
616 2110 676 2162 τὸ
700 2109 961 2182 θεώριον·
1002 2113 1030 2165 ὁ
1069 2112 1126 2167 δὲ
1172 2113 1392 2184 θεωρῶν
1418 2114 1476 2166 ὲν
1510 2115 1758 2184 Κυριακῇ
1791 2114 1926 2166 ἀπο-

360 2202 714 2270 στρατεὺεται
761 2205 856 2257 καὶ
900 2205 1235 2276 δημεύεται·
1289 2208 1468 2273 ἔξεστι
1512 2207 1568 2260 δὲ
1603 2208 1923 2273 πακτεύειν,

359 2294 453 2346 καὶ
485 2293 753 2363 σύμφωνα
782 2298 994 2364 ποιεῖν,
1045 2299 1142 2351 καὶ
1178 2297 1493 2352 διαλύεσθαι
1543 2299 1600 2352 ἐν
1645 2299 1923 2368 Κυριακῇ.

436 2477 698 2547 Ἀλλαχοῦ
728 2478 785 2531 δὲ
844 2480 873 2532 ὁ
920 2481 1084 2550 νόμος
1114 2481 1487 2553 ἀπαραίτητον
1526 2481 1631 2550 ’μὲν
1682 2482 1782 2553 τήν
1831 2481 1927 2552 ἀρ-

345 2567 482 2634 ’γίαν
513 2571 571 2621 ἐν
605 2572 670 2640 τῇ
705 2571 963 2642 κυριακῇ
989 2548 1278 2639 δάπαιτεί,
1314 2548 1428 2626 ἀλλ’
1460 2548 1588 2626 ἄνευ
1617 2548 1928 2644 τῶίγεωρ-

356 2659 470 2726 γῶν
497 2676 509 2690 ·
547 2659 676 2721 ἴσως
723 2662 832 2732 γὰρ
871 2663 980 2716 τῶν
1026 2663 1204 2734 ἔργων
1253 2667 1712 2732 κατεπειγόντων,
1759 2665 1927 2736 ἄλλην

357 2749 455 2818 οὐχ
483 2745 594 2803 οἷόν
633 2769 692 2804 τε
733 2754 943 2822 ἡμέραν
980 2754 1182 2824 εὑρεῖν,
1230 2753 1406 2818 οὕτως
1457 2757 1641 2820 αὐτοῖς
1693 2755 1827 2825 πρὸς
1859 2757 1929 2810 τὰ

361 2841 499 2912 ἔργα
529 2861 593 2896 συ
603 2844 809 2910 μϐαλλο
821 2846 1014 2914 μένην.

445 2934 510 2987 'H
533 2935 591 2988 δὲ
619 2935 693 2988 νδ⁸
714 2936 884 3006 νεαρὰ
915 2937 1012 2990 τοῦ
1076 2938 1342 3008 βασιλέως
1386 2939 1612 3005 Λέοντος
1645 2941 1930 3012 σχολάζειν

363 3022 506 3176 gavit
555 3022 653 3091 τὴν
701 3023 1062 3096 Κυριώνυμον
1106 3028 1202 3082 καὶ
1246 3030 1371 3092 τοὺς
1423 3032 1703 3102 γεωργοὺς
1758 3030 1931 3100 διορί-

401 3130 542 3168 εται.

401 3130 542 3168 εται.

645 3208 894 3264 ΚΕΦΑΑ.
923 3209 1053 3264 AH'.
1082 3209 1222 3279 Περὶ
1255 3209 1646 3264 κωδικέλλου.

1032 3304 1238 3372 Νόμοι.

438 3392 781 3458 Κωδίκελλός
840 3395 958 3449 ἐστι
1006 3395 1108 3464 τῆς
1166 3396 1223 3449 ἐν
1279 3399 1344 3468 τῇ
1401 3397 1633 3468 διαθήκῃ
1679 3394 1934 3458 ὲλλιποῦς

364 3483 592 3553 γνώμης
617 3483 712 3536 τοῦ
744 3485 1125 3557 διατιθεμένου
1157 3488 1571 3558 ἀναπλήρωσις,
1601 3489 1695 3540 καὶ
1728 3487 1935 3556 ἐγγρα-

364 3589 463 3641 φος
515 3572 804 3628 τελευταία
852 3574 1112 3646 βούλησις
1164 3577 1257 3630 ἐπί
1313 3595 1422 3630 τισι
1479 3577 1791 3647 προσώποις
1843 3577 1937 3629 καὶ

365 3664 692 3735 γράμμασι,
728 3667 840 3730 τοῖς
871 3667 968 3720 καὶ
1019 3668 1075 3720 ὲν
1114 3668 1348 3739 διαθήκῃ
1390 3669 1422 3738 ἢ
1457 3669 1934 3738 μνημονευθεῖσιν,

370 3753 402 3822 ἢ
437 3757 880 3828 μνημονευθῆναι
908 3757 1250 3830 δυναμένοις,
1283 3760 1425 3829 πλὴν
1465 3761 1805 3830 κληρονόμου
1839 3759 1938 3813 καὶ

372 3846 760 3917 κληρονομίας.

439 3941 698 4011 Διαφέρει
736 3941 791 3996 δὲ
834 3942 1070 4014 διαθήκη
1106 3944 1458 4012 κωδικέλλου,
1485 3946 1568 3999 ὃτι
1622 3945 1680 3998 ὲν
1733 3945 1834 4014 μὲν
1871 3947 1937 4013 τῇ

372 4031 604 4103 διαθήκῃ
638 4034 733 4086 καὶ
767 4035 1108 4106 κληρονόμον
1149 4039 1242 4090 καὶ
1279 4039 1732 4107 ἀποκληρονόμον
1759 4037 1940 4103 ἔξεστι

375 4124 631 4192 γράφειν,
657 4128 750 4180 καὶ
779 4126 1002 4192 λεγάτα,
1035 4127 1131 4180 καὶ
1164 4129 1506 4198 ἐλευθερίας,
1539 4132 1632 4181 καὶ
1660 4129 1936 4192 ἔνστατον,

373 4219 467 4270 καὶ
525 4217 1020 4285 ὑποκατάστατον,
1071 4221 1129 4273 ἐν
1177 4221 1234 4274 δὲ
1289 4221 1368 4290 τῷ
1413 4221 1726 4292 κωδικέλλῳ
1790 4221 1940 4273 οὐδὲν

368 4323 595 4359 τουτων.

449 4401 742 4466 Ἔνστασίς
771 4403 919 4456 ἐστιν
948 4405 980 4473 ή
1016 4391 1208 4473 πρώτῆ
1237 4402 1386 4467 θέσις
1415 4391 1534 4472 τῆς
1549 4404 1939 4474 κληρονομίας,

373 4491 654 4543 τουτέστιν
685 4494 711 4544 ό
753 4491 972 4562 πρῶτος
1006 4493 1213 4564 saepe;
1252 4494 1361 4548 τῶν
1395 4494 1768 4566 κληρονόμων.

460 4582 934 4648 Ὑποκατάστασίς
972 4588 1119 4639 ἐστιν
1151 4588 1183 4657 ἡ
1225 4587 1282 4651 ἐξ
1315 4588 1616 4657 ἀποτυχίας
1647 4586 1742 4639 τοῦ¹
1789 4587 1944 4656 πρώ-

371 4692 462 4728 του
489 4675 826 4747 κληρονόμου
866 4678 949 4746 ὲφ’
981 4678 1172 4748 ἕτερον
1227 4679 1326 4748 τῆς
1373 4680 1740 4750 κληρονομίας
1781 4679 1946 4748 μετά-

371 4768 538 4834 θεσις,
571 4765 704 4835 οἷον,
738 4771 900 4835 εἴτις
937 4772 1102 4835 εἴποι,
1136 4773 1318 4826 Ἔστω
1361 4790 1463 4842 μου
1492 4775 1519 4827 ό
1567 4773 1719 4827 δεῖνα
1747 4771 1946 4843 κληρο-

376 4861 574 4930 νόμος·
621 4863 758 4915 εἰδὲ
812 4863 910 4931 μὴ,
951 4862 1093 4916 ἔστω
1132 4866 1159 4915 ό
1202 4864 1374 4918 δεῖνα.

463 4952 552 5005 Ἐν
583 4953 900 5023 κωδικέλλῳ
936 4954 1373 5024 φιδεκόμμισσον
1417 4955 1688 5025 γράφεται
1728 4956 1825 5007 καὶ
1861 4953 1948 5007 λε-

376 5045 659 5112 γατάριον.

445 5142 772 5230 Συ-νίσταται
828 5141 886 5194 δὲ
949 5141 977 5194 ό
1033 5136 1360 5202 κωδίκελλος
1405 5137 1494 5192 διὰ
1535 5138 1696 5191 πέντε
1735 5135 1944 5206 μαρτύ-

377 5252 506 5305 ρων.

686 5351 874 5403 ΑΡΧΗ
941 5350 1081 5402 ΤΟΥ
1132 5351 1178 5402 Λ
1233 5345 1619 5402 ΣΤΟΙΧΕΙΟΥ.

377 5442 632 5498 ΚΕΦᾹΛ.
684 5443 763 5495 A'.
803 5441 943 5502 Περὶ
986 5440 1105 5493 τῶν
1164 5439 1283 5494 ἀπὸ
1327 5437 1555 5493 λαῖκῶν
1615 5435 1944 5505 γινομένων

971 5513 1346 5564 ἐπισκόπων.

458 5603 515 5656 '0
539 5609 592 5656 π’
619 5602 726 5654 τῶν
769 5602 940 5670 ἁγίων
979 5601 1294 5656 ἀποστόλων
1331 5600 1530 5667 κανὼν,
1563 5599 1666 5653 Τὸν
1706 5597 1766 5662 ἐξ
1805 5598 1956 5650 tow...

377 5697 497 5761 κοῦ,
526 5697 682 5764 φησὶ,
730 5695 868 5764 βίον,
900 5695 932 5765 ἢ
980 5697 1074 5748 καὶ
1108 5698 1171 5748 ἐκ
1208 5695 1421 5765 φαύλης
1449 5695 1672 5762 ἀγωγῆς
1710 5690 1944 5762 προσελ-

379 5785 537 5839 θόντα
569 5790 636 5857 τῇ
663 5788 866 5853 πίστει,
913 5787 972 5838 ού
1015 5785 1170 5857 θέμις
1200 5787 1404 5849 εὐθέως
1456 5788 1753 5839 ἐπίσκοπον
1812 5801 1943 5853 προ-

2026 1929 2329 2000 iudicatur,
2376 1944 2558 1998 neque
2610 1931 2826 1984 scenica
2869 1927 3180 1998 spectacula
3225 1923 3310 1980 vel
3351 1921 3592 1978 ferarum

2032 2021 2248 2115 ve‘natio
2290 2021 2377 2076 vel
2427 2035 2696 2090 equorum
2742 2034 2940 2076 cursus
2989 2017 3290 2088 perﬁcitur.
3331 2014 3444 2074 Sed
3490 2011 3628 2066 etsi.

2033 2103 2378 2182 im‘peratoris
2405 2112 2724 2179 natalitiuml
2754 2112 2810 2166 in
2849 2111 2993 2166 diem
3025 2109 3366 2164 Dominicum
3390 2103 3596 2159 incide-

2032 2205 2120 2270 rit,
2137 2205 2513 2274 spectaculum
2532 2203 2824 2265 differtur;
2867 2210 3145 2273 spectator
3169 2206 3350 2253 autem
3384 2197 3474 2251 die
3494 2196 3591 2250 Do»

2032 2295 2235 2350 minica
2261 2302 2653 2351 exauctoratur
2675 2302 2729 2350 et
2753 2294 3087 2349 conﬁscatur
3105 2309 3119 2359 ;
3139 2291 3270 2346 licet
3301 2296 3484 2344 autem
3506 2302 3583 2356 pao

2031 2387 2185 2450 cisci,
2221 2395 2278 2442 et
2297 2396 2610 2442 contractus
2641 2387 2822 2440 facere
2856 2393 2911 2440 et
2942 2386 3154 2440 solvere
3188 2383 3244 2437 in
3281 2379 3598 2435 Dominico.

2101 2478 2247 2534 Alibi
2285 2493 2417 2534 vero
2449 2478 2536 2532 lex
2579 2476 2953 2532 inexcusabile
2986 2475 3159 2530 otium
3205 2473 3262 2526 in
3310 2469 3601 2526 Dominico

2033 2569 2227 2640 exigit,
2249 2569 2492 2638 exceptis
2513 2577 2694 2623 tamen
2720 2567 2996 2640 agricolis,
3017 2565 3111 2635 qui
3129 2563 3338 2627 forsan,
3361 2563 3605 2615 instante

2035 2677 2221 2731 opere,
2269 2662 2431 2716 aliam
2467 2662 2612 2717 diem
2655 2661 2905 2716 invenire
2941 2673 3053 2714 non
3095 2662 3349 2727 possunt,
3389 2653 3496 2708 illis
3534 2651 3606 2706 ad

2036 2771 2203 2825 opera
2224 2755 2529 2827 peragenda
2555 2769 2713 2828 aeque
2737 2752 3182 2808 convenientem.

2111 2937 2246 3008 Imp.
2285 2937 2491 2993 Leonis
2541 2935 2611 2992 5t
2650 2933 2866 2990 novella
2906 2928 3170 2992 decernit,
3208 2926 3358 2996 ipsos
3386 2935 3607 2994 quoque

2039 3033 2308 3106 agricolas
2341 3032 2431 3087 die
2460 3028 2748 3086 Dominico
2773 3025 2976 3082 debere
3010 3021 3194 3078 otiari.

2363 3211 2520 3268 CAP.
2558 3204 2848 3264 XXXVIII.
2891 3204 2967 3258 De
2999 3197 3266 3256 codicillo.

2717 3298 2900 3369 Leges.

2106 3395 2407 3454 Codicillus
2428 3402 2512 3451 est
2567 3392 2898 3462 imperfech
2949 3388 3005 3440 in
3059 3387 3384 3438 testamento
3412 3375 3607 3430 volun-

2041 3490 2169 3544 tatis
2198 3485 2474 3543 testatoris
2502 3482 2983 3552 complementum,
3015 3482 3069 3528 et
3091 3471 3294 3539 scripta
3327 3477 3606 3538 postrema

2041 3581 2296 3634 voluntas
2341 3579 2410 3632 de
2443 3574 2768 3645 quibusdam
2813 3566 3062 3640 personis
3113 3575 3166 3619 et
3224 3561 3439 3626 litteris,
3485 3574 3610 3628 quae

2041 3675 2207 3729 etiam
2249 3673 2302 3726 in
2341 3676 2666 3725 testamento
2701 3663 2784 3718 vel
2813 3668 3127 3716 memoratae
3178 3664 3326 3718 sunt,
3372 3654 3456 3708 vel
3487 3666 3612 3720 qua:

2043 3775 2275 3841 possunt
2309 3760 2624 3826 memorari,
2672 3769 2866 3829 praeter
2919 3750 3190 3807 haeredem
3239 3757 3293 3803 et
3325 3743 3612 3800 haeredita-

2042 3873 2173 3919 tem.

2114 3954 2304 4008 Diﬂ'ert
2351 3963 2478 4005 vero
2515 3951 2901 4002 testamentum
2941 3955 2969 3992 a
3018 3934 3304 3997 codicillo,
3351 3930 3610 4000 quoniam

2044 4047 2098 4099 in
2123 4048 2453 4098 testamento
2486 4037 2616 4091 licet
2649 4033 2917 4087 baeredem
2944 4037 3000 4083 et
3034 4023 3375 4081 exharedem
3398 4019 3614 4075 descri-

2043 4137 2194 4200 bere,
2250 4141 2305 4187 et
2366 4131 2564 4199 legata,
2618 4133 2672 4179 et
2722 4123 3025 4183 libertates,
3075 4125 3128 4171 et
3170 4115 3506 4175 institutum,
3558 4116 3613 4163 et

2045 4225 2402 4282 substitutum
2439 4217 2744 4281 liaercdem;
2798 4213 2852 4266 in
2889 4208 3144 4267 codicillo
3171 4202 3480 4261 vero-nihil
3509 4201 3613 4255 bu-

2049 4315 2308 4373 iusmodi.

2073 4335 2308 4373 usmout.

2045 4335 2063 4388 ³
2117 4405 2399 4464 Institutio
2426 4412 2508 4459 est
2529 4401 2713 4471 prima.
2733 4396 2935 4469 positio
2979 4390 3343 4454 bseredilatis,
3376 4387 3483 4441 hoc
3505 4391 3610 4450 est,

1974 4537 2018 4591 ι)
2048 4503 2252 4575 primus
2285 4498 2484 4570 gradus
2518 4494 2822 4550 hmredum.

2121 4591 2457 4650 Substitutio
2512 4596 2597 4643 est
2625 4587 2696 4642 ob
2738 4583 2905 4655 primi
2951 4577 3184 4635 liaaredis
3239 4573 3510 4630 defectum
3546 4573 3613 4627 ad

2046 4687 2216 4742 alium
2255 4680 2586 4738 haereditatis
2639 4676 2942 4738 translatio,
2988 4687 3051 4725 ac
3079 4669 3122 4724 si
3150 4669 3354 4724 diceret
3391 4664 3611 4734 aliquis,

2045 4777 2131 4832 Sit
2167 4773 2552 4843 mihiquidem
2596 4770 2793 4831 haeres,
2847 4764 2893 4819 si
2941 4778 3069 4818 vero
3109 4775 3242 4824 non,
3272 4758 3343 4814 sit
3389 4755 3609 4827 quidam

2043 4868 2210 4924 alius.

2118 4960 2176 5013 In
2207 4956 2460 5013 codicillo
2495 4950 2982 5010 ﬁdeicommissum
3019 4949 3302 5014 scribitur,
3323 4953 3376 5000 et
3403 4944 3618 5013 legata-

2041 5055 2205 5107 rium.

2114 5143 2412 5200 Codicillus
2445 5141 2685 5210 quinque
2719 5138 2952 5194 testibus
2981 5135 3359 5190 conﬁrmatur.

2332 5343 2492 5413 170
2523 5340 2780 5395 INITIUM
2830 5335 3153 5392 LITTERzE
3206 5336 3268 5388 A.

2283 5437 2437 5493 CAP.
2477 5436 2518 5490 I'.
2555 5436 2631 5489 De
2663 5433 2922 5505 episcopis
2954 5448 2985 5484 a
3016 5430 3168 5483 laiois
3199 5425 3380 5479 ’actis.

2115 5593 2442 5648 Sanctorum
2476 5590 2850 5661 apostolorum
2885 5587 2954 5642 80
2987 5600 3186 5642 canon.
3218 5598 3364 5647 eum,
3419 5595 3513 5650 qui
3544 5593 3613 5632 ex

2037 5685 2248 5756 gentili,
2287 5683 2488 5752 inquit,
2506 5679 2612 5735 vita
2644 5681 2726 5735 vel
2753 5695 2818 5735 ex
2852 5677 3108 5748 improba
3141 5673 3354 5729 vivendi
3389 5671 3607 5724 ratione

2041 5779 2108 5835 ad
2172 5777 2333 5832 ﬁdem
2385 5774 2700 5840 accesserit,
2758 5788 2866 5828 non
2920 5779 3144 5842 oportet.
3193 5768 3440 5838 protinus
3495 5762 3613 5819 ﬁeri
