4054 6390
329 391 474 454 i397

1289 385 1706 447 SYNTAGMA
1733 378 2353 442 ALPHABETICUM.
2401 403 2468 414 ·-·
2503 375 2568 437 Α.

3434 381 3572 444 1.398

322 523 466 569 τινα,
494 501 629 557 ἀλλά
658 500 924 571 πρότερον
959 499 1205 568 γίνεσθαι
1246 499 1532 569 κληρικδν,
1579 497 1673 551 καὶ
1707 497 1890 568 μένειν

2005 506 2232 559 scopum
2281 490 2514 558 aliquem
2563 489 2848 554 ordinari;
2879 490 2971 545 sed
3026 498 3084 544 ut
3128 493 3306 560 primo
3335 494 3427 548 iiat
3455 497 3568 550 cle-

323 598 418 650 ὲπὶ
448 600 596 666 τρεῖς
629 594 806 662 μῆνας
829 593 928 656 τάς
956 592 1181 663 Γραφάς
1215 592 1623 661 διδασκόμενον,
1651 589 1748 643 καὶ
1771 589 1894 651 τοὺς

325 685 504 748 θείους
543 683 815 747 κανόνας·
865 683 958 737 τὸν
1001 683 1060 738 δὲ
1117 683 1194 753 μὴ
1271 682 1419 734 οὕτω
1471 681 1758 750 γινόμενον
1797 682 1896 744 τῆς

325 777 634 844 ἐπισκοπῆς
683 775 1068 842 ἐκϐάλλεσθαι,
1123 775 1219 828 καὶ
1264 774 1356 826 τὸν
1439 774 1895 844 χειροτονήσαντα

319 867 420 921 ἐπὶ
449 867 567 931 ἔτος
613 867 675 920 ἓν
713 868 812 936 τῆς
851 868 1204 937 λειτουργίας
1247 864 1608 936 χωρίζεσθαι.
1657 863 1894 935 Δίσχρδν

321 960 455 1030 γὰρ,
491 959 651 1029 φησι,
680 961 776 1013 καὶ
795 959 996 1022 ἱκανῶς
1019 959 1218 1026 ἄλογον
1263 957 1356 1010 τὸν
1376 957 1500 1020 τοὺς
1534 957 1723 1018 ἄλλους
1748 955 1898 1023 ὀφεί-

327 1050 490 1102 λοντα
521 1049 795 1103 διδάσκειν
830 1051 961 1118 παρ’
995 1049 1200 1118 ἐτέρων
1243 1050 1380 1118 μετά
1426 1049 1524 1119 τὴν
1553 1045 1894 1119 χειροτονίαν

319 1143 694 1195 διδάσκεσθαι.
733 1143 798 1196 Ei
861 1142 1049 1212 μέντοι
1097 1159 1160 1210 γε
1206 1143 1516 1206 διδακτικδς
1570 1141 1678 1210 εἴη,
1711 1143 1806 1195 καὶ
1835 1141 1895 1193 ὲν

321 1231 401 1301 τῷ
432 1231 605 1301 λαῖκῷ
632 1231 880 1302 τάγματι
930 1232 1356 1304 ἀριθμούμενος,
1391 1233 1485 1286 καὶ
1527 1232 1692 1303 μηδὲν
1721 1231 1893 1286 ἐλλεί-

323 1340 444 1374 πων
479 1323 587 1374 τῶν
638 1323 740 1377 ὅσα
799 1341 864 1391 γε
905 1326 984 1386 εἰς
1034 1324 1304 1392 ὠφέλειαν
1363 1324 1566 1391 ἐτέρων
1603 1323 1760 1392 φέρει
1799 1321 1895 1375 καὶ

323 1415 722 1483 καταρτισμὸν,
751 1416 839 1468 ἐπ’
866 1417 1030 1468 αὐτοῦ
1063 1417 1154 1470 τὸν
1179 1415 1425 1469 τοιοῦτον
1456 1416 1532 1485 μὴ
1559 1417 1896 1486 παρατηρεῖ-

325 1504 450 1557 σθαι
477 1506 670 1574 χρόνον
702 1507 735 1575 ἡ
771 1509 935 1576 πεῖρα
974 1507 1249 1578 παρέσχεν
1273 1507 1580 1561 ἀκίνδυνον.

326 1617 593 1688 ΚΕΦᾹΛ,
617 1618 692 1672 B'.
739 1619 877 1685 Περὶ
928 1620 1048 1673 τῶν
1074 1622 1161 1685 εις
1197 1619 1417 1674 lanci}
1448 1620 1624 1684 τάξιν
1643 1618 1890 1688 ἐρχομέ-

429 1704 550 1740 νων
572 1687 942 1751 ἐπισκόπων,
972 1688 1010 1756 ἢ
1046 1689 1371 1756 κληρικῶν,
1409 1687 1448 1755 ἣ
1482 1689 1784 1758 μοναχῶν.
1839 1745 1842 1748 _

395 1781 554 1848 Ζήτει
584 1779 643 1832 τὸ
672 1779 752 1846 λβ⁹
783 1793 907 1848 acup.
937 1780 1032 1834 τοῦ
1060 1782 1109 1836 Κ
1145 1780 1435 1852 στοιχείου.

2000 582 2172 646 ricus,
2210 590 2261 635 et
2297 595 2390 650 per
2417 588 2532 635 tres
2563 595 2779 635 menses
2819 590 3037 636 maneat
3065 581 3377 653 Scripturas
3410 589 3564 659 171

1999 672 2229 739 docens,
2277 680 2333 725 et
2374 681 2595 725 sanctos
2619 685 2890 732 canones;
2943 685 3067 725 eum
3111 688 3262 737 vero,
3320 677 3415 746 qui
3452 694 3561 731 non

1997 762 2071 817 ita
2103 761 2180 826 ﬁt,
2218 761 2535 831 episcopatu
2587 760 2735 827 ejici,
2765 771 2820 814 et
2855 762 2948 830 qui
2985 778 3112 816 eum
3139 765 3436 829 ordinavit,
3471 783 3570 837 per

1997 868 2169 908 unum
2239 869 2449 907 annum
2503 853 2571 907 ab
2629 853 2789 907 altari
2849 854 3110 909 amoveri.
3192 855 3326 911 Nam
3389 868 3568 929 turpe,

1995 945 2194 1015 inquit,
2219 953 2273 999 et
2307 945 2463 999 valde
2488 945 2790 1000 absurdum
2821 953 2929 1010 est,
2974 947 3150 1010 illum,
3185 950 3277 1018 qui
3314 951 3451 1004 alios
3476 953 3570 1005 do-

1994 1037 2342 1105 cere1dcbet,
2377 1037 2445 1091 ab
2476 1037 2599 1092 aliis
2633 1046 2758 1107 post
2801 1038 3205 1094 ordinationem
3272 1042 3480 1097 doceri.
3512 1042 3569 1096 Si

1994 1140 2126 1181 vero
2159 1125 2232 1178 sit
2275 1133 2436 1195 aptus
2482 1127 2549 1181 ad
2595 1127 2926 1193 docendum,
2971 1137 3026 1184 et
3079 1130 3135 1182 in
3193 1129 3332 1184 laico
3377 1131 3572 1186 ordine

1990 1229 2338 1288 numeratus,
2364 1231 2419 1276 et
2447 1221 2584 1276 nihil
2618 1235 2808 1276 eorum
2840 1221 3138 1292 relinquat,
3180 1237 3301 1290 qua:
3325 1222 3392 1276 ad
3427 1223 3574 1276 utili-

1996 1322 2164 1368 tatem
2189 1322 2244 1368 et
2271 1315 2724 1369 instaurationem
2749 1314 2984 1368 aliorum
3017 1312 3352 1379 conducunt,
3381 1314 3448 1369 ab
3478 1315 3574 1368 illo

1994 1413 2204 1459 tantum
2230 1405 2492 1473 temporis
2527 1421 2633 1461 non
2667 1405 2850 1476 exigi;
2887 1406 2982 1461 sed
3006 1420 3240 1460 conatus
3269 1406 3399 1460 citra
3428 1407 3573 1474 peri-

1992 1498 2177 1551 culum
2219 1496 2418 1552 eﬂecit.

1991 1609 2142 1666 CAP.
2211 1609 2275 1668 ll.
2338 1609 2433 1682 De
2469 1611 2728 1682 episcopis
2791 1610 2870 1682 uel
2920 1609 3126 1682 clericis
3170 1610 3250 1662 vel
3293 1609 3568 1663 monac/iis

2345 1681 2435 1744 qui
2466 1681 2520 1733 in
2548 1680 2672 1734 laici
2711 1680 2953 1734 ordinem
2979 1681 3214 1736 veniunt.

2064 1777 2256 1841 Quaere
2278 1778 2346 1831 52
2371 1786 2533 1846 caput
2561 1777 2859 1832 litterasK.

321 1895 576 1950 ΚΕΦΑΛ.
615 1895 692 1950 Γθ.
743 1895 873 1948 Ὀτι
919 1896 1064 1961 τοὺς
1113 1896 1370 1961 λατκοὺς
1407 1895 1507 1949 ἐπὶ
1553 1896 1887 1964 ἐκκλησίας

1997 1891 2144 1948 CAP.
2179 1892 2271 1947 lll.
2314 1891 2468 1957 Quod
2491 1892 2654 1946 laicos
2675 1895 2730 1947 in
2751 1893 2970 1947 ecclesia
3001 1895 3182 1948 docere
3216 1909 3317 1948 non
3342 1901 3572 1961 oportet,

827 1965 1140 2019 διδάσκειν
1169 1968 1240 2019 οὐ
1271 1966 1382 2020 δεῖ.

397 2058 558 2127 Ζήτει
602 2057 661 2110 ὲν
692 2056 770 2127 τῷ
815 2055 860 2122 ζ’
888 2074 1017 2114 nee.
1068 2057 1163 2111 τοῦ
1210 2060 1247 2110 Δ
1282 2058 1553 2127 στοιχείου
1583 2059 1784 2111 κανόνα
1817 2058 1888 2123 ξδ’

321 2150 422 2218 τῆς
455 2154 507 2213 ς’
537 2149 784 2205 συνόδου.

467 2239 721 2294 ΚΕΦΔΑ.
757 2242 830 2294 Δ’.
867 2241 1007 2310 Περὶ
1038 2241 1147 2310 τῆς
1170 2244 1335 2308 θείας
1355 2243 1752 2312 λειτουργίας.

398 2331 559 2401 Ζήτει
589 2333 646 2382 ἐν
680 2330 760 2400 τῷ
785 2338 829 2384 ε’
855 2347 982 2399 κεφ.
1017 2332 1110 2384 τοῦ
1137 2333 1182 2385 Τ
1216 2334 1508 2402 στοιχείου,

685 2425 939 2478 ΚΕΦΑΛ.
971 2422 1045 2478 E’.
1076 2426 1215 2491 Περὶ
1246 2425 1539 2478 Λατίνων.

2069 2050 2261 2116 Quaere
2285 2051 2337 2105 in
2371 2052 2402 2104 7
2430 2067 2551 2122 cap.
2590 2053 2698 2107 litt.
2738 2056 2774 2104 A
2807 2067 2933 2107 can.
2965 2053 3034 2109 σι
3064 2070 3185 2124 syn.
3225 2055 3279 2111 6.

2211 2227 2363 2284 CAP.
2407 2228 2498 2284 IV.
2535 2229 2612 2283 De
2643 2237 2831 2283 sancta
2867 2229 3360 2296 administratione.

2067 2317 2257 2384 Quaere
2289 2320 2342 2372 in
2379 2318 2572 2387 quinto
2604 2318 2778 2386 capite
2806 2318 2998 2372 littera:
3027 2317 3090 2373 T.

2453 2408 2607 2464 CAP.
2660 2407 2728 2462 ν.
2766 2408 2843 2461 Dc
2883 2407 3114 2462 Latinis.

398 2521 564 2591 Ζήτει
615 2520 671 2571 ὲν
713 2518 792 2587 τῷ
822 2515 902 2582 λζ’
937 2534 1059 2582 κεφ.
1091 2489 1186 2569 τού
1216 2519 1261 2568 Κ
1296 2517 1564 2586 στοιχείου
1598 2519 1795 2572 κανόνα
1821 2527 1892 2572 νε¹

2071 2498 2265 2565 Quaere
2296 2502 2349 2554 in
2374 2499 2444 2555 '57
2472 2516 2596 2569 cap.
2626 2499 2824 2555 litterae
2876 2499 2922 2552 K
2953 2516 3075 2557 can.
3119 2501 3193 2555 55
3218 2516 3340 2572 syn.
3378 2517 3431 2556 vr
3474 2520 3489 2558 :
3515 2513 3572 2558 et

325 2615 427 2683 τῆς
462 2610 517 2675 ς’
544 2610 787 2678 συνόδου,
814 2610 919 2663 ,καὶ
947 2611 1006 2662 ἐν
1031 2607 1111 2677 τῷ
1144 2605 1211 2677 ιβ’
1241 2624 1363 2674 κεφ.
1396 2606 1488 2660 τοῦ
1519 2609 1559 2660 Ε
1594 2610 1795 2664 κανόνα
1832 2609 1895 2664 ιε’

321 2701 424 2770 τῆς
453 2706 500 2752 α’
534 2700 628 2752 καὶ
659 2700 704 2770 β’
734 2699 980 2765 συνόδου,
1013 2701 1107 2752 καὶ
1137 2700 1196 2754 ὲν
1221 2699 1298 2769 τῷ
1327 2706 1368 2752 ε’
1397 2717 1524 2770 ιεφ.
1555 2701 1649 2753 τοῦ
1674 2703 1718 2754 Τ
1749 2718 1895 2756 στοι-

325 2794 476 2863 χείου
505 2793 707 2844 κανόνα
733 2789 822 2855 νς¹
843 2792 942 2859 τῆς
972 2796 1026 2854 ς’
1071 2790 1312 2857 συνόδου,
1349 2789 1442 2843 καὶ
1473 2792 1530 2844 ὲν
1554 2789 1632 2861 τῷ
1662 2789 1728 2844 ια’
1763 2809 1889 2861 κεφ.

325 2883 420 2936 τοῦ
474 2883 515 2936 Ε
539 2883 814 2954 στοιχείου
851 2881 1054 2936 κανόνα
1085 2888 1132 2950 γ’
1164 2883 1262 2952 τῆς
1319 2881 1363 2952 β’
1397 2882 1641 2948 συνόδου,
1695 2885 1790 2937 καὶ
1833 2886 1892 2937 ἐν

325 2973 405 3044 τῷ
433 2972 474 3026 δ’
497 2991 624 3044 κεφ.
646 2972 738 3026 τοῦ
766 2973 789 3026 Ι
822 2973 1088 3043 στοιχείου
1121 2972 1322 3027 κανόνα
1348 2973 1705 3027 ἀποστολικδν
1735 2973 1890 3026 ἑϐδο-

331 3085 405 3139 μη
413 3085 475 3122 κο
483 3067 625 3121 στόν.

433 3159 686 3214 ΚΕΦΑΛ.
719 3161 813 3227 q'.
853 3159 993 3228 Περὶ
1021 3156 1268 3226 λῃστῶν
1309 3158 1778 3226 μετανοούντων.

408 3245 466 3297 '0
499 3245 674 3315 μέγας
718 3247 819 3316 τῆς
869 3245 1095 3316 Νύσσης
1145 3245 1446 3316 Γρηγόριος
1504 3246 1564 3299 ὲν
1604 3246 1683 3315 τῷ
1714 3253 1768 3310 ς’
1798 3264 1896 3300 κα-

325 3339 438 3394 νόνι
487 3340 578 3391 τὸν
614 3339 840 3411 λῃστὴν,
897 3341 1191 3410 μεταμέλῳ
1245 3339 1615 3410 χρησάμενον,
1670 3341 1765 3393 καὶ
1805 3341 1895 3394 διὰ

329 3431 619 3499 μετανοίας
668 3433 737 3501 τῇ
798 3431 1100 3503 Ἐκκλησία
1154 3433 1638 3501 προσπεφευγότα,
1672 3431 1749 3501 τῷ
1786 3432 1894 3485 τῶν

325 3523 672 3592 ἀνδροφόνων
728 3521 1038 3592 ὑπάγεσθαι
1069 3521 1285 3576 κελεύει
1335 3523 1586 3593 κρίματι.
1644 3524 1752 3576 Καὶ
1787 3523 1893 3592 γὰρ

324 3616 425 3682 τὴν
456 3615 774 3684 μιαιφονίαν
801 3615 882 3678 είς
912 3614 1253 3685 συμμαχίαν,
1281 3614 1434 3682 φησι,
1464 3615 1559 3667 τοῦ
1593 3613 1895 3678 σπουδαζο-

328 3705 492 3774 μένου
523 3705 968 3774 παραλαμϐάνει,
1005 3706 1142 3776 πρὸς
1179 3707 1312 3759 αὐτὸ
1335 3707 1492 3760 τοῦτο
1535 3725 1892 3779 παρασκευα-

325 3795 575 3865 ζόμενος,
607 3798 698 3849 καὶ
727 3797 935 3863 ὅπλοις,
968 3797 1062 3850 καὶ
1104 3799 1454 3872 πολυχειρίᾳ,
1494 3801 1588 3854 καὶ
1633 3803 1740 3874 τοῖς
1772 3805 1896 3856 ὲπι-

327 3886 543 3958 χαίροις
583 3889 692 3941 τῶν
718 3891 920 3944 τόπων.
1468 3929 1469 3932 η

395 3978 644 4032 ΚΕΦΔΛ.
673 3980 746 4032 Z'.
779 3980 919 4048 Περὶ
947 3980 1067 4034 τῶν
1109 3983 1349 4051 λῃστὰς
1380 3984 1819 4053 ἀναιρούντων.

408 4072 466 4125 '0
501 4071 572 4126 ve’
596 4071 694 4126 τοῦ
725 4074 964 4141 μεγάλου
983 4075 1276 4129 Βασιλείου
1305 4077 1485 4131 κανὼν
1525 4080 1652 4140 τοὺς
1673 4078 1895 4150 λῃσταῖς

323 4164 774 4231 ἀντεπεξιόντας,
812 4165 1036 4229 λαῖκοὺς
1071 4167 1169 4236 μὲν
1196 4166 1378 4236 ὄντας,
1411 4170 1490 4233 είς
1520 4171 1766 4239 τριετίαν
1795 4173 1893 4240 τῆς

321 4257 613 4320 κοινωνίας
646 4257 925 4328 ἀπείργει,
958 4256 1033 4319 ὥς
1074 4274 1137 4325 γε
1173 4258 1237 4326 δὴ
1267 4260 1513 4322 καὶτοὺς
1539 4261 1596 4312 ὲν
1634 4261 1894 4329 πολέμοις

323 4347 732 4417 φονεύσαντας·
767 4349 1061 4417 κληρικοὺς
1121 4347 1198 4414 δὲ,
1254 4348 1530 4419 καθαιρεῖ.
1585 4351 1700 4414 Πᾶς
1756 4351 1887 4420 γὰρ,

323 4439 512 4508 φησὶν,
548 4440 577 4491 ὁ
605 4437 788 4492 λαϐὼν
813 4440 1088 4509 μάχαιραν
1132 4442 1190 4493 ὲν
1219 4439 1466 4510 μαχαίρᾳ
1495 4441 1849 4496 ἀποθανεῖται
1872 4457 1887 4472 θ

2001 2594 2054 2647 ἰη
2102 2595 2168 2648 12
2198 2611 2317 2665 cap.
2360 2595 2554 2649 litterae
2600 2594 2666 2648 E.
2710 2608 2832 2648 can.
2869 2595 2937 2648 15
2979 2596 3173 2660 primae
3219 2604 3275 2649 et
3318 2595 3575 2650 secundae

1996 2687 2229 2758 synodi;
2264 2677 2332 2743 et.
2363 2686 2416 2742 in
2471 2686 2503 2739 5
2534 2701 2656 2755 cap.
2705 2686 2811 2742 litt.
2855 2684 2898 2738 Τ
2953 2701 3080 2742 can.
3114 2686 3184 2740 56
3226 2703 3351 2758 syn.
3398 2703 3488 2754 vi;
3522 2697 3578 2743 ct

1999 2780 2054 2834 in
2082 2779 2142 2832 11
2185 2794 2309 2848 cap.
2352 2779 2456 2832 litt.
2481 2779 2524 2833 E
2553 2794 2674 2833 can.
2708 2779 2743 2833 5
2771 2795 2893 2848 syn.
2924 2779 2994 2845 2;
3039 2790 3096 2834 et
3133 2781 3189 2834 in
3223 2790 3408 2850 quart.
3446 2795 3592 2850 cap-

2001 2869 2109 2925 litt.
2140 2868 2157 2922 l
2185 2885 2309 2926 can.
2339 2870 2409 2926 7O
2431 2869 2826 2939 apostolorum.

2071 3137 2221 3193 CAP.
2265 3137 2354 3193 Vl.
2394 3138 2471 3193 Dc
2499 3140 2797 3194 latronibus
2815 3140 3176 3207 paenitentiam
3204 3139 3500 3210 agentibus.

2070 3229 2298 3300 Magnus
2339 3229 2638 3301 Gregorius
2687 3229 2971 3303 Nyssenus
3013 3232 3068 3285 in
3111 3241 3269 3287 sexto
3324 3246 3429 3287 suo
3481 3247 3575 3287 ca-

1999 3339 2143 3378 none
2193 3324 2458 3378 latronem
2489 3325 2810 3394 poenitentia
2850 3333 3115 3388 utentem,
3144 3332 3201 3378 et
3235 3339 3332 3394 per
3382 3326 3568 3395 paeni-

2001 3414 2226 3468 tentiam
2257 3415 2324 3468 ad
2356 3414 2660 3469 Ecclesiam
2702 3431 3011 3480 reversum,
3051 3414 3452 3470 homicidarum
3479 3416 3570 3484 ju-

1999 3505 2143 3560 dicio
2203 3507 2405 3576 subjici
2447 3507 2625 3576 jubet.
2655 3507 2867 3561 Etenim
2923 3508 2989 3562 ad
3043 3507 3095 3562 id
3145 3507 3290 3578 quod
3349 3511 3570 3579 assequi

1998 3596 2200 3660 studet,
2238 3597 2436 3666 inquit,
2485 3597 2845 3651 homicidium
2885 3600 3140 3663 assumit,
3166 3599 3306 3654 adid
3342 3611 3571 3671 paratus

1997 3698 2050 3743 et
2086 3689 2280 3754 armis,
2321 3700 2375 3745 et
2417 3689 2611 3760 copiis,
2641 3700 2695 3746 et
2717 3691 3128 3760 opportunitate
3155 3692 3283 3748 loci.

2141 3985 2294 4040 CAP.
2325 3986 2434 4040 Vll.
2467 3985 2544 4041 De
2572 3987 2634 4040 iis
2674 3988 2766 4057 qui
2803 3989 3035 4043 latrones
3073 3991 3423 4058 interﬁciunt.

2068 4078 2248 4148 Magni
2301 4077 2488 4133 Basilii
2533 4079 2603 4134 55
2641 4095 2819 4134 canon
2872 4096 2967 4137 eos
3017 4083 3111 4151 qui
3169 4098 3228 4138 se
3266 4083 3570 4142 latronibus

1997 4165 2260 4223 adversos
2292 4168 2578 4238 objiciunt,
2612 4171 2658 4225 si
2696 4171 2808 4224 sint
2841 4171 3062 4241 quidem
3093 4173 3244 4239 laici,
3276 4191 3371 4245 per
3401 4177 3572 4233 trien-

1997 4256 2148 4310 nium
2175 4271 2204 4311 a
2228 4259 2617 4314 communione
2649 4269 2820 4327 arcet,
2862 4265 3102 4317 utetiam
3130 4277 3184 4318 et
3215 4266 3308 4335 qui
3340 4268 3392 4321 in
3425 4268 3570 4322 bello

1995 4347 2394 4405 interfecerunt
2425 4368 2440 4406 :
2475 4351 2522 4406 si
2550 4351 2661 4408 sint
2707 4361 2888 4409 autem
2922 4353 3127 4418 clerici,
3156 4355 3402 4425 deponit.
3444 4360 3574 4425 Qui-

1993 4455 2212 4511 cunque
2286 4443 2456 4509 enim,
2511 4444 2710 4514 inquit,
2777 4447 3022 4516 gladium
3081 4449 3336 4518 sumpsit,
3389 4452 3574 4521 gladio

324 4530 600 4600 μάχαιραν
638 4531 732 4582 καὶ
781 4529 1012 4584 θάνατον
1057 4529 1156 4602 τὴν
1200 4531 1520 4601 καθαίρεσιν
1572 4532 1884 4596 ἀποκαλῶν,

1999 4533 2198 4601 peribit
2237 4550 2252 4588 :
2283 4534 2526 4604 gladium
2578 4547 2633 4591 et
2663 4547 2896 4592 mortem
2935 4553 3141 4593 vocans
3163 4540 3566 4610 depositioncm

320 4623 419 4676 καὶ
459 4622 562 4690 τῆν
596 4622 852 4692 στέρησιν
901 4621 1011 4676 τῶν
1068 4625 1448 4694 ἁγιασμάτων.
1485 4623 1609 4688 Τοῖς
1663 4625 1772 4694 γὰρ
1831 4623 1890 4677 εὖ

321 4713 580 4784 φρονοῦσι
673 4714 1051 4786 θανατηφόρος
1115 4715 1286 4769 ταῦτα
1346 4714 1626 4786 λογίζεται
1712 4735 1891 4788 τιμω-

326 4807 438 4876 ρία.

947 4896 1110 4966 Συνή
1121 4900 1270 4954 θεια.

407 4989 565 5045 Ἀλλά
590 5006 654 5058 γε
682 4988 842 5043 τοῦτο
865 4991 1125 5060 φορτικόν
1156 5007 1296 5042 τισιν
1327 4989 1497 5057 ἔδοξε,
1531 4993 1628 5046 καὶ
1653 4991 1892 5060 κρίσεως

317 5081 486 5152 ὀρθῆς
515 5081 574 5132 οὐ
608 5081 860 5151 μέτοχον,
895 5080 1014 5133 ἀντὶ
1043 5080 1151 5133 τῶν
1195 5080 1468 5145 ἐπάθλων,
1510 5074 1586 5135 ὧν
1629 5083 1737 5136 ἔδει
1764 5101 1892 5152 τυγ-

319 5173 502 5241 χάνειν
522 5173 651 5237 τοὺς
680 5174 767 5228 διὰ
797 5173 892 5244 τὴν
921 5174 1129 5244 ἑτέρων
1171 5173 1684 5243 προκινδυνεύοντας
1715 5193 1893 5246 σωτη-

323 5268 484 5338 ρίαν,
551 5269 644 5320 καὶ
703 5267 791 5320 διὰ
850 5267 1092 5337 σπουδῆς
1156 5266 1474 5336 τιθεμένους
1543 5268 1891 5338 ἐκκαθαίρειν

317 5361 447 5423 τοὺς
506 5359 702 5423 τόπους
741 5360 840 5427 τῆς
890 5358 997 5412 τῶν
1049 5360 1263 5430 λῃστῶν
1312 5359 1596 5428 ἐπηρείας,
1670 5360 1892 5423 τούτους

319 5450 615 5520 ἐπιτιμίοις
660 5448 1201 5502 καθυποϐάλλεσθαι·
1258 5449 1319 5501 οὐ
1387 5450 1548 5518 μόνον
1608 5451 1686 5514 δὲ,
1754 5449 1890 5503 ἀλλά

318 5542 416 5596 καὶ
452 5543 580 5606 τοὺς
622 5541 1068 5611 ἀνθισταμένους,
1097 5540 1182 5592 ἵνα
1237 5538 1313 5610 μὴ
1345 5539 1714 5608 ἀποθάνωσιν,
1751 5541 1894 5595 ἐκεί-

315 5650 422 5687 νων
481 5633 857 5702 ἐπιθεμένωνο
902 5633 962 5685 τὸ
1007 5635 1137 5702 γὰρ,
1198 5631 1311 5694 Πᾶς
1344 5634 1400 5686 .ὁ
1444 5631 1621 5684 λαϐὼν
1689 5633 1889 5702 μάχαι-

316 5740 441 5795 ραν,
496 5725 593 5794 οὐχ
647 5724 846 5792 ἥκιστα
906 5725 1020 5785 τοῖς
1075 5723 1300 5794 λῃσταῖς
1364 5723 1659 5792 ἀρμόσειεν
1717 5723 1783 5776 ἂν
1853 5725 1886 5795 ἢ

315 5818 430 5878 τοῖς
456 5815 653 5878 αὐτοὺς
683 5814 1187 5886 διαχειριζομένοις.
1207 5814 1350 5868 Ἀλλ’
1376 5817 1469 5868 ἐπὶ
1491 5813 1586 5868 τοῦ
1616 5816 1886 5886 πατριάρ-

1997 4633 2052 4677 et
2087 4633 2572 4682 sacramentorum
2601 4629 2991 4698 privationem.
3031 4631 3116 4686 ΑΙ)
3143 4632 3212 4686 iis
3264 4634 3436 4697 enim,
3471 4634 3570 4702 qui

1995 4717 2236 4784 sapiunt,
2281 4721 2395 4772 haec
2451 4718 2800 4780 mortiferum
2839 4720 2998 4790 172
3027 4721 3354 4790 supplicium
3386 4721 3574 4775 existi-

1996 4816 2242 4864 mantur.

2607 4898 2969 4956 Consuetudo.

2065 4987 2184 5044 Hoc
2229 4999 2412 5044 autem
2446 4990 2774 5060 quibusdam
2827 4992 3026 5044 durum
3069 4991 3306 5060 videtur,
3341 5004 3395 5049 et
3433 4999 3595 5050 recti=~

1991 5077 2185 5149 judicii
2229 5096 2337 5135 non
2380 5082 2674 5150 particeps,
2707 5082 2829 5137 loco
2854 5083 3234 5152 praemiorum,
3267 5100 3390 5154 quae
3432 5102 3580 5140 con--

1995 5173 2150 5242 sequi
2174 5173 2372 5227 debent
2407 5173 2507 5237 illi,
2541 5176 2635 5244 qui
2665 5176 2736 5229 ob
2788 5175 3024 5229 aliorum
3066 5176 3300 5231 salutem
3340 5178 3392 5231 in
3421 5180 3570 5248 peri-

1996 5265 2178 5320 culum
2214 5265 2461 5331 veniunt,
2490 5275 2544 5320 et
2585 5267 2738 5322 locos
2780 5267 3092 5322 latronibus
3131 5269 3418 5325 iniestatos
3443 5273 3571 5324 dili-

1995 5367 2183 5426 genter
2210 5370 2514 5425 expurgare
2545 5359 2789 5424 student,
2829 5360 2954 5416 illos
2981 5363 3162 5431 poenis
3194 5363 3427 5429 subjici;
3466 5380 3568 5418 nec

1993 5450 2122 5504 illud
2147 5452 2548 5515 solum,vcrum
2569 5453 2733 5506 etiam
2762 5455 2876 5508 etii
2909 5455 3001 5524 qui
3031 5454 3137 5509 illis
3156 5456 3575 5524 ingruentibus,

1992 5554 2063 5594 ne
2088 5540 2547 5607 interﬁcerentur,
2567 5557 2687 5597 sese
2709 5552 2899 5598 contra
2916 5545 3204 5613 objiciunt.
3225 5546 3359 5600 ll-lud
3385 5548 3562 5603 enim:

1993 5631 2316 5700 Quicunque
2333 5633 2568 5702 gladium
2593 5635 2896 5701 strinxerit,
2922 5637 3158 5692 maxime
3177 5638 3480 5695 latronibus
3498 5642 3570 5692 si-

1996 5723 2142 5777 milis
2165 5732 2273 5788 est,
2303 5725 2387 5778 vel
2421 5725 2878 5780 interticientibus
2903 5727 3048 5783 illos.
3076 5727 3346 5798 Tempore
3382 5741 3568 5784 autem

1996 5813 2319 5883 patriarchae
2375 5813 2887 5884 Constantinopolis
2948 5817 3224 5872 Cliliareni
3265 5822 3580 5888 quaesitum
