4054 6410
544 357 685 425 1309

1735 362 2105 424 MATTHZEI
2143 364 2577 427 BLASTARIS

3632 362 3744 430 1400

539 471 647 531 fuit
674 468 743 525 de
772 468 878 523 hac
914 481 992 533 re,
1030 475 1083 521 et
1109 467 1161 521 in
1190 460 1395 539 synodo
1428 467 1735 534 decretum,
1759 472 1906 540 quod
1930 475 1974 528 si
1999 475 2124 543 quis

2225 494 2320 548 χου
2356 477 2772 534 Κωνσταντίνου
2802 477 2898 534 τοῦ
2936 476 3250 551 Χλιαρηνοῦ
3276 477 3509 551 ἐζητήοη
3540 480 3603 534 τὰ
3643 489 3749 555 περὶ

542 563 686 631 potis
737 561 958 631 quidem
1018 560 1091 615 sit
1133 560 1373 615 latronis
1422 560 1653 623 insidias
1702 561 1967 632 eﬂ‘ugere,
1999 565 2117 635 ipse

538 668 695 718 vero,
725 652 830 708 hoc
856 666 966 705 non
996 662 1314 719 contentus,
1340 654 1525 708 dedita
1558 668 1726 723 opera
1759 654 1913 708 illum
1962 655 2118 712 inva-

541 748 681 801 dens
742 744 1045 812 interfecit,
1079 754 1138 799 ut
1169 745 1442 801 homicida
1498 746 1780 817 punietur,
1810 755 1865 802 et
1896 747 2115 817 quidem
2148 774 2163 783 -

540 836 763 906 gravius
800 850 965 904 quam
1016 835 1274 905 praesenti
1332 836 1549 892 videtur
1590 841 1811 896 canoni.
1862 842 2120 900 Fortasse

538 927 712 992 enim,
747 928 793 981 si
828 927 1056 982 vixisset
1090 928 1249 996 latro,
1282 930 1605 1000 poenitentia
1646 949 1781 990 usus
1810 935 2028 1001 fuisset,
2065 944 2120 992 et

540 1017 837 1073 latrocinio
887 1033 1110 1074 cessans
1153 1020 1263 1074 Deo
1302 1021 1648 1081 adhasissst.
1679 1022 1856 1096 Siqui
1907 1027 2119 1098 primus

539 1110 785 1180 gladium
818 1111 1044 1166 strinxit
1060 1110 1163 1166 fuit
1192 1110 1331 1168 latro
1353 1123 1549 1169 contra
1569 1115 1655 1171 sui
1684 1117 2117 1185 interfectorem,

540 1215 655 1255 tum
688 1201 872 1256 locum
911 1202 1133 1257 habebit
1167 1218 1412 1272 praesens
1432 1221 1632 1262 canon.
1664 1207 1768 1274 Qui
1792 1209 2015 1278 quidem
2047 1210 2119 1264 ob

538 1295 1209 1349 communemutilitatem
1234 1295 1592 1352 vehementer
1622 1298 1911 1368 impulsus,
1942 1301 2119 1370 deque

537 1388 633 1443 illo
664 1390 965 1458 quaerendo
1028 1390 1324 1457 sollicitus,
1376 1391 1646 1447 industria
1693 1394 1912 1449 tandem
1962 1395 2117 1450 illum

538 1478 748 1533 invenit
780 1489 835 1534 ct
869 1478 1168 1546 interfecit,
1197 1492 1251 1537 ct
1277 1498 1345 1537 ex
1379 1482 1636 1538 civilibus
1658 1491 1713 1538 et
1764 1499 1828 1538 ex
1857 1484 2121 1540 ecclesia—

544 1569 703 1627 sticis
753 1570 990 1641 legibus,
1022 1589 1132 1629 non
1188 1573 1483 1643 supplicio,
1518 1575 1615 1630 sed
1644 1577 1887 1645 pramiis
1919 1577 2120 1647 dignus

540 1667 857 1734 habebitur,
884 1677 939 1723 ut
970 1669 1067 1738 qui
1095 1670 1301 1727 multos
1322 1670 1575 1725 homines
1594 1686 1622 1723 a
1645 1681 1823 1726 morte
1843 1672 2117 1734 liberavit,

537 1762 588 1814 el
617 1762 896 1832 regionem
936 1764 1275 1831 composuit.
1327 1761 1410 1818 Ob
1447 1761 1712 1829 majorem
1744 1779 1876 1819 vero
1906 1765 2118 1818 securi-

2219 573 2415 625 τούτου
2445 587 2460 604 ο
2500 572 2596 627 καὶ
2620 568 2920 640 διέγνωστο
2948 574 3017 644 τῇ
3061 572 3288 641 συνόδῳ,
3312 572 3394 626 ὅτι
3423 574 3471 626 εί
3502 575 3594 642 μὲν
3615 573 3750 629 δυνά-

2222 662 2382 733 μενός
2406 679 2490 725 τις
2515 661 2800 733 διαδρᾶναι
2830 660 2931 732 τὴν
2960 659 3259 732 ἐπιϐουλὴν
3299 660 3394 714 τοῦ
3425 661 3627 732 λῃστοῦ,
3657 665 3682 716 ὁ
3705 663 3753 716 δὲ

2219 751 2400 825 τούτῳ
2426 754 2525 824 μὲν
2547 755 2646 809 οὐκ
2675 754 2948 825 ἠρκέσθη,
2982 752 3099 808 ἀλλ’
3138 755 3204 809 ὲκ
3239 753 3468 823 μελέτης
3496 755 3632 823 αὐτῷ
3652 757 3755 809 ἐπι.

2222 846 2453 918 θέμενος
2489 848 2787 920 ἀνῄρηκεν,
2823 846 2911 903 οἷα
2949 849 3148 919 φονεὺς
3173 847 3639 919 ἐπιτιμηθήσεται,
3679 852 3757 903 καὶ

2214 939 2384 1007 ’πλέον
2409 940 2442 1012 ἢ
2472 941 2548 1004 ὡς
2575 940 2654 1012 τῷ
2693 941 2925 1012 παρόντι
2953 930 3103 994 δοκεῖ
3134 940 3323 993 κανόνι
3362 955 3378 971 ο
3419 940 3543 1003 ίσως
3571 940 3687 1011 γὰρ,
3718 943 3757 993 εί

2224 1032 2423 1103 περιῆν
2455 1032 2484 1084 ό
2510 1030 2738 1103 λῃστὴς,
2788 1030 3083 1101 μεταμέλῳ
3117 1048 3179 1085 τε
3227 1031 3515 1101 ἐχρήσατο,
3562 1031 3646 1083 καὶ
3677 1031 3757 1096 τῆς

2221 1123 2480 1194 λῃστείας
2507 1124 2887 1194 ἀποσχόμενος
2924 1122 3006 1192 τῷ
3036 1121 3230 1193 Κυρίῳ
3261 1122 3651 1193 προσεκολλήθη
3677 1137 3689 1153 ·
3719 1123 3759 1175 εί

2220 1216 2280 1269 δὲ
2303 1216 2521 1286 πρῶτος
2568 1216 2633 1270 τὸ
2670 1215 2826 1285 ξίφος
2853 1214 3042 1287 ἠρκὼς
3089 1212 3159 1287 ἦν
3205 1218 3235 1269 δ
3267 1215 3468 1288 λῃστὴς
3508 1216 3637 1269 κατὰ
3677 1214 3756 1267 τοῦ

2221 1308 2385 1363 αὑτὸν
2411 1306 2718 1372 ἀνελόντος,
2744 1307 2868 1361 τότε
2918 1306 2988 1361 τὰ
3015 1307 3111 1360 τοῦ
3156 1307 3428 1379 παρόντος
3456 1306 3627 1378 χώραν
3667 1307 3760 1371 ἕξει

2223 1400 2469 1463 κανόνος.
2513 1400 2610 1463 ⁸ος
2643 1399 2829 1469 μέντοι
2863 1399 2953 1453 διὰ
2983 1401 3048 1452 τδ
3095 1402 3254 1470 κοινῇ
3307 1400 3579 1469 συμφέρον
3618 1399 3760 1452 πολλά

2223 1491 2627 1563 παρακληθεὶς,
2656 1492 2758 1563 τὴν
2794 1492 2991 1559 τούτου
3021 1492 3257 1563 ζήτησιν
3279 1493 3339 1546 ὲν
3371 1490 3606 1561 φροντίδι
3627 1491 3764 1561 θέμε-

2223 1601 2314 1647 νος
2368 1586 2463 1639 καὶ
2494 1585 2723 1657 μελέτῃ,
2778 1584 2969 1638 τοῦτον
3000 1577 3128 1654 εὗρε
3182 1584 3280 1637 καὶ
3313 1583 3649 1653 διεχρήσατο,
3685 1583 3763 1634 καὶ

2223 1680 2288 1730 ὲκ
2344 1678 2454 1732 τῶν
2507 1678 2829 1744 πολιτικῶν,
2885 1677 2982 1730 καὶ
3034 1677 3101 1731 ὲκ
3162 1676 3273 1730 τῶν
3336 1677 3442 1746 τῆς
3472 1676 3766 1742 Ἐκκλησίας

2226 1770 2429 1840 νόμων,
2474 1769 2551 1841 μὴ
2591 1771 2675 1823 ὅτι
2716 1767 3012 1839 τιμωρίας,
3049 1767 3188 1822 ἀλλὰ
3232 1768 3330 1821 καὶ
3364 1766 3604 1821 ἐπάθλων
3628 1764 3765 1830 ἀξιω-

541 1863 707 1913 tatcm
760 1854 814 1909 in
878 1854 1173 1909 triennium
1245 1854 1370 1909 illos
1441 1856 1801 1911 condemnari
1871 1856 2118 1925 placuit.

2226 1832 2489 1932 θήσεται,
2538 1832 2637 1914 δτε
2675 1832 2908 1923 πολλούς
2958 1859 3069 1913 τῶν
3128 1858 3423 1930 ὁμοφύλων
3473 1859 3535 1911 ὲκ
3565 1858 3765 1911 θανάτου

541 1947 1013 2023 quemadmodum
1043 1957 1097 2001 et
1137 1948 1232 2017 qui
1264 1948 1315 2001 in
1360 1948 1506 2003 bello
1547 1949 1892 2006 occiderunt.
1920 1950 2120 2006 Clerici

541 2040 786 2110 quidem,
841 2039 1353 2110 quomodocunque
1401 2041 1679 2106 occidunt,
1732 2043 1918 2097 statim
1952 2043 2121 2112 depo-

543 2144 774 2195 nuntur.
810 2136 958 2188 nulla
992 2135 1178 2188 habita
1220 2135 1533 2190 diﬂ‘creutia
1574 2136 1747 2190 hostis
1774 2136 1858 2190 vel
1891 2136 2120 2192 latronis

541 2227 627 2279 vel
652 2226 889 2294 alicujus
920 2226 1064 2279 alius
1101 2245 1113 2279 :
1153 2238 1211 2279 ut
1266 2230 1431 2280 etiam
1465 2241 1529 2281 ex
1567 2228 1895 2296 patriarcha
1942 2228 2117 2296 ipsius

542 2316 775 2375 decreto.
806 2312 1178 2372 manifestum.

2231 1953 2560 2023 ῥυσάμενος,
2586 1952 2683 2005 καὶ
2712 1951 2811 2023 τὴν
2842 1950 3028 2023 χώραν
3061 1948 3445 2022 ίξημερώσας.
3481 1948 3767 2018 Ἀσφαλείας

2228 2043 2272 2095 δ’
2304 2043 2490 2096 ἕνεκεν
2520 2043 2764 2107 πλείονος
2812 2043 2908 2096 ἐπὶ
2956 2042 3201 2112 τριετίαν
3229 2042 3401 2112 ἤρεσε
3437 2041 3530 2095 καὶ
3573 2038 3768 2103 τούτους

2230 2135 2712 2203 καταδικάζεσθαι,
2740 2137 2815 2200 ὡς
2828 2137 2921 2190 καὶ
2943 2137 3068 2198 τοὺς
3088 2136 3147 2188 ὲν
3165 2135 3393 2206 πολέμῳ
3414 2133 3765 2202 φονεύσαντας.

2230 2227 2371 2290 Τιτύς
2406 2244 2471 2295 γε
2520 2226 2627 2297 μὴν
2660 2226 2983 2296 κληρικοὺς,
3014 2224 3335 2294 οίονδήποτε
3389 2224 3547 2294 φόνον
3572 2238 3770 2292 πεποιη-

2232 2320 2425 2384 κότας,
2461 2319 2626 2381 εὐθὺς
2656 2316 3069 2387 καθαιρεῖσθαι,
3099 2316 3381 2388 μηδεμιᾶς
3410 2314 3574 2384 οὔσης
3613 2314 3770 2381 διαφο-

544 2413 645 2481 ρᾶς
674 2411 959 2480 πολεμίου,
1002 2411 1035 2481 ἢ
1092 2411 1311 2482 λῃστοῦ,
1351 2412 1382 2481 ἦ
1421 2411 1823 2482 όποιουδήτινος
1880 2410 2071 2489 ἑτέρου
2096 2427 2111 2443 ·
2157 2412 2233 2474 ὡς
2257 2414 2350 2468 καὶ
2387 2415 2453 2467 ὲκ
2493 2412 2585 2471 τοῦ
2637 2411 3025 2483 σημειώματος
3060 2411 3155 2471 τοῦ
3223 2411 3395 2467 αὑτοῦ
3471 2411 3770 2484 πατριάρχου

540 2503 698 2572 δῆλον
727 2502 1087 2569 καθέστηκεν.

1240 2597 1420 2669 Leges.

612 2687 716 2753 Qui
744 2688 1091 2744 invadentcm
1113 2692 1339 2757 occidit,
1372 2708 1500 2747 cum
1533 2694 1601 2749 de
1622 2694 1729 2748 vita
1752 2692 2120 2760 periclitetur,

540 2783 787 2850 impunis
813 2784 885 2838 sit
919 2801 934 2838 :
970 2783 1027 2836 in
1064 2784 1329 2853 periculis
1359 2787 1505 2840 enim
1554 2788 1860 2858 quemlibet
1902 2795 2121 2856 eportet

542 2873 788 2942 seipsum
822 2873 1145 2943 defendere,
1177 2887 1230 2929 et
1262 2892 1369 2930 non
1405 2877 1585 2948 legum
1622 2877 1889 2932 auxilium
1924 2893 2125 2948 exspe-

541 2975 712 3019 ctare.

617 3056 1032 3126 Aggredicntcm
1071 3058 1341 3113 latronem
1375 3059 1500 3115 licet
1528 3059 1647 3117 sine
1690 3061 1932 3117 vindicta
1961 3061 2113 3117 occi-

542 3149 693 3203 dere.

619 3241 862 3297 Antistes
895 3257 1025 3297 vero
1058 3244 1599 3313 Agarenum,contra
1637 3262 1697 3302 se
1730 3248 1971 3319 gladium
2004 3257 2123 3302 tra-
2153 3309 2195 3329 δ

546 3339 768 3393 hentem
801 3348 1047 3409 tempore
1080 3341 1204 3394 belli
1239 3342 1519 3408 occidens,
1542 3358 1572 3397 a
1607 3313 1815 3414 synodo
1842 3344 2125 3414 depositus
2151 3313 2198 3371 ε

543 3430 669 3485 fuit.

617 3523 813 3589 Quare
845 3522 900 3576 in
924 3536 1047 3591 cap.
1075 3521 1148 3577 25
1171 3522 1365 3578 littera
1396 3522 1460 3578 K.

544 3638 699 3694 CAP.
758 3637 893 3693 Vill.
950 3640 1022 3694 De
1074 3641 1138 3700 iis
1170 3641 1259 3716 qui
1311 3640 1501 3711 furtim
1565 3641 1743 3696 aliena
1800 3643 2125 3712 surripiunl.

627 3799 816 3864 Quare
840 3799 894 3852 in
937 3800 1005 3853 l2
1034 3801 1212 3870 capite
1238 3803 1435 3855 littera
1465 3802 1528 3855 A.

2912 2598 3114 2664 Νόμοι.

2315 2693 2375 2745 Ὀ
2409 2692 2498 2744 τὸν
2538 2690 2834 2744 ἐπελθόντα
2869 2690 3159 2756 φονεύσας,
3193 2688 3251 2741 ἐν
3284 2681 3331 2754 ᾧ
3381 2687 3511 2757 περὶ
3538 2685 3628 2753 τὴν
3652 2684 3773 2752 ζωὴν

2232 2781 2637 2847 ἐκινδύνευσεν,
2673 2779 2968 2841 ἁνεύθυνός
3018 2780 3167 2832 ἐστιν
3188 2794 3203 2810 ο
3237 2781 3295 2831 ἐν
3327 2778 3440 2848 γὰρ
3466 2779 3574 2840 τοῖς
3622 2772 3774 2828 κινδύ·

2232 2893 2347 2938 νοις
2372 2874 2581 2943 ὀφείλει
2634 2858 3093 2937 ἕκαστος’ἐαυτὸν
3137 2871 3400 2937 ἐκδικεῖν,
3434 2870 3531 2924 καὶ
3584 2866 3654 2939 μὴ
3695 2864 3778 2935 τὴν

2233 2965 2340 3019 τῶν
2374 2965 2554 3031 νόμων
2582 2964 2876 3033 ἀναμένειν
2908 2962 3188 3034 βοήθειαν.

2304 3056 2408 3111 Τὸν
2438 3053 2642 3127 λῃστὴν
2696 3057 2920 3108 ἐπιόντα
2970 3052 3272 3116 ἀκινδύνως
3301 3051 3490 3120 ἔξεστι
3536 3050 3771 3123 φονεύειν.

2314 3241 2630 3313 Ἀρχιερεὺς
2664 3240 2744 3299 δὲ.
2789 3239 3088 3308 ’Λγαρηνδν
3140 3235 3438 3305 φονεύσας,
3487 3235 3602 3288 κατ’
3632 3226 3772 3286 αὐτοῦ

2233 3338 2390 3407 ξίφος
2420 3336 2776 3389 ἀνατείναντα
2806 3335 2864 3387 ὲν
2895 3331 3074 3403 καιρῷ
3102 3331 3373 3401 πολέμου,
3403 3327 3674 3401 καθῃρέθη
3690 3321 3778 3378 ὑπὸ

2230 3430 2331 3498 τῆς
2373 3429 2615 3483 συνόδου.
3128 3479 3133 3483 .

2304 3524 2466 3594 Ζήτει
2498 3522 2593 3575 καὶ
2618 3522 2676 3575 ιν
2721 3519 2797 3592 τῷ
2828 3527 2915 3589 κγ’
2948 3517 3233 3590 κεφαλαίῳ
3277 3516 3381 3571 τοῦ
3433 3518 3481 3570 Κ
3522 3513 3776 3588 στοιχείου.

2232 3637 2483 3692 ΚΕΦΛΔ.
2552 3635 2634 3689 [ι’.
2705 3631 3244 3759 Περὶάξὲτρικῶς
3303 3632 3680 3701 ἁρπαζόντων
3721 3625 3781 3679 τὰ

2940 3744 2953 3756 .
3019 3720 3173 3759 τρια.

2940 3720 3173 3771 .ιοτρια.

2304 3802 2466 3875 Ζήτει
2497 3803 2555 3854 ὲν
2584 3799 2661 3869 τῷ
2695 3799 2763 3869 ιβ’
2793 3796 3080 3867 κεφαλαίῳ
3115 3794 3209 3849 τοῦ
3234 3796 3278 3848 Δ
3323 3794 3613 3866 στοιχείου.

546 3913 701 3973 CAP.
736 3913 829 3967 1X.
872 3914 1028 3979 Quod
1055 3916 1190 3968 viros
1233 3916 1397 3970 simul
1435 3932 1554 3970 cum
1597 3917 1906 3973 mulieribus
1949 3918 2128 3973 lavare

2234 3916 2488 3971 ΚΕΦΑΛ.
2530 3915 2608 3968 8’.
2638 3916 2769 3968 Ὅτι
2812 3913 3106 3968 λούεσθαι
3152 3912 3226 3964 οὐ
3260 3909 3364 3963 δεῖ
3403 3908 3549 3975 τοὺς
3588 3905 3782 3974 ἄνδρας

1155 4002 1255 4040 non
1287 3998 1511 4054 oportet.

614 4048 825 4144 \Quare
856 4078 912 4133 in
937 4078 1008 4132 20
1046 4080 1227 4148 capite
1246 4048 1442 4133 littera
1467 4079 1527 4134 Γ.

692 4190 847 4247 CAP.
877 4190 947 4248 Χ.
971 4192 1049 4247 De
1088 4195 1367 4263 puerperio
1400 4193 1701 4262 impolluta:
1732 4195 1985 4266 Virginis.

560 4386 565 4395 ι
632 4351 830 4418 Quare
855 4351 912 4406 in
940 4351 975 4407 8
1005 4366 1128 4421 cap.
1149 4352 1234 4407 lit.
1261 4350 1303 4406 Κ
1357 4368 1622 4409 canonem
1658 4354 1723 4409 79
1754 4370 1870 4425 syn.
1911 4369 1989 4409 Vl.

809 4530 962 4587 CAP.
998 4531 1091 4587 XI.
1128 4530 1203 4586 De
1235 4533 1568 4588 matrimonii
1596 4531 1881 4588 solutione.

552 4646 555 4651 ί
632 4624 827 4697 Quare
850 4640 972 4697 cap.
1015 4625 1084 4681 15
1110 4626 1303 4683 littera
1334 4627 1395 4685 1‘.

2720 3984 2873 4054 ὁμοῦ
2900 3981 3024 4048 ταῖς
3054 3980 3321 4051 γυναιξί.

2306 4080 2467 4150 Ζήτει
2488 4079 2549 4132 τὸ
2575 4076 2623 4132 κ’
2658 4078 2954 4146 κεφάλαιον
2984 4072 3078 4128 τοῦ
3115 4073 3156 4125 Γ
3187 4072 3489 4143 στοιχείου.

2306 4192 2558 4248 ΚΕΦΑΛ.
2584 4192 2642 4246 l'.
2674 4189 2816 4258 Περὶ
2848 4185 2960 4254 τῆς
2986 4184 3236 4258 λοχείας
3266 4180 3380 4249 τῆς
3407 4178 3724 4251 ἀλοχεύτου

2858 4257 3174 4313 Θεοτόκου.

2307 4356 2469 4423 Ζήτει
2498 4354 2554 4405 ἐν
2590 4352 2668 4423 τῷ
2696 4351 2751 4422 η’
2786 4347 3069 4419 κεφαλαίῳ
3096 4346 3191 4401 τοῦ
3226 4346 3277 4399 Κ
3316 4345 3585 4416 στοιχείου
3613 4337 3784 4397 κανόνα

2237 4442 2313 4497 οθ¹
2340 4445 2437 4514 τῆς
2470 4443 2523 4508 ς’
2548 4444 2794 4497 συνζδου.

2418 4584 2433 4601 κ
2480 4535 2733 4588 ΚΕΦΑΛ.
2767 4533 2870 4587 IA'.
2913 4532 3053 4601 Περὶ
3086 4534 3329 4599 λύσεως
3363 4530 3580 4603 γάμου.

2313 4626 2476 4695 Ζήτει
2501 4624 2561 4678 τὸ
2590 4623 2658 4694 ιγ’
2684 4624 2982 4695 κεφάλαιον
3006 4622 3098 4678 τοῦ
3129 4623 3171 4677 Γ
3199 4622 3503 4695 στοιχείου.
