4100 6324
758 310 817 376 n
1328 332 1343 341 ’ν
1804 318 1808 323 ’
1948 324 1949 327 ‘
2059 310 2283 372 PETRI
2304 311 2377 370 "Pl

2304 311 2526 371 "POSSI
2541 311 2620 370 NI
2778 324 2781 327 '
3646 328 3647 331 ‘
3854 297 3918 365 πί

834 423 913 482 lli
1001 421 1171 481 .Tam
1240 428 1413 481 atrox
1471 423 1605 483 irati
1684 423 1974 483 Numinis
2051 422 2314 483 vindicta
2402 422 2632 498 quibus
2685 428 2829 480 tunc
2886 416 3230 480 sceleribus
3274 422 3737 493 provocaretur,
3778 413 3909 474 uis-

757 520 1062 598 quisitum
1117 537 1150 580 a
1205 519 1491 596 plurimis
1559 519 1767 591 anxie,
1806 521 2051 596 .‘ipsum
2140 515 2395 597 quoque
2460 537 2527 582 se
2581 534 2704 589 non
2763 498 3167 582 dissimulans
3240 512 3380 590 ejus
3443 518 3747 576 abstrusa:
3820 510 3911 572 rei

760 623 1200 684 sciscitatorem
1260 618 1609 688 curiosum,
1680 634 1802 678 non
1860 618 2051 678 semel
2135 609 2558 695 Par-hymeres
2611 621 2891 681 afﬁrmat.
2954 625 3327 699 Aperiamus
3402 620 3519 679 hoc
3598 633 3713 678 nos
3776 613 3913 674 illis

676 774 677 777 η
761 736 1076 791 arcanum,
1120 724 1182 779 et
1235 717 1642 793 indigitemus
1722 718 1981 790 trabem,
2050 733 2239 794 quam
2307 719 2453 795 quia
2538 718 2784 783 inﬁxam
2836 729 3063 798 gerunt
3134 720 3361 788 oculis,
3437 719 3653 777 videre
3732 711 3915 775 illusi

765 825 1110 897 nequeunt.
1179 817 1469 895 Belapsio
1540 817 1605 876 in
1664 816 1984 888 haeresim,
2030 820 2223 878 sancti
2309 818 2577 894 Spiritus
2648 820 3112 895 processionem
3165 837 3199 881 e
3260 812 3432 880 Patre
3503 816 3689 874 simul
3767 826 3913 870 cum

764 918 927 977 Filio
1007 920 1357 992 negantem,
1416 913 1747 989 repetitum
1808 912 2100 985 schisma,
2168 914 2431 975 rebellio
2497 914 2713 976 iterata
2761 915 2825 976 in
2882 916 3112 977 Christi
3170 917 3468 976 vicarium
3560 914 3915 970 Romanum

766 1015 1147 1094 pontiﬁcem,
1200 1018 1425 1082 vestra,
1458 1010 1816 1087 Byzantini,
1879 1011 1995 1071 hoc
2055 1026 2246 1086 opere.
2322 1012 2632 1087 publicata
2706 1014 2965 1076 crimina
3031 1005 3198 1076 sunt.
3275 1015 3365 1073 Ne
3436 1008 3697 1089 quaerite
3765 1003 3923 1065 alias

766 1116 1024 1176 istarum
1085 1115 1204 1173 sub
1263 1112 1497 1191 quibus
1555 1111 1805 1188 gentilis
1865 1112 2241 1183 exitialium,
2277 1120 2489 1174 tenore
2542 1115 3027 1176 continuissimo
3077 1132 3407 1186 nexarum,
3460 1123 3635 1173 auata
3669 1121 3918 1186 semper

764 1213 1061 1291 gradibus
1138 1212 1456 1271 atrocitate
1525 1210 1936 1268 crescentium
2005 1224 2223 1269 causas
2297 1211 2736 1272 calamitatum.
2806 1212 3134 1290 Utcunque
3196 1212 3406 1289 probi,
3469 1209 3678 1279 mites,
3753 1200 3917 1283 justi

770 1309 1087 1387 principes
1145 1310 1327 1370 vestri
1363 1310 1715 1385 videantur,
1745 1306 2018 1384 p0pulus
2056 1307 2205 1368 satis
2257 1310 2664 1383 compositus,
2728 1310 2936 1371 clerus
2992 1311 3197 1389 gravis
3255 1316 3314 1370 et
3354 1310 3679 1376 honestus,
3714 1316 3916 1383 unum

707 1406 711 1412 ’
770 1415 860 1467 est
924 1408 1067 1468 odio
1137 1411 1211 1481 in
1276 1422 1384 1467 vos
1468 1407 1575 1468 Dei
1654 1406 2021 1467 concitando
2074 1404 2180 1479 vel
2254 1397 2750 1466 efﬁcacissimum
2823 1408 3152 1487 ﬂagitium,
3232 1411 3513 1484 pertinax
3591 1405 3917 1479 amplexus
3992 1473 3998 1484 .

772 1505 1017 1581 reprobi
1058 1498 1407 1582 dogmatis,
1468 1504 1759 1582 pervicax
1837 1512 2231 1579 contemptus
2282 1520 2595 1579 supremas
2648 1505 3085 1567 ecclesiasticas
3152 1505 3540 1567 auctoritatis
3606 1505 3672 1561 in
3748 1494 3917 1560 Petri

770 1622 1129 1681 successore
1181 1607 1454 1673 Romano
1506 1602 1799 1678 episcopo
1855 1599 2083 1661 Christi
2145 1600 2343 1677 ipsius
2406 1601 2805 1681 institutione
2848 1605 3225 1666 constitutas.
3269 1607 3413 1665 Haec
3472 1602 3650 1663 vobis
3718 1594 3919 1659 Lerna

772 1706 1104 1775 maturum,
1145 1702 1322 1777 origo
1380 1701 1670 1787 cladium,
1710 1697 1850 1757 fons
1903 1693 2393 1759 infortunibi'um
2435 1702 2641 1760 omnis
2686 1701 2936 1779 generis
2990 1719 3160 1763 unus
3210 1709 3301 1762 est
3330 1702 3646 1763 omnium.
3678 1695 3923 1764 Doletis

772 1813 1011 1865 vestros
1044 1802 1356 1867 exercitus
1386 1797 1963 1865 numerosissimos,
1992 1797 2283 1856 ductante
2322 1814 2437 1877 per
2483 1814 2551 1856 se
2590 1798 2726 1873 ipso
2754 1804 2955 1859 vestro
2981 1801 3266 1877 Augusto
3294 1800 3599 1864 Michaele
3636 1797 3947 1863 Junicre,-

773 1920 941 1966 nunc
996 1898 1434 1977 incompositis
1464 1914 1577 1959 nec
1618 1897 1829 1957 multis
1870 1897 2188 1973 oppositos
2242 1898 2314 1957 .iu
2346 1898 2491 1958 Asia
2528 1899 2838 1970 Barbaris,
2889 1916 3056 1965 nunc
3101 1901 3164 1961 in
3230 1901 3509 1963 Occidua
3560 1899 3929 1961 continente

774 2004 1013 2081 paucis,
1050 2001 1368 2079 imparatis
1419 1998 1781 2065 extorribus
1845 1996 2118 2072 objectos
2173 1996 2306 2057 acie
2359 1997 2611 2068 Latinis,
2655 2004 2893 2059 terrore
2958 2002 3157 2062 fuisse
3203 2010 3633 2082 consternatos
3671 1996 3923 2074 panico.

772 2107 982 2177 fusos,
1008 2100 1276 2179 fugatos,
1311 2096 1713 2174 profligatos?
1750 2094 2206 2165 Consternavit,
2246 2094 2514 2171 disjecit,
2569 2096 2836 2173 perdidit
2873 2096 3086 2160 divina
3144 2099 3457 2171 Nemesis,
3514 2096 3798 2159 haeresim
3856 2098 3923 2161 in

780 2188 1391 2283 vobis‘etschisma
1443 2196 1789 2256 vindicans.
1846 2197 1941 2253 An
2016 2209 2160 2252 vero
2222 2210 2300 2253 ex
2368 2212 2495 2269 quo
2563 2194 2911 2270 legitimum
2978 2198 3346 2267 antistitem,
3414 2180 3745 2256 orthodoxi
3800 2194 3923 2253 do-

776 2301 1001 2382 gmatis
1058 2299 1135 2358 de
1198 2295 1596 2371 processione
1626 2292 1823 2352 sancti
1854 2291 2122 2367 Spiritus
2174 2308 2249 2349 ex
2312 2291 2488 2351 Patre
2524 2290 2816 2368 Filioque
2866 2294 3393 2363 eruditissimum,
3428 2292 3922 2353 disertissimum

779 2401 1483 2472 constantissimumque
1562 2393 1979 2465 defensorem,
2047 2393 2271 2453 throno
2328 2388 2720 2466 patriarchali
2778 2392 3080 2451 Joannem
3162 2394 3430 2455 Veccum
3517 2390 3926 2464 dcturbastis,

781 2510 981 2573 vestra
1032 2492 1308 2576 unquam
1367 2496 1429 2553 in
1490 2493 1614 2552 ulla
1667 2491 1760 2551 vel
1814 2494 2036 2562 umbra
2070 2488 2537 2567 tranquillitatis
2590 2491 2956 2569 conquievit
3007 2493 3330 2554 Ecclesia?
3389 2495 3521 2555 Non
3575 2493 3680 2559 ille
3730 2508 3921 2567 quem

781 2619 891 2681 pro
960 2604 1156 2663 \‘ecco
1210 2595 1557 2658 intrusistis
1617 2592 1956 2672 Gregorius
2019 2591 2311 2670 Cyprius,
2348 2589 2797 2667 jactatiouibus
2866 2608 3212 2653 concussus
3287 2593 3581 2663 assiduis,
3652 2608 3927 2669 praeceps

782 2706 1023 2765 tandem
1056 2701 1204 2760 sede
1232 2695 1507 2763 corruit?
1527 2711 1647 2754 non
1676 2692 1845 2771 paria
1875 2710 2095 2769 passus
2126 2691 2219 2751 illi
2242 2690 2543 2763 suiIectus
2568 2689 2992 2750 Athanasius?
3019 2691 3185 2766 paria
3215 2692 3488 2751 Joannes
3511 2686 3807 2752 Cosmas?
3831 2688 3924 2749 si-

781 2801 976 2871 milia,
1052 2799 1179 2858 imo
1252 2796 1483 2871 pejora,
1531 2794 1759 2853 iterum
1821 2800 2032 2851 contra
2078 2791 2185 2866 jus
2247 2788 2467 2864 fasque
2531 2771 2963 2863 repositus'in
3020 2800 3187 2849 recte
3245 2788 3447 2849 ablato
3506 2786 3925 2864 patriarchatu

782 2898 1154 2961 Athanasius
1215 2896 1407 2963 idem,
1481 2890 1657 2952 vobis
1719 2890 1984 2965 insuper
2032 2889 2187 2965 ipsis
2253 2872 2704 2949 infestissimus
2768 2893 2830 2947 et
2882 2886 3520 2967 abominat'usimus?
3572 2887 3733 2958 Quid
3785 2900 3925 2945 me-

788 3014 1019 3060 morem
1068 3010 1286 3058 saavas,
1328 2992 1676 3056 ‘iinmanes,
1735 2985 1999 3047 rabiosis
2064 2988 2430 3057 commissas
2492 2993 2552 3045 et
2606 2985 2925 3052 vobiscum
2991 2992 3054 3045 et
3110 2984 3380 3046 invicem
3439 2985 3679 3063 jurgiis.
3723 2992 3928 3045 sectas

782 3094 1309 3160 Arsenianorum,
1361 3084 1846 3160 Josephitarum,
1880 3079 2480 3165 Hyacinthinorum,
2522 3080 2814 3151 aliorum,
2870 3079 3058 3140 modo
3090 3079 3343 3159 Georgii
3407 3079 3927 3155 Moschamparis,

787 3196 973 3257 modo
1037 3188 1230 3253 Marci
1304 3183 1599 3260 discipuli
1651 3182 1884 3259 Cyprii,
1951 3181 2134 3240 modo
2197 3179 2536 3240 Andronici
2607 3180 2951 3253 Sardensis,
3019 3181 3513 3245 modoJoannis
3588 3179 3926 3256 Ephesini,

783 3299 969 3361 modo
1024 3294 1254 3353 Nicetes
1328 3281 1872 3361 Dyrrhachiensis,
1946 3280 2128 3339 modo
2199 3278 2524 3352 'l'heolepti
2606 3276 3172 3353 Philadelphiensis
3280 3287 3483 3355 partes
3558 3277 3937 3340 tuentium?

782 3411 929 3474 quis
966 3380 1154 3451 assius
1214 3380 1689 3459 implacabiliter
1737 3378 2121 3447 rixantium?
2174 3391 2361 3454 quam
2414 3372 3098 3436 immedicabilisfuror
3145 3375 3394 3434 obnixis
3424 3375 3927 3437 irrevocabititer

783 3491 1009 3556 studiis
1063 3504 1201 3549 sese
1262 3489 1479 3545 mutuo
1542 3477 2021 3544 infestantium?
2065 3477 2219 3539 ccelo
2272 3476 2434 3552 ipso,
2491 3477 2669 3553 cujus
2734 3476 2811 3536 de
2864 3478 3082 3536 vestris
3116 3477 3566 3537 controversiis
3606 3476 3927 3552 judicium

780 3597 891 3657 illo
955 3583 1429 3664 Atramyttiensi
1488 3587 1799 3642 conventu
1852 3595 1973 3655 per.
2014 3582 2346 3659 quamdam
2387 3576 2828 3652 superstitiose
2860 3571 3173 3637 curiosam
3207 3576 3927 3654 pyromantiam'expto-

785 3703 986 3755 ratum
1046 3684 1322 3749 iveratis,
1361 3679 1551 3757 partis
1612 3678 1941 3754 utriusque
1995 3675 2244 3750 scriptis
2274 3691 2447 3736 sacra
2496 3675 2745 3735 ﬂamma
2801 3676 3295 3746 concremandis,
3331 3676 3682 3739 luculenter
3717 3675 3929 3737 decla-
3984 3704 3987 3705 ν

724 3846 729 3853 .
784 3800 963 3854 rante
1018 3801 1198 3863 asque
1260 3781 1471 3841 omnia
1536 3785 1737 3839 vestra
1794 3773 2231 3837 conventicula
2291 3775 2421 3835 Deo
2480 3789 2617 3833 esse
2663 3790 2735 3833 ac
2786 3776 3039 3849 superis
3069 3764 3281 3835 exosa.
3872 3758 3875 3759 ⁷

756 3962 759 3967 ι
865 3891 968 3949 IV.
1052 3884 1169 3944 Sed
1224 3882 1456 3940 frustra
1513 3876 1868 3937 laboramus
1945 3873 2355 3934 admouendis
2415 3874 2495 3932 iis
2571 3885 2731 3949 quos
2806 3873 3157 3935 voluntaria
3235 3875 3476 3943 cmcitas
3542 3890 3580 3937 a
3632 3873 3934 3942 videndo,

786 3987 955 4067 quod
1007 3984 1202 4062 palam
1266 3985 1382 4047 est,
1441 3974 1748 4050 prohibet.
1796 3975 1919 4033 Nos
1977 3972 2186 4047 potius
2244 3972 2411 4034 hunc
2458 3972 2731 4033 fructum
2787 3989 2863 4042 ex
2900 3972 3087 4050 hujus
3147 3974 3422 4038 historias
3453 3975 3722 4038 lectione
3770 3974 3939 4037 refe-

790 4099 1023 4153 ramus,
1058 4089 1123 4143 ut
1189 4092 1316 4139 non
1347 4073 1760 4153 dubitandum
1795 4078 2082 4145 putemus
2137 4072 2405 4147 amplius
2437 4073 2592 4149 quin
2647 4072 2721 4132 ad
2754 4075 3138 4151 puniendum
3171 4077 3526 4137 Graecorum
3559 4076 3622 4134 in
3667 4076 3933 4136 Oriente

792 4182 1236 4264 imperantium
1297 4175 1565 4245 schismz
1621 4162 1979 4240 contumax,
2035 4172 2257 4247 dogma
2317 4172 2673 4245 reprobum,
2706 4173 2864 4234 Deus
2895 4154 3371 4235 Ottomanorum
3432 4177 3771 4252 potentiam
3822 4192 3937 4237 ex-

787 4286 1091 4347 citaverit.
1164 4280 1379 4345 Statim
1433 4271 1561 4333 fere
1625 4279 1809 4347 atque
1847 4270 2241 4331 Andronicus
2272 4270 2653 4345 Palmologus
2702 4272 2914 4332 senior
2947 4289 3202 4350 compos
3255 4273 3453 4359 factus
3483 4274 3736 4351 imperii
3767 4275 3934 4335 vires

787 4388 924 4463 ejus
956 4377 1266 4444 convertit
1304 4372 1633 4433 universas
1663 4368 1736 4427 ad
1774 4366 2257 4429 labefactandam
2293 4366 2882 4443 exstirpandamque
2900 4368 2977 4427 ab
3008 4368 3141 4443 ejus
3175 4379 3343 4446 patre
3378 4371 3685 4432 Michaele
3714 4370 3931 4430 initam

746 4483 931 4547 'cum
1004 4476 1338 4555 apostolica
1399 4470 1544 4551 sede
1601 4465 2019 4537 concordiam,
2072 4481 2365 4539 eruperui

2313 4474 2416 4524 unt
2476 4484 2508 4523 e
2562 4467 2815 4527 Perside
2876 4468 2943 4526 in
3010 4469 3389 4529 Christianas
3450 4479 3641 4531 terras
3698 4471 3932 4530 tumul-

792 4579 1012 4640 tuariae
1074 4578 1381 4633 latronum
1433 4578 1704 4623 manus;
1736 4563 1971 4620 Harum
2021 4561 2150 4621 dux
2214 4577 2424 4630 unus,
2473 4578 2659 4638 quem
2712 4572 2921 4622 noster
2974 4569 3298 4627 Atmanem
3342 4575 3535 4637 vocat,
3587 4567 3725 4627 aliis
3760 4569 3937 4627 Otto-

792 4691 1001 4735 maucs
1062 4669 1441 4733 nominatus,
1468 4678 1544 4721 ex
1574 4660 1842 4749 obscuro
1879 4704 1895 4730 ,
1926 4666 2173 4733 egente,
2208 4658 2454 4717 inﬁrmo
2491 4657 2923 4733 inclarescere,
2954 4663 3163 4733 ditari,
3206 4650 3596 4733 corroborari
3635 4664 3935 4742 paulatim

790 4790 914 4835 non
966 4769 1177 4835 desiit,
1236 4763 1439 4839 quoad
1504 4757 1743 4828 multis,
1816 4757 2448 4831 proutPachymeres
2518 4758 2783 4835 Sparsim
2853 4762 2951 4817 hic
3020 4774 3339 4831 memorat,
3391 4773 3614 4824 auctus
3682 4781 3939 4825 succes-

754 4942 757 4943 ν
792 4875 989 4937 guns,
1026 4864 1259 4943 praedis
1282 4860 1713 4932 locupletatus,
1740 4853 2009 4927 arcibus,
2034 4852 2323 4921 urbibus,
2344 4854 2679 4929 provinciis
2705 4873 2833 4916 suae
2852 4857 3073 4916 ditioni
3112 4860 3401 4932 subditis,
3426 4863 3636 4922 Prusae
3661 4842 3938 4938 tandem,

793 4984 978 5043 quam
1014 4965 1074 5022 in
1112 4958 1400 5035 Bithynia
1456 4964 1867 5029 occuliaverat
1898 5000 1913 5028 ,
1974 4972 2235 5033 regnum
2288 4954 2601 5031 instituit,
2635 4961 2799 5018 circa
2835 4957 3067 5017 Christi
3101 4976 3337 5019 annum
3386 4962 3775 5024 millesimun
3810 4974 3936 5024 tre~

794 5062 1237 5128 centesimum,
1269 5050 1613 5149 Andronici
1664 5051 1859 5111 nostri
1906 5051 2096 5128 hujus
2129 5053 2193 5111 in
2243 5052 2507 5124 imperio
2546 5053 3159 5114 duodevicesimum.
3188 5057 3506 5117 Ottomani
3539 5059 3647 5135 qui
3683 5040 3938 5138 triginta

794 5162 1041 5229 circiter
1076 5163 1214 5235 post
1249 5158 1430 5215 annis
1463 5148 1768 5214 sucCessit
1804 5152 1869 5211 in
1910 5167 2100 5237 regno
2138 5148 2431 5210 morienti
2466 5152 2634 5212 titius
2664 5152 3019 5222 Orchanes,
3070 5163 3246 5229 capta
3290 5155 3491 5215 Nicaaa
3527 5154 3717 5216 altera
3768 5162 3943 5232 regia

791 5256 1280 5340 Byzantinorum
1318 5254 1790 5324 Augustorum,
1822 5249 2250 5309 Nicomediam
2290 5255 2581 5321 praeterea
2619 5248 3030 5326 reliquasque
3062 5257 3295 5311 tractus
3345 5256 3481 5328 ejus
3517 5254 3798 5314 civitates
3836 5258 3942 5314 iu-

736 5420 742 5427 ,
791 5344 1175 5437 clytas,'tum
1211 5351 1499 5426 Mysiam,
1535 5344 2316 5426 Lycaoniam,Phrygiam,
2346 5346 2587 5407 Cariam
2616 5354 2998 5424 cunctasque
3036 5353 3107 5407 ad
3144 5348 3618 5426 Hellespontum
3649 5360 3709 5411 et
3752 5353 3949 5410 Euxi-

776 5446 942 5514 num
974 5450 1287 5526 regiones,
1321 5449 1598 5513 Romano
1630 5454 1876 5521 ereptas
1908 5459 2024 5502 suo
2061 5441 2289 5518 adjecit
2330 5445 2618 5519 imperio.
2653 5446 2842 5519 Cujus
2884 5446 3067 5504 etiam
3112 5448 3314 5506 adhuc
3366 5448 3683 5523 regnantis
3730 5448 3950 5518 auspi-

792 5536 905 5613 ciis
942 5540 1284 5611 Solimanes
1324 5540 1663 5617 tilius,ante
1696 5554 1935 5621 patrem
1969 5528 2543 5617 deinde-mortuus,
2586 5543 2643 5602 in
2677 5542 3001 5604 Thraciam
3041 5545 3353 5620 trajieicns
3383 5542 3789 5604 Ottomaniris
3819 5562 3953 5618 pri-
