4100 6324
145 307 200 373 i3
1478 256 1903 375 VPRIEFATIO.
2624 236 2632 254 .
2956 354 2959 357 .
3225 294 3290 359 ii

145 436 267 482 mus
307 421 630 499 Europam
664 422 860 484 armis
893 421 1221 484 delibavit.
1248 406 1351 482 Sic
1373 426 1617 498 gestum
1652 417 1979 480 Orchanes
2014 413 2197 475 annis
2230 410 2480 474 duobus
2518 418 2575 472 et
2615 409 2834 488 viginti
2869 406 3286 485 principatum

143 520 475 582 transmisit
504 524 792 585 Amurati
830 540 907 584 ex
942 539 1010 585 se
1038 521 1276 600 genito,
1306 518 1635 599 superstiti
1662 518 2035 595 relicto,qui
2070 510 2857 592 Caliipoli,Hadrianopoli
2898 516 2958 569 et
2988 508 3289 584 subjectis

146 620 269 704 urbi
298 621 571 705 utrique
607 624 979 699 regionibus
1011 625 1352 682 Romanam
1384 620 1681 695 minuens
1709 617 1966 688 artavit,
2000 614 2457 676 Ottomanicam
2502 611 2822 688 adaugens
2859 606 3144 669 dilatavit
3188 605 3290 665 di—

147 719 506 781 tionem.Ex
538 722 659 783 hoc
685 722 1050 798 Bajazethes
1077 728 1260 781 natus
1292 716 1707 787 Thessaliam,
1734 716 2183 788 Macedoniam,
2222 712 2580 783 Phocidem,
2620 706 3191 782 Atticam,My'siam
3231 708 3295 760 et

148 815 493 891 Bnlgariam
527 815 762 876 Grmcis
801 815 1059 893 eripuit.
1088 813 1258 876 Vicit
1290 821 1350 876 et
1387 813 1651 876 abduxit
1684 813 2088 872 Tamerlanes
2123 808 2510 888 Bajarethem
2536 849 2552 877 ,
2584 807 2704 866 sub
2739 804 2916 882 cujus
2950 801 3096 861 ﬁliis
3121 841 3134 867 ,
3176 802 3291 861 So-

148 911 390 986 timane,
428 915 633 988 Musa,
665 915 1019 978 Mabomete
1050 917 1101 984 ι.
1134 915 1356 975 breves
1391 913 1562 974 velut
1590 912 1864 972 inducias
1897 911 2199 971 malorum
2229 906 2606 986 Byzantinos
2657 908 3293 975 recrearunt,exspe-

144 1019 337 1073 ctante
356 1017 488 1075 Deo
503 1029 582 1076 an
604 1015 1068 1091 resipiscerent.
1086 1014 1205 1075 Sed
1228 1011 1564 1074 schismate
1588 1009 1717 1070 illic
1741 1018 1801 1071 et
1823 1007 2045 1068 haeresi
2067 1004 2611 1068 perseverantibus
2640 1018 2843 1062 novus
2878 1000 3041 1060 ultor
3062 1013 3291 1058 exsur-

146 1111 294 1169 rexit
340 1112 674 1172 Amurates
725 1114 821 1184 II,
867 1111 1244 1173 Maiiornetis
1294 1110 1479 1187 primi
1538 1108 1745 1178 ﬁlius,
1789 1106 2057 1168 secundi
2121 1113 2312 1179 pater.
2360 1102 2473 1163 Hic
2519 1100 3023 1162 Thessalonicam
3071 1098 3294 1157 urbem

152 1208 481 1267 maximam
515 1213 927 1286 expugnavit,
964 1210 1344 1286 Hungaricis
1379 1208 1643 1268 Joannis
1682 1205 2018 1273 Huniadis,
2071 1203 2484 1280 Epirensibus
2525 1198 2943 1276 Scandcrbegi
2985 1196 3298 1256 successi-

151 1304 253 1363 bus
295 1306 647 1367 retardatus
681 1322 716 1368 a
754 1306 1449 1381 Constantinopolitano
1503 1302 1790 1367 funditus
1823 1300 2103 1377 imperio
2159 1298 2456 1381 delendo.
2485 1296 2745 1357 Interim
2795 1296 2963 1355 enim
3018 1294 3292 1353 clemen-

152 1402 423 1465 tissimus
470 1406 771 1469 Dominus
819 1404 1115 1468 ultimum
1169 1404 1338 1467 velut
1390 1404 1664 1481 experiri
1711 1412 2004 1464 conatum
2040 1400 2239 1466 voluit
2280 1400 2528 1461 Graecos
2557 1393 2929 1459 restituendi
2959 1391 3296 1454 Catholicae

154 1506 581 1567 communioni
612 1524 684 1567 ac
722 1506 889 1576 ﬁdei,
922 1514 1295 1581 congregata
1328 1506 1489 1566 circa
1521 1503 1745 1565 Christi
1784 1502 2020 1563 annum
2072 1502 2224 1565 1ἱιῐιο
2264 1517 2434 1563 sacra
2488 1498 2872 1561 mcumenica
2928 1494 3295 1556 Florentina

152 1607 414 1680 synodo,
449 1607 514 1682 in
550 1624 676 1686 qua
709 1623 870 1667 nova
915 1608 1214 1668 Ecclesim
1246 1607 1479 1669 Grmcm
1506 1622 1649 1666 cum
1688 1606 1900 1665 Latina
1935 1605 2180 1665 tandem
2224 1613 2317 1665 est
2363 1604 2723 1667 conciliatio
2770 1602 3026 1660 sancite.
3059 1597 3294 1656 Verum

152 1706 311 1764 etab
347 1704 463 1766 bac
487 1722 715 1765 rursus
748 1705 1071 1782 pler-isque
1103 1705 1391 1782 ipsorum
1434 1704 1903 1773 resilientihus,
1937 1703 2325 1763 Mahometes
2356 1704 2406 1760 il
2433 1746 2448 1773 ,
2487 1698 2802 1759 Aron-ratis
2847 1685 3105 1757 secuhdi
3148 1709 3296 1751 suc-

148 1818 355 1863 cessor
406 1810 465 1861 et
513 1803 677 1892 ﬁlius
708 1805 730 1873 ,'
759 1801 1371 1880 ConstantinOpotim
1419 1802 1478 1861 vi
1532 1801 1698 1877 cepit
1744 1817 1912 1861 anno
1955 1799 2096 1858 Chr.
2148 1799 2322 1865 “53,
2352 1806 2410 1859 et
2454 1798 2628 1858 urbis
2672 1803 3041 1873 expugnatae
3098 1792 3303 1850 ruinis

151 1901 376 1961 obruto
409 1901 822 1964 Constantino
868 1902 1247 1980 imperatore
1279 1901 1416 1975 ejus
1452 1898 1736 1960 nominis
1784 1906 2000 1959 octavo
2026 1941 2044 1970 ,
2079 1898 2575 1972 ’Palmologorum
2628 1894 2965 1955 Andronici
3017 1903 3301 1969 postero-

154 2015 282 2059 rum
316 2000 545 2061 ordine
574 2008 780 2072 sexto,
824 2009 993 2061 sorte
1034 1999 1282 2066 ultimo,
1318 1996 1654 2075 imperium
1687 1993 2009 2055 Orientale
2034 1992 2339 2062 abolevit,
2382 1991 2709 2059 manifeste
2760 1991 2928 2051 ultus
2977 1990 3300 2048 rescissum

150 2115 180 2156 a
227 2098 465 2157 Grzeeis
507 2100 843 2159 secundam
890 2114 1032 2157 cum
1072 2096 1309 2156 Latinis
1341 2092 1827 2164 conventionem
1856 2092 2104 2168 publice
2132 2091 2349 2152 initam
2382 2089 2738 2157 Florentiae,
2763 2087 2926 2147 sicut
2954 2089 3026 2146 ad
3076 2086 3305 2160 prioris

155 2196 563 2257 violationem
601 2195 665 2254 in
704 2193 1113 2272 Lugdunensi
1142 2192 1383 2264 coalita)
1411 2188 1681 2253 concilio
1712 2188 2147 2250 vindicandam
2172 2187 2477 2250 excitatus
2498 2186 2807 2246 divinitus
2835 2183 3041 2245 fuerat
3070 2183 3135 2243 in
3170 2200 3304 2242 ma-

148 2303 361 2377 jorum
397 2298 535 2375 ejus
563 2296 731 2359 serie
759 2297 1054 2357 continua
1090 2304 1255 2356 retro
1285 2301 1502 2356 sextus
1532 2295 1925 2354 Ottomanes.’

223 2401 299 2460 ν.
329 2396 538 2474 Hujus
568 2397 706 2458 orbi
735 2396 1047 2457 universo.
1068 2394 1554 2456 luctuosissimm
1577 2392 1891 2468 tragrediaa
1912 2390 2155 2467 primus
2175 2395 2346 2451 actus
2373 2388 2745 2466 Pachymere
2767 2387 3028 2448 docente
3064 2383 3123 2443 in
3156 2384 3293 2458 hac,

151 2489 329 2574 ruju’s
366 2496 555 2555 modo
584 2493 885 2568 siparium
922 2492 1306 2565 reducimus,
1339 2503 1527 2549 scena
1565 2487 1735 2547 velut
1771 2487 2036 2562 quadam
2084 2485 2346 2546 luditur.
2382 2487 2701 2561 Nusquam
2736 2481 2883 2542 alibi
2918 2480 3307 2556 principatus

158 2601 341 2659 istius
372 2606 568 2675 κυρίας
601 2603 781 2667 δόξας,
810 2604 971 2665 vota,
1012 2608 1174 2662 orsa,
1208 2592 1513 2651 destinata
1536 2635 1551 2662 ,
1590 2587 2236 2651 machinamentorum
2273 2584 2569 2663 obliquos
2605 2582 2803 2642 ﬂexus
2828 2622 2845 2653 ,
2875 2579 3126 2640 fucosas
3166 2594 3310 2653 Spe-

156 2701 280 2762 cies
302 2691 1085 2770 obtentuum,.astularurii
1111 2708 1331 2753 arcana
1364 2691 1765 2753 molitionum
1789 2733 1805 2762 ,
1843 2686 2011 2749 vafra
2050 2688 2393 2763 eademque
2418 2700 2584 2744 cassa
2610 2683 2982 2760 plerumque
3008 2694 3309 2740 successu

157 2803 387 2859 artium
428 2798 865 2858 illaudatarum
913 2801 1291 2855 tentamenta
1328 2790 1604 2869 reperias
1627 2788 1933 2864 descripta
1950 2784 2234 2847 candide.
2261 2783 2554 2863 patefacta
2579 2779 2951 2857 simpliciter
2989 2794 3021 2838 a
3060 2776 3312 2838 conscio

158 2900 217 2952 et
260 2898 552 2970 autOpta.
586 2893 881 2952 Summos
923 2889 1108 2948 modo
1158 2886 1377 2946 barum
1410 2885 1626 2960 apices
1668 2896 1878 2940 rerum
1926 2882 2255 2957 per-volans
2298 2877 2546 2954 stringit
2582 2876 3314 2952 Gregoras,unus,quod

159 2990 352 3052 sciam
406 2991 571 3051 alius
592 2990 947 3050 Graecorum
987 2995 1233 3062 tempus
1271 2982 1439 3044 istud
1482 2988 1771 3050 tractans,
1808 2979 2107 3057 idemque
2161 2993 2289 3038 non
2329 2976 2614 3037 omnium
2658 2974 2972 3050 inspector
3021 2985 3314 3049 praesens.

160 3094 401 3170 quippe
451 3092 671 3169 junior
704 3089 1107 3167 Pachymcre,
1140 3083 1254 3146 nec
1292 3066 1771 3161 ’com'parandus
1812 3079 1980 3139 huic
2036 3077 2340 3157 dignitate
2385 3084 2446 3136 et
2508 3076 2710 3150 impar
2750 3071 3029 3150 judicio;
3060 3071 3321 3145 insuper

161 3192 375 3254 favore
409 3190 610 3250 nimio
635 3192 699 3249 in
731 3186 934 3265 partes
964 3186 1085 3246 sibi
1114 3183 1298 3245 amici
1332 3184 1609 3247 Seuioris
1634 3181 1935 3265 adversus
1964 3176 2286 3237 leuiorem
2317 3172 2627 3234 declarato
2646 3160 3322 3239 Andronicum,studin
3362 3218 3365 3219 ν

160 3305 307 3367 erga
341 3289 748 3361 Barlaamum
783 3283 1255 3371 haeresiarcbam
1284 3325 1300 3353 ,
1333 3281 1566 3342 invidia
1614 3260 1934 3345 factionis.
1978 3274 2430 3350 Acindyniaom
2453 3315 2469 3343 ,
2512 3272 2689 3346 cujus
2736 3272 2867 3329 erat
2915 3263 3177 3341 signifer
3200 3309 3216 3336 ,
3252 3264 3325 3322 li-

157 3391 363 3451 centia
404 3387 786 3456 obtrectandi
827 3366 1223 3463 principibus
1251 3390 1312 3445 et
1342 3379 1662 3443 monachis
1685 3420 1701 3450 ,
1732 3375 2186 3437 indelebiltbus
2243 3371 2527 3432 maledici
2559 3387 2628 3431 ac
2658 3367 2973 3428 mendacis
3015 3369 3090 3425 ab
3123 3365 3322 3439 ipsius

160 3488 390 3566 annali
440 3460 867 3548 Cantacuzeno
913 3460 1310 3559 stiginatibus
1369 3477 1537 3539 inuri
1592 3472 1886 3546 meritus;
1922 3471 2195 3546 denique
2226 3482 2442 3546 parum
2479 3467 2664 3527 etiam
2693 3466 3118 3526 Cantacuzeno
3145 3460 3322 3520 defe-

165 3595 450 3655 rentium
502 3598 564 3651 et
626 3587 967 3649 liberorum
1027 3585 1198 3645 omni
1256 3579 1617 3659 praejudicio
1664 3579 1966 3638 lectorum
2014 3586 2192 3649 requa
2235 3568 2542 3643 sententia
2613 3564 2940 3635 notabilis,
2981 3551 3148 3639 quod
3202 3558 3366 3621 sibi.

163 3693 392 3752 tamam
439 3690 605 3760 ildei,
630 3703 776 3766 quas
808 3694 904 3747 est
937 3685 1143 3745 anima
1176 3656 1471 3747 historice,
1504 3694 1630 3738 non
1662 3676 1814 3736 satis
1844 3672 2114 3735 sollicite
2131 3671 2214 3731 sit
2238 3672 2440 3734 tuitus
2466 3668 2766 3727 adversus
2789 3664 2991 3741 justas
3020 3656 3329 3735 suspicio-

169 3811 279 3855 nes
306 3780 468 3871 styli
505 3792 835 3851 atfectibns
865 3786 1127 3849 obnoxii
1157 3791 1217 3845 et
1246 3782 1487 3861 ingenii
1517 3779 1780 3844 venalis.
2190 3820 2197 3827 ς

245 3859 672 3957 νῐ.’1]ηἱουω
707 3906 860 3967 ergo
892 3886 1230 3949 Andronici
1268 3859 1545 3945 actorum
1583 3890 1799 3942 testem
1829 3879 2035 3948 hunc,
2075 3875 2359 3955 prudens
2389 3871 2630 3938 Lector,
2665 3866 2825 3927 habe
2870 3866 3168 3927 idoneum
3216 3859 3331 3916 Pa—

171 4001 538 4077 eby'merem
564 4017 580 4068 ;
605 4010 724 4055 nec
756 4001 961 4054 metue
983 3990 1322 4069 perniciem
1344 4005 1485 4068 qum
1511 4004 1542 4048 a
1567 3987 1921 4047 narratione
1939 3981 2222 4044 felicium
2244 3972 2551 4040 scelerum
2574 3971 2838 4033 cavenda
2861 3970 3084 4029 merito
3113 3965 3327 4039 legen-

176 4063 350 4164 tibus
382 4063 845 4181 praescribitur,
875 4114 955 4156 ne
983 4063 1061 4154 ad
1094 4063 1515 4153 imitationem
1562 4088 1851 4148 incautos
1886 4085 2209 4145 allectent.
2245 4081 2465 4154 Magna
2498 4076 2599 4134 hic
2634 4068 2972 4133 Andronici
3020 4063 3329 4130 senioris,
3392 4123 3398 4133 ,

172 4201 284 4263 sed
310 4162 613 4260 vindicta
640 4193 803 4256 acris
840 4210 955 4254 nec
981 4192 1192 4254 dilatas
1223 4185 1516 4269 praesenti
1551 4184 1723 4246 velut
1762 4182 2083 4249 antidoto,
2115 4177 2293 4236 nullo
2315 4177 2439 4250 jam
2473 4170 2752 4249 periculo
2783 4162 3329 4245 cognoscentium.

166 4297 450 4361 erimina
482 4294 863 4372 produntur.
892 4268 1239 4351 Exhibetur
1268 4287 1320 4348 is
1357 4272 1747 4359 fmdifragus,
1782 4276 2124 4358 perduellis
2148 4271 2377 4337 Christi
2409 4269 2673 4339 vicario,
2703 4276 3075 4333 contumax,
3106 4268 3333 4321 contu-

178 4397 518 4464 meliosus,
553 4390 1019 4472 ingratissimus
1052 4387 1347 4451 Ecclesia)
1368 4384 1737 4463 apostolica)
1766 4383 2063 4441 Romanis
2098 4397 2112 4435 :
2145 4373 2256 4434 sed
2302 4382 2365 4431 et
2411 4370 2714 4431 continuo
2770 4366 2936 4425 idem
2983 4360 3337 4421 Ostenditur

178 4493 819 4577 imprudentissimus
846 4491 905 4551 in
931 4489 1106 4550 omni
1126 4486 1419 4568 consilio,
1444 4481 1923 4546 infelicissimus
1954 4479 2019 4537 in
2053 4473 2227 4536 omni
2258 4478 2493 4546 coepto;
2529 4466 2686 4530 nulli
2710 4464 2996 4543 quamvis
3018 4459 3338 4549 imbecillo

172 4621 303 4665 non
320 4594 761 4663 "succumbens
796 4586 981 4666 hosti,
1008 4592 1167 4655 nulli
1198 4606 1323 4652 non
1356 4586 1699 4653 ludibrium
1749 4578 2059 4645 adversari
2090 4590 2243 4637 auso
2267 4574 2557 4651 prmbens
2577 4611 2592 4636 ,
2630 4569 2889 4645 impune
2917 4557 3167 4666 semper
3196 4577 3343 4621 cou-

180 4708 489 4778 temptns,
513 4693 856 4756 cumlucro
886 4690 1112 4752 irrisus
1139 4710 1155 4759 ;
1195 4686 1376 4765 cujus
1409 4686 1595 4745 minus
1624 4679 1870 4743 nullum
1905 4674 2173 4754 pondus,
2199 4668 2435 4729 nullam
2461 4663 2870 4726 constantiam
2895 4653 3162 4729 decreta,
3199 4661 3341 4719 nul-

182 4803 299 4864 lam
333 4802 521 4862 ﬁdem
568 4797 790 4865 verba,
828 4791 1072 4852 nullum
1105 4785 1419 4849 desideria
1465 4796 1823 4844 successum
1865 4776 2235 4841 habuerint;
2273 4768 2493 4829 umbra
2522 4764 2939 4841 imperatoris,
2975 4763 3140 4822 larva
3171 4759 3345 4836 prin-

178 4902 367 4979 cipis,
400 4913 635 4973 scopus
660 4870 859 4955 ‘sortis
892 4892 1168 4951 adversm
1191 4934 1207 4962 ,
1242 4884 1559 4948 fecundus
1587 4884 1655 4944 in
1688 4895 1876 4941 suum
1906 4878 2180 4937 dedecus
2210 4884 2280 4929 ac
2330 4867 2664 4935 damnum,
2702 4866 3019 4939 longaevus
3070 4863 3142 4922 ad
3199 4854 3342 4938 μέγα

184 4956 555 5080 pertuitatem
591 4994 904 5065 miserim;
932 4991 1249 5066 denique,
1281 5004 1315 5049 a
1355 5002 1478 5063 quo
1513 4979 1988 5043 inclinationem
2029 4973 2312 5033 ultimam
2351 4971 2426 5031 ad
2455 4970 2722 5031 exitium
2786 4958 3189 5039 irreparabile
3244 4956 3346 5015 in—

183 5063 355 5179 clyto
375 5103 596 5160 decem
627 5094 877 5155 saeculis
910 5109 1086 5152 novae
1109 5063 1333 5151 homin
1364 5084 1637 5162 imperio
1668 5083 1871 5159 datam
1903 5074 2113 5138 omnis
2137 5077 2281 5153 jure
2320 5074 2655 5149 deplorans
2686 5071 2745 5131 et
2777 5065 3087 5123 detestans
3143 5063 3346 5133 poste-

2085 5175 2095 5179 -
2183 5174 2198 5179 -
2593 5166 2605 5178 .
2863 5162 2903 5179 η
3006 5177 3019 5179 ᾼ
3277 5155 3344 5179 Α,

182 5155 331 5265 ritas
366 5203 698 5273 queretur.
726 5189 1161 5263 Hmc,candide
1199 5191 1440 5258 Lector,
1463 5158 1874 5244 occurrerunt
1904 5191 2047 5252 quae
2083 5175 2144 5232 in
2183 5174 2302 5233 hoc
2336 5166 2693 5231 tibilimine
2732 5162 3043 5256 prmfarer.
3080 5158 3239 5239 Nam
3272 5155 3352 5215 de

186 5315 321 5363 mea
374 5256 832 5368 interpretandi
865 5288 1105 5349 ratione
1129 5330 1144 5358 ,
1174 5287 1250 5347 de
1283 5256 1506 5345 ordine
1551 5297 1622 5342 ac
1658 5274 1958 5344 .methodo
1994 5269 2249 5332 notandi
2286 5272 2502 5333 eadem
2548 5281 2688 5345 quae
2748 5263 2811 5323 in
2866 5261 3066 5322 fronte
3122 5256 3351 5336 prioris

187 5396 385 5477 partis
412 5391 744 5455 admonui,
780 5388 941 5448 dicta
982 5384 1083 5445 hic
1111 5400 1367 5463 quoque
1407 5380 1593 5441 velim
1642 5373 1943 5451 intelligi.
1976 5373 2147 5434 Vale.
2702 5356 2703 5359 “
2878 5398 2881 5399 ν

200 5469 629 5560 recumbam
659 5487 873 5549 Romae
903 5485 1102 5565 pridie
1136 5486 1279 5543 idus
1320 5478 1806 5551 Januarii_anno
1837 5469 2066 5534 Christi
2115 5471 2283 5530 reos.
