4100 6324
702 354 771 417 ιτ
1894 312 2213 411 necnon
2252 353 2727 414 mentatum:

3827 348 3908 410 48

707 467 841 536 μηδὲ
879 461 1101 523 πολλοὺς
1131 460 1438 529 μεμνῆσθαι
1466 461 1526 529 ἦν
1564 458 1616 511 τί
1650 473 1750 510 που
1785 459 1877 509 καὶ
1908 458 2162 527 ἐτελέσθη
2192 461 2248 510 ἐν
2279 468 2327 526 Α
2355 458 2476 533 ἕνῇ
2505 462 2566 514 τὸ
2609 464 2768 531 σῶμα
2801 465 3169 531 χωρήσουσαν,
3207 462 3349 515 οὕτω
3381 463 3433 514 δὲ
3465 459 3666 514 ταύττιν
3704 460 3821 513 οἷαν
3847 461 3908 512 τ’

705 554 913 614 τούτοις
941 553 1045 604 τῶν
1066 549 1222 619 ἱερῶν
1238 549 1487 601 τελετῶν.
1520 548 1605 610 Ὠς
1624 546 1752 615 γοῦν
1774 548 1948 599 ἐκεῖσε
1976 548 2254 616 συναχθέν-

704 663 793 706 τες
821 641 1178 709 ὑπ”ὀπτῆρσι
1215 642 1456 699 πιστοῖς,
1498 636 1570 697 ὼς
1625 636 1699 706 μὴ
1739 634 1917 690 λαθών
1965 654 2045 698 τις
2094 636 2253 688 είσίοι

701 736 809 788 τῶν
840 733 1021 801 σφίσιν
1050 729 1450 798 ἀκοινωνήτων,
1488 728 1586 788 τὰς
1622 725 1865 788 συνάξεις
1894 726 2131 791 ἐτέλουν,
2161 726 2254 779 καὶ

704 825 964 892 συχνάκις
1006 822 1236 889 πέμπων
1263 821 1290 870 ὀ
1322 818 1574 885 βασιλεὺς
1605 814 1697 867 τοῦ
1725 817 1793 869 τὰ
1826 816 1943 870 κατ’
1973 817 2168 879 αὐτοὺς
2197 819 2251 867 ἐν

701 912 947 982 φροντίσι
1004 910 1266 980 μεγάλαις
1315 908 1460 977 ἔχειν
1531 909 1757 975 παρεῖχε
1808 907 2059 975 δόκησιν,
2101 910 2252 961 αὐτοὶ

703 1000 792 1057 ἐπὶ
826 1002 990 1055 πλέον
1017 1000 1388 1070 θαρσήσαντες
1416 997 1548 1067 πρὸς
1580 1000 1645 1051 τὰ
1671 999 1727 1049 ἐν
1755 996 2053 1066 Χαλκηδόνι
2085 997 2273 1053 πάλαι

702 1096 1037 1155 τελεσθέντα,
1067 1094 1141 1153 ὼς
1167 1094 1193 1145 ὁ
1222 1091 1379 1156 λόγος
1409 1091 1576 1159 αἱρεῖ,
1599 1090 1691 1141 ἐπὶ
1718 1089 1794 1156 τῷ
1824 1089 1923 1158 τῆς
1954 1088 2252 1157 καλλιπαρ-

701 1192 854 1244 θένου
884 1189 978 1242 καὶ
1020 1186 1292 1257 μάρτυρος
1324 1184 1612 1253 Εὑιρημίας
1635 1182 1844 1252 σώματι
1866 1183 2123 1257 άνάγουσι
2152 1180 2256 1250 τὴν

700 1279 1023 1349 ἐνθύμησιν,
1051 1278 1141 1329 καί
1164 1293 1235 1341 γε
1276 1275 1371 1327 καὶ
1406 1276 1562 1327 αὐτοὶ
1596 1274 1699 1326 ὑπὸ
1741 1273 1953 1341 σώματι
1985 1272 2125 1340 ἁγίῳ
2151 1271 2252 1323 πά-

700 1373 789 1425 λαι
819 1366 1252 1427 κατατεθνεῶτος
1282 1364 1458 1434 νεκρῷ
1498 1363 1563 1416 τὰ
1608 1363 1729 1418 καθ’
1770 1362 1967 1426 αὐτοὺς
2007 1364 2079 1423 ὡς
2120 1362 2248 1428 ἀρε-

700 1461 886 1524 σκείας
923 1458 1206 1529 ἐξημμένα
1254 1454 1405 1518 θείας
1441 1455 1705 1509 δεικνύειν
1751 1454 1963 1524 ἤθελον,
2002 1452 2096 1505 καὶ
2133 1453 2248 1521 ἃμα

697 1555 774 1622 τῷ
795 1554 985 1619 δεῖξαι,
1025 1552 1098 1613 ὡς
1128 1549 1376 1621 ἡλπιζον,
1408 1548 1557 1617 σφίσι
1597 1547 1888 1616 προσσχεῖν
1917 1545 2102 1613 ἠξίουν
2123 1543 2250 1605 τοὺς

698 1646 887 1706 ἄλλους
921 1642 1012 1695 καὶ
1044 1640 1348 1698 πείθεσθαι,
1374 1639 1476 1690 κᾶν
1502 1639 1529 1689 ὃ
1558 1653 1604 1688 τι
1638 1635 1847 1702 λέγοιέν
1871 1650 1927 1685 τε
1961 1635 2053 1685 καὶ
2080 1633 2249 1702 πράτ-

698 1752 864 1787 τοιεν.
902 1731 1159 1785 Πείθεται
1186 1727 1395 1789 τούτοις
1430 1728 1457 1777 ὁ
1483 1726 1730 1795 βασιλεὺς
1757 1726 1846 1777 καὶ
1871 1714 2035 1793 ’σωμα
2066 1722 2161 1791 μὲν
2188 1721 2249 1774 τὸ

698 1825 789 1877 τοῦ
818 1820 1182 1892 Δαμασκηνοῦ
1208 1820 1303 1871 καὶ
1345 1818 1488 1869 θείου
1520 1817 1733 1886 Πατρὸς
1781 1815 2029 1868 Ἰωάννου
2063 1814 2246 1873 αὐτοῖς
2278 1801 2320 1854 Β
2348 1821 2696 1882 ταπεσόντος,
2724 1819 3015 1871 διακωλύει
3045 1818 3441 1887 τοὺγχείρημα,
3470 1816 3530 1867 τὸ
3556 1813 3662 1866 τῶν
3694 1810 3905 1865 πολλῶν

698 1916 952 1984 αίτὴσασι
985 1912 1221 1971 δίδωσιν,
1243 1908 1408 1971 ὼςλ.ἂν
1440 1907 1495 1959 δὲ
1532 1908 1605 1975 μή
1637 1923 1689 1958 τι
1714 1907 1805 1958 καὶ
1830 1903 2248 1977 ῥᾳδιουργηθείη

699 2010 793 2062 ἐπὶ
825 2009 937 2067 τοῖς
983 1999 1457 2073 προσδοκωμένοις
1502 1998 1725 2067 τέρασιν
1757 1994 1800 2063 ἧ
1838 1994 1946 2065 μὴν
2002 1994 2094 2046 καὶ
2121 1995 2249 2045 ὐπο-

700 2094 955 2163 πτευθείη
987 2089 1373 2163 ῥᾳδιουργηθὲν
1405 2088 1611 2157 (stipat;
1640 2085 1748 2155 γάρ
1772 2083 2249 2153 ὲπιτεθησομένοις

698 2185 776 2253 τῷ
802 2184 1013 2252 σώματι
1044 2180 1111 2233 τὰ
1148 2178 1269 2231 καθ’
1313 2175 1507 2238 αὐτοὺς
1554 2176 1872 2243 ἐπιτρέπειν
1912 2173 2249 2237 ἐβούλοντο),

699 2278 757 2341 ἐξ
786 2274 951 2340 αὐτῆς
989 2270 1236 2337 βασιλεὺς
1267 2268 1598 2336 προστάσσει
1646 2263 2113 2330 ἐπισκευασθῆναι
2148 2264 2249 2327 μὲν

701 2367 893 2436 ἑτέραν
943 2362 1166 2432 μείζονα
1195 2358 1388 2427 θήκην,
1436 2358 1528 2408 καὶ
1560 2355 1720 2425 σῶμα
1745 2354 1839 2406 καὶ
1865 2352 2038 2424 θήκην
2081 2354 2250 2422 αὐτὴν

610 2502 614 2506 ³
704 2521 961 2591 templum
996 2524 1306 2570 sanctorum
1333 2510 1573 2566 omnium
1610 2510 1875 2575 attribuit,
1923 2509 2052 2565 satis
2080 2522 2277 2589 capax}?

703 2625 907 2681 magnae
948 2602 1306 2661 multitudinis
1356 2594 1745 2670 magniliceque
1796 2606 2068 2661 ornatum,
2100 2606 2159 2651 ut
2195 2598 2248 2649 in

705 2704 755 2757 id
791 2700 884 2771 qui
913 2695 1271 2753 convenirent
1300 2708 1421 2746 cum
1454 2690 1693 2762 jucunde
1725 2704 1889 2742 sensu
1924 2687 2091 2740 animi
2116 2702 2250 2741 con-

702 2792 1069 2857 solatioueque
1091 2799 1200 2839 non
1229 2783 1436 2845 modica
1457 2781 1587 2835 dare
1611 2794 1828 2848 operam
1857 2778 2097 2848 religioni
2125 2790 2250 2846 pos-

692 2869 842 2953 seut,
868 2889 920 2934 at
939 2879 1078 2932 idem
1108 2873 1286 2944 (Quod
1312 2872 1607 2940 praesertim
1630 2869 1971 2939 quaerebatur
1998 2872 2015 2939 )
2046 2883 2111 2922 ex
2138 2877 2245 2920 tam

701 2978 861 3044 longo
898 2985 1094 3024 vacans
1126 2976 1180 3021 et
1212 2965 1454 3018 clausum
1496 2970 1761 3030 tempore,
1789 2971 1848 3015 ut
1874 2961 2031 3031 pauci
2066 2961 2250 3016 viven-

702 3067 834 3117 tium
867 3059 1276 3113 recordarcntnr
1304 3054 1463 3106 ullam
1503 3051 1557 3103 in
1586 3065 1652 3104 co
1679 3051 2009 3106 [unctionem
2045 3066 2247 3106 sacram

704 3152 942 3208 exerceri
984 3164 1042 3204 se
1087 3147 1307 3201 vidisse.
1352 3144 1429 3198 lbi
1456 3156 1586 3212 ergo
1623 3156 1743 3193 cum
1793 3156 1923 3195 suos
1960 3142 2245 3195 Arseuiani
2275 3120 2313 3177 θ

702 3252 1020 3304 conventus,
1055 3239 1174 3292 ﬁdis
1201 3236 1271 3289 ad
1303 3230 1831 3287 valvaS‘custodihus
1860 3232 2152 3300 appositis,
2184 3247 2252 3285 ne

702 3337 826 3404 quis
848 3335 1115 3398 irreperet
1146 3339 1337 3379 eorum
1368 3337 1492 3377 cum
1511 3322 1710 3393 quibus
1730 3321 2135 3374 communicare
2160 3336 2253 3374 ne-

707 3430 786 3499 fas
811 3420 1234 3479 arbitrabantur,
1268 3411 1563 3482 coepissent
1590 3427 1860 3495 goneursu
1894 3411 2094 3482 ingenti
2114 3411 2255 3478 cele-

708 3521 886 3577 lirare,
911 3510 1199 3566 affectabat
1220 3507 1285 3561 iis
1311 3504 1658 3560 demerendis
1693 3504 1936 3558 intentus
1960 3504 2253 3572 imperator

706 3620 883 3664 certos
920 3622 949 3659 e
994 3606 1107 3657 suis
1140 3600 1268 3654 illuc
1298 3599 1613 3667 frequenter
1647 3595 1883 3659 mittere,
1922 3586 2012 3663 qni
2058 3602 2253 3662 priesto

706 3699 840 3769 ipsis
858 3706 1041 3751 essent
1060 3702 1113 3746 et
1142 3687 1485 3745 securitatem
1506 3700 1666 3754 quam
1690 3690 1940 3753 Optarent
1965 3681 2253 3735 maximam

710 3794 1048 3860 praestarent,
1104 3797 1167 3835 ac
1214 3780 1314 3834 sibi
1346 3792 1465 3831 esse
1509 3791 1653 3829 θυι-ιε
1692 3789 1777 3827 res
1805 3775 2043 3842 ipsorum
2074 3772 2253 3829 .ﬁdem

709 3881 949 3933 lacerent
972 3872 1345 3928 certissimam.
1375 3867 1504 3937 Inde
1536 3866 1609 3941 illi
1637 3865 1777 3918 aucti
1800 3863 1994 3917 animis
2016 3861 2254 3931 polliceri

712 3968 826 4022 ausi
855 3973 983 4019 sunt
1017 3976 1074 4017 se
1130 3959 1394 4013 miraculo
1427 3956 1544 4023 ejus
1573 3954 1733 4007 simili
1769 3953 1915 4021 quod
1957 3953 2083 4005 olim
2115 3950 2255 4020 apud

708 4054 1106 4112 Cbalccdonem
1132 4051 1185 4102 in
1214 4062 1436 4114 corpore
1458 4054 1656 4097 sancire
1674 4029 1905 4111 virginis
1931 4051 1985 4096 et
2010 4043 2257 4109 martyris

710 4145 1023 4216 Eupbeiniae
1056 4149 1333 4194 ostensum
1371 4136 1536 4189 luisse
1570 4135 1719 4189 fama
1739 4133 1925 4199 ferret,
1972 4134 2254 4187 veritatem

714 4253 825 4293 sua:
850 4233 1111 4289 doctrina:
1137 4227 1510 4296 iustitiamque
1535 4236 1697 4277 secta:
1734 4223 2072 4289 probaturos.
2106 4222 2259 4275 Pete—

716 4331 844 4383 bant
879 4324 1040 4394 igitur
1069 4319 1186 4374 dari
1222 4318 1324 4369 sibi
1357 4329 1553 4383 corpus
1597 4312 1812 4380 aliquod
1850 4311 2022 4365 sancti
2055 4312 2257 4365 dudum

716 4414 1117 4483 mortui,.certo
1146 4407 1415 4462 conlidere
1442 4419 1499 4457 se
1526 4403 1731 4456 aientes
1760 4404 2252 4478 demonstraturum

2364 4408 2763 4481 mendarcntur,
2795 4420 2945 4458 suam
2980 4414 3038 4458 ut
3068 4405 3135 4457 ab
3168 4405 3439 4474 illegitimo
3460 4414 3903 4465 etexcommuni-

716 4524 812 4576 per
845 4503 976 4557 illud
1000 4499 1192 4561 Deum,
1219 4493 1475 4565 quidquid
1501 4491 1598 4557 ipsi
1626 4491 1882 4561 egissent,
1910 4505 1966 4543 se
1996 4490 2257 4543 hactenus

715 4598 926 4651 Vulente
948 4608 1010 4645 ac
1028 4589 1248 4658 jubente
1266 4585 1491 4646 factum;
1516 4596 1623 4648 quo
1650 4580 1765 4633 viso
1790 4578 1986 4633 deinde
2003 4594 2097 4647 par
2116 4586 2259 4631 esset

718 4685 1052 4741 adversarios
1082 4683 1318 4749 ipsorum
1349 4675 1543 4729 div-inm
1571 4671 1877 4726 auctoritati
1916 4671 2130 4733 cedere,
2161 4682 2261 4727 nec

715 4781 825 4849 jam
855 4772 1106 4839 ampl:us,
1150 4768 1382 4825 sicuLad
1418 4766 1554 4817 hanc
1595 4777 1763 4831 usque
1807 4762 1949 4815 diem
1998 4760 2259 4849 fecerant,

722 4828 821 4849 ,ψη
950 4828 961 4839 .
1094 4828 1102 4831 -
1676 4828 1693 4831 _

722 4872 789 4926 dc
829 4864 1134 4921 innocentia
1169 4862 1405 4928 ipsorum
1439 4856 1829 4923 sanct‘itateque
1860 4828 2260 4907 dubitare.‘As-

722 4957 895 5016 sensit
925 4965 978 5011 et
1007 4954 1093 5008 his
1136 4954 1432 5019 Augustus,
1467 4946 1746 5013 sanctique
1779 4954 1834 4998 et
1871 4946 2036 4998 divini
2087 4945 2262 4998 Patris

718 5049 942 5107 Joannis
963 5040 1276 5101 Damasceni
1297 5053 1509 5092 sacrum
1535 5038 1598 5089 ad
1619 5038 1720 5089 hoc
1743 5036 2126 5103 experiendum
2148 5051 2266 5088 cor-

723 5156 823 5212 pus
853 5140 915 5192 iis
945 5136 1185 5197 tradidit.
1233 5131 1370 5196 Quia
1402 5143 1527 5181 vero
1573 5127 1855 5194 Arseniani
1887 5128 2162 5195 jactabant
2206 5141 2265 5179 se

725 5231 919 5297 scripta
948 5226 1332 5293 professionem
1367 5235 1477 5273 suae
1510 5221 1749 5285 ipsorum
1782 5218 1904 5271 ﬁdei
1940 5218 2266 5285 gjuriumque

724 5318 1071 5373 assertionem
1099 5310 1507 5378 complectentia
1535 5308 1599 5360 ad
1628 5309 1800 5361 sancti
1824 5308 2070 5375 corporis
2100 5307 2268 5370 pedes
2298 5364 2307 5367 ἶ

725 5408 1016 5480 posituros,
1046 5400 1384 5470 postmodum
1419 5411 1545 5450 vero
1565 5395 1749 5449 eadem
1781 5398 1978 5464 scripta
1999 5413 2027 5447 e
2045 5396 2267 5462 pedibus

726 5497 829 5569 41,
870 5495 936 5551 ad
967 5506 1159 5546 manus
1193 5489 1362 5544 sancti
1409 5487 1587 5541 divina
1624 5486 1674 5538 vi
1706 5496 1947 5553 promota
1996 5494 2266 5550 repertum

731 5589 815 5648 iri,
856 5583 1114 5639 sollicitus
1144 5581 1432 5649 imperator
1489 5592 1557 5629 ne
1613 5574 1763 5628 fraus
1800 5574 2150 5627 interveniret
2214 5576 2265 5626 in

731 5694 795 5730 eo
825 5677 1081 5735 «tumpiaut
1110 5689 1170 5727 ac
1229 5670 1393 5735 (quod
1448 5667 1722 5733 suspicata
1777 5680 2006 5734 pronum
2053 5673 2169 5716 erat
2201 5664 2268 5717 de

2356 551 2495 607 εῖναι
2556 553 2955 621 ἀσφαλισθῆναι
3002 555 3096 607 καὶ
3145 553 3317 605 κλεισὶ
3348 553 3442 605 καὶ
3483 553 3776 618 σφραγῖσιν
3820 550 3910 611 ὡς

2358 642 2492 711 μηδὲ
2538 642 2627 693 τὶν
2655 641 3037 710 ἐντεχνότατον
3063 643 3202 693 κατὰ
3226 641 3482 692 Δαίδαλον
3515 638 3909 707 παρεγχειρεῖν

2358 732 2483 801 μηδ’
2506 732 2684 786 ὁτιοῦν
2720 731 3001 783 δύνασθαι.
3038 732 3207 782 Αὐτὸν
3247 732 3428 798 μέντοι
3464 733 3722 799 παρεῖχεν
3755 728 3910 780 ἐτοι-

2356 840 2479 892 μον,
2518 825 2568 875 εί
2597 821 2969 893 προσληφθείη
2998 824 3117 882 ταῖς
3142 820 3237 872 τοῦ
3270 822 3426 887 ἁγίου
3455 822 3643 890 χερσὶν
3675 821 3704 872 ὁ
3732 818 3911 887 τόμος

2352 913 2490 982 πρὸς
2518 914 2644 966 ποσὶ
2679 913 2875 975 τεθεὶς,
2900 914 2966 964 τὰ
2997 911 3353 979 γεγραμμένα
3380 911 3636 979 πράττειν
3662 912 3911 978 ἀναμφι-

2352 1004 2542 1065 ϐόλως.
2589 1003 2677 1056 Ἐν
2706 1003 2815 1071 ὅσῳ
2859 1003 2956 1070 μὲν
2984 999 3073 1054 οὖν
3104 1000 3255 1054 ταῦτ’
3294 1003 3620 1069 ἐπράττετο,
3657 1003 3907 1054 κάκεῖνοι

2349 1096 2628 1164 νηστείαις
2674 1095 2770 1148 καὶ
2813 1095 3140 1163 προσευχαῖς
3178 1086 3463 1151 παντοίαις
3514 1090 3931 1159 προετελοῧντοι

2351 1187 2446 1240 καὶ
2469 1186 2787 1255 παννυχίσιν
2811 1186 3103 1255 ὑμνῳδίαις
3122 1183 3472 1253 ἐσχόλαζον,6
3499 1181 3773 1252 βασιλεὺς,
3795 1180 3908 1234 κᾶν

2348 1279 2507 1339 αὐτὸς
2539 1279 2623 1345 ἐφ’
2651 1275 2846 1329 ἐαυτοῦ
2876 1276 2979 1329 κᾶν
3010 1275 3171 1330 ἄλλου
3212 1291 3274 1341 γε
3309 1274 3738 1342 ὑπομνήσαντος,
3774 1272 3909 1338 περὶ

2349 1369 2549 1436 ἐαυτῷ,
2579 1369 2654 1430 ὡς
2682 1367 3235 1433 ἔδοξενμὺπονοήσας,
3287 1366 3484 1433 μήπως
3522 1362 3616 1415 καὶ
3650 1363 3735 1413 ἐπ’
3760 1361 3906 1429 αὐτῇ

2351 1460 2595 1531 βασιλείᾳ
2618 1462 2712 1513 καὶ
2736 1463 2800 1529 τῇ
2824 1458 2951 1526 περῖ
2976 1457 3181 1527 ταύτης
3206 1456 3430 1524 ζητήσει
3458 1456 3575 1524 (καὶ
3596 1453 3770 1505 ταῦτα
3794 1453 3908 1521 γὰρ

2348 1552 2563 1618 ἐλέγετο
2614 1550 2796 1619 ζητεῖν
2838 1550 3098 1625 ἐκείνους)
3133 1546 3502 1616 ἀμφισόητεῖν
3550 1541 3903 1613 προαχθεῖεν,

2347 1642 2442 1694 καί
2470 1643 2523 1708 γ’
2557 1641 2653 1694 ἐπὶ
2681 1639 2831 1692 τοῦτ’
2856 1638 3120 1706 ἀδοξήσας
3154 1635 3528 1704 ἀναλαμϐάνει
3564 1650 3623 1687 τε
3648 1633 3745 1693 τὰς
3768 1634 3907 1700 δμο-

2349 1731 2534 1799 λογίας
2564 1731 2843 1800 ἐξαίφνης,
2889 1730 2981 1783 καὶ
3014 1725 3256 1798 πέμψας,
3284 1727 3572 1795 ὀστράκου,
3620 1725 3775 1792 φασὶ,
3804 1736 3905 1789 με-

2348 1911 2753 1979 καχυπονόητον
2794 1909 3158 1973 ἀναστέλλων,
3192 1907 3362 1959 εἰπὼν
3398 1905 3535 1975 πρὸς
3579 1903 3773 1965 αὐτοὺς
3824 1902 3903 1964 ὡς

2349 2001 2519 2071 Εἴπερ
2571 2000 2645 2070 μὴ
2682 2001 3004 2068 ἐπιτρέπειν
3037 1999 3261 2061 ἐννοίαις
3308 1997 3603 2066 ἡμετέραις
3626 1995 3691 2046 τὰ
3723 2011 3775 2059 στι⁴
3801 1993 3903 2059 ἀγ-

2352 2109 2498 2160 ματα
2524 2094 2791 2161 ἀξιοῖμεν,
2829 2091 2965 2144 ἀλλὰ
2997 2093 3095 2161 τὴν
3135 2089 3317 2142 θεόθεν
3364 2091 3546 2158 ζητεῖν
3590 2085 3901 2155 συμϐουλὴν

2347 2183 2461 2251 (καὶ
2492 2181 2600 2251 γᾲρ
2648 2182 2790 2235 οὕτω
2824 2183 2920 2234 καὶ¹
2959 2181 3151 2249 ἄξιον),
3187 2181 3377 2249 ἀργεῖν
3428 2179 3526 2248 μὲν
3581 2179 3799 2246 ἀνάγκη
3833 2177 3901 2229 ἐκ

2350 2274 2579 2325 παλαιοῦ
2623 2278 2690 2326 τὰ
2721 2275 2946 2342 σημεῖα,
2998 2273 3097 2338 τῆς
3150 2256 3431 2331 εὐσεϐείας
3458 2269 3898 2337 -πλατυνθείσηςο

2346 2365 2492 2433 ἔχειν
2528 2363 2583 2416 δὲ
2618 2363 2714 2425 τὰς
2738 2364 2953 2431 γραφὰς
2977 2362 3084 2414 τῶν
3113 2362 3370 2429 Πατέρων
3400 2360 3458 2423 ἐξ
3485 2355 3559 2412 ὧν
3588 2361 3684 2412 καὶ
3711 2374 3902 2426 χειρα-

2351 2519 2659 2572 liominibus
2712 2518 2937 2587 ingenti,
2994 2531 3113 2586 quae
3154 2514 3328 2584 palam
3369 2520 3630 2571 exstaret.
3668 2519 3780 2564 toto
3844 2510 3901 2563 in

2349 2610 2453 2663 hoc
2480 2609 2693 2679 negotio
2714 2609 3009 2679 cupiditate
3054 2603 3357 2674 ruentibus)
3393 2604 3494 2673 ipsi
3537 2616 3699 2657 manu
3755 2600 3907 2667 adju-

2346 2710 2555 2768 varent,
2582 2712 2640 2756 ut
2658 2702 2800 2771 quod
2828 2702 3116 2755 studebant
3134 2699 3390 2754 divinitus
3407 2698 3904 2763 ell'ectumappare-

2348 2801 2451 2857 ret,
2486 2791 2625 2847 hanc
2660 2792 2778 2860 ejus
2826 2788 3047 2860 periculi
3088 2780 3420 2857 praicavendi
3452 2784 3713 2839 rationem
3772 2796 3906 2849 pru-

2347 2882 2541 2939 denter
2567 2880 2929 2957 iniit‘JPrazter
2952 2877 3162 2931 thecam
3192 2877 3370 2944 inqua
3392 2874 3560 2928 sancti
3578 2868 3899 2924 Damasceni

2350 2971 2590 3040 reliquiae
2642 2968 2995 3024 servabantur
3052 2965 3301 3029 conditae,
3359 2963 3500 3014 intra
3554 2971 3712 3028 quam
3767 2964 3901 3009 sua:

2348 3063 2676 3117 Arsenianos
2711 3059 2981 3127 deponere
3012 3057 3226 3110 chartas
3249 3052 3555 3123 oportebat,
3592 3048 3751 3101 aliam
3781 3058 3903 3099 ma-

2350 3153 2523 3219 jorem
2556 3149 2734 3219 parari
2764 3161 2943 3201 arcam
2970 3145 3148 3215 jussit,
3190 3146 3260 3205 in
3294 3157 3457 3212 quam
3495 3140 3685 3194 eadem
3736 3136 3902 3189 theca

2350 3241 2710 3308 conjiceretur
2769 3238 2983 3307 scriptis
3028 3237 3138 3305 jam
3192 3235 3248 3288 in
3287 3248 3409 3287 eam
3461 3231 3667 3285 missis.
3699 3230 3902 3283 Arcam

2353 3343 2513 3398 porro
2545 3327 2866 3380 exteriorem
2899 3327 3053 3377 istam
3084 3324 3219 3377 seris
3268 3322 3456 3389 sigillis
3509 3320 3748 3373 clavibus
3775 3334 3901 3371 mu-

2340 3421 2455 3474 ‘niri
2484 3419 2691 3472 curavit
2725 3419 2797 3469 ita
2852 3415 3099 3475 ﬁrmiter,
3138 3414 3212 3467 ita
3243 3422 3431 3466 contra
3483 3412 3723 3464 omnium
3753 3417 3903 3461 astu-

2354 3510 2548 3564 tiarum
2580 3507 2734 3560 dolos
2775 3504 3278 3573 impenetrabiliter,
3310 3513 3371 3557 ut
3400 3518 3466 3555 ne
3490 3493 3735 3555 Daedalus
3771 3500 3903 3567 qui-

2353 3602 2497 3666 dem,
2520 3607 2612 3653 aut
2631 3598 2675 3651 si
2703 3598 2822 3665 quis
2851 3597 2957 3650 isto
2980 3596 3266 3657 versutior,
3294 3593 3539 3648 fraudem
3567 3596 3619 3646 in
3681 3609 3744 3647 eo
3776 3610 3904 3647 mo-

2352 3688 2439 3745 liri
2463 3690 2625 3743 ullam
2644 3698 2977 3743 attentareve
3003 3684 3437 3754 indeprehensus
3459 3694 3666 3754 posset.
3703 3685 3903 3757 Ingens

2354 3792 2473 3837 erat
2510 3791 2738 3836 eventus
2798 3778 3156 3847 exspectatio,
3222 3778 3534 3832 Arsenianis
3573 3779 3901 3847 jejunando,

2356 3865 2805 3940 pervigilandisin
2843 3867 3128 3936 hymnodia
3163 3864 3434 3929 noctibus,
3486 3869 3633 3920 omni
3665 3870 3902 3939 denique

2328 3958 2605 4027 'supplicii
2640 3972 2702 4011 ac
2743 3956 3017 4025 religionis
3081 3954 3522 4023 exquisitissime
3566 3971 3762 4027 genere
3791 3961 3899 4015 voti

2357 4049 2609 4103 ell'ectnm
2626 4047 2767 4115 apud
2788 4061 3009 4111 superos
3029 4047 3363 4115 urgentibus,
3381 4050 3595 4115 quando
3610 4050 3904 4119 imperator

2357 4141 2441 4193 vel
2476 4154 2572 4207 per
2600 4152 2719 4190 sese
2746 4135 2951 4189 veritus
2979 4135 3143 4202 ccepti
3174 4136 3426 4202 ancipitis
3458 4139 3683 4201 exitum,
3715 4141 3799 4193 vel
3822 4142 3901 4197 tab

2360 4232 2541 4299 aliquo
2562 4228 2801 4281 monitus
2817 4234 3031 4295 quanta:
3054 4226 3131 4278 rei
3159 4227 3326 4278 aleam
3346 4228 3567 4294 iaceret,
3588 4244 3708 4282 eum
3726 4234 3901 4286 mani-

2363 4323 2499 4373 feste
2525 4327 2815 4377 constaret,
2842 4318 2883 4370 si
2907 4317 3109 4370 cwlesti
3135 4318 3441 4371 testimonio
3456 4322 3732 4373 Arseniani
3754 4338 3904 4386 cum;

2361 4511 2484 4555 cato
2499 4499 2797 4569 patriarcha
2814 4499 3002 4550 factam
3021 4497 3349 4551 evectionem
3369 4498 3433 4551 ad
3453 4499 3730 4567 imperium
3757 4504 3901 4557 haud

2361 4590 2522 4644 dubie
2538 4589 2831 4642 vocandam
2852 4588 2906 4639 in
2934 4575 3371 4649 centroversiam,
3392 4590 3435 4642 si
3453 4605 3559 4642 non
3576 4602 3631 4644 ct
3647 4594 3900 4660 proinani

2361 4694 2424 4731 ac
2445 4678 2598 4746 plane
2623 4678 2763 4730 nulla
2794 4678 3201 4744 reprobandam,
3240 4679 3509 4731 revocavit
3541 4682 3747 4747 trepide
3783 4700 3902 4750 qna:

2362 4770 2693 4830 decreverat,
2710 4778 2761 4821 et
2774 4768 2916 4821 misit
2934 4781 3151 4836 repente
3176 4770 3277 4836 qui,
3295 4773 3736 4827 rescrarisacrunt
3756 4776 3906 4830 locu—

2365 4862 2496 4921 lum,
2515 4862 2882 4930 explorariquc
2907 4860 3094 4928 ecquid
3114 4862 3272 4913 situm
3293 4864 3573 4929 scripturae
3602 4866 3709 4918 illic
3732 4869 3906 4937 αρρςιαι

2364 4954 2485 5006 sitae
2514 4960 2832 5014 mutassent,
2864 4952 3084 5002 omnino
3121 4951 3504 5017 prohiberent;
3537 4954 3695 5007 simul
3733 4958 3899 5011 Arse-

2342 5044 2543 5103 ,nianis
2564 5043 2855 5097 renuntiari
2877 5058 2905 5094 a
2928 5058 2984 5096 se
3007 5044 3187 5110 jussit,
3212 5056 3265 5094 re
3288 5043 3477 5096 melius
3506 5058 3782 5115 perspecta
3800 5052 3904 5106 sibi

2367 5133 2540 5186 visum
2572 5134 2870 5202 exspectari
2909 5142 3220 5187 reverenter
3253 5141 3501 5199 oportere
3539 5136 3715 5190 divina
3779 5156 3905 5194 ora-

2368 5220 2508 5283 cula,
2548 5218 2674 5273 dum
2705 5236 2800 5273 sua
2830 5235 2888 5273 se
2918 5229 3107 5288 sponte
3143 5218 3434 5287 proferant,
3466 5238 3569 5275 non
3609 5226 3904 5295 impatienti

2368 5309 2677 5362 curiositate
2711 5310 3049 5378 praelicenter
3083 5312 3150 5361 ab
3179 5310 3600 5379 irrumpentibus
3655 5316 3709 5368 in
3744 5321 3901 5388 adyta

2367 5400 2597 5466 exquiri.
2640 5399 2756 5453 Hoc
2808 5402 2950 5453 enim
2992 5409 3138 5452 esset
3184 5414 3212 5451 a
3267 5400 3905 5474 cogitationibuslputius

2369 5490 2567 5541 nostris
2596 5504 2753 5556 quam
2785 5504 2814 5540 a
2844 5489 2934 5540 Dei
2971 5489 3220 5555 provida/
3239 5492 3499 5557 sapientia
3534 5470 3814 5547 consilium
3847 5497 3904 5551 in

2368 5576 2547 5631 dubiis
2572 5576 2932 5631 incidentibus
2963 5586 3161 5645 petere.
3226 5577 3331 5648 5.2
3363 5581 3568 5634 Dudum
3608 5597 3729 5635 esse
3781 5600 3904 5637 cum

2346 5678 2347 5681 ‘
2371 5668 2610 5721 videmus
2633 5680 2873 5722 cessasse
2902 5667 3142 5721 divinum
3174 5684 3370 5725 numen
3397 5687 3425 5724 a
3455 5672 3641 5727 crebra
3665 5675 3903 5730 editione

3974 990 3983 1029 ί
