4100 6324
180 344 231 408 65
1058 344 1149 405 DE
1188 343 1627 407 ANDRONICO
1668 342 2118 404 PALEOLOGO
2158 346 2304 406 LIB.
2348 351 2391 408 Ι.
3252 349 3322 412 b6

186 454 296 505 κατὰ
319 452 562 503 Κιλικίαν
593 453 685 503 τὶν
719 454 1207 519 ιιομπηῖουπόλεως
1244 453 1532 514 Διονύσιον,
1564 451 1610 501 οἱ
1639 447 1692 499 δὲ
1721 451 1761 505 Δ
1795 450 2014 503 καὶαοεν
2041 454 2177 517 (ἐκεῖ
2198 452 2304 522 γὰρ
2336 456 2423 504 καὶ
2449 455 2808 522 συνετηρείτο)
2834 437 3051 507 ἀπολύει
3085 453 3212 523 πρὸς
3234 459 3325 509 τὸν

185 542 296 609 «ipsi
344 542 535 610 Συρίαν
575 537 666 593 τὸν
699 542 873 609 Τύρου
926 542 1188 610 Κύριλλον
1232 541 1566 593 καθιστῶσιο
1599 539 1689 591 καὶ

184 630 253 683 τοῦ
271 632 523 682 Διονυσίου
548 632 967 701 κραδαινομένου
993 632 1182 698 φθάνει
1214 631 1524 701 προκριθεὶς
1551 629 1688 697 ὑπὲρ

183 722 347 771 ἐκεῖνον
375 722 403 771 ὁ
426 720 712 787 Κύριὶλος.
738 722 839 773 Τὸν
870 722 1000 788 γοῦν
1043 721 1442 790 Ἀλεξανδρείας
1462 718 1691 772 ἐνταῦθα

183 793 381 875 παρόντα
408 807 519 858 οὒτ’
566 808 748 861 ὠδύνα
793 808 852 859 τὸ
902 811 976 876 μὴ
1004 811 1114 870 τοῖς
1148 794 1323 869 ἄλλοις
1367 822 1689 875 συμμνημο-

181 896 386 945 «uestiat
413 892 497 963 ῙΡ.
531 892 622 964 δι]
657 896 748 963 (τὰ
770 897 875 961 γὰρ
903 900 1013 958 τοῖς
1050 896 1259 957 πολλοῖς
1312 894 1705 967 συμϐεϐηκότα

181 984 227 1034 τὸ
263 983 367 1049 md‘
407 982 573 1035 αὑτὸν
613 985 850 1051 λυπηρὸν
900 985 1267 1052 ἀπέκρυπτεν)
1319 984 1442 1035 οὔτε
1493 982 1595 1052 μὴν
1632 980 1691 1033 τὸ

179 1068 452 1138 ἀξιοῦσθαι·
472 1061 719 1140 μετέίειν
765 1074 913 1139 σφίσι
942 1072 1043 1139 τῆς
1091 1074 1309 1141 μνήμης
1355 1063 1548 1124 ἔθαλπε
1570 1086 1584 1102 ·
1624 1070 1691 1120 τὰ

180 1162 265 1230 γὰρ
294 1164 436 1230 παρὰ
466 1162 527 1213 τὸ
580 1162 789 1226 πρέπον
829 1159 1155 1231 πραχθέντα,
1201 1157 1284 1221 οἷς
1326 1161 1595 1215 κοινωνεῖν
1623 1154 1690 1226 ἦν

180 1252 423 1318 γεγονότα,
454 1252 813 1315 συγκάταινον
835 1251 1166 1318 περιίστατο.

362 1381 432 1437 κ’.
468 1384 602 1448 Περὶ
629 1382 737 1449 τῆς
762 1383 1042 1450 γυναικὸς
1071 1382 1175 1436 τοῦ
1206 1379 1470 1450 Τερτερῆ.

245 1517 388 1571 Ἀλλὰ
441 1516 648 1569 τούτων
698 1516 1087 1587 ἀνηρτημένων
1113 1519 1206 1570 καὶ
1256 1516 1335 1570 ἔτι
1365 1519 1393 1570 ὁ
1444 1515 1689 1585 βασιλεὺς

176 1604 250 1658 τοῦ
306 1607 567 1676 Τερτερῆ,
605 1606 664 1658 ὃν
712 1606 793 1681 δὴ¹
829 1606 1048 1673 βασιλέα
1103 1606 1421 1674 ωυλγάρων
1472 1608 1500 1657 ὁ
1534 1604 1688 1671 λόγος

175 1694 352 1748 ἐδείκνυ
378 1696 475 1747 τοῦ
518 1697 678 1748 Ἄσαν
716 1696 923 1748 ἐκεῖθεν
952 1696 1422 1765 ἀναχωρήσαντος.
1450 1694 1689 1762 πέμψαν-

175 1800 247 1846 τος
279 1786 365 1838 καὶ
405 1786 683 1848 ἀξιοῦντος
712 1787 841 1854 περὶ
870 1786 967 1855 τῆς
999 1786 1248 1853 γυναικὸς
1309 1788 1426 1855 (τὴν
1461 1788 1566 1855 γὰρ
1589 1786 1681 1837 τοῦ

185 1876 322 1927 Ἀσὰν
382 1875 721 1943 αὑταδέλφην
778 1876 852 1939 ὼς
917 1878 1242 1945 παρανόμως
1304 1876 1683 1944 συζευχθείσαν

173 1964 472 2032 ἀπέπεργε.
496 1964 607 2017 ’καὶ
655 1966 830 2027 ἄλλως
868 1968 946 2020 ὅτι
988 1968 1080 2019 καὶ
1105 1970 1203 2035 τῆς
1250 1970 1362 2019 ἐκεῖ
1395 1966 1683 2034 ἐκκλησίας

175 2056 237 2122 μὴ
278 2056 708 2124 παραδεχομένης
740 2057 899 2109 αὐτὸν
950 2059 1007 2109 ἐν
1058 2059 1362 2125 ὰγιασμοϊς,
1410 2058 1481 2117 ὼς
1512 2057 1681 2122 ἔλεγεν

174 2147 283 2212 περὶ
306 2146 402 2213 τήν
444 2147 674 2211 σύζυγον
702 2148 1089 2215 ἀνομήσαντα),
1121 2148 1287 2198 ταῦτα
1315 2147 1404 2197 τοῦ
1446 2148 1680 2213 Τερτερῆ

168 2230 571 2301 διαμηννομινὼ
592 2235 691 2284 καὶ
718 2233 812 2295 τὰς
846 2232 1060 2294 ἐσαῦθις
1091 2234 1401 2298 ἀγαπῶντος
1434 2232 1679 2295 σπονδὰς,

170 2322 469 2384 ἀποστείλας
493 2323 520 2372 ὁ
550 2322 800 2391 βασιλεὺς
834 2325 927 2374 καὶ
954 2322 1176 2389 ἀγαγὼν
1206 2322 1303 2387 τὴν
1336 2323 1563 2388 γυναῖκα
1592 2320 1685 2371 Nt-
1716 2396 1725 2412 ἱ

171 2472 706 2544 Pompeiopolitanum
740 2476 1072 2549 Dionysium.
1110 2475 1230 2546 Syri
1270 2489 1396 2545 vero
1427 2474 1681 2545 Cyrillum

174 2563 367 2631 Tyrium
396 2567 451 2617 in
485 2566 908 2633 patriarebatum
977 2575 1321 2619 vocaverunt.
1359 2566 1507 2618 inter
1562 2580 1682 2631 qua:

173 2654 485 2708 deliberante
544 2669 608 2707 ac
643 2656 945 2723 trepidante
979 2656 1233 2724 Dionysio
1292 2657 1683 2726 praeoccupavit

172 2743 404 2798 thronum
481 2745 730 2814 Cyrillus,
781 2756 837 2801 et
877 2746 935 2800 in
975 2761 1042 2802 co
1095 2740 1338 2801 tirma‘tus
1386 2748 1679 2816 praevaluit.

172 2834 317 2903 igitur
333 2835 753 2890 Alexandrinum
784 2838 872 2891 hic
904 2837 1370 2906 Constantinopoli
1400 2829 1681 2908 degentem

172 2927 300 2979 nullo
352 2928 644 2981 admodum
689 2930 891 2983 doloris
922 2931 1306 2994 atleeilsensu,
1353 2932 1496 2998 quod
1543 2930 1682 2999 inter

172 3015 495 3082 patriarchas
527 3033 635 3071 non
663 3020 981 3072 recitaretur
1033 3034 1225 3072 nomen
1265 3024 1382 3089 ejus
1410 3040 1423 3073 :
1453 3021 1680 3073 satietas

171 3106 294 3157 enim
326 3107 378 3159 in
411 3109 524 3173 pari
555 3116 698 3159 sorte
732 3110 1022 3181 multorum
1056 3113 1316 3174 privatam
1366 3108 1536 3176 ipsius
1564 3124 1680 3178 m0-

169 3194 350 3247 lestiam
380 3195 607 3257 levabat.
653 3194 832 3264 Neque
857 3211 978 3264 spes
1021 3198 1093 3249 illi
1117 3200 1293 3275 oblata
1329 3198 1484 3252 istius
1512 3200 1683 3253 hono-

170 3291 233 3342 ris
268 3289 594 3359 adipiscendi
624 3289 723 3359 57
765 3305 1011 3360 magnum
1040 3289 1226 3344 habuit
1273 3292 1516 3355 illicium,
1548 3306 1682 3357 prte-

169 3380 332 3430 sertim
350 3379 495 3449 quod
525 3395 650 3433 caro
687 3380 915 3431 emenda
960 3388 1369 3448 proponeretur,
1402 3389 1592 3432 exacta
1622 3378 1677 3432 in

170 3468 214 3521 id
236 3470 669 3537 comprobatione
700 3471 1196 3525 inconvenientium
1230 3482 1475 3524 actorum
1494 3469 1678 3537 synodi

170 3559 429 3624 prasentis
459 3578 477 3625 ς
506 3573 736 3626 quorum
784 3560 914 3627 quin
971 3575 1030 3612 se
1067 3560 1291 3612 fundum
1325 3568 1378 3612 et
1406 3568 1680 3611 auctorem

170 3648 335 3715 ferret,
363 3666 428 3703 ac
457 3660 857 3719 consequenter
883 3664 1069 3703 eorum
1093 3650 1349 3703 invidiam
1384 3649 1439 3702 in
1469 3664 1527 3702 se
1560 3664 1679 3701 sus-

172 3739 372 3805 ciperet,
404 3741 500 3808 qui
536 3741 656 3792 talia
688 3739 1001 3809 gerentibus
1034 3741 1475 3804 communicaret,
1513 3744 1681 3794 vitare

171 3836 263 3882 non
296 3845 456 3901 posse
500 3830 657 3884 facile
689 3832 921 3885 videbat.
1487 3836 1507 3852 ’

581 3968 668 4021 20.
712 3967 787 4021 De
815 3984 971 4053 tutore
1003 3969 1243 4023 Teneris.

230 4098 423 4155 Verum
457 4101 546 4153 his
590 4100 767 4154 adhuc
812 4102 866 4156 in
899 4101 1285 4156 deliberatione
1317 4103 1676 4167 versantibus,

172 4191 372 4258 contigit
404 4190 729 4243 instauratio
788 4188 1012 4245 hederis
1044 4193 1186 4243 inter
1218 4194 1591 4259 imperatorem
1622 4200 1676 4244 et

172 4274 450 4349 Terterem.
481 4277 534 4331 ls
566 4280 619 4331 in
678 4292 896 4347 regnum
923 4279 1179 4349 Bulgaria:
1203 4294 1322 4350 post
1344 4282 1677 4336 Asanisindc

1790 539 2081 607 Τερτερῆν,
2120 541 2395 609 πέμψοντα
2420 546 2666 595 κάκεῖνον
2696 545 2891 596 αὐτίκα
2920 545 3015 613 τὴν
3037 545 3128 597 τοῦ
3166 545 3328 597 ’Δσὰν

1789 626 2035 695 ἀδελφὴν,
2069 630 2097 678 ὃ
2130 630 2192 697 δὴ
2244 632 2569 695 καὶ;γὲγονε.
2621 616 2727 684 Καὶ
2782 634 2840 683 τὸ
2889 633 3155 698 ἐντεῦθεν,
3208 633 3329 685 ἐπεὶ

1791 714 2045 767 ἀδύνατον
2072 712 2139 784 ἦν
2170 718 2258 768 τὸν
2304 719 2463 769 Ἀσὰν
2495 719 2793 786 βασιλεύειν
2845 720 3166 791 Βουλγάρων
3199 736 3331 789 κρα-

1789 806 2105 866 ταιωθέντος
2142 806 2239 875 ἤδη
2270 808 2361 860 τοῦ
2401 808 2655 878 Τερτερῆ,
2708 810 2894 877 ἐκείνῳ
2927 810 3026 873 μὲν
3054 811 3329 862 σπένδεται

1791 892 1908 957 (τὰς
1940 895 2047 960 γὰρ
2099 895 2353 962 δυνάμεις
2409 898 2494 961 τῆς
2538 895 2829 962 Ῥωμαῖδος
2869 896 3327 963 πολεμησειούσας
3412 952 3413 955 η

1789 981 2102 1047 ἐκλείπειν),
2158 982 2248 1032 τὸν
2282 981 2339 1032 ηδ’
2378 982 2548 1033 ’Δσὰψ
2579 984 2850 1041 κατὰίτὰς
2899 984 3161 1050 προτέρας
3208 999 3331 1033 σνν-

1766 1060 1973 1129 ηθεσίαέ
2021 1069 2112 1119 τοῦ
2171 1070 2371 1137 πατρὸς
2420 1069 2678 1137 δεσπότην
2727 1070 3019 1138 Ῥωμαϊδος
3071 1069 3329 1121 ἀποκαῡί-

1791 1174 1999 1227 στησιν.

1790 1308 1895 1360 κα’.
1930 1310 2065 1375 Περὶ
2116 1308 2225 1375 τῆς
2269 1310 2362 1362 ἐπ’
2398 1303 2703 1380 ὃνατολὴτ
2742 1310 3044 1378 ,βασιλέως
3083 1310 3326 1376 ἐξελεύ-

2466 1397 2642 1446 σεως.

1859 1509 1941 1580 [Ρ.
1978 1512 2071 1581 35]
2097 1512 2265 1574 Αὐτὸς
2285 1512 2339 1564 δὲ
2362 1513 2593 1581 ἔμμονον
2623 1515 2888 1584 μέριμναν
2917 1517 3052 1585 ἔχων
3080 1518 3179 1588 τῆς
3198 1520 3325 1588 περὶ

1788 1597 1885 1666 τὴν
1926 1599 2243 1667 Ἐκκλησίαν
2284 1601 2529 1669 ὁμονοίας
2562 1604 2655 1653 καὶ
2708 1605 3104 1668 καταστάσεως,
3153 1605 3218 1658 δι’
3257 1607 3324 1675 ἣν

1789 1689 1882 1739 καὶ
1910 1687 2081 1738 ταῦτα
2110 1688 2262 1741 πάντ’
2292 1691 2590 1758 ἐπράττετο
2619 1694 2675 1760 (ἡ
2706 1695 2811 1762 γὰρ
2828 1695 2935 1745 τῶν
2971 1696 3324 1763 Ἀρσενιατῶν

1788 1776 2137 1839 ὲπισύστασις
2178 1777 2343 1847 πολλή
2373 1797 2455 1842 τις
2483 1779 2614 1833 οὖσα
2642 1781 2733 1833 καὶ
2771 1782 2889 1835 καθ’
2926 1786 3157 1854 ἑκάστην
3191 1787 3326 1855 πλη-

1790 1868 2020 1937 θυομὲνη
2047 1870 2267 1937 ἠρεμεῖν
2295 1870 2393 1921 οὐκ
2425 1871 2557 1939 sla),
2603 1866 2820 1943 ἀπάρας
2852 1876 2946 1943 τῆς
2985 1876 3325 1930 Κωνσταντξ-

1788 1974 1878 2013 νου
1898 1959 1982 2009 ἐπ’
2008 1958 2266 2027 ἀνατολῆς
2296 1959 2543 2029 ἧλαυνεν,
2571 1963 2870 2032 ἐπισκήψας
2894 1965 2985 2017 καὶ
3014 1966 3321 2038 πατριάρχῃ

1746 2048 1747 2051 “
1789 2050 1879 2097 καὶ
1911 2050 2018 2108 τοῖς
2050 2049 2270 2111 λοιποῖς,
2307 2051 2419 2101 ὅσοι
2453 2068 2509 2102 τε
2544 2053 2668 2120 περὶ
2696 2054 2785 2105 τὸν
2826 2058 3163 2124 πατριάρχτιν
3184 2052 3321 2125 ἦσαν

1788 2140 1879 2189 καὶ
1918 2141 2030 2190 ὅσοι
2057 2141 2431 2207 τῆςεναντίας
2472 2145 2891 2213 μοίρας,’ὲκεῖσε
2939 2150 3062 2217 περὶ
3096 2165 3194 2199 που
3222 2149 3323 2209 τὰς

1796 2226 2189 2290 ἰ’ποπλακίους
2211 2231 2391 2298 Θήϐας
2420 2234 2660 2301 ἁπαντᾷν
2696 2234 2793 2302 τὴν
2820 2236 3072 2304 ταχίστην
3099 2238 3201 2288 ὑπὸ
3226 2238 3341 2305 ﬁ..-

1788 2318 2018 2378 σιλικαίς
2061 2320 2304 2389 τριήρεσι
2332 2336 2388 2372 τε
2421 2322 2514 2373 καὶ
2552 2323 2802 2391 scabiei"
2836 2326 2909 2387 ὼς
2941 2327 3053 2378 ἐκεῖ
3102 2329 3322 2397 κινηθη-

1794 2475 2136 2541 pnssessione
2176 2475 2505 2533 validissime
2547 2478 2790 2535 firmatus
2845 2494 3127 2552 appareret
3194 2483 3320 2540 l‘er-

1790 2576 1955 2631 teres,
1984 2568 2245 2635 optimum
2274 2568 2415 2623 factu
2446 2572 2656 2639 putavit
2676 2574 2961 2642 imperator
2991 2575 3168 2631 fmdus
3194 2594 3318 2631 eum

1789 2654 1890 2707 hoc
1937 2656 2099 2720 icere,
2148 2657 2331 2725 utique
2363 2674 2553 2727 parum
2598 2663 2665 2715 ad
2694 2678 2929 2718 manum
2970 2666 3172 2719 habens
3217 2670 3323 2721 ιιο-

1788 2759 2070 2799 manarum
2164 2750 2438 2817 cepiarum
2519 2752 2773 2806 alaerium
2858 2757 2925 2808 ad
2991 2773 3197 2827 pugnas
3264 2770 3321 2813 et

1788 2835 1853 2886 ad
1887 2850 1996 2887 rem
2028 2835 2165 2889 bene
2191 2841 2479 2905 gerendam
2518 2856 2640 2894 cum
2687 2853 2793 2897 tam
2848 2849 3031 2904 vicino
3069 2858 3319 2909 strenuo-

1786 2939 1890 2991 que
1927 2928 2078 2979 hoste
2125 2938 2493 2997 prompturum
2528 2933 2680 2987 satis.
2727 2936 2993 2991 Convenit
3030 2955 3157 3009 ergo
3190 2957 3315 2996 cum

1787 3013 2036 3083 Bulgaro,
2080 3018 2273 3085 Asani,
2315 3021 2464 3090 juxta
2491 3034 2645 3092 pacta
2679 3028 2827 3094 prius
2854 3046 2884 3083 a
2919 3040 3068 3099 patre
3097 3050 3219 3091 cum
3249 3054 3317 3093 eo

1782 3106 1937 3169 inita,
2008 3108 2325 3179 dignitatem
2391 3114 2628 3185 despotic
2657 3117 2931 3177 itomaidis
2976 3128 3028 3178 in
3069 3127 3315 3195 qualem-

1781 3212 2011 3269 cumque
2040 3202 2206 3269 regni:
2233 3203 2416 3258 amissi
2450 3212 2940 3276 compensationem
2974 3214 3259 3275 tribuens-

1901 3333 1990 3386 21.
2020 3334 2098 3387 De
2128 3336 2445 3404 profectione
2468 3342 2794 3409 imperatoris
2821 3346 2873 3398 in
2901 3345 3183 3404 Orientem.

1852 3467 1963 3522 Hac
1994 3484 2124 3523 cura
2180 3470 2357 3525 soluto
2402 3472 2711 3542 imperatori
2760 3478 2935 3530 acrior
2961 3482 3065 3537 alia
3113 3492 3167 3537 et
3194 3500 3313 3553 per-

1781 3559 2113 3611 severantior
2167 3563 2329 3614 altius
2405 3562 2668 3617 insidebat
2753 3572 2956 3635 animo,
3009 3578 3313 3631 concordia:

1779 3649 1993 3750 taqdem
2024 3649 2327 3717 in,Eeclesia
2357 3652 2496 3705 bona
2526 3656 2624 3708 ﬁde
2654 3660 2969 3721 statuenda,
3015 3660 3123 3732 58
3149 3682 3309 3733 quam

1780 3742 1936 3794 unice
1968 3742 2032 3793 ad
2055 3756 2165 3794 rem
2187 3744 2287 3821 etsi
2321 3752 2510 3798 cuncta
2543 3761 2660 3814 qua:
2690 3763 2835 3801 nunc
2857 3751 3085 3807 maxime
3116 3759 3311 3821 tierent

1781 3832 2174 3895 referebantur,
2210 3818 2391 3897 tamen
2430 3834 2561 3887 nihil
2589 3837 2876 3891 admodum
2908 3818 3167 3897 hactenus
3190 3860 3310 3901 esse

1779 3920 2079 3987 profectum
2127 3923 2453 3988 apparebat.
2510 3924 2649 3994 Ergo
2682 3928 2966 3982 sollicitum
3015 3933 3104 3984 tali
3142 3950 3305 3992 causa

1778 4014 2075 4079 principem
2118 4024 2328 4065 cessare
2359 4014 2413 4064 in
2443 4012 2788 4081 inquisitione
2836 4018 3076 4072 ulteriori
3110 4028 3311 4093 rnedio-

1779 4118 1895 4153 rum
1936 4104 2001 4155 ad
2035 4104 2192 4155 [luem
2232 4112 2339 4155 tam
2401 4111 2784 4172 necessarium,
2839 4125 2959 4164 cum
2994 4112 3215 4170 minime
3240 4118 3309 4170 si-

1778 4206 1932 4250 ncret
1957 4196 2193 4266 ﬂagrans
2253 4200 2533 4267 plusquam
2574 4191 2808 4271 unquam
2866 4214 2917 4257 et
2959 4208 3166 4276 pollens
3206 4227 3310 4264 nu-

1778 4303 1927 4342 mero
1976 4289 2136 4356 inque
2171 4288 2285 4342 dies
2315 4286 2655 4355 augescente
2684 4294 3025 4349 multitudine
3092 4313 3309 4355 sui-ere-

171 4378 443 4430 secessum,
480 4375 538 4418 ut
593 4366 723 4418 alias
751 4368 1007 4428 diximus,
1040 4379 1279 4433 evectus,
1330 4370 1577 4439 religioni
1616 4388 1673 4425 se
1707 4372 1725 4425 1

1782 4394 1935 4433 scens
1965 4379 2260 4431 Arseniana
2292 4378 2475 4443 factio,
2507 4395 2731 4449 movens
2778 4386 3112 4440 Andronicus
3166 4390 3306 4443 Con-

171 4463 341 4509 ducere
387 4459 648 4525 protitens
694 4466 879 4511 tenere
904 4461 958 4510 in
1016 4461 1372 4515 contubernio
1436 4477 1676 4515 sororem

171 4549 387 4614 eiusdem
423 4550 632 4613 Asanis,
667 4562 827 4615 quam
858 4550 1129 4617 repudiata
1176 4562 1360 4603 contra
1390 4552 1469 4605 fas
1497 4558 1678 4620 priore

171 4638 378 4709 legitima
433 4641 969 4709 conjugerduxisset,
1012 4657 1113 4697 nec
1141 4642 1283 4697 ferre
1335 4646 1584 4713 amplius,
1619 4655 1677 4700 ut

171 4736 343 4798 aiebat,
388 4737 572 4789 valens
617 4751 678 4789 se
706 4733 1058 4790 ab-Ecelesia
1108 4739 1191 4790 sui
1227 4742 1371 4809 regni
1397 4756 1677 4795 sacrorum

172 4839 415 4881 exsortem
456 4841 521 4879 eo
557 4826 774 4878 nomine
810 4828 1018 4879 censeri
1045 4836 1206 4895 atque
1236 4843 1266 4880 a
1297 4833 1676 4887 communione

173 4915 323 4984 rejici,
375 4917 526 4970 misit
573 4917 639 4969 ad
694 4917 1093 4985 imperatorem,
1122 4919 1214 4987 qui
1266 4922 1378 4974 haec
1432 4922 1543 4989 ipsa
1574 4937 1678 4993 ex;

175 5018 415 5069 ponerent
472 5016 530 5059 et
590 5017 833 5074 paratum
881 5022 1000 5060 sese
1049 5008 1113 5059 ad
1174 5024 1365 5076 pacem
1426 5024 1548 5063 cum
1610 5026 1676 5066 eo

172 5097 492 5150 sanciendam
544 5096 868 5150 allirmarent
914 5106 975 5149 ea
1010 5100 1339 5163 conditione,
1394 5101 1439 5154 si
1494 5117 1673 5156 veram

175 5184 255 5237 sibi
280 5202 454 5250 suam,
490 5201 608 5255 quae
640 5186 825 5239 Nicaea:
859 5188 1219 5253 detinebatur,
1281 5206 1497 5244 uxorem
1550 5193 1676 5247 red-

170 5272 322 5328 deret.
376 5278 458 5330 Ad
487 5293 607 5344 qua:
642 5278 929 5345 imperator
985 5292 1229 5332 annuens
1283 5282 1529 5334 eductam
1579 5298 1673 5337 cu—

172 5367 321 5420 stodia
357 5370 639 5423 mulierem
673 5370 742 5423 ad
787 5368 1063 5423 Terterem
1096 5358 1321 5436 remisit,
1379 5385 1569 5441 pactus
1619 5385 1677 5429 ut

170 5457 450 5513 isvicissim
528 5474 767 5514 sororem
841 5462 1030 5529 Asanis
1083 5464 1149 5517 ad
1207 5479 1265 5518 se
1321 5468 1671 5531 remitteret;

169 5550 290 5615 quod
324 5561 377 5605 et
404 5549 604 5604 factum
643 5560 745 5606 est.
785 5552 1036 5622 Moxque,
1066 5569 1187 5607 eum
1212 5556 1320 5623 jam
1354 5559 1515 5615 A_sani
1551 5574 1675 5626 spes

170 5639 289 5695 nulla
318 5654 458 5699 esset
488 5647 835 5715 recuperandi
898 5648 1045 5719 regni
1075 5646 1355 5717 Bulgarici,
1415 5652 1572 5717 cujus
1608 5652 1661 5705 in

1777 4468 2127 4538 stantinopoli
2148 4482 2335 4522 versus
2363 4470 2632 4524 Orientem
2659 4474 2845 4538 tendit,
2878 4480 3185 4545 praescripto
3206 4496 3306 4548 pa.

1779 4561 2027 4614 triarcbm
2069 4573 2192 4613 cum
2221 4560 2331 4612 suis
2368 4560 2593 4628 aliisque
2625 4564 2969 4625 antistitibus,
2992 4571 3307 4636 eunetisque

1778 4653 1978 4722 pariter
2001 4653 2093 4720 qui
2125 4662 2304 4721 partes
2358 4652 2442 4706 bis
2468 4655 2721 4709 adversas
2762 4665 3062 4721 tuerentur,
3110 4670 3167 4711 ut
3200 4662 3302 4715 sibi

1776 4745 2093 4811 quantocius
2141 4744 2283 4796 circa
2312 4742 2663 4812 ilypOplacias
2736 4743 2946 4800 Thebas
2996 4746 3341 4819 frequentes-

1775 4847 2141 4896 occurrerent,
2173 4836 2541 4901 imperatoriis
2574 4850 2638 4889 eo
2666 4836 2943 4892 deferendi
2973 4844 3301 4908 triremibus,

1774 4944 1909 4998 quas
1936 4927 2322 4995 cepiosissimis
2351 4936 2405 4979 et
2427 4930 2725 4994 quant-avis
2775 4931 3160 4999 implicitorum
3213 4934 3299 4988 isti

1774 5036 1948 5076 causa:
1982 5019 2258 5071 hominum
2292 5018 2637 5085 multitudini,
2669 5021 2748 5072 vel
2775 5023 2817 5075 si
2848 5026 3064 5077 nemine
3085 5028 3301 5093 dempto

1775 5111 2006 5164 universi
2044 5118 2405 5172 accurrerent,
2435 5111 2741 5163 suﬂeeturis
2770 5112 2834 5164 ad
2874 5113 2974 5166 hoc
3014 5115 3189 5182 ipsum
3222 5119 3303 5168 in-

1774 5202 1906 5257 strui
1946 5199 2331 5254 commeatibus
2362 5201 2611 5267 jusserat.
2648 5200 2715 5254 Ut
2770 5211 2876 5255 tam
2931 5205 3129 5259 multos
3165 5218 3301 5263 tam-

1774 5308 1878 5362 que
1907 5292 2084 5343 varios
2113 5289 2404 5343 convenire
2466 5304 2630 5341 unum
2691 5291 2743 5342 in
2785 5291 2960 5347 locum
3013 5296 3300 5364 imperator

1772 5383 1955 5446 vellet,
2004 5381 2129 5433 inde
2158 5388 2270 5433 erat
2301 5380 2442 5447 quod
2461 5380 2694 5433 studenti
2726 5382 3015 5448 perfectam
3047 5384 3301 5439 Ecclesiae

1772 5472 2060 5526 restituere
2092 5471 2435 5525 concordiam
2460 5471 2767 5524 necessario
2812 5472 3111 5526 faciendum
3148 5474 3298 5526 vide-

1772 5565 1947 5626 batur,
2008 5572 2067 5616 ut
2093 5561 2461 5631 multiplicium
2488 5571 2735 5615 auctores
2781 5562 3062 5615 sectariive
3103 5561 3297 5616 factio-

1768 5671 1894 5711 num
1952 5669 2052 5706 una
2103 5651 2473 5715 consulerent,
2529 5650 2749 5716 suisque
2801 5648 2993 5717 singuli
3046 5649 3299 5718 allegatis
