4100 6324
205 310 256 376 δί
1068 311 1164 373 DE
1200 312 1508 374 ANDRON
1521 313 1637 374 lCO
1672 317 1768 376 PA'

1794 316 2120 376 ,Αἰθιοθο
2158 314 2299 375 LIB.
2348 313 2396 372 Ι.

3137 306 3318 368 '83

203 416 394 487 μάλιστα
424 415 510 466 καὶ
564 414 651 466 τοῦ
688 413 961 484 Καρούλου
1015 418 1302 482 γενομένου
1329 461 1344 485 ,
1385 416 1681 472 εῦῶάθιτον
1713 423 1755 477 Α
1781 423 1900 491 διχῆ
1922 439 1975 474 τε
2013 418 2458 491 περιταφρεῦσαι,
2489 418 2579 470 καὶ
2610 416 2752 484 ὕδωρ
2776 416 2838 468 ὲκ
2883 414 3154 481 Θαλάσσης
3183 414 3320 466 ἐνεί-

201 507 276 573 τὴν
293 505 490 573 γνώμην
519 504 701 556 ἐτίθει.
733 507 793 556 Ui
829 505 925 572 μὲν
953 500 1044 557 οὖν
1069 506 1166 569 τὰς
1198 507 1327 570 ναῦς
1377 510 1686 577 παριδόντες

199 593 360 659 ἐνῆκαν
387 593 606 651 ἐκείναις
654 592 838 660 χρόνον
887 594 1066 646 ἱκανὸν
1129 595 1220 647 καὶ
1251 596 1406 663 μόνον
1453 597 1572 664 δίχα
1595 598 1686 648 τοῦ

200 681 531 748 συνεργοῦντος
553 684 630 743 εἰς
660 681 860 750 φθορὰν
878 684 1235 753 λογιζόμενον.
1271 687 1340 737 Τὸ
1361 687 1413 738 δὲ
1447 689 1537 737 ἐπὶ
1556 687 1687 739 ταύ-

196 788 287 829 ταις
328 771 746 839 ἀποτεταγμένον
798 775 1175 841 στρατιωτικόν
1225 792 1283 827 τε
1332 778 1423 828 καὶ
1459 779 1688 846 μάχιμον

197 860 298 928 παρ’
324 860 460 912 οὐδὲν
485 861 717 929 ἔχοντες,
749 865 859 924 ττιτς
890 862 989 930 μὲν
1036 862 1331 932 βαναύσους
1375 867 1563 934 τέχνας
1591 883 1687 933 με·

196 948 473 1018 ταχςιρίζξιν
504 951 712 1020 ἐφῆκαν
740 953 816 1010 είς
847 952 1207 1023 ἀποστροφὴν,
1236 954 1402 1023 ὁπόση
1433 972 1511 1015 τις
1545 955 1689 1006 ἐκεῖ·

195 1039 265 1090 ειν
286 1039 464 1105 δυνατὴ
493 1036 577 1107 ἢν,
606 1042 716 1101 τοῖς
743 1040 799 1091 δὲ
835 1042 926 1091 καὶ
953 1040 1264 1112 αὐτομολεῖν
1292 1046 1404 1105 τοῖς
1451 1040 1681 1110 ὲχθροῖςζ

193 1128 257 1197 ιΡ.
288 1127 365 1198 Η]
411 1128 545 1180 ὥστε
601 1129 789 1197 σύναμ’
816 1130 1038 1193 ἐκείνοις
1071 1127 1338 1200 πειρατῶν
1383 1133 1565 1202 τρόπῳ
1594 1132 1690 1201 τὴν

203 1215 448 1284 Ῥωμαίων
495 1220 711 1269 κακοῦν.
762 1219 890 1269 Τότε
934 1219 992 1272 δὲ
1051 1220 1144 1271 τοῦ
1203 1220 1690 1289 πρωτοσεστιαρίου

193 1306 482 1376 ὲξορμῶντος
508 1309 640 1359 πολύ
669 1325 717 1359 τι
749 1309 942 1378 πλῆθος
971 1310 1152 1363 almae
1199 1311 1292 1362 hri.
1329 1308 1548 1372 δύσεως.
1583 1310 1692 1363 Καὶ

192 1395 240 1460 δὴ
265 1395 560 1462 προσϐαλὼν
607 1399 935 1466 Δημητριάδι
964 1385 1079 1452 iter
1107 1399 1388 1451 συνέταττε
1418 1399 1514 1461 τὰς
1535 1398 1694 1453 δυνά-

195 1501 307 1550 μεις,
325 1485 410 1547 οὓς
446 1489 542 1554 μὲν
570 1488 900 1555 πέμπων-είς
931 1488 1097 1540 σκῦλα
1119 1490 1209 1542 καὶ
1234 1489 1509 1557 ἁρπαγὰς,
1537 1486 1616 1553 οἷς
1644 1490 1691 1542 δ’

195 1571 266 1623 ἰπὶ
298 1573 636 1642 ἀνοικοδομὴν
694 1574 800 1625 τῶν
843 1576 957 1627 his!
1002 1573 1283 1644 χρώμενος
1327 1577 1689 1646 πολισμάτων,

192 1663 574 1731 ἁπιιισραδοκῶν
608 1671 696 1717 καὶ
724 1665 820 1734 τὴν
870 1667 962 1734 τῆς
1017 1666 1324 1738 βασιλίσσης
1356 1668 1551 1737 πρᾶξιν
1601 1668 1690 1720 ἐπὶ

1791 528 1874 564 ναι
1905 514 2021 572 ταῖς
2049 512 2290 578 τάφροις,
2322 507 2415 561 καὶ
2447 504 2614 568 οὕτως
2648 504 2836 574 ἀνέδην
2866 502 2981 556 κατ’
3007 502 3183 568 ὀλίγον
3213 501 3328 554 κτί-

1789 596 1945 658 ζοντα
1990 597 2286 667 ἀνεγείρειν
2317 594 2480 656 λίθοις
2504 593 2567 650 τὸ
2592 594 2853 659 πόλισμα.
2893 594 2990 644 Διὰ
3031 589 3198 644 ταῦτα
3230 589 3326 644 καὶ

1787 688 1983 756 ἀνοχὰς
2028 688 2279 750 ἐποιεῖτο,
2329 685 2417 740 καὶ
2451 684 2645 755 ἀεργὸς
2693 685 2825 753 πρὸς
2853 683 2974 746 τοὺς
3003 682 3326 744 ἀντιπάλους

1790 779 2059 845 ἐφαίνετο.

1788 889 1890 954 κζ’.
1925 889 2061 957 Περὶ
2101 887 2205 942 τοῦ
2235 885 2778 957 πρωτοϐζεστιαρίοιξ,
2826 883 2921 957 arat
3075 883 3329 948 ὕστερον

2037 951 2377 1024 κατωρθῶθη
2407 955 2477 1008 τὰ
2516 953 2662 1007 κατὰ
2691 953 2797 1004 τὸν
2821 951 3076 1020 Μιχαὴλ.

1860 1045 1944 1116 [Ρ.
1972 1044 2066 1115 45]
2093 1045 2197 1096 Τοῦ
2243 1042 2372 1111 γοῦν
2417 1040 2607 1112 καιροῦ
2636 1039 2958 1111 τριϐομένου
2981 1040 3130 1099 νόσος
3159 1038 3326 1106 turri-

1789 1146 1909 1185 πτει
1945 1132 2019 1200 τῷ
2049 1129 2414 1201 στρατιωτικῷ
2469 1131 2655 1199 βαρεῖα
2691 1129 2864 1197 πάντη
2894 1130 2988 1182 καὶ
3033 1126 3325 1195 αὐτουργὸς

1789 1220 1899 1284 τοῖς
1924 1221 2131 1282 πολλοῖς
2178 1220 2401 1274 θανάτου
2421 1235 2433 1249 ο
2466 1218 2682 1288 βαρείας
2722 1219 2828 1285 γὰρ
2856 1219 3040 1286 χεῖρας
3070 1215 3100 1267 ό
3140 1215 3326 1283 λοιμὸς

1791 1304 2028 1372 ἑκείνοιςλ
2043 1310 2229 1379 ἐφῆκα,
2259 1314 2349 1363 καὶ
2380 1307 2729 1376 ἐπασσύτεροι
2753 1307 3030 1375 ἔθνησκον.
3069 1303 3229 1366 Τέλος
3265 1303 3324 1356 δὲ

1792 1399 1887 1453 καὶ
1924 1399 2078 1462 0015;
2111 1403 2138 1452 ὁ
2196 1398 2492 1468 στρατηγὸς
2526 1396 3006 1464 πρωτοσεστιάριος
3055 1395 3209 1448 νόσου
3239 1393 3326 1460 γέ-

1790 1504 1912 1555 γονε
1941 1487 2330 1557 παρανάλωμα,
2358 1485 2644 1542 κάντεῦθεν
2676 1486 2724 1537 oi
2771 1482 3198 1551 περιλιιφθὲντες
3227 1498 3331 1547 μηο
3367 1495 3370 1498 ’

1789 1577 1875 1630 δὲν
1900 1578 2005 1631 τῶν
2029 1577 2284 1646 γενναίων
2319 1576 2616 1646 πράξαντες
2654 1574 3093 1642 ὐπανεζιύτνυον.
3129 1572 3325 1624 ’Υστε-

1793 1684 1884 1736 ρον
1913 1667 1969 1720 δὲ
1996 1670 2129 1735 αὐτὴ
2151 1667 2269 1720 καθ’
2290 1665 2456 1736 αὐτὴν
2479 1667 2513 1734 ἡ
2538 1664 2817 1731 βασίλισσα
2840 1662 3052 1730 σύναμα
3077 1661 3162 1729 τῷ
3180 1659 3328 1728 ἀνδρὶ

192 1750 252 1816 τῷ
274 1751 458 1818 ἀνεψιῷ
513 1743 744 1821 Μάαὴλ,
771 1751 845 1814 ὡς
874 1752 1133 1808 λέλεκται.
1165 1756 1271 1809 Καὶ
1297 1756 1507 1826 πρῶτον
1545 1756 1689 1823 αὐτῷ
1723 1747 1762 1799 Β
1785 1753 2093 1825 Νικηφόρῳ,
2120 1755 2289 1818 δόλοις
2317 1755 2627 1816 ὑπελθόντες
2649 1753 2742 1806 καὶ
2757 1753 2938 1822 ὅρκοις
2956 1749 3327 1818 ἐξαπατήσαν-

191 1841 277 1894 rit-2
303 1841 464 1909 ἔργων
498 1841 722 1909 πύργοις
766 1842 995 1906 ξυλίνοις
1037 1844 1343 1914 αὐθημερδν
1395 1847 1474 1907 αις
1526 1843 1694 1898 εἴκοσι

195 1932 266 1982 καὶ
287 1933 541 2001 τέσσαρας
561 1933 902 2002 ποτωμένοις
930 1933 1306 2002 περιϐαλέσθαι
1326 1934 1692 2004 Δημητριάδα,

193 2118 328 2169 quam
357 2102 584 2159 Venetos
616 2113 665 2157 ct
697 2104 1031 2164 Ccnuenses.
1063 2105 1163 2174 7],
1196 2105 1289 2173 qui
1318 2105 1697 2175 tranquillissi-

194 2207 264 2246 me
291 2194 338 2246 in
368 2196 527 2250 terris
568 2197 775 2265 imperii
808 2197 1084 2268 degerent,
1121 2197 1379 2250 adversus
1421 2196 1698 2249 dominan-

190 2293 278 2338 tem
306 2284 762 2353 Constantinoiioli
797 2289 1098 2355 Augustum
1135 2286 1350 2338 hostilia
1375 2285 1692 2344 machinari,

194 2377 380 2430 sublato
408 2379 613 2431 scilicet
645 2394 673 2431 e
698 2376 872 2430 medio
901 2376 1112 2440 Carolo,
1169 2386 1397 2431 cunctos
1424 2378 1488 2428 ad
1527 2376 1575 2427 id
1620 2375 1699 2426 in—

193 2465 353 2525 citare,
375 2467 500 2519 dum
525 2467 936 2529 viveret,soiito.
974 2465 1110 2519 Hinc
1141 2465 1415 2534 subrepsit
1435 2480 1534 2520 usu
1553 2465 1696 2534 quod

195 2557 308 2608 ratio
336 2571 433 2610 non
465 2555 809 2624 probaverat,
836 2565 894 2610 ut
936 2556 1314 2624 compendium
1369 2557 1517 2609 ﬁeret
1555 2572 1699 2610 sum-

194 2651 352 2711 ptuum
372 2644 422 2696 in
439 2646 665 2698 classem
686 2645 933 2697 tuendam
954 2645 1189 2713 impendi
1213 2643 1493 2700 solitorum
1513 2661 1527 2710 ;
1548 2644 1699 2697 dum-

193 2748 279 2802 que
312 2736 382 2788 sic
405 2736 581 2804 agltur
605 2737 760 2803 quasi
785 2745 1062 2790 constaret
1086 2737 1238 2790 lucro
1271 2749 1579 2802 accrescere
1606 2749 1699 2802 pu-

193 2819 312 2877 blico
343 2823 602 2893 quidquid
643 2823 1050 2878 subtraheretnr
1070 2825 1374 2879 rationibus
1393 2826 1595 2878 navalis
1607 2839 1699 2892 ap-

195 2922 404 2981 paratus,
441 2915 642 2969 sensim
670 2914 952 2966 deventnm
979 2927 1043 2967 eo
1073 2922 1155 2968 est
1177 2924 1230 2967 ut
1250 2913 1486 2967 Romana
1511 2914 1697 2967 classis

194 3015 279 3055 non
305 3000 523 3055 flattnnis
567 3003 652 3060 illa
686 3002 895 3068 quidem
934 3016 1039 3052 uno
1067 2991 1692 3055 monicnto'absumenda

192 3091 488 3151 traderetur,
520 3098 773 3142 ueterum
810 3092 1212 3152 permitteretur
1252 3091 1513 3143 abolenda
1566 3098 1702 3142 tem-
1730 3083 1768 3101 “⁴

194 3180 306 3242 pori,
340 3188 391 3231 et
420 3181 566 3231 nulla
605 3179 656 3230 in
681 3179 917 3239 navium,
942 3180 1138 3247 quibus
1164 3181 1252 3234 illa
1286 3182 1707 3246 constabat,tni—

192 3267 365 3322 tionem
393 3278 484 3320 aut
513 3267 953 3321 restaurationem
971 3278 1120 3336 parte
1144 3283 1284 3322 cura:
1308 3270 1571 3339 impensa,
1593 3279 1708 3321 tnti-

194 3362 284 3407 tum
302 3357 552 3409 duntaxat
600 3355 994 3424 relinqueretur
1025 3358 1303 3423 duratura,
1347 3367 1550 3426 quanto
1589 3371 1726 3412 erat,

194 3456 310 3509 opus
339 3445 512 3506 spatio
545 3451 602 3496 ut
633 3457 796 3497 nares
831 3459 1017 3498 omnes
1065 3460 1211 3498 mero
1239 3446 1483 3513 neglectu
1530 3456 1709 3514 putre-

199 3540 386 3584 scerent
413 3541 509 3584 aut
544 3533 717 3585 soluta
742 3546 1000 3600 compage
1027 3534 1391 3587 abolereutur.
1430 3533 1579 3589 istud
1616 3551 1709 3603 po-

195 3629 288 3672 stea
305 3621 548 3688 contigit,
572 3621 672 3671 hoc
699 3634 1024 3685 praevorsum
1042 3635 1103 3673 ac
1131 3632 1576 3690 repraesentatum
1604 3640 1711 3677 ma-

195 3711 343 3762 turius
369 3719 477 3763 est.
522 3707 1008 3764 Classiariimilites
1032 3711 1182 3764 multi
1211 3727 1271 3764 ac
1291 3712 1479 3776 fortes,
1498 3729 1595 3767 nec
1625 3728 1712 3780 pa-

193 3810 290 3850 rum
348 3801 625 3854 exercitati
669 3797 887 3871 praeliis,
939 3801 1104 3867 spreti
1152 3814 1340 3853 omnes
1392 3803 1710 3870 multatique

192 3886 454 3954 stipendio,
492 3894 683 3958 partim
715 3891 777 3943 ad
806 3899 949 3942 artes
988 3901 1106 3942 sese
1150 3887 1399 3942 conferre
1443 3891 1714 3943 mechani-

191 3991 267 4030 cas
309 3980 504 4048 quibus
559 3982 756 4034 victum
815 3985 1138 4046 qtta'ret‘ent,
1186 3977 1380 4046 partim
1413 3980 1479 4032 ad
1531 3977 1712 4032 hostes

193 4071 514 4139 transfugere
541 4078 667 4124 sunt
697 4067 892 4132 coacti,
924 4082 1156 4137 quorum
1187 4069 1314 4122 inde
1344 4067 1508 4122 ductu
1527 4066 1714 4136 pirati-

196 4159 260 4212 cis
286 4159 592 4215 incursibus
621 4175 732 4214 rem
778 4174 1033 4221 oramque
1077 4167 1311 4213 nostram
1363 4159 1708 4214 infestarunt.

1795 1860 1881 1908 τες
1917 1845 2005 1897 τὸν
2035 1843 2246 1914 Μιχαὴλ
2281 1846 2354 1908 ὼς
2377 1841 2620 1912 γαμϐρὸν
2665 1844 2754 1895 ἐπὶ
2777 1844 2842 1912 τῇ
2877 1839 3104 1908 θυγατρὶ
3131 1837 3327 1906 ἀξόμε-

1794 1951 1893 2000 νοι,
1922 1934 2039 2004 μηδ’
2065 1935 2195 1988 αὐτὸ
2219 1936 2279 1988 τὸ
2308 1934 2679 2003 κεκωλυμίνον
2704 1934 2766 1986 ὲκ
2780 1931 2964 2000 γένους
3004 1927 3329 1997 ὑπονοήσαν-

1793 2109 1980 2179 viginti
2035 2109 2331 2179 lignearum
2363 2110 2586 2182 turrium
2619 2107 2671 2160 in
2714 2105 2939 2161 circuitu
2979 2103 3328 2158 Demctriadis

1795 2215 1902 2255 uno
1926 2200 2012 2255 die
2041 2200 2272 2268 perfecta
2294 2200 2399 2270 72
2415 2198 2723 2263 exstructio,
2748 2196 2942 2266 quibus
2971 2206 3018 2248 et
3035 2194 3176 2248 fossa
3197 2208 3332 2263 pra:-

1795 2289 1955 2344 ducta
2013 2290 2207 2358 duplex
2233 2300 2336 2353 est,
2381 2302 2519 2355 aqua
2549 2289 2772 2356 insuper
2801 2300 2831 2338 e
2864 2283 3019 2356 ,οισι-ἱ
3049 2281 3225 2336 vicino
3270 2281 3329 2334 in

1797 2390 2076 2449 utramque
2094 2377 2368 2433 derivata.
2402 2378 2609 2443 Quibus
2653 2373 3027 2443 deproperatis
3077 2371 3142 2426 ad
3194 2379 3332 2423 tute-

1796 2468 1900 2521 lam
1932 2470 2130 2537 operis,
2163 2470 2306 2524 intra
2344 2467 2398 2522 i.l
2432 2467 2628 2521 vallum
2658 2479 2848 2520 secure
2865 2461 2970 2532 jam
3003 2471 3084 2517 est
3135 2460 3334 2516 solido-

1797 2574 1912 2612 rum
1936 2575 1965 2610 e
1991 2574 2120 2612 saxo
2147 2557 2410 2610 mtenium-
2429 2570 2521 2625 per
2533 2555 2699 2607 otium
2719 2551 3001 2606 mdiﬂcatio
3017 2559 3200 2604 curata
3219 2590 3233 2604 .
3274 2549 3328 2603 In

1799 2649 1880 2702 his
1905 2649 1995 2702 diu
2034 2661 2188 2701 suum
2213 2648 2506 2701 exercitum
2534 2642 2980 2709 protovcstiarius
3009 2647 3327 2708 occupatum

1798 2739 2001 2803 habuit,
2036 2737 2168 2791 nihil
2204 2736 2486 2792 admodum
2513 2736 2716 2789 interea
2759 2733 2955 2803 negotii
2985 2732 3226 2787 hostibus
3255 2730 3330 2786 fa-

1797 2843 2016 2882 ροεευιιε
2037 2865 2050 2880 ο

1795 2938 1883 2992 9.7.
1904 2937 1975 2989 De
1987 2937 2380 3005 protouestiario
2394 2951 2411 2998 ς
2427 2943 2475 2989 et
2487 2945 2542 2988 ut
2558 2934 2738 2987 deinde
2763 2947 3045 3005 successum
3058 2929 3328 2983 habuerint

1973 3001 2088 3075 qua
2127 3016 2310 3059 contra
2363 3005 2663 3060 ﬂichaelem
2700 3001 3156 3069 comparabantur.

1859 3094 2118 3149 Cteterum
2131 3095 2183 3150 in
2197 3095 2554 3149 Romanorum
2571 3102 2867 3166 castrorum
2884 3090 3098 3153 milites,
3121 3089 3272 3157 longa
3282 3103 3329 3140 nt

1807 3186 1896 3240 tali
1928 3187 2041 3238 loco
2064 3194 2118 3238 et
2145 3193 2304 3253 opere
2335 3184 2603 3238 trabentcs
2639 3196 2865 3245 moram,
2887 3182 3064 3251 gravis
3091 3176 3331 3234 incubuit

1805 3277 2084 3330 calamitas
2119 3276 2418 3344 pestilentis
2459 3271 2651 3338 morbi,
2687 3285 2794 3340 quo
2839 3269 2991 3324 multi
3025 3277 3151 3324 sunt
3183 3267 3328 3323 brevi

1806 3365 1981 3434 spatio
2017 3364 2211 3419 necati.
2249 3361 2361 3417 Luc
2391 3361 2584 3430 quippe
2620 3376 2716 3430 per
2757 3357 2999 3429 contagia
3033 3363 3330 3425 grassante,

1807 3467 1869 3506 ac
1921 3461 2178 3521 corrupto
2224 3453 2394 3520 magis
2443 3452 2721 3520 magisque
2759 3450 2880 3504 caeli
2930 3457 3105 3501 tractu
3137 3456 3329 3501 suam

1809 3550 2036 3611 augente
2084 3541 2210 3605 vim,
2259 3537 2611 3608 frequentatis
2644 3537 2695 3591 in
2729 3544 2997 3590 momenta
3053 3533 3354 3588 funeribus

1811 3629 2076 3698 inexpleta
2139 3625 2377 3682 Libitina
2451 3625 2666 3681 feritate
2737 3623 3121 3680 bacchabatur.
3187 3621 3330 3676 foeda

1810 3728 1988 3788 strage
2039 3720 2359 3772 cadaverum
2406 3716 2514 3769 late
2543 3721 2737 3769 cuncta
2775 3722 3151 3774 constemens.
3197 3709 3334 3767 adeo

1812 3823 1910 3862 nec
1956 3807 2090 3876 ipsis
2131 3813 2386 3877 parcente
2437 3803 2767 3874 principibus
2792 3800 2962 3866 clade,
3000 3802 3060 3856 ut
3084 3806 3332 3872 protove-

1812 3898 2056 3950 stiarium
2089 3909 2307 3964 quoque
2340 3894 2532 3949 ducem
2565 3892 2678 3957 ejus
2705 3891 2978 3944 exercitus
3023 3898 3336 3957 supremum

1811 3985 1978 4054 pesﬁs
2005 3983 2346 4050 exstinxerit;
2378 3996 2486 4052 quo
2518 3980 2730 4036 sublato
2762 3979 3004 4049 reliquiae
3034 3978 3332 4048 copiarum.

1814 4077 1958 4130 Iulia
1987 4090 2044 4129 re
2067 4082 2219 4143 gesta
2245 4079 2396 4128 tanto
2437 4081 2694 4143 apparatu
2727 4080 2780 4124 et
2821 4070 3226 4141 exspectatione
3255 4067 3338 4121 dl-

1813 4181 1936 4234 gna,
1990 4163 2217 4230 inglorio
2252 4168 2617 4218 reverterunt.
2649 4158 2841 4214 Postea
2880 4169 3056 4213 tamen
3094 4158 3210 4226 ipsa
3241 4172 3335 4226 per

192 4245 368 4304 Tamen
400 4253 510 4304 hoc
546 4265 651 4319 quo
677 4249 1036 4304 describimus
1064 4257 1322 4318 tempore,
1367 4250 1579 4318 plurimi
1617 4249 1713 4302 bo-
1815 4267 1872 4306 se
1910 4253 2126 4321 regina,
2175 4260 2503 4320 cooperante
2555 4263 2652 4319 pro
2694 4248 2834 4302 virili
2879 4247 3110 4316 conjuge
3161 4246 3334 4315 ipsius

191 4352 288 4392 run
320 4341 370 4393 in
397 4342 679 4409 pedestres
713 4341 998 4395 centuriati
1029 4340 1211 4410 copias
1235 4341 1708 4411 protovestiarium
1740 4348 1786 4406 ι)
1810 4340 2132 4410 Nicephoro,
2193 4339 2333 4394 dolis
2394 4352 2646 4410 aggressa
2697 4335 3005 4392 Michaelem
3056 4349 3229 4387 unam
3260 4335 3347 4387 illi.

192 4441 295 4482 sunt
330 4432 522 4493 secuti,
555 4431 949 4498 expeditionem
991 4430 1044 4482 in
1071 4438 1272 4483 tractus
1318 4429 1584 4485 Occiduos
1613 4431 1711 4484 du—
1816 4429 2049 4484 fallendo
2077 4428 2513 4484 efﬁcacissimam
2544 4428 2748 4495 reperit
2784 4423 3105 4481 machinam.
3128 4424 3336 4502 specio-

192 4529 406 4585 tt-nte;
449 4535 557 4589 qua
594 4519 638 4572 is
663 4534 978 4586 progressus
1007 4517 1392 4573 Demetriadem
1419 4535 1588 4588 usque
1636 4521 1711 4576 ibi
1815 4533 1934 4572 sum
1971 4527 2251 4573 ostentata:
2285 4515 2561 4570 aitinitatis
2593 4528 2809 4568 nomen.
2861 4510 2962 4566 Ubi
3012 4509 3154 4563 enim
3209 4526 3335 4579 pro-

192 4612 427 4664 constitit.
457 4613 750 4678 copiasque
782 4611 834 4669 in
873 4623 1063 4662 manus
1079 4609 1283 4663 divisas
1308 4611 1502 4677 partim
1521 4610 1715 4665 excur-

197 4712 292 4753 rere
323 4715 384 4753 ac
410 4717 441 4754 e
465 4699 658 4752 vicinis
691 4700 924 4750 hostium
950 4697 1105 4750 terris
1129 4700 1336 4765 przedas
1366 4713 1543 4767 agere.
1596 4716 1716 4767 par-

194 4785 271 4837 tim
302 4797 608 4843 restaurare
635 4787 828 4854 oppida
867 4784 1125 4838 Romamn
1179 4786 1403 4841 ditionis
1447 4789 1716 4842 incursio-

194 4876 327 4931 uibus
358 4879 657 4933 deformata
687 4877 974 4931 ltostilibus
999 4875 1185 4942 jussit,
1212 4875 1330 4943 ipse
1367 4877 1584 4930 interim
1619 4893 1714 4945 op—

194 4966 399 5031 periens,
431 4977 490 5020 ut
519 4968 718 5020 dictum
754 4975 856 5027 est,
905 4964 1152 5017 eﬂectum
1207 4964 1596 5030 promissorum
1632 4979 1714 5022 re-

193 5053 310 5119 gina:
335 5058 524 5120 Annae,
553 5068 608 5110 et
638 5057 796 5111 simul
828 5056 916 5109 illa
941 5056 993 5108 in
1024 5067 1153 5108 suos
1173 5053 1395 5122 laqueos
1437 5054 1709 5107 incautum

191 5139 435 5199 induisset
463 5145 772 5201 Michaelem
814 5145 965 5198 leviri
1008 5143 1090 5197 sui
1122 5142 1310 5205 lilium,
1341 5143 1555 5210 sibique
1592 5143 1711 5209 jux-

193 5239 233 5282 ιε
255 5237 491 5290 condicta
529 5235 862 5297 tradidisset,
888 5243 1233 5302 corrcpturus
1271 5239 1491 5301 tutoque
1513 5231 1712 5299 produ-

191 5331 357 5376 cturus
378 5325 442 5375 ad
485 5325 821 5392 Angustum.
867 5323 991 5376 Haec
1024 5323 1222 5390 quippe
1254 5335 1377 5374 vera
1406 5329 1521 5387 erat
1547 5333 1710 5373 morae

191 5424 351 5473 causa,
385 5414 471 5465 cui
502 5413 747 5481 speciose
776 5413 1166 5466 obtendebatur
1192 5425 1348 5477 quam
1368 5409 1477 5463 dixi
1515 5410 1711 5463 labefa-

193 5509 440 5557 ctatorum
465 5503 667 5570 injuria
693 5506 774 5556 vel
813 5500 1178 5572 temporisvel
1201 5500 1322 5555 belli
1351 5501 1605 5554 numnium
1631 5513 1709 5554 rc-

194 5594 406 5659 paratio;
439 5594 593 5664 cujus
629 5594 857 5666 primum
909 5596 1182 5664 specimen
1233 5590 1332 5646 fuit
1375 5601 1606 5660 quatuor
1653 5599 1706 5645 et

1814 4609 1951 4662 mitti
2002 4608 2102 4661 sibi
2153 4606 2376 4662 Michael
2427 4599 2632 4659 audivit
2666 4602 2885 4670 nuptias
2918 4601 3077 4670 regia
3111 4602 3346 4685 virginis

1811 4696 2103 4765 Nicephori
2146 4695 2386 4762 despotae
2426 4701 2482 4747 et
2516 4693 2684 4747 Annae
2717 4691 2915 4762 reginae
2946 4688 3089 4752 alia.
3123 4699 3180 4744 et
3223 4697 3343 4744 tam

1813 4785 2078 4853 splendidi
2125 4784 2466 4854 sponsionem
2522 4780 2852 4835 matrimonii
2903 4780 3185 4848 utriusque
3230 4781 3336 4837 sibi

1812 4875 2000 4943 puellae
2053 4873 2288 4943 parentis
2336 4871 2658 4941 iuramentis
2707 4869 3058 4925 sanctissimis
3105 4870 3333 4935 ﬁrmari,

1813 4963 1967 5018 facile
1998 4977 2057 5016 se
2083 4970 2418 5030 speratorum
2449 4964 2760 5016 soceron
2789 4960 3037 5027 potestati
3066 4959 3336 5024 permisit,

1811 5051 2129 5118 imprudens
2167 5050 2261 5118 qui
2303 5064 2407 5104 non
2442 5046 2774 5114 reputaverit
2799 5058 2962 5114 quam
2985 5054 3130 5100 esset
3158 5047 3335 5100 incre-

1811 5139 1973 5191 dibilc
2011 5137 2160 5196 ,velle
2214 5151 2396 5192 revera
2442 5135 2697 5203 despotas
2738 5134 3008 5189 collocare
3044 5133 3334 5203 legitimam

1810 5228 2074 5282 haeredem
2121 5228 2271 5282 nothi
2318 5209 2448 5290 alio,
2504 5222 2604 5280 nec
2635 5225 2810 5282 vereri
2840 5225 3108 5281 maculare
3135 5224 3349 5295 avitam,

1809 5317 2146 5373 nobilitatem
2185 5314 2504 5370 admistione
2541 5314 2712 5382 spurii
2738 5315 2991 5385 generis!
3024 5312 3215 5365 Verum
3242 5310 3331 5380 ju-

1809 5406 1957 5458 venis
2015 5403 2306 5457 ambitione
2357 5392 2594 5472 prteceps
2640 5418 2708 5458 ne
2750 5403 3062 5473 suspicione
3111 5398 3329 5468 quidem

1809 5498 1978 5565 prima
2019 5504 2178 5551 tenus
2220 5505 2326 5548 tam
2360 5493 2568 5562 justum
2594 5494 2889 5551 admittens
2932 5500 3156 5558 metum,
3191 5503 3333 5545 eaea

1807 5589 2000 5643 ﬁducia
2048 5589 2102 5643 in
2152 5588 2373 5658 laqueos
2423 5602 2484 5645 se
2533 5587 2726 5644 induit.
2775 5587 2914 5641 Dans
2955 5583 3152 5655 quippe
3193 5596 3251 5641 se
3279 5582 3339 5638 in
