4044 6340
652 323 761 384 3'39

1812 331 2131 391 GEORGII
2173 328 2645 387 PACHYMERE

3741 277 3857 383 too

657 429 790 494 ζειν.
825 431 966 500 Πλὴν
991 432 1046 484 τδ
1071 432 1166 500 μὲν
1194 432 1338 503 κήδε’
1363 437 1597 505 ἰφῆφθαι
1650 440 1955 508 Ῥωμαίοις,
1989 440 2191 514 ἔλεγον,
2224 443 2265 496 Α
2296 436 2711 506 θαυμαστὸς-’μὲν
2730 436 2930 497 ἐκεῖνος
2949 434 3144 500 δόξειεν
3162 432 3244 494 ἂν,
3268 433 3584 502 μακαριστοὶ
3606 432 3698 505 μ’.
3719 432 3858 497 250i

656 522 749 576 καὶ
777 521 942 575 ταῦτα
974 522 1038 576 τὰ
1063 527 1288 595 μέγιστα
1321 521 1396 580 ὧν
1416 527 1551 599 ἀκοῇ
1597 531 2025 601 παρειλήφαμεν,
2078 530 2198 581 οὔτε

661 609 905 682 μάντεως
923 612 1042 667 οὔτε
1073 617 1175 685 μὴν
1202 616 1469 688 προφήτου
1500 622 1669 672 εἰπεῖν
1710 621 1973 690 χρῄζοιεν.
2041 620 2111 672 Τὸ
2141 619 2197 672 δὲ

652 704 746 756 καὶ
778 702 956 757 θεόθεν
986 706 1354 777 ὀργιζομένου,
1390 712 1477 761 καὶ
1504 710 1569 767 εις
1603 711 1727 777 εἴπῃ
1753 728 1833 772 τις
1884 712 1948 765 ἂν
2000 712 2193 772 αξτίας,

654 793 862 846 πολλῶν
889 810 951 862 γε
988 796 1178 860 οὐσῶν,
1209 798 1491 867 ὲξαῐρομεν
1544 799 1722 867 μέντοι
1782 802 1871 850 καὶ
1928 801 2195 869 ἁμαρτίας

652 883 751 947 τὰς
797 883 891 937 τοῦ
940 884 1059 939 καθ’
1112 885 1355 951 ἕκαστον,
1407 889 1754 957 Χριστιανούς
1792 906 1853 955 γε
1898 889 2049 950 oves;
2108 889 2197 940 καὶ

654 976 1045 1043 πρεσϐεύοντας
1070 978 1319 1047 πρόνοιαν
1348 978 1491 1040 εἰκὸς
1525 980 1740 1039 ἐννοεῖν,
1786 980 1874 1031 καὶ
1916 981 1967 1031 εἴ
2008 980 2058 1045 γ’
2107 979 2198 1029 ἔπι

651 1066 855 1129 τούτοις
883 1068 916 1136 ἡ
959 1056 1049 1120 ἐπὶ
1075 1066 1168 1119 τοῦ
1207 1066 1449 1135 λιπαρῶς
1482 1067 1615 1119 Θεοῦ
1669 1068 1879 1120 δέεσθαι
1928 1068 2195 1137 συμϐουλὴ

648 1158 722 1220 ὡς
754 1154 1084 1225 supini/{oud
1112 1173 1169 1209 τε
1222 1159 1313 1209 καὶ
1361 1158 1528 1227 suum,
1593 1159 1822 1222 ἵσταται,
1890 1158 2196 1229 θαυμαστὸν

645 1244 817 1297 οὐδέν.
846 1243 1163 1314 ξΐοῦναντίον
1192 1243 1287 1311 μὲν
1322 1242 1411 1297 οὖν
1445 1245 1507 1297 ἂν
1545 1245 1849 1312 θαυμαστὸν
1872 1246 1920 1296 εί
1949 1247 2198 1315 εὐθηνοῦ-

650 1350 731 1384 σιν
751 1337 807 1393 ἐς
838 1332 979 1386 ἅπαν
1012 1337 1101 1386 καὶ
1124 1334 1272 1385 οὐδὲν
1305 1334 1481 1402 ἔχουσι
1511 1334 1748 1403 λυπηρὲν
1796 1335 2048 1403 προέλεγέ
2115 1350 2197 1397 τις

646 1422 716 1475 τὰ
741 1422 963 1491 φοϐερὰ,
998 1422 1062 1475 ἄν
1089 1422 1221 1481 τέως
1253 1423 1561 1485 ἀπέϐαινον,
1594 1425 1724 1476 ὅπου
1763 1441 1825 1492 γε
1884 1424 1977 1477 καὶ
2016 1425 2193 1487 Ἰωνᾶς

650 1513 993 1565 ὑπωπτεύετο
1016 1511 1315 1574 Νινευΐταις
1342 1513 1583 1582 τρυφῶσι
1634 1515 1790 1585 μέχρι
1858 1515 1947 1567 καί
2005 1515 2192 1583 ἀκοῆς,

647 1603 762 1655 ἀλλ’
787 1604 846 1655 οὐ
880 1605 1089 1672 πείρας,
1118 1604 1417 1657 σταθέντων
1440 1604 1541 1655 τῶν
1571 1604 1848 1671 λυπηρῶν.
1879 1606 1943 1657 Εἰ
1994 1605 2049 1656 δὲ
2100 1604 2194 1657 καὶ

650 1694 976 1764 προφητείας
1009 1692 1201 1763 ἀξιῷτό
1240 1711 1318 1755 τις
1367 1688 1456 1773 in!
1499 1691 1575 1762 τῷ
1612 1694 1791 1746 πλέονι
1836 1694 1939 1747 τῶν
1988 1694 2190 1757 κακῶν,

651 1872 1016 1927 admonebant
1058 1872 1169 1937 alii,
1215 1886 1644 1943 magnoliereque
1673 1886 1828 1928 secus
1866 1871 2194 1941 suspicando

651 1964 1036 2017 incumbebant
1082 1963 1149 2016 ad
1200 1950 1587 2031 reprobandum
1634 1972 1797 2020 totam
1842 1980 1988 2031 rem;
2030 1980 2190 2035 quam

650 2068 751 2106 nec
802 2052 1121 2123 dubitabant
1162 2054 1429 2123 appellare
1477 2056 1847 2125 operationem
1898 2055 2191 2111 adversarii

650 2142 891 2211 spiritus,
932 2143 1023 2195 Dei
1062 2138 1289 2212 gloriam
1325 2142 1578 2209 iurantis,
1616 2160 1674 2199 ea
1714 2138 1832 2215 qua:
1860 2144 1968 2202 Deo
1994 2162 2192 2202 conve.

654 2233 811 2286 niunt
855 2231 1238 2302 praeripiendo,
1266 2243 1325 2286 ut
1352 2248 1580 2305 magnus
1610 2235 1754 2306 loqui
1788 2238 1997 2292 solebat
2021 2239 2195 2293 Anto-

651 2322 793 2377 nius.
862 2320 979 2375 Non
1042 2323 1266 2377 deerant
1312 2325 1403 2392 qui
1458 2324 1709 2380 humanis
1765 2325 2064 2396 disciplinis
2126 2344 2194 2382 ex

652 2412 1033 2467 observatione
1062 2414 1389 2466 naturalium
1428 2415 1701 2484 signorum
1740 2417 2004 2483 ejusmodi
2034 2434 2198 2473 even-

2294 525 2350 578 δὲ
2382 525 2469 579 καὶ
2499 528 2654 595 ἡμεῖς
2680 524 3015 592 λογιζοίμεθα
3049 524 3122 585 ὡς
3149 524 3245 576 οὐκ
3274 524 3499 587 ἐκείνου,
3532 524 3648 576 ἀλλ’
3691 524 3859 593 ἡμῶν

2298 629 2358 680 γε
2387 614 2543 683 χάριν
2590 616 2686 684 τῆς
2718 616 3067 685 προρρήσεως
3132 612 3427 681 γεγονυίας.
3488 613 3859 682 Κρύπτεσθαι

2299 705 2393 772 μὶν
2422 701 2518 757 οὖν
2542 706 2738 757 ἐκεῖνον
2762 706 2852 756 καὶ
2875 704 2947 773 μὴ
2973 702 3367 772 φανερούμενον
3407 702 3754 772 ἔκφανεροῦν
3789 702 3859 755 τὰ

2296 793 2414 846 θεῖα
2439 794 2728 861 μυστήρια,
2758 794 2891 861 πρὸς
2922 794 2999 861 τῷ
3036 792 3106 861 μὴ
3133 790 3336 856 ἔνδοξον
3360 786 3493 844 εῖναι
3548 792 3697 844 κατὰ
3751 790 3860 858 τὴν

2296 882 2538 951 Γραφὴν,
2570 883 2661 933 καὶ
2692 880 3003 942 κινδυνῶδες
3036 880 3375 933 καθίσταται.
3399 880 3507 932 Καὶ
3542 880 3667 932 ὅσον
3700 880 3860 949 ἡμᾶς

2296 971 2441 1023 δίκαι
2472 968 2908 1040 περιελεύσονται
2955 967 3467 1038 κατωλιγωρηκότας
3510 968 3754 1031 δίκαιαι.
3807 970 3858 1020 si

2294 1060 2391 1122 τὰς
2419 1061 2595 1121 αίτίας
2623 1060 2824 1119 ἔκεῐνος
2856 1058 2999 1125 λέγει
3056 1058 3146 1110 τοῦ
3197 1057 3469 1124 δαιμονίου
3513 1058 3856 1128 μηνίματος.

2295 1148 2463 1212 οὕτως
2494 1149 2682 1217 ἐκείνῳ
2714 1151 2993 1217 σιγήσαντι
3024 1150 3083 1201 τὸ
3108 1148 3196 1200 διὰ
3237 1148 3555 1217 κηδεμονίαν
3600 1165 3860 1218 προορα-

2296 1241 2384 1293 θὲν
2406 1242 2641 1304 κίνδυνος
2661 1243 3065 1311 περιστήσεται.
3095 1240 3166 1293 Τὸ
3198 1240 3241 1291 δ’
3284 1240 3373 1292 ἐπὶ
3426 1240 3631 1303 τούτοις
3697 1240 3859 1308 ἱστᾷν

2294 1329 2354 1381 τὺ
2411 1328 2591 1400 θαῦμα
2622 1398 2625 1400 η
2652 1330 2724 1400 μὴ
2765 1329 2861 1390 τὰς
2908 1328 3082 1390 αἰτίας
3116 1328 3356 1396 λέγοντα,
3407 1331 3501 1382 καὶ
3543 1329 3759 1390 ταύτας
3791 1328 3855 1381 οὐ

2296 1394 2478 1480 κοινάς
2509 1394 2603 1470 καὶ
2622 1394 2883 1486 συνήθεις
2904 1417 2980 1486 τῷ
3004 1394 3209 1487 κόσμῳ,
3236 1419 3350 1471 ἀλλ’
3382 1418 3511 1480 ἴσως
3552 1418 3695 1479 ιδίας
3758 1418 3858 1469 καὶ

2296 1510 2635 1576 καινοφανείς
2702 1509 2976 1576 ἄντικρυς,
3043 1507 3114 1576 μὴ
3164 1509 3257 1560 καὶ
3305 1506 3479 1576 ἑαυτῷ
3533 1525 3616 1571 τις
3670 1507 3860 1577 λέγων

2293 1599 2513 1653 τοιαῦτα
2542 1602 2845 1668 περι-ποιοίη
2886 1599 2978 1651 τὸν
3022 1598 3342 1667 θαυμασμὸν
3368 1599 3735 1668 συναρπάζων
3758 1601 3860 1668 μό-

2294 1706 2383 1741 νον
2414 1688 2683 1753 καὶδόξαν
2718 1690 3044 1759 θηρώμενος.
3070 1688 3251 1744 Ταῦτα
3274 1688 3521 1756 λέγοντες
3562 1688 3720 1758 δῆλοι
3752 1690 3859 1756 μιν

2295 1869 2443 1923 tibus
2490 1867 2923 1922 denuntiatorem
2974 1865 3147 1921 cladis
3186 1877 3456 1932 extremae,
3504 1881 3626 1935 quae
3680 1882 3853 1923 aures

2294 1966 2468 2021 solum
2505 1965 2623 2018 sine
2654 1963 2762 2017 ullo
2790 1963 3136 2031 experientia:
3177 1977 3339 2016 sensu
3371 1964 3682 2031 perculerit,
3726 1978 3857 2019 sese

2295 2060 2517 2124 repente
2576 2054 2840 2122 obiecisse
2908 2045 3181 2107 Niui'vitis.
3254 2052 3541 2107 Enimvero
3602 2053 3648 2110 si
3721 2055 3853 2124 quis

2294 2146 2456 2201 nobis
2510 2160 2637 2201 vero
2689 2144 2987 2215 prephetia:
3031 2144 3224 2214 spiritu
3268 2160 3337 2199 se
3364 2128 3545 2200 afﬂari
3592 2147 3853 2202 evidenti

2291 2237 2658 2305 experimento
2691 2238 2843 2290 fidem
2877 2236 3097 2298 faceret,
3124 2249 3235 2289 rem
3266 2236 3453 2305 utique
3480 2236 3854 2293 manifestans

2295 2328 2532 2380 humano
2575 2326 2793 2394 ingenio
2818 2325 3221 2379 inscrutabilem
3259 2341 3272 2377 :
3320 2312 3539 2378 causam
3580 2326 3851 2379 videlicet

2292 2416 2490 2471 divinat
2531 2418 2585 2470 in
2636 2431 2736 2485 nos
2783 2416 2909 2476 irae,
2951 2429 3085 2483 quast
3112 2428 3401 2469 ultumum
3430 2414 3697 2469 malorum
3745 2430 3853 2469 nos

574 2576 577 2579 Δ
649 2510 739 2556 tus
772 2502 1011 2571 praesciri
1059 2515 1123 2555 ac
1169 2502 1382 2571 praedici
1414 2504 1751 2573 disputarent
1783 2521 1960 2573 posse.
1996 2508 2197 2567 Omnes
2286 2506 2599 2578 urgentium
2633 2521 2817 2561 revera
2865 2508 3066 2559 malum
3096 2512 3199 2568 est,
3233 2505 3378 2560 hunc
3418 2504 3565 2573 justa
3618 2505 3852 2574 quidem

647 2605 832 2649 tamen
884 2593 1266 2663 requirebant,
1316 2594 1461 2649 velut
1523 2594 1933 2651 fundamentum
1986 2609 2193 2655 eertum

650 2685 988 2743 stabilienda:
1018 2686 1084 2739 de
1116 2686 1220 2740 hoc
1249 2686 1466 2755 negotio
1491 2699 1631 2739 verae
1670 2691 1978 2750 sententiae.
2010 2691 2199 2759 cogni-

648 2778 849 2831 tionem
874 2792 1115 2846 personm
1136 2792 1196 2830 ac
1228 2779 1463 2830 nominis
1480 2778 1599 2845 ejus
1619 2793 1728 2847 quo
1751 2780 1819 2831 de
1838 2791 2195 2847 quaereretur,

2296 2598 2653 2659 admiratione
2713 2612 3169 2667 prosequeremur
3213 2613 3228 2650 :
3276 2598 3370 2652 sed
3412 2606 3468 2650 et
3520 2596 3684 2652 simul
3749 2609 3856 2653 nos

2297 2688 2484 2743 beatos
2540 2696 2943 2757 reputaremus.
2994 2704 3222 2758 quorum
3276 2678 3484 2743 scilicet
3518 2689 3570 2741 in
3604 2689 3850 2758 gratiam

2296 2793 2361 2832 ac
2412 2777 2647 2832 fructum
2694 2779 3044 2847 peculiarem,
3098 2794 3205 2833 non
3254 2788 3433 2833 autem
3477 2780 3530 2834 in
3561 2782 3850 2849 propriam

651 2869 755 2921 rati
797 2860 1040 2937 quandiu
1091 2869 1138 2921 is
1190 2868 1255 2921 de
1288 2854 1452 2942 facie
1497 2869 1635 2941 foret
1685 2884 1748 2922 ac
1800 2871 1909 2925 vita
1959 2871 2196 2939 ignotus,
2231 2893 2255 2901 -
2296 2870 2379 2923 sui
2424 2869 2765 2938 jactantiam,
2804 2869 3077 2937 ejusmodi
3125 2880 3269 2923 esset
3306 2886 3370 2925 ex
3418 2872 3528 2926 alto
3575 2873 3853 2942 inspirata

647 2965 873 3010 cunctas
890 2958 943 3010 in
966 2971 1089 3011 eum
1110 2939 1405 3025 quamlibet
1426 2939 1678 3010 sinistras
1697 2966 1843 3011 recte
1862 2959 2197 3026 suspiciones

2298 2958 2646 3028 praedictione
2679 2959 3013 3027 perfunctus.
3041 2959 3315 3013 Ahscondi
3342 2975 3467 3013 vero
3495 2962 3673 3030 ipsum
3699 2973 3755 3019 et
3782 2979 3852 3019 ex

648 3048 859 3103 cadere.
888 3048 1176 3111 Czeterum,
1208 3048 1453 3103 nonnulli
1481 3049 1719 3111 aiebant,
1750 3051 1852 3103 hac
1882 3060 2197 3119 tempestate
2225 3084 2267 3142 α
2298 3047 2515 3103 occulto
2532 3063 2717 3103 vocem
2740 3050 2973 3115 mittere,
2997 3052 3655 3121 praeterquamindeceus,
3678 3055 3851 3109 etiam

650 3138 716 3191 ad
738 3137 1136 3205 intelligendum
1154 3137 1551 3205 dicendumque
1574 3138 2069 3216 ingruerein‘365
2090 3140 2212 3201 Βοο,

651 3238 843 3281 manes
869 3226 1188 3288 infortunia,
1215 3235 1269 3279 et
1292 3241 1355 3279 ea
1382 3228 1601 3298 quidem
1627 3228 1866 3281 omnium
1892 3245 2012 3298 quae
2034 3231 2197 3284 fando

649 3315 958 3368 audivimus
1003 3314 1257 3379 maxima,
1304 3327 1405 3367 nec
1457 3324 1575 3369 vate
1618 3330 1718 3369 nec
1759 3320 2013 3385 pmpheta
2061 3332 2199 3387 Opus

651 3403 948 3466 habemus,
998 3402 1327 3472 experientia
1368 3402 1581 3471 publica
1638 3405 1691 3459 id
1743 3405 1936 3474 cuique
1981 3407 2197 3462 abunde

649 3502 1007 3549 monstrante.
1049 3492 1105 3547 ln
1148 3508 1213 3548 eo
1262 3494 1437 3547 solum
1490 3489 1619 3551 usus
1665 3505 1811 3551 esset
1850 3503 1903 3548 et
1937 3497 2108 3551 mirus
2142 3504 2197 3551 et

652 3586 908 3655 optabilis
936 3585 1217 3640 monitoris
1240 3586 1503 3641 divinitus
1532 3586 1714 3650 amati,
1741 3588 1784 3641 si
1805 3587 1929 3656 quis
1950 3588 2196 3657 indigna—

654 3677 817 3730 tionis
868 3675 957 3730 Dei
1013 3675 1311 3730 manifesta:
1334 3677 1443 3745 jam
1476 3676 1530 3729 in
1561 3694 1658 3731 nos
1689 3692 1919 3731 arcanas
1952 3686 2005 3731 et
2038 3680 2195 3735 nobis

652 3754 813 3819 noxio
854 3756 1127 3832 ignoratus
1159 3780 1189 3818 e
1222 3765 1360 3819 coelo
1398 3767 1623 3822 edoctus
1674 3769 1936 3823 indicaret
1976 3785 2194 3825 causas.

651 3852 852 3925 Nempe
880 3854 934 3908 in
965 3869 1158 3923 genere
1191 3850 1409 3925 quidem
1450 3862 1678 3920 scimus,
1711 3869 1978 3928 quotquot
2004 3862 2197 3915 imbuti

652 3945 978 4001 Christianis
1008 3947 1317 4015 disciplinis
1349 3949 1721 4002 administrari
1754 3951 2013 4004 mundum
2042 3964 2195 4018 aequa

651 4046 705 4091 et
743 4039 971 4105 sapienti
1010 4038 1346 4106 providentia
1384 4039 1864 4106 persuasissimum
1913 4040 2197 4103 habemus,

650 4122 1123 4196 peccatis—utique,
1151 4128 1332 4195 qualia
1365 4129 1615 4197 quotidie
1637 4129 1864 4195 plurima
1897 4138 2197 4196 patrantur,

2293 3138 2447 3208 juxta
2513 3142 2876 3195 testimonium
2926 3141 3222 3210 Scripturae
3266 3140 3424 3211 365
3475 3144 3851 3211 periculosum

2296 3237 2399 3283 est.
2432 3232 2509 3283 Ac
2537 3241 2738 3299 quanto
2768 3247 2868 3285 nos
2893 3231 3051 3299 plecti
3080 3234 3286 3302 justius
3307 3235 3565 3289 immissis
3585 3234 3854 3292 divinitus

2297 3320 2545 3373 cladibus
2581 3320 2931 3373 manifestum
2963 3320 3130 3383 ﬂeret,
3165 3323 3254 3375 ubi
3281 3323 3551 3377 declarata
3586 3338 3687 3390 per
3723 3340 3853 3380 eum

2296 3411 2455 3464 nobis
2508 3390 2666 3478 culpa
2718 3418 2905 3464 nostra
2945 3411 3223 3480 quapiam,
3254 3426 3374 3480 quae
3400 3412 3635 3467 divinam
3662 3415 3718 3469 in
3750 3431 3853 3471 nos

2297 3500 2725 3569 indignationem
2774 3502 3111 3563 concitaret,
3156 3515 3252 3554 nos
3301 3502 3354 3553 iu
3412 3516 3472 3555 ea
3523 3502 3854 3574 corrigenda

2298 3610 2489 3664 segnes
2542 3609 2809 3658 essemus,
2860 3604 3007 3651 tanto
3061 3595 3139 3648 illi
3191 3607 3303 3648 rem
3345 3602 3551 3650 tantam
3594 3603 3650 3651 et
3704 3598 3853 3652 scltu

2298 3687 2533 3739 maxime
2565 3685 2748 3739 utilem
2781 3685 2997 3747 eelanti,
3034 3684 3298 3753 siquidem
3332 3686 3435 3739 scit
3467 3684 3629 3755 (seire
3657 3695 3845 3742 autent

2298 3777 2474 3844 ipsum
2506 3785 2741 3844 oportet.
2776 3774 2819 3829 si
2849 3774 3107 3844 propheta
3151 3776 3222 3829 sit
3264 3791 3278 3827 :
3330 3790 3453 3829 nam
3505 3777 3604 3830 hoc
3644 3793 3850 3833 nomen

2298 3867 2489 3921 mereri
2534 3866 2647 3920 sola
2702 3865 3111 3920 denuntiatione
3154 3879 3330 3924 rerum
3379 3880 3501 3935 quae
3544 3881 3573 3919 a
3623 3871 3852 3924 nemine

2298 3957 2617 4027 ignorantur
2667 3956 3080 4024 haudquaquam
3128 3954 3349 4024 potest),
3384 3964 3557 4019 tanto,
3594 3954 3850 4024 inquam.

2297 4046 2389 4103 isti
2422 4046 2662 4101 reticenti
2686 4046 2829 4115 quod
2856 4046 3193 4114 putissimum
3228 4046 3535 4113 publicasse
3556 4046 3851 4116 debuerat,

2292 4138 2517 4205 gravius
2559 4137 2803 4190 imminet
2831 4136 3124 4203 periculum
3156 4137 3377 4189 rationis
3419 4150 3481 4189 ex
3522 4138 3639 4205 ipso
3668 4152 3699 4191 a
3734 4138 3853 4194 Deo

652 4220 787 4273 iram
829 4216 917 4269 Dei
942 4224 1128 4271 contra
1164 4217 1411 4270 homines
1442 4216 1681 4270 armari:
1713 4217 1987 4285 quodnam
2016 4226 2209 4279 tamen
2298 4227 2601 4295 repetendae
2650 4227 2791 4280 male
2834 4228 2973 4297 gesti
3004 4226 3341 4280 .ministerii.
3391 4224 3621 4281 Tantum
3681 4229 3853 4299 igitur

650 4307 991 4376 potissimum
1022 4314 1267 4360 nostrum
1303 4304 1507 4360 crimen
1537 4307 1648 4359 lnec
1680 4306 1782 4361 sub
1811 4306 2013 4375 quibus
2042 4308 2200 4362 hodie

2300 4316 2558 4371 absumus
2604 4331 2634 4369 a
2672 4305 2989 4386 judicando,
3029 4316 3191 4371 istum
3244 4317 3555 4385 quicunque
3602 4327 3707 4383 est,
3750 4320 3850 4389 qui

652 4399 915 4467 gemimus
932 4397 1137 4466 flagella
1161 4396 1505 4461 ulciscantur,
1542 4406 1599 4450 ut
1622 4394 2196 4466 incompertum‘nobis

2305 4405 2412 4473 peti
2446 4420 2543 4459 nos
2568 4408 2882 4460 cmles‘tibus
2912 4401 3161 4474 ﬂagellis,
3193 4406 3335 4474 quod
3363 4408 3536 4462 cuivis
3562 4418 3644 4462 est
3674 4412 3854 4466 n0tis-

653 4494 759 4545 est,
812 4485 884 4536 ita
937 4493 1083 4540 esset
1127 4485 1471 4538 utilissimum
1525 4484 1733 4539 doceri.
1777 4483 1869 4538 Sic
1915 4486 2081 4547 enim,
2132 4500 2198 4537 eo

650 4574 1012 4637 emendando,
1051 4572 1173 4628 fons
1207 4574 1473 4627 malorum
1517 4583 1702 4641 posset
1738 4573 1966 4626 obstrui.
2006 4574 2198 4627 Consi—

653 4662 785 4714 lium
837 4677 967 4715 sane
1012 4661 1120 4716 Deo
1161 4662 1523 4731 supplicandi,
1559 4674 1615 4716 ut
1644 4663 1927 4731 propitiari
1966 4678 2025 4715 se
2056 4664 2200 4715 sinat

596 4768 605 4775 ·
651 4760 706 4803 et
752 4751 922 4811 nostri
975 4752 1320 4814 misereatur,
1371 4752 1437 4803 iis
1489 4760 1798 4819 suggestum
1829 4753 1921 4818 qui
1951 4752 2200 4804 vindictae

616 4889 633 4899 ,
653 4840 848 4893 divinae
867 4839 1040 4907 plagis
1066 4854 1206 4891 nunc
1234 4841 1463 4892 maxime
1487 4839 1919 4909 ﬂagrantissimis
1943 4849 2196 4911 urqntur,

655 4930 797 4983 nihil
824 4929 986 4983 habet
1017 4928 1263 4982 mirabile
1290 4918 1682 4996 ae‘prudentite
1713 4929 1948 4999 vulgaris
1980 4929 2195 4983 modum

653 5021 947 5073 excedens.
1004 5020 1238 5088 Agnosci
1286 5017 1503 5087 quidem
1567 5019 1703 5071 forte
1762 5030 1945 5087 posset
2001 5021 2198 5089 suspici

653 5109 871 5176 dignum
900 5110 1101 5176 aliquid
1128 5118 1183 5165 et
1208 5119 1366 5179 captu
1388 5110 1635 5177 superius
1668 5110 1901 5163 humano
1931 5110 1984 5163 in
2015 5126 2077 5165 eo
2106 5112 2195 5178 qui

655 5196 865 5251 consilii
892 5200 1013 5251 talis
1041 5201 1352 5267 inepinatus
1382 5211 1570 5251 auctor
1601 5207 1915 5267 exsurgeret
1941 5199 1992 5250 in
2012 5204 2200 5254 medio

655 5288 833 5358 populi
873 5287 1042 5339 felicis
1076 5300 1125 5340 et
1152 5292 1376 5343 cunctis
1415 5300 1615 5342 nultum
1661 5306 1722 5342 ac
1758 5291 1986 5343 fortuna:
2020 5290 2195 5354 lienis,

654 5379 771 5430 sine
804 5377 908 5429 ulla
956 5376 1119 5429 sortis
1163 5378 1395 5429 adversm
1442 5381 1753 5440 iormidinc,
1786 5378 2193 5444 ﬂorentissimi;

651 5470 863 5539 ιιυδιίιιιι
908 5468 1219 5535 accepimus
1249 5464 1436 5530 Jouam
1479 5470 1814 5534 preplietam,
1847 5483 1875 5519 e
1903 5467 2197 5535 longinquo

653 5556 719 5609 ad
768 5558 819 5610 id
875 5557 1209 5625 ptufcclttln,
1265 5554 1397 5607 nihil
1446 5557 1625 5608 minus
1686 5557 2089 5622 stiSpieantibns
2141 5565 2195 5610 et

656 5650 804 5700 beata
833 5650 990 5717 copia
1022 5665 1194 5706 rerum
1228 5648 1467 5702 omnium
1500 5662 1709 5701 summa
1753 5647 1804 5700 in
1847 5662 1976 5716 pace
2012 5646 2193 5702 fruen-

2300 4496 2522 4559 simum,
2551 4495 2857 4557 denuntiat,
2897 4495 3029 4548 illud
3068 4506 3245 4549 autem
3278 4505 3435 4557 tacet,
3462 4498 3735 4565 quodnam
3778 4501 3856 4556 ob

2300 4595 2548 4639 nostrum
2591 4585 2768 4639 scelus
2795 4586 2955 4652 vulgo
2986 4586 3382 4653 incompertum
3421 4602 3515 4640 nec
3541 4603 3647 4641 non
3678 4588 3853 4643 forsi-

2305 4686 2393 4728 tan
2444 4676 2872 4743 iususpicabile,
2922 4689 2983 4729 ac
3042 4675 3133 4729 ubi
3189 4675 3589 4730 manifestatum
3639 4676 3850 4743 fuerit,

2302 4778 2499 4815 novum
2552 4766 2947 4831 appariturum,
2994 4763 3083 4815 illa
3130 4762 3443 4828 desaeviant,
3485 4764 3853 4821 admiratione

2301 4849 2521 4915 dignum
2559 4864 2698 4912 esse,
2744 4859 2801 4903 ut
2852 4860 3037 4904 contra
3068 4853 3249 4916 potius
3285 4853 3657 4906 existimemus
3688 4854 3851 4908 illum

2302 4939 2546 4991 atii-elata
2577 4940 2680 4993 ista
2713 4941 3082 4995 occultatione
3109 4942 3191 4995 sui
3217 4942 3420 5011 justam
3449 4943 3604 4997 nobis
3630 4959 3856 5001 movere

2301 5029 2668 5095 suspicionem
2729 5030 2933 5083 callidae
2985 5028 3415 5098 qutestuosreque
3478 5032 3852 5101 arrogantius,

2299 5132 2523 5170 esuinen
2574 5118 2785 5185 quidem
2829 5133 2892 5169 ac
2936 5120 3330 5173 convictionem
3367 5122 3677 5183 metuentis,
3710 5122 3754 5174 si
3788 5138 3854 5177 se

2296 5205 2402 5274 jam
2435 5220 2576 5257 nunc
2609 5204 2940 5268 ostenderet,
2970 5207 3218 5274 plausum
3253 5221 3379 5259 vero
3404 5209 3852 5264 admirationem-

2298 5311 2402 5360 que
2424 5296 2743 5363 popularem
2778 5312 2899 5359 suo,
2934 5300 3023 5350 ulni
3056 5307 3322 5350 maturum
3352 5296 3535 5360 fuerit,
3564 5301 3615 5351 in
3648 5299 3852 5369 vulgus

2298 5383 2509 5437 edendo
2539 5386 2745 5438 nomini
2775 5388 2876 5442 sub
2904 5385 3213 5439 artiﬁciosis
3243 5388 3359 5442 istis
3382 5389 3595 5441 interim
3622 5391 3851 5447 latebris

2300 5470 2563 5535 parantis.
2616 5469 2738 5525 llaec
2772 5473 2849 5525 illi
2882 5473 2961 5525 sic
3000 5471 3329 5527 disserentes
3361 5476 3501 5528 haud
3537 5478 3743 5539 molles,
3787 5492 3852 5531 ιιι

2296 5560 2472 5625 palam
2507 5571 2643 5622 erat,
2674 5581 2731 5615 se
2764 5564 3025 5630 ,ιυείώίιιιι
3058 5562 3342 5618 admovi-re
3392 5567 3704 5636 imperatori
3745 5568 3851 5619 Sti-

2300 5651 2470 5705 tnulos
2518 5652 2582 5707 ad
2621 5655 2995 5724 prolcruidztm
3032 5658 3354 5711 nominatim
3390 5659 3654 5713 hactenus
3680 5660 3849 5713 aliesi«
