4044 6340
156 321 243 421 na
1028 358 1127 418 DE
1157 331 1588 423 ANnnomco
1627 361 2091 424 mmomeo
2127 361 2276 420 LIB.
2331 361 2376 418 v

3218 352 3320 417 4η

157 471 320 529 ﬂvis;
346 466 496 529 ἀξὶας
537 465 633 528 τὰς
661 465 810 528 δίκας
835 469 1064 533 τίσαιεν,
1101 471 1235 538 μηδὲ
1265 472 1546 539 προσέξειν
1572 473 1668 526 ἄλο
1695 477 1743 538 Α
1771 473 2031 542 ὲλπισμδν
2067 469 2406 540 συμπαθείας
2433 467 2531 532 τῆς
2571 467 2738 536 μονῆς
2768 466 3053 530 ἀπελύετο,
3085 468 3192 536 ἡδὲ
3217 469 3318 536 τῆς
3382 509 3396 517 .

161 561 233 609 λον
255 556 324 626 τῷ
361 555 668 625 στρατηγῷ,
723 555 796 625 μὴ
827 557 933 608 τῶν
986 559 1234 627 φυγάδων
1283 561 1507 614 ἐκείνων
1534 563 1664 616 ὑπο-

1765 563 2054 631 ὀλιγωρίας
2076 559 2201 626 δόξα
2235 559 2324 612 καὶ
2357 558 2438 612 Ιτι
2459 559 2758 621 ἀναζέουσα
2789 555 2877 628 ἦν,
2914 559 3006 610 καὶ
3033 558 3159 611 δείν’
3189 559 3323 612 ἀττα

161 642 491 714 extimui-td;
537 643 712 710 δίκας)
742 643 962 696 ἀλλάτδ
989 644 1088 712 μὲν
1119 648 1253 714 μονῇ
1288 647 1667 712 ἐγκεκλεῖσθαι
1765 652 1888 713 τοὺς
1926 649 2004 720 τῷ
2035 649 2255 720 μεγάλῳ
2291 646 2449 700 δουκὶν
2506 645 2938 714 προσκειμένους
2985 646 3323 714 ΰπέσμυχον,

161 735 237 788 καὶ
263 734 360 786 ἀπὸ
383 731 672 799 προσώπου
701 728 842 784 εἶναι
867 734 944 801 τῷ
973 733 1185 802 βασιλεῖ
1209 735 1440 804 ἀρκετὸν
1482 739 1561 799 είς
1589 755 1670 791 τι-

161 825 346 893 μωρίαν
373 822 601 891 ἔκρινεν,
647 822 822 875 ἐκεῖνο
864 823 993 888 παρ’
1022 826 1212 877 ἑαυτοῦ
1245 828 1669 882 καταδικασθέν-

157 930 235 975 τος
257 914 381 983 ὅπερ
421 913 484 964 ἀν
517 912 763 980 βασιλεὺς
817 914 1008 966 παθεῖν
1036 916 1242 968 ἐκεῖνον
1271 915 1345 978 ὠς
1375 919 1672 989 πρόστιμον

158 1003 392 1065 ἐδικαίου,
417 1003 513 1071 τῆς
543 1004 711 1070 μονῆς
741 1005 859 1057 ἀντὶ
889 1003 1134 1074 φυλακῆς
1161 1006 1325 1076 οὔσης
1369 1009 1590 1073 αὐτίκα,
1636 1002 1672 1080 ᾖ

160 1094 216 1162 δὴ
244 1095 328 1146 καὶ
374 1096 514 1162 παρά
565 1095 898 1164 πατριάρχου
949 1097 1270 1160 ἀποσταλεὶς
1301 1097 1670 1165 ἐγκέκλειστο.

161 1184 239 1252 Τῷ
260 1185 309 1237 δέ
329 1201 387 1252 γε
417 1188 803 1254 γραμματιστῇ
824 1186 1234 1254 ἀπεπροσπάθει
1262 1185 1336 1249 ὥς
1368 1186 1442 1256 μὴ
1477 1187 1594 1254 ίδίῳ
1611 1187 1674 1240 τὸ

162 1277 356 1329 σύνολον
383 1277 492 1329 δντι
525 1278 618 1330 καὶ
646 1277 719 1340 ὡς
744 1277 805 1330 ἐκ
829 1294 972 1340 τινος
997 1278 1251 1348 λατρείας
1284 1278 1510 1340 ἐκείνοις
1540 1279 1674 1332 ἀναν

161 1363 387 1430 ληφθέντι
407 1380 420 1394 ·
450 1364 559 1416 δεῖν
589 1366 693 1434 γὰρ
718 1367 827 1426 τοῖς
853 1365 951 1432 τῆς
969 1365 1078 1417 τῶν
1093 1365 1366 1434 ἀρχόντων
1384 1363 1475 1417 ἰπὶ
1497 1363 1675 1432 πλημ-

164 1457 412 1524 μελξμασι
436 1455 702 1525 τιμωρίας
741 1457 838 1525 οὐχ
869 1452 1030 1526 ἦττον
1057 1457 1303 1515 κολάσεις
1327 1455 1360 1524 ἢ
1384 1455 1676 1523 καθάρσεις

159 1545 300 1608 οὔσας
333 1545 480 1605 ἰδίοις
514 1539 826 1615 προσήκειν,
859 1548 905 1598 εί
942 1545 1179 1613 μέλλοιεν
1213 1546 1263 1598 oi
1294 1545 1394 1615 μὲν
1428 1545 1678 1608 κολάζον⁴

159 1653 235 1694 τες
256 1635 554 1704 κερδαίνειν
578 1676 592 1698 ,
635 1637 683 1688 οἱ
712 1638 764 1688 δὲ
807 1637 954 1689 δεινά
1004 1637 1300 1704 πάσχοντες
1330 1633 1674 1703 ὠφελεῖσθαι,

164 1723 282 1778 κατά
310 1727 404 1794 τὴν
423 1727 502 1788 είς
537 1726 754 1778 τούπιὸν
777 1727 964 1794 χρείαν
992 1725 1052 1778 τὸ
1075 1728 1342 1794 χρήσιμον
1378 1724 1679 1794 παρεξόμεο

1768 744 1815 794 ei
1844 741 2248 808 καταφρονοϊτο,
2281 740 2374 791 καὶ
2417 736 2648 806 μάλιστα
2692 736 2841 804 παρά
2882 735 2987 785 τῶν
3017 735 3323 789 δοκούντων

1768 834 1864 887 καὶ
1885 834 1944 886 ὲν
1989 831 2167 896 ἀξίαις
2193 832 2323 900 (τοῖς
2356 830 2462 899 γ’ἀρ
2503 818 2875 897 καιριωτέροις
2917 829 3159 896 μέρεσιν,
3190 828 3317 879 ὃταν

1769 923 1904 992 ἐνδῷ
1924 923 2058 993 πρὸς
2088 923 2150 975 τδ
2176 923 2373 990 χεῖρον,
2403 921 2613 990 ἀνάγκη
2640 917 3086 984 συνδιεστράφῦαι
3117 917 3211 971 καὶ
3248 919 3318 971 τά

1770 1014 1954 1076 λοιπὰ,
2004 1013 2069 1082 ἢν
2109 1014 2180 1084 μή
2221 1030 2305 1076 τις
2357 1013 2604 1083 ἐπίσχῃ).
2660 1012 2783 1063 τότε
2814 1008 3067 1078 βασιλεὺς
3101 1009 3324 1076 πέμψας

1772 1106 1896 1174 ἄγει
1945 1103 2041 1158 καὶ
2085 1106 2449 1174 ἀμφοτέρους,
2504 1108 2600 1156 καὶ
2652 1103 2714 1171 δὴ
2745 1101 2926 1171 ἡμέρα
2970 1098 3322 1169 κυριωνύμῳ,

1771 1193 2270 1263 Μαιμακτηριῶνος
2297 1191 2888 1260 τεσσαρεσκαιδεκάτῃ,
2915 1191 3040 1252 τοὺς
3066 1191 3194 1259 περὶ
3230 1190 3329 1242 αὺ-

1772 1282 1863 1336 τδν
1913 1281 2436 1351 παραστησάμενος,
2495 1279 2780 1347 παρόντων
2819 1280 3107 1342 κάκείνων,
3163 1276 3332 1344 πολὺν

1780 1371 1877 1439 μὲν
1904 1369 2060 1436 λόγον
2083 1369 2367 1436 παρέτεινε
2399 1367 2750 1436 δημηγορῶν,
2783 1366 2860 1434 τῷ
2891 1365 2990 1434 μὲν
3023 1367 3196 1419 δοκεῖν
3224 1383 3328 1418 κα-

1777 1460 2113 1528 θαπτόμενος
2144 1458 2237 1512 τοῦ
2264 1459 2594 1525 Νοστόγγου,
2616 1461 2676 1508 τὺ
2702 1458 2755 1510 δὲ
2791 1458 3040 1510 πλεῖστον
3071 1457 3164 1510 καὶ
3192 1457 3333 1525 ὑπὲρ

1775 1552 1868 1606 τοῦ
1928 1550 2166 1619 μεγάλου
2214 1550 2401 1610 ὃουκδς
2436 1548 2721 1619 πρὸς-τοὺς
2775 1550 3102 1614 μεγιστᾶνας
3135 1548 3333 1600 ἀπολο-

1777 1642 2063 1709 γούμενος,
2115 1640 2189 1702 ὡς
2223 1639 2387 1708 μηδὲν
2420 1637 2654 1701 ἀναξίως
2687 1641 2797 1698 κὰκ
2839 1637 2930 1690 τοῦ
2975 1638 3330 1706 παρείκοντος

1781 1734 1906 1803 μήτ’
1954 1733 2114 1786 αὑτὸν
2143 1730 2538 1802 προϐιϐασμοϊς
2569 1731 2796 1797 τιμῆσαι
2838 1729 2928 1782 τδν
2977 1730 3072 1783 καὶ
3104 1731 3208 1798 πρὸ
3239 1728 3332 1780 τοῦ

160 1829 244 1866 vos.
272 1811 350 1884 [Ρ.
391 1812 520 1884 299]
560 1815 714 1867 Ἐπεὶ
742 1814 855 1866 δὲ’ὁ
898 1815 1000 1883 «μὲν
1032 1815 1337 1882 Νοστόγγος
1378 1815 1519 1868 κατά
1562 1831 1682 1868 τινα
1715 1824 1757 1882 Β
1790 1827 1966 1895 μέγαν
1998 1823 2281 1885 δοκοῦντα,
2343 1822 2465 1890 μήτ’
2492 1821 2695 1872 ἐκεῖνον
2735 1821 2863 1888 παρ’
2892 1820 3057 1873 αὑτοῦ
3102 1818 3337 1888 τιμηθῆ·

159 2002 203 2050 ct
251 2009 428 2072 parum
472 1993 654 2048 utilem
709 2009 738 2045 e
782 1994 1083 2048 ministerio
1113 1994 1359 2046 amovit:
1405 1990 1681 2064 Nostongo

159 2101 218 2140 ne
241 2101 402 2154 poena
431 2085 481 2139 ei
519 2083 840 2139 luculentior
875 2083 1225 2154 infiigeretur,
1249 2098 1343 2136 sua
1377 2091 1527 2139 tanto
1561 2099 1681 2137 am-

159 2175 282 2241 plior
311 2174 541 2240 dignitas
596 2173 820 2239 profuit,
853 2173 1147 2241 praesrtim
1187 2187 1308 2225 cum
1363 2189 1428 2226 ne
1459 2189 1554 2240 pro
1587 2189 1681 2241 po-

161 2273 334 2320 testate
384 2270 726 2317 coerceretur
781 2261 1211 2331 subjicereturve
1253 2261 1485 2329 judicio,
1547 2263 1680 2331 asyli

154 2355 230 2423 jus
257 2354 510 2411 obstaret.
535 2367 644 2422 quo
671 2353 762 2406 ille
804 2351 1124 2420 Peribleptaa
1147 2354 1479 2407 monasterio
1510 2355 1680 2406 inclu-

159 2463 240 2500 sus
267 2447 416 2514 (illuc
445 2445 591 2499 enim
617 2459 740 2499 eum
771 2443 1079 2514 patriarcha
1109 2444 1355 2514 miserat)
1388 2444 1682 2498 inviolabili

160 2536 412 2591 utebatur.
439 2537 629 2605 itaque
678 2549 990 2603 quanquam
1021 2549 1176 2590 soror
1208 2535 1568 2603 imperaturis,
1597 2548 1684 2588 so-

159 2640 269 2679 crus
305 2625 456 2678 ducis
501 2625 701 2693 magni,
740 2623 968 2692 cognitis
1023 2639 1141 2692 quae
1181 2633 1366 2676 contra
1421 2625 1565 2676 hunc
1616 2625 1685 2679 ab

159 2716 232 2771 his
251 2719 620 2778 movebantur,
647 2727 906 2785 tauquam
944 2731 1043 2784 pro
1068 2730 1265 2785 genero
1293 2714 1545 2769 sollicita.
1576 2728 1682 2767 non

159 2816 377 2862 cessaret
410 2809 774 2862 Andronicum
810 2807 1025 2862 irritare
1064 2807 1321 2862 adversus
1354 2806 1490 2862 duos
1518 2807 1685 2861 falso-

103 2901 106 2903 ’
160 2912 284 2962 rum,
325 2905 380 2950 ut
428 2897 629 2963 aiebat,
673 2897 982 2952 inventores
1022 2897 1330 2960 criminum,
1363 2909 1687 2965 magnopere

159 3000 472 3059 exaggerans
513 3003 626 3043 rem
657 3003 779 3044 esse
806 2988 1081 3059 indignam
1123 2988 1461 3057 exemplique
1494 2987 1548 3040 in
1583 3001 1685 3055 pu-

161 3077 336 3133 blicum
367 3079 540 3144 noxii,
571 3080 788 3149 impune
821 3078 963 3132 ferre
991 3077 1355 3130 calumniosos
1382 3075 1684 3147 sycopltano

162 3177 230 3222 tas
256 3168 768 3238 impudentissimam
797 3168 1095 3232 audaciam,
1129 3184 1194 3222 es
1217 3182 1321 3236 qua
1344 3167 1516 3220 inuita
1547 3182 1675 3236 pcr-

161 3265 397 3313 manente
419 3266 742 3313 secuturum
770 3267 913 3313 esset
946 3268 1004 3312 ut
1032 3258 1123 3313 alii
1165 3272 1379 3328 quoque
1415 3257 1482 3313 ad
1511 3257 1679 3312 licen-

162 3349 276 3402 tiam
306 3345 515 3404 invitati
534 3349 765 3404 similem
795 3349 1126 3418 negligerent
1162 3349 1389 3406 obedire
1416 3350 1537 3404 duci
1567 3363 1681 3403 ma-

159 3453 269 3508 gno,
291 3444 448 3509 cuius
471 3457 632 3510 quam
659 3449 808 3517 esset
860 3439 1020 3496 fortis
1065 3450 1120 3496 et
1156 3441 1284 3496 felix
1321 3442 1459 3497 bello
1495 3441 1682 3509 reique

162 3537 274 3585 tunc
313 3532 539 3601 publica
581 3533 887 3588 necessaria
931 3546 1111 3601 opera,
1144 3531 1520 3599 Philadelphia:
1548 3531 1682 3582 libe-

162 3623 282 3677 ratio
314 3631 674 3689 monstraret;
717 3622 818 3679 etsi
866 3622 996 3684 haec,
1027 3623 1266 3689 inquam,
1314 3621 1684 3675 indesinenter

167 3723 365 3782 urgeret
385 3721 495 3766 tam
517 3719 709 3779 potens
745 3720 801 3765 et
827 3724 950 3765 cara
979 3711 1285 3779 imperaturi
1311 3718 1577 3776 matrona,
1607 3719 1686 3765 ta-

165 3815 268 3856 men
289 3802 360 3856 illi
395 3817 502 3855 non
533 3809 618 3856 est
647 3801 821 3856 visum
851 3800 995 3854 aliud
1021 3811 1134 3855 tum
1163 3802 1381 3872 quidem
1410 3801 1687 3873 Nostongo

165 3889 462 3959 supplicium
484 3888 727 3958 infligere
750 3905 766 3954 ;
788 3887 1041 3944 sufficere
1075 3892 1279 3960 quippe
1317 3892 1539 3946 interim
1574 3893 1688 3946 sie-

166 3976 242 4034 bat
263 3992 555 4043 carcerem.
590 3997 749 4050 quem
784 3983 830 4037 is
879 3982 982 4036 sibi
1017 3983 1158 4036 ultro
1204 3983 1580 4044 conscivissct,
1608 3983 1690 4036 in—

167 4070 370 4128 cludens
435 4086 562 4127 sese
625 4068 960 4127 monasterio
1016 4073 1370 4143 l’eribleptar;
1421 4089 1581 4142 quam
1632 4088 1693 4127 se

167 4161 233 4216 illi
273 4165 572 4220 custodiam
616 4166 884 4234 imputare
913 4163 1128 4219 dicebat
1158 4165 1213 4220 in
1271 4173 1474 4236 partem
1520 4178 1693 4232 paenae
1741 4157 1748 4166 ’

168 4257 398 4318 tanquam
439 4253 696 4308 indiciam
738 4249 979 4323 legitime
1021 4254 1297 4307 damnato.
1344 4253 1683 4308 lnstantibus

1782 2010 1866 2056 ret
1903 1998 2151 2054 frustrari
2193 2001 2321 2050 voto
2366 2008 2466 2049 suo
2516 1993 2791 2063 indicem;
2841 1993 2933 2062 qui
2983 2007 3103 2047 cum
3149 2006 3338 2061 pinnas

1783 2085 2087 2144 istiusmodi
2132 2083 2313 2140 minus
2355 2083 2574 2137 ultrices
2618 2096 2742 2136 esse
2790 2095 2951 2149 quam
2992 2083 3338 2149 purgatrices

1781 2181 1929 2242 velit.
1951 2178 2232 2245 magisque
2263 2183 2412 2246 optet
2433 2174 2706 2230 emendari
2736 2189 2830 2243 per
2853 2189 2945 2227 eas
2971 2174 3024 2226 in
3056 2180 3335 2241 posterum

1782 2271 1876 2340 qui
1930 2269 2179 2338 deliquit,
2211 2282 2372 2336 quam
2426 2266 2542 2334 ipse
2572 2264 2676 2318 frui
2732 2263 3019 2318 dulcedine
3061 2263 3337 2328 vindictae,
3445 2287 3448 2290 ~

1785 2360 1931 2416 istud
1964 2360 2110 2428 quod
2151 2373 2180 2412 e
2221 2355 2528 2425 reipublica
2560 2355 2796 2410 utilitate
2838 2363 3071 2424 spectat,
3119 2355 3343 2408 minime

1783 2457 2165 2520 as‘Sequerctur
2205 2447 2480 2504 saeviendo
2522 2447 2574 2500 in
2621 2460 2908 2516 personam
2949 2443 3342 2499 indifferentem

1785 2543 1860 2596 illi
1897 2555 2054 2610 quem
2080 2538 2341 2607 primario
2372 2537 2486 2591 vult
2517 2537 2769 2603 plectere.
2798 2536 2889 2587 Sic
2928 2541 3056 2588 tunc
3091 2535 3346 2588 eludebat

1787 2634 2078 2700 imperator
2113 2630 2389 2682 studiosos
2415 2625 2596 2695 magni
2625 2625 2780 2678 ducis
2811 2639 3023 2692 pmnam
3076 2623 3340 2692 Nostongi

1788 2722 2138 2789 postulantes.
2217 2716 2417 2772 Verum
2487 2729 2609 2769 cum
2683 2715 2973 2769 accidisset
3059 2714 3344 2783 aliquanto

1786 2820 1909 2882 post
1985 2812 2097 2863 hac
2127 2813 2141 2855 ’.
2164 2807 2383 2877 prodire
2437 2819 2467 2859 e
2544 2819 2642 2858 suo
2725 2803 2877 2872 asylo
2979 2800 3341 2871 Nostongum,

1787 2917 1880 2971 spe
1910 2900 2138 2971 quadam
2173 2905 2434 2965 concepta
2465 2893 2722 2963 parcituri
2759 2894 2914 2947 facile
2943 2892 3048 2948 sibi
3081 2892 3341 2961 Augusti,

1785 2993 1830 3048 si
1870 2991 2218 3054 committere
2263 3002 2322 3042 se
2367 2985 2516 3038 reum
2550 2983 2721 3052 ipsius
2750 2982 3052 3037 clementia:
3092 2982 3342 3047 vidisset,

1785 3083 1911 3135 dum
1943 3079 1994 3134 id
2031 3079 2206 3148 ipsum
2237 3075 2392 3139 aula,
2427 3073 2584 3136 utfit,
2616 3072 2965 3127 sermonibus
2991 3073 3305 3127 celebratur
3329 3115 3345 3138 ,

1782 3159 2234 3227 animadversum.
2298 3176 2383 3223 est
2476 3167 2649 3238 magis
2725 3165 3042 3221 incumbere
3133 3166 3346 3236 judicia

1778 3273 2094 3334 magnatum
2163 3262 2548 3332 plerarumque
2599 3259 2652 3312 in
2721 3256 3195 3326 reprehensionem
3256 3269 3351 3308 ar-

1781 3356 2042 3424 rogantia
2093 3353 2271 3424 magni
2317 3351 2500 3413 ducis,
2548 3348 2642 3421 qui
2693 3349 3029 3424 Nostongum
3093 3359 3348 3414 magnum

1783 3420 2212 3505 ltetmriarcham,
2245 3443 2508 3510 dignitate
2563 3420 2624 3493 ac
2659 3420 2930 3493 natalibus
2989 3434 3349 3505 conSpicuum

1782 3538 2077 3596 hominem,
2136 3533 2285 3586 velut
2312 3534 2380 3586 de
2427 3531 2581 3597 plebe
2601 3529 2936 3598 quempiam,
2989 3526 3345 3592 contemptim

1781 3632 1836 3680 et
1917 3619 2206 3690 imperiose
2282 3624 2591 3673 tractasset.
2663 3615 2796 3683 Quae
2849 3615 3084 3684 gliscens
3147 3613 3350 3666 invidia

1785 3726 1909 3765 cum
1963 3710 2122 3764 ducis
2188 3692 2405 3777 magni'
2444 3703 2753 3760 fautoribus
2814 3704 3090 3772 injecissct
3140 3717 3352 3767 curam,

1785 3802 1931 3871 quod
1972 3817 2095 3856 eum
2140 3784 2248 3873 jam
2279 3799 2550 3856 contemni
2578 3814 2642 3853 ac
2663 3798 2876 3852 traduci
2926 3797 3127 3866 passim
3165 3811 3193 3849 a
3225 3810 3354 3866 pro-

1787 3894 2007 3949 ceribus
2041 3901 2094 3946 et
2144 3892 2460 3946 constitutis
2517 3893 2569 3944 in
2624 3887 2888 3956 dignitate
2956 3887 3085 3940 viris
3147 3889 3355 3955 prima-

1789 3986 1888 4040 riis
1923 3983 2205 4043 videbant,
2236 3981 2606 4048 intelligebant
2633 3986 2814 4031 autem
2870 3991 3068 4032 sensus
3115 3984 3171 4030 et
3205 3977 3355 4046 judi—

1790 4078 1874 4131 cia
1928 4083 2256 4129 summatum
2321 4070 2478 4125 facile
2512 4073 2565 4124 in
2588 4070 2780 4138 vulgus
2825 4082 3044 4139 quoque
3103 4081 3344 4135 serpere,

1793 4165 2202 4236 periculumque
2227 4163 2360 4229 fore,
2384 4163 2438 4217 ni
2466 4172 2676 4217 mature
2695 4169 3096 4222 occurreretur,
3127 4175 3192 4214 ne
3206 4174 3357 4213 com-

1795 4254 2054 4310 munibus
2085 4269 2207 4309 mox
2232 4261 2287 4307 et
2324 4254 2657 4308 unanimiter
2683 4250 3129 4321 conspirantibus
3154 4247 3360 4319 primo-

168 4349 543 4424 autem.posse
585 4342 772 4398 saltem
796 4342 974 4412 puniri
1006 4339 1339 4412 Nostongum
1374 4343 1429 4397 in
1464 4357 1692 4411 persona
1799 4364 1917 4402 rum
1951 4349 2106 4416 juxta
2139 4347 2586 4413 iniit-morumque
2617 4359 2757 4399 unus
2786 4341 3184 4410 odiisobjectus
3212 4338 3357 4393 haud

170 4431 336 4487 mih!
390 4432 500 4496 illi.
551 4433 642 4501 qui
707 4448 814 4486 ηοη
865 4433 1234 4488 diversam”!
1267 4434 1321 4486 in
1370 4432 1699 4487 monasterio
1737 4447 1778 4502 ι)
1803 4453 1903 4509 par
1935 4439 2241 4494 resistendo
2271 4442 2433 4498 esset,
2472 4436 2626 4489 novis
2659 4435 3040 4504 imperatorem
3073 4431 3352 4488 instantiis

171 4521 301 4586 (huic
337 4524 484 4577 enim
513 4523 662 4590 juste
711 4523 1061 4593 infligendum
1107 4526 1335 4579 merenti
1371 4524 1695 4593 supplicium
1783 4523 1860 4582 ad
1910 4528 2342 4585 succurrendum
2371 4527 2459 4581 isti
2497 4525 2802 4582 discrimini
2853 4520 3228 4596 perpulerunt.
3261 4523 3360 4581 liis

171 4613 213 4666 in
237 4615 579 4683 ignominiam
600 4622 655 4668 et
675 4613 915 4669 dolorem
954 4616 1375 4670 redundaturum
1405 4617 1571 4683 ipsius
1599 4613 1695 4669 (ίοο
1795 4619 1886 4673 ille
1935 4633 2203 4683 annuens,
2254 4619 2341 4672 die
2373 4628 2565 4688 quarta
2600 4619 2809 4674 decima
2859 4616 3028 4683 Junii,
3062 4633 3207 4688 Aquae
3255 4617 3362 4673 fuit

173 4702 744 4773 ιπίηί.οιιιυε’θιεπψ1ο
761 4712 813 4756 ei
834 4702 1115 4766 commodo
1133 4704 1454 4772 peccasset),
1474 4718 1710 4772 respon-‘
1801 4707 1896 4764 illo
1929 4723 2073 4764 anno
2120 4710 2419 4771 Dominica,
2471 4709 2664 4762 adduci
2694 4723 2877 4762 coram
2917 4685 3141 4763 sesein
3182 4709 3361 4762 medio

173 4797 311 4850 debat
348 4799 651 4874 imperator
677 4795 1014 4862 Nostongnm
1049 4795 1180 4848 nihil
1223 4795 1289 4849 ad
1341 4809 1401 4850 se
1432 4796 1704 4865 pertinere
1804 4802 2262 4874 procerumaulze
2298 4790 2615 4854 considente
2644 4798 2978 4868 Nostongum
3018 4808 3072 4854 et
3121 4798 3361 4859 scribam

173 4898 462 4951 palatorum
511 4871 651 4958 quid
698 4888 890 4943 scribae
921 4887 1009 4944 isti
1045 4887 1215 4951 fleret,
1242 4901 1400 4957 quem
1440 4888 1508 4941 ad
1549 4901 1701 4941 suam
1802 4892 1989 4961 jussit.
2041 4871 2216 4959 Alque
2251 4890 2341 4945 hic
2390 4890 2605 4959 longam
2653 4889 3116 4959 satiabingressus
3150 4890 3363 4945 oratio-

176 4991 285 5032 rere
319 4983 653 5047 pertinuisse
683 4977 943 5036 familiam
977 4987 1195 5049 negaret
1231 4993 1246 5031 ε
1278 4977 1332 5033 ἱιι
1363 4993 1481 5034 eam
1506 4979 1707 5048 quippe
1813 4995 1935 5037 nem
1978 4980 2160 5050 specie
2187 4980 2477 5035 invehendi
2504 4980 2557 5034 in
2587 4978 2949 5050 Nostongum,
2984 4980 3274 5034 maximam
3304 4996 3363 5036 re

176 5065 435 5135 irrepsisse
463 5069 604 5122 haud
634 5085 664 5124 a
707 5087 766 5128 se
790 5070 1040 5137 ascitum,
1074 5069 1169 5124 sed
1195 5068 1381 5123 furtim
1404 5068 1706 5123 adhibitum
1802 5087 1928 5128 vera
1975 5071 2246 5130 sermonis
2296 5080 2505 5140 partem
2562 5069 2904 5138 consumpsit
2964 5069 3018 5122 in
3077 5069 3360 5142 purgando

174 5171 199 5210 a
245 5159 350 5215 suis
389 5158 748 5216 familiaribus
799 5162 1132 5219 mercenaria
1168 5161 1447 5215 functione
1498 5155 1703 5212 venalis
1798 5162 1939 5233 apud
1961 5171 2255 5231 praesentes
2280 5174 2558 5231 maguates
2579 5163 2716 5215 duce
2740 5159 3196 5232 magnoaCtisque
3214 5163 3361 5218 illius

174 5263 350 5317 operae.
396 5250 662 5321 Oportere
710 5255 935 5314 ’autem,
985 5252 1030 5306 si
1065 5253 1284 5321 quando
1345 5251 1694 5322 magistratus

175 5351 264 5391 eoo
291 5342 341 5395 in
391 5344 633 5412 propria,
669 5340 763 5395 sed
817 5344 874 5397 in
914 5342 1090 5398 aliena
1137 5342 1433 5412 castigandi
1465 5353 1694 5410 persona

177 5425 316 5498 632
341 5432 628 5494 sint,ineo
666 5432 840 5501 capite
857 5439 1069 5498 patiam
1112 5432 1364 5486 constitui
1411 5430 1701 5500 quodiuti-

177 5529 302 5571 mum
321 5519 450 5589 ipsis
470 5531 526 5576 et
542 5537 727 5577 carum
746 5524 952 5578 sciatur
973 5539 1114 5588 esse,
1144 5523 1407 5590 cujusque
1442 5524 1696 5577 damnum

179 5619 230 5662 ac
251 5610 391 5667 labor
422 5610 488 5667 ad
513 5628 730 5670 sensum
763 5615 977 5669 illorum
1010 5615 1202 5671 aﬂ‘ectu
1236 5626 1288 5670 ct
1317 5618 1698 5684 compassione

178 5710 509 5774 Drapagatum
541 5705 606 5761 iri
637 5720 745 5779 non
779 5705 851 5762 sit
881 5706 1128 5762 dubium.
1167 5707 1384 5773 Alioqui
1413 5710 1694 5770 continge-

1803 5256 1867 5310 et‘
1885 5252 2004 5308 suis
2038 5267 2171 5321 erga
2202 5252 2356 5305 illum
2385 5251 2666 5307 beneficiis
2699 5252 3084 5320 vituperationi
3117 5253 3369 5308 eximen-

1807 5343 1912 5400 dil.
1949 5341 2220 5399 Certatum
2269 5343 2470 5410 quippe
2503 5355 2682 5394 acrem
2732 5343 2969 5396 intendit
3025 5349 3091 5397 ad
3135 5357 3365 5410 persua-

1806 5432 2046 5487 dendum
2079 5447 2250 5500 neque
2283 5445 2341 5483 se
2392 5429 2741 5485 cumulandis
2793 5431 2848 5483 in
2882 5428 3224 5484 flontzerium
3266 5427 3366 5481 ιι.)-

1805 5521 2032 5577 nuribus
2072 5519 2398 5574 liberalitate
2441 5519 2762 5582 excessisse,
2805 5531 2978 5585 neque
3013 5515 3166 5569 illum
3200 5530 3361 5571 acce-

1806 5614 1953 5682 pisse
2009 5627 2038 5664 a
2080 5625 2138 5664 se
2191 5608 2486 5678 quidquam
2538 5624 2803 5678 quonon
2859 5607 3081 5662 deberet
3119 5606 3356 5678 iudicari

1813 5702 2189 5769 dignissimus,
2223 5701 2418 5767 quippe
2455 5699 2545 5764 qui
2579 5700 2682 5761 iam
2707 5707 3007 5759 antequam
3047 5699 3152 5756 huc
3182 5699 3355 5756 adve-
