4034 6340
157 291 275 355 θυι.

1091 293 1188 351 DE
1226 294 1670 354 ANDRONICO
1705 297 2160 362 PALxEOLOGO
2198 304 2341 364 LIB.
2384 305 2482 365 VI.

3265 298 3372 362 6:32

157 401 232 463 εἷς
259 416 377 451 τινα
414 398 572 467 δῆθεν
605 398 926 469 ἁναστολὴν,
962 400 1112 469 ὅμως
1153 402 1209 454 δὲ
1238 403 1350 455 ’καὶ
1383 403 1711 473 Μαιμακτη-
1736 411 1782 465 Α
1812 410 2046 478 ἀταξέαι
2082 414 2446 482 ἀνείργοντας,
2478 411 2602 465 καθ’
2629 412 2695 482 ἢν
2736 410 2918 464 πολλοὶ
2962 411 3264 482 δυσχερῶς,
3293 414 3370 475 ὼς

160 491 342 562 ριῶνος
373 489 559 560 πρώτῃ
612 491 672 541 τὸ
714 490 992 557 πρωτεῦον
1043 491 1141 558 τῆς
1205 493 1478 556 πολιτείας
1545 512 1706 565 συνη-

158 580 375 651 θροικὼς
404 583 618 649 μακρὰν
644 583 922 634 κατέτεινε
956 583 1321 654 δημηγορίαν,
1345 586 1412 638 τὰ
1442 589 1568 656 περὶ
1598 588 1706 639 τῶν

157 671 467 724 Κατελάνων
507 670 969 740 ἀπολογούμενος,
1021 675 1120 727 καὶ
1166 674 1240 737 ὡς
1273 673 1706 745 ἐξησοενηκυιῶν

154 763 255 816 τῶν
283 764 599 831 Ῥωμαϊκῶν
616 759 899 831 δυνάμεων
927 755 1108 832 ξένους
1135 768 1521 822 ἀνακαλεῖσθαι
1538 771 1708 836 ἀναγ·

155 854 372 925 κασθείη
415 857 571 910 τοῦτο
622 858 722 923 μὲν
783 859 1062 922 Ἀλανοὺς.
1112 859 1270 912 τοῦτο
1325 861 1381 912 δὲ
1447 861 1704 924 Ἰταλοὺς,

156 947 241 998 καὶ
269 946 342 1007 ὡς
387 946 504 999 οὐδὲ
542 948 702 1016 μόνος
751 950 844 1002 καὶ
887 949 1102 1018 πρῶτος
1146 952 1255 1002 τῶν
1290 951 1454 1015 ξένων
1501 953 1706 1017 δέξαιτό

155 1052 269 1088 τινα
291 1037 383 1089 καὶ
409 1039 711 1108 τιμήσειεν,
737 1039 872 1092 ἀ).λὰ
897 1040 987 1092 καὶ
1025 1041 1274 1111 Ἰωάννης
1297 1043 1324 1093 ὁ
1347 1041 1551 1104 Δοὺκας
1578 1043 1708 1094 Γου-

158 1125 362 1194 λίι).μόν
399 1145 520 1181 τινα
569 1129 1011 1200 προσλαϐόμενος
1063 1131 1147 1183 ἐπ’
1183 1132 1359 1194 ἀξίαις
1414 1133 1534 1184 ἵστα
1574 1131 1706 1185 Ῥω-

161 1219 390 1284 μαῖκαῖς,
437 1220 536 1271 καὶ·
580 1222 607 1271 ὁ
636 1219 721 1292 [Ρ.
749 1220 876 1291 580]
919 1221 1098 1290 πατὴρ
1134 1222 1299 1275 αὐτοῦ
1351 1223 1441 1276 τὸν
1482 1223 1706 1292 Ἰκάριον

158 1304 229 1372 τῷ
259 1306 692 1377 μεγαλοδουκικῷ
724 1309 1016 1380 τετίμηκεν
1045 1311 1340 1380 ἀξιώματι,
1373 1313 1464 1366 καὶ
1494 1314 1567 1373 ὡς
1595 1313 1704 1365 οὐδ’

160 1396 306 1458 αὐτὸς
334 1398 513 1466 ἀνίησι
569 1398 814 1452 σπεύδων
843 1401 936 1452 ἐπὶ
965 1400 1040 1470 τῷ
1074 1402 1178 1462 σῶς
1208 1395 1346 1455 εἶναι
1385 1401 1704 1471 Ῥωμαίους,

161 1486 201 1536 εί
241 1487 330 1541 καὶ
359 1488 499 1541 θεῖον
545 1491 758 1558 μήνιμα
813 1492 910 1552 τὰς
959 1493 1139 1561 ἡμῶν,
1197 1494 1379 1561 φησὶν,
1433 1493 1707 1563 ἁμαρτίας

164 1581 486 1650 μετέρχεται,
527 1585 623 1636 καὶ
657 1584 1040 1654 ὡς.ήγεμόνων
1066 1587 1135 1637 τὰ
1166 1587 1392 1638 πλεῖστα
1443 1587 1706 1656 κακότητι

161 1676 498 1742 παραπόλωλε
532 1679 602 1729 τὰ
636 1679 807 1731 πολλὰ
854 1682 1216 1748 ἀμελούντων.
1257 1683 1364 1734 Καὶ
1397 1683 1540 1734 πόλλ’
1571 1685 1706 1737 ἄττα

162 1767 449 1834 συνυφάνας
498 1769 745 1833 τοιαῦτα,
785 1771 938 1831 τέλος
984 1770 1071 1837 ἐφ’
1100 1773 1329 1840 ἡσυχίας
1377 1773 1473 1840 μὲν
1511 1775 1705 1832 αὐτοὺς

159 1856 347 1922 διάγειν
381 1862 640 1913 ἐπέταττε
688 1862 781 1914 καὶ
814 1865 923 1926 τοῖς
956 1863 1135 1932 ἔργοις
1189 1865 1477 1932 προσέχειν
1504 1866 1596 1917 καὶ
1633 1866 1706 1934 μὴ

161 1946 641 2020 πολυπραγμονεῖν,
670 1951 852 2016 ἀξίους
887 1954 1046 2020 μόνον
1087 1955 1312 2016 ἑαυτοὺς
1352 1957 1704 2019 καθιστάντας

160 2038 238 2108 ἐφ’
279 2043 394 2095 ὅσον
418 2043 664 2109 δυνατὸν,
690 2045 841 2114 αὐτῷ
867 2045 922 2098 δὲ
954 2048 1045 2098 καὶ
1077 2048 1192 2106 τοῖς
1226 2045 1394 2099 αὐτοῦ
1419 2049 1488 2100 τὰ
1530 2048 1708 2116 πράγ-

166 2146 294 2198 ματα
347 2133 757 2204 ἐπιτρέποντας,
790 2134 892 2188 κᾶν
946 2152 1047 2188 που
1090 2136 1183 2189 καὶ⁵
1221 2135 1570 2206 θορνὸηοείη,
1605 2136 1704 2208 τὴν

161 2319 348 2366 vocatis
387 2311 587 2366 civium
631 2303 853 2382 longam
895 2312 1162 2382 explicuit
1204 2314 1530 2377 oralionem.
1585 2324 1703 2371 acta

159 2416 267 2456 cum
297 2402 570 2459 Catalenis
614 2416 891 2459 excusans
920 2419 1037 2468 sua,
1070 2404 1564 2476 demonstransque
1623 2407 1706 2465 ul-

163 2493 276 2549 tima
309 2510 367 2550 se
394 2497 648 2578 adactum
679 2497 1028 2562 necessitate,
1053 2493 1125 2550 ob
1159 2497 1413 2552 redactas
1434 2501 1488 2552 in
1520 2507 1703 2554 extre-
1751 2571 1753 2574 χ

163 2597 288 2636 niam
322 2583 688 2639 infirmitatem
729 2585 1007 2640 Romanas
1036 2586 1250 2654 copias,
1314 2596 1456 2642 recte
1486 2603 1550 2642 ac
1575 2605 1702 2658 pru-

159 2670 326 2726 denter
360 2674 682 2743 (utcunque
731 2676 877 2728 bono
937 2675 1168 2729 consilio
1204 2676 1348 2730 haud
1385 2691 1483 2746 par
1525 2678 1704 2734 exitus

161 2765 528 2833 responderit)
582 2772 784 2819 exterte
833 2765 1209 2834 supplementa
1265 2767 1473 2821 militiae
1509 2769 1704 2835 quaesi-

159 2853 302 2919 tisse,
343 2857 591 2911 mercede
642 2849 1418 2933 cenducendisauxiliaribus
1467 2861 1700 2929 primum

157 2943 454 3005 Alanorum,
485 2945 682 3000 deinde
703 2947 988 3001 Italorum.
1021 2946 1206 3014 Neque
1233 2947 1286 3001 id
1312 2963 1371 3002 se
1398 2948 1571 3002 solum
1607 2959 1702 3002 aut

1808 504 1901 555 καὶ
1934 502 2156 565 ἑαυτοὺς
2202 503 2344 572 ἔχειν
2380 503 2599 562 ειδέναι,
2629 503 2771 555 κατὰ
2805 502 3092 572 διαφόρους
3147 504 3372 568 καιροὺς

1809 592 2202 662 ἀπηλλάχασιν,
2258 593 2330 654 ὡς
2387 594 2639 661 μεγίστου
2690 593 2929 661 πολέμου
2979 594 3074 659 τῆς
3134 594 3376 665 στάσεως

1807 685 1974 752 οῡσης
2008 686 2106 751 τῆς
2138 687 2194 738 ἐν
2231 687 2350 748 ταῖς
2383 686 2585 746 πόλεσι.
2618 685 2740 737 καθ’
2769 687 2833 753 ἣν
2881 687 3047 738 οὐκ...
3081 687 3171 745 καὶ
3203 701 3378 753 πραγ-

1810 777 2016 844 μάτιον,
2061 777 2174 828 ἀλλ’
2222 777 2441 846 εἰρήνης
2474 776 2611 827 εἶναι
2651 779 2742 828 καὶ
2790 776 3039 842 ὁμονοίας
3081 769 3372 848 ζημίαν,ᾗ

1808 866 1876 918 τὰ
1908 869 2084 919 πάντα
2133 867 2471 934 συγχέονται.
2521 866 2606 928 Ὦς
2631 867 2737 937 γὰρ
2776 865 2836 916 τὸ
2874 865 2963 934 ὑφ’
2997 867 3208 925 ἑαυτοῖς
3246 866 3370 927 ἑξα-

1809 958 2083 1011 πατᾶσθαι
2117 958 2332 1011 πάντων
2362 959 2633 1027 χείριστον
2654 959 2740 1010 διὰ
2771 959 2830 1008 τὸ
2858 957 3114 1010 καθυ.....
3140 956 3374 1024 σμικρλν

1807 1050 2153 1104 ἀποστατεῖν.
2186 1047 2301 1100 ἀλλ’
2340 1049 2426 1099 ἀεὶ
2468 1051 2716 1119 παρεῖναι
2749 1049 2838 1098 τὸν
2888 1045 3246 1111 ἐξαπατῶντα
3280 1047 3373 1098 καὶ

1810 1140 2030 1201 πειθοῦς
2076 1141 2341 1206 ἀνάγκαις
2380 1138 2842 1206 δουλαγωγείσθαι
2881 1138 2969 1189 τὸν
3019 1135 3373 1205 ἑξαπατὼμευ

1809 1231 2113 1295 vom-051w
2161 1233 2255 1283 καὶ
2301 1232 2364 1282 τὸ
2407 1231 2496 1298 ὑφ’
2549 1232 2758 1292 ἑαυτοῖς
2811 1230 3166 1298 πολεμεῖσθαι
3220 1231 3374 1281 πόλιν

1808 1323 2124 1391 δεινότερον,
2161 1321 2234 1384 ὡς
2271 1322 2416 1382 ἐντὸς
2447 1321 2554 1372 τῶν
2598 1321 3038 1388 ὑπεκκαυμάτων
3069 1319 3255 1382 ὄντων,
3295 1321 3373 1381 είς

1813 1415 1986 1485 βιαίας
2022 1415 2216 1483 ἕτοιμα
2249 1414 2448 1477 κακίας
2496 1412 2708 1481 ἄναψιν.
2759 1415 2854 1465 Διὰ
2899 1414 3068 1466 ταῦτα
3098 1415 3193 1466 καὶ
3246 1412 3376 1480 περὶ

1809 1505 2054 1566 πλείονος
2101 1506 2437 1557 ἐποιεῖτοιτο
2468 1506 2566 1572 τῆς
2601 1504 2807 1564 πόλεως
2857 1505 3240 1567 ἀστασίαστον,
3282 1505 3374 1555 καὶ

1812 1595 2014 1662 μᾶλλον
2055 1595 2112 1647 ἐν
2139 1594 2369 1662 τοιούτῳ
2410 1594 2586 1662 καιρῷ
2616 1594 2738 1646 καο’
2762 1594 2819 1647 ὃν
2848 1594 2956 1647 τῶν
2987 1594 3141 1655 ἐκτὸς
3174 1595 3373 1663 ἀνεγηο

1738 1732 1780 1785 Β
1809 1683 2092 1753 γερμένων
2134 1683 2192 1749 ἐξ
2241 1683 2541 1748 ἀναγκαίου
2584 1688 2673 1734 καὶ
2699 1685 2758 1735 τὸ
2803 1685 2952 1745 ὲντδς
2986 1683 3375 1752 συγκραδαίνε-

1811 1775 1956 1827 σθαι.
2002 1774 2162 1824 Ὥστε
2191 1773 2281 1824 καὶ
2307 1773 2534 1838 ὁρᾶσθαι
2563 1775 2701 1840 σφᾶς
2729 1774 3201 1842 ἁνεγηγερμένους
3228 1769 3375 1838 πρῶ-

1808 1881 1900 1916 τον
1931 1864 2030 1931 μὲν
2061 1863 2169 1914 τῶν
2199 1860 2599 1929 ξυμϐαινόντων
2639 1861 2795 1930 χάριν
2827 1863 2889 1914 ἐκ
2919 1861 3019 1929 τῆς
3049 1859 3374 1919 στασιώδους

1808 1952 2055 2020 ταραχῆς
2079 1951 2316 2020 ἐκείνης,
2353 1950 2428 2010 ὡς
2465 1953 3034 2021 παρακινησειομένων
3060 1953 3122 2002 ἐκ
3164 1949 3262 2017 τῆς
3285 1966 3378 2001 τυ-

1809 2043 2013 2113 χούσης
2055 2043 2399 2112 προφάσεως,
2437 2043 2829 2112 στρατιωτικὰς
2885 2042 3074 2109 εἰσῆγε
3118 2043 3376 2108 δυνάμεις

1808 2135 1931 2188 κατ’
1985 2133 2381 2204 ἀναχαιτισμδν
2430 2133 2535 2184 τῶν
2590 2131 3052 2202 προσδοκωμένων
3105 2131 3372 2202 θορύϐων.

1807 2313 2096 2387 promptos
2126 2315 2410 2386 adjutores
2467 2315 2708 2370 habituri
2757 2328 2898 2384 quos
2946 2313 3011 2368 ad
3063 2313 3168 2368 hoc
3198 2315 3372 2388 ipsum

1811 2410 2214 2466 introduxisset
2240 2411 2292 2460 in
2329 2408 2514 2462 urbem
2545 2407 2766 2461 milites.
2826 2404 3030 2460 Horum
3083 2418 3187 2474 ope
3240 2405 3374 2458 fides

1809 2503 2055 2572 ipsorum
2099 2501 2357 2554 roborata
2390 2513 2663 2568 magnam,
2718 2498 2763 2551 si
2813 2506 3076 2564 quantum
3113 2511 3214 2566 par
3257 2509 3374 2551 erat

1808 2593 2176 2658 anniteretur,
2211 2605 2240 2642 a
2272 2590 2492 2643 civitate
2535 2588 2900 2640 calamitatem
2951 2596 3246 2649 averteret,
3287 2601 3374 2637 sc-

1807 2684 2225 2746 ditionem,.qua
2278 2682 2480 2734 multos
2509 2677 2743 2732 diversis
2793 2677 3134 2744 temporibus
3165 2678 3220 2731 in
3251 2692 3369 2731 ma-

1804 2767 1981 2829 lorum
2019 2782 2262 2827 extrema
2294 2771 2580 2825 devenisse
2610 2767 2839 2838 populos
2866 2768 3061 2835 partim
3095 2768 3194 2834 ipsi
3243 2782 3357 2820 me.-

1807 2866 2137 2927 minissent,
2191 2862 2387 2931 partim
2437 2859 2640 2913 indicio
2693 2858 2966 2910 annalium
3018 2871 3049 2910 e
3107 2858 3372 2911 memoria

1807 2955 1976 3010 veteri
2001 2959 2223 3023 possent
2268 2958 2535 3019 repetere.
2576 2947 2665 3002 Sic
2691 2962 2820 3002 sane
2849 2936 3132 3010 habe—rent,
3160 2947 3365 2999 nullam

159 3035 368 3100 Primum
393 3033 611 3098 [803580.
664 3052 788 3089 cum
816 3046 871 3090 8|-
895 3035 1136 3091 JOaIlneS
1164 3038 1340 3091 Ducas
1372 3037 1698 3092 Gulielmum
1728 3040 1772 3109 δ
1806 3043 2159 3114 quantumvis
2187 3039 2400 3096 cruenti
2427 3046 2481 3093 et
2513 3035 2840 3092 internecini
2877 3033 3050 3088 exteri
3081 3034 3206 3088 belli
3250 3045 3367 3087 tan-

160 3127 424 3193 quetndam
452 3141 516 3180 ex
547 3127 752 3179 exteris
783 3137 1124 3194 assumptum
1158 3127 1413 3181 Romana:
1448 3127 1583 3182 aulae
1615 3129 1700 3181 di-

159 3215 434 3282 gnitatibus
465 3215 769 3282 ornaverit,
797 3222 851 3268 et
885 3215 1176 3270 recentiori
1225 3215 1489 3271 memoria
1542 3224 1701 3284 pater

161 3318 278 3360 tuus
303 3305 528 3359 Michael
560 3303 792 3357 Icarium
826 3305 1006 3375 magni
1036 3303 1195 3361 ducis
1220 3305 1504 3374 splendido
1542 3307 1702 3360 titulo

161 3395 301 3467 587
332 3397 800 3451 cobonestaverit.
865 3395 1008 3451 Sane
1037 3398 1182 3451 nulla
1218 3398 1275 3452 in
1311 3408 1470 3468 parte
1526 3413 1708 3453 cessa-

160 3495 309 3539 tuma
341 3503 419 3551 se,
455 3502 556 3541 nec
607 3489 905 3557 quidquam
975 3504 1216 3556 unquam
1276 3490 1704 3557 praetermissum

162 3594 255 3645 quo
283 3580 531 3632 su~tineri
579 3595 742 3647 posse
791 3580 1064 3631 labantem
1106 3579 1504 3647 rempublicam
1555 3579 1707 3632 salu-

163 3678 355 3737 temque
403 3670 585 3737 populi
626 3669 884 3724 constitui
924 3684 1048 3737 spes
1075 3670 1469 3739 qualiscunque
1502 3672 1700 3726 suade-

159 3769 250 3814 ret.
275 3759 422 3815 Unde
467 3777 576 3814 non
618 3751 872 3828 imputari
929 3759 1047 3828 ejus
1106 3762 1447 3831 negligentiae
1505 3764 1703 3818 debere

160 3849 327 3903 ruinas
356 3865 472 3918 qua:
506 3859 866 3902 cernerentur
895 3864 1076 3902 rerum
1105 3866 1118 3904 :
1171 3851 1262 3905 sed
1315 3853 1410 3906 ira;
1463 3854 1701 3922 primum

160 3941 337 3994 divina:
365 3951 582 4007 peccata
615 3950 804 3997 nostra
874 3941 1188 4008 ulciscenti,
1235 3954 1418 4012 postea
1477 3945 1703 4013 ignavia:

163 4032 470 4100 inettriteque
506 4032 884 4098 przeiectorum
941 4035 1197 4102 negotiis,
1242 4050 1339 4100 per
1387 4049 1521 4102 quas
1567 4038 1702 4091 satis

161 4134 413 4177 constaret
445 4125 702 4194 pleraque
722 4125 1005 4179 materiam
1065 4125 1281 4194 publico
1334 4125 1503 4179 luctui
1565 4143 1699 4195 pra:-

160 4216 319 4270 bentia
351 4216 518 4270 iuisse
549 4225 770 4282 accepta
811 4216 1157 4270 detrimenta.
1213 4213 1308 4270 His
1348 4215 1441 4269 ubi
1495 4216 1696 4270 similia

162 4307 306 4359 multa
331 4305 638 4370 subtexuit,
667 4303 887 4358 tandem
925 4319 991 4359 eo
1021 4304 1242 4372 collegit
1272 4319 1540 4358 summam
1573 4321 1698 4358 ora-

162 4398 337 4460 tionis,
403 4403 462 4449 ut
522 4410 856 4466 magnopere
916 4398 1134 4449 cunctis
1189 4397 1512 4464 praeciperet
1559 4404 1696 4450 aestu

160 4491 443 4545 animorum
475 4502 796 4556 compresso
817 4488 1125 4556 quiescere,
1167 4489 1557 4554 attendereque
1579 4487 1696 4544 suis

161 4594 406 4650 quemque
440 4578 761 4634 domesticis
801 4578 984 4640 rebus,
1009 4591 1110 4634 nec
1147 4583 1354 4632 temere
1383 4589 1444 4630 se
1491 4577 1546 4630 in
1597 4592 1697 4630 cu-

160 4684 258 4723 ram
293 4668 494 4739 publici
524 4667 804 4736 reglminis
839 4665 1107 4734 ingerere.
1135 4665 1372 4720 Tantum
1415 4682 1514 4736 pro
1543 4667 1693 4721 virili

162 4761 228 4815 sic
254 4763 431 4816 vivere
482 4768 764 4823 curarent,
806 4769 867 4812 ut
915 4758 1342 4814 commutatione
1371 4774 1585 4813 morum
1637 4759 1692 4812 in

164 4853 333 4907 melius
363 4853 558 4923 dignos
580 4867 640 4906 se
665 4849 997 4918 prosperiori
1028 4849 1266 4912 fortuna,
1284 4849 1496 4917 judicio
1518 4849 1705 4904 mode-

164 4943 314 4997 rantis
339 4944 573 4995 humana
603 4941 882 5004 Numinis,
922 4938 1232 4999 ruiderent,
1262 4939 1366 4991 sibi
1415 4948 1615 5014 autem,
1647 4945 1703 4992 et

162 5031 335 5100 quibus
366 5033 433 5084 ad
483 5029 536 5083 id
579 5029 848 5083 ministris
907 5026 987 5080 uti
1042 5027 1223 5089 vellet,
1277 5027 1566 5080 arbitrium
1598 5043 1700 5096 pu-

163 5127 293 5180 blica:
323 5126 397 5178 rei
430 5121 796 5192 gubernanda!
832 5120 1205 5184 permitterent
1237 5119 1530 5186 integrum,
1557 5121 1694 5174 nihil

162 5220 350 5272 curiose
415 5212 754 5269 sciscitando
803 5226 968 5280 super
1023 5200 1268 5265 consiliis
1300 5221 1563 5271 actorum,
1603 5222 1694 5263 aut

165 5308 286 5362 circa
318 5321 611 5362 successus
633 5304 686 5357 in
730 5303 972 5358 futurum
1000 5305 1240 5357 incertos
1283 5301 1434 5355 inani
1483 5302 1695 5355 divina-

165 5400 286 5454 tione
311 5396 694 5452 cunllictando.
721 5393 904 5462 Neque
927 5397 982 5449 in
1007 5395 1109 5449 ista
1135 5412 1194 5450 se
1223 5397 1459 5463 quisque
1493 5393 1693 5446 viritim

162 5490 415 5544 continere
476 5487 742 5542 modestia
796 5485 931 5540 satis
984 5486 1276 5539 baberent:
1319 5498 1504 5537 verum
1554 5490 1609 5537 et
1645 5483 1692 5536 si

165 5596 281 5649 quos
309 5581 516 5634 initium
547 5578 915 5633 tumultuandi
960 5577 1139 5630 facere
1165 5584 1474 5636 cernerent,
1504 5585 1692 5628 contra

165 5678 320 5730 statim
384 5674 716 5736 insurgentlo
768 5671 1024 5730 cohibere
1072 5681 1448 5735 conarentur,
1507 5669 1562 5724 in
1627 5683 1691 5723 co

1804 3142 1913 3186 tam
1946 3149 2066 3186 esse
2095 3133 2415 3200 perniciem,
2440 3128 2801 3197 quaa'datnnis
2827 3137 2881 3180 et
2904 3126 3094 3181 exitiis
3127 3125 3368 3179 civilium

1803 3224 2162 3280 certaminum
2216 3231 2527 3289 comparata
2581 3234 2686 3272 non
2760 3219 3065 3286 reperiatur
3114 3218 3369 3271 tolerabi-

1807 3316 1910 3370 lior
1937 3331 1999 3371 ac
2024 3316 2212 3369 levior.
2237 3314 2526 3383 Nunquam
2547 3313 2690 3366 enim
2725 3310 2998 3365 seditiosis
3023 3308 3369 3364 conﬂictibus

1812 3416 1906 3461 aut
1942 3406 2103 3460 saluti
2142 3404 2421 3458 hominum
2453 3403 2755 3455 consulitur
2781 3410 2871 3453 aut
2898 3399 3080 3452 tutelae
3105 3397 3365 3451 damnum

1810 3513 1875 3552 ac
1910 3511 2116 3556 rerum,
2151 3495 2242 3548 sed
2278 3501 2468 3546 contra
2501 3506 2598 3559 per
2627 3504 2720 3543 eos
2766 3491 2911 3554 pacis
2960 3496 3015 3541 et
3056 3487 3370 3540 consensio-

1811 3588 1894 3640 nis
1925 3585 2124 3648 civilis,
2165 3597 2287 3650 quaa
2329 3589 2457 3634 sunt
2493 3583 2665 3646 prima
2699 3576 3052 3630 fundamenta
3096 3576 3367 3629 bonorum

1811 3678 2076 3740 annulum,
2127 3676 2342 3745 jactura
2403 3669 2746 3740 irreparabili
2809 3669 2953 3722 facta
3006 3669 3258 3722 universa
3316 3669 3368 3720 in

1811 3770 2187 3826 confusionem
2223 3763 2583 3818 miserrimam
2623 3761 2869 3815 veniunt.
2902 3761 2975 3812 Ae
3016 3759 3370 3822 quemadmo-

1811 3865 1941 3914 dum
1972 3857 2353 3926 deceptionum
2386 3869 2447 3907 ea
2506 3854 2666 3921 longe
2715 3852 2960 3904 omnium
2999 3850 3236 3916 pessima
3285 3859 3369 3902 est

1809 3967 1916 4020 qua
1951 3949 2076 4020 quis
2114 3964 2141 4000 ο
2173 3962 2232 4001 se
2259 3947 2378 4014 ipso
2404 3943 2692 4010 decipitur,
2730 3950 2950 4009 propter
2985 3940 3176 3993 intime
3207 3949 3369 4004 atque

1811 4039 2248 4109 inseparabiliter
2273 4035 2547 4088 admotum
2581 4030 3184 4100 deceptoxdeceptorem
3208 4027 3372 4100 55,8

1807 4144 1861 4188 et
1892 4140 2111 4200 propter
2163 4126 2449 4181 obnoxiam
2502 4124 2712 4193 decepti
2766 4122 3079 4175 facilitatem
3124 4121 3189 4173 ad
3244 4137 3370 4175 suc—

1803 4218 2165 4277 cumbendum
2185 4208 2664 4284 insuspicabilibus
2683 4213 2818 4266 adeo
2838 4213 2989 4264 chari
3007 4227 3068 4263 ac
3088 4211 3364 4276 conjuncti

1805 4310 2117 4381 deceptoris
2152 4308 2456 4369 fraudibus,
2490 4307 2562 4358 ita
2588 4305 2716 4358 belli
2747 4318 2906 4370 supra
2941 4303 3119 4354 omnia
3157 4303 3362 4368 capita-

1803 4405 2072 4459 lissimum
2109 4391 2279 4472 genus
2311 4408 2412 4456 est.
2438 4412 2552 4464 quo
2577 4397 2722 4449 cives
2749 4395 2900 4445 urbis
2932 4395 3094 4445 unius
3131 4391 3364 4444 invicem

1803 4496 2247 4553 committuntur,
2310 4488 2455 4556 quod
2492 4489 2538 4542 is
2591 4487 2955 4540 exardescens
3007 4485 3157 4536 furor
3218 4482 3366 4536 faces

1803 4573 2044 4656 applicet
2073 4591 2263 4652 parato
2301 4582 2448 4634 intus
2488 4589 2542 4632 et
2569 4585 2830 4645 congesto
2865 4573 3062 4636 fomiti,
3109 4574 3252 4627 ttnde
3284 4575 3370 4625 in.

1804 4677 2063 4733 eendium
2096 4677 2350 4740 erumpat
2400 4669 2656 4724 universa
2707 4675 3186 4736 consumpturum.
3241 4662 3365 4715 Haec

1805 4783 1930 4822 cum
1964 4768 2036 4819 ita
2071 4764 2202 4827 sint,
2230 4776 2338 4830 prae
2366 4758 2621 4814 omnibus
2646 4770 2846 4826 cupere
2898 4772 2957 4809 se
2988 4769 3050 4807 ac
3105 4761 3363 4820 tanquam

1805 4857 2132 4929 optabilium
2161 4853 2456 4907 maximum
2490 4862 2706 4904 summo
2740 4835 3180 4913 studidquaarere
3213 4849 3368 4894 trau-

1804 4949 2035 5019 quillum
2091 4942 2335 4998 civitatis
2366 4940 2654 4995 concordis
2714 4946 2937 4992 statum.
2987 4933 3178 4998 Qualis
3237 4947 3363 4986 cum

1805 5040 1981 5108 expeti
2015 5049 2230 5102 semper
2261 5033 2478 5094 debeat,
2507 5031 2610 5083 hoc
2650 5028 2950 5098 praesertim
2987 5023 3218 5078 maxime
3263 5040 3365 5079 ne-

1803 5128 2102 5186 cessarium
2151 5129 2408 5192 appareat
2459 5131 2724 5188 tempore,
2767 5130 2875 5183 quo
2918 5115 3082 5169 rebus
3121 5117 3366 5170 exterius

1806 5222 2042 5275 turbatis
2078 5214 2392 5271 inevitabile
2421 5214 2489 5265 sit
2549 5226 2652 5263 nun
2704 5209 2892 5261 urbem
2941 5207 3148 5275 pariter
3186 5208 3357 5276 ipsam

1805 5314 1923 5380 ipso
1945 5312 2150 5366 circum
2202 5307 2443 5372 undique.
2497 5298 2847 5352 titubantium
2883 5298 3165 5366 regionum
3213 5309 3360 5349 motu

1807 5419 1869 5456 ac
1899 5400 2131 5468 strepitu
2190 5394 2444 5455 concuti;
2498 5394 2586 5444 cui
2622 5391 2667 5443 si
2726 5396 2963 5442 externa:
3012 5385 3358 5454 impressinni

1803 5487 2073 5544 tumultus
2106 5485 2334 5538 interior
2353 5480 2600 5541 accedat,
2630 5481 2803 5545 palam
2829 5478 2898 5530 sit
2925 5484 3116 5529 cuncta
3147 5475 3200 5526 in
3220 5489 3360 5542 prte-

1802 5595 1930 5649 ceps
1966 5573 2397 5631 irrevocabiliter
2431 5571 2676 5641 lapsura.
2715 5569 2844 5621 Tam
2876 5565 3088 5619 lubrico
3117 5572 3170 5618 et
3196 5563 3354 5616 anei-

1742 5677 1746 5679 '
1799 5670 1894 5741 piti
1929 5675 2224 5729 momento.
2254 5677 2310 5717 sc
2333 5677 2431 5732 pro
2466 5660 2718 5732 vigilandi
2750 5655 2928 5711 οίῐίςὶο
2960 5654 3014 5707 in
3052 5658 3362 5714 communis
