4034 6340
639 270 750 333 607

1845 275 2163 338 csoncn
2203 274 2688 366 PACHYMERR!

3756 273 3868 334 τος

643 380 844 452 ρίσιιων
884 359 1130 450 δέχονται
1181 380 1276 434 καὶ
1317 383 1418 453 τὴν
1446 382 1729 456 βασιλικὴν
1759 384 1846 458 [Ρ.
1882 385 2011 459 385]
2043 401 2198 454 περι-
2226 387 2272 441 Δ
2306 362 2449 456 ματα
2476 387 2597 439 τότε
2625 384 2765 438 κατά
2797 400 2918 436 τινα
2948 383 3175 452 ἐνεδρῶν
3203 382 3461 451 ὑποψίαν,
3490 383 3606 437 ἀλλ’
3644 379 3744 436 οὖν
3767 383 3877 436 οὒκ

641 469 922 522 ποιοῦνται
943 469 1110 540 τζωήν
1131 486 1146 501 ·
1193 472 1378 526 πολλοὶ
1405 475 1514 542 γὰρ
1549 475 1643 530 ἅτε
1689 476 1953 544 βασιλέως
1989 479 2052 529 ἐκ
2097 474 2203 528 τῶν

641 562 884 627 σημείων
939 564 1193 629 φανέντος
1240 567 1705 636 ἐπεισφρήσαντες
1759 567 2018 631 οὔταζον,
2078 565 2204 621 ὥστ’

640 648 972 713 ἐξικνεῖσθαι
1007 655 1266 708 καὶκατὰ
1296 657 1392 710 τοῦ
1420 657 1671 726 σώματος
1706 658 1804 721 τὰς
1837 660 2071 728 πληγὰς,
2103 658 2203 711 κᾶν

639 742 736 792 καὶ
766 741 1016 808 βασιλεὺς
1052 745 1447 814 ἀγχιστρόφους
1495 748 1668 801 ἐποίει
1699 749 1795 810 τὰς
1839 750 2199 817 μετακλίσεις,

637 831 690 882 ει
723 832 796 900 μὴ
838 833 946 886 τῶν
973 834 1148 887 άλλων
1181 838 1644 906 φυγομαχούντων
1688 840 1848 901 αὐτὸς
1877 840 1974 893 σὺν
2006 839 2202 906 ὀλίγοις

639 921 697 973 ἐν
718 924 999 994 ἀναγκαίῳ
1033 927 1262 994 κινδύνῳ
1287 923 1355 997 ἦν
1393 931 1489 982 καὶ
1515 932 1889 999 παρακληθεὶς
1934 933 2202 1000 ὑπέστρε-

638 1029 756 1079 φεν.
786 1014 932 1106 γἈλλί
959 1017 1005 1070 oi
1035 1017 1134 1084 μὲν
1186 1019 1542 1088 ἐπισπόμενοι
1579 1023 1678 1074 οὐκ
1708 1015 1916 1090 ἀνῆκαν
1956 1023 2060 1089 ἔτι,
2087 1025 2115 1077 ό
2145 1023 2201 1076 δὲ

642 1105 840 1172 μικρὸν
891 1105 1251 1176 ἀναχωρήσας
1293 1109 1388 1164 τοῦ
1437 1113 1693 1180 κυδοιμοῦ
1745 1113 1955 1180 δάκρυά
1986 1133 2044 1167 τε
2095 1116 2204 1167 τῶν

637 1195 952 1265 ὀφθαλμῶν,
988 1193 1075 1250 οἷα
1100 1198 1252 1266 λόγος
1277 1201 1368 1254 τὸν
1389 1203 1792 1273 ’Δγαμέμνονα,
1821 1205 1990 1277 ἔρρει,
2016 1206 2203 1258 ἕλκετο

635 1283 685 1336 δ’
718 1285 782 1350 ἐκ
823 1288 1068 1357 κεφαλῆς
1113 1292 1518 1362 προθελύμνους
1547 1295 1648 1357 τάς
1695 1296 1904 1366 τρίχας,
1949 1300 2060 1358 τοῖς
2092 1296 2203 1349 τῶν

632 1374 939 1446 ’Ῥωμαίων
985 1381 1424 1451 ἐποικτιξόμενος
1463 1385 1773 1454 πράγμασι,
1806 1389 1898 1439 καὶ
1937 1388 2202 1458 ὑποστρέ-

641 1476 762 1529 φειν
801 1464 1090 1532 ἐσφάδαζε,
1145 1469 1250 1522 κᾶν
1276 1472 1378 1521 οὐκ
1432 1467 1578 1540 εἶχεν
1619 1472 1775 1535 ὅλως.
1809 1473 1994 1537 Ἔλεος
2043 1477 2089 1529 δ’
2134 1473 2202 1548 ἦν

640 1551 888 1605 ἐντεῦθεν
924 1555 1081 1619 Θεοῦ,
1133 1560 1224 1610 καὶ
1261 1560 1438 1612 ἔννοιά
1465 1577 1550 1622 τις
1594 1563 1767 1633 εἰσῄει
1809 1565 1934 1627 τοὺς
1973 1566 2202 1619 ἀντιπά-

639 1638 766 1703 λους
792 1643 867 1702 ὡς
910 1646 1034 1700 κατ’
1071 1648 1288 1716 ἀπάτην
1321 1650 1663 1719 ἀναχωροῦσι
1716 1654 1810 1708 καὶ
1837 1653 1911 1713 ῶς
1958 1654 2204 1721 ἐνέδραις

642 1732 1049 1802 προλοχίζουσιν
1097 1738 1267 1800 ἄλλοι,
1323 1747 1416 1794 καὶ
1462 1740 1635 1806 οὕτως
1689 1745 2036 1814 άνείργονται
2096 1746 2199 1814 τῆς

642 1820 898 1887 διώξεως.
935 1826 1097 1880 Ὅθεν
1127 1833 1220 1881 καὶ
1249 1825 1393 1884 οὗτοι
1429 1833 1526 1900 μὲν
1554 1837 1654 1902 τῆς
1684 1833 1773 1886 ἐπὶ
1802 1835 1863 1886 τὸ
1892 1836 2078 1904 πρόσω
2108 1852 2203 1901 eo.

575 1917 580 1923 '
646 1912 746 1980 ρᾶς
777 1907 1044 1979 ἵστανται,
1071 1919 1264 1974 ἐκείνοι
1288 1921 1344 1974 δέ
1375 1922 1530 1984 ἄλλος
1552 1923 1786 1993 ἀλλαχοῦ
1811 1925 2202 1993 διασπαρέντες

644 2003 1061 2069 περισὼζονται.
1101 2010 1158 2060 ’0
1189 2013 1459 2078 μέντοιγε
1503 2011 1756 2082 βασιλεὺς
1793 2015 2205 2082 καταλαμὸάνει

647 2091 801 2160 μόλις
833 2098 892 2144 τὸ
923 2095 1236 2163 Πάμφυλον.
1281 2101 1390 2151 Καὶ
1420 2101 1485 2170 δὴ
1515 2103 1614 2168 τῆς
1655 2103 1845 2170 φήμης
1868 2103 2205 2172 διαδοθείσης

646 2183 744 2235 οὐκ
773 2180 839 2254 ἦν
869 2185 1015 2248 ὅστις
1051 2189 1157 2240 τῶν
1183 2191 1465 2258 γεωργῶν,
1509 2193 1570 2242 ἐν
1596 2187 1746 2262 ἀκμῇ
1789 2195 1881 2245 ιιαῒ⁸
1913 2193 2085 2246 ταῦτα
2111 2192 2204 2244 τοῦ

649 2275 862 2344 θέρους,
895 2277 1000 2339 ἔξω
1034 2279 1133 2346 τῆς
1171 2280 1581 2333 Κωνσταντίνου
1622 2281 2060 2345 ἐναπολέλειπτο,
2088 2283 2207 2335 ἀλλ’

645 2362 763 2432 ἅμα
789 2366 1050 2419 πάντοθεν
1083 2370 1407 2438 μυρμηκιὰν
1438 2369 1764 2440 μιμούμενοι
1789 2372 2205 2440 ἐσκευαγώγουν

647 2455 734 2524 ἐφ’
759 2455 1001 2524 ἁμαξῶν,
1034 2457 1165 2528 θέρη
1197 2461 1292 2512 καὶ
1317 2459 1607 2530 δράγματα
1640 2463 1735 2515 καὶ
1761 2462 1964 2524 σωροὺς
1997 2463 2207 2534 χαίρειν

645 2546 864 2611 ἐῶντες.
891 2549 1018 2614 Τοῖς
1047 2550 1145 2619 μὲν
1181 2549 1274 2616 ρῦν
1304 2551 1586 2619 ἐναντίοις,
1617 2551 1721 2607 κᾶν
1754 2555 1914 2609 ἴστων
1942 2555 2010 2608 τὰ
2032 2557 2206 2626 ὁρμή-

583 2740 588 2744 ’
646 2726 786 2779 hosti
825 2725 1017 2782 victori
1039 2726 1288 2795 obiectus
1320 2735 1499 2785 terror
1546 2737 1635 2785 est
1678 2729 2004 2785 insidiarum
2039 2746 2066 2782 a
2104 2747 2205 2786 no-

648 2819 780 2871 stris
821 2818 1145 2885 positarum,
1182 2819 1235 2873 in
1267 2835 1408 2888 quas
1433 2820 1582 2890 ipsos
1603 2821 1860 2875 videlicet
1892 2822 2208 2890 pertrahere

647 2908 947 2963 artiﬁciosa
1011 2910 1151 2978 fugat
1183 2911 1534 2964 simulatione
1569 2914 1900 2980 cogitarent.
1931 2910 2056 2967 Hmc
2083 2915 2206 2968 illos

2304 475 2458 544 ὀλίγα
2498 476 2604 528 τῶν
2632 476 2944 546 ἀνηκέστων
2976 473 3206 543 πράξασι
3236 474 3330 526 καὶ
3381 473 3450 526 τά
3493 473 3873 542 προστυχόντα

2305 560 2654 637 ληῖσαμὲνοις
2705 568 2865 638 ἐπῄει
2912 566 3012 635 τὴν
3053 566 3247 633 Ἀπρω
3297 563 3703 634 περααθῆσθαι
3757 565 3874 616 τῶν

2306 657 2684 712 εἰσδεδυκότων
2724 657 2907 721 ἕνεκα,
2940 658 3031 710 καὶ
3076 656 3373 723 ἐπειρῶντο
3415 654 3723 723 πολιορκεῖν
3744 670 3760 683 ·
3793 656 3873 715 ὡς

2303 750 2348 802 δ’
2377 750 2476 803 οὐκ
2516 749 2709 816 ἤνυτον
2753 750 2814 801 τὸ
2865 748 3146 818 παράπαν,
3195 748 3439 813 ἔγνωσαν
3482 745 3870 816 ὑποστρέφειν.

2316 826 2560 903 Ἀλανοῖς
2585 842 2630 895 δ’
2666 839 2812 905 ἅπαξ
2835 841 3085 905 ἀφεικόσι
3113 839 3212 910 τὴν
3239 841 3374 908 πρὸς
3397 837 3523 897 τοὺς
3556 834 3870 904 βασιλεύον-

2302 951 2404 996 τας
2429 935 2636 987 ἐννοιαν
2681 933 2961 987 σκυλεύειν
2983 934 3050 986 τὰ
3081 934 3141 985 ἐν
3195 933 3351 984 ποσὶν
3383 931 3548 995 εδοξε,
3586 927 3682 980 καὶ
3718 927 3865 993 φίλοι

2308 1025 2405 1095 μὲν
2453 1025 2760 1092 ἐφίσταντο,
2791 1024 2974 1094 ἐχθροὶ
3010 1023 3055 1076 δ’
3108 1022 3492 1074 ἀπανίσταντο.
3535 1020 3718 1072 Ταῦτα
3760 1035 3867 1085 μα-

2305 1119 2414 1170 θὼν
2441 1120 2469 1170 δ
2508 1101 2900 1187 βασιλεὺςδκαὶ
2943 1115 3020 1178 ὡς
3063 1115 3206 1175 εἰκὸς
3264 1113 3582 1182 ἐπαλγήσας
3611 1113 3676 1205 τῇ
3723 1126 3865 1177 συμο

2304 1210 2466 1279 φορᾷ,
2509 1207 2586 1278 τῷ
2622 1209 2721 1275 μὲν
2748 1206 2850 1275 υἱῷ
2886 1223 2945 1258 τε
2977 1207 3070 1260 καὶ
3105 1204 3318 1274 βασιλεῖ
3350 1204 3477 1262 τοὺς
3506 1199 3868 1269 παρακλητη-

2305 1303 2451 1371 ρίους
2479 1301 2554 1362 ὡς
2590 1297 2736 1370 εἶχεν
2763 1298 3118 1369 ἐνεσχεδίαζε,
3147 1297 3238 1349 τὸν
3288 1292 3698 1363 Κουτξίμπαξιν
3728 1292 3868 1346 ἀπο-

2239 1431 2245 1442 ,
2303 1394 2422 1446 λύει
2475 1393 2610 1460 πρὸς
2637 1392 2916 1452 Ἀλανοὺς,
2959 1391 3073 1458 ἅμα
3108 1387 3207 1460 μέν
3240 1387 3481 1445 ἐκείνους
3533 1383 3870 1452 tumeant.

2306 1483 2481 1548 ξοντα,
2516 1484 2634 1553 ἅμα
2661 1483 2718 1536 δέ
2753 1487 2844 1536 καὶ
2867 1480 3322 1550 Τουρκοπούλους
3347 1477 3864 1544 δουλαγωγήσοντα·

2301 1573 2380 1643 τῷ
2417 1575 2528 1643 γὰρ
2553 1574 2797 1642 δμοεθνεῐ
2825 1590 2885 1626 τε
2929 1574 3021 1626 καὶ
3046 1571 3401 1640 δμογλὼσσῳ,
3439 1569 3533 1622 καὶ
3572 1568 3657 1621 ὅτι
3701 1567 3867 1632 συνή-

2305 1665 2405 1731 θης
2436 1660 2504 1734 ἦν
2530 1660 2776 1726 mmor;
2802 1665 2859 1716 ἐν
2888 1661 3058 1731 Νογᾷ,
3088 1663 3181 1719 καὶ
3207 1662 3286 1715 ὃτι
3312 1660 3413 1732 τὴν
3438 1660 3576 1728 πρὸς
3597 1657 3868 1710 Τουκτάῖν

2303 1755 2598 1821 πρεσϐείαν
2629 1753 2791 1815 αὐτὸς
2821 1754 3075 1815 ἐποιεῖτο,
3108 1752 3188 1812 είς
3217 1750 3350 1804 αίδὼ
3384 1749 3700 1818 πρέπουσαν
3727 1746 3869 1814 6mi-

2303 1845 2450 1910 κόοις
2476 1843 2850 1910 ἐπαγαγέσθαι
2881 1844 3020 1911 σφᾶς
3052 1840 3386 1894 ἐπιστεύετο.
3416 1838 3583 1898 Αὖτδς
3611 1838 3658 1890 δ’
3690 1836 3747 1901 ἐξ
3770 1835 3870 1888 αὗ-

2299 1936 2399 2005 τῆς
2453 1936 2830 2006 στρατολογεῖν
2868 1951 2926 1986 τε
2982 1935 3074 1987 καὶ
3126 1933 3371 2003 ἐφορμᾷν
3423 1930 3680 1994 ἠϐούλετο
3743 1928 3864 1996 μὲν,

2302 2028 2547 2096 ἐπείχετο
2595 2027 2652 2080 δέ
2693 2029 2748 2091 ἐξ
2795 2027 3108 2093 ἀναγκαίων
3159 2023 3367 2077 πολλῶν
3428 2021 3864 2088 ἀντισπώμενος.

2304 2117 2401 2170 Διά
2451 2116 2622 2170 ταῦτα
2671 2118 2762 2168 καὶ
2794 2113 2902 2168 ἀπὸ
2942 2116 3047 2182 γῆς
3083 2117 3181 2185 μὲν
3229 2114 3485 2182 δυνάμεις
3533 2110 3865 2171 ἀποστόλους

2306 2206 2754 2277 προσετοιμάζει,
2803 2201 2881 2268 οἷς
2917 2203 3246 2272 θαρροῦντες
3291 2205 3341 2256 οί
3389 2203 3699 2270 πρόσχωροι
3732 2200 3868 2266 ἀφό-

2304 2298 2415 2358 ϐως
2443 2295 2745 2364 ἐργάζοιντ⁹
2775 2293 2841 2347 ἂν
2876 2294 2974 2368 [Ρ.
2995 2293 3120 2362 584]
3159 2295 3227 2346 τὰ
3252 2292 3345 2344 τοῦ
3377 2292 3588 2359 θέρους,
3628 2292 3867 2357 ’Δμογαο

2307 2387 2495 2457 ὀάροις
2547 2386 2604 2439 δέ
2633 2387 2771 2448 τέως
2817 2384 3102 2454 ἀνακωχὰς
3151 2383 3327 2444 διδοὺς
3369 2381 3442 2442 ὡς
3473 2379 3670 2433 αὐτίκα
3701 2395 3869 2432 κατα.

2304 2475 2684 2547 δραμούμενος
2720 2460 3084 2546 συναχθεισῶν
3117 2473 3225 2526 τῶν
3259 2471 3778 2542 ammissum-lustra
3809 2471 3868 2521 ἐν

2304 2571 2451 2639 τρισὶ
2510 2570 2603 2623 καὶ
2649 2569 2778 2623 δίκα
2829 2569 2985 2623 ναυσὶ
3043 2567 3362 2629 Γεννουϊτας
3408 2565 3472 2620 ἐκ
3516 2565 3625 2617 τῶν
3673 2562 3866 2628 Λαζῶν

2307 2763 2364 2802 se
2409 2747 2542 2802 feris
2589 2745 2869 2800 maleﬁciis
2912 2746 3315 2800 monstrabant.
3359 2747 3454 2800 His
3506 2744 3860 2799 Andronicus

2308 2843 2523 2896 cunctis
2545 2841 2801 2908 cognitis,
2826 2848 2879 2892 et
2902 2854 3060 2907 quem
3087 2853 3182 2906 par
3210 2847 3329 2892 erat
3357 2854 3420 2889 ex
3454 2838 3609 2892 clade
3640 2847 3862 2904 accepta

2309 2933 2550 2985 dolorem
2587 2941 2642 2985 et
2684 2931 2926 2984 sentiens
2957 2939 3010 2982 et
3043 2931 3324 2996 prolitens,
3361 2928 3472 2981 lilio
3500 2928 3720 2997 quidem
3753 2911 3864 2982 Ᾱιι·

649 2998 719 3051 ab
741 2997 972 3052 ulterius
1006 3001 1385 3068 persequendo
1443 3002 1704 3055 cohibens
1758 3018 1920 3057 causa
1973 3007 2204 3071 spatium

2312 3033 2471 3092 gusto
2498 3021 2894 3074 consolatorias
2920 3035 3081 3087 quam
3109 3020 3341 3087 primum
3361 3018 3606 3086 scripsit,
3633 3017 3868 3071 Cutzim-

653 3090 903 3144 Michaeli
925 3091 1076 3145 dedit
1106 3106 1297 3145 manus
1329 3107 1520 3145 eorum
1553 3095 1844 3148 evadendi.
1875 3095 1952 3148 Ac
1977 3093 2204 3148 Romani

649 3174 1074 3252 quidem’caetori
1109 3184 1258 3238 varie
1285 3183 1521 3253 dispersi
1563 3184 1818 3245 salutem,
1850 3184 1937 3236 ubi
1972 3184 2206 3252 quisque

650 3274 845 3344 potuit,
893 3275 1179 3343 quaesiere.
1205 3273 1508 3342 imperator
1546 3289 1690 3343 aegre
1731 3272 2087 3343 Pamphylum
2114 3276 2206 3327 de—

650 3368 798 3420 latus
828 3366 899 3420 ibi
934 3366 1164 3434 quievit.
1212 3365 1380 3420 Fama
1431 3365 1606 3420 cladis
1653 3365 1817 3434 hujus
1877 3366 1984 3419 late
2014 3365 2205 3433 didita,

649 3461 834 3515 nullus
869 3460 1258 3528 agricolarum,
1310 3460 1408 3512 etsi
1447 3471 1709 3533 ,sntntna,
1769 3469 1826 3510 ut
1877 3466 2006 3511 tunc
2066 3467 2206 3520 erat,

650 3562 842 3607 testate
867 3553 948 3606 vel
986 3551 1219 3604 maxime
1272 3563 1436 3616 opera
1467 3563 1655 3602 eorum
1689 3547 1915 3600 maturis
1945 3547 2208 3610 colligen-

651 3643 739 3697 dis
774 3642 1050 3709 segetibus
1077 3653 1207 3691 rure
1240 3639 1632 3706 requireretur,
1685 3645 1840 3692 extra
1889 3637 2207 3691 Constanti-

654 3733 895 3802 nopolim
925 3731 1224 3786 subsistere
1251 3729 1446 3783 voluit.
1470 3728 1673 3797 Longis
1706 3727 1946 3796 undique
1971 3727 2212 3796 agmini-

653 3826 755 3880 bus
783 3824 955 3877 iustar
1005 3821 1379 3886 formicarum,
1427 3819 1782 3876 domesticam
1818 3819 2211 3888 supellectilem

651 3916 738 3986 pia
767 3914 916 3969 istris
941 3913 1253 3981 impositam
1290 3925 1400 3981 prae
1428 3926 1488 3965 se
1522 3918 1771 3980 agentes.
1802 3909 1856 3963 iu
1912 3908 2103 3986 urbem
2133 3909 2215 3964 fe-

653 3985 939 4069 rebantur,
974 4003 1154 4058 securi
1188 4003 1471 4062 messium,
1500 4014 1639 4069 quas
1685 3999 1885 4068 partim
1917 3999 1972 4052 in
2002 3985 2214 4068 campis

655 4098 900 4151 nondum
932 4095 1182 4148 desectas
1217 4093 1376 4153 falce,
1424 4092 1626 4161 partim
1672 4093 1727 4144 in
1783 4092 1931 4146 areis
1963 4092 2216 4160 manipu-

656 4189 806 4240 latim
854 4188 908 4238 in
961 4195 1144 4238 strues
1182 4189 1481 4253 congestas
1545 4182 1956 4248 relinquebant,
2009 4183 2214 4236 condo-

659 4284 852 4329 nantes
887 4273 1160 4334 hostibus,
1191 4278 1247 4323 et
1283 4272 1335 4324 iu
1367 4271 1521 4322 lucro
1552 4281 1815 4338 ponentes
1847 4271 1993 4338 quod
2024 4270 2214 4324 barba-

2246 4328 2295 4387 Ι)

2312 3112 2491 3181 paxim
2524 3120 2705 3163 autem
2733 3111 2939 3164 dimisit
2979 3110 3045 3163 ad
3096 3109 3324 3172 Alanos,
3359 3123 3585 3176 sperans
3639 3121 3866 3163 revoca-

2309 3210 2490 3255 turum
2520 3215 2614 3252 eos
2638 3198 2702 3251 ad
2728 3199 2996 3260 officium,
3029 3199 3191 3252 simul
3225 3208 3276 3250 et
3300 3197 3640 3267 Turcopulos
3667 3197 3867 3251 delini-

2308 3303 2517 3353 turum,
2542 3291 2740 3358 quihus
2761 3299 2906 3344 esset
2932 3290 3148 3356 generis
3172 3298 3226 3342 et
3258 3288 3455 3356 linguae
3482 3288 3868 3355 communione

2310 3382 2745 3443 commendatus,
2781 3380 2968 3434 Alanis
3024 3381 3188 3432 etiam
3233 3378 3515 3433 lamiliaris
3542 3394 3608 3432 ex
3655 3393 3720 3432 eo
3754 3379 3865 3448 jam

2310 3479 2424 3524 tum
2490 3482 2757 3538 tempore,
2788 3485 2898 3538 quo
2941 3469 3152 3522 militiae
3197 3482 3320 3521 cum
3371 3468 3506 3534 ipsis
3553 3468 3866 3522 societatem

2308 3560 2473 3630 Nega:
2502 3560 2807 3614 communis
2831 3559 2985 3612 ducis
3011 3558 3266 3627 auspiciis
3300 3555 3599 3621 habuerat;
3639 3567 3866 3624 prater-

2311 3667 2484 3720 eaque
2511 3652 2779 3720 legatione
2821 3649 3043 3702 functus
3094 3648 3161 3700 ad
3187 3647 3508 3701 Tuctainem
3538 3658 3651 3703 erat
3683 3647 3869 3701 :unde

2313 3743 2636 3796 credebatur
2707 3749 2898 3793 auctor
2983 3741 3217 3794 idoneus
3294 3738 3514 3793 futurus
3575 3739 3870 3792 suadenda:

2313 3831 2450 3901 ipsis
2483 3830 2888 3885 emendationis
2930 3831 3144 3883 ostendi
3188 3829 3257 3882 ab
3296 3830 3382 3882 his
3436 3837 3628 3897 emptae
3674 3839 3870 3881 contu-

2314 3921 2504 3975 macia
2532 3931 2584 3974 et
2615 3921 2823 3974 reditus
2850 3919 2918 3973 ad
2947 3919 3155 3987 frugem
3180 3920 3487 3981 meliorem,
3518 3919 3867 3981 resumendo,

2313 4011 2461 4080 quod
2521 4010 2680 4065 decet
2730 4009 3003 4071 subditos,
3062 4022 3193 4077 erga
3250 4007 3530 4076 principes
3579 4009 3866 4079 obsequio.

2315 4099 2438 4169 Ipse
2479 4099 2662 4156 au’tem
2719 4101 3013 4170 imperator
3057 4101 3244 4164 senior
3280 4099 3636 4155 conscribere
3694 4099 3872 4154 confe-

2316 4196 2442 4248 stim
2473 4194 2777 4249 exercitum
2801 4202 2857 4248 et
2884 4192 3146 4262 impetum
3178 4193 3232 4246 in
3265 4192 3454 4246 hostes
3478 4191 3657 4246 facere
3685 4193 3872 4260 cupie-

2318 4286 2411 4342 bat
2440 4286 2680 4355 quidem,
2713 4286 3100 4341 retardabatur
3137 4293 3316 4338 autem
3343 4284 3672 4337 necessariis
3701 4285 3868 4352 pluri-

591 4399 603 4416 .
657 4369 833 4419 ricum
867 4363 1146 4419 servitium
1183 4371 1274 4415 aut
1321 4359 1527 4414 ferrum
1554 4361 1639 4414 vel
1689 4360 1820 4413 nudi
1874 4373 1929 4415 et
1972 4363 2209 4415 omnium

2320 4377 2426 4431 mis
2459 4376 2514 4429 in
2550 4375 2766 4429 diversa
2798 4375 3162 4430 trahentibus.
3195 4375 3330 4429 illud
3361 4376 3626 4429 continuo
3653 4374 3871 4443 expedi-

659 4458 850 4523 in0pes
869 4455 1194 4523 effugerent.
1227 4453 1479 4508 Victores
1511 4451 1763 4514 Barbari,
1800 4452 1893 4505 ubi
1931 4453 2068 4507 satis
2102 4453 2217 4509 dis-

657 4554 956 4601 cusserunt
999 4545 1371 4612 suspicionem
1402 4541 1731 4598 insidiarum
1768 4557 1888 4609 quae
1915 4541 2036 4596 illos
2072 4557 2101 4594 a
2136 4543 2218 4596 vi-

610 4677 617 4685 .
658 4634 1142 4702 ctosinsequendu
1175 4635 1572 4699 retardaverat,
1613 4646 1714 4687 nec
1741 4646 1913 4703 pauca
1953 4647 2055 4686 nec
2076 4633 2216 4687 levia

661 4727 836 4781 obviis
869 4726 1027 4796 553
1057 4725 1352 4780 crudeliter
1389 4725 1671 4781 vastandis
1715 4725 1966 4793 exempla
2014 4725 2218 4794 passim

661 4817 1104 4886 avaret‘eritatis
1133 4816 1452 4872 ediderunt.
1483 4817 1643 4871 Areis
1673 4816 2046 4885 deindeApro
2065 4817 2224 4871 διειω

665 4907 1036 4975 oppugnanda
1085 4923 1154 4962 ex
1216 4920 1284 4966 eo
1330 4906 1466 4976 ipsis
1521 4907 1818 4961 consilium
1880 4917 2067 4961 natum
2115 4916 2220 4972 est,

662 4995 812 5063 quod
843 4996 894 5050 in
926 5013 1046 5051 eam
1086 5013 1147 5052 se
1173 4994 1452 5067 recepisse
1475 4998 1673 5049 multos
1697 5013 1728 5052 e
1751 4999 1938 5068 praclio
1955 5012 2226 5067 cognove-

663 5095 808 5147 rant,
839 5088 984 5140 unde
1011 5090 1190 5156 praeda
1241 5087 1504 5143 referta
1555 5087 1988 5142 arbitrabantur.
2037 5087 2228 5157 Copiis

662 5191 796 5246 ergo
839 5179 1074 5234 adi-totis
1121 5195 1240 5235 cum
1265 5181 1482 5251 egregie
1521 5181 1723 5250 repulsi
1759 5195 1949 5250 parum
1987 5183 2219 5252 proﬁce-

661 5277 809 5330 rent,
843 5283 943 5322 nec
975 5268 1095 5338 plus
1136 5284 1202 5323 ea
1246 5273 1651 5339 perseverantia
1697 5282 2000 5337 sperarent,
2035 5273 2214 5326 soluta

661 5357 948 5429 obsidione
980 5358 1177 5412 reverti
1202 5368 1540 5414 statuerunt.
1575 5360 1794 5416 Interim
1826 5359 2017 5413 Alanis
2044 5360 2214 5415 semel

665 5449 871 5517 amissa
898 5465 1028 5521 erga
1062 5451 1398 5519 imperantes
1421 5451 1796 5506 benevolentia
1828 5453 2026 5519 passim
2059 5451 2217 5504 obvia

668 5540 906 5610 diripere
933 5556 996 5595 ac
1025 5541 1254 5595 licenter
1303 5537 1616 5591 latrocinari
1650 5541 1847 5593 bonum
1882 5539 2023 5592 factu
2049 5532 2224 5592 visum

675 5636 780 5682 est.
809 5628 948 5697 Ergo
980 5637 1036 5684 et
1058 5630 1170 5697 isti,
1217 5643 1338 5684 cum
1375 5637 1434 5682 ut
1458 5627 1617 5681 amici
1650 5627 2001 5694 haberentur,
2043 5627 2229 5685 hostes

2316 4469 2413 4534 vit,
2444 4467 2591 4538 quod
2635 4467 2933 4521 instantius
2990 4468 3241 4536 urgebat,
3289 4477 3513 4537 propter
3555 4467 3740 4535 fugam
3781 4466 3869 4518 tali

2315 4551 2558 4622 teinpore
2592 4553 2956 4622 perniciosam
2989 4568 3053 4608 ea
3084 4554 3231 4622 agris
3251 4557 3604 4617 rusticorum.
3637 4555 3853 4609 Paravit

2315 4638 2569 4692 videlicet
2600 4646 2746 4692 terra
2784 4639 3182 4716 submittendas
3208 4640 3417 4706 capias,
3471 4640 3586 4694 illis
3631 4641 3762 4695 dum
3793 4656 3876 4694 sc-

2318 4738 2470 4801 getes
2523 4738 2794 4785 meterent
2821 4741 3098 4810 et-cactera
3132 4741 3324 4787 testate
3350 4735 3624 4788 consueta
3655 4735 3712 4786 in
3747 4749 3868 4805 pro-

2321 4821 2609 4875 curatione
2639 4835 2870 4874 annonae
2910 4835 3077 4889 opera
3118 4830 3466 4887 exercerent,
3512 4827 3869 4889 securitatem

2321 4909 2585 4965 allaturaa
2632 4909 2982 4978 requisitam.
3013 4909 3373 4982 Amogabaris
3429 4913 3672 4968 indutias
3728 4914 3873 4968 velut

2321 4996 2585 5066 quasdam
2614 4997 2930 5068 indulgebat
2951 4996 3192 5062 interim,
3219 4999 3312 5053 sed
3342 4997 3663 5072 555’quaa
3685 5001 3872 5055 breves

2325 5089 2444 5144 fore
2475 5090 2799 5152 minaretur,
2833 5087 3117 5143 afﬁrmans
3147 5101 3207 5141 se
3254 5091 3438 5143 statim
3468 5099 3634 5158 atque
3651 5104 3873 5161 congre-

2326 5179 2745 5249 gassetcoiiias,
2786 5179 2841 5232 in
2869 5179 3007 5234 'illos
3050 5177 3306 5234 infestum
3359 5181 3726 5234 incursat-um.
3758 5179 3877 5233 Post

2327 5265 2442 5317 haec
2463 5278 2714 5319 εονετεοε
2740 5280 2770 5319 e
2800 5265 2958 5319 Lazis
2999 5263 3318 5320 ϐοιιυοιιεθε
3357 5281 3482 5320 cum
3513 5267 3748 5324 ηενίὺιιε
3777 5276 3870 5320 ιτο·

2327 5355 2502 5408 decim
2557 5353 2624 5408 ad
2684 5369 2960 5410 armorum
2994 5345 3179 5410 aecum
3232 5346 3554 5411 societatem
3589 5346 3871 5412 iucundam

2326 5454 2411 5500 est
2448 5445 2698 5516 pellicere
2741 5431 2999 5503 conatus.
3037 5445 3143 5502 Sed
3195 5456 3408 5502 tantum
3447 5446 3622 5502 abfuit
3650 5461 3712 5502 ut
3738 5446 3792 5501 id
3830 5443 3874 5497 ei

2326 5537 2616 5592 consilium
2663 5538 2982 5593 succederet
3031 5553 3100 5592 ex
3137 5547 3286 5604 voto,
3347 5548 3410 5615 ut_
3449 5539 3586 5596 duas
3620 5537 3876 5594 continuo

2331 5645 2497 5683 naves
2529 5629 2774 5684 omnium
2817 5631 3052 5698 optimas
3083 5629 3274 5708 viderit
3318 5631 3560 5708 expediri
3593 5629 3662 5683 ab
3716 5628 3781 5684 iis
3827 5628 3876 5679 in
