4038 6332
594 268 702 339 ’131

1445 249 1450 254 ’
1503 272 1568 332 Ρ.
1608 269 1906 333 POSSINI
1943 268 2582 333 OBSERVATIONUM
2617 242 2761 353 LIB.
2804 274 2858 334 Ι.

3691 272 3824 337 732

593 384 858 441 stimonio
891 356 1176 439 manifeste
1202 380 1708 453 deprehenduntur.
1730 380 2144 438 Eruditissimus
2168 381 2218 440 Δ
2243 381 2366 445 mis,
2405 382 2484 436 sic
2528 382 2582 437 in
2615 384 2719 440 hoc
2747 400 2777 439 a
2806 385 3005 439 Graecae
3030 385 3219 442 usibus
3249 381 3609 459 discrepasse.
3648 389 3823 444 San-

490 471 496 475 ’
594 475 835 532 Jacobus
870 476 1150 530 Pontanus
1204 483 1388 529 noster
1440 474 1497 528 in
1550 471 1774 534 Latina.
1820 488 1981 543 quam
2025 472 2145 526 sine

593 566 786 630 Graeco
812 574 1065 622 contextu
1092 566 1257 622 solam
1280 565 1474 629 edidit,
1506 565 1952 632 interpretatione
1970 561 2146 617 Chro-

597 657 710 712 nici
749 656 966 728 Georgii
1005 656 1290 724 Phrantzis
1324 654 1753 725 protovestiarii,
1778 653 1878 708 lib.
1912 669 1990 717 ιιι,
2021 667 2140 720 cap.

600 747 689 810 i9,
737 762 859 817 pag.
899 746 996 802 197
1027 747 1117 802 ed.
1154 738 1454 816 lngolstadt
1521 762 1649 800 ann.
1696 746 1862 808 1604,
1903 746 2147 799 referens

600 838 766 892 ritum
822 852 930 906 quo
991 837 1301 905 patriarcha
1349 835 1989 906 Constantinopolitanae
2027 834 2148 903 ejus

598 926 887 997 dignitatis
919 928 1059 982 inire
1110 928 1512 997 possessionem
1559 935 1677 983 erat
1742 926 1957 989 solitus,
2005 923 2149 979 inter

598 1017 705 1073 alia
738 1019 851 1074 hac
888 1018 1054 1074 habet
1100 1031 1116 1070 :
1154 1011 1449 1072 Secundum
1510 1020 1620 1072 haJc
1675 1015 1976 1087 patriarcha
2029 1029 2147 1067 cum

600 1107 933 1179 lampadibus
994 1108 1066 1162 ad
1113 1107 1400 1162 diababula
1425 1110 1532 1163 sive
1561 1110 1758 1162 atrium
1789 1104 2144 1159 descendebat.

597 1197 676 1255 Ita
711 1193 807 1254 ibi.
829 1199 1012 1254 Recte
1059 1213 1242 1268 porro,
1275 1209 1335 1254 ut
1363 1200 1578 1271 opinor,
1617 1199 1884 1254 Meursius
1908 1198 1962 1251 in
1993 1195 2146 1252 Glos-

595 1291 748 1347 sario
791 1289 962 1346 verbo
991 1289 1332 1360 Δισάμσυλον
1356 1330 1371 1357 ,
1408 1300 1465 1346 et
1507 1305 1572 1345 es
1609 1304 1678 1345 eo
1707 1288 1871 1343 verba
1911 1287 2024 1356 ipsa
2055 1285 2150 1340 de-

597 1381 849 1439 scribens
869 1383 1098 1439 llathias
1125 1383 1411 1440 Martinius
1443 1384 1498 1439 in
1538 1397 1640 1440 suo
1678 1381 1874 1437 Lexico
1912 1373 2169 1436 Philolo-V

596 1471 722 1543 gico
747 1472 918 1529 verbo
961 1473 1428 1529 Monobambutum
1471 1473 1888 1551 prodiababuta
1935 1471 2149 1528 dibam-

599 1559 729 1617 bula
785 1560 880 1617 illo
931 1561 1212 1619 Phraatzze
1260 1564 1384 1619 loco
1439 1563 1667 1620 rescribi
1691 1561 1901 1617 debere
1927 1569 2150 1632 putave-

598 1649 866 1723 runt.'[P.
892 1649 1021 1722 ΠΟ]
1049 1649 1165 1705 Νοιι
1183 1661 1346 1705 τεειο
1370 1659 1576 1713 autem,
1598 1657 1862 1719 quantum
1890 1646 2146 1711 arbitror,

600 1732 867 1811 glossema
896 1741 1068 1805 illud,
1111 1741 1220 1795 sive
1264 1736 1487 1806 atrium,
1533 1756 1634 1810 pro
1677 1753 1806 1794 vera
1840 1738 1991 1792 vocis
2032 1738 2152 1806 ejus
2179 1716 2222 1772 Β

598 1831 942 1906 expositione
973 1832 1320 1902 receperunt.
1361 1829 1450 1886 Sic
1479 1831 1628 1886 enim
1655 1840 1884 1900 uterque
1917 1827 2149 1884 scribit:

599 1920 1035 1992 Howbhpbulov
1056 1921 1280 1992 simplex
1301 1920 1544 1988 conclave
1575 1920 1767 1992 palatii
1799 1911 2067 1984 secretius,
2098 1919 2150 1972 iu'

598 2024 704 2080 qua
725 2011 1143 2084 congregabatur
1166 2011 1332 2068 clerus
1359 2013 1716 2083 patriarcham
1740 2025 1930 2067 nouum
1958 2009 2154 2064 electu-

600 2115 714 2157 rus.
740 2099 971 2168 Cadius“
1003 2104 1116 2174 ejus
1147 2104 1384 2159 meminit
1414 2120 1434 2159 :
1467 2103 1676 2174 6670
1699 2099 1951 2172 διύτερος
1974 2099 2153 2154 desta-

606 2208 722 2263 ριος
747 2193 970 2262 κρατῶν
999 2195 1061 2247 τὸ
1090 2191 1519 2264 μονοσάμευλον.
1542 2193 1676 2248 Ante
1707 2192 1802 2247 hoc
1834 2197 1950 2245 erat
1981 2190 2151 2257 aliud,

603 2287 661 2344 in
691 2283 833 2353 thod
857 2285 1151 2355 promiscue
1192 2283 1561 2338 conveniebant
1589 2298 1764 2337 omnes
1788 2283 1877 2353 qui
1909 2287 2153 2351 cuperent

601 2381 737 2434 scire
764 2390 917 2445 quem
940 2375 1109 2428 clerus
1139 2373 1498 2444 patriarcham
1528 2381 1796 2436 creasset;
1832 2378 1883 2425 et
1913 2370 2046 2425 illud
2078 2369 2156 2423 δι-

605 2465 884 2538 σάμδυλον
919 2465 1210 2520 dicebatur.
1234 2464 1312 2519 Ita
1338 2463 1414 2518 illi
1446 2462 1640 2530 ambo;
1675 2471 1732 2519 et
1769 2462 1874 2518 hoc
1897 2461 2153 2518 continue

606 2557 842 2631 probant
871 2557 1105 2628 prolato,
1159 2569 1322 2625 quem
1349 2568 1515 2625 supra
1545 2552 1834 2624 descripsi,
1867 2551 2155 2608 Pbrantaae

606 2654 706 2703 aut
752 2647 942 2717 potius"
979 2644 1217 2702 Pontani
1257 2644 1400 2700 loco.
1452 2643 1559 2700 Sed
1606 2643 1663 2700 in
1702 2643 1808 2698 hoc
1855 2650 2152 2714 utrumque
2185 2667 2194 2675 ε

604 2734 718 2793 lalli
748 2750 857 2791 non
897 2733 1236 2796 diditehitur,
1261 2732 1356 2802 qui
1404 2730 1702 2787 attenderit
1728 2745 1893 2802 quam
1921 2731 2153 2787 ridicule

581 2801 884 2882 ‘diceretur
913 2838 944 2878 a
977 2821 1191 2879 Codino
1231 2801 1482 2892 bsidsspo;
1522 2801 1797 2892 ὀστιάριὸς
1847 2822 2066 2891 κρατῶν
2093 2820 2156 2874 τὸ

607 2896 1038 2984 μωσᾶμσνλόν,
1062 2911 1326 2967 secundus
1353 2912 1598 2966 ostiarius
1637 2927 1799 2966 manu
1828 2919 2006 2966 tenens
2041 2908 2153 2964 llo-

2242 481 2361 528 etus
2414 473 2719 529 Bernardus
2775 491 2940 531 serm.
2993 474 3045 531 in
3095 477 3259 533 Coena
3311 479 3524 534 Domini
3566 495 3582 532 :
3618 478 3828 535 Variae

2242 575 2382 632 sunt,
2433 569 2631 638 inquit,
2678 571 3002 640 investiturc
3054 571 3332 624 secundum
3392 587 3454 625 ea
3495 571 3558 626 de
3604 571 3826 641 quibus

2243 663 2568 719 investimur.
2624 661 2772 716 Verbi
2821 665 2996 734 gratia
3045 664 3319 717 investitur
3370 666 3657 718 canonicus
3717 680 3828 732 per

2245 751 2457 818 librum,
2494 753 2651 807 abbas
2709 770 2800 823 per
2841 752 3104 820 baculum,
3140 755 3400 823 episcopus
3435 770 3525 822 per
3545 753 3826 808 baculum

2245 852 2292 896 et
2344 843 2600 897 annulum
2654 843 2834 898 simul.
2886 844 2964 899 ita
3011 838 3126 899 ille.
3159 843 3402 900 Ecclesia
3449 843 3636 901 Graeca
3693 843 3860 898 duo‘

2245 933 2464 1002 quidem
2517 933 2727 1004 et‘ipsa
2772 935 3104 1003 coniunctim
3153 933 3402 990 adhibuit
3457 922 3719 1004 symbola
3759 935 3825 988 in

2246 1023 2572 1079 conferenda
2619 1023 2810 1079 electis
2850 1024 3160 1094 pastoribus
3188 1033 3243 1079 et
3280 1023 3494 1094 sponsis
3528 1025 3831 1079 ecclesia-

2244 1127 2367 1165 rum
2407 1111 2732 1182 episcopalis
2759 1113 3099 1182 possessione
3142 1113 3445 1183 dignitatis,
3474 1131 3598 1185 qua:
3636 1114 3826 1169 siml-

2247 1204 2374 1260 liter
2405 1203 2802 1273 responderent
2831 1204 3048 1259 duobus
3076 1208 3395 1260 memoratis
3419 1207 3591 1260 titulis
3621 1215 3829 1274 pasto-

2247 1297 2319 1350 ris
2359 1306 2413 1351 et
2452 1299 2650 1367 sponsi.
2700 1297 2771 1351 At
2824 1297 2878 1351 in
2935 1302 3108 1369 primo
3135 1297 3402 1352 duntaxat
3430 1313 3556 1354 cum
3587 1297 3826 1355 Latinis

2247 1387 2419 1442 ϐιωθί
2443 1388 2856 1455 convenientes,
2888 1388 2942 1444 in
2984 1389 3274 1460 posteriori
3305 1388 3608 1458 lampadem
3636 1403 3829 1456 spon-

2247 1480 2324 1534 sis
2359 1480 2599 1550 prtel'erri
2630 1480 2841 1536 solitam
2870 1497 2940 1536 ex
2961 1480 3272 1550 evangeliea
3307 1480 3564 1551 parabola
3596 1487 3657 1534 et
3705 1494 3820 1533 usu

2248 1570 2604 1627 Orientalium
2656 1573 2960 1638 nationum,
2990 1572 3057 1628 ad
3100 1572 3396 1641 nuptialem
3418 1571 3825 1626 creremoniatn

2249 1664 2883 1724 accommodatissimam.
2934 1663 3139 1718 annulo
3187 1662 3587 1734 praetulerunt,
3637 1674 3827 1730 quens

2254 1757 2431 1805 tamen
2460 1750 2826 1807 Occidentalis
2855 1751 2921 1806 ad
2949 1753 3001 1806 id
3033 1751 3218 1822 potius
3259 1749 3510 1806 adhibuit
3531 1749 3822 1811 Ecclesia,

2251 1851 2312 1896 ut
2338 1840 2587 1914 populari
2619 1841 2760 1898 forte
2807 1842 3053 1913 gentium
3074 1841 3469 1911 Europearum
3507 1840 3652 1895 mori
3675 1855 3826 1894 eon-
3861 1904 3865 1908 _

2218 1958 2222 1962 ~
2251 1932 2536 2004 gruentius
2559 1929 2862 2002 coniugalis
2898 1929 3319 1987 necessitudinis
3349 1929 3585 2000 signum.
3619 1927 3819 1996 Quid-

2251 2023 2386 2093 quid
2423 2038 2585 2094 porro
2609 2023 2756 2078 circa
2778 2023 2900 2095 hoc
2950 2027 3006 2078 in
3052 2021 3448 2078 consuetudine
3479 2019 3821 2076 Latinorum

2251 2113 2438 2178 fuerit,
2468 2113 2697 2189 Asianos
2729 2111 2951 2182 quidem
2981 2113 3269 2183 episcopos
3311 2111 3574 2188 lampadis
3611 2111 3823 2181 prcla-

2253 2205 2401 2258 tione
2429 2202 2742 2272 auspicatos
2762 2204 2923 2275 371
2956 2203 3299 2273 dignitatem,
3329 2211 3704 2274 praeterquam
3733 2202 3823 2256 in-

2249 2289 2436 2345 dicant
2483 2306 2607 2362 quae
2626 2291 2795 2352 \alias
2852 2291 3037 2346 notavi
3090 2291 3541 2347 Observationin
3590 2290 3716 2347 vol.
3773 2289 3820 2353 Ι.

2251 2391 2310 2446 p.
2356 2376 2484 2442 638,
2514 2378 2679 2432 etiam
2713 2378 2914 2433 astruit
2949 2377 3145 2433 Cadini
3176 2381 3335 2435 locus
3366 2379 3432 2433 de
3458 2379 3654 2448 Oﬁciis
3684 2393 3743 2435 e.
3788 2378 3814 2435 l

2251 2466 2310 2522 in
2361 2477 2510 2524 sexta
2566 2469 2844 2532 Pentade.
2885 2469 2978 2524 ubi
3023 2485 3192 2542 agens
3232 2469 3301 2524 de
3359 2469 3821 2526 ordinationibus

2249 2557 2630 2629 episcoporum
2669 2559 2852 2615 solitis
2871 2574 2902 2615 a
2930 2560 3234 2631 patriarcha
3258 2559 3521 2616 celebrari
3551 2559 3631 2632 (id
3654 2559 3817 2616 enim

2251 2648 2495 2705 indicant
2521 2650 2612 2705 illa
2655 2651 2775 2721 eius
2802 2650 2969 2708 verba
3000 2652 3082 2715 si;
3117 2650 3214 2715 τὰς
3245 2649 3602 2722 χιιρότονιας.
3626 2651 3809 2722 expli-

2249 2740 2428 2794 cantis
2463 2740 2594 2810 quid
2629 2743 2836 2810 primus
2855 2751 2913 2798 et
2955 2742 3232 2815 secundus
3282 2742 3547 2810 ostiarius
3585 2742 3798 2813 proprii

2251 2826 2357 2884 sibi
2387 2827 2619 2898 quisque
2663 2829 2954 2886 ministerii
3002 2839 3218 2901 gereret
3259 2830 3314 2885 in
3364 2845 3428 2886 ea
3454 2827 3811 2900 caeremoniis)

2250 2916 2331 2973 lic
2357 2915 2598 2972 scribit:
2639 2918 2700 2972 ’0
2748 2912 2961 2991 apinae
3004 2920 3282 2990 ὀστιάριος
3315 2918 3532 2988 κρατῶν
3575 2918 3675 2983 τὰς
3706 2916 3810 2972 οὖ-

607 3001 1020 3069 nobsatbulum,
1079 3003 1126 3058 si
1188 3000 1668 3058 Ionobambulum
1728 3001 1930 3057 atrium
1963 3010 2150 3073 .esset,

2254 2997 2443 3080 pag...
2475 3011 2505 3064 ὁ
2547 3008 2803 3082 δεύτερος
2832 3011 3052 3083 κρατῶν
3080 3011 3142 3065 τὸ
3175 3009 3654 3082 μᾳνσῆάμσουλον·
3689 3006 3811 3081 prl-

604 3095 768 3167 quale
797 3095 986 3165 utique
1033 3110 1192 3149 manu
1237 3102 1410 3147 tenere
1436 3093 1561 3164 (hoe
1593 3093 1742 3149 enim
1773 3102 1862 3148 est
1910 3091 2151 3165 κρατεῖν)

606 3197 773 3239 nemo
807 3193 952 3239 unus
978 3189 1175 3252 potest.
1212 3178 1366 3237 Unde
1392 3181 1736 3238 manifestum
1765 3189 1850 3237 est
1875 3197 1944 3238 ex
1972 3191 2153 3238 mente

605 3271 801 3329 Cadini
835 3270 1311 3327 Monohambulum
1365 3268 1534 3340 fuisse
1576 3285 1690 3326 rem
1720 3271 1956 3342 aliquam
1990 3285 2153 3326 manu

607 3361 948 3435 gestabilem.
975 3361 1054 3418 Ae
1085 3361 1317 3431 paritate
1364 3362 1672 3433 argumenti
1713 3361 1857 3419 idem
1904 3361 2010 3419 erit
2045 3371 2157 3418 sta-

608 3454 873 3511 tuendum
917 3453 985 3509 de
1015 3451 1372 3518 Dibambulo,
1407 3451 1552 3524 quod
1581 3453 1826 3531 ejusdem
1868 3453 2059 3510 forma
2091 3469 2156 3510 ac

608 3546 826 3618 generis
850 3560 970 3600 esse
999 3553 1280 3614 gestamen
1305 3543 1558 3599 debuisse
1595 3554 1654 3600 et
1679 3545 1816 3601 ratio
1846 3546 2156 3602 communis

609 3635 778 3708 ἑψιιί
818 3644 874 3690 et
922 3637 1094 3690 series
1141 3636 1256 3704 ipsa
1286 3635 1619 3691 narrationis
1667 3635 1973 3702 Pbrantzaa,
1996 3645 2052 3691 et
2094 3646 2156 3692 ut

610 3725 679 3780 ad
718 3739 835 3778 rem
877 3738 1052 3778 meam
1101 3725 1342 3787 redeam.
1369 3723 1457 3778 hic
1481 3723 1826 3795 Paebymeris
1851 3726 2006 3781 locus
2032 3735 2155 3781 tan-

611 3824 730 3872 tum
761 3829 871 3872 non
903 3815 1314 3872 evidentis‘sime
1359 3815 1754 3871 demonstrant.
1805 3816 1978 3882 Quem
2007 3819 2152 3872 enim

609 3921 792 3978 quaso
821 3917 1042 3975 possent
1085 3921 1305 3960 sensum
1363 3905 1698 3978 tolerabilem
1748 3905 1949 3960 habere
1989 3904 2155 3960 verba

613 3995 729 4051 haec
751 3995 926 4076 {nostri
959 3999 1217 4062 auctoris,
1247 4000 1546 4067 patriarcha
1587 3999 1843 4069 pastorali
1880 3999 2062 4053 baculo
2092 4000 2154 4052 ab

609 4085 922 4154 imperatore
952 4093 1178 4154 accepto,
1210 4087 1499 4140 honoratur
1529 4097 1576 4140 et
1609 4088 1927 4154 dibambulo,
1974 4089 2148 4143 si-Di-

616 4173 916 4229 bambulum
952 4173 1152 4229 atrium
1191 4184 1336 4231 esset
1365 4177 1645 4231 exterius?
1679 4178 1946 4242 Quidnam
1991 4179 2156 4248 igitur

614 4265 706 4319 hic
743 4265 1046 4334 signiﬁcare
1075 4266 1432 4337 Paehymeres
1474 4269 1643 4323 voluit
1669 4271 1832 4323 verbo
1878 4254 2156 4326 Dibambu-

2252 3115 2375 3155 mus
2415 3099 2668 3157 videlicet
2711 3101 2993 3165 ostiarius,
3046 3102 3264 3158 interim
3296 3100 3426 3156 dum
3470 3098 3813 3170 patriarcha,

2251 3198 2344 3244 aut
2381 3190 2474 3245 alii
2512 3192 2632 3260 ejus
2660 3206 2922 3247 concessu
2954 3192 3222 3262 episcopi,
3250 3206 3452 3246 novum
3483 3191 3810 3261 episcopum

2252 3278 2396 3333 intra
2443 3278 2839 3349 presbyterium
2890 3281 3004 3335 sive
3035 3281 3183 3350 βῆμα
3225 3289 3634 3341 consecrarent,
3661 3279 3815 3337 iores

2250 3363 2412 3419 solem
2443 3379 2604 3418 manu
2651 3365 2890 3429 tenebat,
2917 3375 2977 3420 ut
3007 3367 3190 3421 statim
3212 3381 3306 3422 eas
3339 3366 3617 3443 panderet.
3637 3377 3811 3436 atque

2251 3452 2490 3522 perlecta
2543 3453 2694 3511 intus
2730 3455 2905 3510 solitis
2956 3457 3156 3511 ritibus
3211 3456 3559 3525 inauguratio
3587 3456 3809 3514 fuisset.

2253 3539 2408 3595 Tune
2438 3541 2581 3596 enim
2628 3544 2853 3613 produci
2901 3561 3076 3601 novus
3105 3548 3334 3613 antistes
3379 3557 3435 3603 et
3462 3547 3673 3603 ostendi
3703 3561 3811 3618 po:

2253 3632 2379 3702 pulo
2422 3632 2671 3689 debebat.
2704 3636 2840 3702 Quia
2875 3650 3005 3690 vero
3042 3637 3260 3707 prodire
3302 3639 3347 3693 is
3379 3639 3592 3694 bemate
3619 3637 3799 3694 debe-

2253 3721 2346 3775 bat
2395 3724 2592 3792 pnevia
2645 3725 2914 3794 lampade,
2963 3728 3030 3780 ad
3079 3729 3218 3782 hanc
3270 3729 3347 3782 illi
3403 3709 3802 3797 praferendanl

2252 3813 2524 3868 secundus
2550 3813 2808 3870 ostiarius
2829 3818 3107 3872 accinctus
3138 3819 3318 3874 stabat
3345 3820 3565 3889 κριτῶν
3592 3822 3658 3872 τὸ
3701 3837 3803 3888 μο-

2253 3905 2581 3972 νάμπουλον,
2632 3905 2738 3972 vel,
2781 3915 2840 3961 ut
2872 3908 2974 3962 alia
3003 3916 3084 3963 est
3129 3909 3314 3975 lectio,
3344 3909 3407 3964 τδ
3458 3908 3807 3980 μονοόάμω-

2252 3993 2362 4060 λον,
2395 3993 2479 4065 [Ρ.
2519 3993 2645 4067 Ui]
2691 4011 2852 4050 manu
2887 4005 3079 4052 tenens
3114 3993 3388 4067 gestamen
3437 3999 3524 4055 eui
3553 4012 3678 4057 erat
3712 4002 3807 4057 in-

2253 4096 2400 4177 serta
2446 4087 2659 4177 lampas
2685 4103 2824 4152 una;
2860 4104 2982 4141 nam
3017 4090 3396 4158 μονάμπουὶον
3431 4105 3464 4144 a
3510 4092 3646 4162 μόνη
3689 4094 3801 4177 ἂμ-

2255 4176 2478 4228 manu.
2528 4175 2664 4241 Quid
2723 4177 2795 4236 sit
2843 4186 3022 4232 autem
3072 4177 3359 4247 ἄμπουλλσ.
3413 4178 3632 4238 docent.
3651 4175 3799 4235 Aetii

2257 4246 2422 4319 verba
2478 4265 2566 4318 illa
2605 4266 2701 4320 lil).
2760 4282 2832 4320 \‘lt
2877 4266 3280 4336 τ’Δμπουλλαν
3342 4269 3551 4337 ὑελίνην
3586 4269 3805 4340 πλήσας

613 4355 769 4410 tum?
818 4355 963 4411 Idem
995 4357 1113 4412 sine
1158 4356 1326 4412 dubio
1355 4359 1500 4429 quod
1530 4359 1661 4414 alias
1685 4361 1884 4414 clarius
1933 4376 2152 4430 espres-
2182 4359 2230 4414 ι)
2256 4357 2457 4419 ἐλαίου,
2493 4357 2784 4427 ampullam
2835 4359 3051 4412 vitream
3084 4357 3171 4410 ubi
3211 4356 3496 4434 replebat-ie
3541 4359 3677 4413 oleo.
3713 4358 3814 4416 Est

610 4447 702 4511 sit,
750 4445 878 4501 dum
937 4449 1103 4504 refert
1154 4450 1284 4516 (vol.
1341 4449 1382 4516 l,
1426 4466 1480 4522 p.
1529 4451 1649 4520 ΗΞ)
1685 4452 1949 4507 sollicitos
2007 4452 2153 4506 anti-

613 4536 769 4591 stites
825 4552 892 4592 eo
943 4539 1086 4605 quod
1135 4540 1394 4595 Arsenius
1443 4556 1474 4596 e
1536 4542 1868 4610 patriarehio
1933 4543 1990 4597 in
2033 4559 2154 4599 mo-

613 4631 910 4684 nasteriuut
935 4641 1124 4699 sponte
1151 4631 1409 4700 profugus
1429 4634 1632 4703 scripto
1657 4648 1968 4703 expressam
2001 4634 2155 4689 abdi-

615 4717 898 4773 cationem
931 4719 1060 4774 dare
1111 4732 1333 4801 rogatus
1361 4731 1684 4790 recusasset,
1734 4734 1792 4777 ut
1821 4726 2022 4796 aliquid
2056 4725 2154 4779 ha-

615 4809 807 4865 berent
852 4812 1066 4882 scriptae
1114 4813 1350 4868 cessioni
1400 4815 1752 4882 mquivalens,
1781 4815 1850 4870 ab
1878 4832 1946 4869 eo
1981 4819 2153 4889 repeti

616 4913 833 4954 curasse
883 4902 1327 4977 parmplav'xat
1379 4902 1780 4973 λαμπαδοῦχον,
1811 4903 2053 4958 baculum
2103 4912 2156 4958 et

617 4989 1006 5058 candelabrum,
1049 4993 1152 5047 rati
1198 4994 1244 5048 si
1281 5009 1345 5048 ea
1377 4993 1701 5050 reddidisset
1730 5010 1824 5064 per
1848 5010 1968 5064 quae
2006 4994 2156 5048 inve-

621 5079 780 5132 stitus
806 5082 1168 5147 patriarehatu
1221 5083 1418 5146 fuerat,
1449 5083 1552 5136 hoc
1585 5082 1704 5152 ipso
1727 5083 1863 5138 satis
1889 5081 2156 5137 indicatu-

621 5182 742 5220 rum
792 5167 907 5220 sedi
955 5167 1373 5232 se‘renuutiare.
1400 5187 1464 5226 ac
1489 5171 1713 5225 liberam
1741 5173 1946 5242 synodo
1980 5172 2154 5225 factu-

621 5272 743 5311 rum
789 5255 856 5309 ad
900 5271 1091 5309 novam
1128 5261 1446 5326 patriarchae
1483 5260 1802 5315 electionem
1831 5261 2154 5328 procedendi

620 5354 962 5417 pmestatem.
996 5345 1095 5400 llic
1126 5349 1428 5402 necessario
1460 5349 1525 5402 de
1552 5349 1773 5417 antiqua
1805 5347 1975 5402 l‘orma
2006 5347 2158 5402 inau-

619 5437 921 5506 gurationis
945 5435 1320 5506 episcoporum
1354 5437 1706 5503 repetendum
1724 5437 1760 5491 e’
1793 5437 2158 5491 monumentis

618 5527 998 5582 ecclesiasticis
1023 5525 1226 5592 aliquid
1264 5533 1372 5578 est.
1401 5524 1638 5578 Primum
1677 5539 1857 5582 autem
1885 5527 2156 5583 admoneo

621 5618 1068 5674 Uttsucludinem
1101 5617 1356 5674 Ecclesia:
1398 5615 1627 5680 Latium,
1660 5625 1718 5669 ιιι
1745 5619 1798 5672 in
1829 5618 1948 5672 aliis
1982 5617 2154 5689 pluri-

2207 4476 2213 4482 ·
2258 4463 2388 4517 ergo
2416 4447 2698 4516 ᾶμπουλλα
2729 4449 2952 4516 lampas,
2982 4456 3038 4501 et
3067 4438 3447 4518 μονάμπουὶῖον
3475 4448 3810 4502 instrumen-

2261 4547 2371 4591 tmn
2397 4538 2672 4606 portatile,
2698 4539 2786 4592 cui
2819 4546 2964 4592 esset
2995 4553 3100 4591 una
3142 4538 3345 4606 lampas
3369 4537 3560 4592 indita.
3591 4536 3803 4591 Verum

2261 4627 2348 4681 ubi
2395 4628 2702 4696 patriarcha
2743 4627 3386 4696 Constantinopolitanus
3434 4627 3812 4694 inauguratis-

2261 4727 2368 4780 tur,
2397 4719 2527 4772 satis
2551 4718 2793 4788 prudens
2816 4719 2997 4788 quivis
3033 4717 3282 4787 intelligit
3312 4716 3519 4784 aliquid
3555 4716 3633 4770 illi
3666 4733 3809 4786 prm-

2259 4806 2403 4875 cipui
2447 4807 2674 4862 honoris
2723 4821 2884 4876 sopra
2941 4809 3229 4876 episcopos
3273 4805 3462 4860 haberi
3516 4806 3804 4865 debuisse.

2258 4897 2524 4952 Nimirum
2565 4897 2693 4951 huic
2741 4898 3028 4965 prodeunti
3073 4895 3138 4948 ad
3167 4895 3424 4964 populum
3453 4911 3560 4951 non
3593 4883 3814 4968 μονάμέ

2261 4987 2456 5040 πουλον
2501 4995 2596 5040 aut
2633 4987 3039 5055 μοννιῦἀμόυλον
3068 4984 3478 5055 praeferebatur,
3529 4986 3622 5042 sed
3656 4989 3806 5057 quod

2261 5087 2446 5132 noster
2497 5077 2585 5132 hic
2631 5079 2790 5131 docet
2827 5086 3016 5130 auctor
3049 5077 3433 5145 6-.6ip6wltov.
3471 5078 3543 5132 De
3572 5077 3674 5132 hoc
3709 5093 3807 5133 vo-

2258 5167 2451 5221 cabulo
2503 5165 2636 5234 quid
2698 5182 2796 5218 nos
2839 5165 3031 5218 doceat
3086 5165 3346 5230 Co.linus,
3404 5167 3704 5221 videamus.
3757 5166 3808 5222 Is

2259 5257 2401 5327 libro
2459 5257 2534 5310 De
2589 5241 2799 5327 omnis,
2833 5271 2885 5310 e.
2922 5254 2987 5310 ιο
3035 5254 3102 5309 de
3154 5253 3345 5320 festis,
3401 5255 3532 5310 dum
3567 5254 3811 5325 explicat

2260 5348 2534 5420 quomodo
2571 5363 2766 5417 pompa
2822 5347 3187 5401 instrueretur
3235 5363 3342 5417 qua
3392 5347 3686 5415 imperator
3735 5345 3808 5402 ad

2259 5439 2646 5495 celebrandum
2673 5435 2874 5491 Christi
2911 5436 3095 5492 Natale
3133 5439 3324 5492 venire
3376 5437 3699 5506 admittique
3747 5437 3810 5492 in

2258 5530 2545 5584 ecclesiam
2598 5526 2824 5590 solebat,
2857 5526 2933 5579 ait
2963 5536 3209 5595 paratum
3259 5527 3532 5581 adstitisse
3582 5527 3808 5593 lampa-

2262 5618 2469 5674 darium
2497 5635 2612 5672 cum
2655 5614 2948 5672 dibambulo
2980 5633 3136 5672 uurco
3173 5619 3224 5672 in
3259 5634 3438 5672 manu.
3470 5617 3645 5673 Verba
3670 5625 3806 5671 sunt
