4038 6332
169 302 276 368 711

1513 265 2015 356 GLOSSARIUM.

3260 299 3369 364 ’142

172 394 388 453 uentis.
417 389 835 462 ἀπροσδιόνυπα,
885 389 1074 444 videor
1123 388 1256 442 milii
1300 395 1480 443 tamen
1517 389 1604 444 vel
1650 402 1717 442 ex
1747 396 1789 449 Α
1818 387 2244 444 internecionem
2283 405 2452 460 usque
2491 390 2865 463 conﬂixerant,
2903 401 3088 448 secuta
3111 391 3236 448 inde
3271 394 3373 462 mi~

145 483 288 550 ,ιδοο
312 485 481 538 nostri
513 483 635 536 loco
659 496 765 536 non
794 490 997 536 temere
1023 479 1310 550 suspicari,
1336 478 1630 550 signiﬁcari
1659 493 1728 533 eo

168 572 444 629 vocabulo
468 589 589 642 qua:
631 572 808 627 Latini
855 571 1118 626 subseciva
1146 580 1366 632 vocant,
1410 569 1550 624 ultra
1582 584 1730 624 men-

164 676 365 717 suram
400 671 601 716 rectam
619 661 931 717 excedentia
961 660 1016 714 in
1039 658 1424 728 partitionibus
1454 672 1727 726 agrorum.

162 752 316 810 Cum
345 752 494 808 enim
534 752 868 822 agrimensio
901 766 997 820 per
1043 749 1219 804 lineas
1262 748 1355 801 fiat
1394 745 1631 801 invicem
1662 743 1729 800 ad

168 851 361 898 rectos
391 840 646 917 angulos
694 849 891 904 sectas,
953 853 1094 909 saepe
1149 839 1203 892 in
1246 836 1460 912 campis
1500 835 1734 905 obliqua

168 934 368 1006 ﬁgurae
386 931 732 1002 contingebat
760 929 1037 985 abundare
1072 927 1306 997 spatium
1337 924 1558 996 aliquod
1580 933 1732 979 extra

166 1023 474 1095 angulum,
514 1022 619 1088 ιξω
638 1019 856 1088 γωνίαξ,
888 1018 1034 1090 quod
1066 1019 1357 1088 ἑξαγὼνιον
1395 1015 1590 1082 Gmci,
1631 1013 1735 1069 La-

173 1116 309 1178 tini.
356 1124 415 1168 ut
459 1113 599 1176 dixi,
635 1102 1297 1183 subsccivumyocarcn't,
1328 1103 1469 1178 sape
1497 1121 1592 1176 per
1620 1105 1736 1160 haec

172 1203 450 1288 sopabula
494 1202 716 1270 utrique
775 1206 933 1269 tropo
983 1199 1220 1269 quodam
1275 1190 1588 1254 indicantes
1648 1210 1736 1250 res

169 1292 517 1350 accesserias
552 1307 655 1347 nec
685 1293 955 1362 prmcipue
985 1290 1246 1352 intentas,
1277 1288 1372 1344 sed
1404 1303 1524 1357 quae
1551 1295 1734 1340 aucta-

174 1386 243 1440 rii
307 1385 434 1438 loco
477 1383 545 1438 ad
603 1382 889 1454 primarius
936 1380 1369 1441 accumulentur,
1429 1376 1572 1431 sicut
1620 1377 1737 1434 ista:

171 1474 487 1537 subseciva:
514 1475 629 1542 agri
686 1483 868 1543 partes
901 1471 1058 1525 alteri
1103 1468 1395 1524 confinium
1419 1469 1736 1523 colonorum

173 1565 550 1620 addebantur.
567 1564 823 1634 Πάρεργα
849 1561 1022 1616 ϐηρεί
1043 1561 1201 1617 aliter
1216 1560 1512 1631 appellant,
1536 1547 1738 1628 quibus

173 1655 461 1730 praecipue
488 1656 761 1710 intentum
797 1647 1092 1725 designans
1128 1651 1424 1721 respondet
1444 1652 1504 1704 τὸ
1532 1651 1736 1722 προύρ-

175 1764 307 1816 γαυ,
339 1731 484 1816 (ιυόᾴ
503 1756 558 1801 et
582 1735 671 1800 hic
699 1753 880 1799 noster
896 1751 1148 1822 psurpat.
1465 1805 1482 1814 ,

251 1837 553 1903 Ἐεὰντης
576 1851 631 1906 p.
661 1834 788 1889 265.
824 1834 952 1888 Scio
983 1832 1207 1899 ἐξάντην
1241 1832 1402 1900 vulgo
1436 1833 1614 1901 putari
1644 1831 1725 1886 di-

181 1940 334 1984 ctum
360 1929 517 1999 quasi
537 1927 641 1994 ἔξω
667 1927 822 1996 ἄτης.
847 1926 957 1979 sius
988 1939 1148 1988 noxa,
1177 1923 1506 1987 incolumem,
1535 1923 1738 1976 indem-

183 2000 328 2075 mi.
367 2020 538 2088 Cujus
561 2017 802 2073 nationis
833 2016 890 2069 in
925 2014 1198 2077 Phaedone
1225 2013 1466 2067 Platonis
1489 2010 1738 2080 exempla

184 2112 466 2180 leguntur.
497 2105 607 2161 Sed
643 2119 753 2160 non
807 2103 1104 2172 quadraret
1135 2102 1199 2155 ad
1260 2100 1366 2156 loci
1413 2101 1737 2156 sententiam

183 2199 596 2270 interpretatio,
638 2211 760 2268 qum
813 2195 936 2251 istis
969 2193 1276 2251 'vocabulis
1331 2193 1421 2247 hic
1473 2201 1735 2248 uteretur.

186 2291 311 2346 Non
339 2289 487 2345 enim
538 2287 662 2343 ideo
718 2272 991 2356 vocabant
1029 2282 1248 2355 Bulgari
1279 2281 1347 2337 ad
1377 2298 1605 2353 regnum
1639 2281 1738 2338 Ili-

184 2383 439 2439 chaelem
494 2380 841 2439 Constantini
890 2378 1034 2449 regis
1080 2374 1357 2447 quondam
1404 2376 1490 2431 sui
1543 2373 1738 2441 tilium,

188 2475 338 2546 quod
381 2473 505 2546 eius
556 2488 682 2528 cum
727 2485 824 2542 spe
866 2483 1154 2540 successus
1205 2465 1502 2523 inclinandi
1537 2468 1740 2539 negotii

191 2575 414 2635 tempus
437 2576 584 2618 nunc
632 2576 754 2618 esse
809 2567 1088 2632 putarent,
1149 2572 1276 2614 cum
1329 2555 1558 2612 adversa
1585 2555 1741 2626 stirpi

191 2653 538 2712 Constantini
572 2652 812 2724 potentia
842 2649 1217 2711 Tocharorum
1246 2646 1307 2703 in
1323 2643 1587 2715 Bulgaria
1616 2659 1744 2700 cou-

194 2742 330 2799 lluio
359 2742 760 2799 dominantium
795 2746 964 2795 staret
991 2736 1284 2794 incolumis
1309 2751 1325 2789 :
1350 2734 1448 2791 sed
1479 2732 1534 2790 id
1553 2733 1742 2790 volunt

196 2831 529 2904 signiﬁcare,
562 2824 830 2887 infirmam
886 2843 1007 2884 esse
1058 2825 1222 2895 modo
1269 2820 1427 2882 illam
1451 2825 1741 2895 minusque

196 2936 359 2990 quam
384 2920 540 2992 prius
566 2905 983 2986 formidabilem,
1010 2915 1524 2972 undenecasionem
1554 2914 1740 2971 oll'erri

201 3024 308 3065 non
354 3009 754 3080 aspernandam
783 2993 1393 3064 censebaut'licbaelis
1437 3006 1494 3062 in
1527 3008 1741 3077 paterni

203 3098 348 3170 regni
384 3097 782 3169 possessionem
806 3097 1126 3176 reducendi.
1156 3097 1269 3154 Nec
1287 3096 1505 3153 abludit
1536 3095 1608 3153 ab
1631 3097 1745 3152 ori-

200 3189 324 3259 gine
350 3202 417 3245 ac
461 3190 767 3261 veriloqqu
794 3191 909 3261 jam
935 3189 1102 3262 ωο
1125 3189 1365 3246 indicato
1394 3189 1546 3246 vocis
1583 3189 1746 3261 hujus

202 3283 318 3340 bac
369 3283 608 3340 secunda
667 3282 839 3339 notio.
902 3283 1040 3338 Nam
1091 3283 1316 3352 ιξάντης
1337 3266 1531 3337 ἀι’νί
1577 3278 1744 3351 etymi

203 3374 430 3443 propria
480 3382 638 3429 sonat
688 3388 815 3429 eum
862 3373 958 3442 qui
987 3387 1056 3428 ex
1080 3375 1233 3443 gravi
1266 3388 1408 3428 noxa
1448 3371 1743 3440 primulum

199 3477 483 3534 emergere
531 3462 727 3534 incipit
755 3472 813 3521 et
850 3462 955 3528 lem
983 3463 1121 3528 ἄτης
1159 3464 1527 3534 essm-itaque
1552 3471 1744 3518 votum

203 3562 285 3630 est
311 3552 464 3608 febre
487 3552 789 3608 laborantis
814 3565 872 3609 et
898 3553 1095 3609 morbo
1113 3554 1478 3625 periclitantis
1507 3553 1742 3618 sontico,

211 3643 302 3698 illo
353 3659 517 3701 versu
565 3660 886 3716 expressum
947 3660 1111 3714 quem
1161 3645 1355 3702 recitat
1389 3643 1744 3716 Etymologici

221 3727 424 3800 auctor,
453 3728 502 3788 ὦ
526 3732 652 3800 Ζεῦ.
680 3735 931 3802 γενέσθαι
982 3735 1145 3805 τῆσδέ
1201 3735 1258 3804 μ’
1305 3735 1532 3804 ἐξάντην
1563 3735 1742 3790 νόσου.

222 3823 318 3890 Ds,
335 3825 560 3898 Jupiter,
579 3825 795 3880 evadere
817 3842 898 3881 me
917 3825 1203 3896 periculum
1229 3828 1382 3895 hujus
1413 3827 1596 3882 morbi.
1625 3826 1745 3882 1am

209 3932 372 3986 porro
393 3932 560 3974 unus
587 3931 711 3975 esse
734 3917 956 3981 dicitur,
978 3917 1136 3984 cujus
1164 3917 1449 3971 remittens
1468 3922 1563 3970 aut
1592 3915 1746 3984 peni-

209 4018 294 4064 tus
330 4024 549 4068 cessans
595 4007 766 4064 febris
815 4022 966 4076 spem
1014 4006 1268 4061 reditura:
1305 4005 1630 4061 valetudinis
1658 4020 1748 4059 re-

209 4100 408 4171 linquit
451 4101 744 4170 integram.
771 4098 940 4169 Cujus
979 4098 1062 4152 rei
1090 4098 1217 4166 quia
1245 4111 1469 4152 somnus
1501 4096 1555 4150 in
1588 4104 1747 4150 acute

213 4190 568 4246 iebrientibus
614 4189 891 4246 interdum
948 4187 1162 4256 signum
1183 4195 1292 4247 est,
1337 4184 1590 4256 discipuli
1624 4184 1747 4239 dor-

167 4295 171 4298 '
210 4279 346 4334 mire
396 4267 747 4349 languentem
794 4277 1060 4332 Lasarum
1113 4293 1144 4332 a
1187 4277 1410 4332 Christo
1464 4277 1749 4332 audientes

1827 479 2057 533 serrima
2109 480 2444 535 desolatione
2500 481 2666 537 totius
2701 482 2944 550 ipsorum
2997 483 3258 553 regionis,
3317 493 3376 540 ct

1827 570 2016 639 paucis
2068 570 2358 624 admodum
2406 572 2646 640 ipsorum
2695 571 2925 629 'l‘zacam
2977 575 3276 644 fugientem
3319 576 3377 630 in

1828 662 2132 733 Bnlgariam
2156 664 2378 727 secutis,
2407 679 2579 734 nuper
2609 664 2720 718 illic
2748 668 3023 735 oppressis
3049 668 3376 735 praevalente

1828 739 2562 820 (lsphentisiblabo..Ununi
2628 763 2881 823 superest
2949 755 3217 821 dubium,
3279 772 3379 811 cur
3433 824 3437 828 _

1831 840 2190 911 Pachymcrcs
2219 842 2274 896 in
2300 842 2544 898 secundo
2566 859 2693 897 casu
2725 843 2951 915 ὲξὰντης
2981 844 3225 899 scribat:
3251 861 3379 910 nam

1831 933 1888 987 in
1913 931 2088 1002 primo
2115 932 2288 1001 accipi
2345 947 2454 986 non
2503 942 2702 1001 potest.
2751 949 2874 986 cum
2901 934 3077 989 tribus
3113 949 3238 989 mox
3283 935 3380 988 ad-

1827 1023 2031 1093 iunctis
2053 1019 2618 1091 femininisgenitivis
2663 1032 2947 1092 eoaptetur
2990 1025 3251 1095 φανείσης
3284 1027 3382 1080 το-

1832 1110 2066 1182 χαρικῆς
2115 1109 2385 1180 ἐξουσίας.
2435 1115 2516 1167 An
2565 1127 2720 1167 error
2763 1113 2852 1168 hic
2893 1115 3268 1184 agnoscendus
3321 1110 3380 1172 et

1831 1203 2084 1267 ἑξάπους
2133 1202 2580 1267 rescribendum,
2633 1214 2824 1280 contra
2902 1204 3064 1259 iidem
3132 1207 3378 1262 codicum

1833 1292 1916 1365 [P.
1947 1292 2071 1366 478]
2101 1293 2431 1362 optimorum
2456 1293 2498 1348 Β
2532 1303 2587 1349 et
2611 1295 2657 1349 Α
2677 1297 2700 1350 i
2723 1311 2848 1350 nam
2869 1282 3163 1352 Vaticanus
3177 1297 3291 1355 hoc
3312 1297 3380 1352 de

1833 1399 1985 1438 more
2009 1383 2211 1438 omisit.
2234 1383 2316 1439 An
2351 1384 2533 1455 potius
2576 1385 3025 1452 existimandum,
3065 1401 3100 1441 a
3132 1387 3380 1440 nomina-

1833 1472 1946 1528 tivo
1978 1471 2242 1528 feminino
2266 1472 2464 1543 ἐξάντη·
2488 1475 2725 1544 patrium
2758 1474 2903 1529 hunc
2922 1488 3107 1529 casum
3137 1489 3168 1530 a
3194 1485 3383 1530 nostro

1834 1563 2004 1618 duci?
2036 1562 2406 1652 quod.vercor
2437 1571 2494 1618 ut
2538 1565 2785 1636 analogia
2816 1573 2874 1621 et
2913 1575 3066 1621 recta
3116 1580 3384 1637 gramma-

1837 1653 1957 1708 tica:
1979 1654 2120 1708 ratio
2149 1649 2446 1723 permittat.
2507 1708 2514 1717 ,
2573 1649 2579 1654 ’

1715 1767 1722 1778 ·
1765 1738 1814 1798 Β
1909 1742 2282 1809 Ἐπιτύμσιον
2305 1757 2358 1812 p.
2406 1741 2492 1798 66.
2522 1742 2648 1812 Agit
2678 1742 2745 1799 de
2788 1740 3382 1811 Nicandro'Larisscno

1838 1830 2104 1886 irridente
2129 1832 2497 1889 Andronicum
2523 1835 2653 1892 olim
2678 1834 2996 1903 episcopum
3032 1833 3381 1899 Sardcnsem,

1836 1930 2022 1991 postea
2047 1923 2394 2000 monachum,
2426 1922 2520 1978 sed
2554 1939 2654 1994 per
2682 1925 3037 1980 ambitionem
3069 1939 3102 1979 e
3134 1924 3242 1979 vita
3265 1939 3385 1980 mo-

1837 2012 2046 2077 nastica
2101 2026 2378 2067 reversum
2429 2014 2495 2067 ad
2557 2013 2888 2084 dignitates;
2943 2015 3146 2084 quibus
3202 2015 3385 2070 subita
3486 2078 3489 2080 η

1836 2101 2194 2157 conversione
2231 2102 2396 2158 sortis
2421 2103 2650 2174 eiectus,
2683 2105 2872 2160 multis
2902 2121 3042 2175 quos
3072 2105 3387 2162 irritaverat

1837 2189 2137 2250 ludibrium
2190 2193 2402 2258 debuit,
2449 2195 2506 2249 in
2563 2195 2758 2267 primis
2818 2195 3097 2252 Nicandro
3120 2197 3211 2257 isti
3263 2199 3385 2269 eius

1837 2296 2006 2353 opera
2047 2284 2360 2354 episcopatu
2391 2285 2570 2356 pulso.
2600 2286 2704 2354 Qui
2735 2295 2794 2342 ut
2829 2287 3146 2344 Andronico
3182 2303 3386 2359 expro-

1839 2371 2022 2430 braret
2045 2375 2386 2432 ambitiosam
2418 2377 2759 2454 eruptionem
2790 2392 2823 2434 e
2867 2386 3013 2435 statu
3035 2386 3039 2390 '
3059 2381 3386 2449 mouastieo,

1835 2466 2223 2522 monachicqu
2274 2469 2328 2524 ei
2382 2466 2705 2552 ιπιτύμξιον
2754 2467 2968 2538 injecit.
3027 2471 3146 2540 ipso
3196 2471 3384 2527 statim

1839 2559 2142 2630 rejiciente.
2172 2556 2292 2614 Non
2321 2561 2534 2626 reperio
2561 2561 2690 2617 alibi
2717 2560 2861 2618 hanc
2903 2561 3118 2627 vocem,
3145 2563 3238 2616 seti
3267 2577 3389 2618 ma-

1837 2647 2036 2703 nifeste
2058 2647 2222 2706 docet
2248 2648 2338 2704 hic
2367 2650 2488 2720 ipse
2528 2650 2683 2707 locus
2713 2640 2910 2720 capitis
2939 2658 3156 2721 tegmen
3198 2666 3392 2706 mona-

1836 2739 2066 2795 chorum
2127 2738 2407 2809 proprium
2444 2739 2524 2795 sic
2551 2739 2792 2806 dictum;
2831 2743 2981 2796 unde
3020 2749 3080 2797 et
3111 2742 3389 2800 cucullu-

1838 2827 2030 2884 Latine
2051 2827 2287 2895 reddidi,
2318 2839 2378 2885 et
2402 2841 2527 2886 mea
2551 2830 2609 2886 lu
2658 2829 2983 2901 nputitioue
3026 2830 3108 2886 rei
3144 2830 3390 2902 eiusdem
3435 2841 3438 2843 λ

1839 2920 2229 2999 ecclesiasticis
2275 2932 2592 2992 usurpatam
2647 2914 3018 2990 scriptoribus
3060 2935 3164 2993 pro
3186 2920 3389 2978 cuculli

1843 3025 2154 3083 synonyma
2188 3012 2390 3082 caputii
2443 3026 2629 3068 vocem
2684 3009 2931 3068 adhibui.
2980 3010 3168 3091 “deri
3220 3009 3392 3082 possit

1845 3101 2119 3158 cucullum
2169 3103 2528 3159 monasticum
2591 3102 2715 3160 ideo
2777 3103 2986 3159 dictum
3047 3102 3390 3172 ιπιτύμσιον.

1847 3194 1992 3263 quod
2014 3209 2138 3249 cum
2167 3196 2336 3250 vestis
2363 3195 2477 3264 ipsa
2504 3195 2577 3250 sit
2603 3194 2760 3265 quasi
2780 3193 3088 3264 sepulcrum
3112 3190 3391 3259 monachi,

1842 3283 2095 3350 cucullus,
2117 3293 2294 3341 exstet
2319 3287 2464 3342 velut
2489 3300 2626 3355 apex
2648 3301 2712 3340 ac
2733 3285 3011 3356 fastigium
3039 3285 3262 3342 tumba.

1913 3376 2074 3446 σοι
2105 3375 2714 3446 Ἐσπαμματισμέώμ
2743 3390 2795 3443 p.
2849 3375 2973 3431 illi.
3006 3373 3148 3442 Quid
3187 3375 3258 3431 sit
3287 3374 3395 3431 hoc

1829 3463 1969 3523 loco
2014 3466 2523 3536 ισκαμματισμένος
2552 3470 2739 3521 minus
2769 3465 2970 3520 mirum
3005 3476 3091 3520 est
3143 3464 3390 3534 ignotum

1847 3556 1983 3611 mihi
2025 3570 2144 3611 esse
2180 3570 2446 3626 nusquam
2497 3554 2629 3612 alibi
2659 3555 2767 3609 tale
2823 3553 3148 3609 vocabulum
3204 3561 3389 3618 nacte,

1846 3660 1970 3702 cum
1993 3659 2063 3700 ne
2095 3645 2353 3700 Vaticano
2381 3643 2602 3714 quidem
2632 3641 3000 3712 paraphrasi:
3028 3639 3180 3697 vocis
3224 3640 3393 3711 hujus

1847 3743 2086 3806 potestas
2108 3742 2389 3803 perspecta
2412 3731 2599 3793 fuerit.
2629 3738 2792 3801 prout
2816 3737 3042 3801 apparet
3061 3744 3131 3784 ex
3152 3742 3218 3784 eo
3241 3743 3389 3799 quod

1847 3822 2362 3893 ισκιμματισμινος
2399 3821 2505 3876 viri
2550 3835 2748 3877 nomen
2805 3820 3057 3889 intelligit
3084 3817 3328 3874 distincti
3357 3833 3390 3872 a

1847 3911 2270 3979 Moschampare,
2327 3911 2489 3981 hujus
2540 3909 2792 3965 videlicet
2851 3908 2909 3966 in
2951 3907 3392 3983 chartopbylacis

1849 4000 2026 4061 oliiéio
2049 4000 2398 4057 successoris.
2434 3999 2525 4057 Sic
2550 4000 2698 4058 enim
2720 3999 2790 4054 ab
2811 4013 2876 4055 eo
2900 3997 2992 4055 bic
3020 3999 3174 4053 locus
3203 3997 3392 4053 reddi-

1851 4101 1941 4147 tur
1974 4107 1988 4145 :
2026 4091 2249 4164 Σνμσὰν
2286 4091 2342 4145 δι
2373 4109 2426 4144 τι
2457 4091 2553 4146 καὶ
2592 4091 2720 4162 περὶ
2751 4090 2841 4146 τιν
2879 4089 3394 4161 ιεκιμιματιᾳμινον

1852 4181 2238 4253 χαρτοφύλακα
2264 4182 2361 4236 καὶ
2401 4183 2813 4253 Μοσχάμπαρα.
2849 4181 3100 4252 Ἔχοντες
3130 4178 3222 4233 οὖν
3248 4171 3395 4233 οὗτοι

1853 4272 1946 4326 καὶ
1966 4262 2068 4326 ’τὸν
2099 4260 2618 4343 Πεντεκκλησιιῖηην
2646 4257 2927 4326 ιίρικότουν
2954 4269 3030 4338 τῷ
3056 4268 3394 4340 πατριάρχῃ’
3472 4333 3479 4338 η

211 4367 383 4432 aiunt,
417 4367 574 4428 locst.
616 4383 692 4432 xi,
725 4366 793 4418 12
828 4383 842 4419 :
884 4368 1077 4436 Κύριε,
1102 4368 1149 4417 εἰ
1185 4366 1543 4435 κεκοίμηται,
1577 4366 1744 4434 σωθή-

1853 4363 1930 4418 ita
1961 4364 2077 4430 ille,
2129 4372 2240 4418 tres
2271 4377 2504 4432 ponens,
2546 4363 2640 4418 ubi
2672 4365 2807 4420 satis
2844 4361 3131 4417 manifeste
3157 4359 3392 4414 duorum

212 4473 385 4512 σεται.
420 4456 657 4521 Domine,
707 4456 754 4509 si
807 4456 1020 4518 dormit,
1055 4455 1233 4509 salvus
1261 4457 1383 4509 erit.
1416 4455 1557 4525 Ergo
1606 4470 1752 4515 cum.

211 4563 374 4620 quem
427 4547 784 4618 Hippocrates
842 4543 1069 4612 ὲξάντην
1121 4543 1277 4614 dicit,
1342 4543 1581 4599 Calenus
1628 4545 1754 4615 ὑγιῆ

212 4634 398 4699 sumius
423 4644 838 4713 interpretatur,
869 4637 950 4694 sic
978 4637 1390 4708 intelligendum
1414 4636 1671 4704 putarim,
1697 4647 1758 4692 ut

217 4735 401 4790 maio~
418 4733 736 4789 defunctum
788 4739 842 4785 et
895 4728 1047 4784 febre
1106 4742 1299 4797 purum
1337 4727 1470 4783 velit
1523 4728 1754 4786 dicere:

215 4836 336 4879 nam
351 4833 408 4879 et
433 4822 490 4881 bi
513 4821 774 4879 dicuntur
791 4820 1074 4888 ὑγιαίνειν,
1097 4816 1224 4872 licet
1249 4816 1320 4871 ad
1349 4816 1569 4885 plenum
1595 4818 1760 4873 robur

218 4912 409 4984 integri
436 4913 640 4983 vigoris
681 4910 921 4967 nondum
959 4905 1268 4964 conﬁrmati
1293 4906 1426 4970 sint,
1454 4907 1550 4962 sed
1579 4907 1759 4964 adhuc

217 5002 549 5073 debilitatem
578 5003 986 5057 imminutarum
1017 4997 1219 5054 morbo
1263 4997 1463 5053 virium
1497 4999 1759 5056 sentiant.

218 5093 292 5147 Ac
325 5091 470 5148 forte
502 5108 654 5149 more
681 5107 781 5148 suo
806 5091 1058 5162 llesycltii
1113 5089 1322 5160 glossas
1353 5089 1410 5143 in
1442 5089 1629 5147 animo
1665 5090 1761 5157 ita:

220 5181 400 5240 buerit
423 5183 784 5257 Pacbymeres
805 5183 921 5240 haec
938 5181 1205 5247 scribens,
1231 5180 1580 5250 ubilegerat.:
1602 5183 1757 5248 ἐξάν-

220 5290 336 5344 τη,,
373 5277 404 5328 6
425 5276 524 5344 τῆς
559 5276 712 5329 νόσου
743 5274 847 5340 ιξω
873 5273 971 5329 ὧν.
1003 5259 1107 5339 Qui
1153 5281 1336 5326 autem
1383 5288 1415 5326 e
1447 5274 1642 5328 morbo
1671 5290 1762 5331 re.

221 5375 342 5418 cens
361 5363 614 5433 emergit,
639 5362 839 5419 debilis
868 5363 1126 5419 videlicet
1151 5361 1545 5432 imbecillisque
1577 5363 1759 5421 adhuc

223 5464 321 5516 est,
345 5455 535 5524 quales
562 5462 679 5507 tum
715 5453 885 5509 videri
917 5461 1170 5523 poterant
1219 5451 1590 5508 Tocharon
1636 5454 1762 5510 Bul-

225 5545 364 5614 garis
388 5545 743 5600 ﬁnitimorum
771 5559 925 5614 opes,
954 5551 1141 5613 utpote
1165 5541 1266 5613 qui
1287 5542 1450 5613 paulo
1471 5553 1596 5600 ante
1619 5543 1762 5602 bello

229 5639 362 5696 inter
385 5654 448 5712 se
478 5637 646 5703 civili,
688 5637 920 5693 ducibus
943 5638 1073 5695 hinc
1099 5637 1291 5696 Tuctai
1334 5638 1461 5696 inde
1485 5638 1657 5710 Nega,
1691 5641 1757 5697 ad

1855 4464 2066 4511 tantum
2098 4463 2288 4509 auctor
2337 4455 2620 4529 meminit,
2656 4453 3083 4522 Moschamparis
3106 4449 3397 4529 cxcbarto-
3494 4440 3499 4444 ’

1855 4545 2099 4616 pbylacis
2151 4553 2208 4598 et
2253 4523 2854 4614 Quinqueecclesie'nsis
2913 4540 3195 4597 antistitis.
3247 4522 3391 4593 'Nam

1855 4651 1979 4692 cum
2033 4637 2370 4692 nominasset
2422 4637 2937 4707 iexuppuvtepivov
2982 4628 3392 4703 χαρτοφιῖλακα.

1856 4743 2001 4782 mox-
2026 4729 2306 4797 exponens
2340 4726 2464 4798 quis
2492 4726 2540 4782 is
2568 4735 2714 4782 esset
2758 4733 2816 4781 et
2855 4737 3018 4794 quam
3073 4719 3146 4776 ob
3175 4722 3397 4775 causam

1855 4821 2370 4891 ισκαμματισμένος
2415 4815 2714 4884 diceretur,
2772 4811 3144 4885 parenthesin
3197 4808 3401 4864 inserit

1855 4927 1963 4982 qua
2000 4897 2162 4967 docet
2208 4908 2668 4978 lloscbamparem
2720 4904 2897 4962 adicio
2940 4901 3398 4975 chartopliylacis,

1857 5004 2012 5072 prius
2033 5018 2193 5072 quam
2223 5001 2337 5056 bazc
2357 4985 2552 5075 fierent
2582 4997 2784 5071 quibus
2810 5010 2870 5050 se
2899 4993 3191 5050 narrandis
3218 4993 3403 5050 accin—

1856 5095 2044 5165 gebat.
2063 5094 2377 5156 decessisse,
2403 5092 2508 5146 hoc
2534 5092 2650 5160 ipso
2677 5089 2925 5144 indicans
2949 5087 3406 5158 inuppustepi-

1855 5204 1948 5240 νον
1973 5169 2358 5256 χαρέοφὺλακα
2397 5182 2485 5237 hic
2517 5196 2546 5236 a
2600 5195 2659 5235 se
2714 5179 2948 5248 positum
2983 5192 3086 5249 pro
3121 5180 3416 5234 excharto-

1861 5279 2087 5350 pbylace
2163 5277 2275 5332 sive
2340 5271 2758 5342 cbartopbylace
2820 5282 3215 5340 exauctorato.._
3262 5265 3405 5334 Quid

1861 5371 2088 5438 σκάμμα
2127 5365 2199 5420 sit
2256 5373 2312 5418 et
2372 5362 2504 5432 quid
2554 5363 2622 5414 vi
2673 5361 3022 5432 ἐσκαμμένα,
3057 5357 3264 5414 nemini
3322 5363 3410 5411 est

1861 5462 2104 5530 ignotum
2152 5471 2261 5511 non
2292 5456 2449 5525 plane
2483 5453 2772 5522 peregrino
2809 5454 2864 5507 in
2893 5452 3208 5510 Graecorum
3238 5447 3410 5503 libro-

1859 5529 1978 5606 rum
2013 5548 2267 5603 lectione.
2307 5543 2445 5610 Quid
2476 5553 2659 5599 autem
2694 5545 2783 5600 hic
2823 5529 3164 5599 comminisci
3211 5537 3408 5591 verisi-

1863 5641 2048 5698 milius
2096 5650 2384 5712 possumus
2424 5650 2587 5705 quam
2641 5636 2723 5692 vel
2762 5631 2981 5691 ﬂuxisse
3012 5628 3408 5699 Pacbymerens
