4038 6332
106 386 228 450 749

1475 387 1987 450 GLOSSARIUM.
2074 370 2078 375 ’

3225 395 3331 458 7ἱο

107 516 263 555 eum.
311 499 411 556 Ubi
462 499 637 556 obiter
672 498 951 557 habemus.
987 512 1095 555 non
1141 508 1505 555 memoratum
1549 500 1678 554 alibi
1705 503 1755 561 Α
1785 502 2031 579 [ιφ-στω.
2070 493 2281 565 Etenim
2317 492 2569 548 Sinarum
2624 511 2749 557 res.
2786 513 2953 567 quem
2997 498 3149 555 Kaau
3201 507 3333 560 vicit

103 595 479 662 magistratus
508 593 669 664 hujus
698 609 903 648 nomen
936 592 1359 664 ὑπεκκλησεονα.
1391 593 1466 648 De
1495 602 1679 665 etytuo

105 684 379 739 vocabuli
430 687 612 755 hujus,
639 685 743 741 nisi
804 693 890 740 est
924 701 953 740 a
988 686 1179 745 Latina
1242 700 1374 740 voce
1427 683 1673 750 cancelli,

105 775 266 829 unde
320 776 695 845 coiret-Uarium
740 777 940 833 merito
989 778 1373 849 Spelmaunus.
1410 778 1671 842 'dcducit,

106 868 396 921 rationem
434 868 663 938 originis
703 871 1003 939 explicans,
1036 868 1269 939 amplius
1313 868 1669 939 quaerendum

110 966 274 1025 puto.

184 1052 398 1118 κήνας.
422 1070 478 1125 p.
501 1056 623 1111 456.
656 1057 729 1111 De
760 1072 891 1113 voce
924 1059 1090 1119 Κάνις
1109 1068 1225 1123 aut,
1244 1068 1303 1112 ut
1331 1058 1459 1113 alibi
1488 1068 1677 1117 noster

116 1144 310 1200 scribit
359 1147 563 1215 Κάνης,
607 1150 717 1203 dixi
761 1151 1005 1219 quaedam
1057 1150 1332 1206 Glossario
1376 1150 1570 1219 priori.
1603 1150 1673 1205 lis

120 1248 261 1287 nunc
296 1236 413 1290 haec
438 1238 612 1291 balteo
638 1254 757 1308 quae
788 1238 1002 1293 addam.
1029 1238 1399 1293 Animadverti
1423 1240 1477 1292 in
1501 1239 1672 1293 Chro-

116 1328 240 1380 nico
264 1324 507 1381 Arabico
530 1329 937 1399 Abnlpbaragii,
958 1330 1101 1385 unde
1128 1330 1436 1383 universam
1456 1330 1669 1399 imperii

113 1411 493 1472 Tocharorum
531 1419 781 1490 Mognlici
827 1420 1259 1489 cbronologiam,
1294 1406 1578 1490 'quatenus
1602 1421 1670 1475 ad

118 1504 562 1579 Pachymcriante
632 1510 871 1566 historia
932 1511 1345 1567 illustrationctn
1400 1513 1667 1580 pertinet,

126 1597 348 1653 inferius
375 1598 517 1655 libro
535 1601 726 1655 harum
753 1601 1178 1656 Observationum
1199 1602 1252 1664 5,
1271 1615 1321 1655 c.
1346 1602 1376 1654 7
1403 1601 1667 1677 digeram,

120 1688 503 1754 animadverti,
555 1692 801 1759 inquam,
856 1692 1127 1761 duplicem
1174 1690 1227 1745 iu
1262 1706 1363 1747 usu
1398 1690 1665 1747 Orienta-

116 1778 245 1834 lium
290 1782 535 1850 gentium
583 1782 762 1836 aliinis
793 1782 915 1837 soni
967 1794 1152 1836 vocem
1192 1782 1364 1836 fuisse
1400 1798 1667 1851 suprema:

114 1869 468 1924 indicatiram
524 1872 824 1940 potestatis,
869 1886 1101 1941 quarum
1145 1871 1316 1926 altera
1362 1873 1668 1928 communis

114 1960 380 2016 Tocharis
433 1977 557 2016 cum
610 1963 1172 2019 Prmsteiannensibus
1218 1972 1277 2020 et
1320 1963 1667 2028 Sinensibus,

115 2051 215 2106 alia
267 2050 661 2122 .‘llogulensium
711 2054 816 2110 luit
867 2057 1110 2126 propria.
1160 2055 1334 2113 Voces
1390 2056 1473 2127 ha:
1538 2068 1669 2112 sunt

114 2139 265 2195 Clusa
294 2150 350 2195 et
377 2139 558 2198 Euan.
605 2142 793 2199 Priore
830 2145 1124 2216 insignitus
1178 2145 1381 2217 legitur
1409 2147 1504 2213 qui
1540 2147 1669 2202 ulti-

113 2246 236 2288 mus
290 2236 340 2288 ei
384 2233 603 2303 praefuit
661 2235 893 2306 imperio
932 2239 1079 2307 quod
1110 2238 1414 2309 presbyteri
1443 2238 1670 2295 Joannis

113 2323 533 2391 appellabatur;
582 2342 648 2381 ex
683 2328 839 2397 cujus
880 2328 1168 2390 eversione
1219 2330 1545 2400 biognlicum
1576 2346 1669 2385 or-

115 2421 225 2468 tum
288 2424 388 2470 est.
452 2414 642 2471 Refert
694 2418 841 2471 enim
885 2419 1315 2491 Abulpbaragins
1363 2430 1665 2475 extremum

114 2502 266 2558 illum
315 2502 575 2559 Joannem
617 2504 786 2561 fuisse
819 2507 1045 2576 proprio
1076 2509 1344 2564 vocabulo
1374 2510 1669 2579 (Iug-Char:

114 2591 467 2661 appellatum.
506 2590 658 2647 Hunc
710 2594 801 2664 qui
845 2596 1051 2651 occidit
1103 2598 1335 2668 ejusque
1380 2599 1669 2668 occuparit

118 2680 312 2735 solium
368 2679 677 2737 Tamuiimts
740 2685 989 2754 primum
1029 2687 1245 2751 dictus,
1290 2705 1431 2742 novo
1468 2691 1683 2746 deinde

119 2772 326 2828 adscito
358 2772 545 2842 (lingis
574 2774 780 2828 nomini
827 2774 1020 2829 Chattis
1067 2778 1557 2834 nomenclationem
1609 2790 1668 2835 ut

126 2864 267 2935 regni
301 2863 540 2920 indicem
568 2864 802 2928 addidit,
827 2865 1273 2923 Ginbiz-Chanes
1295 2880 1664 2947 nuncupatus.

129 2952 287 3024 llujaa
314 2954 458 3012 illius
495 2966 553 3011 et
582 2956 754 3012 haeres
789 2958 939 3026 prius
973 2969 1197 3015 vocatus
1253 2959 1430 3029 Oytai.
1460 2961 1665 3016 lt'aanir

123 3046 174 3099 in
225 3047 485 3117 auspiciis
533 3047 685 3119 regni
733 3050 1065 3104 vocabulum
1117 3050 1360 3119 accepit,
1412 3052 1556 3119 quod
1610 3062 1666 3106 ct

121 3135 326 3191 illustre
365 3138 608 3193 reddidit
651 3139 820 3208 gestis
850 3139 1012 3195 rebus
1043 3140 1397 3211 victoriisque
1422 3141 1664 3207 clarissi-
1690 3160 1733 3215 (ξ

123 3226 236 3281 mis.
265 3226 394 3285 Inde
423 3229 624 3285 factum
658 3242 789 3301 puto
819 3238 879 3286 ut
907 3230 1129 3300 quidam
1170 3232 1289 3301 ejus
1315 3242 1660 3301 posterorum

123 3331 314 3373 nomen
350 3317 484 3374 illud
540 3335 640 3390 pro
693 3322 847 3390 regni
886 3322 1084 3392 insigni
1134 3319 1479 3392 usurparent.
1533 3324 1663 3378 Dico

122 3408 339 3477 quidam
377 3428 391 3464 :
448 3425 551 3466 non
596 3411 744 3467 enim
773 3426 1000 3474 omnes,
1030 3428 1152 3467 cum
1199 3414 1291 3483 qui
1326 3416 1497 3470 Kaani
1536 3417 1664 3471 huic

127 3500 216 3565 ipsi
270 3504 485 3572 ἀμέσως
537 3502 805 3558 successit
850 3505 972 3573 ejus
1019 3503 1162 3558 illius
1194 3503 1503 3576 Cayuchns,
1539 3520 1661 3561 .uon

124 3588 337 3654 faunis,
366 3594 463 3647 sed
507 3590 706 3647 Chattis
737 3594 1090 3663 appendicem
1147 3595 1199 3647 iu
1226 3596 1440 3663 imperii
1476 3605 1659 3650 notam

129 3680 324 3743 privato
353 3680 556 3736 nomini
580 3683 889 3752 adjunserit
912 3681 1075 3753 690
1096 3693 1322 3737 vocatus
1348 3694 1663 3738 constanter

124 3768 518 3837 Cayucb-cban.
565 3771 780 3826 Primus
808 3771 903 3841 qui
928 3770 1186 3841 Cayuebo
1226 3771 1511 3827 decedenti
1542 3774 1657 3827 suf-

126 3852 292 3908 fectus
314 3865 412 3921 est,
446 3854 786 3911 blunkakatts
819 3871 927 3910 non
952 3855 1146 3923 Gitonis
1175 3856 1270 3911 sed
1305 3856 1659 3926 Κακὴ-θρὶ-

121 3945 301 3999 theton
333 3948 544 4002 ascivit.
604 3944 906 4003 Munkakao
942 3954 1161 4001 mortuo
1192 3955 1249 3999 et
1280 3945 1399 4017 ejus
1440 3961 1660 4002 ωηερε-

124 4038 264 4090 sione
289 4035 495 4090 incerta
522 4045 747 4105 propter
779 4031 973 4089 liublai
1010 4034 1350 4109 etAribugtc
1396 4036 1658 4091 candida-

124 4135 289 4181 torum
318 4129 528 4198 imperii
556 4143 651 4197 per
672 4126 1045 4196 duodeviginti
1074 4143 1248 4185 annos
1283 4128 1420 4184 bella
1452 4129 1655 4197 civilia,

124 4218 313 4274 ιιιιηω
359 4198 528 4275 frater
571 4218 883 4286 llunkaltai,
920 4217 1120 4274 missus
1161 4219 1368 4274 dudum
1398 4220 1466 4275 ab
1498 4235 1566 4276 eo
1599 4230 1659 4275 nt

120 4324 211 4377 pro
241 4328 300 4366 se
333 4323 594 4381 praeesset
641 4311 896 4369 Occiduis
939 4311 1155 4380 imperii
1212 4311 1495 4376 tractibus,
1529 4310 1654 4378 etsi,

122 4412 381 4466 umquam
431 4400 537 4454 rite
585 4400 761 4455 lectus
807 4409 901 4454 aut
934 4399 1290 4470 inauguratus
1320 4402 1651 4477 imperator,
1722 4444 1725 4445 ν

122 4485 252 4541 haud
298 4490 486 4542 obtine
516 4503 569 4555 e_
597 4489 877 4545 videretur
922 4506 1109 4547 verum
1150 4495 1241 4561 jus
1272 4493 1422 4562 regni
1461 4492 1641 4561 Mogu-
1682 4493 1726 4547 ο

121 4576 356 4642 Iensiutu,
392 4588 570 4633 tamen
598 4577 727 4649 quia
767 4580 835 4634 de
861 4580 1004 4635 facto
1035 4582 1126 4635 tali
1158 4592 1427 4650 potestate
1460 4581 1654 4651 funge-

120 4666 293 4730 batur,
315 4670 385 4724 ab
425 4670 830 4741 Abulpharagio
854 4672 1149 4741 aliquando
1191 4672 1500 4741 appellatur
1545 4672 1654 4725 llu-

120 4754 229 4810 lacu
278 4759 317 4815 ει
358 4744 536 4815 Citati.
587 4760 699 4816 lloc
753 4776 886 4817 vero
934 4772 1184 4825 mortuo,
1242 4761 1336 4816 ubi
1392 4760 1652 4831 legitimis

120 4851 381 4919 suffragiis
428 4856 608 4924 gentis
638 4855 966 4910 collocatum
1006 4853 1060 4907 in
1092 4852 1485 4922 Mogulensium
1514 4853 1653 4909 solio

121 4941 343 4997 Abakam
366 4943 570 4999 llnlacu
603 4944 772 4999 ﬁlium
798 4944 1241 5013 retulit,sentper
1273 4943 1426 4998 illum
1453 4943 1652 4998 deinde

121 5033 351 5088 Μαίη-ιι
382 5037 534 5090 Char:
584 5035 824 5091 Ahaltam
870 5036 1110 5091 Cbanetn
1155 5036 1423 5094 nominat.
1456 5045 1513 5089 ut
1542 5050 1653 5089 em-

122 5121 319 5187 phasim
348 5128 809 5198 αὐτοκρατορικῆς
859 5126 1188 5181 monarcbizc
1221 5126 1276 5179 in
1324 5140 1459 5182 voce
1502 5125 1651 5181 Chan

124 5224 218 5267 non
269 5218 489 5273 dubiam
553 5214 841 5288 agnoscat.”
880 5218 1128 5273 Casanen
1202 5215 1430 5281 deinde,
1486 5232 1649 5286 quem

124 5301 463 5373 l'acltymcres
488 5288 726 5363 celebrat
757 5307 1062 5378 principum
1096 5312 1345 5359 veterum
1377 5304 1431 5359 in
1463 5306 1652 5374 paucis

124 5390 399 5449 Mestrium
452 5398 801 5453 ambitiosum
844 5398 1240 5455 cernulatorem,
1274 5394 1431 5449 facile
1470 5396 1653 5450 credi-

123 5482 279 5538 derirn
311 5486 514 5541 lt'aunia
547 5488 770 5543 secundi
807 5505 918 5541 sue
946 5486 1123 5557 gentis
1162 5485 1321 5554 longe
1361 5485 1647 5540 clarissimi

128 5577 412 5632 ηιειιιειΐριῑίιε
438 5592 740 5645 cognomen
776 5580 958 5648 potius
980 5585 1196 5645 optasse
1231 5582 1394 5644 quam
1434 5574 1647 5636 Chan‘s,

125 5665 254 5729 «εἶπαι
290 5666 338 5720 in
377 5683 555 5747 rcges,
579 5682 796 5737 quinque
823 5683 933 5723 sure
968 5667 1150 5738 gentis
1196 5680 1302 5719 non
1338 5665 1651 5719 laudatissi-

127 5770 232 5810 n.os
266 5760 536 5829 vulgatum
564 5767 617 5812 ct
650 5757 705 5812 in
734 5759 860 5815 aliis
896 5761 1117 5830 insuper
1138 5758 1353 5828 populis
1386 5758 1645 5811 usitatum

1780 585 1859 658 [P.
1918 584 2040 656 486]
2088 594 2145 640 et
2189 587 2254 639 ad
2311 600 2501 639 necent
2552 589 2697 642 ultro
2736 590 2840 646 sibi
2887 594 3331 652 consciscendam

1776 678 1973 749 adegit,
2010 677 2345 734 Alton-Citati
2377 684 2689 735 nominatus
2738 683 2990 739 traditur.
3038 686 3163 742 llaec
3205 704 3330 745 rum

1777 769 1849 823 ita
1883 770 2427 840 sint,Pachymeres,
2459 772 2537 824 ttti
2569 781 2624 824 ct
2652 773 2803 825 multi
2857 775 2947 828 alii
3002 777 3326 847 scriptores,

1772 875 1841 941 es
1876 858 2019 914 Chan
2043 873 2100 914 et
2124 862 2278 913 Kaan
2300 860 2516 913 unicam
2549 860 2853 917 eonﬁat-unt
2886 865 3326 934 appellationem,

1773 952 2092 1041 Tatarornm
2120 992 2138 1017 ,
2179 962 2237 1007 ut
2287 963 2480 1032 putant
2509 956 2545 1015 ,'
2587 955 2916 1025 peculiarem
2978 960 3323 1028 principum,

1773 1059 1899 1096 eum
1960 1053 2140 1098 tamen
2174 1043 2265 1105 sit,
2304 1060 2427 1100 meo
2471 1044 2703 1114 judicio,
2739 1048 3107 1104 verisimilius
3136 1064 3327 1130 vocem

1773 1133 1991 1200 quidem
2049 1134 2206 1188 Kaan
2245 1139 2524 1213 propriam
2561 1136 2737 1206 gentis
2791 1126 3072 1207 Mogulicze
3124 1126 3326 1206 fuisse,

1772 1225 1919 1280 cm
1965 1234 2155 1281 autem
2179 1227 2498 1305 Sinensibos
2535 1228 2726 1282 saltem
2762 1238 2819 1283 et
2846 1230 3329 1289 Praesteiannensi-

1773 1320 1895 1380 bus.
1934 1319 2179 1376 fortaSsis
2232 1321 2397 1376 etiam
2445 1332 2502 1375 et
2535 1321 2659 1376 aliis
2706 1322 2985 1377 interioris
3017 1323 3155 1379 Asia:
3199 1340 3329 1394 gen-

1772 1411 1906 1465 tium
1936 1411 2181 1484 dynastis
2209 1413 2378 1468 tribui
2411 1424 2675 1484 praeterea
2705 1413 2878 1469 fuisse
2907 1414 3149 1470 solitam.

1842 1547 2125 1617 Κάραϐος,
2159 1565 2213 1619 p.
2258 1549 2383 1604 2H.
2413 1548 2716 1621 Hesychius
2745 1509 3042 1621 xdpaBeva
3074 1549 3325 1608 liacch-

1742 1704 1745 1708 ⁴
1770 1639 2057 1694 nibusdici
2087 1641 2163 1713 ait
2192 1640 2388 1711 πύλην.
2429 1640 2555 1696 Haec
2585 1642 2699 1696 sola
2728 1656 2758 1697 e
2780 1642 2968 1698 multis
2993 1642 3159 1716 hujus
3180 1644 3329 1699 vocis

1772 1730 2090 1787 tiotionibus
2137 1732 2242 1787 huc
2288 1736 2545 1802 quadrat,
2570 1732 2701 1795 dum
2735 1749 2801 1788 ea
2840 1749 2940 1804 pro
2971 1745 3165 1802 natura
3194 1735 3325 1791 sub-

1763 1820 1921 1889 jectae
1959 1823 2037 1876 rei
2072 1822 2407 1889 significatus
2445 1837 2698 1893 putemus
2741 1826 2922 1880 exitus
2952 1826 3168 1895 paludis
3209 1827 3327 1883 sive

1770 1913 1986 1969 canales
2014 1915 2178 1969 certis
2205 1915 2340 1970 locis
2368 1915 2615 1971 defossos
2633 1927 2689 1973 et
2728 1902 2855 1972 hinc
2882 1916 3008 1972 inde
3028 1919 3192 1989 tignis
3214 1920 3324 1973 alte

1768 2005 1889 2060 lixis
1924 2008 2167 2062 munitos
2204 2007 2272 2062 ad
2316 2023 2514 2079 aquam
2558 2009 2963 2085 co‘rrivandam.
3001 2008 3206 2065 llorum
3233 2026 3327 2064 ca-

1769 2098 1879 2168 pita
1905 2084 2171 2168 exstantia
2200 2090 2469 2169 tignorum
2488 2084 2723 2168 primum
2755 2098 3063 2155 devinxisso
3088 2100 3322 2155 invicem

1732 2186 1966 2250 'valittis
2021 2187 2245 2241 funibus
2315 2188 2817 2257 Pbilanlhropenus
2883 2190 2973 2246 hic
3038 2199 3321 2252 narratur.

1768 2276 1964 2331 deinde
2019 2268 2336 2333 instravisse
2396 2279 2727 2334 transversis
2760 2280 2994 2343 tabulis,
3048 2290 3161 2336 tum
3220 2281 3325 2337 hoc

1767 2367 1927 2439 plano
1959 2384 2059 2438 pro
2107 2369 2277 2424 fundo
2310 2384 2438 2425 usus
2468 2370 2724 2425 turribus
2752 2372 3034 2436 tollendis.
3064 2389 3096 2429 e
3121 2375 3323 2445 quibus

1767 2471 1946 2511 arcem
1972 2468 2332 2528 oppugnaret.
2370 2458 2486 2514 Non
2516 2474 2603 2514 tne
2636 2460 2837 2516 latebat
2872 2476 2997 2516 cum
3029 2462 3147 2526 haec
3180 2466 3322 2519 scri-

1768 2548 1953 2614 berem
1988 2549 2230 2618 κάραὸον
2260 2563 2452 2605 narem
2481 2566 2696 2620 quoque
2724 2552 3059 2623 significare.
3089 2552 3224 2611 Nam
3265 2563 3323 2609 et

1766 2639 1897 2693 alibi
1927 2638 2068 2694 hanc
2096 2634 2415 2715 usurpatam
2439 2658 2469 2696 a
2500 2640 2834 2712 Paehymere
2868 2656 3054 2706 vocem
3088 2644 3169 2697 sic
3198 2659 3319 2698 sum

1766 2724 2181 2795 interpretatus.
2214 2728 2342 2783 Ideo
2385 2738 2564 2783 tamen
2604 2730 2735 2785 tnibi
2787 2731 2967 2787 minus
3018 2732 3322 2792 verisimile

1767 2818 1943 2872 visum
1987 2828 2094 2882 est,
2122 2818 2172 2871 id
2213 2820 2534 2897 vocabulum
2578 2824 2681 2875 isto
2705 2822 2826 2877 loco
2859 2840 2888 2893 a
2922 2833 3110 2878 nostro
3139 2822 3320 2879 histo-

1764 2908 1879 2962 rico
1914 2908 1967 2963 in
2002 2909 2104 2964 hac
2149 2909 2356 2980 vulgari
2382 2914 2609 2967 notione
2635 2923 2976 2983 usurpatum,
2999 2915 3145 2985 quod
3167 2919 3322 2972 navi-

1765 2999 1938 3060 culas.
1971 2986 2382 3069 quantumlibet
2428 3002 2570 3057 inter
2618 3019 2677 3057 se
2716 3006 2961 3075 vinctas,
3008 3006 3321 3067 innatantes
3380 3062 3387 3075 ,

1765 3100 1975 3159 stagno.
1996 3105 2187 3159 parum
2213 3092 2448 3145 solidum
2471 3091 2698 3147 fundum
2729 3095 3097 3153 existimarem
3118 3099 3322 3167 polior-

1762 3180 2273 3237 ceticis'nmchinis
2327 3183 2681 3248 sustinendis,
2740 3196 2904 3255 prout
2953 3187 3157 3245 factum
3207 3190 3320 3247 illic

1766 3280 2044 3323 narratum
2094 3271 2277 3345 exigit.
2316 3271 2453 3336 Quia
2506 3288 2680 3338 tamen
2708 3277 2954 3346 exempla
2984 3262 3320 3336 Minucium

1768 3359 2034 3429 μοσύνων,
2070 3361 2470 3415 οῡδὶιιὶυιιιειωιι
2497 3366 2747 3432 turrium,
2779 3375 2834 3421 et
2853 3370 3231 3425 machinarum
3265 3371 3319 3426 id

1764 3463 1958 3517 genus,
1999 3450 2324 3519 ἑλεπόλεων,
2360 3455 2590 3523 navibus
2637 3456 3019 3526 impositorum
3049 3450 3107 3523 in
3140 3474 3319 3530 oppu-

1760 3540 2109 3606 gnationibus
2164 3540 2490 3597 littoralium
2541 3546 2792 3609 arcium;
2836 3546 2895 3602 si”
2934 3548 3023 3617 cui
3077 3549 3320 3618 pruden-

1764 3629 1888 3682 tiori
1941 3644 2026 3683 me
2075 3631 2269 3705 lectori
2309 3634 2648 3702 pracferenda
2697 3632 2979 3693 videretur
3011 3638 3318 3709 simplicior

1758 3718 1916 3790 εει
1968 3729 2023 3774 et
2076 3722 2247 3791 magis
2291 3714 2586 3801 obvia‘loei
2635 3725 2757 3795 ejus
2786 3712 3106 3799 expositio,
3146 3729 3318 3785 inter-

1760 3808 2119 3878 pretationem
2156 3811 2302 3864 illam
2330 3826 2503 3867 meam
2546 3808 2602 3867 in
2637 3814 2784 3889 hunc
2818 3815 3040 3872 modum
3069 3819 3341 3885 relictam'

1760 3899 1851 3953 hic
1898 3900 2093 3954 habeat
2125 3920 2138 3955 :
2172 3917 2270 3971 pro
2306 3902 2461 3958 hisce
2509 3900 2713 3963 Graecis
2755 3905 3104 3980 Pacbytncris
3126 3912 3314 3968 verbis

1760 4005 1884 4059 pag.
1916 3989 2015 4044 9H
2078 4006 2092 4042 :
2165 3991 2437 4063 Ἐπισχὼν
2476 3995 2599 4077 rei);
2648 3995 2747 4064 τῆς
2797 3996 2992 4070 λίμνης
3039 4001 3317 4069 καράσους

1760 4080 1940 4134 συνδεῖ
1997 4083 2225 4151 σχοίνοις
2245 4124 2260 4149 ,
2311 4087 2403 4139 καὶ
2433 4084 2561 4151 ξύλα
2598 4088 2829 4156 μέγιστα
2854 4080 3018 4155 ἐνιεὶς
3050 4093 3137 4146 ἐπ’
3169 4093 3315 4147 ἐκεῖ·

1759 4191 1864 4225 νων
1903 4176 2368 4241 κατασκευάζεται
2400 4182 2671 4247 μόσυνας-ς
2713 4180 2827 4236 ιιωο
2864 4183 2919 4237 in
2958 4180 3153 4239 Latina
3190 4201 3315 4242 ver-

1759 4260 1914 4317 sione
1931 4263 2333 4322 substituantur
2358 4284 2371 4321 :
2397 4269 2668 4337 Arreptar,
2686 4286 2802 4339 qua:
2817 4273 2870 4326 in
2889 4282 3076 4344 stagno
3093 4286 3316 4346 reperta:

1756 4356 2165 4426 aunt,:ﬁrymbaa
2210 4358 2416 4426 funibus
2459 4360 2706 4432 colligat;
2763 4374 2810 4417 et
2854 4363 3198 4437 (igniaauper
3225 4384 3314 4423 eas

1759 4447 2036 4499 constratis
2098 4448 2367 4512 maximis,
2415 4456 2585 4505 turres
2631 4454 2686 4504 in
2718 4467 2778 4506 eo
2817 4452 3073 4523 tabulato,
3101 4467 3158 4533 et
3198 4457 3314 4511 nta-

1754 4540 1934 4592 chiua’s
1974 4546 2248 4594 construit.
2288 4544 2467 4612 Atque
2512 4528 2650 4599 hanc
2682 4546 2915 4616 ingenue
2938 4528 3133 4611 fateor.
3163 4564 3310 4604 nunc

1759 4627 1890 4680 mihi
1924 4627 2378 4683 verosimiliorem
2402 4631 2574 4687 videri
2605 4634 2967 4705 sententiam;
2999 4651 3065 4690 ex
3086 4651 3152 4690 eo
3172 4650 3311 4705 pra:-

1754 4716 1943 4770 sertim
1994 4712 2140 4786 quod
2164 4710 2167 4713 ’
2190 4719 2554 4793 Pachymeres
2572 4726 2751 4780 statim
2797 4725 2984 4792 addat,
3013 4726 3081 4778 τὰ
3106 4720 3152 4780 δ’
3172 4724 3307 4780 ἄλλα

1755 4806 1911 4859 πλοῖα
1938 4793 2251 4877 πληρὡσνις.
2279 4810 2384 4866 lsta
2427 4814 2575 4868 enim
2605 4814 2834 4868 aliarum
2860 4815 3072 4869 navium
3098 4815 3306 4873 mentio

1755 4896 1889 4950 satis
1935 4898 2161 4961 indicat.
2212 4894 2434 4970 putasse
2481 4903 2682 4971 ipsum,
2718 4903 2989 4972 καράϐους
3060 4918 3302 4975 quoque,

1753 5000 1889 5053 quos
1937 4989 2099 5055 paulo
2145 4997 2272 5044 ante
2306 5001 2807 5064 memoraverat,ex_
2841 4992 3034 5045 eodem
3100 4994 3303 5050 πλοίων

1754 5078 1870 5129 sive
1904 5079 2240 5149 navigiorum
2277 5095 2476 5150 genere
2517 5095 2657 5136 esse.

1825 5210 2080 5277 Καρπός,
2129 5226 2184 5278 p.
2240 5211 2364 5266 HG.
2409 5212 2521 5266 Vox
2580 5211 2792 5282 καρπός
2839 5212 2930 5268 hic
2979 5214 3035 5269 in
3081 5218 3304 5273 notione

1752 5299 1970 5367 qualem
2002 5301 2131 5354 alibi
2160 5303 2411 5371 nuspiam
2460 5303 2881 5359 observaveram
2917 5309 3161 5377 ponitur,
3184 5311 3301 5366 folii
3351 5361 3359 5368 .

1756 5392 2002 5457 paginam
2040 5393 2321 5469 indicans,
2358 5393 2678 5463 metaphora
2726 5394 2995 5467 nimirum
3026 5402 3298 5470 populari,

1753 5481 1896 5547 quali
1947 5483 2106 5551 volgo
2156 5483 2210 5536 in
2252 5483 2422 5537 Gallia
2474 5498 2671 5555 scapus
2698 5486 2903 5544 chartae
2932 5491 3114 5546 vocari
3163 5493 3303 5545 solet

1757 5576 2031 5645 une‘maiu
2070 5574 2133 5624 de
2185 5575 2389 5643 papier.
2416 5574 2513 5631 Est
2560 5580 2769 5645 καρπός
2790 5580 3051 5648 junctura
3094 5580 3305 5638 brachii

1754 5654 1877 5716 cuni
1909 5678 2092 5727 manu,
2129 5665 2327 5733 ἄρθρων
2367 5668 2548 5737 χειρὸς
2584 5669 2676 5721 καὶ
2703 5669 3007 5738 βραχίονος,
3035 5677 3095 5723 ut
3125 5670 3307 5740 loqui-

1756 5763 1845 5807 tur
1890 5755 2228 5823 Aristoteles,
2264 5772 2299 5810 tt
2335 5756 2408 5811 De
2443 5772 2585 5828 part.
2620 5760 3099 5833 animoLApparet
3124 5772 3312 5820 tamen
