4038 6332
683 242 793 309 ’155

1573 254 1632 316 Ρ.
1679 254 1984 319 POSSINI
2024 257 2673 322 OBSERVATIONUM
2735 259 2882 321 LlB.
2927 259 2978 322 Ι.

3787 252 3916 322 756

683 373 795 444 quo
826 368 942 444 tuto
979 357 1296 428 deportatus
1343 362 1413 416 sit
1453 363 1745 435 Nymphaeo
1772 367 2232 444 Constantinopo—
2260 369 2305 429 Α
2332 369 2584 426 tinaciter
2635 370 2691 426 in
2741 369 3010 426 sententia
3059 367 3396 424 bzerentibus
3446 366 3609 440 vulgo
3637 368 3909 438 appeliao

684 440 801 515 lim,
829 438 964 503 citra
995 447 1227 516 vincula,
1258 453 1756 526 Porpliyrogenitus
1847 466 2004 528 septo
2041 438 2229 526 probi-

682 535 833 592 bitus
889 538 1148 609 effugere,
1199 555 1476 613 utcunque
1517 548 1723 601 catenis
1777 547 1938 602 liber.
1996 548 2231 618 Reperio

683 637 863 684 tamen
893 629 959 683 ad
1003 632 1287 686 mulierum
1317 650 1495 697 usum,
1525 652 1660 704 quas
1693 638 1907 691 clausas
1948 638 2134 710 hri-beri
2161 639 2229 692 ad

679 733 843 773 sexus
873 719 1136 774 honorem
1164 724 1419 790 pertinet,
1449 725 1754 780 adhibitum
1786 729 2026 796 carpenti
2060 734 2231 797 genus

679 809 909 861 κλουϐόν
937 822 1331 881 nuncupatum,
1353 814 1610 869 cancellis
1649 816 1904 869 videlicet
1935 819 2228 871 munitum.

679 898 735 978 id
762 899 918 954 docet
953 891 1192 956 Joannes
1227 903 1475 964 Tzetzes,
1522 905 1651 956 dum
1697 903 1944 958 Chiliade
1973 919 2021 968 ν,
2055 923 2086 974 p
2137 905 2228 970 9'),

674 990 764 1044 ed.
811 991 972 1046 llasil.
1026 1009 1114 1045 an.
1174 992 1311 1047 “iiii
1367 994 1433 1046 de
1484 995 1599 1047 avia
1650 1010 1745 1048 sua
1798 982 2085 1057 iuemorat,
2115 997 2229 1064 pari

674 1095 793 1136 eam
833 1083 1000 1137 fuisse
1039 1084 1248 1137 honore
1303 1084 1579 1152 dignatani
1634 1100 1758 1138 cum
1818 1086 1923 1140 alia
1967 1087 2230 1155 primaria

634 1188 635 1191 ‘
675 1170 895 1238 femina,
925 1171 976 1225 iu
1004 1176 1257 1228 eumdem
1292 1188 1415 1227 cum
1456 1171 1545 1227 illa
1588 1170 1966 1238 x}.oo€~5v,'hoc
1995 1189 2079 1230 est
2112 1193 2230 1230 mu-

673 1260 848 1314 liebre
877 1271 1192 1328 carpentum
1234 1263 1489 1318 cancellis
1518 1265 1866 1327 clathratum,
1894 1265 2229 1334 impositam.

677 1351 1028 1416 lstan‘ienint,
1058 1353 1111 1406 ni
1138 1353 1315 1415 fallor.
1350 1346 1516 1408 habet
1545 1357 1870 1410 sententiam
1904 1358 1991 1411 ille
2017 1357 2231 1412 'l‘zetzis

676 1457 865 1496 VCI'SUS
894 1460 906 1495 ἶ
1163 1457 1167 1462 ’

757 1578 1034 1645 Ἰτοτιμῶν
1073 1579 1168 1630 ml.
1210 1578 1462 1647 τῷ-αὖτῷ
1519 1578 1731 1644 κὶουὸᾦ
1788 1580 2225 1648 συνεμϐιὸἀζων.

745 1712 1128 1779 Κομμέρκιον,
1168 1728 1288 1781 pag.
1342 1711 1467 1768 “8.
1518 1716 1921 1768 Corumcrcium
1974 1714 2222 1768 Latinam
2258 1707 2294 1759 Β

669 1819 857 1857 vocem
901 1803 1131 1860 Grzecis'
1159 1806 1261 1858 hoc
1320 1805 1440 1859 loco
1486 1807 1746 1873 scriptam
1785 1797 1984 1860 litteris
2037 1817 2229 1861 auctor

669 1896 917 1959 adhibet,
956 1901 1021 1950 ex
1060 1897 1231 1951 multo
1261 1897 1471 1951 scilicet
1500 1912 1621 1950 cum
1664 1896 2047 1952 Genuens‘hus
2077 1898 2225 1952 Lati-

668 1988 756 2042 nis
785 2002 884 2042 usu
915 1986 1125 2042 Grauis
1161 2003 1381 2056 quoque
1417 1987 1732 2060 Byzantinls
1770 1990 2046 2042 usitatam.

739 2077 821 2148 [P.
851 2077 976 2148 690]
1013 2077 1249 2132 Κόκπιιοι.
1305 2078 1360 2130 lu
1415 2079 1580 2148 priori
1625 2079 1899 2132 Glossario
1931 2080 2074 2146 quod
2109 2079 2221 2133 dixi

665 2170 731 2221 ad
766 2167 869 2220 hoc
901 2168 1247 2229 vocabulum,
1290 2168 1560 2223 confessio
1612 2170 1792 2238 potius
1820 2169 1924 2223 fuit
1958 2170 2219 2234 ignozan-

667 2260 757 2312 tite
821 2274 953 2313 mea!
1006 2274 1166 2328 quam
1220 2252 1368 2311 vocis
1416 2261 1704 2326 proposita:
1752 2257 2065 2313 der-laratio.
2103 2259 2217 2324 Lirx

662 2349 861 2403 deinde.
888 2349 1020 2403 inibi
1051 2348 1296 2418 quaedam
1330 2365 1357 2402 a
1391 2350 1549 2401 caecis
1575 2348 1800 2403 affulsit.
1833 2338 2217 2417 (leniet-turam

665 2441 793 2496 inde
829 2442 1043 2495 ductam
1078 2441 1165 2495 hic
1195 2440 1427 2495 obnoxie
1470 2449 1723 2508 "propono
1767 2440 2048 2507 prudentis
2071 2440 2219 2508 judi-

666 2533 751 2586 eio
794 2532 1032 2593 lectoris,
1070 2531 1239 2585 ct'de
1267 2547 1328 2583 re
1379 2531 1490 2598 ipsa
1533 2541 1588 2584 et
1636 2519 1701 2583 de
1747 2530 2212 2597 susgiicinnemea

666 2623 886 2691 plenum
945 2610 990 2676 ei
1033 2613 1319 2675 arbitrium
1366 2611 1630 2675 tribuens.
1679 2623 1812 2674 Cum
1873 2622 2104 2690 legerem
2158 2621 2211 2673 in

666 2712 768 2766 bac
817 2713 1051 2766 secunda
1089 2711 1327 2765 historia:
1376 2713 1814 2781 Paeltymerianre
1857 2726 2029 2780 parte.
2065 2714 2102 2765 l.
2137 2729 2206 2776 iv,

659 2820 709 2858 c.
738 2803 796 2864 2,
827 2805 1024 2872 saepius
1071 2802 1358 2856 memorari
1412 2805 1644 2870 τυφλοὺς
1681 2804 1964 2871 μοναχούς,
2003 2804 2054 2856 in
2089 2817 2206 2854 eam

659 2894 979 2963 opinionem
1014 2909 1132 2948 sum
1186 2895 1480 2963 ingressus,
1517 2894 1734 2948 eosdem
1773 2895 1883 2946 illic
1914 2893 2206 2962 significari

658 2985 751 3054 qui
802 2986 911 3040 vol.
971 2987 1014 3049 Ι,
1053 3001 1085 3055 ρ
1124 3003 1172 3054 ς.
1205 2987 1328 3050 489,
1391 2971 1578 3039 κόκκοί
1627 2987 1848 3055 μονοχῡί
1904 3001 1931 3038 a
2003 2985 2206 3054 Pachy-

659 3093 808 3132 tnere
867 3073 1151 3131 vocanttrr.
1208 3078 1366 3131 Certe
1423 3089 1533 3131 toto
1591 3079 1683 3132 illo
1743 3079 1917 3146 capite
1958 3060 2221 3143 exempla

657 3168 1082 3223 excazcationum
1139 3168 1435 3222 crudeliter
1487 3169 1673 3222 multis
1705 3169 1974 3221 iilatarunr
2003 3183 2204 3237 conge-

661 3268 863 3312 runtur
917 3259 1128 3325 multa;
1165 3269 1283 3327 post
1334 3269 1454 3328 quae
1489 3259 1671 3313 subdit
1700 3268 1888 3328 auctor
1914 3259 2014 3312 sub
2044 3257 2203 3311 finem

657 3352 852 3421 capitis
878 3366 930 3403 v.
974 3349 1039 3404 16
1070 3366 1081 3400 :
1139 3349 1387 3412 Κόκκους
1411 3349 1467 3402 δὲ
1495 3351 1758 3418 μοναχῶς
1788 3349 1881 3400 καὶ
1921 3349 2047 3410 τοὺς
2083 3349 2205 3398 κατ’

657 3444 861 3494 ἐκεῖνον
893 3439 985 3492 ἐῶ.
1011 3438 1109 3494 Ubi
1150 3439 1374 3494 relativo
1403 3440 1611 3492 ἐκεῖνον
1641 3439 1911 3508 indigitari
1939 3437 2205 3506 ve|696

657 3535 869 3602 καιρόν,
897 3540 1110 3598 tempus
1139 3531 1392 3582 nimirum
1430 3532 1582 3600 prius
1612 3530 1742 3584 illud
1770 3529 2070 3583 exorientis
2098 3529 2198 3579 Ar-

655 3621 864 3676 seniani
894 3620 1225 3681 scbisamtis,
1260 3621 1343 3672 vel
1370 3620 1547 3689 ipsum
1577 3622 1693 3690 ejus
1721 3613 2033 3674 seliismatis
2067 3634 2194 3672 cau-

653 3730 766 3770 sam
788 3720 881 3765 aut
910 3720 1231 3783 pra‘textum
1253 3699 1688 3779 expatriareham
1717 3710 2024 3774 Arsenium,
2048 3709 2199 3762 credi

654 3806 878 3876 poterit.
910 3806 1200 3876 Comparat
1224 3804 1370 3857 enim
1407 3798 1568 3854 tacite
1600 3799 1893 3853 historicus
1923 3798 2029 3851 duo
2063 3808 2202 3852 tem-

652 3915 805 3969 pora,
853 3901 1051 3968 quibus
1086 3896 1319 3951 similem
1369 3891 1741 3962 impotentiam
1793 3889 2050 3944 smviendi
2105 3887 2200 3942 bli-

649 3990 802 4044 cbael
859 3989 1156 4057 imperator
1214 3984 1533 4046 ostenderit,
1570 3984 1719 4054 prius
1766 3982 2059 4035 exorientis
2096 3981 2198 4035 sub

650 4078 1019 4148 patriarcbatu
1053 4075 1275 4143 Josepbi
1312 4076 1622 4128 Arscniana:
1676 4074 1961 4129 factionis.
2005 4083 2194 4126 aucto-

649 4171 800 4224 ribus
853 4169 1083 4221 maxime
1134 4168 1454 4229 monachis;
1511 4167 1565 4219 in
1619 4183 1756 4236 quos
1803 4168 1924 4221 ideo
1962 4166 2192 4234 impulsu

643 4258 890 4329 Josepbi,
922 4260 1075 4328 jussu
1106 4257 1352 4324 Augusti,
1377 4252 1642 4326 Georgius
1667 4257 1975 4325 Acropolita
2012 4257 2197 4309 imma-

2334 465 2555 529 bantur,
2594 465 2782 517 κόκκοι
2813 461 3055 534 μοναχοι,
3103 476 3228 517 cum
3280 461 3442 516 laude
3483 476 3549 516 ac
3601 476 3909 517 commen-

2331 555 2551 610 datione
2598 564 2853 623 tanquam
2907 552 3248 608 confe’ssores
3274 554 3545 610 celebrari
3575 553 3644 608 ab
3673 553 3761 607 bis
3799 565 3905 606 εο-

2331 648 2478 709 litos.
2509 644 2774 701 vocabulo
2806 643 3272 700 videlicetLatino
3300 645 3442 709 circi,
3473 653 3532 696 ut
3565 643 3670 697 alia
3711 642 3906 697 multa

2331 756 2427 809 per
2480 740 2531 793 id
2568 747 2785 808 tempus
2814 737 3012 792 Graeca:
3063 736 3237 808 plebis
3278 751 3380 790 usu
3439 735 3788 804 frequentata
3841 744 3907 789 et

2329 847 2588 901 expresso
2639 829 2841 885 Grmcis
2873 829 3110 892 litteris;
3172 840 3230 884 ut
3274 828 3413 882 forte
3447 827 3734 899 legendum
3764 827 3904 900 illic

2331 924 2402 976 sit
2439 924 2643 981 xaixot,
2673 930 2770 974 aut
2796 921 2946 990 juxta
2972 919 3298 988 scripturam
3331 917 3515 973 multis
3559 917 3899 972 Latinorum

2335 1015 2585 1069 usitatam
2622 1015 2817 1078 κοῖκοι,
2862 1012 3007 1080 quod
3062 1013 3285 1081 propius
3351 1029 3380 1067 a
3433 1013 3636 1080 zdxxot',
3675 1012 3901 1091 aberit.

2330 1106 2533 1161 Caecum
2563 1107 2708 1162 enim
2741 1120 2838 1176 per
2866 1091 3263 1173 diphthongum
3307 1119 3352 1157 te
3409 1118 3439 1158 a
3495 1106 3682 1158 multis
3737 1104 3902 1158 Lati-

2330 1214 2565 1262 norum,
2631 1196 2955 1250 vorabulum
3031 1194 3214 1264 τυφλῷ
3260 1193 3450 1249 Gneco
3497 1194 3846 1262 respondens
3881 1233 3898 1256 ,

2330 1284 2496 1344 scribi
2531 1289 2586 1343 in
2620 1303 2727 1343 non
2774 1287 2958 1357 paucis
2990 1285 3281 1355 hodieque,
3316 1294 3376 1339 ut
3425 1275 3530 1338 non
3563 1287 3736 1346 dicam
3771 1284 3902 1353 plc-

2330 1378 2533 1447 risque,
2586 1377 2750 1431 etiam
2809 1374 3030 1444 antiqua
3084 1376 3321 1428 exaratis
3371 1387 3574 1434 manu.
3635 1372 3900 1426 cernitur

2329 1469 2504 1523 libris.
2552 1467 2667 1534 Qua
2720 1466 3007 1523 occasione
3064 1481 3172 1519 non
3229 1466 3462 1520 verebor
3515 1464 3701 1519 dicere
3742 1463 3900 1517 forte

2331 1561 2488 1613 istam
2518 1557 2971 1622 emendatiorem,
3000 1565 3185 1627 utpote
3215 1555 3768 1610 accommodatiorem
3813 1555 3892 1608 ad

2327 1659 2591 1719 etymuin,
2626 1649 2990 1718 scriptionem
3029 1662 3172 1702 esse.
3224 1646 3395 1700 Video
3429 1648 3922 1700 accuratissimus

2328 1729 2712 1810 grammaticos
2763 1740 2993 1793 multum
3047 1754 3104 1793 se
3149 1749 3513 1806 contorquere
3571 1738 3625 1791 in
3667 1737 3896 1806 disqui-

2330 1832 2498 1886 renda
2529 1831 2771 1900 origine
2830 1829 2980 1884 vocis
3046 1845 3230 1883 cattus.
3287 1828 3549 1890 Isidorus,
3589 1828 3847 1896 Perottus
3873 1868 3890 1888 .

2327 1921 2700 1993 Decenibrius,
2740 1919 2892 1974 relati
2939 1935 2970 1973 a
3022 1918 3214 1974 Vossio
3246 1919 3300 1972 in
3332 1933 3432 1975 suo
3462 1917 3892 1972 accuratissime

2325 2013 2715 2085 Etymologico,
2771 2029 2979 2069 ca'cum,
3017 2027 3116 2080 per
3152 2027 3199 2066 ar
3249 2010 3555 2065 scribentes
3587 2027 3616 2063 a
3648 2013 3886 2064 carendo

2321 2119 2418 2162 aut
2450 2108 2700 2175 capiendo
2759 2105 2965 2161 dictum
3014 2113 3338 2167 autumant,
3401 2103 3546 2171 quod
3604 2101 3878 2156 nimii-una

2320 2204 2496 2249 carem
2514 2203 2609 2250 aut
2635 2201 2819 2264 captus
2851 2194 2917 2246 sit
2939 2192 3134 2251 oculis.
3155 2191 3298 2260 quqd
3331 2200 3390 2243 ut
3427 2190 3584 2259 longe
3615 2189 3880 2257 petitum,

2320 2286 2503 2341 nullus
2543 2298 2652 2338 non
2698 2268 3054 2354 emunctioris
3114 2281 3278 2350 paulo
3332 2282 3483 2335 naris
3535 2270 3880 2333 transmittat

2319 2375 2508 2432 lector.
2548 2372 2834 2428 hlartinius
2889 2380 3171 2442 postquam
3211 2385 3243 2424 a
3287 2369 3474 2424 Graeco
3501 2369 3681 2422 καίειν
3721 2382 3877 2421 urere

2317 2482 2518 2522 caecum
2553 2464 2722 2520 videri
2755 2463 3052 2519 formatum
3085 2459 3391 2532 proposuit,
3423 2459 3570 2514 sicut
3598 2458 3812 2526 τυφλόν
3842 2473 3869 2511 a

2314 2559 2468 2626 τύφω
2493 2557 2720 2610 accendo
2755 2554 3096 2624 (neutiquam
3158 2553 3213 2607 in
3265 2551 3372 2606 hoc
3399 2550 3499 2620 ipsi
3532 2550 3874 2604 assentiente

2313 2649 2500 2704 (Ἐτωςο
2556 2646 3001 2716 etymologista),
3057 2643 3259 2700 deinde
3326 2643 3484 2712 longe
3544 2640 3872 2710 prudentius

2311 2740 2512 2793 fatetur
2547 2739 2670 2790 (ccci
2720 2737 3140 2805 originationem
3182 2734 3342 2804 plane
3370 2748 3567 2786 caecam
3601 2741 3656 2786 et
3682 2730 3862 2783 occul-

2311 2838 2420 2884 tom
2467 2844 2606 2882 esse.
2640 2827 2780 2893 Quid
2813 2827 2858 2882 si
2889 2835 3068 2880 autem
3103 2841 3295 2879 meum
3325 2839 3421 2893 per
3448 2839 3493 2877 ae
3536 2823 3860 2888 scribamus,

2310 2930 2365 2974 et
2393 2919 2513 2988 ejus
2568 2919 2646 2973 sic
2684 2917 2870 2987 scripti
2916 2915 3164 2983 vocabuli
3212 2915 3574 2985 veriloquium
3624 2925 3870 2966 accersa-

2317 3026 2437 3064 mus
2469 3026 2497 3062 a
2527 3009 2713 3065 Graeco
2735 3007 2866 3068 κοῶ,
2889 3004 3034 3081 quod
3060 3015 3142 3061 est
3166 3006 3290 3067 νοῶ,
3323 3014 3383 3059 nt
3408 3004 3479 3058 sit
3509 3002 3692 3063 κοῖκός
3721 3001 3867 3054 idem

2315 3101 2460 3170 quod
2493 3102 2688 3163 νῡῖκὸς,
2718 3098 2810 3168 qui
2852 3099 2966 3151 acie
2992 3097 3166 3152 solum
3200 3096 3398 3150 mentis
3429 3094 3629 3157 videat,
3661 3090 3870 3145 intuitu

2313 3192 2597 3245 oculorum
2672 3189 2903 3243 carens?
2933 3188 3075 3242 Sane
3139 3185 3458 3241 Eustathius
3491 3181 3870 3256 παραϐολαῖς

2312 3283 2393 3343 et;
2437 3280 2621 3335 Ἰλιάδ.
2661 3279 2713 3344 ζ.
2761 3294 2812 3348 p.
2853 3278 2956 3332 756
2987 3278 3077 3332 ed.
3119 3279 3320 3344 an.,.
3350 3291 3535 3331 vocem
3594 3275 3872 3330 cornicam

2313 3370 2578 3440 κοάλεμος
2637 3384 2939 3438 exponens,
2989 3348 3157 3439 91.1mm
3219 3369 3442 3437 (inquit)
3482 3368 3541 3420 ἐν
3568 3367 3645 3435 τῷ
3688 3367 3879 3429 κυεῖν,

2313 3466 2431 3535 ἢτοι
2488 3463 2629 3515 νοεῖν
2687 3459 2983 3529 ἀλώμενος.
3028 3459 3171 3528 Ergo
3224 3462 3369 3512 κοεῖν
3429 3459 3565 3509 νοεῖν
3619 3468 3739 3517 cst;
3803 3463 3873 3506 ut

2309 3555 2494 3610 κεῖκόν
2519 3570 2706 3607 arcum
2736 3552 2896 3621 primi
2928 3551 3106 3607 Latini
3146 3550 3376 3621 profecti
3413 3563 3444 3604 e
3480 3545 3682 3602 Graecia
3727 3547 3870 3598 κατ’

2309 3644 2656 3716 εὑφημισμόν
2690 3643 2853 3714 697
2901 3643 3170 3713 privatum
3202 3641 3409 3696 lumine
3434 3640 3715 3694 oculorum
3764 3651 3874 3691 vo-

2307 3751 2432 3791 care
2488 3739 2786 3805 potuerint,
2827 3733 2984 3803 quasi
3041 3734 3106 3786 ad
3143 3731 3532 3788 consolandam
3573 3728 3874 3786 calamita-

2307 3838 2413 3883 tem
2447 3827 2688 3882 hominis
2744 3827 2992 3897 principe
3031 3841 3420 3895 corporeorum
3462 3838 3726 3880 sensuum
3765 3837 3862 3876 orv

2308 3920 2416 3973 hati
2443 3937 2458 3983 ;
2489 3936 2599 3988 quo
2622 3934 2818 3987 genere
2859 3917 3037 3971 solatii
3070 3931 3346 3981 recreasse
3370 3931 3575 3971 «mcum
3610 3913 3694 3988 [P.
3731 3912 3855 3983 4911

2306 4012 2590 4079 Didymuni
2649 4025 2876 4077 magnus
2914 4010 3042 4062 olim
3086 4007 3353 4064 Antonius
3382 4008 3604 4075 tegitur,
3655 4020 3863 4076 negans

2306 4119 2466 4174 grave
2501 4101 2578 4154 illi
2613 4115 2732 4154 esse
2781 4099 3002 4162 debere,
3032 4096 3176 4167 qUod
3221 4098 3616 4152 destitueretur
3645 4098 3861 4151 instru-

2265 4236 2269 4239 .
2305 4204 2488 4247 mento
2523 4205 2805 4261 'cot'purco
2849 4191 3092 4255 videndi,
3127 4190 3404 4245 connnuni
3460 4176 3664 4244 boniini
3728 4202 3861 4242 cum

2304 4284 2572 4337 culicibus
2605 4292 2659 4335 ct
2708 4281 2909 4334 infimis
2943 4281 3281 4334 insectorum
3307 4317 3322 4344 ,
3378 4293 3501 4332 cum
3548 4287 3730 4332 mente
3766 4292 3865 4332 va-

645 4352 790 4404 niter
832 4358 1110 4416 grassatus
1151 4346 1466 4400 ulciscendo
1496 4346 1588 4408 sit,
1628 4346 1878 4415 χαλεπῶς
1911 4346 2194 4412 αἰκιζόμε-

2312 4374 2446 4428 Ieret
2471 4373 2763 4427 :enndante
2795 4372 3162 4440 perspicaicm
3195 4370 3607 4438 intelligentiam
3636 4367 3862 4426 immor-

645 4458 752 4502 νος.
793 4433 1015 4507 δαέρὼν,
1048 4437 1418 4507 κρεμαννύων,
1463 4439 1759 4506 μαστίζων,
1808 4438 1954 4490 omni
2005 4438 2201 4491 crude-

643 4535 814 4589 litatis
843 4545 896 4587 et
925 4534 1234 4602 ignominia:
1259 4547 1458 4602 genere
1489 4533 1703 4586 euidens
1735 4549 1797 4585 ac
1828 4532 2198 4586 dehonestans

644 4623 988 4678 venerabiles
1025 4623 1225 4692 populo
1273 4622 1616 4692 professores
1644 4622 1768 4674 vitae
1811 4620 2096 4691 religiosze.
2130 4637 2195 4673 cx

642 4714 844 4768 celebri
899 4714 1198 4783 praesertim
1249 4691 1978 4781 monasterio,.l‘antepopta:
2024 4712 2190 4768 dicto.

645 4825 784 4879 quos
833 4820 886 4864 ct
937 4818 1219 4879 postquam
1293 4811 1431 4864 male
1479 4812 1839 4864 niuletaverat
1887 4809 2192 4863 exsulatum

645 4897 987 4953 amandahat.
1015 4899 1167 4954 Tunc
1195 4909 1493 4956 excaecatus
1517 4887 1687 4954 fuisse.
1725 4901 1859 4955 istos
1883 4901 2192 4969 antesigna-

642 5001 744 5042 nos
773 4988 1082 5044 Arseniana:
1115 4991 1306 5059 partis,
1342 5007 1481 5060 quos
1510 4992 1832 5046 convincere
1865 5003 1919 5046 ct
1963 4992 2028 5044 ad
2062 5008 2193 5045 eort-

640 5077 884 5132 cordiam
945 5080 1207 5136 reducere
1264 5094 1491 5138 conatus
1551 5085 1712 5154 longo
1764 5093 1886 5152 post
1943 5093 2189 5152 tempore

638 5167 985 5222 Andronicus
1011 5181 1111 5235 est,
1147 5186 1306 5242 prout
1351 5175 1516 5229 refert
1545 5187 1731 5230 noster
1762 5179 1879 5246 ejus
1923 5175 2186 5240 Historia;

636 5276 691 5328 p.
742 5260 869 5321 462,
944 5263 1196 5331 equidem
1240 5267 1587 5329 crediderim,
1623 5257 1742 5321 cum
1802 5248 1864 5321 id
1898 5269 2026 5321 alibi
2063 5285 2190 5320 nar-

633 5362 812 5404 ratum
859 5352 925 5405 ab
982 5368 1047 5407 eo
1086 5354 1396 5411 distinctius
1454 5375 1560 5411 non
1610 5360 1800 5426 legant.
1834 5361 1970 5412 Puto
1999 5343 2183 5413 autem

632 5441 768 5495 istos
806 5446 898 5499 tali
943 5462 1106 5500 causa
1145 5457 1200 5501 et
1261 5460 1500 5516 tempore
1548 5453 1787 5519 privatos
1842 5458 2017 5508 oculis
2071 5471 2184 5507 mo-

632 5533 891 5595 naclios,.
936 5538 1040 5590 vol.
1105 5538 1145 5597 Ι.
1206 5555 1257 5606 p.
1300 5538 1424 5602 489,
1494 5555 1521 5590 τι
1575 5542 1904 5612 l‘achyucre
1968 5545 2176 5598 indica.

637 5631 740 5685 t-Ts,
785 5629 1029 5692 populari
1064 5631 1304 5698 nomine,
1353 5647 1459 5702 quo
1497 5648 1524 5685 ει
1557 5633 1668 5687 suis
1700 5638 2015 5691 Arseniauis
2053 5654 2179 5708 per-

2306 4466 2490 4519 talium
2532 4464 2816 4523 mentium.
2857 4463 3159 4530 praesertim
3203 4475 3326 4516 cum
3375 4459 3780 4530 ingeniosiorcs
3799 4470 3862 4514 et

2293 4534 2572 4610 acutiores
2606 4556 2923 4624 plerumque
2952 4555 3159 4614 exteris
3186 4553 3239 4607 in
3264 4551 3673 4623 operationibus
3698 4566 3862 4604 nien-

2303 4647 2372 4699 tis
2424 4646 2542 4700 luce
2593 4645 2729 4700 cassi
2781 4646 3064 4699 oculorum
3121 4643 3456 4712 experintia
3517 4642 3858 4708 probentur;

2302 4738 2443 4790 unde
2477 4745 2532 4790 et
2580 4737 2952 4791 Democritum
3001 4737 3174 4798 aiunt,
3227 4749 3336 4802 quo
3371 4732 3857 4802 philosopharetur

2299 4827 2528 4880 felicius.
2567 4828 2707 4880 ultro
2743 4827 2847 4880 sibi
2883 4824 3099 4880 videndi
3155 4839 3376 4878 sensum
3423 4823 3710 4878 ademisse.
3742 4823 3851 4878 Sed

2295 4901 2413 4972 haec
2447 4919 2610 4973 nimis
2645 4919 2814 4972 multa
2847 4926 3002 4972 extra
3033 4933 3143 4971 rein
3184 4926 3444 4971 nostrain.
3498 4916 3610 4972 lloc
3644 4920 3849 4989 quippe

2295 5010 2469 5064 solum
2506 5009 2816 5079 significare
2849 5008 2993 5061 volui
3025 5024 3039 5061 :
3068 5023 3159 5060 seu
3188 5023 3285 5060 vox
3327 5007 3516 5063 Latina
3558 5026 3719 5063 eri-cus
3751 5026 3849 5077 per

2294 5116 2338 5154 ae
2366 5115 2460 5153 seu
2509 5115 2673 5168 crocus
2705 5115 2802 5168 per
2843 5115 2886 5152 te
2922 5098 3213 5168 scribatur.
3242 5108 3297 5152 ct
3330 5096 3490 5166 cujus
3527 5115 3590 5153 ca
3624 5100 3849 5155 demum

2293 5206 2508 5260 cunque
2568 5191 2638 5245 sit
2681 5191 2930 5261 originis,
2967 5191 3101 5243 mihi
3134 5191 3302 5244 videri
3339 5190 3619 5260 probabile
3649 5207 3850 5247 mona-

2291 5284 2423 5336 chos
2468 5283 2732 5349 quosdam
2783 5284 2981 5351 passim
3042 5282 3288 5338 celebres
3335 5285 3452 5338 visu
3507 5285 3766 5342 orbatos.
3814 5301 3847 5341 a

2290 5376 2890 5445 ConstantinOpolilana
2928 5376 3102 5443 plebe,
3142 5369 3205 5430 cx
3259 5375 3531 5444 frequenti
3584 5377 3844 5432 convictu

2289 5467 2727 5535 commerciaque
2763 5461 3090 5526 Latinorum,
3115 5471 3278 5522 multa
3310 5471 3548 5523 iri-suam
3582 5471 3846 5527 vocabula

2289 5557 2527 5625 linguam
2554 5558 2938 5624 transferente,
2983 5560 3208 5622 καὲκους
3256 5561 3370 5614 sive
3411 5563 3629 5626 κοέκους
3681 5579 3848 5628 μονα-

2288 5649 2415 5716 χούς
2459 5648 2632 5704 dictos
2663 5689 2676 5713 ,
2735 5649 2898 5720 idque
2966 5653 3182 5725 vulgare
3228 5653 3453 5709 verbum
3501 5655 3848 5725 expressisse
