4038 6332
715 345 824 407 779

1621 347 1684 409 Ρ.
1728 348 2028 415 POSSINI
2072 336 2712 436 cassava'rtonun
2753 347 2898 410 LIB.
2933 347 2978 408 ι.

3804 339 3911 405 769

718 466 1006 526 prospectu
1054 457 1292 526 positum
1358 455 1654 527 sign'ﬁcat;
1715 460 1852 514 unde
1881 459 2022 529 cippi
2078 458 2532 524 monu-AQuam
2586 471 2641 514 et
2698 440 2954 526 duplicem
3003 457 3278 520 ariolatur,
3339 454 3538 524 μικρὰν
3583 453 3689 519 καὶ,
3719 455 3910 523 μετά.

722 559 1048 611 tuentorum,
1108 562 1168 602 ac
1231 562 1560 616 qua-cunque
1608 547 1838 616 fastigia,
1866 558 1919 602 et
1952 551 2004 603 in
2038 565 2261 620 conspe-

722 650 867 690 ctum
903 637 1126 706 obiectae
1160 652 1471 690 marmoreae
1518 637 1710 691 tabulas
1741 639 2013 706 inscriptze
2047 639 2258 702 litteris,

723 727 1159 795 frequentissime
1209 725 1397 794 στῆλαι
1451 727 1606 780 dictae
1664 727 2020 799 reperiuntur.
2077 728 2261 795 Itaque

726 818 1018 870 cavendum
1065 831 1133 870 ne
1183 819 1393 885 species
1432 833 1528 883 pro
1581 832 1775 886 genere
1827 818 2006 872 lectori
2039 820 2261 887 obrepat

726 919 942 960 assueto
969 907 1154 974 cippos
1185 914 1239 960 ct
1271 907 1587 960 columellas
1633 908 1685 960 in
1721 908 1960 974 apicibus
1989 908 2260 977 sepulcra-

728 993 855 1070 lipm'
889 996 1104 1049 molium
1149 1003 1240 1048 aut
1269 997 1320 1050 id
1350 1010 1517 1065 genus
1560 1006 2028 1050 monumentorum
2053 1006 2261 1052 erectas

728 1083 935 1149 στηλῶν
969 1083 1184 1137 nomine
1215 1083 1531 1151 intelligere.
1571 1082 1664 1136 Illa
1693 1085 1831 1136 enim
1878 1083 2064 1151 στῆλαι
2111 1094 2262 1148 sunt,
2298 1091 2300 1094 ’

728 1171 823 1223 sed
851 1185 960 1224 non
986 1170 1130 1236 sola;
1163 1170 1392 1237 pertinet
1443 1170 1638 1239 quippe
1672 1171 1783 1224 haec
1822 1187 1922 1245 vos
1976 1173 2149 1237 latius,
2183 1183 2265 1227 ta-

730 1260 885 1314 bulas
935 1261 1096 1314 etiam
1145 1269 1200 1314 et
1248 1261 1359 1316 vela
1396 1260 1578 1330 ﬁguris
1609 1262 1857 1330 insignita
1888 1263 1939 1317 in
1975 1261 2266 1332 conSpicu'o

731 1361 932 1406 statuta
963 1350 1228 1404 indicans.
1313 1371 1326 1384 ι

801 1439 1162 1505 Συνδοσίαι,
1200 1457 1254 1510 p.
1305 1442 1432 1496 293.
1463 1442 1588 1498 Etsi‘
1612 1448 1747 1514 apud
1790 1455 1996 1520 vetere;
2019 1457 2267 1501 auctores

729 1534 907 1603 legere
937 1533 1216 1596 auvbooia;
1252 1549 1360 1586 non
1395 1536 1636 1597 memini,
1683 1544 1809 1602 puto
1852 1545 2028 1591 tamen
2058 1535 2267 1604 Pachy-

665 1685 667 1688 ,
733 1642 958 1690 mer-em,
979 1626 1134 1694 cujus
1165 1641 1351 1680 omnes
1378 1641 1548 1695 ~inque
1575 1627 1791 1681 codices
1821 1628 2134 1685 vocabulum
2167 1628 2266 1682 hoc

731 1714 849 1768 loco
912 1717 1053 1770 istud
1109 1716 1396 1781 exhibent,
1454 1715 1505 1769 id
1565 1717 1616 1770 in
1690 1717 1905 1772 notione
1975 1717 2266 1787 largitionis

733 1803 814 1876 μ’.
841 1805 964 1876 510]
997 1820 1308 1872 usurpasse,
1342 1777 1492 1875 quasi
1519 1810 1732 1860 ductum
1759 1821 1788 1859 a
1816 1777 2101 1877 συνδίδωμι
2142 1825 2267 1861 con—
2295 1777 2340 1835 Β

685 1891 690 1893 Α
735 1895 893 1949 dono.
947 1895 1045 1948 Cui
1096 1895 1258 1950 verbo
1287 1911 1382 1949 usu
1415 1895 1976 1962 antiquoLatinorum
2022 1897 2160 1951 inest
2191 1898 2270 1952 vis

742 1986 1024 2057 peculiaris
1074 1985 1344 2040 indicandi
1383 1987 1603 2040 vitiosas
1649 1987 1984 2055 profusiones
2031 1986 2082 2040 in
2134 1987 2272 2042 iridi-

735 2092 892 2146 gnos.
922 2076 1131 2140 Cicero,
1165 2076 1393 2146 Philipp.
1428 2092 1519 2135 tt:
1554 2076 1822 2146 Apolheca'
1853 2089 1976 2134 tota:
2019 2079 2272 2148 nequissi-

737 2169 842 2235 mi;
869 2149 1316 2222 condonabantur.
1357 2165 1466 2221 Nec
1506 2169 1764 2236 abhorret
1815 2170 1902 2223 hic
1936 2146 2272 2238 signiﬁcatus

743 2257 812 2311 ah
844 2256 1002 2324 hujus
1027 2257 1441 2310 loci/sententia.
1470 2254 1792 2324 Vituperans
1817 2260 2013 2328 quippe
2040 2261 2269 2329 patriar-

730 2349 843 2402 cha
904 2349 1311 2402 conventionem
1344 2335 1687 2422 inperatoris
1737 2365 1857 2401 cum
1901 2351 2064 2414 cralc,
2115 2350 2272 2418 cujus

728 2442 1030 2502 ,occasione
1085 2438 1252 2491 multa
1307 2437 1691 2506 pretiosissima
1746 2451 1962 2490 munera
1998 2438 2168 2491 eidem
2220 2447 2274 2492 et

736 2527 850 2600 ej'us
873 2529 1158 2583 comitibus
1182 2527 1462 2597 magniﬁce
1485 2516 2008 2594 ab‘AugustodOnata
2031 2527 2275 2594 superius

739 2633 925 2675 noster
954 2619 1288 2683 memoravit,
1321 2618 1475 2674 facile
1499 2619 1688 2686 potuit,
1716 2617 1780 2672 ad
1814 2619 2086 2685 querelam
2116 2632 2274 2672 avare

738 2721 1017 2766 auctorum
1059 2709 1743 2778 vectigalium,adiungere
1772 2709 2130 2762 cohaerentem
2184 2723 2271 2763 re-

737 2802 1146 2866 prehensionem
1211 2800 1459 2854 exhausti
1521 2797 1822 2853 ambitiosis
1876 2798 2272 2868 proiusio‘nibus

647 2938 653 2942 .
738 2892 935 2944 aerarii.

811 2981 1218 3048 Σφόκελοςέᾭ.
1274 2979 1397 3034 245.
1433 2977 1583 3044 Quod
1632 2978 1740 3032 hic-
1771 2986 1955 3034 noster
2006 2977 2272 3044 σφάκελος

2362 547 2478 614 λην,
2506 561 2720 614 parvam
2755 556 2808 600 et
2831 559 3094 615 magnam,
3121 543 3269 613 quasi
3310 545 3454 611 prior
3482 542 3782 610 designatio
3813 542 3910 604 sit,

2362 643 2624 707 posterior
2665 641 3011 708 conﬁrmatio.
3047 638 3220 706 Λῆρος
3258 636 3440 698 πολύς.
3478 632 3910 700 NecCodinum,

2361 745 2519 798 quem
2579 733 2768 785 asserti
2828 730 3047 782 fundum
3102 729 3300 788 laudat,
3360 724 3642 779 intellexit.
3671 721 3909 775 Istc-nim

2363 821 2496 874 nihil
2539 823 2644 875 vult
2702 820 2843 872 aliud
2899 819 3000 873 nisi
3053 818 3345 884 episcopos,
3403 800 3499 882 qui
3542 814 3812 868 ordinant
3855 818 3912 863 et

2364 920 2684 964 consecrant
2719 910 3100 977 patriarcham,
3154 905 3300 958 illum
3345 902 3398 957 in
3431 917 3491 955 ea
3518 901 3804 956 [unctione
3829 898 3913 952 bis

2369 1015 2528 1055 cruce
2554 985 2786 1070 signare,
2821 1014 3044 1063 quarum
3076 989 3502 1051 benedictionum
3543 993 3690 1062 prior
3711 1005 3907 1058 parte,

2367 1093 2639 1160 posterior,
2693 1107 2878 1158 magno
2929 1089 3266 1143 consueverit
3317 1085 3514 1141 vocari.
3575 1083 3910 1136 lticebantur

2364 1181 2559 1233 eaedem
2584 1177 2976 1231 benedictiones
3002 1175 3308 1245 μηνύματα,
3330 1182 3385 1224 ut
3429 1171 3737 1225 observavit
3766 1168 3907 1220 idem

2365 1267 2627 1322 Meursius
2658 1269 2820 1321 verbo
2879 1267 3132 1333 μήνυμα;
3181 1278 3303 1316 nam
3335 1262 3553 1331 μήνυμα
3582 1259 3797 1326 signum
3829 1263 3911 1309 est

2364 1368 2417 1410 et
2456 1358 2576 1415 κατ’
2611 1356 2800 1426 ὶξοχὴν
2853 1357 3051 1424 signum
3106 1355 3268 1407 cruris
3323 1366 3482 1405 manu
3537 1347 3910 1412 benedicendo

2367 1430 2676 1502 formatum.
2710 1449 2949 1517 Μ’ήν,υμα
2977 1448 3176 1524 signina
3221 1443 3440 1507 dicitur,
3477 1455 3580 1494 non
3610 1445 3820 1502 autem,
3855 1442 3908 1488 ut

2368 1539 2506 1601 islibi
2527 1540 2778 1600 somniat,
2812 1538 3028 1592 vacatio.

2368 1663 2373 1667 -
2436 1627 2520 1700 [P.
2557 1627 2682 1698 5H]
2742 1628 2819 1680 Τὰ
2867 1625 3281 1692 τετελεσμένα,
3330 1637 3381 1690 p.
3415 1619 3504 1673 77.
3541 1618 3681 1684 Quid
3713 1616 3790 1670 sit
3820 1613 3907 1667 hic

2369 1719 2715 1787 ὶπσληοεὺειν
2740 1719 2848 1780 τοῖς
2870 1713 3285 1782 τετελεσμένοις,
3311 1706 3642 1763 comminisci
3674 1703 3904 1756 multum

2367 1809 2610 1877 cogitans
2636 1809 2779 1862 aliud
2805 1822 2911 1861 non
2946 1791 3090 1874 potui
3120 1818 3275 1870 quam
3312 1800 3448 1865 quod
3488 1791 3906 1863 interpretando
3949 1867 3952 1870 ῃ

2367 1901 2624 1968 expressi,
2671 1898 2955 1964 contigisse
2993 1906 3117 1948 tunc
3145 1895 3393 1948 nimirum
3428 1890 3624 1955 aliquid
3653 1899 3765 1953 quo
3815 1898 3904 1935 sa-

2367 2002 2457 2042 cra
2499 1987 2733 2058 symbolo
2781 1985 3072 2040 consecrati
3109 1993 3162 2035 et
3205 1982 3379 2034 verbis
3419 1973 3903 2050 sacramentalibus

2367 2079 2554 2132 mutati
2592 2079 2643 2130 in
2673 2075 2870 2132 Christi
2927 2089 3121 2142 corpus
3152 2073 3302 2139 panis
3355 2069 3458 2122 alia
3487 2068 3648 2121 etiam
3679 2063 3902 2118 notione

2367 2183 2523 2237 quam
2558 2168 2647 2220 illa
2685 2161 2738 2220 in
2771 2166 3012 2221 ecclesiis
3041 2165 3233 2217 usitata
3271 2173 3410 2215 recte
3443 2157 3619 2212 vocari
3648 2155 3718 2209 τὰ
3757 2169 3904 2207 πετει-

2366 2258 2597 2326 λεσμένα
2621 2258 2906 2326 potuerint,
2941 2269 3130 2323 nempe
3163 2252 3302 2322 quod
3337 2249 3482 2304 ﬁnita
3503 2250 3557 2302 et
3580 2246 3904 2300 alterations

2368 2347 2718 2400 accidentium
2764 2360 2830 2398 es
2876 2345 3051 2413 specie
3083 2344 3135 2397 in
3161 2355 3351 2396 novam
3383 2337 3605 2393 formam
3647 2343 3899 2402 corrupta

2369 2433 2585 2486 fuerint.
2612 2478 2614 2480 τ
2641 2432 2713 2484 To
2746 2433 2916 2484 τελεῖν
2952 2418 3194 2484 videlicet
3245 2444 3347 2482 non
3376 2425 3545 2487 solum
3592 2440 3656 2478 es
3690 2437 3794 2477 usu
3821 2437 3902 2475 so-

2372 2536 2461 2578 nat
2488 2513 2747 2592 peraéerc,
2777 2523 3037 2591 perﬁcere,
3058 2520 3373 2589 sacriﬁcare,
3408 2519 3499 2572 sed
3525 2517 3685 2570 etiam
3707 2530 3778 2569 ex
3799 2512 3905 2568 ori-

2372 2615 2492 2682 gine
2524 2613 2694 2678 ﬁnire,
2723 2627 3038 2666 consumere.
3087 2611 3236 2666 Unde
3288 2611 3555 2676 passivum
3596 2608 3665 2659 τὰ
3690 2604 3902 2658 τετελε-

2371 2708 2562 2775 σμένα,
2595 2721 2714 2774 qua
2741 2706 2885 2759 velut
2913 2704 3125 2772 propria
3173 2701 3453 2770 appellatio
3502 2699 3787 2768 speciebus
3811 2710 3900 2751 eu-

2367 2798 2668 2852 charisticis
2721 2812 2750 2850 e
2799 2795 3062 2849 sacriﬁcio
3113 2793 3343 2850 servatis
3402 2806 3550 2844 more
3595 2790 3899 2844 Graecorum

2371 2886 2726 2961 tribuebatur,
2791 2884 2893 2940 alio
2923 2899 3084 2938 sensu
3114 2890 3246 2945 tum
3288 2882 3578 2935 convenire
3609 2879 3687 2932 sic
3721 2884 3901 2944 putre-

2373 2975 2530 3028 factis
2567 2975 2696 3029 etin
2735 2973 3281 3040 informcm~speciem
3332 2962 3725 3037 transﬁguratis
3753 2981 3897 3034 sym-

743 3072 955 3132 scribit,
985 3071 1197 3124 videtur
1226 3069 1364 3122 idem
1387 3082 1506 3121 esse
1523 3068 1670 3134 quod
1713 3068 1822 3123 vol.
1855 3069 1897 3132 l,
1935 3085 1986 3133 p.
2018 3068 2138 3132 5H,
2174 3086 2274 3137 φαο
2297 3103 2339 3158 c
2371 3063 2507 3118 bolis
2539 3064 2737 3117 Christi
2769 3060 3009 3131 corporis
3046 3063 3237 3130 potuit,
3268 3070 3529 3128 quatenus
3555 3058 3807 3158 nimirum
3837 3069 3899 3108 es

742 3159 935 3212 ames
995 3155 1253 3210 vocabulo
1307 3155 1578 3215 indicavit,
1637 3153 1836 3208 fascem
1890 3154 2136 3209 videlicet
2181 3162 2273 3208 aut

742 3247 1058 3319 fasciculum
1110 3248 1222 3300 sive
1267 3244 1541 3297 fascellnm
1575 3244 1892 3318 chartarum
1947 3245 2272 3313 signiﬁcans.

743 3336 1102 3390 Laudavimus
1163 3335 1215 3388 in
1249 3333 1412 3402 priori
1469 3333 1740 3388 Glossario
1770 3332 2056 3403 Synesium
2079 3320 2274 3387 eadem

743 3426 964 3488 notione
1009 3424 1270 3494 φάκελλον
1313 3413 1678 3493 ιιευτρςὴιειη.
1715 3423 1946 3493 Ιὶερετίο
1981 3424 2119 3493 apud
2158 3425 2276 3478 Dio-

746 3516 952 3586 nysium
1004 3515 1492 3577 llalicarnasseum,
1544 3511 1579 3565 ll
1616 3527 1708 3576 vn,
1765 3512 2094 3581 σφακέλλους
2143 3530 2278 3584 rppu-

743 3607 925 3673 γάνων
962 3618 1058 3671 pro
1090 3601 1354 3671 fasciculis
1409 3601 1747 3668 virgultorum
1779 3600 2028 3668 positum.
2065 3598 2272 3671 Pachy-

745 3709 920 3747 ineres
967 3693 1052 3746 hic
1099 3700 1288 3746 neutro
1343 3704 1538 3756 genere
1587 3697 1642 3742 et
1709 3699 1830 3743 cum
1888 3690 2104 3746 unicol
2133 3689 2274 3743 idem

741 3784 1059 3838 \‘urabulum
1094 3782 1209 3850 pari
1237 3779 1534 3849 signiﬁcatu
1567 3778 1795 3855 exhibet.

814 3873 974 3942 720
997 3870 1343 3938 Σφενὸύναι,
1383 3884 1436 3933 p.
1463 3867 1551 3921 66.
1581 3864 1841 3922 Videntur
1872 3867 1958 3921 hic
1990 3867 2096 3922 dici
2121 3884 2276 3932 σφεν-

744 3964 888 4014 bium
923 3961 1128 4014 laciniae
1155 3961 1443 4026 pendentes
1478 3973 1507 4010 e
1540 3945 1816 4023 pontiﬁcio
1842 3957 2021 4023 galero
2067 3958 2271 4011 funicu-

663 4045 672 4054 ’
749 4055 814 4106 lis
855 4053 1042 4106 sericis
1080 4052 1129 4102 in
1178 4050 1354 4101 fundae
1393 4049 1602 4100 modttm
1652 4047 1919 4114 perplexis
1957 4048 2094 4101 inter
2133 4062 2272 4112 sese,

751 4151 898 4194 more
927 4141 1086 4190 etiam
1121 4139 1277 4188 hodie
1296 4135 1512 4187 Latinis
1542 4135 1760 4187 usitato.

819 4229 1096 4295 Σφραγίς.
1131 4241 1185 4292 p.
1225 4224 1307 4278 42.
1337 4223 1445 4290 Ego
1480 4224 1566 4275 hic
1592 4223 1858 4289 σφραγῖδα
1883 4215 2276 4276 benedictionem

717 4315 905 4373 'verti.
938 4317 1170 4370 Intellexi
1204 4316 1344 4366 enim
1386 4315 1592 4382 signum
1640 4314 1814 4366 crucis
1864 4328 1982 4365 man
2017 4295 2280 4380 Texpres-

2373 3156 2571 3221 nativa,
2603 3163 2662 3209 ut
2717 3157 2847 3219 disi,
2867 3154 3251 3223 signiﬁcatione
3285 3149 3480 3203 radicis
3511 3147 3653 3201 unde
3682 3147 3901 3200 verbum

2372 3245 2512 3300 istud
2529 3245 2811 3311 germinat,
2835 3255 2989 3299 sonat
3016 3253 3268 3313 praeterea
3292 3249 3615 3308 consumpta,
3637 3246 3902 3302 corrupta.

2371 3346 2436 3385 ex
2469 3333 2630 3398 priori
2673 3333 2841 3386 desita
2884 3332 2991 3397 jam
3021 3333 3192 3385 forma
3237 3333 3290 3384 in
3321 3344 3512 3396 noyam
3539 3331 3697 3381 aliam
3727 3327 3903 3379 denis-

2374 3431 2505 3476 tata.
2563 3420 2684 3474 Haec
2727 3432 2995 3488 utcunque
3047 3420 3153 3473 dici
3209 3419 3570 3473 verisimiliter
3609 3424 3899 3486 poterant:

2372 3525 2502 3583 puto
2527 3523 2702 3566 tamen
2733 3513 2874 3565 aliud
2905 3512 3310 3580 Pachymerem,
3335 3510 3457 3563 dum
3480 3509 3590 3561 haec
3611 3506 3899 3576 scriberet,

2375 3614 2664 3671 spectasse.
2702 3601 2795 3655 Sui
2853 3601 3098 3655 videlicet
3129 3599 3376 3670 Hesyt-ltii
3425 3612 3646 3668 memor,
3679 3596 3820 3665 quod
3851 3599 3897 3647 in

2372 3708 2437 3748 eo
2471 3694 2684 3762 legisset
2727 3693 3103 3759 τετελεσμένον
3144 3685 3210 3744 ’τὸ
3239 3687 3352 3742 οἷον
3403 3689 3630 3758 πρᾶγμα
3654 3687 3907 3753 τελώὃῆ-

2373 3801 2479 3848 ναι,
2511 3785 2676 3854 ἧγουν
2708 3782 3079 3852 π).ηρωθῆναι,
3105 3782 3142 3851 ἦ
3171 3782 3263 3833 καὶ
3315 3764 3704 3850 μεμιασμένον,
3732 3792 3900 3832 raram
3944 3841 3961 3862 Ι

2376 3877 2483 3930 illic
2515 3876 2798 3929 indicatam
2857 3875 3144 3937 notionem,
3181 3888 3288 3941 qua
3333 3873 3486 3940 721
3530 3868 3900 3938 τετελεσμένον

2377 3967 2766 4036 μεμιασμένον,
2791 3966 3048 4035 pollutum
3077 3972 3130 4017 et
3165 3964 3787 4022 contaminatum‘sonat,
3823 3958 3902 4012 hic

2373 4059 2539 4109 voluit
2569 4058 2789 4109 innuere
2821 4057 3053 4122 ignotam
3086 4068 3188 4106 non
3221 4068 3338 4107 esse
3367 4051 3488 4106 sibi.
3740 4040 3742 4042 ⁷

2448 4146 2607 4212 Τέρα,
2641 4163 2691 4214 p.
2724 4145 2846 4199 394.
2879 4144 3100 4219 Ponitur
3142 4144 3229 4195 hic
3261 4143 3457 4196 Graecis
3485 4139 3675 4195 litteris
3711 4144 3901 4194 nomen

2376 4227 2620 4287 Latinum
2676 4245 2835 4294 terra,
2886 4234 2977 4286 sed
3041 4247 3160 4284 cum
3214 4232 3720 4301 unicopscriptum
3755 4229 3900 4299 τέρα.

2385 4323 2596 4377 Videtur
2634 4332 2808 4375 autem
2846 4323 2982 4375 hanc
3033 4335 3214 4374 vocem
3262 4322 3542 4375 retinuisse
3594 4320 3900 4380 historicus,

750 4425 868 4464 sum
911 4423 940 4460 a
967 4406 1270 4476 patriarcha
1300 4402 1530 4470 Josepho
1560 4415 1719 4470 super
1753 4402 1913 4455 istum
1958 4404 2022 4457 de
2056 4417 2160 4470 tho
2192 4403 2276 4455 hic
2306 4417 2351 4474 D
2376 4416 2512 4481 quod
2544 4413 2768 4480 vulgaris
2791 4424 2933 4466 esset
2955 4413 3202 4481 loquendi
3229 4413 3393 4465 forma
3422 4412 3524 4466 illis
3556 4412 3898 4480 temporibus.

750 4500 943 4565 agitur,
969 4495 1278 4563 Georgium,
1305 4507 1412 4569 una
1438 4491 1779 4559 pronuntiata
1816 4501 1959 4545 certa
1991 4491 2272 4545 verborum

751 4588 999 4650 formula,
1027 4600 1130 4652 qua
1165 4586 1210 4638 is
1248 4580 1449 4638 electus
1479 4584 1545 4636 ad
1573 4581 1805 4635 oilicium
1837 4582 1991 4650 primi
2030 4582 2278 4635 ecclesia-

751 4680 848 4731 stis
879 4676 1130 4729 Palatina:
1154 4673 1431 4732 conoiouis
1461 4673 1589 4740 (hoc
1616 4672 1756 4725 enim
1789 4681 1943 4726 sonat
1970 4689 2277 4742 πρωτοαπο-

753 4765 1050 4833 στο).ἀριος)
1089 4767 1186 4817 rite
1221 4765 1284 4816 ad
1317 4763 1639 4829 {ungendum
1680 4762 1731 4815 id
1762 4747 2120 4816 ministerium
2147 4764 2275 4816 mis-

756 4873 848 4908 sus
886 4857 1087 4908 fuisset.
1141 4854 1269 4918 Quit
1310 4867 1438 4905 vero
1488 4853 1643 4905 talem
1691 4852 2113 4905 benedictionem
2163 4853 2277 4918 ep’io

754 4946 896 5010 scopi
926 4958 1025 4994 non
1063 4943 1373 5009 impendunt
1409 4940 1508 4992 nisi
1557 4941 1658 4992 sibi
1690 4941 1948 5006 probatis,
1970 4949 2022 4993 et
2050 4941 2114 4993 de
2143 4956 2276 5006 quo-

761 5050 875 5084 rum
910 5043 1052 5085 reita
1095 5032 1216 5094 ﬁde,
1243 5030 1522 5085 suﬁiciettti
1554 5031 1882 5090 eruditione,
1906 5032 2082 5097 probis
2113 5034 2276 5082 mori-

757 5123 856 5172 litts
890 5123 1018 5174 certi
1081 5121 1276 5181 forent,
1326 5123 1448 5175 hinc
1498 5123 1713 5175 rebatur
1752 5121 2087 5175 Andronicus
2141 5121 2279 5173 hunc

683 5232 686 5236 ~
754 5209 1034 5276 Georgium
1090 5221 1293 5276 gratum
1352 5221 1404 5264 et
1462 5211 1935 5263 commendabilem
1990 5215 2159 5264 visum
2215 5211 2277 5263 iri

753 5298 975 5367 Josrphi
1029 5303 1293 5363 sectariis,
1321 5317 1476 5369 quem
1532 5305 1717 5368 utique
1747 5299 2030 5368 Iosephus,
2081 5301 2178 5366 ipsi
2214 5301 2280 5352 ad

753 5389 1062 5441 concionem
1101 5390 1304 5441 dicturo
1339 5395 1469 5443 bene
1490 5392 2010 5458 prccamlo,honum,
2047 5392 2278 5452 ductum,

750 5480 1103 5530 nrthodoxum
1142 5480 1485 5532 declarasset.
1525 5481 1618 5534 llic
1648 5485 1820 5534 obiter
1845 5482 2279 5549 pratinuniendus

754 5569 916 5620 lector
951 5578 1050 5628 est,
1089 5585 1152 5619 ne
1212 5568 1506 5633 decipiatur
1561 5572 1736 5634 legens
1799 5574 1934 5637 apud
1997 5569 2277 5622 Mettrsiutn

754 5659 1081 5708 t'ucatimtt'tn
1142 5656 1204 5708 ad
1259 5656 1673 5724 patriat‘clizitum
1738 5659 2000 5725 σφραγῖδα
2060 5659 2275 5711 illatam.

2377 4513 2430 4554 ut
2457 4502 2543 4568 qui
2574 4503 2839 4570 principes
2872 4504 3144 4569 regionum
3179 4503 3242 4556 ab
3281 4503 3400 4555 aliis
3421 4516 3790 4571 possessorum
3826 4502 3904 4570 jus

2374 4591 2473 4644 sibi
2500 4592 2826 4645 vindicantes
2869 4592 3078 4644 titulum
3112 4602 3400 4653 sumerent,
3448 4592 3513 4642 ad
3547 4591 3897 4646 diﬂ'erentiaiit

2377 4681 2751 4747 possidentium
2807 4685 2917 4736 sine
2953 4693 3110 4745 terra,
3139 4682 3304 4751 χωρὶς
3329 4682 3490 4750 τέρας
3536 4681 3620 4753 ἦτ’
3655 4679 3752 4736 οὖν
3789 4684 3900 4751 τῆς,

2379 4770 2508 4820 tales
2541 4769 2930 4836 appellarentur
2962 4785 2978 4822 :
3011 4780 3131 4836 puta
3173 4783 3260 4822 res
3291 4767 3781 4840 Hierosolymorum
3823 4780 3904 4824 aut

2380 4860 2666 4924 imperator
2689 4857 3250 4923 Constantinopoleos,
3282 4860 3456 4926 qualis
3499 4861 3588 4915 hie
3613 4861 3903 4913 declaratus

2377 4962 2406 4998 a
2438 4962 2570 5013 papa
2601 4949 2739 5014 regis
2768 4946 2927 4999 Siculi
2961 4945 3126 4999 frater
3153 4947 3366 5014 dicitur,
3391 4949 3514 5016 jure
3537 4949 3788 5002 videlicet
3821 4951 3904 5002 do-

2381 5033 2470 5084 tali
2502 5047 2530 5084 e
2558 5033 2660 5084 ﬁlia
2694 5033 2956 5095 Balduini,
2984 5036 3072 5100 qui
3105 5035 3231 5087 olim
3259 5036 3612 5103 imperaverat
3645 5034 3901 5090 Constan-

2381 5124 2614 5189 tinnpoli,
2642 5125 2691 5175 itt
2716 5139 2959 5191 sponsam
2982 5126 3054 5178 illi
3074 5127 3256 5195 juncta
3281 5134 3472 5186 tracto,
3504 5130 3600 5179 sed
3622 5127 3732 5178 sine
3753 5141 3902 5185 terra.

2382 5211 2479 5264 hoc
2510 5226 2590 5265 est
2617 5215 2746 5265 citra
2776 5216 3159 5280 possessionem
3185 5215 3303 5282 ejus
3338 5214 3574 5281 imperii,
3608 5218 3674 5266 ab
3701 5219 3900 5269 Andro-

2383 5305 2503 5356 nico
2539 5305 2779 5356 videlicet
2807 5306 3024 5358 detenti.

2458 5391 2891 5457 Ἱᾶιγκέὰτορες,
2944 5408 2994 5459 p.
3030 5393 3151 5444 414.
3197 5391 3382 5444 Fuisse
3415 5408 3508 5460 per
3537 5393 3648 5446 hac
3676 5402 3903 5460 tenuiora

2384 5483 2518 5546 apud
2573 5480 2783 5533 Grzccus
2836 5482 3157 5549 Byzantinos
3193 5481 3241 5531 in
3302 5498 3394 5533 nin
3451 5483 3712 5551 frequenti
3760 5496 3905 5534 arcus

2382 5573 2632 5636 quosdam
2679 5570 2958 5636 peculiaris
3007 5569 3187 5637 fornm-
3215 5587 3240 5622 a
3275 5570 3475 5624 Latinis
3508 5577 3904 5639 arrceptx,'qiire

2382 5660 2626 5728 τζπῖγρὰ
2664 5661 2738 5712 t'cl
2777 5659 3072 5725 τζεγγρςίλς
3115 5663 3387 5725 rorabant,
3428 5661 3780 5727 inlt‘lligimus
3802 5670 3902 5712 cut."
