4038 6332
122 330 226 395 789

1554 333 1781 394 NO’LE.

3188 331 3304 389 790

118 439 368 502 interius,
401 453 451 506 p.
506 416 592 498 92,
659 435 902 502 repetiit,
955 435 1008 487 in
1053 410 1410 502 disputatione
1469 449 1654 490 contra
1687 451 1728 503 Α
1760 445 1818 490 ut
1853 436 2074 503 Veccus,
2107 438 2150 492 si
2181 436 2493 506 Pachymeri
2526 436 2817 500 credimus,
2860 437 3020 490 etiam
3071 437 3298 502 jttraius,

123 529 478 597 patriarcbam
515 525 823 594 Gregorium
859 524 1136 594 Cyprium,
1161 528 1442 596 utrobique
1484 514 1653 596 sig‘ui-

125 618 312 681 licans.
330 618 610 683 sicutfuna,
641 615 794 670 unice
820 617 1148 677 indistincta,
1177 617 1447 670 individua
1468 619 1655 672 divini-

123 717 202 762 tas
235 709 288 761 in
319 707 490 761 tribus
519 706 766 775 personis
796 707 1064 761 distinctis
1092 706 1268 770 Patre,
1302 707 1435 761 Filio
1463 716 1514 761 et
1539 710 1656 776 Spi-

123 798 227 848 ritu
277 805 457 848 sancto
505 795 801 848 subsistens
847 810 950 848 non
1012 797 1209 861 patitur
1239 808 1332 848 eos
1367 804 1474 849 tres
1527 798 1654 848 deos

121 885 248 944 diei,
279 886 345 935 ita
380 899 504 945 una,
545 884 700 936 unice
748 883 1090 946 indistincta,
1118 883 1390 936 individua
1437 884 1668 951 spiratio

120 975 293 1025 activa
309 973 469 1042 729
491 975 542 1026 in
562 974 718 1026 Patre
740 987 801 1026 ac
825 973 958 1026 Filio
975 975 1237 1026 exsistens
1253 989 1352 1025 non
1372 975 1549 1026 sinere
1565 990 1656 1028 eos

122 1063 224 1115 dici
253 1064 355 1115 duo
387 1063 640 1130 principia
668 1063 897 1130 Spiritus
930 1064 1121 1130 sancti.
1153 1063 1400 1118 Eamdesu
1445 1081 1656 1134 quoque

123 1151 280 1203 istaut
309 1154 563 1206 unitatem
592 1152 902 1220 spirationis
927 1153 1132 1215 activae,
1159 1157 1209 1207 iu
1239 1155 1394 1208 Patre
1421 1156 1543 1208 licet
1572 1155 1656 1208 Fi-

122 1240 296 1309 lioque
330 1243 594 1296 distinctis
626 1244 959 1306 exsistentis,
987 1246 1072 1298 illa
1109 1248 1404 1312 respiciunt
1430 1261 1549 1315 quae
1573 1261 1657 1300 re-

121 1332 290 1384 fertur
312 1349 340 1385 a
373 1343 553 1386 nostro
588 1334 842 1387 historico
879 1335 1098 1398 dixisse,
1139 1353 1188 1403 p.
1223 1336 1310 1398 32,
1340 1340 1438 1389 sub
1473 1340 1654 1399 linem,

121 1425 162 1474 si
195 1424 316 1490 quis
343 1415 516 1478 inesse
562 1425 894 1477 contenderit
937 1428 1297 1492 praepositioni
1331 1426 1417 1478 διά
1446 1443 1536 1493 per
1565 1443 1658 1480 no-

122 1515 324 1568 tionem
349 1528 542 1578 causa},
592 1530 710 1568 eum
760 1514 880 1582 jure
917 1517 1233 1570 temeritatis
1276 1511 1653 1572 acettsandum.

122 1603 245 1658 Vult
296 1607 458 1672 enim,
506 1609 718 1675 quando
753 1606 938 1661 Patres
961 1609 1136 1661 Graeci
1182 1609 1364 1662 dicunt
1414 1621 1656 1662 sanctum

123 1691 374 1760 Spiritum
405 1707 435 1746 a
490 1693 646 1746 Patre
694 1696 778 1746 διὰ
809 1695 958 1760 ΙἾοῦ,
991 1712 1079 1762 per
1111 1694 1304 1748 Filium
1349 1699 1657 1764 procedere.

1755 526 1976 581 nimium
2012 540 2140 580 sane
2166 525 2474 589 liberaliter,
2503 535 2689 580 utnon
2719 528 2891 580 dicam
2917 525 3078 596 730
3105 525 3305 595 injuste

1756 632 1818 671 ac
1847 617 2191 678 calumniose,
2223 618 2478 671 concedat
2513 617 2718 670 crimini
2762 616 3031 680 subiacere
3081 618 3304 672 maxime

1756 705 1935 769 Italos,
1969 707 2069 760 hoc
2104 717 2184 760 est
2218 705 2460 760 Latinam
2487 714 2539 760 et
2564 706 2858 760 Romanam
2891 701 3207 772 Ecclesiam,
3240 723 3307 763 eo

1754 792 1894 857 quod
1925 805 2106 845 vocem
2142 790 2378 861 Filioque
2413 793 2719 860 apposuerit
2764 793 3037 863 Symbolo.
3079 795 3190 850 lloc
3228 798 3307 848 vi-

1753 895 1868 932 sum
1925 880 2024 934 sibi
2071 882 2280 934 audisse
2334 883 2413 950 (ut
2465 897 2657 937 sensus
2702 882 2978 937 aﬂ‘ectibns
3037 867 3303 938 serviunt)

1753 967 2154 1021 schismsticum
2183 969 2514 1033 historicum,
2533 972 2659 1026 dum
2683 972 2805 1024 huic
2824 970 2977 1024 Vecci
3001 982 3053 1026 et
3079 987 3304 1028 suorum
3341 1016 3343 1018 .

1753 1054 2058 1110 Graecorum
2087 1062 2471 1115 concertationi
2507 1063 2998 1128 iuteressot,.facile
3017 1079 3304 1120 concesse-

1754 1147 1855 1199 rim
1889 1162 1902 1198 :
1938 1144 2165 1201 Veccum
2196 1164 2382 1203 revera
2409 1153 2500 1212 ita
2547 1151 2781 1206 locutum
2809 1167 2948 1221 agre
2983 1152 3217 1206 adducar
3244 1162 3304 1207 ut

1754 1236 1989 1289 credam.
2034 1235 2164 1289 Nam
2202 1239 2404 1315 prolabi
2440 1241 2733 1308 scriptores
2785 1242 2959 1294 studio
3008 1258 3068 1295 ac
3117 1241 3302 1296 favore

1754 1343 1928 1380 cauae
1959 1330 2203 1397 proprite,
2239 1330 2540 1397 exemplum
2569 1331 2622 1384 in
2655 1333 2755 1386 hoc
2781 1332 2895 1400 ipso
2925 1345 3158 1397 prasens
3203 1332 3301 1384 ba-

1756 1417 1854 1470 beo
1887 1414 2128 1471 Vaticani
2160 1419 2546 1486 paraphrastis,
2579 1421 2667 1488 qui
2702 1437 2827 1476 wm
2872 1423 2985 1476 haec
3032 1423 3299 1477 duntaxat

1760 1506 1914 1561 modo
1958 1524 1985 1559 a
2032 1508 2188 1561 nobis
2225 1509 2489 1579 descripta
2520 1511 2572 1564 in
2606 1509 2935 1581 Pachymere
2970 1514 3204 1582 legisset,
3240 1526 3302 1567 ea

1759 1597 2062 1667 immaniter
2089 1601 2418 1668 amplificatis
2449 1602 2764 1656 deformavit
2791 1604 2842 1655 in
2863 1605 3012 1658 hunc
3046 1607 3255 1657 modum
3285 1620 3300 1658 :

1772 1685 1930 1737 ’ADta‘t
1953 1685 2105 1752 “τέως
2150 1691 2244 1741 καὶ
2275 1690 2434 1757 μόνον
2469 1693 2527 1742 τὸ
2548 1690 2809 1760 ἔγκλημα
2830 1675 3208 1761 θερᾴπεὺοιτο,
3240 1693 3301 1744 ob

125 1793 242 1831 cum
292 1779 375 1832 illa
427 1781 802 1848 praepositione
849 1782 936 1835 διά
973 1798 1061 1848 per
1098 1783 1331 1838 indicent
1367 1788 1665 1838 communi—

1764 1779 1870 1827 τῶν
1909 1776 2125 1828 Ἰταλῶν
2155 1777 2452 1846 οῠμενουνο
2485 1781 2680 1833 ἐκεῖνοι
2718 1781 2824 1850 γὰρ
2867 1781 3033 1852 χωρὶς
3071 1781 3178 1835 τῶν
3210 1783 3304 1838 ἆλ-

125 1868 383 1922 catiouem
436 1884 466 1922 a
524 1871 686 1924 Patre
720 1873 910 1924 factam
963 1873 1095 1925 Filio
1126 1874 1433 1942 spirationis
1471 1877 1658 1930 activa:

129 1960 284 2014 unius
311 1960 674 2029 ejusdemque,
701 1965 917 2016 omnino
943 1965 1236 2028 negantiam
1264 1981 1382 2018 esse
1403 1968 1658 2035 prteposi-

127 2051 324 2105 tionem
370 2051 514 2104 illam
541 2053 629 2105 διά
651 2068 741 2118 per
768 2054 1002 2106 indicare
1035 2055 1193 2107 ullam
1225 2057 1483 2109 rationem
1514 2059 1690 2125 prin-_

128 2141 248 2207 cipii
291 2143 458 2195 sancti
493 2141 748 2208 Spiritus,
801 2159 919 2212 quae
965 2144 1099 2198 Filio
1133 2153 1414 2210 competat,
1471 2147 1663 2201 distiu-

129 2244 210 2283 rta
249 2233 319 2286 ab
350 2247 410 2286 ea
435 2247 558 2301 qua:
587 2233 723 2287 inest
751 2235 896 2288 Patri
937 2252 1197 2304 quamque
1223 2237 1294 2290 illi
1332 2238 1487 2290 Pater
1515 2254 1658 2291 com-

132 2306 386 2376 ntunicat.
416 2322 509 2376 llis
543 2324 613 2376 ita
643 2326 695 2377 in
741 2325 1039 2378 universum
1065 2323 1390 2392 praestructis
1423 2327 1487 2378 ad
1515 2338 1663 2377 amo-

132 2410 362 2466 liendum
410 2397 441 2466 ξι
496 2411 668 2468 Vecco
712 2405 1322 2481 Suspiciunemomnem
1377 2417 1661 2478 haereseos,

133 2505 372 2569 quaedam
412 2504 512 2556 alia
553 2507 606 2557 in
647 2520 695 2556 (ξ.
735 2504 770 2558 9
807 2515 1008 2559 restant
1035 2507 1347 2572 explicanda
1379 2509 1550 2562 nobis.

198 2589 259 2644 P.
289 2591 375 2646 30.
413 2594 530 2658 Τὴν
550 2593 616 2646 δὲ
643 2595 1023 2660 κατασκευὴν
1045 2595 1148 2661 τῆς
1170 2597 1530 2662 προτάσεως.
1556 2599 1664 2653 Re-

136 2684 365 2750 spiciuut
400 2684 513 2736 haec
543 2683 715 2759 locum
761 2683 1104 2753 Hermogenis
1141 2687 1175 2738 Ι.
1208 2703 1220 2739 ι
1247 2687 1325 2739 De
1353 2689 1659 2756 inventione,

137 2774 220 2828 ltiti
253 2775 560 2843 κατασιευὴ
606 2775 704 2840 τῆς
749 2776 1054 2843 προτάσεως
1080 2777 1271 2829 dicitur
1298 2780 1464 2842 αἰτία,
1493 2799 1662 2836 causa

137 2863 246 2916 sive
274 2865 406 2916 ratio
433 2879 532 2918 cur
567 2867 879 2919 enuntietur
921 2876 974 2919 et
1003 2867 1292 2920 aﬂirtuetur
1320 2869 1537 2936 aliquid.
1573 2872 1665 2927 Est

138 2953 276 3005 enim
330 2956 585 3023 πρότασις
625 2957 924 3022 propositio,
975 2958 1292 3020 enuntiatio,
1346 2959 1662 3027 afﬁrmatio;

140 3058 252 3112 quin
279 3058 394 3096 cum
419 3045 614 3097 habere
648 3046 1044 3100 fundamentum
1069 3047 1276 3114 aliquod
1307 3050 1514 3112 debeat,
1537 3052 1662 3106 illud

140 3135 444 3200 κατασκευή
471 3134 692 3187 dicitur.

203 3217 337 3269 lbid.
362 3221 786 3286 Παρῃρημένην
815 3222 1094 3288 opponitur
1127 3223 1204 3291 τῷ
1235 3226 1519 3300 κεςμὲνην..
1541 3226 1666 3275 Κει-

145 3307 275 3375 μένη
299 3322 419 3360 cum
441 3309 509 3361 sit
541 3310 825 3377 propositio
857 3327 1130 3380 expresse,
1165 3315 1326 3376 clare,
1358 3316 1667 3382 intelligibi-

143 3398 256 3453 liter
275 3401 470 3454 etcitra
490 3400 976 3468 interpretationem
1010 3408 1121 3458 visu
1152 3406 1320 3472 primo
1335 3407 1668 3473 agnoscibili-

145 3499 218 3542 ter
240 3492 407 3557 posita
436 3492 580 3556 (nam
605 3494 663 3542 τὴ
682 3494 926 3560 κείμενον
946 3504 1120 3548 textus
1137 3497 1326 3548 dicitur
1349 3499 1664 3564 glossemata

142 3572 726 3648 excludens),'sequitur
755 3600 784 3635 e
815 3586 1014 3638 ratione
1044 3588 1292 3637 contrarii
1322 3595 1378 3638 ut
1422 3602 1666 3652 παρῃρη-

145 3669 270 3733 μένη
305 3669 374 3721 sit
390 3671 603 3734 oblique
639 3673 921 3737 insinuata,
949 3675 1176 3727 latenter
1198 3677 1527 3731 adumbrata.
1564 3679 1668 3731 Nec

142 3754 345 3818 penitus
405 3756 457 3809 id
507 3757 749 3810 abhorret
798 3774 826 3811 ει
881 3762 1095 3814 notione
1140 3763 1329 3815 usitata
1384 3763 1479 3816 τοῦ
1532 3783 1672 3827 παρ-

144 3845 424 3915 aipeioﬁat,
456 3861 574 3915 qua:
614 3857 696 3900 est
738 3851 991 3914 adimere,
1022 3851 1292 3917 suffocari,
1316 3855 1549 3920 auferre,
1576 3872 1671 3923 pu-

142 3935 284 3990 blicz
299 3937 539 3991 videlicet
560 3937 844 4006 cognitioni
863 3943 1194 4003 subtrahere,
1219 3944 1317 3996 hoc
1340 3952 1420 3996 est
1447 3944 1669 3997 abscon—

145 4026 258 4079 dere
288 4041 383 4082 nec
413 4027 513 4080 nisi
560 4043 653 4094 per
690 4029 937 4099 ambages
973 4040 1026 4083 et
1053 4033 1383 4098 conjecturas
1415 4035 1667 4096 indicare,

145 4125 228 4170 aut
249 4117 644 4196 etiam‘penitus
662 4118 866 4172 tollere.
904 4119 1049 4185 Unde
1089 4121 1457 4201 disiunctivam
1498 4127 1668 4191 posui,
1718 4118 1724 4125 ”

146 4217 232 4259 ut
253 4209 493 4280 omissam
535 4217 626 4259 aut
675 4209 875 4276 oblique
925 4211 1243 4264 insinuatam
1294 4215 1666 4280 interpretans,

147 4311 314 4364 nequa
356 4314 439 4349 me
469 4297 630 4364 fugiat
673 4299 796 4360 νοῦς
829 4302 1100 4353 σκοτεινοῦ
1140 4305 1519 4372 συγγραφέως,
1551 4322 1668 4358 sen-

147 4386 291 4437 tentia
323 4387 564 4454 lucifuga!
590 4390 854 4456 scriptoris
883 4406 898 4442 :
928 4405 1043 4444 eam
1078 4392 1240 4451 enim,
1274 4409 1338 4446 ne
1370 4393 1666 4461 aliquaver-
1696 4422 1746 4481 Β

145 4491 252 4528 sum
279 4476 540 4535 elabatur,
571 4477 745 4542 sepire
769 4479 1002 4550 undique
1032 4487 1335 4535 consultum
1363 4493 1463 4537 est.

198 4553 338 4622 ilbid.
386 4567 592 4620 lnducit
635 4567 917 4622 historicus
951 4571 1172 4623 Veccum
1205 4585 1517 4639 purgantem
1553 4590 1672 4629 sese

148 4671 171 4708 ι
201 4652 496 4727 suspicione
525 4659 772 4726 culpandi
803 4659 1017 4714 Graecos
1064 4673 1156 4714 aut
1205 4663 1412 4716 favendi
1450 4665 1669 4722 Latinis.

150 4747 198 4799 In
246 4765 346 4817 quo
390 4751 439 4805 ei
495 4749 694 4821 allingit
747 4749 971 4817 aliquid,
993 4765 1055 4803 es
1095 4742 1189 4804 suo
1214 4754 1439 4811 fortasse
1487 4771 1668 4822 sensu,

150 4836 396 4902 ejusmodi
459 4842 598 4906 quod
649 4853 752 4892 non
792 4842 924 4893 citra
957 4840 1201 4907 iujuriaut
1242 4842 1549 4896 Latinorum
1579 4847 1670 4906 sit,

150 4929 228 4994 qui
261 4939 310 4980 et
349 4929 403 4982 in
429 4929 752 4983 tractatione
805 4930 996 4997 prioris
1043 4932 1193 4984 istius
1224 4933 1523 4986 concordiae
1557 4950 1672 5002 quo

153 5027 372 5087 tempore
401 5020 669 5074 aliehaelis
694 5019 971 5085 Palmologi
996 5022 1046 5072 in
1081 5009 1308 5073 concilio
1331 5022 1669 5091 Lugdunensi

153 5114 354 5174 coaluit,
382 5112 506 5162 etin
537 5124 791 5176 apparatu
823 5110 1064 5164 secundat
1086 5113 1135 5163 in
1163 5114 1388 5166 concilio
1417 5114 1671 5189 Florenti-

155 5216 213 5252 no
263 5202 500 5259 llrmatte.
539 5216 751 5267 semper
799 5202 1147 5255 defenderunt
1194 5220 1252 5273 se
1285 5207 1426 5271 juste
1462 5221 1521 5258 ac
1558 5208 1672 5260 sine

153 5294 288 5352 culpa
321 5297 535 5347 verbum
564 5288 800 5356 Filioque
837 5294 1073 5360 symbolo
1102 5293 1314 5348 Nirmno
1348 5297 1488 5349 dicto
1519 5298 1670 5348 addi-

154 5382 302 5458 disse,
319 5399 453 5460 .cum
471 5392 650 5434 tamen
681 5382 765 5432 hic
788 5383 990 5437 Vecctts
1015 5387 1245 5449 graviter
1269 5402 1318 5438 tn
1341 5402 1405 5438 eo
1427 5401 1671 5454 peccasse

156 5469 272 5551 illos,
312 5472 460 5538 quasi
491 5473 630 5525 ultro
662 5474 1034 5538 praevaricatio,
1067 5475 1396 5542 profiteatur.
1432 5475 1519 5548 [P.
1541 5475 1685 5551 520]¹

156 5550 310 5614 Verba
358 5563 598 5616 historici
644 5561 745 5616 tale
779 5561 947 5616 Vecco
989 5565 1188 5618 dictum
1235 5568 1514 5622 tribuentis
1559 5569 1670 5620 btet:

157 5662 261 5705 wut
296 5647 539 5716 rasam;
565 5652 621 5706 δδ
650 5653 802 5718 αὖθις
830 5684 896 5696 -
934 5656 1142 5710 κεῖσθαι
1190 5656 1249 5709 τὸ
1282 5658 1551 5725 μέγιστον.
1590 5657 1665 5712 Eu

1764 1865 1870 1917 λων
1895 1858 1968 1918 ὧν
1992 1865 2203 1934 ἔχουσιν
2231 1869 2518 1938 αἱρέσεων,
2547 1870 2624 1939 τῷ
2657 1872 2920 1940 τολμῆσαι
2950 1875 3305 1943 μόνονιπροσ-
3351 1863 3358 1870 ’

1765 1955 1938 2007 Θεῖναι
1984 1956 2061 2023 τῷ
2120 1957 2372 2026 συμϐόλῳ
2425 1960 2525 2030 τὴν
2566 1961 2727 2025 λέξιν,
2759 1963 3001 2032 μεγάλης
3040 1963 3322 2032 αἱρέσεως·

1765 2043 1987 2104 εἰκότως
2048 2043 2221 2114 ἔνοχοι
2263 2046 2523 2113 γίνονται.
2574 2046 2687 2102 lloc
2739 2057 2820 2103 est
2849 2067 2863 2104 :
2895 2050 3024 2104 Sed-
3053 2052 3323 2104 hactenus-

1764 2134 2046 2198 duntaxat,
2080 2147 2136 2188 ut
2185 2140 2378 2190 crimen
2423 2148 2690 2191 excusaret
2713 2137 2958 2209 (Veccus)
2993 2157 3090 2193 non
3133 2145 3320 2211 utique-

1765 2223 2022 2276 ltolorum
2060 2243 2078 2279 :
2127 2226 2204 2277 illi
2243 2228 2400 2288 enim,
2433 2240 2620 2296 praeter
2663 2229 2802 2281 alias
2844 2230 3028 2298 quibus
3072 2240 3310 2284 tenentur

1764 2311 2004 2375 hwreses,
2042 2313 2119 2368 vel
2165 2318 2276 2368 solo
2311 2331 2445 2368 ausu
2471 2318 2756 2370 additionis
2788 2317 3033 2387 Symbolo
3062 2319 3308 2387 apporin

1765 2403 1919 2455 unius
1944 2405 2101 2464 vocis,
2132 2406 2353 2473 ingentis
2393 2406 2643 2461 liceretea:
2689 2409 2763 2462 rei
2787 2409 2906 2479 jure
2944 2413 3144 2479 peracti
3189 2423 3306 2466 sunt

1766 2492 2009 2547 habendi.
2038 2491 2112 2546 Ita
2141 2494 2484 2564 interpolator
2504 2499 2893 2560 schismatictts,
2928 2492 3122 2554 oblitus
3143 2516 3321 2569 quam-

1766 2597 1905 2649 stepe
1936 2587 2072 2653 apud
2104 2573 2436 2654 scriptorem,
2471 2603 2629 2654 quem
2660 2589 2931 2656 compilat,
2956 2589 3144 2658 legerit
3169 2590 3305 2644 Vec-

1766 2684 1886 2722 cum
1935 2687 2141 2725 omnem
2183 2674 2408 2740 lapidem
2439 2677 2690 2738 movisse,
2726 2677 2779 2754 in
2826 2685 2998 2746 eoque
3044 2694 3307 2734 summam

1767 2773 1974 2828 semper
2007 2762 2404 2816 contentionem
2435 2763 2759 2830 adhibuisse,
2794 2779 2850 2820 ut
2892 2769 3159 2822 cvitttzeret
3207 2784 3307 2837 pu-

1769 2863 1860 2904 ros
1895 2842 2037 2902 omni
2082 2851 2344 2907 hmreseos
2387 2853 2503 2907 tabe
2534 2851 2754 2909 Latinos
2789 2870 2930 2919 esse,
2968 2864 3028 2909 ut
3070 2855 3192 2908 inde
3225 2855 3307 2908 iu-

1772 2939 1932 2993 ferret
1959 2952 2105 2996 recte
2129 2927 2361 3011 potuisse
2389 2946 2506 2999 illos
2533 2947 2582 2999 in
2608 2964 2666 2999 co
2695 2950 3031 3000 »ιιιιιιιιὶοιιειη
3061 2963 3086 2998 a
3109 2947 3308 3000 Graecis

1770 3029 1996 3094 admitti,
2025 3032 2231 3084 etiamsi
2263 3033 2398 3087 forte
2420 3051 2523 3089 non
2554 3038 2683 3090 satis
2708 3052 2837 3104 pur;
2858 3049 2997 3090 ucut
3049 3037 3303 3090 invidiam

1691 3113 1733 3172 C
1766 3119 2122 3186 adjunctiouis
2168 3125 2310 3175 vetiti
2355 3126 2417 3176 ad
2450 3127 2786 3195 symbolum;
2827 3143 2964 3196 quae,
2999 3138 3051 3180 ut
3092 3143 3308 3181 summo

1762 3207 1882 3275 jure
1914 3221 2178 3278 ageretur,
2213 3227 2366 3267 error
2388 3225 2574 3268 contra
2601 3203 2791 3285 dogma
2828 3232 2948 3272 csse
2975 3235 3081 3272 non
3105 3232 3306 3287 posset,

1767 3301 1858 3352 Sed
1905 3310 2180 3366 peccatum
2212 3305 2468 3358 duntaxat
2508 3319 2690 3360 contra
2731 3310 3092 3378 disciplinam,
3122 3312 3304 3380 qualia

1757 3403 1870 3441 non
1921 3392 2173 3444 inducunt
2227 3393 2598 3460 obligatiooem
2636 3400 3042 3453 communionis
3093 3402 3312 3454 abrum-

1770 3482 1968 3545 pendae.
2016 3481 2082 3534 Ut
2135 3485 2294 3550 igitur
2349 3487 2620 3540 historiam
2679 3505 2836 3555 quam
2894 3493 3148 3558 scriptam
3199 3507 3307 3558 pra:

1767 3570 1935 3622 oculis
1972 3571 2195 3628 habebat
2238 3589 2534 3644 auooymus
2579 3578 2917 3641 epitomator,
2944 3579 3153 3633 ali'ectui
3199 3584 3311 3650 pri-

1770 3669 1890 3712 vato
1928 3678 2051 3730 erga
2087 3665 2315 3717 schisma
2350 3666 2648 3734 indulgens,
2688 3668 2739 3718 in
2767 3668 3158 3736 praeiudicatum
3185 3685 3308 3723 eor-

1770 3759 1908 3822 rupit
1965 3762 2306 3824 sententiam,
2364 3762 2430 3814 ita
2490 3763 2748 3831 suspicari
2811 3765 2953 3829 licet,
3005 3764 3311 3817 audientem

1771 3845 1922 3899 Vecci
1947 3849 2101 3901 verba
2135 3849 2530 3918 Pachytucrem,
2559 3855 2948 3919 coittendeutis,
2978 3853 3060 3907 vel
3091 3855 3135 3908 si
3173 3855 3312 3908 forte

1771 3939 1944 4005 ail‘crri
1979 3943 2222 4007 nequiret
2252 3944 2437 3996 idonea
2473 3942 2744 3999 excusatio
2784 3948 3127 4002 additamenli
3161 3947 3311 4000 Lali-

1772 4044 1954 4080 oorum
1999 4030 2062 4082 ad
2095 4031 2408 4099 symbolum,
2443 4035 2492 4084 in
2524 4049 2628 4100 quo
2657 4035 2764 4103 ipse
2795 4050 3028 4104 pugnare
3066 4038 3306 4092 odiosius

1769 4131 1872 4167 non
1902 4116 2117 4170 duceret
2151 4124 2506 4174 necessarium
2539 4124 2603 4176 ad
2645 4139 2882 4186 causam,
2924 4135 3099 4179 tamen
3138 4127 3308 4179 barre-

1773 4209 1886 4259 ticae
1937 4209 2200 4262 immunes
2247 4210 2378 4265 labis
2425 4214 2605 4281 utique
2651 4216 2793 4282 ipsos
2845 4232 2985 4279 esse,
3019 4219 3109 4287 qui
3153 4218 3204 4270 iu
3244 4233 3306 4271 ea

1769 4312 1926 4363 quam
1987 4299 2267 4354 tradebant
2330 4306 2394 4357 de
2447 4309 2788 4371 processioue
2845 4313 3018 4362 sancti
3077 4309 3309 4377 Spiritus

1771 4389 1928 4439 etiam
1955 4403 2018 4442 ex
2046 4389 2178 4443 Filio
2211 4395 2447 4447 doctrina
2476 4410 2581 4449 non
2617 4398 2774 4450 dubie
2804 4399 3177 4466 suifragatores
3202 4397 3308 4452 Pa-

1775 4489 1882 4531 tres
1907 4476 2122 4533 Gra'cos
2173 4482 2356 4547 prima:
2397 4487 2729 4539 auctoritatis
2760 4487 3006 4539 Itabcrt-.;i
3062 4488 3186 4538 liam
3221 4486 3308 4538 illo

1771 4571 2169 4624 concessionem
2207 4571 2258 4624 iu
2290 4588 2596 4638 expressam
2631 4575 2939 4630 Latinorum
2975 4577 3041 4630 ob
3081 4576 3312 4629 additio-

1771 4671 1890 4711 nem
1919 4660 1982 4712 ad
2007 4661 2307 4729 symbolum
2339 4663 2733 4717 damnationem
2757 4669 3012 4734 .‘augendo
3034 4672 3308 4731 perverte-

1770 4749 1860 4801 rit.
1919 4749 2048 4804 Utut
2100 4753 2189 4815 sit,
2243 4753 2487 4820 equidem
2540 4756 2670 4808 satis
2721 4757 2862 4809 clare
2911 4755 3311 4810 demonstrasse

1775 4841 1903 4893 mihi
1939 4842 2122 4896 videor
2163 4849 2373 4910 propria
2409 4861 2570 4914 super
2605 4862 2668 4900 eo
2701 4855 3012 4914 argumento
3050 4847 3310 4900 disserta-

1773 4932 1935 4995 tione,
1968 4948 2082 5000 quae
2114 4944 2289 4987 exstat
2322 4935 2355 4988 Ι.
2401 4951 2437 4988 tt
2488 4952 2725 4990 mearum
2767 4937 3211 4990 Oluuiruatiotmn
3243 4939 3310 4991 atl

1774 5025 1919 5090 prius
1963 5023 2204 5077 volumen
2252 5025 2408 5093 hujus
2449 5025 2692 5080 Historiae
2726 5042 2752 5078 a
2791 5042 2842 5093 p.
2873 5025 2977 5080 665
3002 5055 3069 5065 ν-
3099 5043 3150 5093 p.
3183 5026 3311 5089 67A

1773 5117 2089 5168 additioncm
2149 5117 2213 5169 ad
2261 5118 2567 5186 Symbolum
2625 5129 2765 5172 recte
2798 5119 3191 5187 acrprudenter
3234 5119 3311 5171 fa.

1773 5216 1908 5257 ctam
1966 5207 2091 5258 nulli
2143 5222 2260 5262 esse
2311 5208 2589 5261 obnoxiam
2624 5209 3062 5274 reprehensioni;
3103 5218 3158 5261 ut
3191 5223 3316 5260 eam

1771 5313 1858 5350 seu
1889 5295 2088 5352 Veccus
2122 5314 2211 5352 seu
2239 5300 2588 5369 Pachymeres
2610 5297 2828 5367 culpare
2846 5301 3088 5364 voluerit,
3113 5299 3312 5352 frustra

1770 5387 1913 5440 sint.-

1838 5476 1899 5532 P.
1931 5479 2018 5532 52.
2057 5480 2253 5533 Καίτοι
2293 5497 2355 5548 τε
2386 5479 2455 5532 τὰ
2474 5479 2684 5547 μέτριά
2713 5498 2779 5548 τε
2808 5483 2931 5547 τοῖς
2967 5481 3171 5549 λόγοις
3204 5479 3313 5535 αὐ-

1768 5569 1872 5622 τοῦ
1901 5571 2476 5637 προσσρθρούμενος,
2511 5572 2739 5626 obnoxie
2788 5573 2956 5624 fateor
3001 5573 3054 5626 in
3088 5588 3192 5629 ms.
3223 5587 3310 5628 me

1768 5659 1958 5729 legisse
1989 5661 2438 5745 aposqpxdpevoi.
2461 5661 2564 5718 Sed
2594 5663 2812 5718 verbum
2843 5661 3080 5730 ignotum
3103 5673 3158 5721 et
3185 5667 3312 5724 huic
