4038 6332
187 313 294 379 ’189

1619 314 1847 374 ΝΟΤίΕ.

3254 309 3370 367 790

183 423 435 486 interius,
467 436 518 490 ι).
571 399 658 481 92,
726 417 968 484 repetiit,
1022 418 1074 469 in
1119 392 1476 484 disputatione
1535 429 1720 471 contra
1753 431 1794 483 Α
1826 426 1884 470 ιιι
1918 416 2216 482 Vcecus,-si
2247 415 2560 485 Pachymcri
2593 414 2884 479 credimus,
2927 415 3087 468 etiam
3137 415 3366 480 juratus,

189 513 545 582 patriarcham
581 508 890 577 Gregorium
926 507 1201 576 Cyprium,
1227 510 1508 578 utrobique
1550 495 1720 577 sifui-

191 602 379 664 licens.
398 602 677 667 sicutjuna,
708 597 861 652 unice
886 598 1214 659 indistincta,
1243 599 1513 651 individua
1533 600 1721 653 divini—

187 700 273 747 tas
304 693 356 744 in
386 690 557 744 tribus
585 689 833 758 personis
864 689 1131 743 dislittClis
1159 687 1334 752 Patre,
1368 688 1501 742 Filio
1529 697 1581 742 et
1605 692 1723 758 Spi-

188 782 296 833 ritu
343 789 525 832 sancto
573 778 868 831 subsistens
914 792 1017 830 non
1080 778 1276 843 patitur
1306 789 1399 829 eos
1433 786 1541 830 tres
1594 779 1721 830 deos

185 869 317 928 dici,
345 869 412 918 ita
448 883 571 928 una,
611 867 766 919 unice
816 865 1158 928 indistincta,
1186 864 1457 918 individua
1504 866 1735 932 spiratio-

183 959 360 1011 activa
377 956 538 1027 729
559 957 609 1010 in
630 957 785 1009 Patre
807 970 868 1008 ac
893 955 1026 1008 Filio
1043 957 1304 1008 exsistens
1321 970 1420 1006 non
1440 956 1616 1008 sinere
1633 971 1723 1009 eos

186 1047 296 1100 dici
321 1048 424 1100 duo
455 1047 708 1113 principia
735 1045 964 1112 Spiritus
998 1046 1189 1112 sancti.
1220 1044 1467 1100 Eamdem
1512 1062 1723 1114 quoque

186 1135 347 1188 istam
377 1137 630 1190 unitatem
659 1135 970 1203 spirationis
994 1134 1200 1198 activae,
1226 1138 1277 1189 itt
1307 1136 1462 1190 Patre
1489 1137 1611 1188 licet
1639 1136 1724 1188 Fi-

185 1225 364 1294 lioque
399 1227 662 1280 diatinctis
693 1227 1027 1288 exsistentis,
1055 1228 1140 1280 illa
1177 1229 1472 1294 recpiciunt
1498 1242 1617 1296 quae
1641 1242 1724 1280 re-

184 1316 358 1369 fertur
380 1332 409 1370 a
442 1325 622 1369 nostro
655 1317 910 1370 historico
947 1318 1167 1379 dixisse,
1207 1334 1257 1384 ν.
1291 1317 1379 1380 32,
1408 1322 1506 1370 sub
1541 1320 1721 1379 linem,

182 1409 228 1459 si
263 1408 384 1475 quis
412 1398 585 1462 inesse
629 1407 962 1461 contenderit
1005 1409 1365 1475 praepositioni
1398 1407 1486 1458 διά
1515 1423 1605 1474 per
1633 1423 1726 1460 no-

185 1499 610 1561 tionemcauste,
661 1513 778 1552 eum
828 1497 948 1566 jure
985 1499 1301 1552 temeritatis
1344 1499 1722 1554 accusandum.

184 1587 315 1642 Vult
365 1591 526 1656 enim,
575 1592 786 1658 quando
821 1589 1006 1643 Patres
1030 1591 1204 1644 Graeci
1250 1590 1432 1644 dicunt
1482 1601 1724 1643 sanctum

156 1696 159 1698 '
185 1676 444 1746 Spiritum
475 1691 505 1730 a
560 1677 715 1730 Patre
762 1679 847 1729 διὰ
878 1678 1027 1742 ΥΙοῦ,
1059 1694 1148 1745 per
1180 1676 1372 1730 Filium
1418 1680 1726 1746 procedere.

1821 507 2042 561 nimium
2078 520 2206 560 sane
2232 506 2540 568 liberaliter,
2569 513 2626 559 ut
2649 519 2755 558 non
2785 505 2957 558 dicam
2983 502 3146 573 730
3172 502 3372 573 injuste

1823 613 1884 651 ac
1913 597 2257 658 calumniose,
2289 587 2544 650 concedat
2581 595 2785 648 crimini
2829 594 3099 658 subiacere
3149 595 3372 648 maxiino

1822 686 2002 749 Italos,
2036 687 2135 740 hoc
2170 697 2250 740 est
2284 684 2526 739 Latinam
2553 693 2606 738 et
2630 685 2925 738 Romanam
2958 679 3276 750 Ecélesiam,
3308 699 3374 740 eo

1821 772 1961 838 quod
1991 785 2172 826 vocem
2208 770 2444 840 Filioque
2479 772 2786 839 apposuerit
2831 771 3105 841 Syntbolo.
3147 772 3258 826 lloc
3296 774 3376 825 vi-

1821 875 1935 913 sum
1991 861 2090 914 sibi
2137 862 2346 914 audisse
2400 862 2480 930 (ιιι
2531 876 2724 916 sensus
2769 861 3046 915 all'ectibus
3105 843 3372 914 serviunt)

1821 948 2220 1002 scbismaticum
2249 949 2582 1012 historicum.
2600 951 2727 1004 dum
2750 950 2872 1003 huic
2891 948 3045 1003 Vecci
3069 959 3122 1004 et
3147 964 3372 1005 suorum
3411 992 3413 994 -

1820 1035 2125 1090 Gracorum
2154 1041 2538 1094 concertationi
2573 1041 3066 1106 interesset,.facile
3086 1056 3373 1098 concesse-

1821 1128 1922 1179 rim
1957 1143 1970 1178 :
2005 1124 2232 1180 Veecutn
2263 1144 2449 1183 revera
2475 1132 2567 1193 -ita
2614 1130 2849 1185 locutum
2877 1145 3016 1199 agre
3051 1130 3286 1184 adducar
3313 1138 3373 1185 ut

1822 1216 2057 1268 credam.
2101 1214 2231 1268 Nam
2269 1218 2473 1294 prolabi
2507 1220 2801 1287 scriptores
2854 1220 3028 1273 studio
3077 1235 3136 1273 ac
3186 1219 3371 1274 favore

1822 1322 1996 1359 causa:
2027 1309 2270 1376 pr0priae,
2307 1309 2607 1377 exemplum
2636 1310 2690 1364 in
2723 1312 2823 1364 hoc
2849 1310 2963 1379 ipso
2993 1324 3226 1375 praesens
3271 1310 3370 1362 ha-

1824 1397 1923 1449 beo
1955 1394 2196 1451 Vaticani
2228 1398 2614 1466 parapbrastis,
2647 1401 2735 1467 qui
2770 1415 2896 1454 cum
2941 1400 3054 1454 haec
3101 1400 3369 1455 duntaxat

1828 1485 1983 1541 modo
2027 1503 2053 1539 a
2099 1488 2256 1541 nobis
2293 1489 2556 1557 descripta
2589 1490 2641 1543 in
2674 1488 3004 1560 Paehymere
3038 1491 3274 1560 legisset,
3309 1503 3372 1545 ea

1827 1577 2130 1647 immaniter
2157 1580 2486 1648 amplificatis
2517 1580 2833 1634 deformavit
2860 1582 2910 1634 in
2932 1583 3080 1656 hunc
3115 1584 3325 1635 modum
3355 1597 3370 1635 :

1841 1665 2000 1717 Ἀ).λᾶ
2021 1665 2174 1731 Ἴτέως
2219 1669 2313 1720 καὶ
2344 1669 2503 1737 μόνον
2537 1671 2596 1721 τὸ
2617 1669 2879 1738 ἔγκλημα
2899 1667 3278 1739 θεραπεύοιτο,
3311 1671 3372 1722 oti

185 1777 312 1816 cum
361 1762 445 1816 illa
497 1764 871 1831 praepositione
918 1765 1004 1818 διά
1039 1780 1130 1830 per
1166 1766 1399 1819 indicent
1435 1769 1734 1819 communi—

1834 1759 1939 1807 τῶν
1978 1755 2194 1808 Ἰταλῶν
2225 1756 2521 1825 οΰμενουνο
2554 1759 2749 1812 ἐκεῖνοι
2787 1759 2908 1828 γὰρ,
2936 1760 3103 1830 χωρὶς
3141 1759 3248 1813 τῶν
3281 1761 3374 1814 ἁλ-

185 1852 453 1906 catiouem
505 1868 536 1905 a
593 1854 755 1907 Patre
788 1855 979 1906 factam
1032 1855 1164 1907 Filio
1195 1856 1502 1924 spirationis
1541 1858 1727 1911 activa:

190 1944 354 1998 tritius
381 1943 742 2012 ejusdemque,
771 1947 986 1999 omnino
1011 1947 1306 2011 negandant
1333 1962 1451 2000 esse
1472 1949 1728 2016 praeposi-

189 2035 393 2089 IiOnem
440 2035 583 2088 illam
611 2035 698 2088 διὰ
720 2050 810 2101 per
838 2037 1071 2088 indicare
1104 2037 1262 2088 ullam
1294 2038 1553 2090 rationem
1584 2040 1761 2106 prin-5

189 2126 318 2191 εἶνἰί
358 2126 529 2178 sancti
563 2125 818 2191 Spiritus,
870 2142 988 2194 quae
1035 2126 1169 2180 Filio
1202 2135 1485 2192 competat,
1541 2129 1734 2182 distin-

190 2227 282 2268 cta
319 2215 386 2271 ab
419 2231 481 2268 ea
506 2230 627 2283 quae
656 2216 793 2270 inest
821 2217 966 2270 Patri
1006 2234 1266 2286 quamque
1293 2219 1364 2272 illi
1401 2219 1557 2271 Pater
1585 2234 1728 2271 com-

175 2288 456 2370 _municat.
487 2304 580 2358 llis
613 2307 683 2358 ita
712 2308 765 2360 in
810 2307 1109 2360 universum
1134 2305 1460 2373 prrestructis
1492 2308 1557 2358 ad
1585 2319 1733 2358 amo-

192 2394 433 2450 liendum
481 2381 512 2449 Ξι
565 2394 738 2449 νθεεο
783 2386 1393 2463 suspicionemomnem
1447 2398 1732 2460 haereseos,

192 2488 444 2554 quaedam
484 2487 584 2538 alia
624 2490 676 2539 in
716 2502 766 2538 c.
805 2487 840 2540 9
877 2497 1078 2541 restant
1106 2488 1418 2554 explicanda
1450 2490 1621 2542 nobis.

270 2573 330 2628 P.
359 2574 446 2629 30.
484 2576 602 2641 Τὴν
621 2575 687 2630 δὲ
713 2577 1093 2642 κατασκευὴν
1116 2577 1220 2642 τῆς
1242 2578 1601 2643 προτάσεως.
1627 2579 1735 2634 Re-

194 2667 435 2735 spicinnt
473 2667 585 2729 luce
614 2666 786 2742 locum
833 2665 1175 2736 Hermogenis
1212 2669 1246 2719 ι.
1279 2669 1396 2720 ι.οε
1424 2670 1731 2736 inventione,

196 2758 293 2811 ubi
323 2758 633 2826 κατασιςευὴ
677 2757 774 2824 τῆς
819 2758 1125 2825 προτάσεως
1152 2759 1342 2812 dicitur
1369 2761 1535 2824 αἰτία,
1564 2780 1734 2816 causa

195 2847 318 2902 sive
344 2848 478 2900 ratio
506 2863 605 2901 cur
638 2849 951 2902 enuntietur
993 2858 1046 2902 et
1075 2849 1364 2901 allirmetur
1392 2851 1609 2917 aliquid.
1645 2853 1736 2908 Est

195 2937 346 2991 enim
400 2939 657 3007 πρότασις
697 2939 996 3004 propositio,
1048 2939 1364 3006 enuntiatio,
1418 2940 1734 3006 allirmatio;

198 3042 324 3097 qua:
349 3029 466 3081 cum
492 3028 685 3080 habere
720 3029 1116 3089 luudamentum
1141 3029 1349 3096 aliquod
1379 3031 1586 3092 debeat,
1609 3033 1734 3087 illud

196 3118 517 3183 κατασκευή
544 3117 764 3170 dicitur.

274 3201 408 3253 Ibid.
435 3203 858 3269 Παρῃρημένην
887 3203 1166 3271 ονροιιίιιιτ
1200 3204 1276 3273 τῷ
1308 3207 1592 3280 κειμένην..
1613 3207 1738 3256 K9.-

201 3291 348 3361 μένη
372 3305 492 3344 cum
514 3291 582 3344 sit
614 3293 897 3360 propositio
929 3310 1202 3362 expresse,
1238 3297 1398 3358 clare,
1431 3297 1740 3363 intelligibi-

198 3383 330 3440 liter
348 3384 544 3438 etcitra
563 3383 1050 3452 interpretationem
1083 3390 1194 3440 visu
1225 3387 1392 3453 primo
1408 3387 1741 3455 agnoscibili-

99 3506 108 3515 -
201 3483 291 3526 ter
315 3475 481 3541 posita
509 3475 653 3540 (nam
678 3477 736 3526 τδ
755 3476 1000 3542 κείμενον
1019 3486 1193 3529 textus
1211 3478 1399 3529 dicitur
1421 3479 1737 3545 glossemata

196 3555 798 3632 excludens),seqnitur
827 3583 857 3617 e
889 3569 1088 3620 ratione
1118 3569 1365 3619 contrarii
1395 3576 1451 3619 ut
1494 3583 1740 3634 παρῃρη-

199 3653 345 3721 μένη
379 3652 447 3705 sit
463 3653 675 3718 oblique
711 3655 995 3719 insinuata,
1023 3656 1250 3708 latenter
1271 3659 1601 3712 adumbrata.
1638 3660 1742 3712 Nec

197 3738 419 3805 penitus
479 3739 530 3792 id
581 3740 822 3793 abhorret
871 3757 899 3793 ει
955 3744 1169 3795 notione
1213 3745 1402 3798 usitata
1457 3745 1552 3797 τοῦ
1605 3763 1745 3809 παρ-

197 3828 499 3900 αιρεῖσθαι,
530 3844 647 3899 qua
687 3840 769 3883 est
812 3833 1065 3896 adimere,
1096 3833 1365 3898 suﬂ'urari,
1391 3836 1623 3901 auferre,
1650 3853 1744 3904 pu-

195 3922 358 3976 blica
374 3920 612 3974 videlicet
634 3920 918 3988 cognitioni
937 3925 1268 3984 subtrahere,
1295 3925 1392 3977 hoc
1414 3933 1494 3976 est
1521 3925 1744 3977 abscon-

197 4012 335 4065 dere
364 4025 459 4064 nec
488 4011 587 4063 nisi
634 4025 726 4077 per
765 4012 1011 4082 ambages
1048 4022 1100 4066 et
1128 4014 1457 4079 eonjo-cturas
1489 4016 1742 4077 indicare,

198 4110 297 4156 aut
323 4100 941 4179 etiann_penitustollere.
979 4101 1123 4167 Unde
1163 4101 1532 4181 disiunctivam
1573 4107 1743 4171 pet-ui,
1792 4098 1800 4105 ’

198 4201 302 4246 aut
327 4191 568 4263 omissam
610 4199 700 4242 aut
750 4191 950 4259 oblique
1000 4192 1317 4245 insinuatam
1369 4195 1742 4260 interpretans,

200 4297 270 4334 ne
285 4295 390 4348 qua
433 4296 516 4332 me
544 4280 704 4347 fugiat
749 4280 870 4342 νοῦς
904 4283 1175 4334 σκοτεινοῦ
1216 4285 1594 4353 συγγραφέως,
1627 4302 1744 4338 sen-

198 4369 368 4424 tentia
400 4369 639 4438 lucifuga!
666 4372 928 4438 scriptoris
958 4387 973 4423 :
1003 4385 1118 4425 eam
1153 4373 1315 4432 enim,
1349 4389 1413 4427 ne
1445 4374 1742 4441 aliquaver-
1771 4402 1822 4461 Β

197 4477 326 4516 eum
357 4459 616 4518 elabatur.
646 4459 820 4525 sepire
844 4462 1077 4532 undique
1107 4469 1410 4517 consultum
1438 4473 1538 4518 est.

265 4537 416 4606 llhid.
463 4550 670 4603 lnducit
710 4550 992 4604 historicus
1025 4552 1248 4604 Veccnnt
1281 4565 1592 4620 purgantem
1628 4571 1748 4610 sese

200 4659 234 4697 ο
269 4632 573 4710 suspicione
601 4641 847 4709 culpandi
879 4641 1093 4696 Gnaeos
1139 4654 1231 4696 aut
1281 4645 1488 4697 favendi
1525 4645 1745 4702 Latinis.

202 4735 266 4789 In
319 4748 424 4801 quo
467 4734 517 4787 ei
571 4732 770 4804 aﬂingit
822 4731 1046 4798 aliquid,
1069 4747 1131 4785 ex
1170 4723 1265 4785 suo
1290 4735 1515 4788 fortasse
1563 4751 1744 4802 sensu,

202 4822 473 4890 ejusmodi
536 4825 674 4890 quod
725 4836 828 4874 non
869 4824 1000 4875 citra
1033 4821 1277 4888 injuriam
1318 4824 1624 4877 Latinorum
1655 4827 1746 4886 sit,

203 4915 299 4983 qui
335 4922 390 4964 et
429 4911 480 4964 in
508 4912 828 4965 tractatione
882 4912 1072 4979 prioris
1119 4912 1270 4965 istius
1301 4914 1599 4967 concordia:
1633 4930 1749 4982 quc

204 5016 450 5071 tempore
479 5003 745 5056 Michaelis
771 5001 1047 5068 Palaeologi
1073 5003 1122 5053 in
1157 4990 1385 5055 concilio
1407 5002 1745 5072 Lugdunensi

204 5098 432 5157 coaluit,
461 5093 584 5145 etin
615 5107 868 5158 apparatu
900 5092 1140 5146 secundae
1163 5095 1212 5144 in
1240 5094 1465 5146 concilio
1494 5095 1748 5171 Florenti-

205 5202 282 5240 no
337 5185 578 5242 ﬁrmata,
617 5198 828 5249 smuper
877 5185 1224 5237 defenderunt
1271 5201 1329 5254 s_e_
1362 5187 1503 5253 juste
1538 5202 1597 5239 ac
1634 5188 1749 5244 sine

204 5279 364 5340 culpa
398 5279 612 5330 verbum
642 5271 878 5339 Filioque
915 5276 1150 5342 symbolo
1179 5275 1391 5328 Nicmno
1425 5278 1565 5329 dicto
1595 5277 1746 5330 addi-

203 5369 379 5443 disse,
395 5382 531 5444 ⁸ειιιιι
551 5375 728 5417 tamen
759 5364 842 5415 hic
865 5365 1068 5419 Veectts
1093 5367 1322 5431 graviter
1346 5383 1395 5419 in
1418 5383 1483 5419 eo
1503 5381 1748 5434 peccasse

207 5457 350 5517 illos,
389 5455 538 5522 quasi
570 5455 708 5508 ultro
739 5456 1111 5520 praevaricans,
1145 5456 1472 5524 proﬁteatur.
1509 5456 1596 5528 [P.
1618 5455 1744 5528 5‘20]

204 5538 387 5601 Verba
435 5546 676 5599 historici
721 5543 823 5598 tale
857 5544 1025 5621 Vecco
1067 5546 1265 5600 dictum
1312 5548 1591 5602 tribuentis
1636 5549 1747 5601 haec

207 5647 336 5696 sunt
372 5649 386 5687 :
422 5635 618 5698 Δεδιὼς
644 5635 700 5689 δὲ
729 5635 880 5701 αὖθις
908 5666 974 5678 -—
1012 5637 1220 5691 κεῖσθαι
1268 5637 1326 5689 τὸ
1360 5639 1629 5705 μέγιστον.
1667 5637 1743 5692 En

1833 1845 1940 1897 λων
1964 1838 2037 1898 ὧν
2061 1845 2272 1914 ἔχουσιν
2301 1849 2586 1917 αῑρισεων,
2616 1849 2694 1918 τῷ
2727 1851 2990 1918 τολμῆσαι
3021 1853 3376 1921 paveas-ripae-
3421 1839 3429 1847 ’

1834 1935 2007 1988 θεῖναι
2053 1935 2130 2003 τῷ
2190 1937 2442 2005 συμϐόλῳ
2495 1938 2594 2008 τὴν
2635 1939 2797 2004 λέξιν,
2829 1941 3070 2010 μεγάλης
3110 1941 3392 2010 αἱρέσεως-

1835 2022 2056 2084 εἰκότως
2117 2023 2291 2094 ἔνοχοι
2333 2025 2593 2092 γίνονται.
2644 2025 2757 2081 lloc
2809 2036 2890 2081 est
2919 2045 2934 2082 :
2965 2028 3095 2082 Scd-
3124 2030 3394 2081 hactenus-

1834 2115 2116 2178 duntaxat,
2149 2127 2206 2168 ιιι
2255 2120 2448 2170 crimen
2493 2125 2760 2170 excusaret
2783 2116 3029 2186 (Veccus)
3063 2135 3161 2170 non
3203 2121 3390 2188 utique-

1835 2203 2092 2256 Italorum
2130 2222 2148 2258 :
2197 2205 2274 2257 illi
2313 2208 2470 2268 enim,
2503 2219 2690 2275 pra'ter
2733 2207 2872 2260 alias
2914 2207 3098 2276 quibus
3142 2217 3379 2261 tenentu-

1834 2291 2074 2355 lttcreses,
2112 2293 2189 2347 vel
2235 2296 2346 2348 solo
2381 2311 2515 2348 ausu
2542 2296 2827 2349 additionis
2859 2295 3104 2366 Symbolo
3133 2299 3380 2364 apposita:

1836 2384 1989 2435 unius
2015 2385 2172 2444 vocis,
2203 2385 2424 2453 ingentis
2465 2385 2714 2440 hereseos
2759 2388 2833 2440 rei
2857 2388 2977 2457 jure
3015 2390 3215 2457 peracti
3261 2399 3377 2442 sunt

1777 2485 1781 2489 '
1837 2473 2080 2526 habendi.
2109 2471 2182 2526 lta
2211 2469 2555 2543 interpolator
2574 2478 2964 2539 sebismaticus.
2999 2468 3193 2532 oblitus
3213 2493 3392 2547 quam-

1837 2577 1976 2630 sarpe
2007 2567 2143 2633 apud
2175 2553 2507 2632 scriptorem,
2542 2582 2700 2633 quem
2730 2567 3003 2634 compilat,
3027 2566 3215 2635 legerit
3240 2567 3377 2622 Vec-

1837 2665 1957 2702 cum
2005 2667 2212 2704 omnem
2255 2653 2478 2720 lapidem
2510 2656 2762 2717 movisse,
2797 2656 2850 2733 in
2897 2663 3069 2724 eoqu’e
3115 2671 3379 2711 summam

1838 2753 2045 2808 semper
2079 2741 2475 2795 contentionem
2507 2742 2831 2809 adhibuisse,
2865 2758 2921 2800 ut
2963 2746 3231 2800 cvincerct
3278 2761 3380 2815 pu-

1841 2843 1932 2884 ros
1966 2821 2108 2882 enini
2152 2831 2416 2887 haereseos
2458 2831 2574 2886 tabe
2606 2830 2825 2886 Latinos
2860 2849 3001 2897 esse,
3040 2841 3100 2887 ιιι
3141 2833 3263 2886 inde
3296 2833 3379 2885 in-

1843 2920 2004 2973 ferret
2031 2931 2176 2975 recte
2200 2906 2433 2990 potuisse
2461 2925 2578 2978 illos
2605 2926 2654 2977 in
2679 2927 3103 2978 cnanrtttttionetu
3133 2940 3158 2976 a
3180 2925 3379 2977 Graecis

1843 3009 2068 3074 admitti,
2097 3012 2304 3064 etiamsi
2335 3013 2470 3066 forte
2491 3030 2595 3068 non
2626 3011 2755 3069 satis
2781 3026 3069 3083 purgarent
3121 3014 3376 3067 invidiam

1762 3093 1805 3152 C
1838 3099 2195 3166 adjunctionis
2239 3104 2382 3155 verbi
2427 3105 2490 3156 ad
2522 3105 2859 3173 symbolum;
2899 3121 3037 3174 quae,
3071 3115 3123 3158 ut
3164 3120 3380 3158 summo

1834 3187 1954 3255 jure
1987 3200 2250 3258 ageretur,
2285 3206 2438 3263 error
2459 3203 2646 3248 contra
2674 3180 2864 3263 dogma
2901 3210 3019 3249 esse
3048 3212 3153 3250 non
3177 3209 3379 3265 posset,

1840 3281 1931 3331 sed
1978 3290 2253 3346 peccatum
2285 3284 2540 3337 duntaxat
2580 3297 2763 3339 contra
2805 3287 3164 3356 disciplinam,
3195 3289 3376 3356 qualia

1828 3383 1943 3422 non
1994 3371 2246 3424 inducunt
2300 3373 2671 3438 obligationem
2709 3377 3115 3431 communionis
3166 3379 3384 3434 abrum-

1843 3461 2042 3526 pendae.
2089 3461 2155 3513 Ut
2208 3463 2368 3528 igitur
2421 3466 2694 3519 historiam
2752 3484 2908 3534 quam
2967 3470 3221 3535 scriptam
3271 3484 3380 3536 prae

1840 3550 2008 3602 oculis
2045 3551 2268 3607 habebat
2312 3569 2607 3623 anonymus
2652 3556 2991 3620 epitomator,
3017 3557 3226 3610 nli‘ectui
3272 3561 3384 3627 pri-

1843 3649 1963 3692 vato
2001 3657 2124 3709 erga
2160 3644 2389 3697 schisma
2423 3644 2723 3713 indulgens,
2762 3646 2813 3696 in
2840 3645 3231 3714 przcjudicatani
3257 3662 3382 3701 cor-

1843 3739 1982 3802 rupit
2039 3741 2380 3803 sententiam,
2438 3741 2505 3793 ita
2564 3741 2822 3809 suspicari
2885 3743 3028 3806 licet,
3079 3741 3384 3795 audientem

1845 3826 1995 3879 Vevci
2021 3830 2174 3881 verba
2209 3829 2604 3898 Pachymcrem,
2633 3833 3022 3897 contentlentis,
3052 3831 3135 3885 vel
3165 3833 3208 3885 si
3246 3832 3386 3884 forte

1845 3919 2018 3986 all'erri
2053 3922 2297 3988 nequiret
2326 3923 2511 3976 idonea
2547 3921 2818 3978 excusatio
2858 3926 3201 3979 additamenti
3235 3925 3386 3978 Lati-

1846 4024 2028 4060 norum
2073 4010 2136 4062 ad
2169 4011 2482 4079 symbolum,
2518 4013 2567 4063 in
2599 4027 2703 4078 quo
2732 4014 2840 4081 ipse
2869 4029 3102 4082 pugnare
3140 4015 3381 4070 odiosius

1844 4111 1947 4147 non
1977 4097 2191 4149 duceret
2225 4102 2581 4152 necessarium
2613 4103 2678 4154 ad
2721 4117 2957 4164 causam,
2999 4113 3173 4156 tamen
3212 4104 3383 4158 lia-rec

1847 4189 1961 4239 tieze
2012 4188 2274 4242 immunes
2321 4190 2452 4244 labis
2499 4193 2681 4260 utique
2727 4195 2868 4260 ipsos
2921 4209 3060 4257 esse,
3094 4197 3183 4264 qui
3227 4195 3279 4248 in
3319 4210 3381 4248 ea

1845 4293 2001 4343 quant
2062 4279 2342 4333 tradebant
2405 4285 2470 4336 de
2523 4287 2863 4350 processione
2920 4291 3093 4340 sancti
3152 4286 3384 4354 Spiritus

1846 4369 2004 4420 etiam
2029 4383 2093 4422 ex
2121 4370 2252 4423 Filio
2286 4373 2522 4427 doctrina
2551 4389 2656 4428 non
2692 4376 2849 4428 dubie
2880 4377 3253 4444 suifragatores
3277 4375 3384 4429 Pa-

1851 4469 1957 4511 tres
1982 4456 2197 4512 Gra'cos
2249 4461 2432 4527 primae
2471 4465 2804 4518 auctoritatis
2835 4466 3107 4517 nabermsi.
3138 4465 3262 4516 Eam
3296 4464 3383 4516 illa

1847 4550 2245 4603 concessionem
2282 4551 2332 4604 in
2365 4568 2671 4618 expressam
2707 4554 3014 4608 Latinorum
3051 4555 3117 4608 ob
3157 4553 3388 4607 additio-

1847 4651 1966 4691 nem
1995 4639 2058 4691 ad
2083 4641 2382 4708 symbolum
2415 4642 2809 4696 damnationem
2833 4647 3089 4712 .augendo
3110 4651 3384 4710 perverte~

1846 4729 1936 4781 rit.
1995 4729 2124 4783 Utnt
2176 4733 2265 4795 sit,
2318 4732 2563 4799 equidem
2616 4736 2746 4787 satis
2797 4735 2938 4788 clare
2987 4733 3387 4787 demonstrasse

1851 4821 1979 4873 mihi
2015 4822 2199 4875 videor
2239 4828 2449 4889 propria
2485 4840 2646 4893 super
2682 4841 2745 4879 eo
2777 4833 3089 4892 argumento
3127 4824 3386 4878 disserta~

1849 4912 2011 4975 tione,
2044 4927 2159 4979 quae
2190 4924 2364 4966 exstat
2397 4914 2432 4967 l.
2477 4930 2513 4968 ll
2564 4931 2801 4969 mearum
2843 4915 3287 4968 Observationum
3319 4915 3387 4968 ad

1850 5004 1996 5069 prius
2040 5002 2280 5056 volumen
2329 5004 2485 5072 hujus
2525 5004 2768 5059 Historia:
2803 5021 2829 5056 a
2868 5020 2919 5071 p.
2950 5003 3054 5057 665
3079 5032 3146 5043 —-
3176 5021 3227 5071 p.
3259 5004 3386 5066 67b,

1850 5096 2166 5147 additioncnt
2226 5095 2290 5148 ad
2338 5096 2644 5165 Symbolum
2702 5107 2842 5151 recte
2875 5095 3268 5165 ac-prudenter
3310 5097 3387 5148 fa-

1849 5195 1986 5237 ctam
2043 5185 2168 5237 nulli
2219 5200 2336 5240 esse
2388 5187 2667 5239 obnoxiam
2701 5187 3139 5254 reprehensioni;
3180 5196 3234 5238 nt
3268 5200 3392 5238 eam

1847 5292 1936 5330 seu
1965 5275 2166 5330 Veccus
2199 5293 2289 5331 seu
2317 5278 2666 5347 Pacbymeres
2687 5275 2905 5346 culpare
2923 5279 3165 5342 voluerit,
3190 5276 3389 5330 frustra

1847 5368 1990 5420 sint.-

1915 5454 1977 5511 P.
2009 5459 2095 5512 5‘2.
2133 5460 2331 5511 Καίτοι
2371 5475 2434 5527 τε
2464 5457 2533 5511 τὰ
2552 5457 2762 5526 μέτριά
2790 5476 2856 5526 τε
2886 5460 3009 5524 τοῖς
3044 5459 3248 5527 λόγοις
3281 5457 3390 5512 αὐ-

1845 5548 1949 5601 τοῦ
1978 5549 2555 5616 προσαρϐρούμενος,
2589 5550 2817 5605 obnoxie
2866 5551 3034 5603 fateor
3079 5550 3132 5603 itt
3166 5566 3269 5607 ms.
3301 5564 3388 5605 me

1846 5639 2035 5709 legisse
2067 5640 2517 5724 aposqpxdpsvos.
2540 5641 2643 5697 Sed
2673 5642 2890 5696 verbum
2921 5639 3157 5708 ignotum
3181 5651 3235 5698 et
3261 5644 3390 5701 huic
