4038 6332
785 336 883 397 811
953 368 965 387 ι

771 448 1074 518 signiﬁcat.
1119 446 1189 499 [te
1229 445 1434 512 sparsis
1465 445 1516 498 itt
1551 444 1650 499 ltac
1675 446 1959 499 occasione
1997 446 2048 497 itt
2079 444 2329 511 populum

782 538 1078 594 nummulis
1105 538 1240 590 intra
1283 537 1376 590 lini
1409 545 1685 603 segmenta
1732 535 1935 603 ligatis,
1965 547 2195 601 quorum
2246 535 2333 585 hic

782 627 1028 683 tnentittit
1086 627 1462 695 i‘acbytneres,
1511 628 1631 678 ride
1690 642 1808 693 qum
1853 624 2230 678 adnotavimus
2278 625 2328 676 itt

774 716 1054 775 Clttssario
1082 719 1205 768 touti
1239 716 1430 782 prioris
1456 717 1617 770 verbo
1656 716 1980 785 ἐπικόμπια.

845 807 931 884 [Ρ.
954 805 1084 878 536]
1112 806 1168 860 Ρ.
1202 807 1324 861 197.
1344 807 1499 860 liene
1522 807 1849 860 marcbionis
1872 805 2252 859 Montisferrati
2278 809 2329 856 in

777 901 1103 958 Lombardia
1137 901 1268 963 tilia,
1299 900 1532 953 secunda
1555 899 1752 966 coniux
1777 899 2068 951 Andronici
2092 897 2332 951 Senioris

779 993 1145 1057 imperatoris,
1169 1004 1276 1044 tres
1300 990 1347 1042 ei
1383 1003 1560 1041 mares
1588 987 1812 1056 peperit,
1844 984 2132 1044 Joannem,
2155 985 2334 1038 'l‘bco-

777 1089 991 1148 dorum,
1019 1081 1374 1136 Demetrium.
1425 1077 1537 1131 Hoc
1569 1077 1769 1130 diserte
1805 1078 1956 1129 docet
1998 1075 2330 1129 Cantacuze-

779 1191 906 1239 nus,
966 1164 1291 1244 pra-ratione
1333 1169 1400 1222 ad
1461 1167 1776 1229 Historiam.
1838 1181 1890 1234 p.
1961 1167 1994 1218 5
2051 1165 2139 1220 ed.
2199 1165 2328 1232 Reg.

783 1267 995 1322 Mortuo
1021 1263 1136 1317 sine
1165 1260 1350 1315 liberis
1405 1258 1572 1312 fratre
1620 1258 1808 1312 lrenes
1841 1257 2151 1310 marcbione
2182 1255 2330 1308 MOI!-

781 1354 1061 1417 tisferrati,
1104 1369 1223 1420 cum
1269 1334 1334 1405 ad
1387 1349 1779 1404 successionem
1836 1349 2166 1417 principatus
2215 1346 2331 1411 eius

780 1447 1068 1500 mittendus
1119 1452 1260 1497 esset
1310 1439 1504 1508 aliquis
1541 1454 1608 1493 ex
1643 1436 1824 1492 ireues
1852 1437 1993 1498 filiis,
2022 1445 2175 1503 pater
2215 1450 2329 1486 om-

777 1540 925 1591 nium
981 1535 1260 1589 minimum
1311 1531 1634 1585 Demetrium
1674 1543 1738 1581 eo
1785 1527 2100 1588 destinarit,
2150 1533 2204 1578 et
2233 1523 2328 1577 de-

774 1635 944 1694 spotat
987 1623 1138 1676 titulo
1171 1623 1492 1674 honoratum
1546 1617 1597 1668 in
1631 1613 2059 1682 Longobarliam
2093 1613 2236 1665 misit
2260 1612 2326 1664 ad

777 1720 923 1773 illam
977 1715 1344 1769 incredibilem
1395 1711 1514 1777 jure
1561 1718 1806 1760 materno
1835 1706 2188 1760 cernendam.
2221 1704 2324 1757 Sed

779 1819 949 1870 mater
997 1805 1170 1865 lrcne,
1205 1818 1321 1870 qua:
1353 1811 1479 1854 tunc
1510 1799 1695 1865 pr0cul
1719 1814 1746 1850 a
1781 1797 1895 1849 viro
1928 1795 2330 1850 Tltch-aloniete

775 1869 1308 1968 degebat,qua¢qnc,
1342 1901 1398 1944 ut
1447 1889 1808 1956 Pacltymercs
1857 1884 2051 1938 alicubi
2091 1883 2331 1936 timidius

782 1992 1005 2052 indicat,
1043 1986 1205 2040 multo
1239 1995 1412 2036 autem
1445 1979 1712 2034 exsertius
1745 1977 2009 2045 Gt'egoras
2032 1973 2332 2044 proﬁtetur,

777 2085 1015 2137 rationes
1044 2079 1097 2133 itt
1133 2077 1313 2130 multis
1370 2087 1601 2141 sequens
1641 2070 1886 2139 proprias
1923 2068 2062 2120 haud
2109 2064 2331 2135 multum

777 2171 1011 2225 obnosie
1068 2165 1246 2231 mariti
1303 2163 1517 2231 placitis
1564 2172 1688 2213 snas
1742 2157 2068 2226 subiungere
2124 2152 2332 2208 solebat

779 2263 1096 2321 voluntates,
1132 2257 1390 2324 aptiorem
1439 2250 1791 2319 prtcrogatira
1837 2247 2012 2301 aetatis
2053 2245 2334 2298 adultioris

778 2352 844 2402 ad
871 2352 970 2403 hoc
994 2344 1338 2401 Theodorum
1374 2349 1679 2401 autumans,
1713 2352 1833 2390 eum
1855 2353 1918 2388 cx
1959 2335 2331 2405 propinquiori

780 2453 1000 2495 strenue
1057 2436 1290 2500 mittens.
1352 2432 1640 2486 adventum
1728 2427 1982 2481 Demetrii
2051 2425 2330 2496 praevenit.

777 2532 960 2597 Quare
977 2525 1378 2583 marcbionatus
1405 2519 1918 2576 Montisferratcnsis
1940 2516 2328 2585 possessionem

781 2621 1101 2677 Theodorus
1121 2617 1273 2678 adiit,
1302 2615 1525 2681 coniuge
1556 2618 1772 2678 accepta
1799 2608 2002 2678 Spinttli
2032 2606 2358 2661 Cannensis

783 2714 884 2768 viri
931 2713 1168 2780 primarii
1207 2709 1337 2771 lilia,
1382 2723 1447 2763 ex
1498 2722 1601 2775 qua
1656 2718 1778 2757 cum
1828 2703 2030 2772 prolem
2061 2701 2327 2754 duntaxat

780 2804 1093 2860 fctniuinatu
1128 2798 1460 2870 suscepisset
1507 2805 1560 2848 et
1583 2795 1663 2849 sic
1686 2795 1910 2848 obiissct
1943 2793 2057 2847 sine
2093 2792 2330 2845 mascula

781 2896 987 2958 sobole,
1009 2890 1529 2948 Montisfcrratenses
1553 2883 1814 2940 Joannem
1845 2882 2128 2953 despzttatn
2161 2885 2333 2935 nctni-

783 2991 946 3044 natitn
977 2997 1033 3045 ut
1065 2982 1477 3054 pritnogettituttt
1517 2978 1697 3047 Irenes
1738 2977 1789 3030 in
1835 2975 2128 3045 principem
2162 2975 2332 3042 petie-

784 3088 926 3141 runt.
964 3078 1425 3152 impetraruntque
1458 3071 1693 3122 tandem.
1725 3067 1858 3122 llaec.
1888 3074 2072 3120 narrat
2125 3075 2332 3128 noster,

784 3172 818 3224 ι.
854 3183 946 3229 νιι,
970 3183 1017 3222 c.
1063 3164 1147 3227 l8.
1177 3163 1263 3216 ubi
1297 3174 1351 3214 et
1391 3162 1643 3213 observat
1699 3157 1845 3210 hunc
1883 3154 2143 3208 Joannem
2173 3154 2332 3218 plane

787 3274 847 3315 se
893 3251 1445 3312 accommodasseatl
1495 3245 1671 3305 mores
1723 3247 1975 3299 llalorum
2034 3253 2088 3298 et
2122 3253 2328 3313 gratum

787 3326 1014 3409 subditis
1078 3346 1268 3398 fuisse.
1328 3341 1658 3409 Propagasse
1718 3338 1804 3391 bic
1859 3336 2057 3391 dicitur
2118 3335 2330 3401 longam

783 3442 975 3497 seriem
1053 3435 1350 3504 principum
1440 3445 1544 3487 non
1622 3429 2084 3482 scltisntaticorum
2140 3428 2332 3480 domus

781 3529 1163 3598 Palmobtgicac.
1217 3525 1269 3582 in
1317 3537 1443 3578 vera
1494 3519 1832 3593 professione
1883 3518 2003 3575 lidei
2052 3514 2332 3572 catltOIit-ae

783 3619 1056 3676 Romana...

852 3709 914 3765 Ρ.
958 3707 1087 3761 202.
1120 3703 1437 3759 [inconcessa
1480 3701 1777 3770 afﬁnitatis.
1812 3697 1937 3749 Erat
1968 3701 2069 3751 ista
2099 3697 2334 3748 afﬁnitas

785 3813 888 3869 qua
918 3799 985 3853 de
1019 3797 1261 3867 personis
1309 3803 1465 3848 sexto
1522 3793 1662 3844 inter
1709 3803 1766 3840 se
1799 3787 1968 3856 gradu
2001 3787 2334 3854 cognatioois

779 3892 1014 3956 junctis,
1051 3884 1392 3941 mali-inionio
1447 3879 1783 3949 copulandis,
1805 3878 2021 3947 speciali
2059 3877 2121 3928 ad
2158 3878 2204 3928 id
2239 3877 2333 3928 ob-

785 3980 1003 4036 tinenda
1035 3979 1374 4046 palatorum
1413 3974 1666 4028 Ecclesia'
1690 3972 1865 4033 venia,
1894 3968 2246 4031 tractabatur,
2278 3975 2335 4019 ut

784 4055 972 4123 ant-tor
1039 4070 1211 4135 capite
1272 4063 1562 4133 superiori
1611 4061 1923 4115 declaravit.
1995 4058 2198 4126 Atqui,
2255 4058 2331 4110 uti

782 4158 944 4230 750
969 4157 1119 4212 νοΙ.Ι
1155 4166 1334 4211 noster
1367 4154 1504 4208 idem
1541 4151 1855 4211 historians,
1886 4163 1937 4216 p.
1975 4148 2100 4210 MO,
2133 4147 2330 4199 tim-nc—

785 4261 887 4315 rat,
917 4251 1110 4304 similis
1139 4244 1533 4315 impedimenti,
1577 4257 1670 4296 sex
1705 4242 1904 4309 pariter
1949 4237 2332 4306 consanguini-

783 4340 909 4393 tatis
941 4339 1219 4406 graduum,
1248 4333 1516 4404 obstantis
1545 4332 1814 4385 connubio
1847 4331 1987 4382 inter
2017 4329 2330 4383 Micltaeletn

782 4428 1002 4484 Occidui
1057 4435 1261 4479 tractus
1315 4425 1596 4488 despotatn
1642 4431 1696 4474 ct
1729 4420 1936 4476 Annam
1994 4412 2330 4487 imperatoris

781 4517 1057 4575 Michaelis
1122 4515 1284 4568 filiam
1343 4510 1725 4572 cenciliando,
1785 4513 2012 4577 gratiam
2071 4512 2328 4572 fecerant,

779 4620 1036 4680 pascente
1060 4606 1315 4672 Augusto,
1348 4605 1436 4672 qui
1468 4614 1593 4658 tunc.
1621 4611 1884 4668 praeerant
1912 4601 2182 4664 Ecclesim,
2208 4616 2328 4653 cum

780 4712 956 4763 tamen
1007 4699 1139 4750 adeo
1190 4709 1428 4762 presens
1456 4701 1512 4746 et
1556 4702 1819 4760 praestans
1861 4690 2066 4743 utilitas
2114 4693 2164 4741 in
2217 4706 2327 4741 rem

739 4791 751 4799 ’
783 4791 991 4859 imperii
1023 4804 1088 4844 ex
1131 4788 1234 4840 isto
1267 4785 1518 4852 coningio
1562 4801 1663 4840 non
1693 4791 2004 4852 speraretur
2031 4798 2187 4851 quain
2216 4797 2334 4849 qua:

781 4889 931 4934 certo
979 4878 1270 4946 apparebat
1320 4892 1380 4932 cx
1431 4878 1529 4929 boc
1561 4886 1836 4928 secutura.
1867 4873 2125 4931 Nitttirutn
2158 4874 2329 4927 scbis-

785 4974 964 5029 ntatici
987 4988 1128 5026 nunc
1153 4981 1398 5041 potentes
1428 4985 1604 5026 rerum
1629 4968 1951 5022 aliocmbant
1978 4967 2332 5035 religiosiores

782 5077 1040 5133 apparere
1067 5063 1352 5118 catholicis
1383 5072 1512 5116 tunc
1551 5073 1610 5124 et
1644 5059 1903 5117 Ecclesizc
1947 5071 1998 5115 et
2034 5058 2334 5124 reipublicte

780 5152 1224 5225 prasidentibus;
1263 5165 1424 5220 atque
1460 5162 1516 5206 ut
1565 5150 1904 5204 Andronicus
1960 5149 2164 5217 eiurata
2205 5163 2332 5202 con-

780 5246 961 5301 cordia
992 5258 1113 5297 cum
1140 5258 1296 5308 papa.
1335 5258 1495 5310 quam
1528 5241 1643 5308 ejus
1675 5249 1828 5309 pater
1855 5250 2038 5293 sancte
2069 5239 2329 5301 coluerat,

779 5335 948 5391 videri
1003 5331 1230 5393 studuit,
1270 5333 1372 5385 bac
1405 5333 1777 5399 superstitiosa
1825 5329 2118 5382 emissione
2151 5329 2330 5384 affini-

781 5425 907 5480 t-ttis
957 5422 1254 5476 utilissimae
1308 5421 1530 5487 imperio
1578 5431 1799 5490 propter
1850 5429 2049 5472 metum
2093 5419 2327 5481 inanem,

780 5512 930 5579 quasi
963 5514 1078 5582 ejus
1120 5509 1560 5579 impedimentum
1611 5509 1872 5564 retnorcri
1929 5509 2186 5575 Ecclesia:
2238 5525 2333 5562 au-

781 5605 1030 5659 ctoritate
1060 5603 1324 5673 nequiret,
1353 5599 1468 5668 plus
1491 5615 1677 5665 sapere
1709 5606 1868 5668 quam
1902 5602 2194 5669 ille..qucm
2220 5613 2342 5655 mc~‘

784 5699 1010 5752 tninerat
1042 5699 1154 5767 pari
1180 5695 1469 5754 occasione
1511 5696 1799 5765 prmsu‘lum
1836 5697 2327 5754 ccelcsiasticorum

1689 328 1754 389 P.
1797 325 2094 389 POSSlNl
2131 323 2774 385 OBSERVATIONUM
2819 325 2961 383 Hii.
3015 322 3087 381 ῐῐ.

3893 323 3972 385 8i!

2363 448 2409 502 Α
2437 441 2694 496 auxilium
2729 443 3064 509 implorasse,
3099 443 3170 493 ita
3206 442 3510 509 patriarcha
3538 456 3680 495 nunc
3712 442 3911 495 sedens
3935 459 3972 491 ει
4029 431 4032 436 ’

2437 533 2553 602 ejus
2594 547 2898 587 assessores
2932 517 3224 593 antistites,
3281 546 3468 586 omnes
3510 532 3795 586 scltisntati
3849 534 3970 584 addi-

2435 622 2658 675 ctissimi
2682 659 2698 684 ,
2732 619 2954 675 Joannis
2983 622 3162 685 Vecci,
3197 623 3286 689 qui
3335 633 3457 675 tunc
3486 623 3548 676 de
3587 623 3862 677 sententia
3897 639 3970 674 c.1-

2438 713 2758 766 tholicorum
2812 715 2859 766 ei
2911 714 3274 766 assistentium
3317 713 3686 780 episcoporum
3729 714 3970 769 ecclesia-

2440 805 2574 857 stica
2606 810 2872 870 potestate
2904 802 3234 855 relaxaverat
3261 804 3529 857 vinculum
3559 820 3590 858 θ
3611 815 3763 857 sexto
3793 819 3972 872 cogna-

2435 894 2598 946 tionis
2643 893 2813 960 gradu
2841 905 3037 953 ortum,
3078 908 3183 960 quo
3217 909 3246 946 a
3275 893 3395 960 jure
3417 895 3768 949 contrahendi
3802 897 3973 947 matri-

2436 984 2672 1034 m0niunt
2719 983 2951 1048 despoue
2981 984 3210 1036 Michael
3240 983 3474 1054 Angelus
3503 995 3558 1040 et
3597 985 3748 1039 Anna
3789 985 3975 1039 Palma

2435 1073 2550 1140 loga
2586 1073 2690 1125 filia
2725 1071 2998 1125 Michaelis
3027 1074 3364 1141 imperatoris
3410 1076 3750 1138 arcebantur,
3785 1075 3970 1130 factum

2433 1167 2688 1218 damnare
2737 1163 2989 1225 voluisse,
3032 1163 3172 1216 ultro
3206 1163 3420 1218 fatendo
3467 1166 3728 1219 excedere
3775 1166 3832 1218 id
3881 1171 3968 1216 vim

2433 1255 2808 1324 patriarclmlis
2833 1255 3192 1308 auctoritatis.
3228 1256 3580 1309 Permittebat
3611 1266 3788 1308 autem
3827 1255 3973 1317 Dens,

2430 1351 2519 1417 qui
2576 1362 2680 1402 non
2729 1365 2850 1402 raro
2901 1349 3158 1402 factiosos
3205 1358 3392 1403 contra
3444 1349 3735 1404 Ec‘elesiam
3778 1351 3977 1412 conspi-

2433 1448 2614 1493 rantes
2653 1439 2854 1493 tnutuis
2909 1440 3050 1491 inter
3099 1453 3217 1492 sese
3257 1440 3622 1494 simultatibus
3678 1440 3974 1500 committit,

2430 1545 2551 1585 sese
2597 1531 2726 1584 istos
2783 1531 2933 1584 ranis
2962 1529 3113 1583 ltisce
3151 1530 3417 1598 scrupulis
3448 1531 3674 1584 invicem
3707 1530 3973 1584 infestare.

2430 1621 2668 1695 [P5537]
2689 1622 2820 1675 Nam
2844 1622 3003 1690 paulo
3031 1622 3281 1691 superius
3303 1623 3400 1675 c.5
3428 1621 3789 1693 Paebytneres
3825 1623 3976 1677 refert

2432 1714 2791 1782 patriarcbant
2839 1723 2891 1765 et
2935 1714 3218 1781 episcopos
3273 1713 3560 1781 praefracte
3614 1729 3839 1783 negasse
3872 1713 3972 1767 An-

2435 1802 2659 1856 dronico
2691 1801 3082 1856 instantissime
3122 1804 3296 1856 oranti
3337 1803 3774 1856 constitutionem
3810 1804 3976 1856 ecclc~

2434 1894 2711 1948 siasticam
2775 1907 2882 1959 qua
2947 1896 3047 1945 sub
3128 1892 3565 1946 inter-minatione
3631 1894 3979 1947 anatbematis

2434 1999 2622 2042 omnes
2673 1984 2900 2052 imperio
2945 1982 3484 2048 sttbditijuberentur
3511 1983 3756 2037 Micbacli
3790 1983 3976 2051 iuniori

2433 2077 2673 2143 Angusto
2707 2071 2861 2129 ﬁdem
2892 2083 2946 2128 et
2975 2073 3332 2129 obedientiam
3371 2084 3649 2144 pransitare,
3673 2076 3822 2143 quasi
3849 2087 3978 2128 esset

2437 2168 2505 2221 ab
2538 2166 2789 2222 Ecclesiae
2833 2177 3072 2225 materna
3113 2165 3334 2220 lenitate
3373 2165 3604 2219 alienum
3630 2165 3766 2219 diris
3795 2165 3848 2218 in
3874 2179 3980 2232 per-

2434 2259 2635 2311 duelles
2669 2258 2892 2320 satrire;
2930 2264 2982 2310 et
3011 2257 3166 2308 istius
3221 2257 3274 2307 in
3314 2255 3570 2309 ultionem
3625 2255 3849 2321 repulsa:
3886 2254 3982 2305 Au-

2433 2349 2716 2402 tlronicutn
2746 2348 2994 2401 eumdem
3034 2345 3306 2400 Norellam
3336 2346 3595 2408 edidisse,
3627 2359 3732 2411 qua
3754 2344 3980 2412 largitio-

2435 2455 2553 2492 nem
2591 2439 2956 2506 sportularum
3014 2437 3066 2489 in
3117 2437 3499 2505 episcoporum
3556 2437 3978 2490 ordinationibus

2434 2533 2684 2584 usitatam
2726 2543 2791 2582 ex
2839 2530 2996 2600 longo
3021 2528 3484 2599 Consmntinopoli
3539 2537 3596 2580 ut
3629 2526 3979 2580 Simoniaeam

2431 2622 2718 2674 damnabat
2767 2630 2819 2674 et
2872 2621 3128 2688 deinceps
3168 2621 3411 2673 adhiberi
3463 2619 3804 2688 prohibebat,
3835 2617 3980 2669 vicia-

2432 2714 2535 2767 sim
2563 2728 2728 2766 nrens
2777 2722 3037 2778 praetextu
3085 2712 3310 2779 quaesito
3339 2723 3431 2763 eos
3466 2709 3555 2779 qui
3580 2723 3637 2763 se
3676 2707 3844 2762 nihilo
3871 2721 3984 2776 pro-

2434 2802 2683 2856 babiliori
2715 2802 2933 2855 obtentu
2966 2810 3326 2870 pupugcrant.

2501 2895 2579 2946 Ad
2642 2894 2931 2947 astrueoda
2982 2908 3098 2962 quae
3155 2894 3314 2946 modo
3365 2891 3500 2952 dixi,
3527 2892 3798 2957 pertinere
3855 2903 3980 2958 puto

2435 2992 2617 3037 notant
2685 2984 3034 3052 marginalcm
3093 2997 3123 3038 a
3178 2983 3378 3036 lectore
3427 2979 3614 3035 Graeco
3667 2996 3824 3033 tuanu
3861 2982 3986 3033 satis

2357 3112 2399 3164 ϐ
2433 3073 2650 3141 antiqua
2691 3073 2741 3126 in
2780 3089 2869 3124 ora
2907 3072 3183 3126 Barberini
3213 3072 3415 3126 codicis
3440 3074 3690 3140 positam.
3723 3085 3752 3122 e
3779 3071 3986 3137 regione

2434 3164 2475 3216 si
2518 3162 2730 3230 quidem
2763 3162 2970 3214 illorum
3009 3166 3293 3215 verborum
3321 3163 3461 3216 ὥστε
3491 3163 3584 3214 τὸν
3614 3165 3733 3216 νέον
3767 3161 3981 3229 βασιλέα

2433 3252 2681 3321 γαμΰρὸν
2705 3253 2887 3323 ἐκείνῃ
2919 3254 3172 3320 γενέσθαι
3216 3254 3294 3307 sic
3335 3255 3404 3306 ibi
3441 3255 3739 3307 scribitur:
3768 3255 3886 3306 Ἵνα.
3919 3261 3983 3319 μη

2431 3338 2657 3394 τοιαῦτα
2699 3343 2792 3396 καὶ
2818 3342 2974 3405 αὖθις
3013 3341 3323 3411 συμϐαίνοι,
3355 3343 3382 3392 ὁ
3410 3341 3504 3406 τῆς
3548 3327 3768 3410 Ῥώμης
3809 3344 3983 3411 ἀρχιε-

2435 3439 2561 3505 ρεὺς
2588 3441 2654 3490 τὰ
2686 3433 2911 3488 τοιαῦτα
2954 3435 3293 3501 παραχωρεῖ.
3332 3431 3483 3495 Qum,
3534 3429 3746 3498 opinor,
3785 3433 3982 3498 signifi-

2434 3539 2559 3582 cant
2585 3531 2794 3583 cavisse
2832 3527 2977 3589 illos,
3007 3525 3097 3594 qui
3141 3523 3393 3578 Ecclesia:
3427 3537 3569 3576 nunc
3604 3533 3895 3593 prmcrant,
3927 3538 3986 3575 tte

2433 3616 2633 3672 imitari
2687 3616 2994 3669 viderentur
3020 3614 3326 3681 exemplum
3363 3628 3389 3665 a
3423 3611 3600 3668 Vecco
3642 3623 3696 3666 et
3727 3612 3848 3668 aliis
3881 3614 3983 3680 epi-

2435 3705 2829 3776 scOpisGrazcis
2855 3698 3109 3758 Romana:
3145 3706 3542 3758 communionis
3570 3708 3623 3760 in
3653 3705 3744 3759 illo
3767 3708 3980 3773 permit-

2441 3799 2601 3850 tendo
2660 3797 2952 3858 connubio,
3006 3797 3073 3850 de
3113 3810 3218 3864 quo
3277 3796 3383 3856 vol.
3439 3796 3481 3856 l.
3537 3811 3588 3865 p.
3626 3797 3749 3858 ΗΟ,
3813 3809 3981 3850 actem

2435 3888 2640 3953 fuerat,
2675 3887 2982 3955 praebitum.
3032 3887 3261 3944 Causam
3299 3902 3426 3941 vero
3468 3902 3567 3941 cur
3618 3889 3669 3942 id
3710 3888 3984 3958 diligenter

2436 3981 2750 4041 vitaverint,
2807 3980 3118 4047 exprimunt
3172 3982 3337 4033 verba
3385 3983 3663 4048 sequentia
3715 3998 3729 4034 :
3785 3981 3844 4033 ὀ
3895 3979 3981 4044 τῆς

2435 4069 2662 4137 Ῥώμης
2713 4069 3006 4138 ἀρχιερεὺς
3041 4069 3270 4120 τοιαῦτα
3321 4071 3672 4139 παραχωρεῖ,
3729 4069 3980 4122 Romamn

2434 4163 2590 4234 751
2621 4160 2858 4230 pontifex
2887 4160 3018 4211 (alia
3048 4158 3321 4234 permittit.
3367 4158 3567 4224 Nempe
3611 4172 3801 4213 auctor
3830 4164 3982 4216 adno—

2437 4229 2744 4308 btiitntculze
2797 4250 3067 4316 significat
3119 4229 3298 4302 studio
3357 4249 3682 4316 reprobandi
3742 4266 3894 4304 usum
3937 4263 3979 4302 rt

2435 4342 2876 4396 consuetudinem
2926 4339 3176 4392 Ecclesiae
3222 4339 3476 4393 Romana:
3511 4347 3799 4407 provectos
3848 4339 3982 4394 Cra»

2360 4434 2528 4494 Deos
2571 4431 2946 4486 scltisntaticos
2997 4431 3061 4482 ad
3095 4431 3393 4496 negandam
3443 4429 3748 4484 istiusmodi
3809 4444 3982 4484 matr:-

2438 4521 2752 4576 monialittm
2811 4520 3316 4585 impedimentorum
3373 4519 3787 4582 relaxationcm.
3837 4521 3979 4587 quasi

2435 4628 2550 4665 eam
2590 4611 2793 4665 Veccus
2822 4622 3007 4664 contra
3038 4611 3116 4663 fas
3151 4619 3472 4663 attentasset
3506 4621 3796 4676 propterea
3851 4613 3981 4680 quod

2435 4703 2661 4758 Romani
2690 4701 2956 4769 pontificis
2985 4701 3358 4752 auctoritatem
3409 4707 3749 4762 sequeretur.

2505 4792 2564 4846 P.
2599 4793 2720 4846 206.
2761 4790 2982 4858 Ejuratu
3017 4793 3119 4841 ritu
3147 4790 3339 4856 patrio.
3386 4785 3508 4855 Agit
3540 4789 3605 4843 de
3663 4789 3824 4842 Maria
3884 4790 3979 4843 lilia

2437 4888 2574 4952 regis
2609 4886 2876 4937 Armenia:
2920 4883 3186 4935 destinata
3225 4895 3423 4953 sponsa
3464 4880 3708 4934 Michaeli
3746 4883 3980 4950 Augusto

2432 4975 2663 5038 Juniori,
2692 4990 2851 5043 quam
2878 4975 2951 5027 ait
2983 4988 3141 5041 opera
3165 4979 3220 5024 et
3247 4971 3584 5025 suasionibus
3611 4974 3978 5029 deducendum

2436 5069 2721 5121 adduetam
2754 5068 2816 5119 ad
2858 5065 3176 5133 ciurandnm
3213 5062 3372 5116 ritum
3407 5066 3663 5131 patrium.
3688 5064 3817 5118 Acri
3844 5065 3977 5118 circa

2434 5161 2744 5227 religionem
2774 5160 3001 5212 discidio
3035 5157 3260 5210 invicem
3308 5157 3651 5211 abhorruisse
3685 5157 3903 5212 Grmros
3935 5166 3979 5209 et

2433 5235 2692 5304 Armenes
2727 5263 2833 5304 non
2869 5247 3031 5300 semel
3070 5247 3121 5298 in
3146 5245 3296 5300 hisce
3319 5248 3664 5301 historiarum
3700 5247 3858 5302 libris
3890 5245 3980 5300 Pa-

2433 5336 2712 5404 t-hytncres
2763 5335 2958 5388 innuit.
2995 5331 3123 5385 Vide
3183 5335 3287 5388 vol.
3321 5333 3363 5396 1,
3418 5351 3473 5403 p.
3507 5336 3652 5401 429;
3707 5337 3818 5390 vol.
3849 5335 3908 5397 Il,
3937 5349 3980 5401 p.

2432 5426 2555 5484 (ΜΞ.
2591 5435 2642 5478 ct
2675 5440 2724 5491 p.
2761 5424 2886 5476 520.
2924 5421 3124 5476 Solitos
3155 5439 3311 5491 porro
3339 5423 3553 5478 Graecos
3593 5440 3689 5479 eos
3715 5426 3979 5492 Quiritum

2435 5516 2663 5581 patrium
2696 5529 2816 5568 cum
2851 5527 2949 5566 suo
2990 5522 3258 5566 mutarent
3289 5516 3544 5568 unctione
3595 5515 3740 5571 velut
3776 5517 3977 5569 initiare

2430 5609 2682 5674 quadam,
2719 5615 2772 5657 et
2821 5604 2908 5656 ltic
2943 5603 3094 5657 vides
3129 5619 3155 5655 a
3208 5613 3393 5658 nostro
3441 5605 3701 5658 historico
3753 5616 3810 5656 et
3858 5602 3977 5656 infra

2433 5713 2486 5766 ιι.
2516 5696 2636 5762 5:20,
2664 5691 2860 5751 diserte
2889 5694 3206 5750 afﬁrmatum
3234 5697 3301 5750 de
3331 5695 3615 5760 Artncnis;
3643 5705 3698 5749 et
3727 5695 3868 5750 idem
3899 5709 3978 5747 etis
