4038 6332
773 311 872 372 811
942 343 954 361 -

1679 305 1744 366 P.
1787 301 2083 365 POSSINI
2120 300 2763 362 OBSERVATIONUM
2809 303 2950 361 Mli.
3005 301 3077 360 ii.

3880 304 3964 366 8ἓέ

760 423 1064 493 signiﬁcat.
1108 421 1178 474 De
1219 422 1423 487 sparsis
1453 419 1505 473 in
1540 419 1639 474 hac
1664 422 1949 475 occasione
1987 423 2038 473 in
2069 421 2318 488 populum
2353 425 2398 479 Α
2426 419 2684 472 auxilium
2717 420 3054 496 implorasse,
3089 422 3160 470 ita
3197 421 3500 488 patriarcha
3529 435 3670 474 nmic
3703 422 3899 474 sedens
3926 439 3963 472 τι

771 513 1067 568 nummulis
1094 513 1230 564 intra
1272 511 1365 565 lini
1398 521 1674 579 segmenta
1721 512 1925 578 ligatis,
1955 525 2184 578 quorum
2236 511 2322 562 hic

771 602 1017 657 meminit
1075 602 1450 670 l‘aeltytneres,
1500 603 1619 654 'vide
1679 617 1796 670 qua:
1842 601 2220 655 adnotavimus
2268 602 2318 652 in

763 691 1043 749 Glossain
1071 693 1193 743 ιουιὶ
1228 692 1418 758 prioris
1445 693 1606 746 verbo
1645 693 1969 761 ἐπικύμπια.

833 782 919 858 [Ρ.
943 779 1073 853 536]
1101 781 1157 835 Ρ.
1191 782 1313 836 197.
1332 782 1487 835 liene
1509 783 1838 836 marcbiouis
1861 782 2242 836 Montisferrati
2267 786 2318 832 in

765 875 1092 931 Lombardia
1126 876 1257 938 tilia,
1287 875 1520 928 secunda
1544 875 1740 942 coniux
1766 875 2057 928 Andronici
2081 873 2321 928 Senioris

767 967 1134 1031 imperatoris,
1158 979 1265 1019 tres
1289 965 1336 1017 ei
1372 978 1549 1016 mares
1577 963 1801 1032 peperit.
1833 960 2121 1020 Joannem.
2144 961 2323 1015 'l‘bt-o-

765 1063 979 1122 domm,
1009 1055 1363 1111 Demetrium.
1414 1053 1526 1106 Hoc
1558 1053 1757 1106 diserte
1793 1053 1945 1104 docet
1987 1052 2319 1104 Cantacuze-

767 1165 894 1212 nus,
955 1148 1271 1218 prmfationc
1322 1144 1389 1196 ad
1449 1143 1764 1204 Historiam,
1827 1156 1878 1209 p.
1949 1143 1983 1194 5
2039 1141 2127 1196 ed.
2187 1142 2316 1209 Reg.

771 1241 983 1296 Mortuo
1010 1238 1125 1292 sine
1154 1235 1339 1289 liberis
1395 1233 1560 1287 fratre
1608 1233 1796 1287 lrenes
1829 1233 2140 1286 marchioue
2170 1231 2318 1284 Mon-

768 1329 1049 1391 tisferrati,
1092 1344 1212 1380 cum
1258 1310 1322 1379 ad
1375 1324 1766 1379 successionem
1825 1324 2154 1392 principatus
2203 1323 2319 1387 ejus

767 1421 1057 1475 mittendus
1108 1432 1248 1471 esset
1298 1415 1492 1482 aliquis
1529 1430 1596 1468 ex
1631 1411 1811 1466 irencs
1840 1412 1980 1474 filiis,
2011 1421 2162 1479 pater
2203 1426 2316 1463 om-

765 1513 913 1565 nium
969 1509 1248 1563 minimum
1298 1505 1622 1560 Demetrium
1662 1519 1726 1556 eo
1772 1503 2088 1564 destinavit,
2138 1510 2192 1554 et
2220 1499 2316 1554 tle-

761 1610 931 1668 spota:
975 1598 1128 1650 titulo
1159 1598 1480 1648 honoratum
1533 1591 1584 1642 iu
1618 1589 2047 1658 Longobariiam
2081 1589 2223 1641 misit
2247 1589 2314 1641 ad

764 1694 910 1746 illam
965 1688 1332 1744 incredibilem
1383 1685 1502 1752 jure
1549 1693 1793 1736 materno
1823 1681 2175 1735 cernendam.
2208 1681 2312 1733 Sed

2426 511 2543 579 ejus
2583 526 2888 564 assessores
2922 510 3213 571 antistites,
3270 525 3457 564 omnes
3499 511 3779 565 schismati
3835 514 3962 564 addi-

2424 600 2647 653 ctissimi
2671 637 2687 662 ,
2721 597 2944 653 Joannis
2971 600 3152 663 Vecci,
3187 601 3275 668 qni
3323 611 3446 653 tunc
3475 602 3538 655 de
3576 603 3847 656 sententia
3885 619 3962 655 ea-

2427 689 2748 743 tholieorum
2801 692 2848 743 ei
2901 692 3263 744 assistentium
3306 692 3677 759 episcoporum
3721 694 3962 748 ecclesia-

2429 782 2562 834 stica
2595 788 2861 847 potestate
2893 780 3224 832 relaxaverat
3249 782 3518 835 vinculum
3549 799 3579 837 c
3600 794 3752 836 sexto
3778 798 3964 852 cogna-

2424 871 2587 923 tionis
2632 870 2802 938 gradu
2830 873 3026 931 ortum,
3067 886 3172 938 quo
3207 887 3234 924 a
3263 871 3385 939 jure
3405 875 3756 928 contrahendi
3786 877 3964 927 matri-

2425 961 2661 1012 nmninm
2707 960 2940 1026 despoue
2969 962 3198 1013 Michael
3229 963 3464 1033 Angelus
3492 974 3547 1019 et
3587 964 3739 1018 Anna
3775 964 3964 1018 Patent

2424 1050 2538 1117 loga
2574 1051 2679 1102 lilia
2713 1048 2988 1103 Michaelis
3015 1053 3354 1119 imperatoris
3399 1054 3741 1117 arcebantur,
3772 1055 3960 1109 factum

2422 1144 2676 1194 damnare
2727 1139 2977 1203 voluisse,
3020 1141 3160 1194 ultro
3194 1141 3408 1196 fatendo
3455 1145 3718 1198 excedere
3765 1145 3816 1197 id
3865 1151 3960 1195 vim

2421 1232 2796 1300 patriarcltaiis
2821 1233 3181 1286 auctoritatis.
3216 1235 3569 1287 Permitlebat
3599 1244 3776 1286 autem
3812 1233 3964 1295 Deus.

2418 1328 2507 1393 qui
2564 1339 2668 1378 non
2717 1341 2838 1378 raro
2889 1326 3146 1380 factiosos
3192 1337 3380 1381 contra
3433 1328 3726 1383 Ecclesiam
3767 1329 3967 1392 conspi-

2420 1425 2602 1470 rantes
2641 1417 2842 1470 mutuis
2897 1417 3038 1469 inter
3086 1431 3204 1470 sese
3245 1418 3611 1473 simultatibus
3668 1420 3963 1482 committit,

2418 1522 2538 1561 sese
2585 1508 2715 1561 istos
2771 1509 2921 1561 vanis
2950 1507 3101 1560 hisce
3138 1508 3405 1576 scrupulis
3436 1510 3664 1563 invicem
3696 1509 3964 1564 infestare.

2417 1598 2656 1672 [P.‘537]
2677 1599 2808 1651 Nam
2832 1599 2990 1667 paulo
3018 1600 3268 1668 superius
3290 1602 3389 1653 αὖ
3415 1599 3779 1672 Paebymeres
3810 1602 3966 1656 refert

2419 1691 2778 1759 patriarcham
2826 1700 2878 1742 et
2922 1691 3205 1758 episcopos
3261 1692 3548 1759 prwfracte
3600 1708 3823 1762 negasse
3857 1693 3962 1746 An-

767 1793 937 1853 "Me!
985 1778 1158 1840 inille.
1192 1792 1308 1844 qua:
1341 1785 1466 1828 ῑιιιιο
1497 1774 1684 1840 Ι)¹¹ο(“¹¹¹
1706 1789 1733 1825 εὶ
1768 1773 1882 1825 "iro
1916 1772 2317 1826 Τιιοεεείοηῖοπ
2352 1767 2388 1820 Β
2421 1779 2647 1832 dronico
2679 1779 3069 1833 instantissime
3109 1783 3283 1834 oranti
3324 1782 3765 1835 constitutionem
3799 1783 3965 1836 eccle-

763 1873 1294 1942 degebat,qua:quc,
1329 1875 1386 1918 ut
1435 1863 1795 1932 Pachymeres
1844 1861 2039 1915 alicubi
2077 1859 2318 1912 timidius

770 1966 992 2026 indicat,
1030 1960 1192 2014 ιιιιιιιο
1225 1971 1399 2010 autem
1432 1955 1700 2009 exsertius
1731 1953 1996 2020 Grcgoras
2019 1949 2319 2020 profitetur,

765 2059 1001 2110 rationes
1031 2054 1084 2107 in
1120 2052 1299 2104 multis
1356 2062 1588 2116 sequi-ns
1628 2046 1873 2114 proprias
1910 2044 2049 2096 haud
2095 2041 2318 2111 multum

764 2145 998 2199 obnosie
1055 2139 1234 2194 mariti
1291 2137 1503 2206 placitis
1551 2148 1675 2188 snas
1729 2133 2054 2200 subiungere
2111 2129 2319 2183 solebat

765 2237 1083 2295 voluntates,
1119 2231 1377 2299 aptiorem
1426 2226 1777 2293 praerogativa
1823 2222 1998 2277 aetatis
2040 2221 2321 2275 adultioris

765 2325 831 2376 ad
859 2325 958 2377 hoc
980 2318 1324 2375 Theodorum
1361 2324 1665 2376 autumans,
1699 2328 1819 2366 cmn
1842 2328 1904 2364 ex
1945 2311 2318 2380 propinquiori

766 2427 987 2469 strenue
1042 2411 1277 2474 mittens,
1339 2407 1626 2461 adventum
1715 2402 1968 2456 Demetrii
2037 2401 2316 2472 przevenit.

763 2506 946 2571 Quare
963 2499 1364 2556 marcbionatus
1391 2495 1904 2550 Motttisferratcnsis
1927 2492 2315 2560 possessionem

766 2594 1087 2652 Theodorus
1107 2591 1259 2652 adiit,
1288 2590 1511 2656 conjuge
1542 2594 1758 2654 accepta
1785 2583 1988 2653 Spinuli
2018 2581 2319 2637 Genueusis

769 2689 868 2741 viri
916 2687 1153 2754 primarii
1193 2683 1322 2746 tilia,
1367 2697 1432 2738 ex
1484 2697 1586 2750 qua
1641 2694 1764 2732 eum
1812 2679 2016 2747 prolem
2047 2677 2314 2729 duntaxat

765 2778 1078 2834 fetnininam
1113 2773 1445 2842 sscepisset
1493 2780 1545 2824 et
1569 2770 1649 2823 sic
1671 2770 1896 2822 obiissct
1928 2769 2043 2822 sine
2079 2767 2316 2821 mascula

766 2870 971 2933 sobole,
994 2864 1514 2923 Montisferratenses
1538 2858 1800 2914 Joannem
1831 2857 2114 2928 despuant
2147 2860 2319 2911 "Cliti-

767 2965 930 3017 rtatiru
961 2971 1018 3019 ut
1050 2957 1462 3028 primogenitum
1503 2952 1682 3006 Irenes
1723 2952 1775 3005 in
1820 2950 2114 3020 principem
2147 2951 2317 3018 petic-

769 3062 910 3114 ruut.
949 3052 1410 3126 impetraruntque
1443 3045 1679 3097 tandem.
1711 3041 1844 3097 ilarc.
1874 3050 2058 3094 narrat
2110 3050 2317 3105 uoster,

769 3145 803 3197 ι.
839 3157 932 3202 ru,
955 3156 1002 3196 c.
1047 3138 1132 3201 18,
1162 3137 1248 3190 tibi
1282 3147 1335 3188 et
1375 3136 1628 3188 observ-at
1685 3132 1830 3185 hunc
1867 3129 2128 3184 Joannem
2159 3130 2316 3194 plane

771 3248 832 3288 se
879 3226 1429 3286 accommodassead
1479 3219 1657 3279 mores
1707 3222 1960 3274 ltalortnn
2019 3229 2072 3273 et
2107 3229 2313 3289 gratum

771 3299 998 3382 subditis
1062 3319 1252 3372 fuisse.
1313 3316 1642 3383 Propagasse
1703 3313 1789 3366 bic
1843 3311 2041 3366 dicitur
2102 3310 2314 3377 longam

767 3415 960 3471 seriem
1037 3410 1334 3479 principum
1424 3420 1528 3462 non
1606 3404 2069 3458 schismaticorum
2124 3404 2316 3456 domus

765 3503 1147 3572 Maeologicze,
1201 3499 1254 3558 in
1301 3511 1428 3552 vera
1479 3494 1815 3568 professione
1867 3494 1987 3550 tidei
2037 3492 2316 3547 catholicae

766 3593 1040 3650 ﬁniuntur.

837 3683 898 3739 Ρ.
941 3681 1071 3735 202.
1103 3678 1421 3734 luconcessre
1463 3675 1761 3744 afﬁnitatis.
1796 3672 1920 3724 Erat
1953 3676 2053 3727 ista
2083 3673 2318 3724 affinitas

769 3787 871 3842 qua
901 3772 969 3827 de
1003 3771 1244 3841 personis
1292 3777 1449 3822 sexto
1506 3767 1646 3819 inter
1693 3778 1750 3816 se
1783 3763 1952 3832 gradu
1985 3763 2317 3830 cognationis

762 3866 998 3930 junctis,
1034 3858 1376 3914 matrimonio
1430 3854 1766 3924 copulandis,
1789 3854 2005 3922 speciali
2043 3853 2105 3903 ad
2142 3853 2188 3903 id
2222 3853 2317 3903 ob-

769 3955 986 4010 tinenda
1018 3938 1358 4020 palatorum
1396 3949 1649 4002 Ecclesia-
1673 3948 1848 4008 venia,
1878 3943 2230 4005 tractabatur,
2262 3951 2318 3994 ut

767 4027 955 4097 auctor
1022 4044 1194 4109 capite
1255 4038 1546 4108 superiori
1594 4037 1906 4091 declaravit.
1978 4033 2181 4101 Atqui,
2238 4034 2314 4085 uti

765 4131 926 4204 750
952 4130 1102 4186 vol.l
1137 4134 1318 4197 uester
1349 4129 1488 4182 idem
1523 4128 1838 4187 historicus,
1869 4139 1920 4192 p.
1958 4124 2084 4185 ΗΟ,
2117 4122 2314 4174 dome-

767 4235 870 4288 rat,
899 4225 1092 4278 similis
1122 4219 1514 4290 impedimenti,
1560 4233 1652 4272 sex
1688 4217 1887 4284 pariter
1931 4212 2315 4280 consanguini-

766 4314 891 4366 tatis
923 4313 1201 4380 gradunm,
1230 4308 1498 4378 obstantis
1527 4307 1797 4360 connubio
1829 4307 1971 4358 inter
2000 4304 2314 4357 Micbaclem

2421 1871 2698 1925 siasticam
2762 1884 2868 1936 qua
2934 1873 3034 1922 sub
3115 1870 3552 1925 interminatione
3619 1873 3969 1925 anatbetnatis

2421 1976 2609 2018 omnes
2661 1961 2887 2028 imperi-0
2931 1960 3471 2026 subditijubcrentur
3499 1961 3746 2016 Micbacli
3780 1961 3965 2031 iuniori

2420 2054 2660 2119 Augusto
2693 2052 2848 2106 ﬁdem
2878 2061 2932 2106 et
2962 2051 3320 2106 obedientiam
3359 2063 3636 2122 prastare,
3661 2055 3812 2122 quasi
3836 2066 3967 2108 esset
4036 2037 4038 2104 ἱ

2424 2145 2491 2197 ab
2525 2142 2775 2199 Ecclesia:
2819 2155 3058 2200 materna
3100 2142 3322 2198 lenitate
3360 2121 3591 2197 alienum
3617 2121 3756 2197 diris
3784 2144 3835 2197 in
3859 2158 3969 2212 per-

2421 2235 2622 2288 duelles
2656 2236 2878 2296 san-ire;
2916 2241 2969 2286 et
2997 2234 3153 2286 istius
3207 2234 3260 2286 in
3301 2233 3556 2286 ultionem
3612 2233 3837 2300 repulsa:
3872 2233 3971 2284 Αιι·
4036 2251 4038 2288 ε

2420 2325 2702 2378 dronicum
2732 2325 2980 2378 eumdem
3019 2323 3293 2377 Nnveliam
3323 2325 3582 2386 edidisse,
3615 2338 3722 2389 qua
3743 2323 3968 2390 largitio.

2421 2431 2540 2468 nem
2577 2415 2942 2483 sportularum
2999 2414 3052 2467 in
3103 2415 3484 2482 episcoporum
3542 2415 3966 2469 ordinationibus

2421 2509 2671 2560 usitatam
2713 2520 2778 2558 ex
2825 2507 2982 2576 longo
3006 2506 3471 2577 Constantinopoli
3524 2514 3582 2559 ut
3615 2505 3967 2559 Simoniacam

2417 2598 2704 2650 damnabat
2753 2606 2804 2651 et
2857 2598 3114 2666 deinceps
3153 2598 3396 2650 adhiberi
3449 2597 3792 2666 prohibebat,
3823 2596 3970 2648 vicis-

2418 2690 2521 2742 sim
2549 2704 2714 2743 nrens
2763 2699 3022 2754 prmtestu
3071 2690 3296 2756 qumsito
3325 2701 3417 2741 eos
3451 2687 3541 2757 qui
3565 2702 3624 2741 se
3663 2686 3830 2740 nihilo
3856 2698 3972 2754 pro-

2420 2778 2669 2832 babiliori
2701 2779 2919 2832 obtentu
2951 2789 3312 2848 pupugeraut.

2487 2871 2565 2922 Ad
2628 2871 2916 2924 astruenda
2967 2847 3299 2939 quosmodo
3351 2868 3485 2931 dixi,
3513 2870 3785 2935 pertinere
3841 2881 3968 2937 pnto

2421 2968 2603 3013 notam
2671 2960 3018 3028 marginalcm
3078 2974 3108 3014 τι
3162 2960 3364 3013 lectore
3412 2956 3602 3013 Grmco
3655 2975 3810 3012 manu
3845 2961 3974 3013 satis

2342 3071 2388 3140 θ’
2419 3049 2636 3116 antiqua
2676 3050 2727 3102 in
2765 3065 2854 3101 ora
2893 3049 3168 3103 Barberini
3198 3050 3400 3103 codicis
3425 3051 3677 3118 positam.
3711 3064 3741 3102 e
3767 3050 3974 3116 regione

2419 3140 2460 3192 si
2503 3138 2716 3205 quidem
2747 3139 2955 3190 illorum
2995 3143 3278 3192 verborum
3306 3141 3446 3193 ὥστε
3475 3140 3570 3192 τὸν
3599 3143 3721 3193 νέον
3754 3140 3969 3207 βασιλέα

2417 3229 2666 3297 γαμϐρὸν
2690 3230 2871 3299 ἐκείνῃ
2903 3230 3157 3296 γενέσθαι
3200 3231 3279 3284 sic
3321 3233 3388 3283 ibi
3426 3233 3727 3285 scribitur:
3755 3233 3871 3284 'lva.
3906 3238 3970 3298 μὴ

2416 3315 2642 3370 τοιαῦτα
2685 3319 2776 3371 καὶ
2803 3317 2958 3381 αὖθις
2997 3318 3308 3387 συμϐαίνοι,
3340 3321 3366 3369 ὁ
3394 3319 3489 3385 τῆς
3534 3304 3756 3388 Ῥώμης
3795 3323 3970 3391 ἀρχιε-

2419 3414 2546 3480 psi»;
2573 3417 2639 3466 τὰ
2670 3409 2895 3464 τοιαῦτα
2938 3412 3278 3478 παραχωρεῖ·
3317 3408 3468 3473 Qum.
3519 3407 3734 3476 ορῖηοτο
3772 3412 3968 3477 εἰειιῖίῖ·

2418 3515 2543 3558 cant
2569 3507 2778 3559 cavisse
2816 3503 2960 3566 illos,
2991 3502 3082 3570 qui
3126 3500 3377 3563 Ecclesia:
3412 3515 3554 3554 lillltc
3589 3510 3881 3571 prmerant,
3913 3517 3974 3554 nc

2418 3592 2618 3648 imitari
2671 3593 2978 3645 viderentur
3004 3590 3309 3658 exemplum
3347 3605 3373 3642 a
3407 3588 3584 3647 Yeeco
3627 3601 3682 3644 et
3712 3591 3834 3646 aliis
3867 3592 3971 3658 epi-

2419 3684 2596 3751 scapis
2609 3681 2812 3736 Grazcis
2839 3674 3092 3734 Romana:
3129 3684 3526 3736 communionis
3554 3685 3608 3736 in
3638 3683 3729 3737 illo
3753 3688 3970 3751 permit-

2425 3775 2585 3826 tendo
2644 3773 2936 3834 connubio,
2989 3773 3056 3826 de
3096 3787 3200 3841 quo
3261 3773 3366 3825 vol.
3423 3774 3466 3834 l.
3522 3789 3574 3842 p.
3610 3775 3735 3838 HO,
3798 3787 3968 3828 actum
4036 3773 4038 3834 ἕ

2419 3864 2624 3929 fuerat,
2659 3864 2966 3932 praebitum.
3016 3864 3244 3919 Causam
3282 3880 3409 3918 vero
3453 3880 3552 3919 cur
3602 3867 3654 3920 id
3695 3865 3971 3936 diligenter

2419 3957 2733 4016 vitaverint,
2790 3956 3101 4023 exprimunt
3155 3958 3321 4010 Verba
3369 3961 3648 4024 sequentia
3699 3977 3713 4012 :
3771 3960 3829 4011 '0
3881 3958 3968 4023 τῆς

2418 4045 2645 4113 Ῥώμης
2696 4045 2990 4114 ἀρχιερεὺς
3024 4046 3252 4098 τοιαῦτα
3304 4050 3657 4116 παραχωρεῖ,
3713 4049 3968 4101 Romam

2418 4139 2573 4209 751
2604 4136 2841 4206 pontifex
2870 4136 3001 4187 talia
3031 4135 3304 4209 permittit.
3350 4135 3552 4202 Nempe
3595 4150 3787 4192 auctor
3815 4143 3968 4194 adno-

2421 4205 2726 4283 infirme-ulte
2780 4227 3050 4293 significat
3103 4205 3280 4279 studio
3339 4227 3666 4293 reprobandi
3725 4245 3879 4284 usum
3923 4243 3966 4282 rt

2418 4318 2859 4372 consuetudinem
2908 4315 3159 4369 Ecclesiae
3204 4316 3458 4370 Romanae
3495 4327 3784 4385 provectos
3832 4317 3969 4373 Gra—
4036 4309 4038 4368 ῗ

765 4402 984 4457 Occidui
1039 4409 1243 4453 tractus
1297 4400 1578 4464 dcspotam
1624 4406 1678 4450 ct
1713 4397 1919 4450 Annam
1978 4388 2313 4462 imperatoris

2420 4423 2510 4462 cos
2554 4407 2928 4462 schismaticos
2979 4407 3043 4458 ad
3078 4407 3375 4472 negantiam
3426 4407 3730 4461 istiusmodi
3793 4413 3968 4463 matri-
4036 4405 4038 4466 ἲ

764 4491 1039 4549 Michaelis
1104 4489 1266 4543 filiam
1325 4485 1707 4546 conciliando.
1767 4488 1994 4553 gratiam
2055 4487 2310 4548 fecerant,

760 4594 1017 4654 pascente
1042 4581 1296 4648 Augusto,
1330 4580 1418 4647 qui
1451 4590 1574 4632 tunc.
1603 4586 1867 4644 praeerant
1894 4576 2164 4639 Ecclesia‘,
2191 4591 2312 4628 cum

762 4687 938 4739 tamen
987 4674 1120 4725 adeo
1171 4684 1410 4737 presens
1439 4676 1494 4721 et
1540 4677 1801 4734 praestans
1845 4665 2049 4718 utilitas
2097 4668 2146 4716 iu
2199 4681 2310 4716 rem

721 4766 731 4773 ”
764 4766 972 4834 imperii
1005 4778 1070 4818 cx
1113 4763 1216 4815 isto
1249 4760 1500 4826 coningio
1544 4775 1646 4818 non
1676 4765 1986 4826 speraretur
2014 4772 2169 4825 quam
2199 4771 2316 4824 qua:

762 4864 912 4909 certo
960 4853 1252 4921 apparebat
1302 4866 1362 4906 cx
1414 4852 1511 4903 hoc
1543 4860 1818 4903 secutura.
1849 4847 2108 4906 Νἱιιιίιέιιιιι
2140 4849 2311 4902 scitis-

766 4949 945 5004 matici
969 4962 1110 5001 nunc
1134 4955 1380 5015 potentes
1410 4960 1587 5000 rerum
1611 4943 1933 4997 ail'cmabaut
1961 4942 2315 5010 religiosiores

763 5051 1020 5108 apparere
1048 5037 1335 5092 catholicis
1365 5047 1494 5090 tunc
1533 5047 1593 5098 et
1626 5033 1885 5091 Ecclesize
1930 5046 1980 5090 et
2016 5032 2314 5100 reipublim

761 5126 1206 5198 praesidentibus;
1245 5139 1406 5194 atque
1442 5137 1498 5180 ut
1547 5124 1885 5179 Andronicus
1942 5124 2145 5191 ejnrata
2186 5139 2314 5176 cou-

761 5220 942 5275 cordia
973 5231 1095 5270 cum
1122 5231 1278 5281 papa.
1317 5231 1477 5284 quam
1509 5215 1625 5281 ejus
1657 5224 1809 5284 pater
1836 5224 2020 5268 sancte
2050 5213 2310 5276 coluerat,

761 5308 930 5364 videri
985 5304 1212 5366 studuit,
1252 5306 1353 5359 hac
1386 5307 1758 5372 superstitiosa
1806 5305 2099 5358 emissione
2132 5303 2312 5359 afliui-

763 5398 888 5453 t'ttis
939 5395 1236 5449 utilissimae
1289 5395 1511 5460 imperio
1560 5405 1780 5463 propter
1831 5404 2030 5446 metum
2074 5393 2308 5455 inanem,

761 5486 912 5552 quasi
944 5487 1060 5555 ejus
1101 5482 1541 5553 impedimentum
1592 5484 1852 5538 remo-reri
1909 5483 2165 5538 Ecclesia:
2218 5499 2313 5536 att-

761 5578 1012 5632 ctoritatc
1041 5576 1305 5646 nequiret,
1333 5573 1450 5642 plus
1472 5589 1658 5639 sapere
1690 5591 1848 5641 quam
1882 5576 2174 5643 ille..quem
2200 5585 2322 5630 mc--‘

765 5672 991 5726 niincrat
1023 5673 1134 5741 pari
1161 5669 1450 5727 occasione
1495 5670 1780 5739 prmsn‘lum
1816 5670 2307 5728 ecclesiasticarum

2420 4497 2734 4552 monialium
2793 4497 3298 4561 impedimentorum
3356 4496 3771 4561 rciaxationem,
3822 4501 3966 4567 quasi
4036 4496 4038 4566 ζ

2417 4605 2533 4641 cam
2572 4587 2775 4641 Veccus
2803 4597 2989 4640 contra
3021 4587 3098 4640 fas
3133 4596 3454 4641 attcutasset
3491 4601 3782 4655 propterea
3835 4593 3965 4659 quod

2419 4679 2642 4734 Romani
2673 4677 2937 4745 pontificis
2967 4679 3339 4730 auctoritatem
3392 4685 3732 4741 sequeretur.
4036 4677 4038 4745 ξ

2486 4768 2546 4822 Ρ.
2581 4768 2702 4821 (206.
2742 4766 2964 4834 Ejuratu
2999 4770 3100 4818 rilti
3129 4752 3320 4831 patrio.
3369 4764 3491 4833 Agit
3522 4768 3588 4821 de
3647 4768 3810 4822 Maria
3867 4770 3964 4823 lilia

2419 4863 2556 4927 regis
2592 4862 2857 4912 Artncnite
2901 4858 3168 4911 destinata
3207 4871 3405 4922 Sponsa
3446 4857 3692 4913 Michaeli
3729 4861 3966 4930 Augusto
4036 4857 4038 4926 i

2413 4950 2644 5014 Juniori,
2673 4966 2832 5019 quam
2859 4951 2932 5002 ait
2963 4964 3123 5016 opera
3145 4955 3200 5000 et
3228 4948 3567 5003 suasionibus
3594 4953 3963 5008 deducentiqu

2418 5044 2702 5096 adductam
2735 5043 2797 5094 ad
2839 5041 3157 5108 ejurandum
3194 5038 3353 5093 ritum
3389 5043 3645 5108 patrium.
3672 5043 3799 5097 Acri
3831 5044 3961 5096 circa
4036 5038 4038 5108 Ξ

2415 5136 2724 5203 religionem
2755 5135 2982 5187 discidio
3016 5133 3242 5187 invicem
3289 5135 3634 5190 abhorruisse
3669 5136 3888 5190 (ἶπες-ος
3917 5145 3964 5188 et

2413 5228 2672 5280 Armenes
2708 5239 2813 5279 non
2849 5223 3012 5276 semel
3050 5223 3101 5274 in
3128 5222 3276 5277 hisce
3301 5225 3648 5278 historiarum
3685 5227 3843 5280 libris
3874 5224 3964 5279 Pa-

2413 5311 2692 5378 t-bymcres
2744 5312 2938 5364 innuit.
2975 5308 3104 5362 Vide
3164 5311 3268 5365 vol.
3303 5311 3344 5374 Ι,
3399 5328 3455 5381 p.
3489 5314 3634 5379 429;
3691 5315 3800 5368 vol.
3831 5315 3891 5378 ll,
3920 5330 3963 5380 ρ.

2413 5401 2535 5459 242.
2572 5410 2622 5453 et
2655 5415 2705 5467 p.
2742 5401 2867 5454 520.
2904 5397 3104 5452 Solitos
3136 5417 3292 5468 porro
3321 5401 3535 5457 Grazeos
3575 5418 3671 5458 eos
3698 5406 3789 5471 qui
3816 5406 3962 5460 ritum

2415 5491 2643 5556 patrium
2677 5505 2797 5544 cum
2832 5503 2930 5542 suo
2970 5499 3238 5543 mutarent
3269 5495 3526 5546 unctione
3577 5493 3723 5550 velut
3757 5496 3961 5547 initiare

2410 5585 2663 5650 quadam,
2699 5590 2752 5633 et
2801 5579 2888 5632 hic
2923 5580 3074 5634 vides
3109 5596 3135 5632 a
3188 5592 3373 5636 nostro
3423 5583 3682 5636 historico
3734 5594 3791 5634 et
3840 5581 3962 5634 infra

2414 5688 2466 5742 p.
2496 5671 2616 5737 520,
2645 5668 2839 5727 diserte
2868 5671 3186 5726 affirmatum
3215 5674 3281 5727 de
3311 5673 3596 5737 Armcuis;
3625 5684 3678 5727 et
3709 5674 3849 5728 idem
3881 5688 3961 5726 eos
