4038 6332
114 397 222 462 813

1609 409 1844 472 NOTAE.

3211 430 3318 490 Sil

110 528 375 585 usurpare
407 513 457 569 in
482 513 690 571 Latinis
724 521 790 573 ad
841 519 1000 574 ritum
1046 523 1290 577 Graii-nm
1331 530 1661 581 transeunti-
1692 536 1735 590 Α
1771 530 1868 586 hos
1921 531 2181 590 terminos
2216 537 2371 604 spatii
2411 539 2545 593 intra
2602 541 2745 609 quod
2806 541 3084 612 digladiari
3126 545 3309 614 Veni-ti

109 604 234 668 bus,
288 605 586 676 accipimus
642 624 674 666 e
706 609 900 668 litteris
963 623 1268 669 nostrorum
1297 615 1567 688 hodieque
1600 621 1654 674 in

101 693 311 750 Cra-cia
343 699 672 770 degentium.

177 783 241 841 Ρ.
265 785 393 843 209.
424 778 648 846 Latinis.
683 791 791 850 Hos
816 794 1041 852 Latinos
1095 799 1234 868 apud
1265 798 1478 856 Cretam
1510 804 1658 859 insn-

103 877 210 934 iam
249 880 418 936 armis
447 881 796 952 praevalentes
843 886 1009 942 fuisse
1037 888 1268 949 Venetos
1319 893 1522 948 indicat
1563 913 1657 950 no-

98 978 218 1022 ster
266 967 428 1034 infra,
466 971 511 1026 l.
557 986 654 1038 vn,
684 987 734 1029 c.
766 975 818 1040 8,
853 978 977 1029 dum
1025 978 1246 1035 solvisse
1275 983 1656 1039 Constantium

100 1054 209 1125 poll
231 1057 447 1115 Cretam
471 1077 658 1118 versus
676 1063 1023 1121 Athanasium
1047 1070 1405 1137 patriarcham
1425 1073 1658 1129 Alesaaa

96 1148 315 1205 drlnntn
345 1165 480 1206 nare
511 1151 711 1209 Veneta
745 1163 992 1213 testatur.
1050 1157 1156 1214 Sed
1209 1173 1265 1218 et
1299 1165 1461 1228 idem,
1498 1166 1535 1222 Ι.
1575 1184 1653 1229 ιιι.

95 1255 146 1295 c.
185 1239 280 1309 i9,
309 1242 454 1297 clare
484 1244 697 1299 dixerat
719 1243 936 1302 Cretam
965 1252 1210 1320 patuisse
1233 1254 1476 1311 Venetis.

165 1331 229 1388 Ρ.
263 1333 386 1390 SH.
422 1334 607 1391 Mirari
667 1338 792 1393 licet
847 1344 1116 1409 quomodo
1163 1342 1656 1420 Phitanthropenus

96 1423 300 1479 olerre
326 1427 685 1481 conditionem
717 1431 971 1486 connubii
1024 1449 1206 1489 secum
1263 1438 1387 1494 huic
1444 1440 1654 1497 mulieri

97 1517 356 1585 potuerit,
389 1533 548 1586 quem
575 1533 638 1573 ex
672 1537 724 1591 p.
746 1521 853 1576 2w
900 1523 1214 1593 intelligitur
1246 1528 1500 1588 habuisse
1529 1541 1656 1589 tunc

96 1606 258 1660 aliam
291 1607 583 1683 legitimam
612 1627 832 1666 uxorem
876 1625 931 1668 et
964 1630 1028 1670 ex
1055 1632 1118 1670 ea
1161 1618 1347 1674 lilium.
1382 1623 1463 1675 Au
1496 1638 1653 1692 repu-

95 1698 363 1751 diaturum
389 1714 454 1754 se
476 1704 712 1756 ostendit
742 1703 832 1775 -{P.
871 1705 1006 1776 538]
1039 1709 1316 1781 antiquam
1341 1713 1650 1784 conjugem.

92 1797 150 1840 ut
182 1787 371 1842 locum
394 1805 545 1846 novae
571 1792 871 1868 darett‘An
917 1799 1114 1864 potius,
1150 1815 1269 1855 cum
1302 1803 1466 1860 sciret
1494 1805 1649 1859 istam

91 1878 308 1933 viduam
349 1880 688 1955 Salampaxls
720 1884 900 1966 [tersae
926 1905 1028 1943 non
1053 1906 1212 1946 unam
1243 1891 1371 1962 ipsi.
1416 1895 1508 1948 sed
1536 1897 1648 1963 pri~

84 1973 316 2024 marium
346 1972 488 2026 inter
517 1976 695 2042 plures
736 1975 902 2033 fuisse
938 1996 1182 2047 uxorem,
1232 1985 1466 2051 speravit
1503 1986 1646 2040 illam

83 2059 419 2116 credituram
448 2078 608 2131 posse
652 2069 978 2121 connubinm
1041 2071 1143 2124 rite
1200 2072 1325 2126 iniri
1384 2076 1648 2129 enmviro

83 2161 462 2221 praeccnpato
494 2154 616 2209 aliis
643 2159 879 2226 nuptiis?
909 2175 1028 2220 seu,
1054 2164 1196 2230 quod
1227 2163 1397 2218 innuit
1423 2166 1645 2221 histori-

83 2252 203 2301 cus,
242 2256 351 2296 non
386 2257 452 2298 ex
491 2259 618 2299 vero
646 2246 785 2314 ha-c,
804 2247 895 2302 sed
918 2260 1095 2304 astute
1120 2251 1549 2319 obtendebantttr
1577 2258 1643 2308 ad

82 2329 446 2389 inducendam
501 2335 554 2390 in
582 2335 825 2410 fraudem
866 2337 1123 2396 feminam
1185 2353 1445 2411 cxteram,
1481 2357 1532 2402 et
1562 2347 1642 2402 sic

80 2421 417 2488 eripiendam
440 2426 490 2480 el
518 2440 680 2497 quam
721 2429 936 2484 tenebat
963 2447 1164 2489 arcem.

142 2509 208 2569 Ρ.
253 2513 383 2572 225.
429 2515 831 2576 'Arrtd‘o'cea'tr
865 2520 1038 2586 ἱερῶν
1064 2524 1417 2592 ἑγκολπίων.
1440 2528 1516 2584 De
1539 2529 1640 2585 hoc

83 2617 235 2659 more
295 2606 545 2661 lirmaudi
581 2617 736 2677 pacta
771 2626 864 2678 per
898 2623 1133 2667 imitnam
1167 2601 1511 2679 traditionem
1545 2637 1635 2675 sa-

75 2707 293 2749 crorum
349 2696 708 2752 amnletorum
742 2714 774 2754 e
811 2701 949 2755 collo
991 2719 1372 2773 suspensuram
1411 2709 1634 2764 videnda

79 2799 192 2852 qu:
254 2787 561 2842 notavimus
610 2790 884 2845 Glossario
950 2796 1156 2863 priori,
1225 2800 1388 2854 verbo
1444 2802 1633 2870 ἐγκόλ-

78 2891 194 2941 πια,
227 2878 326 2933 ubi
355 2879 628 2947 geniinnm
687 2882 810 2938 buic
858 2883 1218 2944 Cantacnzeni
1254 2890 1448 2958 locum,
1481 2893 1516 2948 l.
1547 2911 1630 2958 ιιι,

82 2980 124 3017 r.
159 2965 248 3032 ιγ,
283 2983 315 3022 a
351 2972 738 3043 παρερμηνείᾳ
763 2974 1057 3029 doctissimi
1090 2979 1285 3049 alioqui
1330 2989 1385 3034 et
1412 2996 1633 3036 accura—

77 3055 274 3111 tissimi
297 3063 607 3114 necessario
641 3062 976 3118 vindicamus
1016 3067 1346 3135 interpretis.

1764 637 1885 676 cum
1929 620 2300 682 Cennensibus
2337 645 2398 682 es
2457 646 2612 696 pacm
2657 648 2778 686 cum
2824 636 3148 703 imperatore
3178 640 3310 692 inito

1761 716 2065 784 nequirent,
2100 720 2176 772 sic
2201 722 2452 788 exprimit
2482 736 2496 773 :
2534 724 2662 774 Ἀπὸ
2689 723 2781 775 τοῦ
2805 727 3012 778 ,στενοῦ
3047 729 3308 781 Καλλιου-

1763 803 2166 877 πόὶεω;’μέχρι
2195 811 2287 862 καὶ
2319 811 2409 863 τοῦ
2445 811 2614 880 ἱεροῦ.
2657 810 2795 878 Quid
2823 826 2973 870 vocet
3007 819 3151 888 ἱερὸν
3200 821 3310 888 ipse

1763 895 1974 952 viderit.
2032 898 2236 954 Fauces
2277 901 2488 970 quidem
2539 904 2602 956 ad
2638 902 2937 971 Callipolim
2970 911 3168 962 caedem
3203 927 3308 965 non

1761 995 1886 1040 sunt
1915 1001 2033 1040 cun:
2061 988 2308 1045 l.utcibns
2341 1007 2457 1060 quae
2510 995 2573 1045 ad
2609 993 2799 1049 Seston
2837 1007 2888 1048 et
2917 998 3183 1067 Abydum,
3210 1004 3306 1053 sed

1759 1087 1789 1126 e
1823 1073 2084 1128 diametro
2107 1077 2210 1130 illa:
2235 1089 2360 1132 sunt
2395 1080 2619 1133 invicem
2643 1083 2923 1150 oppositze,
2962 1085 3134 1140 media
3165 1086 3307 1141 intrr

1757 1173 2019 1232 utrasque
2057 1158 2406 1236 Propontide.

1831 1253 1895 1325 μ’
1928 1255 2050 1328 559]
2093 1258 2150 1311 Ρ.
2187 1258 2310 1312 252.
2343 1261 2492 1327 Quod
2522 1264 2732 1318 codices
2757 1265 2793 1317 Β
2818 1274 2867 1318 et
2897 1266 2935 1317 Α
2965 1265 3026 1318 ἔκ
3055 1283 3197 1328 τινος
3223 1268 3306 1317 αἱ.

1759 1346 1876 1407 ria;
1911 1347 2124 1408 simia,-
2153 1350 2370 1413 ltahent,
2407 1350 2524 1406 Vat.
2557 1357 2808 1421 exprimit
2837 1356 2899 1413 ἐκ
2949 1374 3091 1417 τινος
3137 1359 3306 1427 μηδι-

1763 1437 1920 1505 μινῆς
1946 1439 2144 1503 αἰτίας,
2175 1459 2339 1496 causa
2369 1445 2447 1497 vel
2478 1445 2859 1500 Oliensinncula
2893 1449 3061 1501 nihili.

1830 1525 1960 1581 lhid.
1997 1525 2106 1582 Rea:
2147 1531 2474 1586 Armeuiw...
2512 1531 2659 1586 llnne
2690 1547 2865 1599 regem
2907 1533 3173 1587 Armenim
3204 1534 3302 1586 Sa-

1760 1625 1937 1678 untns,
1969 1616 2002 1668 i.
2031 1633 2118 1682 ut,
2151 1633 2204 1686 p.
2239 1620 2325 1680 15,
2374 1636 2424 1676 c.
2459 1620 2512 1682 9,
2543 1620 2878 1689 llaythonem
2922 1634 3092 1687 vocat,
3128 1636 3178 1675 et
3211 1639 3298 1674 vc-

1759 1707 1905 1761 nisse
1932 1707 2446 1778 Constantinopolim
2477 1711 2606 1764 dicit
2651 1726 2715 1765 eo
2743 1714 2884 1780 quod
2926 1712 3151 1766 Michael
3187 1715 3298 1765 An-

1756 1798 1962 1851 dronici
2019 1799 2166 1853 illius
2211 1816 2449 1855 sororem
2508 1818 2661 1857 snam
2711 1807 3108 1871 desponsasset.
3155 1805 3297 1856 Cun-

1753 1898 1952 1956 grnunt
1986 1891 2099 1945 hac
2148 1906 2272 1944 cum
2307 1890 2658 1962 Paehyntcre,
2705 1897 2793 1963 qui
2830 1898 3076 1962 superius
3115 1896 3298 1949 docuit

1747 1979 1895 2048 regis
1953 1981 2222 2036 Armenia:
2274 1983 2434 2036 lilium
2493 1984 2716 2038 Mariam
2780 1989 2994 2041 nomine
3051 1987 3294 2042 Micltacli

1751 2068 2015 2139 nupsisse.
2047 2073 2288 2140 Explicat
2351 2087 2530 2129 autem
2590 2077 2827 2130 Sanuttts
2865 2080 2931 2131 de
2964 2094 3069 2146 quo
3099 2094 3294 2146 genere

1747 2163 2022 2218 convictus
2055 2164 2412 2233 Pachymeres
2458 2177 2603 2235 agat,
2663 2168 2787 2221 dum
2820 2171 2892 2221 ait
2924 2170 3064 2223 hunc
3111 2185 3290 2240 regem

1743 2267 1868 2305 cum
1905 2253 2106 2309 Freriis
2139 2256 2358 2310 vixisse.
2399 2257 2561 2313 Docet
2596 2260 2792 2328 quippe
2822 2262 3114 2329 sumpsisse
3140 2261 3289 2314 illum

1741 2341 1982 2397 habitum
2013 2347 2215 2400 ordinis
2245 2347 2506 2402 Maurum
2541 2349 2595 2404 S.
2627 2351 2926 2418 Francisci,
2958 2364 3011 2407 et
3040 2361 3096 2405 ut
3130 2351 3290 2404 soda-

1743 2434 1846 2490 lem
1877 2438 2067 2490 ltornm
2111 2438 2328 2495 Patrum
2361 2449 2414 2496 et
2455 2441 2672 2496 lratrem
2704 2443 3163 2511 ConstantinopOli
3201 2446 3286 2495 vi-

1742 2527 2090 2593 xisse;nnde
2144 2543 2353 2597 sumpta
2411 2533 2694 2587 occasione
2738 2532 2942 2587 Sebath
2992 2531 3286 2601 liaytlionis

1739 2619 1907 2672 frater
1940 2621 2458 2687 regnnmArmcnia:
2488 2626 2787 2691 occupavit.
2819 2623 2919 2688 Qui
2957 2624 3118 2678 etiam
3144 2622 3288 2694 "ay-

1745 2709 1961 2762 thonem
2007 2708 2197 2762 deinde
2246 2720 2455 2778 captum
2500 2715 2816 2766 excmcavii.
2877 2715 2981 2767 Sed
3030 2716 3073 2770 is
3100 2715 3285 2770 divino

1737 2800 1994 2854 miraculo
2033 2813 2244 2854 rursum
2306 2803 2527 2870 adeptus
2589 2820 2743 2858 nsum
2798 2806 3095 2871 oculorum,
3134 2812 3282 2878 regni

1733 2888 1858 2955 quin
1900 2891 2062 2943 etiam
2111 2906 2330 2958 compos
2365 2893 2682 2958 cstlactns;
2714 2906 2766 2948 et
2807 2895 3101 2950 Sebathnm
3139 2897 3283 2953 Con-

1731 2981 2127 3048 stantinopolim
2180 2975 2346 3046 misit,
2400 3000 2591 3051 rogans
2639 2987 3017 3052 imperaturem
3055 2999 3112 3041 nt
3157 3004 3278 3042 eum

1731 3070 1837 3124 illic
1867 3071 2150 3127 detineret.
2200 3074 2323 3129 llwc
2360 3074 2432 3126 ibi
2490 3075 2744 3128 Sanntus.
2781 3076 2843 3128 Et
2899 3092 2964 3131 ex
2996 3093 3059 3131 eo
3111 3079 3279 3133 fusius

141 3146 206 3201 P.
233 3147 362 3203 235.
396 3145 572 3204 Terra:
629 3153 810 3215 motui,
862 3157 951 3223 qui
995 3165 1092 3224 ’ρει-
1120 3161 1476 3216 excellentiam
1518 3181 1628 3218 ma-
1660 3178 1699 3239 ε
1728 3158 2043 3227 Spondanns
2075 3177 2162 3211 an.
2191 3161 2322 3214 Chr.
2357 3161 2511 3223 1294.
2542 3177 2594 3215 n.
2639 3162 2704 3214 10
2737 3173 2787 3215 et
2826 3163 2906 3217 Η.

71 3251 202 3301 quos
232 3237 551 3307 appellatur.
609 3239 744 3297 Puto
802 3243 884 3301 hic
915 3246 1067 3303 innui
1119 3256 1276 3304 terrm
1308 3265 1507 3310 motum
1535 3258 1625 3325 qui

75 3340 210 3381 anno
231 3324 362 3383 Chr.
387 3330 522 3386 £202
541 3333 777 3388 omnium
804 3338 966 3392 tando
988 3341 1293 3396 auditorum
1320 3360 1412 3412 per
1435 3324 1622 3401 Orien-

78 3427 176 3470 tctl
202 3417 514 3476 ditissimus
545 3421 790 3492 contigit,
827 3442 984 3496 quem
1022 3428 1287 3487 Rubertns
1335 3441 1625 3491 monachus

72 3509 527 3568 Aotisiodorensis
587 3514 640 3568 in
701 3533 797 3570 sua
830 3519 1190 3590 Chronologia
1245 3524 1511 3593 incepisse
1547 3531 1622 3580 ait

73 3598 247 3659 triduo
276 3612 404 3657 ante
439 3605 843 3670 Ascensionem,
883 3616 936 3660 et
969 3624 1032 3661 eo
1079 3609 1299 3678 Tyrum,
1332 3615 1620 3679 Acconem,

72 3688 352 3757 Tripolim,
401 3702 534 3758 etc.,
578 3708 768 3766 magna
803 3713 870 3751 es
897 3708 1047 3768 parte
1095 3703 1412 3758 cencidisse.
1451 3703 1620 3774 linjns
1658 3755 1667 3765 ,

1801 3248 1858 3303 Ρ.
1886 3248 2010 3302 ΞΠ.
2061 3249 2172 3318 Τὴν
2204 3250 2332 3317 γιιῦν
2368 3252 2614 3320 ἀνάγκην
2663 3254 2909 3319 γίνεσθαι.
2944 3254 3102 3323 χάριν
3148 3258 3274 3324 νικᾷ

1727 3339 1792 3407 τῇ
1824 3338 2053 3393 συνέσει.
2093 3341 2180 3393 Sic
2218 3343 2384 3395 codex
2420 3343 2483 3412 it.
2541 3341 2655 3397 Vat.
2690 3357 2868 3397 autem
2907 3348 3031 3415 νικᾷ
3082 3347 3211 3414 γνιῦν
3238 3350 3271 3417 ή

1728 3432 1942 3495 σύνεσις
1971 3432 2032 3483 τὸ
2060 3437 2234 3486 ποιεῖν
2287 3436 2447 3505 χάριν
2487 3438 2582 3506 τὴν
2638 3439 2902 3506 ἀνάγκην.
2955 3438 3272 3494 Pcrobscurl

1727 3519 1829 3574 luci
1864 3530 1918 3572 ut
1944 3522 2109 3588 possit
2150 3523 2397 3592 intelligi,
2452 3526 2682 3592 primum
2739 3529 3111 3581 constituenda
3137 3531 3272 3583 scri~

1723 3619 1881 3677 plura
1922 3623 2022 3664 est.
2068 3612 2202 3665 Puto
2244 3613 2298 3667 in
2329 3629 2458 3668 voce
2493 3619 2638 3684 νικᾷ,
2677 3627 2730 3669 ιιι
2766 3617 2817 3670 in
2847 3633 2895 3670 c.
2936 3617 2974 3670 Β
3006 3634 3125 3671 cum
3159 3621 3269 3672 cir-

1723 3701 1985 3755 cumﬂexo
2041 3705 2091 3755 in
2153 3705 2339 3758 ultima
2409 3705 2622 3775 legitur,
2656 3711 2904 3761 mendum
2956 3726 3092 3765 esse.
3149 3709 3265 3765 Non

73 3781 272 3851 antiqui
298 3789 459 3836 terra:
493 3796 669 3839 motus
700 3789 1007 3844 meminisse
1043 3801 1309 3859 poterant,
1361 3811 1483 3850 cum
1520 3799 1619 3853 iste

70 3869 203 3926 alius
234 3873 304 3926 de
351 3888 460 3941 quo
501 3884 685 3930 noster
713 3879 821 3947 agit
852 3880 950 3931 hoc
986 3878 1104 3932 loco
1152 3878 1615 3961 Constantinopoli

65 3959 223 4033 753
247 3964 479 4034 contigit
507 3966 726 4022 circiter
773 3983 974 4024 annum
1018 3972 1148 4026 Chr.
1203 3973 1360 4040 1296,
1394 3959 1617 4041 quicun-

65 4067 162 4117 qs-e
196 4052 454 4108 vivebant
483 4057 778 4111 centenarii
833 4071 925 4112 aut
955 4063 1110 4127 paulo
1147 4066 1471 4119 ceutenariis
1502 4081 1612 4117 nta-

61 4142 224 4209 jures.
279 4142 525 4200 Meminit
553 4144 774 4200 alterius
804 4149 1395 4220 .llonstantinotiolitani
1459 4164 1614 4209 teme

67 4243 242 4297 motus
279 4233 459 4304 magnl
500 4235 733 4304 scriptor
792 4233 928 4291 Viue
983 4237 1228 4312 Gregorii
1261 4238 1352 4308 iV,
1386 4241 1609 4296 Romani

62 4327 232 4386 perm,
261 4323 505 4378 referens
533 4338 654 4377 eum
685 4327 975 4395 contigisse
1001 4343 1144 4383 anno
1166 4329 1298 4386 Chr.
1331 4332 1609 4402 l23l,quo
1713 4344 1930 4386 accentu
1985 4348 2232 4400 peccans.
2278 4334 2366 4387 Sic
2424 4340 2488 4388 ad
2555 4337 2773 4389 verbum
2833 4339 2947 4391 inec
3004 4351 3200 4421 sonant
3237 4359 3252 4394 τ

65 4412 134 4465 ait
178 4411 381 4466 multas
409 4413 598 4467 domos
627 4423 680 4467 et
725 4417 918 4485 templa
969 4417 1434 4490 Constantinopoli
1489 4439 1607 4476 σοι-ο
1639 4489 1674 4495 -λ
1717 4421 1872 4475 Vince
1891 4423 2180 4489 prudentia,
2215 4434 2268 4478 ut
2306 4428 2580 4480 necessitas
2625 4429 2795 4494 gratia
2830 4429 2944 4495 ﬁat.
2982 4429 3089 4483 lioc
3119 4419 3201 4484 est
3234 4447 3250 4482 :

61 4503 250 4557 ruisse.
285 4499 354 4556 At
387 4502 547 4571 hujus
602 4505 874 4559 recordari
911 4505 991 4560 vel
1024 4489 1419 4580 septuagenarii
1457 4523 1604 4583 pote-
1637 4489 1686 4547 Ῑ)
1711 4528 1829 4565 cmn
1856 4514 1921 4565 sit
1966 4530 2184 4568 necesse
2234 4533 2327 4568 usu
2357 4517 2465 4587 ξπ..
2503 4530 2712 4584 recepto
2747 4520 2875 4571 dare
2906 4518 3115 4572 titulum
3147 4519 3254 4573 l'ra-

61 4601 198 4645 rant.
236 4590 444 4647 indicat
475 4598 654 4646 autem
690 4602 871 4648 noster
898 4595 1041 4652 solos
1072 4613 1168 4654 eos
1201 4603 1290 4669 qni
1328 4602 1466 4655 ultra
1493 4603 1606 4656 vnl-
1711 4602 1809 4655 tris
1837 4602 1887 4655 in
1921 4603 2111 4657 litteris
2146 4606 2378 4671 Sullani,
2410 4625 2476 4666 ne
2500 4610 2708 4662 dubites
2745 4609 2842 4662 huc
2894 4610 3123 4664 libenter
3167 4609 3247 4662 fa-

59 4693 235 4747 garem
269 4682 486 4737 modum
512 4685 837 4748 senuissent,
868 4687 1009 4743 illius
1037 4691 1212 4759 magni
1249 4705 1404 4747 terra:
1436 4705 1608 4750 motus
1706 4707 1850 4759 cere,
1885 4695 2309 4749 consideratione
2351 4698 2659 4762 scrupulum
2699 4698 2933 4752 vincens.

62 4769 294 4834 potuisse
322 4770 637 4826 memoriam
669 4776 872 4840 testari.
903 4775 1079 4842 Quare
1104 4780 1443 4834 verisimilius
1467 4782 1604 4835 forte
1777 4782 1835 4836 P.
1866 4784 1989 4837 250.
2025 4785 2153 4849 Qua:
2181 4802 2297 4839 cum
2327 4789 2400 4838 ita
2440 4789 2563 4851 sint,
2595 4790 2712 4855 agri
2745 4805 2870 4854 opus
2904 4805 3010 4840 esse
3050 4787 3255 4841 delibe-'

60 4860 216 4917 inerit
270 4863 358 4918 hic
384 4864 676 4934 significari
713 4852 873 4920 terrm
905 4878 1104 4922 motum
1138 4872 1261 4925 anni
1306 4873 1461 4940 129.2,
1500 4891 1604 4940 quo
1705 4875 1925 4934 ratione.
1978 4885 2080 4929 etc.
2133 4875 2223 4931 llis
2251 4934 2255 4940 ,
2280 4878 2459 4931 verbis
2493 4878 2787 4946 explicatur
2838 4886 2998 4931 aestus
3054 4878 3245 4943 animi,

59 4953 338 5018 Casarins,
367 4956 402 5009 l.
436 4972 490 5020 ι,
525 4971 575 5010 c.
610 4957 700 5022 47,
736 4958 898 5011 refert
952 4961 1002 5011 in
1040 4959 1216 5029 Cypro
1266 4964 1436 5018 insula
1468 4968 1604 5017 duas
1705 4983 1812 5034 quo
1845 4967 2145 5032 patriarcha
2186 4980 2248 5020 "et
2280 4970 2570 5035 imperator
2603 4969 2927 5033 ex‘rt‘pcrtis
2966 4967 3243 5021 Athanasii

59 5045 296 5097 civitates
325 5055 486 5099 terra:
518 5058 663 5100 motu
689 5047 857 5102 fuisse
887 5050 1195 5112 subversas,
1228 5063 1280 5106 et
1311 5055 1363 5106 in
1417 5071 1599 5106 earum
1703 5057 1916 5123 scriptis
1946 5057 2092 5108 diras
2133 5059 2525 5112 intentantibns
2558 5059 2927 5121 turbabantur,
2965 5074 3101 5110 vano
3128 5059 3248 5127 qui-

62 5137 221 5190 altera
253 5136 566 5205 episcopum
595 5138 770 5193 sacris
794 5150 1103 5207 operantem
1135 5152 1183 5194 et
1227 5144 1428 5197 (-ircu'tn
1461 5161 1598 5213 ιιι-εις·
1701 5149 1818 5198 dent
1857 5158 2022 5198 metu.
2053 5144 2184 5198 Nam
2222 5148 2347 5216 quid
2381 5136 2445 5202 ex
2481 5148 2755 5217 impotenti
2783 5147 2976 5217 privati
3002 5149 3113 5218 jam
3149 5149 3246 5202 ho-

62 5237 258 5279 scntem
294 5226 549 5294 populum
583 5231 761 5299 templi
794 5232 946 5285 ruina
977 5232 1181 5300 pariter
1200 5233 1425 5288 obrutos
1474 5250 1519 5303 ρι
1542 5251 1598 5289 r-
1702 5234 1858 5287 minis
1915 5236 2189 5288 iracundia
2231 5239 2434 5291 chartis
2468 5236 2809 5291 elancnlariis
2857 5237 3042 5292 timide
3073 5238 3240 5291 indita

61 5315 202 5371 iisse.
1699 5323 1971 5379 formidari
1999 5327 2122 5394 jure
2152 5329 2395 5394 poterat?
2423 5327 2619 5379 Tamen
2647 5326 2732 5380 isti
2765 5328 3115 5390 schismatici,
3147 5327 3239 5394 qui

119 5405 173 5460 P.
201 5407 330 5462 239.
368 5405 562 5462 Petrus
587 5405 800 5472 Gillius,
839 5411 875 5464 l.
910 5425 950 5465 tt
983 5411 1056 5465 De
1089 5417 1428 5484 topographia
1456 5415 1596 5470 urbis
1698 5415 1970 5469 dirissima
2020 5417 2255 5468 omnium
2311 5415 2652 5468 anathemata
2703 5416 2842 5470 uitro
2878 5430 3147 5469 arcessere
3183 5419 3235 5467 in

55 5492 554 5566 Constantinopolis,
586 5513 637 5553 c.
671 5497 723 5561 ϐ.
779 5501 1050 5554 existimat
1075 5503 1303 5557 Pharum
1333 5506 1498 5561 luisse
1525 5509 1594 5560 si-
1693 5519 1787 5558 sna
1823 5507 2058 5573 ipsorum
2089 5507 2261 5584 est“ul
2289 5519 2390 5557 "0“
2422 5504 2735 5559 ἀυδίῑθδθηι
2760 5507 3054 5559 ⁰¹¹θάίθ¹¹ί⁵ί⁸
3077 5503 3240 5556 δ¹³⁹ί⁶

57 5591 150 5638 tant
181 5586 236 5639 in
270 5590 640 5654 promontorio
668 5586 832 5640 Uerus
855 5589 1017 5643 dicto.
1051 5591 1125 5644 De
1161 5590 1259 5645 hac
1303 5593 1476 5649 Pharo
1507 5597 1594 5650 hic
1693 5599 1756 5651 sti
1813 5597 2013 5650 vicario
2068 5596 2304 5663 neganda
2356 5605 2409 5648 et
2439 5594 2778 5649 dilaceranda
2823 5594 3083 5654 Eetlesia.
3112 5594 3238 5647 feli-

55 5677 127 5744 agi
177 5678 475 5734 verisimile
523 5681 755 5735 videtur.
790 5680 944 5738 Unde
986 5684 1307 5738 crediderim
1337 5686 1592 5743 aberrare
1690 5689 1824 5756 giosi
1861 5700 2028 5755 usque
2052 5688 2114 5737 ad
2139 5685 2575 5754 superstitionem
2604 5698 2858 5754 apparere
2889 5681 3232 5750 aﬂectahant,

53 5768 112 5821 ab
141 5771 379 5825 auctoris
406 5770 673 5825 sententia
704 5770 1060 5827 breviatorcm
1096 5773 1428 5843 Vaticanum,
1464 5779 1586 5832 dum
1693 5779 1800 5832 illic
1855 5777 2183 5845 trepidantes
2242 5777 2432 5832 timore
2471 5778 2558 5830 ubi
2627 5791 2729 5828 non
2788 5780 2906 5826 erat
2964 5771 3146 5838 timor,
3177 5788 3234 5829 ut

1719 3792 1860 3846 enim
1902 3803 1984 3845 est
2020 3794 2129 3846 luce
2160 3797 2316 3850 tertia
2359 3810 2588 3863 persona
2620 3798 2889 3853 indicativi
2926 3802 3202 3869 praesentis
3236 3819 3263 3853 at

1714 3886 1909 3952 nixiw,
1940 3888 2083 3952 νικᾷ,
2117 3887 2209 3938 sed
2265 3888 2494 3939 secunda
2527 3886 2684 3957 753
2728 3904 2952 3956 persona
2985 3895 3265 3958 praesentis

1723 3974 2035 4040 imperativi.
2059 3975 2239 4040 Itaque
2267 3979 2502 4030 acuenda
2525 3979 2816 4046 penultima
2843 3989 2944 4041 est,
2967 3989 3025 4034 ut
3048 3983 3118 4034 sit
3139 3981 3262 4034 νίκα

1717 4073 2051 4118 contractum
2087 4083 2148 4117 i-s
2185 4066 2357 4119 νέκαε.
2389 4067 2450 4120 Et
2481 4067 2638 4137 hujus
2663 4070 2947 4138 vestigium
2977 4073 3260 4142 scripturae

1715 4155 1926 4224 aliquod
1958 4156 2118 4208 videri
2154 4165 2326 4224 potest
2353 4159 2599 4225 prmferre
2631 4159 2745 4214 Vat.
2774 4163 2964 4227 codex,
2987 4167 3110 4217 dum
3138 4165 3262 4218 ulti-

1715 4260 1851 4296 mam
1888 4245 2033 4298 acuit
2067 4245 2118 4296 in
2149 4259 2276 4300 voce
2327 4246 2472 4310 νικά,
2511 4248 2562 4300 iu
2594 4250 2716 4301 sede
2747 4260 3020 4315 aeceutns,
3056 4267 3160 4304 non
3198 4251 3252 4306 in
