4038 6332
196 333 365 404 ’837

1543 316 2211 400 cuitouomsrcus.

3355 344 3464 406 838

260 455 607 509 Pentecostcs
635 469 788 524 :qntc
826 450 1017 509 incidit
1047 453 1137 508 illo
1165 468 1305 508 anno
1339 455 1389 507 in
1437 454 1578 509 diem
1627 470 1820 509 secun-
1849 461 1892 511 A
1921 461 2100 508 statim
2164 475 2189 507 a
2251 457 2405 511 lic-cci
2457 457 2798 512 revocatione
2852 454 3371 523 Constantinopolim
3426 472 3458 510 θ

258 547 387 598 dam
427 543 590 598 .luuii.
637 544 710 598 De
762 544 924 613 hujus
973 560 1002 598 e
1057 547 1252 601 throno
1301 545 1598 609 di-jccdone
1631 555 1817 599 narrat

261 649 448 690 noswr
485 636 585 689 hoc
635 647 785 690 torno
814 638 1074 700 secundo,
1108 650 1159 705 p.
1192 637 1280 700 19,
1317 634 1544 690 Vcccum
1575 636 1816 690 animad-

261 743 417 782 versa
448 732 745 781 mutatione
793 745 972 782 rerum
1010 739 1065 782 et
1109 728 1465 797 propensione
1497 734 1618 784 novi
1670 730 1819 798 prin-
1870 783 1873 786 _

261 820 405 888 cipis
440 820 506 872 ad
539 818 930 873 restituendum
989 820 1246 884 schisma,
1286 822 1373 874 cui
1414 822 1676 875 obsistere
1723 837 1816 874 ue-

259 910 462 978 quiret,
495 911 636 964 ultro
671 910 818 964 abire
842 911 1169 976 patriarcliio
1194 922 1440 980 paratum
1469 924 1815 981 exspectasse

263 1009 444 1056 tamen
470 999 596 1053 dum
623 1015 653 1054 ιι
701 999 1021 1055 satellitibus
1056 1001 1122 1054 ab
1157 1002 1484 1070 imperatore
1511 1005 1690 1058 missis
1723 1004 1816 1057 ab-

188 1149 192 1152 ,
260 1089 588 1156 duceretur;
643 1105 780 1160 quos
828 1090 1005 1145 libens
1048 1103 1268 1146 secutus
1311 1103 1396 1149 est
1447 1110 1588 1146 anno
1621 1094 1736 1162 ipso
1763 1102 1816 1147 et

260 1193 452 1234 mense
487 1175 594 1250 (pro
631 1184 750 1234 erat
785 1189 1033 1234 mortuus
1072 1179 1319 1244 Michael,
1365 1183 1658 1236 concordiae
1692 1197 1813 1235 cum

263 1267 475 1324 Latinis
525 1257 715 1325 auctor
750 1280 804 1325 et
851 1286 1022 1338 usque
1072 1271 1137 1324 ad
1188 1257 1391 1327 obitum
1446 1275 1717 1328 defensor.
1759 1274 1815 1327 Id

261 1371 473 1429 gestum
505 1362 761 1430 postridie
812 1361 1019 1417 Natalis
1065 1363 1274 1432 Domini
1310 1366 1470 1418 tradit
1499 1366 1694 1417 ibidem
1733 1365 1814 1416 hi-

261 1453 521 1507 storicus.
581 1446 886 1507 Decembris
944 1454 1110 1523 igitur
1165 1453 1254 1507 die
1297 1454 1367 1507 26
1421 1471 1561 1506 anno
1614 1454 1812 1509 Christi

264 1537 412 1595 19.83
473 1541 635 1596 desiit
692 1541 893 1622 ‘V’eccus
959 1559 1017 1596 se
1083 1558 1178 1608 pro
1240 1544 1542 1612 patriarcha
1605 1561 1810 1613 gerere.

261 1629 448 1696 Quare
508 1643 714 1701 septem
779 1631 966 1688 solidis
1029 1633 1182 1688 annis
1244 1645 1296 1686 et
1338 1637 1553 1689 totidem
1591 1637 1812 1705 integris

261 1721 548 1777 mensibus
612 1723 663 1776 in
717 1721 834 1791 eius
877 1721 1156 1791 dignitatis
1207 1727 1544 1794 possessione
1605 1727 1810 1780 Veccus

259 1813 521 1879 perstitit.
563 1812 652 1868 Sic
671 1814 845 1886 igitur
880 1815 1221 1883 intelligenda
1275 1828 1401 1870 sunt
1437 1817 1522 1869 illa
1565 1816 1810 1886 Gregorii

256 1905 447 1974 (‘yprii
499 1884 764 1959 verbaule
823 1904 995 1961 Vccco
1050 1908 1116 1960 ab
1170 1907 1248 1960 Ill.
1287 1906 1462 1962 Leone
1491 1908 1685 1962 Alialio
1717 1913 1812 1963 de-

258 1997 464 2064 scripta
484 1979 593 2050 col.
629 1996 732 2048 766
762 1999 939 2067 operis
962 1998 1024 2050 de
1055 1997 1208 2066 Pcrp.
1243 1997 1404 2052 Cons.
1429 2016 1442 2051 ε
1466 1998 1607 2069 Πλὴν
1631 2000 1814 2064 ὄγδοον

259 2087 365 2154 μὶν
387 2085 462 2154 τῷ
484 2077 640 2154 καὶῴ
668 2087 789 2139 τόδε
840 2089 1026 2157 σχεδὸν
1066 2089 1259 2158 ἠνύετο
1293 2089 1410 2152 ἔτος
1428 2109 1439 2117 ·
1482 2092 1536 2152 ὲς
1562 2093 1814 2144 τοσοῦτον

251 2175 326 2243 δὴ
357 2177 600 2239 κάκεῖνος
627 2179 718 2230 τὸν
747 2181 1137 2247 πατριαρχικδν
1173 2179 1362 2246 θρόνον
1397 2179 1494 2249 τῆς
1533 2181 1592 2232 οὐ
1639 2181 1811 2249 καλῆς

254 2265 605 2336 ιπικαρπῐας
651 2261 797 2336 εἶχεν
824 2267 1125 2338 ἐνίδρυσιν·
1165 2279 1219 2320 ιιι
1273 2267 1378 2324 ιιοὴ
1434 2272 1812 2340 plane-absol-

251 2351 401 2407 verit
441 2353 642 2409 Veccus
677 2355 728 2406 in
767 2355 1132 2426 patriarchatu
1179 2368 1428 2411 ocravnm
1461 2373 1686 2423 annum,
1716 2362 1811 2414 sed

253 2445 312 2500 is
347 2447 400 2500 in
437 2461 599 2502 cursu
651 2448 810 2501 fuerit
856 2457 908 2501 et
957 2447 1160 2517 majore
1206 2465 1268 2501 ex
1309 2461 1458 2518 parte
1489 2461 1810 2514 transactus.

253 2551 384 2589 enm
419 2548 496 2591 est
523 2539 718 2590 throno
748 2538 1009 2604 deiectus.
1698 2547 1701 2551 '

335 2621 404 2681 ll.
442 2625 624 2688 Docet.
654 2642 706 2695 ρ.
739 2625 824 2693 l9,
867 2627 1220 2700 Paehymeres
1261 2627 1553 2699 Josephum
1589 2631 1674 2686 die
1697 2632 1810 2700 De-

253 2714 499 2772 cembris
546 2719 820 2774 tricesima
846 2758 863 2780 ,
904 2719 1090 2774 eodem
1145 2735 1308 2784 anno,
1346 2720 1540 2775 iterum
1587 2723 1642 2774 in
1670 2723 1811 2778 ardes

253 2803 647 2874 patriarchales
693 2819 1048 2878 reportatum.
1081 2808 1302 2865 Ostendi
1351 2811 1458 2864 vol.
1503 2812 1545 2876 l,
1600 2827 1652 2883 p.
1685 2813 1809 2878 732,

249 2895 557 2964 Josephnm
615 2913 646 2953 e
699 2899 1029 2967 patriarchio
1078 2901 1374 2956 secessisse
1407 2903 1493 2957 die
1534 2903 1811 2956 undecima

251 2987 502 3044 Januarii
537 3005 681 3046 anno
720 2991 919 3046 Christi
959 2993 1116 3046 1274.
1145 2993 1314 3046 Annis
1345 2994 1506 3061 igitur
1536 3009 1586 3046 οι
1603 3003 1680 3055 ιο,
1715 2992 1811 3046 tui-

1920 545 2092 600 Prnsa
2143 557 2224 602 est
2278 549 2477 608 habita.
2514 550 2655 602 unde
2699 539 3118 615 iuteliigerennis
3147 562 3256 614 quo
3283 563 3468 602 mense

1919 640 2041 694 talis
2097 639 2149 692 in
2207 641 2390 693 urbem
2439 639 2594 694 Vecci
2644 639 2843 692 redints
2876 638 3181 708 contigerit.
3220 636 3348 700 Si-d,
3401 650 3461 692 ut

1915 731 2166 807 observat
2209 731 2554 799 Spoudanns,
2607 730 2792 783 titulus
2847 714 3054 799 synodi,
3095 729 3146 783 in
3183 744 3288 796 quo
3329 739 3461 781 tem-

1917 836 2016 888 pus
2033 820 2146 886 ejus
2175 830 2227 874 et
2253 821 2399 877 locus
2425 821 2783 875 verisimiliter
2809 828 2989 872 notata
3017 817 3246 882 fui-rant,
3270 835 3458 887 magna

1914 927 1978 966 ex
2025 921 2178 978 parte
2204 911 2487 964 obliterata
2519 911 2570 963 in
2595 927 2658 965 eo
2689 909 2868 964 codice
2907 910 3072 964 fuere.

1985 1000 2073 1055 iV.
2106 1000 2290 1055 Restat
2311 1016 2439 1068 ergo
2479 1003 2560 1054 via
2592 1001 2744 1054 unica
2798 999 3079 1066 indagandi
3113 998 3231 1051 linis
3255 997 3453 1058 exsilii,

1915 1090 2056 1159 quod
2091 1090 2296 1145 Veccns
2324 1092 2461 1160 apud
2489 1090 2671 1144 urbem
2703 1091 2923 1146 Prusam
2958 1091 3193 1160 pertulit.
3223 1104 3286 1142 ex
3318 1091 3460 1143 sei-ie

1918 1198 2093 1238 rerum
2116 1199 2231 1249 qua:
2265 1184 2405 1236 inter
2433 1183 2552 1251 ejus
2580 1182 2951 1237 abductionem
2977 1181 3101 1234 illuc
3123 1191 3175 1235 et
3195 1180 3456 1250 postlimi-

1918 1275 2007 1327 nio
2036 1275 2414 1328 rctraetionem
2464 1274 2819 1327 intervenisse
2853 1274 2920 1325 ab
2950 1273 3210 1326 historico
3269 1279 3462 1325 nostra

1915 1375 2304 1418 memorantur.
2338 1365 2474 1418 Sunt
2512 1381 2586 1418 etc
2611 1380 2757 1417 mors
2787 1365 3028 1430 JoSephi,
3059 1381 3106 1416 ο.
3145 1366 3230 1421 15.
3251 1365 3464 1419 θνθοιὶσι

1917 1455 1966 1510 in
2001 1457 2422 1523 pati-iarrhatum
2445 1456 2655 1524 Georgii
2681 1457 2790 1508 sive
2813 1455 3052 1523 Gregorii
3086 1454 3286 1524 Cyprii,
3317 1471 3365 1508 c.
3393 1455 3459 1506 14

1915 1556 1969 1600 et
2004 1545 2092 1607 15,
2123 1544 2380 1613 profectio
2419 1545 2760 1610 imperatoris
2795 1544 2846 1596 iu
2879 1543 3174 1603 Orientem,
3207 1559 3255 1597 c.
3289 1544 3378 1605 21,
3404 1553 3455 1594 ι·ι

1913 1639 2291 1690 eotiveittiones
2331 1635 2621 1704 Adramytii
2658 1648 2751 1702 per
2802 1634 2973 1702 ignem
3007 1635 3197 1688 habitas
3222 1635 3462 1687 Salihato

1916 1729 2030 1795 ipso
2061 1737 2246 1782 sancto
2279 1726 2445 1794 pridie
2486 1726 2723 1781 Pasehm.
2758 1735 2812 1776 ut
2843 1740 2892 1790 p.
2926 1724 2996 1777 οἳ
3034 1739 3287 1788 expresse
3319 1726 3457 1777 diei-

1917 1830 2024 1872 tur.
2055 1817 2174 1871 Fuit
2203 1818 2289 1871 hic
2323 1832 2494 1870 annus
2522 1817 2722 1870 Christi
2750 1814 2885 1868 1285
2917 1815 2967 1867 in
2999 1817 3212 1884 periodo
3247 1813 3399 1867 Julia:
3426 1830 3456 1867 ει

1915 1909 2074 1964 5996.
2118 1908 2430 1962 Numeravit
2471 1907 2680 1976 cytzlutn
2716 1905 2845 1959 solis
2873 1905 2926 1968 4,
2981 1904 3114 1958 lnnzc
3157 1917 3334 1957 autem
3368 1907 3462 1972 lt,

1916 2001 2004 2062 qui
2029 1995 2230 2049 Pascha
2249 1995 2530 2063 assignant
2555 1995 2749 2062 Aprilis
2775 1995 2857 2049 l8.
2885 1993 3006 2047 Fuit
3036 2009 3160 2061 ergo
3190 1995 3326 2054 dies,
3352 2011 3456 2064 qua

1913 2089 2336 2142 Arseuianorum
2377 2096 2430 2140 et
2486 2086 3050 2159 Anti-Arsenianorum
3110 2097 3461 2155 utrutnmque

1912 2193 1980 2232 ex
2006 2191 2157 2245 teque
2182 2177 2669 2238 schismaticorum,
2693 2176 2888 2243 scripta
2923 2177 3251 2244 probationis
3277 2180 3450 2246 gratia

1916 2271 1967 2322 in
1999 2271 2170 2338 ignem
2203 2269 2398 2335 injecra
2445 2269 2646 2338 pariter
2680 2278 2954 2332 arserunt,
2985 2271 3190 2323 decima
3227 2270 3455 2338 septima

1913 2363 2115 2418 mensis
2153 2362 2372 2432 Aprilis,
2408 2375 2566 2430 quem
2593 2371 2647 2414 et
2674 2359 2967 2420 Sabbatum
3003 2361 3165 2418 fuisse
3197 2363 3456 2432 oportuit,

1913 2453 2169 2521 quoniam
2217 2452 2251 2506 4
2282 2452 2418 2520 cyeli
2451 2452 2642 2506 solaris
2679 2465 2854 2506 annus
2889 2450 3123 2504 litteram
3175 2453 3465 2504 Dominicar

1914 2543 2143 2607 indicem
2195 2541 2354 2596 habet
2394 2540 2457 2602 ε,
2489 2554 2608 2609 qua:
2641 2541 2881 2594 cernitur
2909 2540 2960 2591 in
2986 2538 3309 2591 Kalendario
3355 2555 3456 2592 no-

1915 2643 2026 2687 tata
2056 2633 2119 2686 ad
2144 2635 2282 2686 diem
2315 2639 2629 2698 sequentem
2661 2639 2902 2685 octavam
2933 2631 3191 2684 decimam
3219 2629 3456 2698 ejusdem

1913 2722 2131 2792 Aprilis.
2164 2720 2531 2775 Mentorantur
2556 2718 2680 2773 inde
2707 2727 2976 2774 ostentum
3009 2718 3201 2785 pluvia:
3242 2721 3458 2788 sangui-

1915 2826 2029 2867 neae
2071 2827 2253 2868 mense
2281 2810 2425 2866 Maio
2455 2826 2509 2882 p.
2549 2811 2638 2877 54,
2671 2810 2940 2880 ειῃεάἰιὶο
2974 2811 3373 2879 protovcstiarii
3402 2811 3453 2862 in

1915 2904 2180 2959 Occiduos
2239 2911 2444 2956 tractus
2483 2917 2536 2956 e.
2587 2901 2679 2963 25,
2709 2902 2978 2956 exercitus
3028 2912 3233 2968 strages
3275 2915 3336 2953 ex
3372 2901 3459 2952 lue

1915 3005 1968 3045 et
2019 2993 2166 3046 ducis
2213 2993 2379 3059 ipsius
2423 2990 2826 3060 protovestiarii-
2857 3004 3018 3052 mors,
3051 3005 3101 3043 c.
3139 2990 3228 3050 9.7,
3259 3005 3456 3042 Ct-ltSt‘.

254 3095 365 3130 ulls
395 3078 679 3133 duodecim
717 3081 927 3141 diebus,
976 3093 1128 3133 extra
1161 3082 1416 3148 palatium
1451 3082 1812 3150 patriarchale
1837 3085 1882 3146 C
1915 3084 2052 3137 crati
2078 3085 2234 3151 panis
2281 3083 2331 3134 in
2389 3096 2540 3136 sacra
2574 3081 2768 3149 pyxide
2814 3078 3150 3146 deprehensa
3187 3083 3460 3148 conuiuio

253 3186 382 3220 eum
415 3169 676 3237 privatam
729 3171 931 3240 egisset
966 3172 1150 3232 vitam,
1187 3173 1237 3224 iu
1273 3171 1322 3224 id
1352 3182 1431 3226 est
1460 3171 1631 3228 denuo
1663 3175 1811 3227 rela—

253 3271 368 3313 tus.
440 3259 512 3312 lbi
572 3275 675 3312 non
757 3261 883 3314 lotis
955 3260 1168 3315 duobus
1231 3261 1502 3315 mensibus
1575 3266 1809 3332 patriar-

252 3352 414 3403 r-hsm
463 3352 588 3420 egit.
639 3349 773 3402 Nam
825 3351 1054 3403 aliirtnat
1107 3349 1172 3421 [Ρ
1206 3350 1332 3422 561]
1384 3365 1666 3422 noster,p.
1719 3356 1832 3421 38,‘

254 3451 528 3492 mortuum
588 3439 750 3494 fuisse
803 3441 951 3493 illum
1014 3443 1236 3498 ineunte
1275 3442 1465 3498 Martio
1516 3447 1640 3500 anui
1690 3448 1808 3502 sine

250 3532 424 3584 dnhio
462 3530 614 3584 i285.
651 3529 868 3583 Dixerat
903 3540 1082 3586 autem
1131 3533 1304 3598 capite
1341 3536 1657 3600 praecedenti
1685 3552 1806 3590 eum

252 3621 450 3674 inorbo
481 3631 533 3673 et
565 3621 717 3674 senio
743 3631 1019 3688 gravatum
1051 3623 1206 3688 paulo
1231 3631 1352 3674 ante
1386 3623 1805 3688 patriarchatnni

252 3711 563 3769 abdicasse,
601 3711 756 3777 cujus
784 3710 1142 3764 abdicationis
1186 3713 1443 3770 scriptum
1475 3712 1574 3764 rite
1611 3713 1808 3768 forma-

257 3812 374 3852 ιιιιιι
402 3799 679 3866 prodierit.
714 3797 965 3865 Oportuit
991 3797 1042 3850 id
1072 3798 1270 3851 factum
1301 3813 1481 3854 mense
1515 3800 1806 3857 Februario

250 3891 493 3954 eiusdem
551 3889 698 3943 anni.
749 3889 924 3954 Quare
981 3890 1198 3944 brevior
1244 3890 1486 3946 bimestri
1538 3897 1806 3949 secundus

249 3980 470 4048 Jusephi
501 3980 902 4049 patriarchatus
929 3980 1048 4043 fuit,
1101 3996 1258 4048 quem
1297 3981 1420 4036 vitae
1469 3982 1588 4036 linis
1615 3993 1696 4038 est
1722 4000 1805 4038 se-

245 4083 413 4125 cutus
446 4085 741 4140 paucorum
787 4071 992 4125 dierum
1024 4072 1327 4139 intervallo.

323 4161 413 4217 lli.
468 4163 543 4213 Ad
583 4159 806 4215 Veceum
868 4163 1170 4217 redeamus.
1233 4163 1280 4216 ls
1334 4177 1517 4216 mense
1548 4161 1803 4217 Januario

249 4252 382 4305 anui
411 4252 546 4305 1285
577 4253 739 4307 vari-is
762 4253 1236 4308 schismaticorutn
1268 4253 1573 4321 exagitatus
1603 4257 1804 4310 calum-

248 4346 383 4402 niis,
417 4345 636 4412 etquod
687 4359 736 4396 c.
777 4344 850 4395 t0’
886 4355 1152 4403 narratur,
1188 4346 1382 4398 citatus
1427 4346 1488 4398 ad
1519 4349 1801 4415 synodum,

247 4439 406 4493 hrevi
433 4447 549 4505 post
593 4438 658 4489 ab
711 4438 1033 4506 imperatore
1067 4438 1293 4490 Prnsam
1325 4439 1613 4508 relegatur.
1643 4442 1806 4511 780

249 4527 421 4580 Docet
447 4527 497 4578 id
534 4533 718 4579 noster
751 4541 802 4577 ρ.
849 4525 930 4586 ll,
966 4535 1174 4594 tempus
1206 4541 1308 4580 non
1344 4530 1646 4594 exprimens
1675 4547 1686 4581 :
1711 4533 1804 4584 sed

243 4617 620 4685 colligitttr'es
660 4616 802 4670 serie
856 4626 1096 4668 actorum
1135 4615 1186 4667 id
1220 4626 1395 4668 actum
1439 4619 1540 4668 sub
1583 4617 1795 4672 initium

243 4705 558 4761 Februarii.
605 4705 898 4758 “evocatio
934 4705 1092 4758 Vecci
1143 4719 1174 4755 e
1227 4705 1393 4757 l‘t-usa
1448 4707 1496 4757 in
1531 4705 1714 4759 urbem
1751 4721 1800 4762 c.

216 4799 375 4860 _lihri
410 4799 652 4865 ejusdem
682 4797 840 4866 primi
876 4797 945 4848 5i
985 4796 1234 4853 refertur.
1275 4800 1379 4851 Sed
1431 4798 1552 4864 ejus
1594 4810 1804 4867 tempus

245 4887 598 4962 divipandum
633 4897 733 4941 est.
790 4886 846 4939 Si
899 4886 1066 4940 codex
1122 4887 1376 4953 antiquus
1428 4904 1489 4940 ex
1539 4904 1642 4954 quo
1689 4888 1803 4942 Sir-

247 4978 480 5030 mondus
516 4987 698 5031 noster
744 4979 876 5031 Acta
927 4978 1318 5046 pseudosyuodi
1345 5015 1358 5040 ,
1416 4993 1516 5048 qua
1551 4991 1627 5033 est
1683 4992 1802 5049 post

244 5066 581 5133 colloquium
615 5069 790 5136 capite
841 5068 995 5135 hujus
1039 5065 1155 5119 libri
1186 5055 1209 5120 l'
1241 5067 1339 5126 53,
1381 5072 1599 5129 rtrlalttttt
1651 5075 1801 5126 dant-

247 5168 411 5212 natus
449 5155 674 5219 Vercus,
718 5172 943 5226 quurum
985 5159 1238 5211 Actorum
1300 5166 1599 5230 apugrapiia
1656 5165 1802 5216 misit

243 5254 324 5307 ad
361 5250 647 5306 ﬂenricum
679 5247 1022 5317 Spondauutn
1059 5259 1110 5302 et
1143 5251 1206 5301 ad
1242 5249 1526 5304 Clarii-am
1568 5255 1800 5322 iiaynal-

245 5347 379 5398 dum
426 5343 836 5403 continuatores
885 5341 1168 5393 Annalium
1217 5341 1453 5404 Barouii,
1489 5353 1544 5394 ttt
1588 5347 1799 5401 illorum

244 5437 482 5501 uterque
524 5442 770 5496 testatur,
824 5430 973 5498 prior
1017 5446 1156 5485 anno
1187 5432 1389 5486 Christi
1427 5432 1586 5498 1285,
1621 5452 1673 5490 u.
1712 5439 1796 5501 l-‘l,

241 5521 522 5595 posterior
564 5537 652 5576 an.
704 5537 818 5590 seq.
846 5536 898 5574 ιι.
935 5521 1024 5582 liii,
1055 5550 1116 5561 —
1140 5523 1183 5574 si
1211 5524 1401 5586 codex,
1443 5526 1680 5592 inquam,
1714 5529 1800 5582 ille

242 5615 457 5679 integer
503 5609 715 5684 fuisset,
753 5612 1073 5668 haberemus
1104 5625 1167 5664 ex
1200 5626 1266 5665 eo
1297 5622 1528 5683 tempus,
1565 5617 1664 5671 hoc
1716 5631 1799 5672 est

241 5703 394 5760 diem
449 5714 501 5761 et
569 5719 829 5770 mensem,
881 5703 1167 5758 celebratae
1218 5703 1372 5760 istius
1424 5710 1634 5776 synodi,
1683 5727 1799 5779 quae

1916 3172 2191 3229 iloruinica
2236 3171 2425 3241 Tyrius
2461 3180 2670 3233 vocata,
2702 3186 2751 3224 c.
2790 3169 2881 3232 ‘28,
2911 3170 3020 3234 ubi,
3063 3186 3116 3239 p.
3147 3170 3233 3234 79,
3257 3171 3460 3226 diserte

1913 3267 2144 3320 traditur
2198 3280 2314 3319 eam
2374 3264 2686 3334 particulam
2746 3262 3097 3331 putrefactam
3149 3262 3316 3318 fuisse
3348 3263 3460 3317 illic

1912 3359 2208 3426 depositam
2241 3371 2380 3411 anno
2406 3353 2664 3418 snperiori
2713 3354 2848 3408 feria
2881 3365 3071 3422 quarta
3103 3353 3454 3407 hebdomadas

1913 3447 2150 3515 majoris.
2183 3444 2371 3499 Annus
2395 3445 2482 3498 ille
2504 3445 2750 3511 superior
2788 3447 2903 3497 sine
2936 3444 3096 3495 dnhio
3125 3444 3221 3495 fuit
3258 3443 3456 3496 Christi

1911 3536 2067 3601 1283,
2096 3550 2202 3603 quo
2250 3550 2392 3598 cum,
2451 3544 2507 3586 ut
2552 3533 2806 3594 diximus,
2854 3531 3056 3583 Pascha
3107 3531 3354 3584 inciderit
3401 3531 3454 3582 iu

1908 3628 2047 3680 diem
2083 3626 2150 3679 18
2176 3624 2398 3693 Aprilis,
2436 3623 2564 3675 feria
2600 3630 2789 3689 quarta
2842 3619 3060 3684 majoris
3112 3618 3454 3670 liebilumada:

1911 3722 2068 3775 fuerit
2097 3718 2317 3773 omnino
2347 3718 2411 3769 14
2436 3713 2672 3782 ejusdem
2706 3712 2927 3768 mensis.
2949 3711 3132 3764 Annus
3163 3720 3281 3779 post
3312 3712 3456 3764 hunc

1908 3827 2139 3880 sequens
2163 3810 2367 3884 Christi
2417 3807 2552 3862 ωδι
2588 3807 2796 3874 cyclnm
2840 3803 2972 3858 solis
3002 3803 3298 3856 numeravit
3334 3801 3366 3853 5
3403 3813 3457 3855 et

1911 3915 2130 3955 attreum
2179 3913 2458 3954 numerum
2494 3897 2580 3950 12.
2650 3894 2742 3946 llus
2774 3905 2912 3947 nota:
2945 3893 3143 3946 Pascha
3177 3891 3458 3943 conferunt

1911 3992 1962 4047 in
1992 3992 2129 4045 diem
2163 4004 2358 4045 nonum
2389 3987 2606 4056 Aprilis.
2644 3982 2795 4038 Unde
2826 3999 2946 4035 cum
2979 3980 3249 4034 Dominica
3299 3979 3454 4048 Tyri-

1906 4100 1989 4141 ne.
2025 4082 2211 4134 eadem
2246 4093 2366 4132 eum
2396 4090 2458 4132 ea
2491 4090 2648 4144 quam
2681 4088 2777 4126 nos
2817 4072 3140 4124 Dotniuicam
3181 4069 3456 4138 Quinqua-

1905 4175 2122 4245 gesima:
2151 4183 2428 4229 vocamus,
2465 4167 2556 4222 illo
2597 4181 2738 4219 anno
2763 4162 3029 4218 bissextili
3059 4163 3111 4212 in
3148 4162 3286 4212 diem
3319 4175 3453 4214 eon-

1907 4266 2109 4320 venerit
2158 4262 2224 4317 l9
2281 4258 2579 4321 Februarii,
2629 4269 2735 4323 quo
2770 4267 2950 4308 mense
2981 4252 3280 4329 superioris
3326 4253 3451 4304 anni

1909 4359 2199 4422 relegatum
2250 4351 2471 4404 Prusam
2518 4347 2746 4400 Veccum
2787 4345 2943 4414 781
3001 4343 3250 4407 vidimus,
3290 4343 3455 4409 liquet

1913 4443 2054 4500 istud
2077 4445 2192 4508 ejus
2242 4439 2489 4495 exsilium
2523 4451 2701 4490 annuo
2725 4436 3027 4489 diuturnius
3061 4434 3244 4496 fuisse,
3285 4433 3451 4499 siqni-

1911 4535 2030 4590 dem
2069 4542 2187 4600 post
2222 4533 2364 4586 illam
2421 4529 2719 4584 consecrati
2779 4527 2934 4594 panis
2983 4523 3219 4590 corrupti
3256 4537 3346 4588 rep
3384 4521 3450 4573 rti

1909 4625 2280 4688 mentionem,
2323 4637 2442 4692 qua:
2492 4629 2616 4672 ante
2677 4616 3042 4669 narrationem
3096 4610 3454 4664 revocationis

1911 4713 2090 4776 Vecci,
2124 4714 2389 4772 ordinem,
2438 4719 2493 4762 ut
2533 4716 2774 4777 apparet,
2821 4713 3088 4771 gestarum
3150 4715 3322 4752 rerum
3364 4715 3450 4748 Sr-

1906 4820 2101 4873 quens,
2153 4802 2427 4858 interserit
2486 4798 2807 4859 historicus,
2849 4793 3052 4859 :iliqunt
3092 4789 3246 4842 facile
3300 4803 3450 4838 τιν-ιι-

1903 4897 2042 4950 sium
2077 4902 2284 4958 tempus
2311 4889 2660 4957 expleverint,
2690 4898 2884 4953 nempe
2913 4880 3192 4936 delellatio
3225 4875 3452 4946 Scytha-

1906 5002 2044 5048 rum,
2097 4999 2148 5038 c.
2180 4982 2271 5046 29,
2310 4993 2535 5035 conatus
2573 4975 2918 5047 imperatoris
2963 4973 3026 5024 ad
3062 4970 3322 5024 faetiuni-s
3353 4968 3450 5021 Ec—

1904 5077 2094 5132 clrsim-
2134 5074 2555 5142 componendas,
2606 5086 2656 5126 c.
2687 5069 2804 5132 '30,
2836 5062 3129 5134 reportatio
3175 5062 3226 5114 in
3261 5063 3446 5114 urbem

1906 5169 2255 5236 reliquiarum
2312 5164 2630 5232 patriai-clue
2681 5157 2998 5219 Arscnii,e.
3055 5154 3142 5215 3|,
3209 5151 3272 5223 [P
3323 5149 3446 5221 563i]

1902 5259 2084 5312 clades
2117 5256 2551 5311 Christianorum
2606 5254 2658 5304 in
2699 5247 2854 5318 Syria
2885 5261 2976 5299 seu
3020 5244 3228 5298 initium
3265 5243 3386 5296 ικ-ιιι
3419 5259 3445 5291 a

1901 5349 2108 5411 sultaoe
2139 5346 2425 5413 Babylonis
2461 5343 2664 5398 Latinis
2691 5338 3055 5402 Antiochiam,
3093 5335 3348 5403 Tripolim
3394 5342 3447 5383 et

1903 5439 2286 5493 Ptolemaidcni
2325 5435 2628 5491 tenentibus
2656 5431 2810 5498 illati,
2855 5431 3008 5498 cujus
3056 5426 3222 5480 set-uti
3275 5432 3448 5488 postc-

1904 5535 2017 5585 rius
2053 5531 2224 5585 ultimi
2259 5537 2480 5582 eventus
2506 5540 2536 5578 a
2571 5535 2752 5592 nostro
2787 5538 2880 5592 per
2904 5517 3310 5586 occupationem
3338 5525 3448 5564 mc-

1903 5633 2205 5681 morantnr,
2245 5635 2294 5673 c.
2339 5616 2430 5678 52,
2458 5617 2690 5684 denique
2719 5613 3010 5669 secundum
3045 5603 3445 5659 matrimonium

1901 5713 2194 5769 Andronici
2249 5709 2614 5780 imperatoris,
2642 5708 2705 5760 de
2737 5720 2838 5774 quo
2887 5717 2938 5755 c.
2987 5697 3073 5752 35.
3108 5695 3200 5750 llis
3238 5698 3448 5751 cunt-tis
