4038 6332
163 370 253 435 815

1413 363 1512 427 Cii
1520 358 2067 424 RONOLOGICUS.

3218 310 3323 412 an

160 484 483 556 deiectionem
509 499 539 539 e
569 485 766 546 throno
804 494 859 541 et
886 482 1290 540 restitutionem
1323 482 1378 536 in
1423 481 1677 536 thronum
1705 478 1751 535 A
1777 474 2035 531 Joannem
2060 471 2309 528 Cosmam
2343 482 2374 524 a
2405 468 2657 525 Kalendis
2694 465 2971 523 Januariis
3015 466 3138 556 anni
3168 465 3325 520 Chri-

159 564 584 634 Joannis‘Cosmr’e
617 577 1020 653 patriarchatus
1053 572 1354 639 inilnditur,
1384 570 1569 627 multis
1597 569 1677 622 vi.

161 667 539 723 clssitudinibus
567 668 772 729 varius.
833 682 930 736 per
977 680 1113 735 quas
1163 672 1342 719 tamen
1381 668 1464 716 sat
1522 659 1681 728 longo

160 759 314 827 spatio
343 758 574 812 duravit.
605 758 737 827 Ejus
779 772 884 826 qua
935 748 1172 812 ineuntis
1216 769 1321 821 qua
1383 751 1680 807 desinentis

159 844 361 898 delinire
390 856 681 905 momenta.
719 847 1001 914 spatiaque
1035 845 1198 898 totius
1229 842 1530 897 durationis
1552 854 1678 894 exa-

157 941 229 985 cte
258 932 509 995 dimetiri,
545 948 669 987 eum
704 945 784 988 est
835 934 996 1002 hujus
1020 934 1260 988 historiae
1292 932 1487 986 callere
1514 930 1677 984 chro-

159 1022 397 1090 nologiam
429 1025 632 1079 volenti
666 1028 1056 1091 necessarium,
1089 1033 1203 1078 tum
1261 1024 1403 1079 idem
1461 1031 1681 1092 propter

158 1111 498 1166 confusionem
534 1114 808 1182 perplexe
857 1115 1138 1168 inistarum
1173 1127 1353 1166 rerum
1411 1110 1681 1166 historici-

156 1217 245 1267 que
273 1204 441 1256 nostri
464 1206 771 1270 ambiguam
806 1204 1000 1259 alicubi
1045 1204 1112 1259 de
1150 1204 1232 1259 his
1268 1201 1675 1258 allirmationem

156 1290 279 1345 haud
313 1307 439 1348 sane
483 1295 717 1373 .obvium
756 1296 1025 1365 facileque
1063 1296 1329 1364 explicato
1382 1296 1509 1351 fore
1557 1284 1680 1365 spe-

154 1383 358 1437 randum
384 1394 490 1452 est,
521 1385 707 1439 lectori
741 1388 1037 1454 praesertim
1076 1389 1307 1456 primum
1339 1387 1404 1440 ad
1439 1387 1551 1440 haec
1581 1386 1679 1440 ad-

150 1474 359 1550 vertenti
389 1484 441 1528 et
462 1475 705 1546 defungi,
739 1466 799 1530 ut
846 1477 961 1531 fere
990 1476 1073 1540 iit,
1118 1476 1295 1533 obiter
1327 1479 1538 1547 cupido.
1570 1476 1679 1531 iiu-

149 1562 224 1632 jus
255 1579 351 1632 ego
382 1566 560 1619 studio
593 1575 650 1621 ut
682 1582 778 1635 pro
806 1567 911 1621 mei
971 1568 1178 1622 ratione
1213 1566 1371 1619 oiiicii
1422 1567 1674 1635 serviam,

149 1661 325 1703 cuncta
348 1649 432 1705 hic
459 1665 577 1721 ejus
600 1655 814 1721 generis
837 1668 999 1723 quam
1048 1654 1367 1711 brevissime
1396 1662 1451 1709 et
1492 1656 1677 1711 claris-

152 1741 272 1793 sime
300 1752 481 1807 petero
499 1757 780 1811 exponam.

212 1826 270 1884 ii.
319 1830 373 1885 id
402 1832 578 1899 agenti
603 1845 724 1886 ante
743 1836 920 1888 omnia
943 1835 1390 1890 considerandum
1419 1837 1674 1902 occurrit,

93 1985 100 1997 '
153 1918 278 1985 quod
328 1935 359 1974 a
387 1921 718 1991 Pachymere
748 1925 1009 1993 scriptum
1068 1935 1244 1980 exstat
1272 1942 1324 1994 p.
1363 1910 1485 1990 368,
1517 1927 1681 1979 Atha-

153 2011 343 2063 nasium
375 2013 833 2089 expatriarchatn,
866 2014 1081 2082 quando
1132 2029 1258 2068 eum
1316 2015 1403 2068 die
1438 2012 1679 2069 Januarii

152 2099 340 2153 decima
376 2115 511 2154 nona
566 2101 859 2169 imperator
895 2102 1233 2157 Andronicus
1265 2117 1386 2156 cum
1416 2102 1684 2170 episcopis

150 2196 199 2242 et
239 2188 429 2257 pnpnio
451 2192 728 2255 convenit,
758 2176 1089 2259 transegisse
1124 2193 1177 2244 in
1244 2190 1335 2244 illo
1372 2190 1679 2245 monasterii

151 2292 348 2334 secessu
391 2284 793 2339 annosdeccm.
827 2281 1010 2335 ntinus
1056 2296 1245 2335 novem
1295 2280 1592 2335 mensibus.
1624 2278 1679 2334 in

150 2381 207 2420 eo
248 2377 456 2422 asserto
485 2367 590 2423 sibi
622 2372 837 2439 egregie
867 2378 1079 2425 c0nstat
1104 2372 1431 2436 historicus;
1462 2372 1675 2427 dixerat

148 2458 275 2513 enim
310 2474 363 2527 p.
402 2460 526 2527 177,
553 2461 933 2522 Athanasium,
962 2464 1271 2517 renuntiato
1292 2462 1678 2529 patriarchatu,

150 2553 461 2603 monasterio
482 2550 749 2605 Cosmidii
796 2551 882 2624 [Ρ.
912 2552 1037 2623 570]
1075 2551 1251 2621 fuisse,
1297 2554 1563 2607 inclusum
1597 2554 1683 2609 die

152 2636 208 2689 i6
233 2638 497 2701 Octobris,
535 2654 658 2692 cum
718 2652 844 2694 ante
878 2655 1051 2693 annos
1085 2651 1314 2707 quatuor
1353 2642 1438 2695 die
1487 2653 1678 2709 quarta

147 2722 337 2779 decima
365 2726 566 2780 mensis
592 2725 831 2793 ejusdem
861 2728 1261 2794 patriarehatns
1284 2729 1677 2795 possessionem

147 2815 372 2869 adiisset.
399 2816 531 2870 Erat
558 2817 645 2871 ille
672 2832 867 2880 anuus,
893 2832 998 2885 quo
1036 2818 1369 2872 Athanasitts
1411 2819 1463 2871 in
1495 2835 1681 2873 mona-

146 2906 640 2961 steriumCosmidii
691 2907 1082 2975 epatriarchio
1139 2908 1411 2975 migravit,
1477 2907 1676 2963 Christi

147 3007 253 3046 atrae
292 2995 451 3059 1293,
482 3007 642 3066 prout
672 2998 722 3051 in
778 2998 1007 3068 Synopsi
1069 2998 1385 3067 snbjicimns
1456 2999 1626 3054 oculis
1661 3014 1676 3052 :

1779 565 1850 620 sti
1890 562 2288 631 1294pratesse
2319 558 2674 628 patriarchali
2700 566 2965 627 potestate
3009 555 3322 611 Constanti-

1781 654 2104 724 nopoiitanaz
2129 650 2387 706 Ecclesiae
2425 649 2675 719 coepisse.
2716 647 2851 715 Quia
2910 663 3038 702 vero
3087 646 3322 716 quando,

1779 759 1973 802 novem
2005 743 2163 797 annis
2205 751 2261 796 et
2305 740 2601 796 octodecim
2652 738 2841 791 diebus
2895 739 3018 792 inde
3064 736 3324 790 vet-tenti-

1780 837 1898 901 bus,
1938 833 2280 889 Andronicus
2329 831 2625 899 imperator
2669 830 2973 898 episcopos,
3008 827 3214 881 clerum
3271 833 3328 880 ct

1777 928 2035 998 populum
2063 905 2250 982 secum
2276 923 2476 979 ducens
2505 908 2858 976 Athanasium
2906 919 3058 981 adiit,
3090 916 3325 970 nondum

1777 1005 2065 1074 manifeste
2093 1014 2319 1070 Costnas
2349 1013 2621 1083 ahjecerat
2672 1011 3063 1081 possessionem
3098 1006 3327 1075 patriar-

1777 1092 1951 1166 chalis
1981 1108 2224 1173 honoris,
2258 1121 2413 1175 quem
2445 1119 2556 1167 nec
2586 1105 2702 1173 ipse
2760 1099 3084 1173 Athanasius
3126 1108 3327 1153 utcun-

1778 1216 1883 1270 que
1920 1208 2048 1254 tunc
2078 1198 2315 1255 delatum
2347 1196 2578 1258 admisit.
2611 1204 2663 1248 et
2684 1186 2923 1247 "Cosmus
2959 1200 3163 1261 postea,
3188 1190 3327 1257 ‘ipso

1778 1293 1982 1347 fatente
2013 1292 2338 1358 imperatore
2360 1287 2536 1341 adhuc
2560 1283 2865 1355 patriarcha
2924 1296 3107 1345 verus,
3162 1281 3327 1334 etiam

1779 1392 1837 1437 ut
1868 1381 1989 1437 talis
2023 1379 2351 1434 anathemati
2383 1378 2612 1447 snbjecit
2646 1388 3023 1444 quemcmtquc
3075 1372 3164 1437 qui
3210 1383 3329 1421 mo-

1778 1472 1970 1527 liretur
2008 1469 2369 1524 Athanasium
2395 1468 2447 1520 in
2484 1467 2680 1519 throno
2713 1458 3329 1533 rcponcre,quzerendus

1778 1562 2039 1617 aiibi‘est
2078 1572 2237 1614 verus
2269 1567 2325 1612 et
2371 1557 2704 1612 indubitatus
2758 1538 2880 1608 ii'nis
2933 1548 3327 1621 patriarchatus

1776 1651 2003 1707 Cosmae.

1850 1742 1938 1796 iV.
1978 1739 2029 1795 is
2073 1754 2256 1810 porro.
2274 1752 2381 1792 non
2429 1734 2553 1792 alibi
2586 1732 2886 1802 reperietur
2913 1744 3072 1800 quant
3104 1744 3159 1798 p.
3189 1724 3326 1789 382.

1780 1832 1867 1886 ubi
1895 1830 2065 1887 refert
2097 1828 2458 1899 Pachymeres
2511 1823 2872 1879 Andronicum
2922 1820 3326 1875 ahscindentcm

1777 1923 1975 1979 nodum
2026 1936 2182 1989 quem
2226 1920 2433 1975 solvere
2466 1916 2742 1984 nequibat,
2770 1914 2896 1968 dum
2954 1913 3237 1980 episcopos
3271 1909 3328 1962 iu

1779 2011 1992 2088 synodo
2034 2029 2150 2070 stne
2177 2015 2336 2069 modo
2384 2022 2475 2066 aut
2523 2025 2620 2081 spe
2650 2005 3029 2063 conventionis
3073 2002 3141 2078 de
3172 2003 3329 2057 abdi-

1781 2108 1998 2161 catione
2026 2103 2251 2158 Joannis
2278 2103 2487 2158 Cosme
2537 2110 2591 2154 et
2647 2098 2987 2154 restitutione
3043 2092 3329 2150 Athanasii

1782 2196 2114 2250 altercantes
2143 2193 2310 2259 videt,
2339 2189 2629 2258 assumptis
2661 2202 2844 2244 secum
2876 2187 2943 2240 iis
2968 2186 3057 2254 qni
3083 2184 3351 2247 Athana-_

1778 2286 1859 2339 sio
1890 2282 2162 2347 favebant,
2188 2297 2310 2337 eum
2333 2280 2474 2350 juris
2526 2293 2777 2334 securum
2822 2291 2921 2331 usu
2978 2289 3042 2329 ac
3098 2275 3239 2329 facto
3271 2274 3327 2329 itt

1780 2376 2174 2446 patriarchaltts
2211 2372 2552 2442 possessione
2578 2370 2947 2434 constituisse,
3003 2366 3187 2422 multis
3215 2366 3331 2435 epi-

1780 2482 2062 2537 scoporum
2096 2466 2296 2546 etiipso
2334 2464 2542 2519 Joanne
2570 2461 2767 2516 Cosma
2812 2461 3176 2529 nequidquam
3242 2472 3329 2513 rc-

1779 2554 2155 2620 clamantibus,
2194 2564 2249 2607 et
2276 2553 2379 2608 lioc
2414 2552 2631 2620 quidem
2662 2549 2786 2619 (etsi
2817 2549 2866 2604 vi
2896 2549 3087 2616 majori
3131 2550 3329 2602 cedens

1780 2646 2085 2712 Sozopoiim
2148 2644 2200 2696 in
2235 2643 2461 2711 patriam
2508 2632 2760 2709 recessit)
2797 2654 2979 2695 verum
3032 2638 3118 2694 se”
3152 2639 3329 2695 adhuc

1781 2732 2153 2802 patriarcham
2189 2732 2507 2785 arbitrante.
2539 2728 2618 2782 Ex
2655 2740 2784 2784 tunc
2814 2737 2994 2784 tamen
3045 2730 3113 2784 ab
3158 2728 3330 2797 impc-

1780 2835 1959 2878 ratore
1984 2840 2047 2877 ac
2072 2823 2346 2891 plerisque
2385 2820 2619 2876 Joannes
2645 2819 2866 2875 Cosntas
2889 2822 3076 2875 haberi
3110 2836 3205 2889 pro
3232 2833 3330 2890 pa-
3412 2836 3413 2839 ‘

1780 2914 2019 2968 triarcha
2053 2914 2245 2978 desiit;
2276 2923 2331 2967 et
2375 2912 2710 2966 Athanasius
2747 2910 3052 2973 functiones
3090 2913 3207 2980 ejus
3235 2926 3331 2981 po-

1782 3005 1989 3058 testatis
2015 3003 2144 3073 (quo
2170 3001 2294 3073 jure
2327 3017 2502 3070 quave
2532 3000 2755 3069 injuria,
2809 2999 2952 3054 Deus
3011 3000 3132 3072 scit)
3174 3015 3331 3055 exer-

147 3084 270 3138 aitcr
305 3095 486 3139 autent
536 3101 726 3152 annus,
786 3089 939 3158 cujus
964 3080 1218 3142 ‘Januarii
1279 3089 1345 3143 i9
1387 3098 1749 3170 convetttttsc
1782 3095 1913 3148 cuit.
1954 3094 2228 3148 iiabeunus
2268 3100 2447 3146 autem
2508 3092 2651 3145 hanc
2707 3091 2964 3157 cpot-ham
3017 3090 3326 3160 insignitum
3404 3140 3407 3141 ν

154 3174 253 3228 illic
285 3175 424 3229 idem
465 3176 533 3231 ab
563 3178 872 3230 Andronico
897 3178 1222 3231 Athanasius
1250 3177 1384 3252 ‘i'uit,
1416 3179 1468 3230 in
1495 3179 1679 3231 eadem

147 3262 335 3318 Christi
366 3282 474 3320 aera
527 3268 646 3322 sine
693 3268 857 3322 dubio
906 3269 1222 3322 millesimus
1277 3270 1684 3323 irccctttesinttts

147 3368 357 3423 quartus
390 3360 796 3411 numerabatur.
830 3357 963 3423 Quia
991 3374 1120 3413 vero
1154 3374 1323 3415 nonus
1371 3375 1544 3414 annus
1573 3362 1681 3429 ιιι-ἑο

150 3447 736 3501 vatmcommnrationis
778 3450 1056 3503 Athanasii
1106 3451 1245 3517 apud
1300 3453 1683 3506 monasterium

146 3533 385 3589 Cosmidii
420 3539 675 3592 evolutus
713 3537 886 3592 fuerat
910 3541 995 3595 die
1026 3539 1090 3595 iG
1112 3540 1361 3595 Octobris
1399 3543 1522 3595 anni
1544 3557 1687 3612 pra:-

149 3624 373 3683 cedentis
411 3630 610 3683 Christi
646 3632 915 3699 millesimi
962 3633 1325 3687 trecentesimi
1361 3633 1527 3701 Ι188
1574 3642 1681 3685 ter-

150 3715 220 3777 tii,
255 3726 308 3770 et
342 3718 386 3771 si
420 3719 666 3772 decimus
694 3736 721 3772 a
750 3721 840 3773 tali
876 3722 1083 3788 epocha
1140 3721 1330 3774 inisset
1393 3719 1685 3788 explendus

148 3822 327 3871 annus,
362 3822 712 3876 perseverare
737 3810 876 3861 idem
911 3811 1130 3863 clausus
1153 3812 1205 3863 in
1262 3811 1367 3864 isto
1416 3810 1536 3864 loco
1588 3810 1682 3863 de-

147 3893 339 3949 buisset
366 3899 623 3965 usquead
663 3898 727 3951 16
760 3898 1010 3975 Octobris
1053 3900 1388 3968 insequentis
1436 3899 1603 3963 diem,
1651 3912 1683 3951 a

146 4009 242 4061 quo
290 3992 430 4045 dies
471 3989 540 4045 i9
579 3988 820 4045 Januarii
878 4004 1068 4043 novent
1121 3989 1229 4043 fere
1288 3988 1470 4042 solidis
1534 3992 1685 4040 abest

150 4082 436 4145 mensibus,
488 4089 712 4149 apparet
753 4094 911 4147 quam
958 4079 1024 4133 ad
1083 4093 1267 4135 verum
1324 4084 1513 4141 exacte
1554 4077 1687 4131 deii—

148 4172 246 4225 nita
272 4170 554 4226 Athanasii
607 4170 660 4223 in
693 4169 955 4224 Costnidii
984 4170 1309 4224 monasterio
1348 4180 1555 4223 secreta
1587 4168 1683 4221 ha-

147 4261 323 4317 bitatio
351 4261 518 4316 fuerit
553 4261 730 4329 spatio
760 4261 986 4330 praeciso
1027 4262 1215 4317 decem
1246 4275 1530 4326 annorum,
1567 4258 1685 4315 mi-

147 4368 237 4406 nus
265 4368 454 4408 novem
490 4352 783 4407 mensibus.

1782 3188 2097 3240 charactere
2127 3181 2531 3251 chronologico,
2567 3182 2661 3235 sed
2690 3190 2909 3249 propter
2938 3178 3244 3234 atl‘ectatam
3294 3196 3325 3235 a
3359 3221 3362 3224 .

1781 3278 2114 3345 Pachytnere
2143 3273 2431 3344 quamdam
2464 3275 2520 3325 in
2551 3275 2713 3326 rerho
2755 3272 3157 3342 ambiguitatem
3192 3270 3329 3328 indi-

1782 3380 1944 3440 gente
1978 3364 2343 3419 declarations
2368 3377 2475 3417 non
2511 3362 2899 3431 perlttnctoria.
3125 3350 3130 3356 ’

1853 3457 1917 3512 ν.
1948 3456 2037 3509 Ait
2078 3455 2328 3509 nimirum
2352 3464 2536 3507 noster
2575 3453 2890 3518 historicus,
2920 3469 2974 3521 p.
3003 3453 3129 3518 585,
3162 3453 3327 3518 diem,

1784 3562 1903 3617 quo.
1952 3556 2036 3598 est
2078 3546 2143 3598 ab
2210 3542 2517 3596 Andronico
2566 3543 2890 3609 imperatore
2953 3545 3001 3596 vi
3054 3553 3107 3596 et
3164 3560 3329 3600 manu

1785 3639 1980 3691 throno
2030 3620 2313 3701 impositus
2384 3634 2732 3698 Athanasius,
2783 3632 2948 3687 fuisse
2998 3634 3329 3690 vicesimum
3388 3696 3391 3699 _

1785 3726 2002 3781 tertium
2044 3723 2243 3777 mensis
2299 3721 2724 3777 Atheniensibus
2772 3721 3218 3780 Maa’tnacterionis
3249 3727 3330 3780 di-

1783 3816 1880 3878 eti,
1907 3814 2062 3882 cujus
2098 3812 2308 3880 primus
2338 3821 2393 3863 et
2436 3811 2727 3864 vicesimus
2754 3812 2868 3865 dies
2928 3811 3023 3865 illo
3075 3827 3219 3870 anno
3273 3815 3328 3870 in

1783 3905 2142 3963 Parasceven,
2179 3897 2343 3968 789
2367 3899 2472 3952 hoc
2490 3910 2595 3963 est,
2621 3899 2778 3954 ntodo
2800 3898 3047 3968 loquendi
3072 3900 3201 3956 huic
3229 3917 3330 3957 au-

1783 3986 1919 4048 ctori
1959 3991 2178 4054 usitato,
2212 3990 2264 4042 itt
2323 3989 2514 4042 feriant
2552 3978 2908 4043 hebdomadis
2939 4000 3145 4043 sextam
3195 3992 3331 4047 inci-

1781 4085 1941 4140 derit.
1970 4080 2457 4135 Maemacterionem
2514 4078 2643 4134 alibi
2684 4077 3047 4150 Pachytneres
3080 4090 3334 4136 constan-

1786 4188 1891 4240 ter,
1920 4184 1980 4228 ut
2016 4173 2067 4226 in
2094 4171 2261 4240 priori
2296 4169 2714 4245 observavimus
2768 4169 3064 4237 Glossario,
3107 4172 3331 4229 Juniunt

1786 4281 2020 4321 mensem
2052 4272 2227 4318 vocat.
2254 4262 2351 4317 ilic
2385 4271 2560 4316 autent
2610 4277 2714 4315 non
2762 4262 2837 4317 uti
2893 4278 3014 4316 eum
3067 4264 3333 4319 hactenus

1783 4367 2038 4413 consueta
2095 4356 2315 4410 notione
2365 4353 2498 4409 illud
2577 4354 2749 4420 ipsum
2804 4354 3133 4418 aubindicat,
3186 4359 3332 4426 quod

204 4443 289 4497 lii.
325 4445 451 4499 Haec
486 4453 763 4511 utcunque
795 4456 901 4496 non
935 4443 1193 4496 inutiliter
1226 4442 1277 4497 in
1301 4458 1417 4497 rem
1444 4449 1681 4496 nostram

1789 4463 1895 4502 non
1963 4444 2151 4505 ἁπλῶς
2218 4452 2275 4495 et
2341 4441 2603 4503 absolute,
2656 4441 2748 4494 sed
2819 4441 2953 4493 κατ’
3019 4442 3332 4514 Ἀθηναιους

149 4535 391 4589 adnotata
424 4544 576 4596 sunt,
616 4548 720 4586 nou
775 4532 1063 4587 absolvunt
1115 4545 1290 4586 tamen
1350 4532 1681 4600 propositam
1734 4550 1739 4555 ·
1776 4540 1938 4603 juxta
1978 4532 2313 4586 Athenienses
2348 4531 2508 4583 istunt
2542 4531 2607 4581 de
2630 4543 2734 4595 quo
2764 4531 2876 4599 agit
2901 4545 3138 4585 mensem
3158 4532 3353 4588 fuisse.

148 4624 206 4677 de
227 4624 494 4693 principio
534 4634 588 4679 et
624 4622 729 4686 line
776 4622 1172 4691 patriarchatus
1213 4620 1437 4675 Joannis
1479 4621 1685 4675 Cosme

150 4715 519 4783 quaestionem,
559 4713 826 4781 siquidem
858 4712 917 4764 is
942 4726 1042 4764 nec
1105 4711 1378 4779 inchoavit
1439 4710 1617 4787 statim
1652 4723 1681 4762 a

152 4820 351 4861 recessu
385 4804 677 4858 Athanasii
714 4804 766 4856 itt
816 4802 1201 4856 monasterium
1255 4800 1531 4866 Cnsmidii,
1579 4802 1684 4853 nec

151 4909 211 4947 eo
237 4906 509 4950 momento
570 4894 729 4949 desiit
784 4908 893 4963 quo
944 4893 1283 4953 Andronicus
1332 4892 1683 4947 Athanasium

152 4985 386 5038 eumdem
419 4984 494 5037 ibi
524 4983 799 5037 convenit.
833 4983 937 5036 Sed
987 4984 1053 5035 de
1084 4982 1236 5034 initio
1292 4982 1506 5049 quidem
1540 4981 1686 5034 clare

156 5074 301 5123 tradit
333 5072 697 5140 Pachymvres
721 5084 775 5138 p.
806 5070 931 5133 186,
959 5070 1214 5123 Kalendis
1252 5067 1489 5122 Januarii
1526 5067 1687 5122 Joan-

155 5174 263 5213 nem
294 5160 544 5215 Cnsmant
580 5161 680 5215 rite
707 5160 873 5213 fuisse
905 5162 1277 5228 inaugtuatum
1302 5161 1685 5229 patriarchant.

157 5247 251 5301 Nec
277 5251 499 5302 dubium
542 5265 608 5303 ex
652 5262 765 5304 toxo
819 5260 1074 5303 contextu
1137 5264 1314 5303 rerum
1342 5259 1543 5305 a‘nteac
1568 5260 1686 5320 post

155 5338 218 5391 ihi
246 5347 584 5393 narratarunt
616 5349 718 5403 est,
753 5340 884 5410 quin
934 5341 1049 5394 ista:
1112 5339 1361 5394 Kalendae
1410 5340 1688 5397 Ianuariae

154 5427 335 5482 iuerint
396 5431 643 5497 proxime
682 5442 880 5485 secuta
908 5441 1027 5498 post
1062 5432 1354 5488 discessum
1384 5447 1415 5486 e
1455 5433 1688 5502 patriar-

148 5517 265 5571 chio
286 5518 649 5600 Athanasii’et
693 5521 857 5588 hujus
906 5521 1260 5577 inciusionetn
1315 5510 1689 5579 in‘monaste-

156 5608 280 5661 rium
309 5606 592 5671 Cosmidii,
629 5621 787 5674 quam
810 5608 995 5664 iﬁrdie
1039 5610 1290 5667 Octobris
1329 5612 1454 5667 anni
1485 5613 1687 5669 Christi

159 5697 280 5753 i295
309 5697 598 5767 contigisse
625 5696 871 5755 vidimus.
903 5698 1113 5756 Maneat
1171 5704 1332 5773 igitur
1386 5720 1484 5774 pro
1544 5714 1688 5762 certo

1789 4624 2268 4679 Mmtnacteriouem
2298 4621 2511 4675 asserit.
2551 4617 2698 4673 Sane
2718 4621 2764 4673 is
2794 4636 2915 4675 esse
2946 4621 3051 4678 hoc
3077 4622 3333 4679 loco‘Ju-

1788 4719 1911 4769 nius
1931 4728 2035 4766 non
2066 4719 2261 4779 potest,
2291 4707 2565 4777 quoniam,
2596 4725 2700 4787 quo
2726 4711 2839 4765 haec
2870 4725 3020 4783 gesta
3042 4729 3161 4769 esse
3186 4705 3334 4769 anno

1784 4806 1953 4859 series
2013 4802 2338 4857 narrationis
2384 4802 2539 4855 fateri
2599 4804 2763 4873 cogit,
2814 4804 3024 4860 Christi
3080 4795 3167 4875 [P.
3204 4789 3374 4877 57nd

1786 4894 2077 4948 millesimo
2116 4894 2498 4947 trecentesimo
2530 4903 2750 4962 quarto,
2782 4908 2903 4947 eum
2961 4895 3146 4961 cyclns
3198 4896 3331 4950 solis

1788 4988 2163 5038 numeraretnr
2185 4981 2280 5045 25,
2334 4983 2419 5036 cui
2476 4984 2729 5049 competit
2769 4997 2866 5050 pro
2921 4984 3197 5037 mensibus
3238 4983 3336 5039 Fe-

1787 5074 2065 5127 bruarium
2092 5073 2437 5141 sequentibus
2495 5074 2673 5127 littera
2724 5075 2879 5125 index
2926 5070 3214 5128 Dominictn
3269 5075 3332 5140 Ι),

1787 5164 2076 5217 vicesimus
2110 5166 2318 5231 primus
2349 5163 2493 5215 Junii
2526 5163 2642 5216 dies
2673 5163 2967 5224 Dominiea,
3010 5180 3117 5218 non
3153 5176 3332 5221 autem

1772 5255 1920 5309 feria
1953 5253 2267 5308 sextaiuit.
2320 5250 2432 5306 Nec
2484 5253 2728 5305 medetur
2786 5250 2912 5307 huic
2973 5255 3333 5323 incommodo,

1787 5356 2073 5413 postquam
2118 5343 2246 5397 illud
2299 5340 2744 5395 animadvertisse
2803 5344 2952 5398 visus
3013 5355 3117 5412 est,
3176 5362 3336 5416 para-

1786 5436 2032 5504 phrastes
2060 5435 2377 5496 Vaticanus,
2408 5435 2532 5487 dum
2575 5435 2766 5490 solitus
2807 5453 3020 5508 semper
3050 5442 3181 5494 alias
3208 5440 3303 5492 Man

1787 5522 2562 5595 macterionemPaehytneris
2628 5524 2851 5582 Ἰούνιον
2892 5528 3112 5583 Iunium
3166 5528 3335 5583 inter-

1790 5600 2140 5686 pretarifhoe
2163 5613 2424 5666 duntaxat
2444 5614 2563 5669 loco
2604 5610 2824 5671 Ἰούλιον
2849 5617 3053 5674 Iulium
3081 5616 3330 5673 reddidit:

1793 5722 1914 5761 nam
1944 5718 2113 5773 neque
2140 5702 2263 5757 Julii
2292 5705 2488 5761 mensis
2517 5708 2631 5763 dies
2672 5711 2958 5765 vicesimus
2990 5710 3193 5778 primus
3214 5701 3331 5764 aﬂ-
