4038 6332
216 360 326 450 853

1473 387 1570 448 CH
1580 387 1961 451 RONOLOGI
1970 385 2131 450 CUS.

3238 342 3241 347 ’
3300 383 3403 447 est

215 500 306 555 die
349 498 419 553 9.5
457 496 721 562 Octobris,
766 512 888 569 qua
929 507 1057 555 tunc
1092 507 1373 553 numerata
1421 499 1580 553 fuerit
1625 498 1759 554 feria
1789 508 1837 563 Α
1865 501 1997 554 rium
2029 504 2127 566 ait,
2156 500 2498 556 divinandum
2528 505 2631 553 est.
2668 497 2865 554 Scribit
2901 505 3077 553 autem
3117 494 3204 550 ille
3230 495 3400 547 Itoni-

218 588 564 643 hebdomatlis
587 588 769 643 tertia.
804 587 1003 653 Nempe
1032 602 1173 644 anno
1218 587 1420 642 Christi
1464 586 1602 640 1300
1646 588 1756 639 bis-

213 678 395 733 senili
426 677 605 747 cyclus
655 677 787 731 solis
808 678 875 732 2i
910 677 1120 731 litteras
1144 674 1489 731 dominicales
1511 673 1596 743 [Ρ.
1630 672 1756 745 577]

210 769 377 822 habet
420 769 578 827 duas.
623 768 665 823 Ο
692 778 768 822 .et
810 767 873 827 Β.
926 770 1151 834 quarum
1191 767 1453 832 posterior
1505 780 1625 816 cum
1675 765 1760 817 in-

212 856 449 923 signitius
484 855 555 909 25
581 856 827 910 Octobris
865 856 1005 909 diem
1039 853 1292 908 ostendat
1334 867 1452 904 eam
1474 834 1585 905 illo
1616 865 1759 905 anno

216 944 554 999 Dominicam
584 944 772 1009 fuisse,
804 934 1140 999 demonstrat
1184 948 1384 1011 pariter
1421 941 1495 996 95
1521 940 1757 1008 ejusdem

209 1036 412 1089 mensis
431 1034 598 1089 fuisse
616 1036 808 1090 {etiam
839 1036 1073 1090 tertiam.
1100 1032 1179 1088 Ac
1204 1034 1329 1101 quia
1350 1040 1545 1085 cetera
1570 1043 1757 1086 eventa

208 1134 329 1178 tum
388 1132 515 1184 ante
569 1138 679 1180 tum
726 1136 850 1194 post
882 1127 1040 1181 istam
1091 1122 1336 1194 eclipsim
1387 1137 1450 1176 ea
1492 1120 1612 1175 fere
1654 1136 1759 1186 qua

206 1224 357 1282 gesta
413 1226 539 1269 sunt
585 1218 725 1269 serie
784 1217 836 1269 iti
888 1212 990 1269 liae
1040 1192 1265 1269 bisioria
1315 1209 1764 1271 referuntur,”-

209 1321 331 1359 rum
374 1307 545 1362 lerme
588 1306 826 1360 omnium
863 1321 1046 1361 verum
1073 1314 1289 1373 tempus
1329 1319 1391 1357 ex
1424 1303 1526 1355 hac
1550 1300 1757 1354 coslesri

205 1403 337 1447 nota
378 1394 643 1462 designari
676 1402 892 1463 posset;
914 1401 1061 1462 quod
1092 1392 1235 1447 facili
1266 1390 1633 1459 experimento
1663 1388 1760 1443 de-

205 1496 588 1548 monstrarent,
620 1485 665 1537 si
713 1485 843 1537 tanti
871 1491 1016 1538 esset
1045 1485 1099 1536 in
1128 1484 1195 1536 iis
1227 1480 1501 1534 immorari
1532 1476 1756 1532 diutius.

206 1574 450 1627 Sumciat
473 1575 615 1642 quod
656 1573 711 1628 in
734 1590 799 1627 eo
829 1556 1026 1642 genere
1045 1574 1110 1626 ad
1136 1571 1352 1626 lectoris
1385 1569 1631 1622 solatium
1660 1583 1754 1621 co-

204 1664 323 1718 llati
341 1679 529 1718 sumus
546 1668 720 1733 capite
744 1665 931 1718 ultimo
960 1665 1117 1730 hujus
1145 1659 1592 1717 Observationum
1618 1659 1748 1713 libri

203 1754 379 1813 tertii,
411 1755 497 1807 ubi
523 1754 775 1836 pleraque
796 1753 947 1807 libris
971 1760 1176 1820 septem
1224 1748 1661 1820 Pacbymerianc
1687 1747 1757 1800 de

1859 591 2063 644 serium
2110 605 2176 646 ex
2210 591 2378 644 milite
2399 586 2603 656 Templi
2633 596 2755 655 post
2800 585 3110 657 captam'ab
3144 583 3407 649 Aitliinpi-

1860 682 1960 734 bus
1994 681 2118 747 (hoc
2141 689 2225 733 est
2255 677 2538 733 Saracenis
2567 679 2704 731 duce
2737 676 2949 730 sultaue
2980 673 3198 744 Egypti
3244 673 3408 726 Melec

1861 772 2211 837 Seral'diuo)
2236 769 2639 831 Ptolemaidem,
2671 768 2993 821 ditissimatn
3026 777 3082 819 et
3117 764 3410 818 munitissi-

1861 876 2002 915 mam
2034 861 2219 913 urbem
2268 858 2561 912 Phoenicim
2604 856 2764 925 (quod
2824 870 2963 908 anno
2992 854 3190 908 Christi
3246 854 3407 915 εξοι,

1862 952 1951 1004 die
2012 951 2101 1013 18,
2134 950 2234 1010 vel,
2269 958 2327 1003 ut
2361 948 2475 1011 alii,
2523 946 2588 1000 l9
2638 944 2759 998 Maii
2814 944 3104 1003 contigisse
3157 952 3409 995 accurate

1816 1046 1821 1051 ’
1865 1039 2187 1107 Spondanus
2217 1038 2309 1091 illo
2335 1050 2477 1090 anno
2523 1037 2675 1090 docet
2706 1050 2767 1088 ex
2802 1033 3151 1101 scriptoribus
3195 1032 3404 1085 illorum

1864 1133 2208 1196 temporum),
2234 1141 2395 1179 manu
2431 1125 2655 1178 collecta
2707 1122 2807 1178 sibi
2856 1123 3229 1184 obuoxioruui,
3261 1135 3407 1187 quac-

1861 1226 2096 1272 stuosam
2130 1214 2441 1281 aliquandiu
2462 1229 2556 1281 per
2586 1214 2674 1266 illa
2698 1214 2862 1265 maria
2886 1212 3161 1277 piraticam
3193 1210 3402 1272 fet-isse,

1855 1292 2130 1376 partisque
2160 1306 2367 1372 magnis
2401 1305 2594 1371 Opilius
2624 1290 2834 1357 ducem
2857 1301 2965 1371 jam
3000 1302 3186 1355 classis
3218 1300 3405 1351 valida:

1860 1393 2136 1449 l-‘riderico
2168 1393 2407 1447 Siciliam
2462 1392 2729 1446 obtinenti
2765 1391 3228 1459 t'l'heudericlium
3265 1391 3405 1442 hunc

1846 1498 2140 1552 perperam
2182 1494 2333 1537 vocat
2363 1482 2743 1553 Pacbymeres)
2777 1482 3060 1535 militarem
3095 1481 3252 1548 longo
3276 1490 3410 1531 teni-

1861 1588 1989 1641 pote
2021 1575 2155 1627 certi
2186 1576 2436 1640 pactione
2487 1572 2740 1641 stipendii
2773 1571 2859 1643 [Ρ.
2892 1570 3015 1641 578]
3067 1561 3284 1637 operam
3314 1586 3407 1621 na-

1859 1679 2033 1723 vasae,
2061 1665 2198 1719 bello
2252 1665 2391 1726 quod
2449 1664 2535 1716 ille
2558 1664 2814 1716 adversus
2869 1660 3159 1715 Ecclesium
3190 1659 3405 1713 rebellis

1858 1765 2043 1808 contra
2094 1754 2345 1810 Carolum
2398 1752 2617 1821 gerebat
2646 1752 2849 1819 Apuliae
2879 1764 3083 1820 regem.
3139 1750 3404 1807 Cancrum

203 1844 369 1897 rebus
394 1843 677 1898 Andronici
698 1844 938 1899 historias
970 1845 1235 1911 descripta
1289 1842 1395 1895 sub
1440 1854 1605 1893 unum
1639 1839 1755 1893 velo
1792 1844 1830 1897 Β
1859 1847 1960 1898 hoc
1995 1843 2209 1899 tandem
2242 1844 2381 1898 bello
2408 1841 2735 1911 nuptialibus
2775 1841 3172 1897 conditionibus
3205 1840 3404 1892 direm-

200 1941 266 1985 ιι
317 1944 585 2002 aspectum
614 1932 668 1986 in
690 1947 858 1987 annos
884 1934 1087 2000 digesta
1122 1929 1468 1999 coniecimus.
1527 1929 1620 1982 Est
1667 1938 1753 1981 ta-

201 2038 327 2077 men
350 2039 419 2078 es
441 2024 560 2078 istis
577 2025 784 2079 eventis
808 2039 972 2081 unum
1020 2022 1183 2091 paulo
1232 2020 1531 2075 iutricatius
1580 2019 1757 2087 impli-

199 2113 420 2167 catiooe
449 2129 669 2169 casuum
700 2124 754 2167 et
784 2114 1048 2181 ambiguis
1069 2110 1521 2164 aﬂ'irmstionibus
1572 2121 1754 2161 aucto-

204 2201 307 2263 ris,
342 2217 503 2269 quam
528 2209 587 2255 ut
618 2202 844 2269 relinqui
879 2216 910 2254 a
944 2200 1121 2262 nobis,
1154 2198 1401 2252 evolvere
1429 2194 1755 2264 perplexita-

178 2284 289 2344 ‘tes
332 2289 746 2360 chronologicas
812 2292 919 2344 hoc
976 2290 1097 2342 ioco
1168 2286 1442 2357 professis,
1497 2288 1755 2339 intactum

196 2381 415 2437 debeat.
439 2383 571 2439 Esto
594 2374 760 2453 igitur
815 2383 867 2437 id
896 2390 1267 2451 argumentum
1303 2377 1495 2447 capitis
1523 2391 1754 2445 sequen-

200 2471 301 2525 tis.
1535 2504 1547 2513 .
1732 2462 1737 2467 ’

793 2561 1019 2618 CAPUT
1076 2559 1141 2613 Vl
1151 2601 1164 2615 .

196 2651 485 2708 [intricatur
502 2653 735 2707 rationes
760 2662 1048 2715 temporum
1074 2651 1216 2703 circa
1238 2648 1457 2702 Rontzei
1473 2647 1510 2699 ii
1555 2662 1621 2698 se
1650 2644 1754 2700 Ca-

485 2723 771 2775 telanoratot
798 2737 877 2774 res
906 2730 953 2772 et
985 2729 1102 2773 acta
1129 2719 1477 2783 expleantur.

275 2838 666 2902 I.Qua:tribus
698 2834 899 2887 ultimis
948 2832 1104 2887 libris
1157 2831 1323 2898 hujus
1380 2829 1627 2885 Historiae
1686 2830 1755 2885 de

196 2925 824 2994 RomurioJ’barenda
850 2922 1056 2986 Tsime,
1109 2919 1422 2990 Mpyrigerio
1474 2918 1670 2972 Tentza
1701 2929 1756 2972 et

191 3019 525 3087 quibusdam
556 3015 678 3069 aliis
723 3012 927 3066 Latinis
957 3011 1203 3071 ducibus,
1252 3019 1359 3061 tutu
1397 3008 1464 3077 de
1498 3004 1756 3059 militibus

195 3107 405 3176 quibus
439 3113 721 3171 praeerant,
743 3100 1016 3154 Catelauis
1032 3107 1086 3151 et
1114 3097 1482 3160 Amogaharis,
1524 3095 1754 3159 primum

196 3173 557 3251 auxiliaribus
586 3190 988 3252 inﬂdis,deiude
1023 3186 1153 3239 feris
1179 3185 1422 3238 hostibus
1453 3181 1744 3235 Andronici
1775 3173 1816 3229 C

194 3295 256 3342 et
285 3285 670 3342 Romanorum,
706 3281 1025 3341 referuntur,
1050 3277 1190 3329 haud
1228 3275 1357 3329 satis
1380 3273 1608 3327 dilucide
1659 3285 1747 3324 or-

195 3378 385 3433 dinata
402 3384 529 3429 sunt
550 3375 616 3427 ab
652 3370 928 3433 historico,
963 3367 1044 3422 vel
1076 3366 1174 3422 sub
1198 3367 1355 3418 linem
1386 3364 1538 3429 longi
1584 3372 1635 3415 et
1670 3362 1747 3413 lar-

198 3467 406 3523 boriosi
423 3464 603 3532 operis
636 3464 797 3526 fesso,
824 3462 910 3514 vel
940 3461 1011 3514 ob
1043 3457 1472 3526 indignatiuuem
1507 3452 1667 3521 797
1699 3452 1750 3503 in

196 3557 492 3614 Catelanos
512 3565 566 3607 et
590 3555 749 3609 duces
771 3567 979 3615 eorum,
1016 3558 1232 3616 propter
1274 3544 1641 3598 atrocissimas
1700 3540 1749 3590 in

197 3662 359 3705 suam
386 3655 598 3714 gentem
631 3644 877 3711 injurias,
927 3636 1358 3705 uuuquam'iere
1407 3634 1524 3686 sine
1554 3629 1753 3683 iudicio

198 3732 624 3808 perturbationis
649 3747 713 3785 ex
742 3716 1042 3785 vehementi
1082 3729 1204 3779 odio
1249 3737 1433 3776 eorum
1464 3719 1751 3775 recordan—

200 3836 282 3889 te,
324 3826 546 3893 ideoque
580 3816 893 3888 imperleci'e
932 3816 1253 3886 defungvute
1285 3814 1634 3868 distinctione
1690 3820 1750 3862 et

197 3912 563 3983 explicatione
590 3908 915 3963 necessaria.
949 3905 1276 3972 Huicutpro
1337 3902 1473 3954 vii-iii
1541 3901 1752 3953 medea—

196 4017 329 4057 mur
360 4001 719 4062 incommodo,
751 3998 802 4049 in
824 3995 1050 4065 gratiam
1087 3991 1304 4045 lecturis
1345 3989 1571 4041 studiosi
1624 3994 1775 4037 θυαμ·

199 4092 380 4147 fusam
408 4091 562 4145 istam
592 4088 896 4155 congeriem
919 4086 1007 4137 hic
1034 4083 1305 4144 evolvere,
1354 4089 1409 4132 et
1456 4077 1750 4132 chronolo-

198 4184 323 4255 εἰει
354 4181 601 4244 methndo
630 4179 739 4232 suis
760 4166 875 4229 acta
901 4171 1161 4239 ejusmodi
1192 4179 1245 4224 et
1294 4178 1481 4223 eventa
1540 4168 1747 4235 singula

114 4306 127 4315 -
197 4273 428 4341 alligare
450 4269 670 4337 epocliis
696 4263 1056 4333 aggredimur,
1092 4262 1241 4319 initio
1271 4275 1299 4313 a
1328 4262 1493 4324 prima
1521 4256 1749 4309 Rontze-

197 4364 271 4416 rii
301 4360 749 4416 etCatclanoruui
779 4370 811 4408 e
843 4352 1025 4407 Sicilia
1053 4354 1108 4405 in
1142 4362 1312 4404 terras
1326 4348 1621 4403 Orientalis
1650 4349 1750 4400 itii-

198 4456 340 4525 perii
382 4450 694 4505 evocatione
723 4446 908 4501 ducto.

274 4545 337 4599 ll.
368 4543 585 4604 Narrat,
616 4540 650 4591 Ι.
683 4553 735 4601 v,
765 4553 813 4589 c.
844 4535 1320 4601 l9,.Pachymeres
1367 4534 1747 4599 imperatorem

199 4649 393 4703 parum
426 4630 681 4701 prtesidii~
706 4631 962 4680 adversus
1001 4625 1287 4676 Persarum
1345 4622 1668 4687 irruptiones
1696 4622 1749 4674 in

199 4723 507 4781 Orientales
553 4725 675 4787 impe
697 4718 762 4771 rii
794 4720 1038 4784 regiones
1065 4718 1117 4767 in
1167 4715 1406 4767 Romana
1440 4714 1625 4767 militia
1666 4728 1705 4763 r-
1726 4741 1753 4751 -

126 4834 127 4841 ‘
202 4818 523 4887 perieulum,
544 4811 771 4877 ideoque
798 4809 1066 4875 respicere
1090 4813 1331 4857 coactum
1357 4813 1581 4857 externa
1601 4808 1753 4854 auxi-

201 4892 300 4967 li'a,
336 4904 566 4970 primum
604 4900 934 4953 Pharendam
964 4893 1204 4948 Tzimem
1233 4908 1353 4946 cum
1408 4909 1565 4946 mantt
1615 4894 1753 4946 mili-

201 5004 339 5057 tum,
369 5008 505 5061 quos
528 5006 559 5045 e
578 4992 681 5045 sibi
706 4991 939 5043 subditis
963 4994 1292 5051 armaverat,
1320 4987 1587 5053 suppetias
1614 4985 1751 5037 ultro

178 5086 509 5151 venientem
540 5070 689 5149 grate
712 5082 1026 5148 excepisse;
1058 5092 1122 5132 ac
1149 5088 1404 5154 prmterea
1433 5076 1748 5129 ollerentcni

203 5190 269 5231 se
297 5176 363 5229 ad
396 5176 535 5229 idem
575 5184 671 5239 per
715 5170 922 5223 litteras
968 5169 1314 5220 Rontzerium
1343 5167 1532 5235 amplis
1568 5167 1752 5219 condi-

204 5265 442 5319 tionibus
471 5264 748 5324 invitasse,
774 5259 967 5327 quibus
996 5257 1083 5309 ille
1112 5266 1388 5322 permotus
1421 5264 1603 5322 postea
1629 5272 1748 5306 cum

204 5369 401 5423 magno
430 5352 605 5408 navali
657 5351 893 5406 exercitu
949 5347 1154 5401 venerit
1205 5344 1748 5411 Constantinopolim.

204 5448 369 5501 Istius
398 5446 760 5499 Androiiicuiu
800 5444 940 5495 inter
963 5451 1019 5495 et
1056 5438 1399 5492 Routzerium
1425 5451 1522 5505 per
1550 5437 1752 5489 litteras

203 5532 438 5587 invicem
485 5533 717 5598 scriptas
768 5528 915 5581 initte
961 5526 1334 5592 stipulatuaque
1378 5525 1751 5592 conventionis

206 5630 420 5689 tempus
452 5635 557 5675 non
585 5619 786 5674 diserte
816 5625 1056 5674 notatum
1092 5632 1122 5669 a
1152 5626 1336 5667 nostro
1375 5615 1653 5675 historico,
1685 5629 1749 5669 ett

162 5721 397 5775 [causa
420 5725 524 5781 qua
563 5712 833 5775 inductum
861 5709 925 5763 ad
957 5724 1076 5763 eam
1111 5707 1483 5761 tractationem
1517 5705 1749 5760 Routze-

1858 1946 1974 2002 pio,
2006 1935 2204 2002 quibus
2235 1932 2517 1987 Ecaterina
2555 1931 2696 1999 regis
2726 1930 2904 1983 Caroli
2931 1932 3037 1982 lilia
3077 1930 3215 1999 regis
3239 1928 3402 1981 Siculi

1852 2024 2004 2076 fratri
2034 2023 2292 2078 collocata
2324 2024 2414 2088 sit,
2470 2010 3048 2075 Rontzeriumlncrere
3084 2018 3311 2086 amplius
3350 2018 3402 2070 in

1854 2113 2037 2167 Sicilia
2071 2129 2173 2167 non
2228 2114 2516 2177 valentem,
2546 2115 2828 2181 quodcum
2859 2110 3132 2163 Romanus
3164 2106 3398 2175 pontifex

1851 2203 1971 2258 dedi
1996 2204 2100 2256 sibi
2150 2202 2477 2271 puniendum
2528 2216 2558 2254 ι
2595 2216 2725 2272 rege
2768 2197 2952 2254 Siculo
3002 2198 3277 2264 poscebat,
3308 2210 3401 2264 pa-

1851 2305 1994 2348 ctum
2027 2296 2092 2346 de
2121 2308 2229 2361 quo
2261 2295 2497 2347 diximus
2532 2290 2715 2347 iniisse
2749 2290 2870 2345 cum
2907 2281 3239 2341 Andronico;

1914 2383 2011 2437 ill.
2035 2382 2113 2435 lta
2148 2384 2216 2436 ibi
2249 2383 2630 2452 Pacliymeres,
2679 2382 2733 2434 in
2765 2379 2925 2435 rebus
2971 2393 3090 2448 quze
3120 2378 3186 2431 de
3215 2376 3403 2429 alienis

1855 2473 2013 2527 terris
2043 2483 2131 2526 aut
2160 2476 2410 2541 gentibus
2460 2474 2635 2527 obiter
2661 2479 2948 2534 memorat,
2984 2483 3081 2523 suo
3116 2481 3261 2519 more
3291 2467 3403 2518 bal—

1857 2564 2090 2616 butieus.
2120 2561 2297 2629 Voluit
2323 2562 2464 2614 enim
2495 2563 2612 2614 sine
2641 2560 2802 2612 dubio
2825 2558 2931 2611 illic
2956 2557 3192 2609 indicare
3212 2565 3400 2623 pacem

1854 2652 2049 2705 lactant
2107 2668 2251 2703 anno
2297 2651 2498 2704 Christi
2547 2650 2689 2704 1302
2747 2652 2886 2703 inter
2917 2647 3163 2701 Carolum
3222 2659 3397 2713 regem

1854 2746 2100 2814 Neapolis
2137 2756 2188 2799 et
2224 2745 2551 2798 Fridericqu
2582 2745 2633 2797 in
2668 2743 2853 2797 Sicilia
2882 2744 3268 2801 dominantem,
3298 2749 3399 2804 qlia

1855 2855 1957 2894 nun
1990 2839 2288 2901 Ecatcrina,
2322 2839 2413 2889 sed
2437 2836 2701 2890 Eleonora
2739 2835 2880 2901 regis
2930 2830 3106 2885 Caroli
3141 2829 3265 2886 lilia,
3296 2840 3397 2878 non

1854 2930 2009 2984 fratri
2042 2932 2179 2997 regis
2212 2927 2398 2991 Siculi,
2421 2928 2513 2979 sed
2542 2927 2643 2994 ipsi
2672 2923 2946 2977 Frideris-o
2974 2918 3234 2984 desponsa
3271 2929 3402 2966 con-

1850 3022 1942 3085 jux
1970 3028 2070 3082 est,
2102 3027 2260 3082 prout
2292 3015 2595 3068 Fridericus
2632 3014 2744 3078 ipse
2778 3016 3064 3062 attestatur
3093 3006 3148 3058 in
3200 3005 3402 3056 instru-

1859 3120 2037 3159 mento
2068 3105 2435 3157 conventionis
2461 3106 2620 3156 istius
2668 3101 2877 3170 publice
2926 3113 3021 3167 per
3053 3098 3223 3163 ipsum
3257 3093 3401 3146 edito

1850 3196 1914 3248 aii
1948 3194 2196 3248 Castrum
2244 3180 2457 3265 Novum
2495 3191 2583 3245 die
2617 3192 2682 3245 l9
2733 3190 2930 3243 mensis
2986 3185 3230 3255 Augusti,
3258 3198 3395 3235 anno

1850 3286 2053 3339 Clit‘iSti
2111 3284 2264 3347 1502,
2326 3284 2622 3337 indictione
2680 3281 2765 3345 15,
2818 3280 2958 3349 quod
3014 3285 3182 3330 totum
3215 3275 3403 3328 recitat
3494 3349 3509 3358 Α

1852 3374 2114 3427 Odoriens
2169 3373 2460 3425 Rainalilus
2518 3388 2583 3423 eo
2616 3371 2828 3432 Annali,
2866 3372 3003 3420 unde
3058 3364 3398 3417 ttianil‘estum

1850 3474 1931 3518 est
1962 3464 2027 3516 ab
2063 3464 2154 3514 illo
2175 3463 2285 3527 jam
2315 3473 2553 3534 tempore
2590 3458 2796 3513 institui
2828 3468 3059 3524 coeptum
3086 3470 3202 3508 esse
3236 3453 3399 3521 798

1852 3561 2134 3605 tractaturo
2194 3554 2334 3606 inter
2389 3551 2661 3611 absentes,
2706 3548 2830 3601 hinc
2884 3545 3229 3599 Roiitzerium
3278 3545 3398 3594 inde

1848 3644 2217 3695 Andronicum
2266 3643 2662 3709 imperatorem,
2710 3639 2776 3692 de
2831 3636 3077 3689 auxiliari
3129 3633 3302 3686 clas-8
3330 3633 3399 3685 ab

1849 3735 1939 3786 illo
1970 3736 2033 3787 ad
2068 3736 2202 3786 hunc
2234 3717 2561 3787 adducenda.
2596 3729 2737 3784 Sane
2764 3744 2995 3797 praesens
3021 3738 3191 3780 status
3220 3738 3396 3777 rerum

1850 3824 2127 3889 impellere
2151 3822 2490 3875 vehementer
2515 3819 2878 3873 Andronicum
2913 3820 2977 3869 ad
3010 3813 3397 3869 admittendum

1849 3915 2084 3965 oblatum
2119 3912 2375 3963 auxilium
2406 3912 2587 3964 debuit
2625 3927 2639 3961 :
2675 3923 2737 3962 eo
2764 3910 2967 3975 quippe
3002 3917 3143 3956 anno
3172 3898 3396 3952 Michael

1850 4005 2122 4070 Augustus
2145 4001 2332 4053 Juuior
2365 3999 2480 4064 cjus
2540 3998 2681 4052 filius
2738 4009 2924 4048 ouines
2975 4008 3154 4045 secum
3186 3986 3395 4056 imperii

1850 4095 2031 4162 copias
2062 4095 2305 4149 ductans.
2341 4102 2549 4155 tergum
2580 4088 2863 4141 inhoneste
2910 4084 3089 4138 Persis
3139 4086 3393 4138 verterat.

1850 4185 2081 4255 fugaque
2139 4170 2393 4251 praecipiti
2430 4195 2487 4234 se
2519 4181 2816 4232 incluserat
2865 4169 3167 4246 Magnesiae,
3201 4170 3289 4224 ubi
3344 4178 3397 4223 ct

1849 4273 2190 4324 deserebatur
2220 4287 2245 4320 a
2280 4270 2538 4321 militibus
2567 4281 2619 4321 et
2648 4270 2890 4321 omnium
2941 4279 3120 4318 rerum
3158 4271 3396 4314 extrema

1853 4359 2127 4409 laborabat
2189 4358 2387 4422 inopia,
2423 4358 2506 4408 cui
2542 4355 2831 4430 subvenire
2875 4353 3211 4407 Andronicus
3246 4359 3396 4413 pater

1780 4476 1823 4531 ο
1852 4463 1971 4523 cum
1994 4448 2220 4500 maxime
2240 4447 2786 4513 cuperenobstacnlis
2816 4444 3245 4497 inetttctabilitius
3272 4456 3393 4505 pro-

1852 4539 2153 4598 hibebatur,
2188 4548 2341 4603 prottt
2376 4540 2521 4605 prius
2553 4545 2872 4589 narraverat
2901 4535 3011 4601 ipse
3040 4531 3393 4599 Pacliymcres

1849 4630 1885 4682 Ι.
1925 4644 1997 4688 iv,
2033 4642 2083 4681 c.
2132 4627 2218 4690 18,
2251 4642 2645 4691 consequenter
2706 4626 2828 4678 inde
2863 4625 3103 4696 referens
3154 4620 3393 4674 miserri-

1850 4734 1989 4771 mam
2036 4719 2419 4771 dcsolationcin
2454 4717 2695 4770 omnium
2745 4714 2955 4782 imperii
2993 4712 3267 4783 regionum
3300 4725 3392 4778 per

1853 4809 1971 4861 illos
2008 4808 2307 4862 Orientales
2338 4817 2544 4862 tractus
2572 4822 2638 4860 ex
2672 4806 2756 4860 his
2790 4815 3048 4865 secutam,
3092 4811 3387 4871 prmsertiut

1850 4910 1967 4967 post
1998 4914 2184 4951 noi‘am
2212 4908 2259 4953 et
2289 4899 2609 4951 luculentam
2636 4898 2840 4949 cladem
2871 4894 3229 4947 Romanorum
3258 4890 3392 4943 duce

1852 4989 2130 5041 Muzalone
2164 4990 2537 5044 ltetmriartlia.
2574 4990 2660 5040 die
2698 4988 2767 5039 27
2799 4985 2920 5039 Julii
2952 4984 3091 5037 circa
3122 4982 3390 5049 Bapheuut

1850 5095 2013 5150 prope
2040 5078 2403 5133 Nicomediam
2432 5095 2460 5131 a
2491 5073 2669 5132 Pchis
2706 5076 2840 5129 dut'e
2892 5075 3115 5126 Atmane
3166 5073 3390 5137 illatam,

1850 5188 1966 5238 qua:
1991 5172 2027 5225 l.
2061 5186 2130 5233 iv,
2161 5188 2209 5222 τι.
2240 5170 2309 5223 ‘25
2341 5171 2681 5223 describitur.
2734 5165 2992 5220 Extremis
3037 5178 3163 5233 ergo
3196 5164 3391 5216 mensi-

1850 5262 1946 5315 bus
1976 5277 2064 5315 an.
2102 5262 2233 5315 1502
2290 5272 2339 5315 et
2381 5263 2565 5328 primis
2616 5258 2737 5311 anni
2796 5258 3069 5321 sequentis
3124 5255 3260 5323 1503
3294 5253 3390 5306 fuit

1851 5352 2132 5402 conventio
2168 5351 2266 5401 ista
2297 5347 2722 5402 commeantibus
2755 5342 2895 5394 ultro
2920 5343 3159 5407 citroque
3186 5337 3390 5391 nuntiis

1852 5444 2130 5495 conclusa:
2166 5454 2454 5505 rursusque
2481 5428 2684 5502 aliquot
2711 5433 2833 5486 inde
2860 5432 3133 5485 mensibus
3167 5429 3216 5478 in
3249 5429 3387 5478 clas-

1853 5530 1928 5580 sis
1948 5538 2205 5595 apparatu
2240 5524 2510 5591 impensis,
2541 5522 2751 5575 tandem
2779 5536 2839 5576 ea
2871 5533 3051 5573 mense
3085 5513 3387 5583 Septembri

1852 5618 2367 5684 Constantinopolim
2400 5615 2623 5683 appulit.

1929 5706 2015 5761 IV.
2046 5708 2229 5763 ﬂente
2256 5708 2471 5777 inquam
2521 5702 2816 5774 Septembri
2842 5700 2969 5755 anni
3007 5698 3210 5757 Christi
3238 5698 3390 5764 1305,
