4038 6332
195 399 296 467 illi]

1488 401 2120 465 CIil‘tONOLOGICUS

3315 398 3424 463 8θεῖ

197 519 473 590 Eumpam
524 518 704 586 lingua
762 532 890 572 usus
941 517 1227 572 historicus
1274 516 1599 571 crebriorem
1646 518 1762 572 dis-
1792 527 1832 579 A
1866 535 1985 574 cum
2017 535 2081 573 ex
2122 519 2276 574 fabro
2301 518 2529 572 ferrario
2555 518 2620 571 ad
2655 517 2938 586 imperium
2956 525 3224 570 evectum.
3281 513 3422 567 Tum

201 611 614 677 tinetioremque
681 610 793 664 suis
865 609 1080 678 scriptis
1153 610 1479 663 mentionem
1533 612 1761 664 inseruit

199 715 366 770 quam
393 699 749 768 Pachymeres
782 700 869 755 hic
901 710 1101 752 noster.
1134 698 1231 751 Cui
1293 711 1578 768 propterea
1605 751 1611 759 ,
1641 701 1764 755 illu-

201 793 432 845 strando
463 791 726 844 addictam
755 791 950 843 dudum
972 791 1176 845 habens
1195 805 1434 857 Operam,
1455 791 1637 858 fugere
1658 795 1765 846 sal-

159 898 270 955 vo
311 881 485 935 ofﬁcio
533 899 634 936 non
683 882 853 952 potui,
909 883 1036 950 quin
1083 883 1288 951 illigare
1347 893 1492 937 certa
1557 885 1766 939 ratione

201 973 580 1040 chronologica
607 987 832 1026 conarer
854 985 972 1039 quin
1003 971 1151 1024 varie
1181 972 1269 1025 ille
1293 985 1356 1023 ac
1387 970 1608 1023 confuse
1630 971 1767 1024 indi-

201 1077 340 1115 cans
357 1066 549 1128 passim
572 1063 638 1117 de
671 1062 918 1128 Muguliis
958 1061 1183 1128 plurima
1225 1061 1501 1127 congerit;
1532 1061 1595 1113 ad
1623 1063 1765 1128 quod

205 1170 402 1223 parum
436 1157 617 1223 utique
639 1153 859 1208 subsidii
894 1153 945 1206 in
980 1153 1180 1207 Griecis
1212 1152 1524 1216 Latinisque
1553 1153 1769 1206 histori-

206 1247 290 1301 cis
327 1249 619 1309 reperiens,
654 1244 942 1298 consulere
998 1259 1118 1296 sum
1167 1242 1374 1295 Arabas
1410 1253 1646 1296 coactus.
1688 1242 1766 1296 Ex

213 1349 304 1403 his
364 1345 657 1411 Gregorius
712 1337 1167 1408 Ahulpharagius,
1201 1336 1771 1390 Christianus.auc10t‘

208 1437 451 1494 accurati
477 1432 756 1497 Chronici,
788 1445 958 1497 nuper
995 1445 1057 1483 ex
1091 1430 1322 1500 Arabico
1351 1427 1640 1481 Latinitate
1671 1428 1772 1481 do-

208 1531 323 1583 nati
357 1539 518 1593 atque
540 1535 765 1593 utroque
789 1520 1109 1588 cenjunctim
1137 1521 1392 1573 idiomate
1414 1518 1636 1572 Londini
1661 1517 1775 1571 edi-

213 1619 253 1671 ti
307 1616 377 1669 ab
409 1613 654 1667 Eduardo
701 1611 990 1676 PocOt-ltio,
1045 1611 1097 1663 in
1131 1611 1231 1662 hoc
1264 1608 1333 1663 de
1397 1624 1452 1663 re
1516 1608 1772 1661 litteraria

208 1706 415 1774 optime
445 1704 662 1767 merito,
689 1717 797 1763 me.
825 1701 966 1768 quod
990 1709 1142 1769 grate
1169 1695 1516 1764 fateamini-it
1548 1697 1773 1764 insigni-

209 1803 314 1850 ter.
347 1793 496 1848 Vixit
516 1783 585 1848 et.
599 1793 816 1860 scripsit
843 1793 888 1846 is
911 1790 1366 1859 chronographns,
1397 1785 1776 1856 proutcolligi-

1861 625 2050 663 eorum
2074 608 2336 671 instituta,
2370 624 2547 663 mores
2564 618 2616 663 et
2647 619 2761 678 acta
2792 609 2908 662 fuse
2934 617 3214 666 memorat,
3245 605 3427 657 sedem

1862 701 2025 754 etiam
2056 702 2175 755 novi
2202 701 2357 767 hujus
2379 701 2586 766 imperii
2619 700 2882 760 insi-cans,
2941 685 3134 751 Portas
3182 694 3428 762 Caspias,

1864 798 1954 866 qui
1992 796 2138 849 locus
2169 795 2223 848 in
2267 792 2448 847 Mediae
2468 809 2530 846 ac
2566 776 2796 846 Parthiae
2831 769 3096 842 'continiis
3147 788 3285 839 situs
3322 797 3427 839 est.
3469 836 3480 861 κ

1937 886 2026 939 Ill.
2059 887 2238 954 Pergit
2262 885 2718 952 Ahulpharagius,
2757 882 3003 935 refert-ns
3043 895 3186 930 anno
3225 877 3432 941 llcgiire

1869 979 1975 1034 600
1998 989 2208 1048 captam
2244 992 2271 1054 a
2301 961 2511 1030 Latinis
2543 971 3093 1039 Constantinopolim.
3133 970 3227 1024 Est
3260 984 3435 1020 annus

1873 1071 2082 1141 [legirre
2115 1070 2218 1123 600
2251 1071 2300 1122 in
2324 1085 2430 1123 aera
2466 1067 2666 1122 Christi
2694 1066 2850 1127 1205,
2884 1065 2975 1116 st-d
3007 1078 3035 1114 a
3064 1065 3148 1115 die
3171 1062 3430 1112 duntaxat

1869 1161 2078 1215 det-ima
2123 1165 2327 1213 mensis
2379 1159 2715 1228 Septembris
2745 1157 2967 1213 .luliaui,
3004 1170 3163 1220 quam
3201 1155 3252 1204 in
3289 1154 3430 1203 diem
3506 1166 3511 1170 ·

1873 1252 2155 1304 neomenia
2192 1249 2501 1303 Multarram
2536 1248 2695 1313 primi
2729 1247 2961 1298 Arabum
2993 1244 3194 1296 int-usis
3220 1240 3430 1295 incidit.

1869 1341 2003 1395 Cum
2041 1350 2217 1403 autem
2250 1354 2350 1393 nos
2395 1338 2950 1391 denimistraverimns
2984 1345 3128 1385 tumo
3156 1332 3435 1398 superiore

1872 1443 2192 1497 occupatam
2245 1446 2272 1480 a
2321 1429 2524 1482 Latinis
2571 1423 3098 1492 Conataiitiiiopnlim
3150 1421 3318 1474 fuisse
3348 1421 3436 1471 die

1878 1520 1945 1575 l2
1977 1519 2176 1587 Aprilis
2208 1517 2336 1570 anni
2385 1516 2586 1569 Christi
2633 1515 2794 1574 1203,
2827 1529 2943 1565 eam
2976 1513 3239 1580 epocham
3288 1521 3436 1562 retro

1877 1613 2092 1666 trahere
2145 1610 2352 1676 aliquot
2396 1608 2664 1661 mensibus
2699 1606 2962 1674 cogimur,
3009 1612 3063 1656 et
3121 1604 3187 1656 ad
3219 1601 3441 1668 quadri-

1877 1715 2074 1757 niestre
2119 1702 2366 1754 ultimum
2428 1698 2554 1752 anni
2611 1695 2817 1766 llegirte
2871 1694 2974 1748 599
3024 1691 3273 1748 conferre
3304 1689 3325 1754 ,'
3382 1698 3441 1742 ut

1880 1807 2086 1863 magna:
2139 1793 2241 1844 illa:
2271 1791 2653 1843 conversiones
2689 1788 2828 1849 duae,
2886 1785 3097 1850 imperii
3140 1798 3170 1834 a
3208 1780 3437 1834 Pra'steo

209 1887 547 1944 turevariis
596 1885 710 1952 ejus
747 1885 925 1952 operis
969 1881 1124 1946 locis,
1169 1881 1461 1948 incipiente
1512 1876 1777 1932 dominari
1814 1877 2233 1951 Bjannensibns
2295 1879 2358 1930 ad
2417 1877 2679 1947 Mngnlios
2731 1874 2978 1929 translati
3015 1883 3072 1926 et
3124 1871 3356 1924 redacta:
3382 1869 3438 1922 in

209 1975 869 2044 Constant'nmpolidomo
896 1972 1216 2041 Palmologa,
1279 1971 1380 2026 sub
1431 1970 1619 2039 primis
1664 1970 1781 2036 ejus

209 2070 453 2125 nominis
479 2067 893 2137 imperatoribus
919 2065 1174 2119 Michaele
1196 2075 1249 2118 et
1277 2061 1577 2117 Andronico
1607 2059 1783 2128 senio-

217 2176 300 2224 re,
343 2175 570 2230 quorum
598 2169 716 2214 acta
746 2161 970 2213 duorum
1000 2154 1432 2226 Paehymerianae
1481 2150 1637 2218 hujus
1694 2149 1782 2203 hi-

221 2254 411 2306 storia
460 2252 794 2305 voluminum
862 2254 1237 2317 argumentum
1317 2253 1442 2297 sunt
1497 2259 1510 2296 :
1567 2239 1784 2310 scripsit

221 2351 405 2397 autem
471 2351 525 2395 et
567 2339 630 2394 ad
677 2355 854 2394 rerum
908 2352 1033 2392 vere
1086 2344 1355 2405 gestarum
1403 2341 1649 2388 exactam
1701 2330 1786 2383 in-

221 2436 552 2493 dicationem
576 2441 629 2488 et
657 2434 722 2488 ad
754 2445 1052 2500 temporum
1081 2427 1495 2488 ordinationem,
1519 2431 1781 2490 quantum

221 2542 291 2586 ex
327 2528 615 2582 collatione
635 2539 754 2578 eum
783 2523 1004 2590 optimis
1030 2520 1332 2589 quibusque
1382 2515 1660 2583 explorare
1687 2527 1784 2581 po-

221 2619 330 2684 tui,
371 2616 699 2670 fidelissime.
736 2613 915 2679 Quare
971 2610 1317 2665 accnratione
1361 2621 1521 2676 quam
1569 2611 1784 2672 praestat

224 2710 281 2765 in
309 2709 378 2763 iis
403 2722 526 2776 qua:
561 2711 778 2772 possunt
815 2701 993 2755 alieno
1049 2697 1356 2752 testimonio
1413 2692 1650 2762 coargui,
1698 2689 1785 2743 di-

226 2815 371 2871 gnus
397 2799 606 2852 videtur
623 2798 706 2850 cui
730 2793 861 2849 fides
886 2805 1075 2847 secure
1118 2789 1385 2845 habeatur
1422 2786 1476 2839 in
1527 2785 1614 2838 his
1664 2796 1786 2850 quae

224 2894 460 2948 aliirmat
483 2891 655 2946 solus.
1385 2889 1392 2906 ‘

298 2983 366 3038 ll.
395 2982 492 3036 ilic
517 2982 680 3050 igitur
709 2979 789 3033 sui
813 2974 1064 3032 Chronici
1093 2974 1145 3028 in
1168 2970 1396 3025 Arabico
1417 2966 1630 3036 quidem
1653 2980 1780 3021 con-

227 3086 383 3131 textu
441 3088 496 3141 ρ.
527 3071 651 3133 427,
682 3071 734 3124 in
794 3068 982 3121 Latina
1043 3079 1173 3118 vero
1229 3060 1671 3128 interpretatione
1735 3069 1785 3121 ρ.

223 3167 356 3230 230,
386 3166 462 3219 ait
501 3180 639 3217 anno
665 3162 872 3226 ilcgira‘.
901 3157 1199 3224 599.cujus
1251 3152 1458 3204 initium
1517 3148 1617 3201 fuit
1674 3148 1786 3199 dies

228 3260 301 3312 20
336 3254 668 3322 Septembris
692 3254 744 3304 in
775 3264 914 3303 anno
950 3262 1067 3301 atrae
1089 3255 1287 3298 nosti-ie
1313 3240 1507 3294 Christi
1551 3236 1788 3304 vulgaris

236 3347 395 3407 ηοξ.
424 3345 652 3410 ccepisse
674 3339 973 3411 imperium
1007 3334 1418 3404 Moguletisium,
1443 3328 1670 3382 desiisse
1693 3340 1789 3378 au-

233 3446 344 3490 tem
383 3431 664 3500 imperium
688 3425 1076 3494 Praestejannis
1090 3425 1202 3478 sive
1226 3418 1520 3490 presbyteri
1545 3413 1788 3470 Joannis.

228 3522 467 3582 Ioannes
496 3532 617 3578 erat
651 3531 937 3574 commune
973 3531 1170 3571 nomen
1199 3513 1497 3583 principum
1529 3509 1792 3562 latisSime

231 3611 902 3687 quondamdominantium
919 3606 1081 3676 805
1093 3619 1249 3669 super
1263 3602 1489 3670 Scythas
1501 3598 1622 3650 Asia
1635 3597 1791 3656 tieos,

234 3685 304 3762 ad
333 3715 564 3759 montem
601 3703 826 3758 Imaum,
856 3699 990 3749 adeo
1015 3704 1070 3746 ut
1103 3692 1318 3759 quidam
1374 3687 1610 3740 scribant
1657 3685 1791 3735 duos

238 3809 293 3853 et
335 3793 670 3863 septuaginta
705 3803 858 3857 reges
915 3786 1046 3852 ipsis
1079 3780 1362 3858 aliquando
1400 3777 1564 3832 fuisse
1628 3773 1822 3828 vecti—.

240 3889 408 3958 gaios.
463 3883 821 3938 Christianam
861 3890 1039 3931 autem
1098 3872 1434 3939 religionem,
1487 3868 1580 3921 sed
1641 3865 1793 3932 juxta

238 3957 772 4038 Nestoriihznresim,
808 3969 1076 4031 colebant,
1132 3977 1457 4030 crueemque
1528 3960 1582 4012 in
1645 3957 1796 4010 bellis

238 4087 359 4144 prie
378 4087 437 4124 se
469 4067 733 4135 duplicem
763 4062 1027 4121 ferebant,
1052 4059 1272 4110 alteram
1302 4065 1541 4114 auream,
1574 4048 1795 4100 alteram

242 4136 559 4233 gemmeam.
599 4155 734 4209 Huic
775 4151 997 4219 imperio
1035 4146 1124 4213 qui
1178 4143 1396 4198 ultimus
1449 4136 1682 4206 prarfuit,
1743 4143 1800 4188 ut

244 4227 402 4309 docet
428 4243 884 4312 Abulpharagius.
905 4246 1098 4308 praeter
1137 4245 1421 4288 commune
1445 4227 1667 4281 Joannis
1698 4240 1798 4276 no-

245 4361 368 4400 men
418 4343 634 4410 proprie
687 4335 801 4404 Ung
839 4333 987 4388 Clum
1038 4337 1286 4389 vocatus,
1329 4339 1450 4378 cum
1514 4318 1798 4389 quemdam

248 4406 591 4487 Tamuiinum
624 4416 860 4487 nomine,
893 4435 1001 4488 quo
1029 4419 1203 4472 fuerat
1231 4428 1362 4469 usus
1394 4412 1506 4471 ditt.
1549 4411 1602 4461 in
1645 4406 1802 4460 hellis

1885 1969 2198 2026 Latinorum
2239 1977 2558 2036 potestatem
2599 1967 2912 2034 metmpolis
2967 1963 3178 2033 imperii
3221 1959 3442 2016 Graeco-

1885 2080 2022 2126 rum,
2083 2065 2133 2116 in
2191 2077 2354 2115 unum
2407 2061 2762 2126 eamdemque
2822 2070 2943 2109 tera:
2991 2053 3253 2117 Arabicae,
3281 2065 3440 2119 quam

1886 2156 2098 2226 Hegira:
2129 2164 2343 2219 vocant,
2397 2168 2594 2206 annum
2656 2150 3252 2205 undesexecntesimum
3313 2158 3444 2196 con-

1884 2247 2147 2300 venerint.
2186 2245 2342 2298 Anno
2381 2226 2504 2297 inde
2549 2241 2655 2295 eos
2690 2240 2920 2308 llegirtc,
2957 2239 3046 2306 qui
3093 2237 3216 2290 iniit
3252 2233 3286 2287 (ς
3313 2231 3440 2287 .lulii

1885 2338 2007 2392 anni
2045 2337 2176 2392 Chr.
2208 2335 2366 2398 1209,
2393 2331 2789 2399 Gingizchanes
2820 2330 3045 2398 imperio
3088 2341 3189 2381 suo
3215 2324 3442 2392 subjun-

1887 2432 1964 2484 xit
1990 2429 2236 2498 regiones
2255 2425 2644 2486 Caracathaim,
2672 2437 2792 2491 qua:
2825 2419 3068 2472 videntur
3096 2417 3447 2469 Tartarorutn

1887 2518 2100 2575 Siuensi
2159 2531 2324 2584 regno
2371 2515 2690 2568 confinium.
2742 2513 2897 2564 Anno
2944 2509 3079 2576 Ilcg.
3131 2507 3256 2568 6l0,
3291 2505 3447 2571 cujus

1886 2616 1972 2660 est
2002 2605 2210 2657 initium
2238 2617 2266 2654 a
2301 2600 2424 2654 Maii
2454 2599 2522 2652 9.5
2558 2600 2680 2651 anui
2709 2595 2906 2649 Christi
2939 2595 3096 2654 i‘2l5,
3123 2592 3446 2657 Gingizcha-

1889 2681 1984 2749 nes
2037 2682 2177 2747 Bello
2221 2692 2424 2745 indicto
2477 2688 2675 2743 sultani
2711 2686 3034 2747 Mohamedi,
3088 2686 3140 2737 in
3190 2684 3446 2737 ultionem

1889 2785 2103 2852 iniustae
2165 2783 2314 2835 necis
2381 2779 2738 2849 quorumdam
2802 2786 3204 2840 mercatorum,
3261 2772 3448 2826 urbem

1889 2876 2176 2930 maximam
2202 2872 2448 2926 Otraram
2480 2882 2600 2938 post
2620 2869 2860 2937 quinque
2893 2868 3155 2921 mensium
3205 2864 3448 2916 obsidio-

1891 2982 2014 3020 nem
2059 2966 2105 3017 vi
2161 2963 2302 3032 cepit
2343 2976 2462 3014 cum
2518 2961 2720 3014 infinita
2760 2961 3033 3011 hominum
3103 2954 3268 3018 caede,
3303 2957 3450 3006 utet

1892 3071 2035 3108 anno
2085 3053 2209 3114 6l7,
2259 3051 2411 3118 cujus
2463 3049 2716 3104 Kalendae
2768 3050 2820 3100 in
2870 3047 2904 3098 8
2947 3044 3118 3096 Martii
3180 3043 3449 3105 incidunt,

1894 3145 2190 3197 Boeharam
2245 3153 2298 3196 et
2344 3138 2768 3192 Samarkandatn
2823 3137 2985 3189 urbes
3035 3134 3191 3201 longe
3228 3125 3450 3200 amplis-

1816 3204 1858 3262 C
1893 3235 2076 3295 simas,
2140 3246 2365 3300 quarum
2417 3230 2540 3282 huic
2601 3227 2854 3296 praesidio
2907 3226 3071 3278 fuisse
3123 3223 3370 3291 imposita
3419 3233 3450 3274 ι

1891 3324 2101 3378 saltane
2153 3320 2466 3373 Mohamcde
2497 3329 2713 3376 centum
2770 3317 2955 3388 viginti
2997 3314 3240 3383 equitum
3270 3310 3447 3364 millia

1893 3414 2055 3466 tradit.
2090 3410 2544 3480 Abulpbaragius.
2583 3408 2691 3462 Sed
2725 3409 2810 3460 his
2849 3404 3031 3475 prmlio
3072 3400 3453 3456 cruentissimi)

1893 3504 2187 3571 proﬂigatis
2218 3503 2392 3556 dedita
2416 3500 2580 3569 803
2612 3509 2665 3553 et
2695 3499 2907 3564 direpta
2949 3493 3316 3548 Samarkanda
3343 3499 3450 3552 est,

1896 3595 2115 3659 triginta
2149 3593 2430 3645 hominum
2465 3590 2699 3643 millibus
2726 3587 2946 3648 occisis,
2995 3584 3216 3638 t0tidem
3243 3582 3297 3634 in
3327 3594 3447 3635 ser-

1893 3687 2118 3740 vitutem
2135 3685 2409 3737 ‘abdnctis.

1965 3775 2053 3832 IV.
2092 3777 2240 3829 Anno
2268 3775 2398 3843 lii-g.
2426 3774 2558 3837 618,
2590 3774 2807 3827 ineunte
2853 3785 2882 3823 a
2927 3768 3202 3824 Februarii
3232 3767 3302 3822 ἢεί
3325 3767 3450 3819 anni

1897 3867 2097 3922 Christi
2130 3867 2283 3930 1221,
2307 3865 2524 3919 Balkam
2553 3862 2882 3918 Talaltanum
2930 3871 2983 3917 et
3015 3859 3459 3928 Albamiyanum,

1901 3959 2136 4026 reliquas
2183 3972 2214 4010 e
2259 3955 2561 4009 Chorasani
2616 3955 2819 4006 ditione
2860 3953 3108 4004 civitates
3153 3948 3454 4017 opulentis-

1899 4048 2064 4101 simas
2111 4056 2165 4099 et
2202 4045 2615 4107 munitissimas,
2672 4043 2996 4111 expugnavit
3035 4039 3452 4105 Gingizchancs.

1898 4148 1954 4193 et
1987 4139 2052 4191 ad
2080 4137 2331 4191 Scottiam
2368 4149 2577 4188 amnem
2600 4135 2712 4188 acie
2738 4132 3091 4186 Jalalodinum
3117 4128 3265 4194 vicit,
3297 4129 3456 4193 hujus

1904 4239 2081 4282 tamen
2115 4227 2390 4280 admirans
2437 4225 2841 4294 praidicausqne
2874 4222 3266 4283 fortitudinem,
3311 4218 3454 4287 quod

1902 4336 2024 4376 cum
2058 4320 2202 4373 illum
2229 4319 2404 4372 vivum
2430 4321 2495 4371 ad
2526 4334 2582 4371 se
2607 4317 2824 4385 perduci
2848 4315 3126 4384 iussisset,
3151 4314 3197 4367 is
3224 4327 3255 4366 e
3277 4321 3457 4378 strage

1903 4417 2046 4469 circa
2080 4427 2139 4465 se
2166 4426 2386 4465 suorum
2426 4410 2733 4477 intelligens
2777 4423 2942 4476 quare
2983 4405 3082 4461 sibi
3125 4386 3304 4459 hostes
3331 4416 3460 4472 par-

250 4522 567 4595 pmsertim,
591 4528 810 4572 strenuo
836 4524 890 4566 et
905 4509 1215 4565 felicissimo
1233 4505 1499 4564 ministro,
1517 4497 1789 4554 calumniis

1904 4510 2111 4563 eerent,
2164 4515 2331 4570 eques
2391 4499 2610 4551 fluvium
2668 4498 2918 4559 tranavit,
2974 4505 3028 4550 et
3065 4508 3132 4550 ex
3178 4506 3245 4546 eo
3279 4491 3488 4572 medio-

249 4588 566 4668 azmulorum
633 4607 859 4660 invisum
935 4599 1037 4654 sibi
1101 4599 1299 4651 factum
1351 4588 1806 4658 comprehendere

252 4702 656 4771 aggrederetur,
679 4695 746 4748 ab
799 4709 864 4747 eo
920 4689 1208 4743 fortissime
1260 4695 1592 4753 repugnante
1633 4694 1804 4737 \tctus

251 4797 366 4861 ipse
386 4791 704 4854 occisusque
725 4793 826 4839 est.
859 4784 973 4848 Quo
993 4787 1235 4846 tempore
1258 4777 1475 4842 quidam
1529 4776 1668 4829 inter
1699 4773 1808 4826 Mo-

253 4883 504 4953 gulenses
530 4891 734 4945 magna:
768 4869 1128 4932 auctoritatis,
1163 4865 1471 4937 apparuisse
1508 4865 1608 4918 sibi
1643 4863 1806 4916 Deum

253 4971 548 5033 aliirmans,
573 4976 628 5021 et
665 4965 966 5020 declarasse
995 4963 1222 5016 electum
1278 4973 1309 5010 a
1357 4971 1417 5012 se
1467 4955 1806 5008 Tamuiinum

254 5061 308 5114 in
331 5074 488 5128 quem
536 5057 685 5110 orbis
735 5065 998 5109 terrarum
1050 5034 1337 5120 imperium
1381 5058 1542 5114 atque
1596 5046 1648 5096 in
1694 5033 1810 5111 ejtis

256 5157 499 5221 posteros
530 5145 824 5199 transferre
852 5142 1194 5202 decrevisset,
1229 5138 1538 5193 universam
1575 5133 1646 5187 illi
1677 5147 1808 5185 con-

256 5241 461 5299 ciliavit
481 5236 849 5308 Muguliorum
875 5245 1118 5302 gentem;
1147 5231 1301 5299 cujus
1315 5241 1576 5282 consensu
1600 5231 1812 5278 creatus

260 5337 569 5402 imperator,
601 5346 630 5382 a
668 5327 779 5382 Deo
812 5327 952 5394 ipso,
984 5331 1043 5376 ut
1075 5323 1162 5375 ille
1196 5336 1354 5391 quetn
1389 5319 1499 5370 dixi
1537 5313 1810 5368 fanaticus

260 5425 457 5488 aiebat,
485 5420 792 5490 impositum
820 5416 906 5488 [1).
937 5413 1065 5484 584]
1113 5415 1211 5481 ipsi
1252 5412 1458 5479 accepit
1492 5406 1810 5474 Gingizcha-

262 5515 341 5567 tn’s
366 5525 575 5564 nomen.
604 5507 876 5562 Hactenus
904 5502 1349 5572 Abulpharagins,
1387 5497 1476 5552 cui
1510 5497 1640 5551 satis
1677 5496 1810 5550 coit-

259 5608 514 5655 sentanee
543 5607 726 5652 noster
745 5595 1102 5662 Pachytneres
1154 5589 1319 5658 priori
1356 5596 1501 5640 tomo
1529 5601 1577 5639 c.
1613 5584 1668 5648 ι,
1699 5581 1733 5635 1.
1758 5597 1810 5647 v,

263 5689 620 5762 lcgislatorem
649 5686 1040 5747 Tocharorum.
1069 5681 1161 5754 qui
1192 5696 1252 5736 se
1281 5681 1384 5749 ipsi
1428 5677 1691 5746 Mugulios
1719 5688 1811 5727 no.

265 5778 488 5845 minam,
507 5793 699 5835 nomen
719 5777 975 5834 habuisse
995 5773 1350 5828 Tsinct'scam's
1371 5768 1589 5833 asserit,
1611 5766 1812 5821 addens

1909 4603 2098 4648 natans
2181 4606 2472 4645 conversus
2551 4592 2795 4657 sagittam
2877 4597 2959 4641 est
3024 4585 3322 4654 eiaculatus
3401 4581 3479 4636 in:

1907 4685 2268 4754 Megalenses.
2326 4681 2627 4749 Contigisse
2712 4681 2810 4732 hoc
2880 4678 2954 4730 ait
3028 4673 3476 4744 Abulpharagius-

1909 4788 2097 4828 mense
2127 4772 2351 4832 Raiebo,
2384 4770 2476 4837 qui
2529 4769 2580 4820 in
2621 4782 2764 4820 anno
2792 4765 3023 4819 Arabico
3056 4765 3259 4818 mensis
3292 4761 3460 4827 septi-

1912 4879 2034 4919 mus
2062 4875 2165 4926 est,
2199 4877 2263 4916 ex
2315 4861 2416 4914 hoc
2463 4859 2598 4912 miro
2655 4869 2904 4912 successu
2954 4852 3280 4909 fortitudinis
3313 4847 3496 4904 λειω-τ-

1910 4953 2076 5006 lodini
2124 4961 2310 5005 natum
2356 4963 2608 5002 asserens
2650 4946 2990 5015 proverbium
3017 4943 3494 5007 Arabicum,quo~

1911 5043 2012 5096 dici
2061 5041 2196 5094 solet
2255 5041 2363 5092 vive
2410 5044 2478 5092 ad
2512 5035 2788 5098 Raiebum,
2836 5045 2884 5088 et
2937 5034 3128 5085 videbis
3183 5032 3342 5086 mira.
3382 5029 3460 5084 Ex

1909 5135 2188 5185 occasione
2233 5131 2318 5182 hic
2360 5144 2554 5196 penam
2607 5127 3034 5194 experimentum
3084 5122 3491 5178 consensionis»

1910 5218 2293 5286 Abulpharagii
2324 5232 2442 5272 cum
2471 5217 2668 5272 nostris
2693 5212 3120 5280 chronographis
3146 5227 3176 5266 a
3214 5225 3302 5265 me
3332 5225 3456 5264 cum

1913 5309 2186 5377 voluptate
2229 5309 2592 5362 observatum.
2642 5304 2732 5358 Ait
2783 5303 2886 5356 hoc
2931 5301 3118 5355 eodem
3152 5314 3291 5352 anno
3325 5296 3456 5363 Heg.

1911 5400 2014 5456 6l8
2040 5401 2305 5453 sultanem
2344 5396 2563 5468 Egypti
2616 5395 2909 5448 Damiatam
2949 5392 3018 5447 de
3049 5390 3272 5446 Francis
3301 5401 3460 5441 recu—

1913 5502 2132 5557 perasse
2184 5487 2272 5541 die
2317 5484 2590 5546 Mercurii,
2622 5481 2810 5536 Raiebi
2860 5482 2947 5547 19,
2980 5491 3254 5551 postquam
3302 5476 3476 5557 inea

1910 5556 2278 5632 substitissent
2320 5574 2512 5628 Franci
2547 5587 2744 5626 annum
2798 5573 3064 5641 integrum
3111 5575 3166 5620 et
3211 5556 3491 5628 undecim-

1914 5683 2148 5723 menses.
2209 5666 2302 5719 Vix
2360 5666 2497 5719 alius
2556 5671 2786 5719 eventus
2862 5672 2944 5716 est
2995 5659 3147 5728 cujus
3194 5658 3378 5729 plures
3404 5665 3458 5713 et

1913 5762 2174 5818 certiores
2215 5774 2245 5814 e
2291 5756 2491 5814 nostris
2520 5765 2778 5825 spectatae
2813 5752 2934 5809 fidei
2979 5748 3445 5819 scriptoribustnot
