4038 6332
163 312 274 379 369

1445 288 2104 380 curiosowotcus.

3282 311 3391 376 8'70

168 431 372 496 rituque
391 442 603 481 mam
635 426 913 493 patricium
974 427 1246 496 quemdam
1276 445 1303 482 s
1351 443 1446 482 suo
1473 429 1726 481 cantitant
1759 435 1801 486 Α
1832 441 1984 480 scere
2043 428 2220 498 magis
2280 429 2528 496 ruperit,
2567 425 2814 496 superius
2867 436 3045 482 tamen
3099 425 3390 481 inolevisse

169 517 481 574 lichaelem
507 531 848 587 cognomento
881 519 1261 588 i’alcologum,
1301 520 1440 588 quod
1464 536 1491 574 ι
1510 520 1724 588 quibus-

167 612 291 662 dam
317 611 585 664 vaticiniis
619 625 737 679 qua
778 611 1079 676 ferebantur
1118 622 1438 679 περιπατεῖ
1477 621 1726 679 regnatu-

167 713 320 759 rum;
364 700 589 767 jussisse
624 698 773 750 illum
829 698 884 750 in
942 699 1193 751 territorii
1248 681 1725 751 Thessalonicensis

164 797 338 840 castro
362 789 587 855 quodam
617 790 1001 855 comprehendi,
1021 790 1238 856 ducique
1289 792 1341 840 in
1376 803 1637 842 carcerem
1691 803 1725 841 st

165 879 398 945 quodam
429 880 656 943 Gallina,
680 882 772 948 qui
793 893 966 931 tamen
1000 881 1046 932 ei
1072 880 1372 947 prwdixrrit
1426 880 1724 945 imperium,

163 969 494 1036 exsequendo
525 968 862 1030 nihilominus
881 970 1094 1034 jussmn
1123 969 1456 1033 imperatoris
1488 967 1727 1022 Theodo-

165 1060 234 1111 ri.
266 1059 424 1112 Hunc
453 1059 603 1111 addit
625 1059 840 1111 adducti
861 1061 930 1111 ad
972 1076 1027 1112 ss
1057 1058 1328 1112 Michaelis
1363 1059 1727 1113 misericordia

166 1160 362 1205 motum
399 1168 521 1205 eum
561 1152 829 1212 liberasse,
859 1162 905 1204 et
937 1160 1159 1203 tutorem
1185 1167 1363 1218 parvo,
1391 1167 1538 1217 quem
1564 1152 1727 1204 relin-

174 1246 377 1314 jttebot,
407 1247 520 1313 ﬁlio
548 1245 904 1298 Colo—Joanni
929 1257 1111 1298 vocato
1130 1246 1446 1313 pra'fccisse.
1468 1245 1543 1297 Ac
1568 1245 1725 1313 paulo

171 1348 278 1390 rost
312 1351 573 1391 mortuum
607 1339 659 1390 in
691 1339 1008 1391 monasterio
1041 1336 1327 1407 Magnesia:
1350 1339 1513 1402 fuisse
1539 1338 1729 1404 sepul—

169 1438 299 1481 tum.
326 1430 491 1482 Addit
523 1429 819 1482 Iluzalonis
851 1430 1072 1489 caedem,
1125 1428 1398 1482 Michaelis
1445 1426 1726 1496 Palicologi

167 1522 560 1586 promotionetn
631 1519 697 1572 ad
783 1519 1090 1586 imperium,
1172 1519 1728 1587 circumscriptionem

166 1611 319 1677 pueri
344 1609 726 1664 Caio—Joannis
751 1649 768 1674 ,
797 1610 1117 1678 eiectionem
1148 1611 1360 1680 Arsenii
1406 1610 1728 1679 patriarchae

166 1701 220 1751 in
247 1699 498 1753 exsilium
517 1699 670 1766 jussu
693 1699 991 1767 Michaelis,
1018 1699 1160 1768 quod
1182 1699 1228 1754 is
1254 1702 1431 1768 ipsum
1453 1701 1519 1754 de
1540 1701 1725 1770 pupilli

1833 533 1939 572 non
1989 533 2284 587 negamus:
2353 521 2464 574 into
2515 521 2567 575 id
2629 521 2875 574 historiae
2927 519 3106 574 series
3162 517 3384 584 indicat,

1831 612 2036 674 statim,
2071 612 2289 680 inquam
2315 653 2329 678 ,
2380 620 2508 680 post
2539 650 2554 676 ,
2592 625 2784 680 nempe
2837 626 2977 664 anno
3007 608 3214 679 Rogita
3240 608 3346 661 656
3369 647 3389 672 ,

1832 704 1985 769 cujus
2018 705 2117 760 fuit
2147 705 2358 758 initium
2415 705 2527 758 dies
2563 703 2808 758 Januarii
2854 711 3082 757 octavus
3134 705 3188 757 in
3245 717 3392 754 anno

1833 792 2036 846 Christi
2067 795 2229 847 modo
2254 804 2556 846 memorato
2580 793 2729 851 ,1258
2761 832 2777 855 ,
2809 791 3010 846 llulacu
3037 808 3242 864 mense
3273 792 3390 858 ipso

1834 884 1960 934 anni
1989 884 2161 949 primo
2195 883 2536 936 Mttbarratno
2575 884 2905 952 oppugnavit
2953 882 3394 950 expugnavitque

1834 972 1888 1025 vi
1921 987 2137 1041 summa
2202 976 2389 1026 urbem
2447 974 2605 1040 longe
2676 973 2967 1026 maximam
3029 969 3338 1038 Bagdadum
3373 1007 3391 1034 ,

1834 1063 1960 1116 olim
2000 1062 2329 1133 Babylonem
2387 1063 2628 1126 dictam,
2663 1063 2994 1129 metropolitu
3043 1062 3190 1129 regni
3243 1057 3394 1111 Cali-

1834 1155 1974 1222 pbte.
2001 1155 2118 1220 Quo
2147 1155 2199 1208 in
2232 1155 2477 1222 ordinem
2510 1156 2726 1208 redacto
2762 1193 2778 1217 ,
2815 1156 3122 1221 ditioueque
3185 1153 3303 1219 ejus
3333 1150 3389 1203 iu

1837 1245 2049 1313 imperii
2126 1246 2375 1315 Mogdiiei
2458 1246 2791 1315 provinciam
2873 1259 3129 1298 conversa
3163 1285 3180 1306 ,
3267 1244 3392 1297 titti-

1840 1336 2032 1389 timum
2156 1336 2486 1408 dynastam,
2563 1337 2813 1391 Mauselze
2881 1331 3011 1408 [Ῥ.
3078 1334 3238 1406 5901
3292 1339 3390 1389 do-

1835 1429 2077 1492 minum,
2112 1429 2278 1484 mitiis
2342 1431 2610 1491 territum,
2648 1428 2748 1484 sibi
2800 1427 3142 1482 tribularium
3220 1427 3389 1480 fecit:

1838 1525 1896 1569 et
1917 1515 2246 1585 Astraplmm
2273 1517 2582 1588 dynastam,
2619 1517 2764 1570 arcis
2786 1517 3168 1569 munitissimae
3193 1514 3392 1567 iiducia

1836 1603 2025 1673 iugum
2051 1607 2236 1658 subire
2265 1606 2657 1661 detrectantem
2685 1646 2702 1669 ,
2730 1609 2782 1667 in
2817 1606 2932 1679 ipsa
2969 1605 3060 1658 illa
3110 1608 3208 1658 sua
3255 1604 3391 1656 urbe

1841 1693 2285 1762 Mihapltareltino
2308 1735 2326 1757 .
2357 1694 2480 1757 licet
2511 1696 2906 1763 inexpugnabili
2943 1733 2958 1755 ,
2990 1697 3131 1746 fame
3161 1695 3389 1748 domun-

164 1792 518 1859 oppressione
547 1791 1016 1858 reprehendisset:
1047 1793 1278 1860 denique
1302 1795 1606 1846 accumulat
1643 1810 1727 1846 su-

1838 1780 1962 1831 dum
1985 1780 2405 1848 oitsiderijussit
2459 1797 2488 1834 a
2545 1762 2680 1836 suis.
2726 1781 2952 1834 Duravit
3013 1784 3225 1837 obsidio
3267 1783 3388 1850 plus

165 1896 258 1949 per
277 1882 461 1932 omnia
486 1881 944 1948 recuperationem
962 1882 1109 1935 urbis
1126 1883 1727 1949 Constantinopolitanze

1834 1869 2073 1924 biennio.
2108 1869 2347 1924 Tandem
2381 1879 2523 1923 au'no
2549 1871 2759 1938 Iiegirae
2788 1871 2893 1924 658
2927 1873 3225 1940 Astrapims
3269 1874 3385 1940 plo-

162 1971 559 2039 etejectionem
584 1984 648 2025 ex
703 1984 766 2024 ea
817 1969 1153 2034 Latinorum,
1186 1975 1402 2026 modum
1454 1974 1530 2026 rei
1569 1984 1734 2042 gestat

166 2060 432 2122 referens.
464 2061 516 2112 in
552 2077 680 2128 quo,
725 2073 782 2116 ut
811 2070 866 2116 et
895 2064 1146 2128 superius
1191 2064 1533 2129 memoratis,
1580 2080 1730 2128 nme-

121 2203 124 2212 ,
165 2152 292 2205 dam
328 2169 432 2205 non
464 2157 598 2207 adeo
624 2153 801 2220 magni
834 2152 1088 2207 momenti
1144 2141 1522 2222 discrepantia:
1569 2171 1598 2209 a
1626 2155 1730 2210 Pa.

166 2241 515 2312 cbymeriana
538 2244 849 2295 narratione
881 2243 1037 2297 facile
1086 2260 1209 2308 cum
1247 2246 1578 2314 deprehendi
1619 2258 1728 2307 tutu

164 2332 364 2401 corrigi
390 2341 640 2400 poterunt
677 2347 739 2387 cx
775 2335 1064 2387 collatione
1118 2351 1235 2386 cum
1275 2336 1308 2388 l.
1345 2352 1359 2390 ι
1390 2340 1558 2404 pmis
1589 2340 1732 2402 prlo-

165 2421 243 2476 ris
275 2425 434 2489 hujus
492 2435 689 2477 nostrae
738 2424 994 2478 historize.
1059 2425 1231 2480 Unum
1290 2428 1598 2482 necessario
1646 2430 1731 2483 hic

166 2515 539 2575 emendaturis,
574 2514 715 2580 quod
744 2515 818 2568 ait
841 2515 1073 2583 spatium
1129 2519 1407 2584 temporis,
1456 2532 1566 2586 quo
1603 2519 1730 2572 urbs

165 2603 662 2669 Conslqntitmpolis
697 2611 825 2658 tunc
863 2605 1066 2658 Graecis
1111 2605 1313 2658 reddita
1343 2614 1642 2673 permansu
1676 2607 1755 2660 in'

167 2701 439 2761 potestate
458 2693 798 2756 Latinorum,
835 2695 998 2748 fuisse
1024 2711 1278 2747 ottnorum
1320 2697 1530 2746 circiter
1579 2698 1730 2762 quin-

166 2789 423 2854 quaginta
459 2787 642 2837 trium.
685 2785 875 2839 Verius
901 2787 1102 2854 quippe
1134 2786 1393 2854 (icotgius
1440 2785 1730 2852 Acmpuli-

171 2885 220 2928 ta
240 2915 256 2936 .
291 2891 453 2944 quem
487 2862 957 2942 tlescripsimusr'et
984 2885 1127 2928 recte
1166 2891 1476 2929 numerasse
1503 2880 1728 2930 demon-

165 2966 460 3018 stravimus
487 2968 723 3032 priorum
755 2964 1204 3018 Obscrwtlonum
1242 2965 1275 3016 Ι.
1307 2980 1389 3028 ιιι,
1421 2979 1470 3020 c.
1499 2967 1552 3032 4,
1586 2982 1640 3022 n.
1672 2968 1726 3031 5,

1835 1962 2017 2023 risque
2063 1974 2286 2014 suorum
2340 1961 2480 2014 fame
2525 1963 2828 2029 absumptis
2882 1963 3086 2015 dedens
3137 1978 3257 2016 sese
3317 1964 3386 2017 ad

1835 2045 2036 2101 liuiacu
2084 2051 2422 2115 perducitur,
2466 2061 2521 2104 et
2551 2048 2708 2115 jussu
2762 2050 2878 2116 ejus
2911 2047 3385 2106 interflcituron—

1831 2140 1950 2194 dem
1975 2150 2152 2193 autem
2180 2156 2321 2195 anno
2350 2140 2562 2209 Hegirte
2589 2140 2696 2193 658
2729 2181 2743 2202 ,
2778 2141 2868 2208 qui
2909 2155 3030 2194 cum
3062 2141 3328 2207 inceperit
3352 2157 3380 2196 a

1831 2230 1897 2283 i8
1933 2231 2238 2286 Decembris
2296 2233 2419 2284 anni
2462 2231 2663 2285 Christi
2702 2231 2834 2285 i259
2869 2231 3039 2299 usque
3071 2233 3123 2285 in
3161 2233 3383 2288 Decem-
3423 2297 3426 2301 ‘

1831 2319 1978 2371 brum
2019 2322 2148 2374 anni
2201 2321 2404 2375 Christi
2458 2319 2592 2374 ηδε)
2639 2321 2932 2382 excurrit,
2973 2319 3176 2375 liulacu
3220 2330 3386 2390 ponte

1832 2409 2090 2477 Euphrati
2142 2412 2395 2478 imposito
2422 2413 2637 2480 trajecit
2687 2411 2739 2465 in
2776 2410 2993 2480 Syriam
3021 2451 3037 2473 .
3063 2413 3270 2468 ducens
3297 2428 3383 2468 se-

1830 2513 1952 2552 cum
2014 2501 2384 2555 formidabilcs
2440 2502 2624 2569 copias
2684 2502 2915 2555 millium
2963 2505 3385 2569 quadringento-

1829 2603 1971 2652 rum,
1997 2592 2193 2654 quibus
2217 2588 2532 2643 Damascum
2557 2588 2739 2643 obiter
2765 2583 2944 2656 cepit:
2965 2589 3225 2644 Halebum
3258 2600 3383 2660 post

1830 2679 2038 2732 dierum
2077 2692 2372 2742 paucorum
2419 2677 2866 2746 oppugnationem
2904 2692 3024 2730 cum
3046 2680 3191 2732 (:de
3222 2682 3382 2740 inmte

1831 2766 2170 2819 merabilium
2201 2767 2670 2834 illicrepertorum
2710 2769 3061 2835 expugnavit.
3109 2769 3171 2822 Al
3210 2769 3381 2825 Naser

1830 2855 2022 2909 iialcbi
2051 2854 2301 2909 dominus
2330 2872 2453 2908 cum
2489 2856 2750 2909 uxoribus
2804 2868 2858 2908 et
2899 2856 3087 2910 liberis
3120 2858 3230 2920 jam
3257 2869 3383 2912 ante

1831 2943 2109 3013 profugus,
2150 2958 2340 3010 captus
2373 2945 2566 2998 deinde
2592 2953 2647 2999 et
2673 2946 2891 2999 occisus
2931 2957 3036 3000 est.
3072 2947 3183 3000 Sub
3212 2948 3324 3001 hanc
3347 2963 3378 3000 ι

164 3056 436 3109 dmentem
469 3073 498 3110 a
529 3056 737 3109 Latinis
766 3052 1288 3124 Constantinopolim
1321 3071 1414 3123 per
1439 3065 1605 3110 anuus
1635 3071 1727 3111 oc-

1836 3041 2122 3089 recedente
2152 3051 2182 3090 e
2210 3036 2362 3103 Syria
2399 3035 2601 3088 ilulacu
2640 3035 2864 3091 relictus
2921 3038 2986 3091 ab
3044 3052 3109 3090 eo
3146 3038 3250 3090 illic
3286 3039 3379 3104 qui

1837 3125 2121 3146 ___.-.=-,Ag__
2146 3137 2396 3146 om“--.
2430 3125 2547 3146 ρ-..
2572 3141 2662 3146 ,---
2728 3141 2838 3146 μμ-
3324 3143 3378 3146 η-

168 3156 218 3197 ιο
241 3163 405 3210 supra
439 3147 823 3215 quinquaginta
853 3146 1134 3197 aﬂlrmawt
1159 3186 1172 3208 ,
1204 3144 1366 3214 813
1394 3162 1511 3199 cum
1573 3149 1640 3200 ab
1661 3147 1730 3201 iis

166 3248 471 3304 expugnata
507 3237 670 3290 fuerit
693 3251 838 3289 anno
864 3235 1068 3290 Christi
1109 3234 1267 3300 1205,
1299 3237 1388 3290 die
1415 3237 1481 3289 l2
1512 3238 1729 3306 Aprilis,

165 3337 218 3379 et
245 3328 452 3379 Graecis
488 3328 694 3400 reddita
721 3342 862 3380 anno
891 3326 1090 3381 Christi
1127 3326 1284 3390 lﬂfil,
1317 3326 1404 3378 die
1431 3327 1498 3381 25
1530 3328 1731 3380 mensis

164 3417 311 3469 Julii.
350 3417 551 3470 Fraudi
576 3417 828 3470 nimirum
863 3417 1265 3485 Altulpltaragio
1299 3417 1418 3480 fuit,
1445 3418 1582 3484 quod
1617 3417 1730 3471 haec

168 3516 385 3567 cuncta,
417 3514 572 3571 prout
604 3503 763 3557 simul
801 3506 1068 3568 audierat,
1102 3520 1209 3557 uno
1245 3504 1388 3557 fasce
1444 3506 1494 3558 in
1528 3519 1728 3558 annum

167 3590 250 3647 sui
283 3595 541 3647 Cbronici
567 3595 780 3648 unicum
808 3596 1117 3661 Congessit;
1149 3609 1267 3662 quae
1296 3597 1338 3647 si
1370 3594 1728 3657 distinxisset,

166 3686 526 3752 perducturus
572 3683 745 3736 fuerat
777 3686 844 3738 ad
877 3701 1077 3736 annum
1136 3683 1341 3751 liegirze
1398 3683 1522 3748 659,
1575 3684 1730 3755 cujus

167 3771 420 3825 Kalendae
450 3772 774 3826 Mubarrami
807 3789 930 3826 cum
982 3775 1200 3826 inierint
1229 3789 1258 3826 a
1291 3773 1379 3827 die
1411 3783 1563 3829 sexta
1619 3776 1726 3830 lle-

1837 3125 2125 3200 provipcize
2146 3137 2398 3191 praeesset
2430 3125 2690 3200 Celbuga
2721 3141 2844 3180 cum
2907 3128 3091 3181 decem
3143 3128 3383 3182 millibus

1830 3196 2092 3278 equitum,
2131 3215 2314 3282 prmlio
2341 3215 2515 3267 victus
2542 3223 2596 3267 et
2642 3196 2960 3267 interfectus
2987 3225 3067 3268 est
3116 3230 3142 3266 a
3173 3214 3382 3268 Κιιιιιιο

1829 3303 1995 3373 814
2026 3302 2404 3357 Turcomauno
2437 3304 2685 3371 praefecto
2729 3301 2965 3373 Egypti.
3005 3303 3205 3358 Eodem
3237 3319 3381 3360 anno

1831 3392 2163 3447 Mttttkakaus
2187 3393 2334 3447 Kaan
2361 3408 2645 3463 supremus
2667 3393 2967 3468 imperator
2992 3393 3379 3462 Moguleusiutn

1832 3487 2017 3554 prmlio
2050 3487 2334 3540 adversum
2379 3499 2559 3551 regem
2581 3482 2832 3535 Siuarum
2855 3482 3207 3534 rebellantem
3232 3498 3382 3535 com-

1833 3577 2004 3630 misso
2040 3577 2236 3646 sagitta
2257 3576 2401 3634 ictus
2433 3572 2704 3628 occubuit.
2744 3573 2816 3625 De
2842 3571 3003 3639 hujus
3037 3573 3384 3626 successione

1831 3667 1969 3720 inter
2001 3666 2135 3720 duos
2160 3667 2278 3736 ejus
2335 3666 2534 3720 fratres
2563 3679 2658 3733 per
2679 3677 2852 3715 annos
2914 3661 3037 3714 inde
3081 3661 3378 3714 octodecim

1829 3767 2097 3812 certatum
2140 3765 2269 3818 est,
2331 3755 2714 3811 succumbente
2779 3751 3007 3820 denique
3058 3759 3111 3803 ct
3190 3750 3383 3803 cedere

166 3862 401 3916 cetnbris
423 3861 547 3914 anni
579 3861 779 3916 Christi
815 3862 972 3925 1260,
1022 3864 1211 3926 majori
1239 3863 1322 3916 sui
1351 3874 1503 3931 parte
1555 3878 1727 3918 annus

1832 3859 2018 3900 coacto
2052 3848 2316 3914 Arigbuga
2362 3855 2491 3898 natu
2544 3843 2753 3896 minore
2787 3880 2803 3904 ,
2859 3849 2914 3893 et
2954 3838 3146 3892 KubLi
3184 3848 3380 3905 praeter

167 3951 254 4005 ille
287 3953 548 4006 Arabicus
578 3968 698 4006 cnttt
752 3951 965 4014 Juliauo
1017 3952 1069 4007 itt
1124 3967 1232 4006 aera
1287 3962 1470 4008 nostra
1503 3952 1726 4030 _vulgari

170 4042 299 4098 1261
335 4044 628 4098 concurrit.

238 4135 304 4189 Χ.
372 4134 722 4201 Ignoscatuus
762 4141 942 4185 autem
975 4171 988 4195 ,
1022 4145 1224 4185 censeo
1249 4169 1266 4190 .
1321 4127 1725 4198 Abulpharagio

170 4226 378 4295 culpam
412 4224 569 4278 istaut
618 4224 1049 4292 qualemcunque
1081 4219 1432 4275 coniusorum
1480 4221 1534 4273 in
1560 4235 1724 4274 unum

171 4331 435 4367 attuorum
459 4323 711 4380 quatuor,
738 4327 899 4378 quam
934 4295 1154 4364 excuSat
1179 4310 1242 4363 in
1292 4308 1509 4363 homine
1549 4308 1728 4362 Arabe

173 4421 394 4474 peregre
449 4379 676 4471 degente
720 4403 806 4454 vix
853 4401 1129 4454 et‘itabilis
1161 4407 1164 4410 ’
1197 4399 1499 4468 ignorantia
1538 4413 1719 4453 rerum
1755 4400 1800 4455 D
1893 4383 1985 4439 Χία
2020 4383 2165 4452 Ετεο
2189 4383 2235 4436 is
2267 4390 2324 4434 υι
2356 4379 2610 4474 ﬁliifilii-lli

171 4497 479 4549 Griecarutn
517 4493 658 4546 haud
709 4507 804 4558 per
843 4506 900 4543 se
955 4505 1282 4558 magnopere
1336 4489 1626 4558 insignium
1668 4499 1724 4543 et

176 4587 304 4639 locis
344 4600 375 4637 a
427 4584 755 4637 commercio
807 4583 1049 4646 abruptis
1111 4586 1503 4633 transactarum
1532 4613 1554 4644 ,
1600 4593 1722 4632 cum

173 4677 474 4745 praesertim
515 4675 700 4728 eodem
737 4680 978 4738 tempore
1022 4679 1228 4722 mentes
1251 4669 1316 4721 ad
1368 4684 1428 4722 se
1479 4670 1720 4723 omnium

176 4785 266 4836 per
294 4768 611 4824 interiorem
651 4764 834 4816 Asiam
889 4767 1140 4826 raperent
1190 4758 1480 4835 prodigiosi
1538 4758 1722 4826 Mogu-

177 4860 336 4914 lcnsis
382 4857 595 4926 imperii
639 4856 740 4909 sub
792 4851 1051 4919 auspiciis
1091 4847 1300 4910 Httlﬂcu
1351 4850 1465 4902 sive
1512 4849 1719 4903 Chaiatt

177 4963 533 5020 progressus,
580 4962 682 5001 nec
714 4947 781 4998 iis
839 4945 1070 5011 spatium
1133 4939 1233 4992 alia
1295 4940 1450 5005 longe
1515 4941 1721 4993 minora

178 5042 485 5094 distinctius
538 5035 864 5090 observmtdi
916 5031 1301 5098 relinquerent.
1361 5027 1492 5079 Nam
1541 5028 1721 5080 statim

180 5142 296 5199 post
348 5145 556 5184 annum
603 5128 750 5179 illum
809 5124 1015 5193 liegira:
1064 5118 1206 5181 655,
1262 5131 1371 5184 quo
1435 5127 1726 5183 aegrotasse

182 5222 520 5275 Theodorum
555 5217 867 5271 Graecorum
920 5215 1301 5280 imperatorem
1367 5209 1529 5257 tradit
1560 5206 1726 5258 Abul-

185 5308 512 5380 pharagius,
552 5320 658 5357 non
694 5303 832 5355 male
897 5303 962 5352 ad
1024 5305 1261 5349 nostram
1321 5287 1723 5356 citronOIogiam

188 5415 327 5456 toruo
353 5397 526 5467 priori
558 5411 610 5448 c.
635 5394 824 5446 ultimo
849 5391 887 5444 l.
923 5405 980 5444 ιιι
1023 5382 1474 5442 Observationum
1523 5394 1727 5444 expau-

189 5508 296 5546 sam
352 5489 452 5545 etsi
505 5488 649 5538 enim
705 5482 813 5534 illic
849 5496 947 5532 nos
1000 5492 1140 5531 anno
1175 5472 1375 5528 Christi
1421 5469 1598 5532 1958,
1642 5484 1724 5522 re-

191 5585 479 5650 spondente
501 5589 643 5630 auno
668 5573 876 5641 ilegiruc
904 5557 1008 5625 65‘6
1029 5610 1044 5634 ,
1076 5571 1302 5637 primam
1341 5562 1509 5614 morbi
1545 5560 1724 5614 Theo-

193 5675 300 5730 dori
338 5672 661 5729 :ueutiouctu
692 5663 1054 5735 posuerimus,
1103 5660 1242 5726 quod
1298 5665 1421 5707 tunc
1473 5654 1726 5722 ingrave-

1832 3938 2009 3990 artatis
2058 3937 2467 4002 praerogativam
2527 3931 2905 3998 prtestantibus
2960 3931 3176 3993 quoque
3223 3940 3379 3978 com-

1831 4026 2082 4078 mendato
2129 4023 2342 4076 dotibus
2372 4059 2388 4084 ,
2444 4021 2611 4072 armis
2665 4020 2827 4071 ctiam
2868 4013 3210 4082 praevalente.
3258 4012 3382 4078 Quo

1828 4115 1971 4170 civili
2005 4124 2112 4167 tam
2138 4111 2282 4179 longi
2340 4107 2595 4175 temporis
2645 4105 2870 4158 dissidio
2924 4112 3076 4154 tanto
3121 4101 3379 4154 videlicet

1827 4206 2030 4258 certius
2075 4202 2427 4256 conﬁrmatus
2473 4207 2556 4252 est
2599 4192 2802 4248 Hulacu
2857 4195 2912 4246 in
2962 4192 3208 4245 absoluto
3264 4199 3375 4244 Ira-

1829 4306 2013 4350 ctttum
2041 4291 2427 4354 Occiduorum,
2455 4287 2654 4357 quibus
2682 4293 2927 4353 pracrat,
2954 4281 3201 4348 imperio.

2659 4376 2813 4430 clade
2851 4373 3111 4439 Cetbugze
3159 4368 3377 4440 Syriam

1832 4483 2205 4542 recuperaret,
2238 4484 2378 4524 anno
2432 4467 2640 4534 Hegira:
2667 4466 2794 4528 659,
2824 4464 2915 4532 qui
2949 4466 3114 4529 erepit
3143 4477 3172 4513 ει
3205 4461 3294 4514 die
3341 4458 3380 4511 Β

1830 4565 2142 4621 Decembris
2193 4563 2320 4615 anni
2373 4559 2570 4613 Christi
2623 4558 2762 4611 i260
2799 4594 2818 4621 ,
2883 4563 2934 4607 et
2983 4557 3383 4617 consequenter

1829 4655 2065 4712 excessit
2102 4656 2154 4706 in
2194 4662 2399 4719 partem
2457 4648 2741 4703 maximam
2791 4645 2916 4696 anni
2948 4641 3148 4696 Christi
3193 4638 3324 4692 1261
3357 4673 3380 4698 ς

1830 4751 2100 4818 ingentem
2131 4758 2347 4798 suorum
2379 4737 2672 4794 excrciltttu
2702 4750 2769 4788 eo
2803 4733 2949 4787 misit
2987 4733 3123 4784 dure
3142 4731 3376 4796 quodam

1831 4817 2118 4908 Gugalcio,
2154 4836 2244 4902 qui
2268 4839 2458 4884 cuncta
2488 4820 2660 4894 primo
2688 4823 2923 4875 adventu
2967 4818 3120 4871 facile
3165 4817 3380 4883 subegit

1832 4928 2095 4981 Halcbum
2132 4935 2335 4989 usque,
2360 4916 2605 4986 plurimis
2639 4912 2836 4980 passim
2879 4909 3251 4963 obsistentium
3278 4921 3378 4961 oc-

1836 5018 1985 5072 cisis.
2018 5014 2123 5067 Sed
2172 5027 2291 5063 cum
2322 5017 2658 5074 praepropere
2713 5000 2780 5054 ad
2834 5013 2964 5053 suos
3019 4996 3380 5061 revertisset,

1833 5104 2276 5178 supervenientes
2311 5095 2685 5173 Egyptiorum
2745 5104 2947 5154 magna:
2986 5090 3151 5157 copia:
3191 5086 3381 5157 Mogu-

1833 5197 2067 5252 lensibus
2098 5194 2272 5246 denuo
2311 5189 2518 5259 Syriam
2554 5185 2884 5250 eripuerunt.
2916 5178 3142 5234 interest
3188 5188 3375 5231 nostra

1834 5291 1922 5342 hic
1990 5286 2282 5340 observare
2364 5278 2524 5346 cujus
2594 5271 2852 5340 auspiciis
2910 5271 3022 5325 hare
3081 5280 3190 5322 tam
3247 5268 3380 5323 felix

1833 5379 2209 5449 Egyptiorum
2262 5367 2529 5437 expeditio
2560 5368 2631 5419 sit
2665 5371 2912 5429 suscepta
2941 5379 2954 5414 ε
2997 5361 3065 5414 de
3117 5362 3217 5413 hoc
3237 5357 3381 5412 enini

1835 5487 1939 5524 non
1975 5463 2336 5537 perfunctOrie
2370 5462 2482 5527 agit
2535 5466 2718 5510 noster
2779 5452 3139 5523 Pacbymeres
3166 5490 3181 5513 ,
3219 5451 3252 5501 I.
3275 5466 3331 5502 ι-ι
3361 5487 3382 5513 ,

1834 5575 1881 5614 c.
1911 5561 1970 5630 5,
1990 5559 2094 5610 iet
2123 5555 2155 5608 5
2189 5552 2313 5606 touti
2348 5549 2543 5620 prioris
2573 5586 2586 5608 ,
2621 5559 2706 5598 res
2733 5558 3032 5610 exsequens
3065 5557 3094 5593 a
3125 5537 3382 5592 Μιρὶιειι-έθ

1837 5633 2137 5717 ιιὶιιπυιοεο
2161 5654 2338 5714 gestas
2361 5641 2538 5697 statim
2565 5655 2593 5692 a
2622 5636 2847 5693 solemni
2879 5650 2977 5691 sua
3011 5633 3381 5694 coronatioar,
