4038 6332
779 287 880 349 9Ἷὸ
1669 284 1733 342 Ρ.
1767 280 2060 343 POSSINI
2084 274 2718 338 OBSERVATIONUM
2753 274 2895 335 LIB.
2932 271 3045 333 Πῐ.
3458 317 3466 325 .
3860 270 3942 340 373

780 400 1042 471 Deinceps
1065 399 1183 471 pari
1203 398 1472 454 evidentia
1494 394 2141 463 demonstrovvicesimam
2170 388 2335 462 D‘bul-
2362 393 2407 446 Α
2435 387 2516 439 sic
2569 386 2937 442 rerisitnilitcr
2989 384 3296 438 ordinanda:
3343 393 3489 448 sunt,
3544 395 3603 439 ut
3645 388 3793 457 prior
3834 390 3941 443 diu

782 490 928 545 "site
978 470 1117 546 diem
1174 491 1358 545 eodem
1407 488 1497 540 illo
1551 499 1690 544 anno
1745 482 1952 553 ilegira:
1997 482 2091 537 081
2132 480 2316 534 feriant
2389 470 2717 545 ‘Kitug‘ortai
2753 486 2927 545 coepta
2959 490 3124 543 verno
3180 483 3417 541 tempore
3458 474 3585 527 anni
3635 474 3842 546 Ilegira
3861 476 3942 532 879

781 588 1027 648 quartam
1054 593 1164 633 non
1210 577 1394 631 fuisse.
1428 574 1550 627 Fuit
1579 560 1669 628 ille
1709 587 1878 628 annus
1916 571 2176 625 Arabicus
2206 583 2319 621 em—
2422 567 2596 621 hieme
2642 568 2767 619 anni
2800 566 3035 632 ejusdem
3080 557 3418 618 terminctur.
3454 564 3642 619 Postea
3692 581 3815 622 vere
3844 570 3938 620 anui

785 669 1059 735 bolimcns
1080 683 1141 721 ac
1162 666 1551 735 consequenter
1572 665 1678 720 355
1698 665 1925 727 dierum,
1952 657 2319 716 echul-llaia
2422 657 2697 724 sequentis
2740 657 2946 725 Hegirac
2979 656 3104 718 680,
3142 652 3385 708 nuntiata
3415 669 3549 708 nova
3593 654 3846 724 Syrorum
3873 656 3944 727 tie-

786 760 988 812 mensis
1016 746 1130 823 ejus
1146 755 1364 809 ultimus
1386 754 1438 808 in
1470 755 1629 809 annis
1652 753 1940 807 ordinariis
1963 736 2148 811 cavus,
2175 749 2228 800 i'n
2257 760 2320 798 eo
2425 746 2654 799 lectione
2678 774 2714 810 ,κ
2744 761 2809 800 eo
2884 747 3074 815 ﬂunga
3141 745 3421 807 Timurus,
3466 742 3725 799 minimus
3778 744 3943 799 Abaka

785 848 976 917 plenus
1000 846 1118 910 fuit,
1148 844 1265 899 dies
1297 859 1590 900 numerans
1617 845 1863 914 triginta.
1890 839 2171 893 Tollantur
2194 837 2318 899 555,
2396 832 2621 897 .Iralt'l'.
2654 848 2775 887 cum
2847 836 3086 889 exercitu
3156 832 3538 902 Moguleusiutn
3591 832 3941 901 Quinqmgiuta

784 937 877 1005 qui
910 946 996 990 cst
1032 948 1290 989 numerus
1325 935 1534 990 dierum
1572 937 1695 988 anni
1735 933 1865 1003 licg.
1899 931 2024 996 081,
2059 932 2125 984 de
2154 929 2262 984 565
2291 943 2323 981 a

782 1026 871 1080 die
918 1025 989 1079 i2
1035 1025 1235 1094 Aprilis
1289 1026 1413 1079 anni
1460 1024 1663 1079 Christi
1700 1024 1835 1078 l282
1883 1019 2261 1089 incipientibus
2305 1032 2320 1071 :

786 1116 1008 1170 ultimus
1044 1116 1378 1170 residuorum
1428 1116 1584 1170 cadet
1636 1117 1690 1168 in
1739 1108 2076 1167 undecimum
2128 1110 2324 1177 Aprilis

787 1204 911 1276 anni
944 1203 1147 1260 Christi
1181 1203 1333 1258 1285.
1379 1203 1481 1259 ilic
1515 1213 1598 1258 est
1638 1193 1940 1256 tricesimus
1977 1196 2322 1262 Dhui-naiae;

785 1311 816 1351 a
856 1309 961 1365 quo
990 1295 1036 1351 si
1074 1306 1218 1350 retro
1253 1296 1436 1349 decem
1471 1294 1658 1347 diebus
1703 1304 2041 1359 promoreas,
2087 1288 2326 1342 invenies

788 1387 1101 1441 vicesimum
1130 1384 1369 1454 ejusdem
1402 1380 1721 1435 Dhul-iiaiae
1744 1382 1971 1449 primum
2006 1378 2200 1439 Martii,
2234 1378 2326 1445 qui

788 1476 905 1529 dies
946 1473 1094 1528 Jovis
1124 1482 1177 1525 ct
1205 1471 1391 1539 quinta
1427 1468 1579 1530 l‘eria,
1611 1480 1673 1518 eo
1701 1479 1843 1517 anno
1890 1464 2123 1517 litteram
2154 1461 2325 1514 domi-

789 1561 1013 1617 nicalem
1042 1559 1082 1613 C
1130 1560 1379 1620 habente,
1410 1555 1532 1615 fuit,
1572 1567 1679 1607 non
1719 1562 1920 1616 autem,
1954 1559 2013 1604 ut
2045 1552 2121 1605 ait
2169 1549 2331 1603 Abul-

788 1650 1101 1721 pharagius,
1129 1636 1243 1703 dies
1268 1644 1517 1701 Mercurii
1545 1645 1657 1699 sive
1680 1653 1869 1713 quarta
1900 1641 2049 1695 feria.

860 1823 994 1878 XIV.
1034 1822 1127 1878 liis
1152 1822 1317 1877 lector
1335 1822 1554 1876 adactus
1585 1820 1647 1873 ad
1681 1819 1955 1874 fatendum
1981 1818 2325 1871 characteres

788 1910 919 1969 istos
984 1914 1119 1967 duos
1178 1912 1605 1980 chronologicos,
1665 1910 1885 1963 Pascha:
1930 1907 2211 1961 incidentis
2270 1905 2323 1957 in

784 2018 1030 2057 mensem
1067 2000 1415 2057 Dhni-Haiam
1470 2011 1522 2055 et
1555 2001 1700 2055 feria:
1746 2005 1953 2067 quarta:
1991 1995 2327 2066 insignientis

787 2094 1102 2148 vicesimum
1146 2089 1463 2146 Dhul-llaia‘:
1498 2091 1657 2155 diem,
1695 2090 1917 2144 minime
1951 2086 2239 2143 convenire
2272 2087 2325 2139 in

768 2194 986 2249 annum
1044 2179 1252 2249 tlegirm
1304 2181 1429 2244 681,
1488 2190 1689 2248 quaeret
1720 2178 1857 2232 forte
1888 2193 2015 2231 num
2059 2178 2113 2230 in
2160 2176 2325 2229 alium

785 2269 1129 2323 conveniant.
1191 2268 1306 2321 Non
1359 2271 1516 2337 longe
1573 2268 1803 2321 abibitur
1848 2283 1863 2320 :
1917 2267 2328 2335 aio‘aptissime

788 2360 977 2412 ambos
1006 2356 1277 2425 quadrare
1312 2358 1362 2410 in
1418 2372 1616 2409 annum
1648 2357 1864 2424 ἀμέσως
1912 2356 2323 2422 przeccdentem',

789 2445 1035 2501 videlicet
1060 2443 1267 2513 Hegirae
1297 2444 1419 2498 080.
1447 2445 1543 2498 Hic
1567 2458 1741 2498 annus
1769 2442 1977 2497 initium
2007 2443 2161 2497 duxit
2182 2457 2212 2495 a
2242 2443 2327 2497 die

786 2535 858 2588 2‘2
886 2535 1083 2605 Aprilis
1117 2532 1314 2588 Iuliani
1345 2549 1489 2587 anno
1518 2532 1720 2588 Christi
1754 2532 1911 2597 1281,
1952 2533 2111 2585 desiit
2147 2542 2324 2585 autem

787 2626 877 2681 die
904 2624 1110 2680 decima
1152 2622 1388 2690 ejusdem
1420 2620 1620 2688 Aprilis
1667 2634 1807 2673 anno
1848 2620 2043 2673 Christi
2083 2618 2327 2687 sequenti

789 2714 953 2770 19.82.
980 2713 1102 2767 Fuit
1122 2710 1512 2767 annusChristi
1539 2710 1675 2763 1282
1698 2708 1898 2778 periodi
1922 2706 2322 2761 Juliauae'5995.

685 2825 688 2828 '
786 2804 1007 2874 Cyclnm
1031 2803 1166 2857 solis
1191 2796 1378 2856 habuit
1400 2796 1569 2855 Scum
1598 2800 1775 2853 littera
1806 2797 2115 2852 Dominit-ali
2148 2797 2209 2861 υ,
2237 2810 2326 2866 cy-

744 2906 747 2913 ’
788 2891 929 2943 clum
962 2902 1087 2943 vero
1116 2888 1255 2941 luna:
1280 2886 1367 2941 10.
1411 2886 1484 2940 Ex
1516 2888 1614 2942 his
1648 2894 1795 2956 patet
1826 2885 2030 2939 Pascha
2057 2882 2173 2949 ejus
2202 2884 2328 2937 anni

788 2994 1082 3051 occupasse
1106 2980 1246 3033 diem
1274 2976 1345 3032 29
1369 2978 1570 3032 mensis
1599 2975 1797 3029 Juliani
1830 2975 2025 3029 Martii.
2064 2976 2189 3027 Haec
2214 2973 2329 3026 dies

702 3058 717 3067 ’
788 3043 976 3126 deesse
1002 3084 1105 3123 non
1130 3069 1302 3138 potuit
1321 3068 1447 3134 quin
1476 3061 1679 3120 ambitu
1704 3065 1902 3119 mensis
1922 3064 2137 3117 Arabici
2166 3062 2328 3115 Dhul-
2354 3043 2398 3100 α

793 3163 942 3217 Haia
965 3160 1133 3231 819
1167 3162 1221 3214 in
1248 3174 1387 3213 anno
1415 3158 1621 3227 Hcgirze
1647 3155 1749 3211 680
1784 3156 2157 3218 clauderetur,
2194 3169 2328 3221 (μιοο

795 3252 940 3307 niam
982 3251 1031 3308 ia
1074 3265 1246 3306 annus
1292 3264 1321 3302 a
1374 3248 1446 3301 22
1499 3247 1695 3316 Apriiis
1739 3242 1868 3300 anni
1917 3245 2046 3300 Chr.
2080 3244 2207 3297 i28l
2252 3243 2333 3295 in-

791 3342 1020 3395 choatus
1046 3332 1219 3408 usque
1260 3338 1327 3391 ad
1384 3336 1450 3389 10
1499 3334 1829 3403 Aprilis-an.
1859 3333 1987 3387 Chr.
2040 3333 2175 3392 1282
2214 3346 2335 3399 pro-

796 3426 1030 3481 tenditur
1082 3442 1096 3478 :
1142 3424 1447 3490 Dhnl-llaia
1491 3422 1892 3476 vero-ultimus
1956 3422 2156 3475 mensis
2202 3422 2335 3474 anni

793 3518 1005 3574 Arabici
1062 3514 1251 3586 viginti
1310 3527 1496 3568 novem
1553 3504 1853 3580 postremos
1904 3510 2020 3578 ejus
2061 3510 2184 3562 anni
2218 3510 2335 3563 dies

794 3609 1054 3673 continet,
1083 3607 1171 3675 qui
1206 3620 1328 3661 cum
1379 3612 1524 3658 retro
1561 3603 1887 3655 nunierati-a
1940 3601 2007 3655 10
2032 3601 2234 3670 Apri|.s
2263 3599 2330 3655 ad

794 3699 868 3754 13
917 3695 1093 3752 Martii
1154 3695 1505 3765 perveniant,
1561 3693 1633 3748 ibi
1676 3692 1945 3765 defigunt
2001 3684 2370 3745 neomeniam'

758 3820 762 3823 -
794 3786 1134 3844 Dltui-ﬂaic.
1154 3784 1325 3841 Prior
1345 3784 1509 3854 igitur
1551 3786 1828 3839 character
1869 3782 2147 3836 manifeste
2184 3796 2335 3837 com-

791 3880 925 3951 petit
953 3895 1092 3935 anno
1116 3877 1324 3946 Hegirte
1349 3878 1473 3933 680.
1514 3877 1623 3932 Nec
1643 3876 1817 3931 minus
1849 3876 2124 3930 evidenter
2153 3886 2334 3943 poste-

794 3971 906 4022 rior
940 3963 1451 4032 eidcm’adaptatur.
1486 3963 1626 4017 Nam
1675 3964 1965 4018 vicesimus
2019 3977 2188 4016 nonus
2219 3963 2335 4017 dies

792 4055 994 4119 Alartii,
1025 4070 1183 4123 quem
1228 4053 1398 4109 fuisse
1438 4054 1594 4107 'dicm
1628 4050 1861 4107 Pascha:
1890 4049 2224 4125 ostendimus
2278 4044 2334 4105 in

792 4143 1160 4201 alno-Christi
1202 4143 1362 4207 1282,
1404 4141 1513 4196 fuit
1559 4142 1869 4196 necessario
1901 4143 2144 4194 decimus
2173 4141 2336 4209 septi-

793 4249 917 4291 tnus
946 4232 1258 4290 Dhuléﬂaia:
1293 4233 1494 4287 mensis
1539 4231 1750 4285 Arahici
1778 4270 1793 4295 ,
1822 4230 2086 4297 siquidem
2118 4230 2162 4282 is
2191 4228 2335 4281 ince-

764 4394 767 4395 ν
796 4324 899 4392 pit,
930 4323 1016 4395 [Ρ.
1047 4319 1172 4393 591]
1206 4330 1264 4376 ιιι
1293 4330 1375 4376 est
1415 4307 1633 4381 dictum,
1677 4322 1713 4374 a'
1735 4319 1819 4373 die
1850 4319 1916 4372 15
1945 4318 2138 4370 Martii.
2173 4320 2336 4371 Porro
2362 4356 2413 4414 υ

704 4448 707 4450 ›
795 4414 873 4491 ιὰ,
894 4414 1031 4468 diem
1055 4413 1136 4467 '99
1165 4411 1372 4479 Martii,
1426 4425 1542 4481 quae
1589 4409 1806 4464 Pascha:
1839 4408 2109 4463 Dominica
2141 4408 2260 4471 fuit,
2291 4410 2333 4461 si

795 4514 906 4559 tres
922 4502 1088 4557 ferias
1110 4502 1392 4573 adjungas,
1407 4502 1720 4565 secundam,
1750 4501 1959 4573 tertiam
1989 4507 2042 4552 et
2068 4506 2336 4565 quartam,

730 4592 737 4598 ’
797 4594 936 4649 hanc
984 4593 1224 4661 profecto
1274 4590 1516 4646 ultimam
1571 4592 1807 4645 residere
1858 4588 2225 4657 deprehendes
2280 4588 2333 4640 in

794 4684 1045 4738 Kalendis
1081 4682 1280 4753 Aprilis
1306 4679 1527 4745 iuliani,
1560 4681 1612 4734 iu
1664 4694 1796 4747 quas
1832 4680 2015 4733 incidit
2046 4678 2334 4731 vicesimus

707 4791 725 4813 κ
793 4774 911 4829 dies
958 4772 1175 4845 Arahici
1233 4769 1563 4826 Dhul-ﬂaiat.
1619 4768 1758 4839 Ergo
1819 4770 2107 4823 vicesimus
2170 4767 2335 4820 Dhul-

800 4864 944 4932 llaize
992 4877 1137 4918 anno
1185 4860 1397 4931 Πυθία
1446 4860 1551 4917 680
1609 4845 1708 4914 fuit
1757 4861 1869 4915 dies
1924 4858 2169 4912 Mercurii
2223 4858 2337 4910 sive

712 4994 720 5003 .
798 4963 985 5024 quarta
1036 4954 1198 5019 feria;
1249 4954 1343 5023 qui
1416 4963 1535 5007 erat
1605 4952 1875 5007 secundus
1923 4946 2336 5015 chronologin

798 5048 1077 5100 character
1121 5057 1355 5108 annum,
1389 5056 1496 5110 quo
1538 5050 1621 5094 est
1671 5038 1850 5092 Abaka
1895 5048 2171 5102 mortuus,
2204 5035 2337 5087 iusi-

798 5134 1010 5206 gniens.
1039 5132 1215 5198 Quare
1245 5134 1388 5186 hunc
1408 5133 1781 5199 imperatorem
1816 5125 2198 5206 Mogulensium
2233 5139 2336 5180 non

798 5203 942 5280 anno
973 5223 1176 5293 Ilcgirre
1204 5222 1368 5291 ,δεμ
1433 5231 1491 5275 ut
1536 5218 1813 5289 perperam
1858 5203 1913 5269 in
1959 5215 2337 5282 Abnlpbaragii

798 5314 1068 5370 Chronico
1116 5312 1411 5377 scribitur.
1458 5312 1551 5365 sed
1598 5307 1919 5377 pracedenti
1975 5303 2183 5371 ilcgirte
2238 5302 2340 5355 680

797 5409 984 5460 virere
1009 5420 1070 5459 ac
1098 5418 1323 5474 regnare
1350 5400 1887 5457 desiisse-tenentium
1928 5411 2025 5465 pro
2050 5405 2201 5448 certo
2235 5402 2336 5445 est.

702 5506 708 5517 '
803 5498 953 5551 Unde
986 5512 1099 5565 quzc
1129 5473 1369 5564 proxime
1397 5493 1751 5547 antecessisse
1798 5489 1905 5542 illic
1950 5473 2199 5539 dicuntur
2226 5485 2340 5551 ejus

798 5589 1005 5642 obitum
1035 5586 1395 5655 expeditiones
1447 5580 1835 5651 Mogulensium
1868 5580 1918 5634 in
1953 5578 2162 5645 Syriam
2199 5575 2341 5641 dum,

2422 922 2649 975 millium
2703 924 2963 988 moverit.
3008 924 3210 979 habens
3258 932 3512 992 praeterea
3544 934 3723 975 secum
3750 920 3943 976 sociales

2423 1014 2778 1066 Arnsenorum
2839 1014 3047 1081 copias,
3091 1028 3213 1082 rege
3251 1014 3368 1082 ipso
3401 1011 3664 1065 Armeniae
3696 1010 3941 1065 ductante.

2413 1100 2487 1154 'lli
2557 1098 2718 1156 simul
2764 1119 2953 1158 omnes
3012 1118 3131 1159 cum
3181 1104 3331 1174 Syris
3386 1112 3441 1157 et
3496 1100 3765 1173 Egyptiis
3810 1100 3944 1155 dubio

2425 1191 2595 1247 Marte
2619 1193 2757 1247 inter
2802 1192 3022 1248 Hamam
3055 1205 3116 1248 et
3132 1192 3412 1248 iiemesam
3438 1194 3815 1249 conﬂixerunt.
3840 1190 3945 1245 inde

2425 1280 2615 1348 Munga
2667 1282 2919 1336 Timurus
2966 1298 3026 1336 se
3073 1283 3141 1336 ad
3193 1281 3431 1336 Abakam
3473 1272 3735 1349 recipiens
3761 1294 3873 1333 cum
3902 1280 3943 1331 in

2428 1369 2858 1435 Mesopotamiam
2888 1371 3244 1439 pervenisset,
3270 1371 3343 1425 ibi
3368 1386 3433 1426 ex
3467 1386 3672 1425 veneno
3704 1386 3797 1439 per
3821 1366 3947 1442 irae-

2429 1458 2551 1511 dem
2576 1459 2867 1527 propinate
2917 1460 2969 1511 in
2999 1459 3192 1514 itinere
3220 1475 3417 1514 versus
3446 1460 3653 1515 Nisibin
3676 1461 3945 1515 exstinctus

2424 1559 2531 1611 est,
2560 1547 2893 1606 _eorumdem
2948 1547 3203 1603 videlicet
3244 1551 3454 1603 insidiis
3496 1553 3590 1618 qui
3648 1568 3751 1605 non
3802 1550 3949 1604 multo

2426 1649 2547 1706 post
2573 1638 2810 1699 Abakam
2841 1640 3015 1705 ipsum
3058 1642 3174 1708 pari
3226 1642 3429 1695 scelere
3484 1657 3549 1696 ac
3579 1642 3699 1697 dolo
3727 1652 3947 1709 pereme-

2362 1727 2407 1781 B
2437 1740 2557 1782 runt
2591 1748 2604 1782 :
2644 1745 2765 1783 nam
2798 1729 3018 1784 eﬂectus
3048 1737 3155 1784 tam
3182 1730 3379 1798 gemini
3420 1740 3566 1785 recte
3599 1733 3687 1785 uni
3713 1741 3768 1785 et
3796 1730 3947 1785 eidem

2429 1819 2761 1889 itnputentur
2792 1834 2990 1882 causa},
3020 1818 3144 1873 odio
3184 1822 3537 1887 quorumdam
3570 1822 3945 1889 conjuratorutn

2430 1906 2483 1960 iu
2538 1907 2733 1967 Aliam
2775 1909 3013 1963 domum.
3060 1908 3132 1962 At
3176 1911 3241 1964 de
3292 1911 3376 1966 bis
3441 1924 3539 1980 pro
3582 1912 3819 1967 instituto
3846 1910 3948 1980 plus

2430 1999 2585 2054 satis.

2522 2175 2637 2231 XV.
2696 2177 2890 2231 Abakte
2957 2189 3169 2234 mortuo
3223 2182 3483 2236 successit
3535 2168 3653 2250 ejus
3694 2181 3947 2237 insidiator

2431 2267 2698 2321 Ahmedes
2728 2277 2781 2321 et
2826 2268 2938 2336 ipse
2979 2269 3117 2322 lilius
3147 2268 3373 2335 iiulacn,‘
3416 2271 3506 2323 sed
3537 2271 3641 2325 alia
3675 2280 3839 2327 matre
3864 2286 3947 2324 na-

2434 2366 2536 2420 tus,
2583 2372 2645 2411 ex
2670 2373 2787 2426 qua
2846 2367 3200 2427 praterquam
3251 2360 3589 2426 novercalem.
3638 2359 3697 2414 in
3736 2359 3947 2424 Abahta

2430 2448 2664 2500 animum
2695 2448 2910 2501 trahere
2931 2448 3126 2514 potuit,
3159 2448 3319 2502 etiam
3352 2448 3638 2504 instinctus
3664 2449 3867 2503 videtur
3893 2448 3947 2501 ad

2431 2527 2673 2587 eumdem
2712 2533 2947 2588 Abaitatn
2984 2537 3311 2603 perdendum
3369 2537 3493 2590 odio
3544 2538 3951 2592 Christianam-

2431 2623 2664 2689 ligionis,
2694 2622 2847 2691 cujus
2875 2622 3135 2676 cultorem
3177 2621 3341 2677 fuisse
3384 2621 3623 2677 Ahalam
3654 2624 3798 2679 clare
3825 2624 3946 2678 adir-

2434 2720 2543 2763 mat
2596 2711 3045 2777 Abulpharagius,
3079 2712 3202 2762 dum
3252 2725 3373 2763 eum
3425 2710 3729 2766 celebrasse
3774 2713 3950 2766 festam

2433 2803 2646 2856 Pascha!
2680 2817 2784 2854 una
2818 2786 2941 2856 cum
2971 2800 3297 2877 Christianis
3328 2803 3539 2858 scribit.
3584 2803 3750 2873 liujus
3773 2805 3949 2859 Abute-

2432 2892 2514 2949 dis
2568 2900 2686 2944 acta
2736 2891 3069 2959 principatus
3126 2893 3304 2945 omnia
3351 2894 3662 2964 rediguntur
3711 2895 3761 2947 in
3810 2907 3951 2948 unaet

2433 2979 2695 3049 prolixam
2726 2980 3004 3047 epistolam
3051 2981 3107 3032 in
3146 2985 3664 3039 commendationem
3718 2984 3951 3041 Aieoraei

2433 3077 2487 3123 et
2528 3068 2926 3136 superstitionis
2967 3066 3332 3125 Alabomctieae
3363 3072 3427 3125 ad
3457 3074 3724 3130 aultancm
3754 3074 3952 3145 Egypti

2434 3159 2685 3225 scriptam
2710 3197 2723 3220 ,
2786 3172 2946 3225 quam
2987 3158 3443 3230 Abulpbaragius-
3464 3165 3678 3227 recitat,
3720 3164 3954 3218 contineo

2435 3243 2681 3299 referens
2715 3245 3078 3312 indulgentem
3108 3248 3398 3302 Abtnedem
3424 3250 3622 3305 dudum
3654 3250 3816 3321 διο
3841 3266 3953 3306 cott-

2436 3345 2589 3404 cepto
2634 3337 2687 3389 in
2725 3334 2920 3389 Abakm
2977 3335 3234 3392 familiam
3290 3337 3482 3403 furori,
3538 3342 3663 3395 dum
3707 3342 3952 3412 Argntum

2436 3424 2634 3478 Ain-ita:
2682 3425 2845 3479 tilium
2880 3425 3065 3479 studet
3103 3428 3427 3495 apprimere,
3480 3432 3546 3482 ab
3578 3444 3643 3486 eo
3695 3440 3750 3486 et
3784 3433 3833 3485 ei
3858 3439 3953 3485 stu-

2438 3516 2682 3569 dentibus
2732 3514 2900 3569 l'uisse
2937 3506 3385 3577 campreheusutn
3408 3528 3463 3571 ct
3492 3509 3748 3575 custodiat
3777 3519 3955 3574 manci-

2437 3613 2615 3671 patum
2642 3604 2730 3657 die
2774 3589 3023 3657 Mercurii
3048 3604 3257 3658 Jomatli
3288 3607 3485 3674 prioris
3514 3610 3818 3674 undecimo,
3842 3606 3952 3664 anni

2438 3693 2648 3763 llegirae
2699 3693 2826 3757 683,
2882 3696 2975 3763 qui
3028 3695 3232 3763 incepit
3285 3709 3315 3748 a
3373 3697 3459 3769 die
3498 3695 3569 3751 ΞΟ
3623 3697 3797 3751 Martii
3833 3710 3954 3750 anno

2434 3783 2637 3838 Christi
2689 3783 2845 3836 1284.
2893 3784 2989 3838 Est
3061 3784 3268 3840 Jomadi
3323 3786 3472 3854 prior
3520 3787 3741 3856 quintus
3784 3785 3953 3841 ordine

2438 3873 2635 3928 mensis
2668 3873 2719 3926 in
2746 3888 2883 3927 anno
2907 3872 3171 3939 Arabico;
3204 3875 3354 3942 cujus
3386 3875 3641 3928 Kalends
3669 3891 3698 3927 a
3735 3874 3805 3929 20
3831 3874 3952 3927 Iar-

2436 3965 2491 4017 tii
2529 3972 2818 4017 numeratae
2871 3964 3113 4019 incidunt
3178 3964 3229 4018 in
3290 3965 3555 4019 decimum
3594 3982 3802 4021 sextum
3844 3964 3951 4021 Julii

2438 4055 2554 4121 ejus
2611 4051 2808 4106 Christi
2862 4054 2986 4105 anni
3022 4051 3166 4107 1284
3214 4053 3505 4108 bissextilis
3533 4094 3548 4120 ,
3586 4055 3739 4124 cujus
3780 4056 3964 4127 cycius-

2436 4144 2567 4197 solis
2594 4140 2693 4194 fuit
2720 4141 2753 4194 5
2778 4150 2830 4193 et
2861 4141 3037 4195 littera
3091 4142 3442 4198 Dominiealis
3479 4144 3520 4197 li
3555 4149 3620 4211 A,
3655 4148 3795 4201 unde
3832 4153 3954 4216 patet

2438 4232 2776 4293 undecimum
2807 4229 3013 4285 Jomadi
3036 4233 3237 4301 prioris
3262 4248 3447 4287 revera
3479 4234 3644 4289 fuisse
3672 4238 3806 4288 diem
3836 4235 3953 4289 Aler-

2438 4322 2572 4374 curii
2604 4336 2620 4374 :
2653 4321 2772 4374 talis
2805 4320 2946 4373 enim
2988 4319 3095 4373 fuit
3124 4320 3257 4373 feria
3286 4321 3357 4374 26
3386 4323 3503 4375 dies
3542 4321 3690 4389 Julii,
3723 4341 3843 4377 cum
3873 4338 3955 4375 un-

2437 4411 2645 4463 decimo
2684 4410 2769 4463 die
2798 4408 3007 4462 Jomadi
3043 4408 3239 4477 prioris
3280 4412 3609 4466 coincitlens.
3640 4409 3758 4466 lam
3805 4422 3905 4465 tum
3928 4426 3951 4462 a

2437 4498 2618 4551 clauso
2648 4500 2701 4549 in
2727 4510 2947 4550 carcere
2978 4496 3216 4550 Ahtuede
3245 4500 3408 4565 coepit
3429 4498 3817 4566 Mogulcnsium
3842 4514 3952 4552 con-

2435 4590 2621 4640 sensu
2667 4586 2933 4655 imperare
2983 4590 3160 4654 Argun
3203 4586 3358 4641 titulo
3406 4588 3605 4646 Chanis
3664 4600 3952 4660 assumpto;

2438 4692 2559 4729 nam
2619 4676 2875 4744 deinceps
2930 4673 3287 4743 Arguta-Clio»
3330 4684 3431 4731 ,ρει
3481 4676 3677 4733 dictus.
3737 4677 3955 4742 Meminit

2439 4764 2596 4831 hujus
2628 4762 2992 4833 Pachymcrcs
3028 4780 3080 4831 p.
3116 4765 3231 4817 327
3270 4766 3518 4833 Arganen
3556 4766 3728 4821 Kauin
3765 4783 3953 4823 vocans.

2437 4854 2775 4905 Censnerunt
2830 4865 3009 4909 autem
3050 4849 3320 4922 principes
3360 4856 3678 4921 Abtnetletn,
3729 4865 3790 4911 ut
3822 4859 3955 4911 cedis

2437 4941 3103 5006 Abachm-Cbanisrcum,
3152 4944 3271 5009 jure
3320 4958 3480 5011 posse
3528 4946 3791 5013 interﬁci;
3823 4948 3956 5016 idque

2438 5045 2684 5089 auctores
2718 5036 2817 5105 ipsi
2865 5035 3085 5102 jubcndi
3121 5047 3297 5091 erant.
3339 5039 3534 5093 Verum
3583 5040 3668 5096 ille
3698 5021 3954 5099 recusarit,

2437 5126 2567 5177 satis
2606 5126 2806 5177 habens
2854 5109 3150 5177 Aluuedem
3181 5125 3364 5191 {matri
3412 5125 3708 5196 Kungortai
3740 5141 3798 5184 et
3827 5130 3955 5195 hujus

2442 5214 2566 5266 liliis
2596 5212 2814 5277 dedere,
2862 5214 2952 5281 qui
2988 5228 3108 5267 eum
3144 5199 3460 5269 oceidérunt
3506 5216 3558 5270 in
3593 5218 3852 5273 ultionem
3878 5232 3956 5286 pa-

2442 5316 2606 5357 terna:
2636 5304 2796 5356 cedis
2824 5304 2910 5357 die
2934 5303 2970 5355 2
3000 5302 3216 5358 Joutadi
3260 5306 3597 5373 posterioris,
3626 5324 3749 5375 quae
3778 5311 3880 5363 dies
3912 5310 3952 5359 iu

2440 5394 2626 5446 lcriam
2659 5393 2783 5445 item
2816 5404 3060 5461 quartam
3094 5395 3302 5457 incidit,
3341 5404 3395 5448 ut
3430 5396 3524 5449 ait.
3554 5398 3953 5467 Abulpharagins

2440 5492 2492 5536 et
2522 5498 2703 5536 verum
2760 5484 3030 5550 cernitur,
3065 5483 3328 5552 siquidem
3385 5484 3596 5541 Jomadi
3648 5468 3950 5559 posterioris.

2440 5578 2574 5631 sexti
2606 5576 2802 5632 mensis
2847 5575 3102 5643 Arabum.
3154 5578 3270 5635 dies
3316 5579 3585 5635 secundus
3620 5578 3672 5633 in
3726 5578 3860 5636 diem
3903 5593 3950 5621 τε
