4038 6332
729 393 835 459 833

1565 394 1631 458 P.
1664 393 1963 458 POSSlNl
2002 358 2647 457 onSenvmoxua
2694 396 2837 456 us.
2872 394 2991 455 Ill.
3411 432 3414 434 ν
3822 393 3908 457 sat

730 497 836 587 qua
881 522 915 563 e
938 506 1154 578 populo,
1188 506 1278 578 qui
1307 518 1478 587 novas
1512 504 1637 559 alibi
1670 518 1911 575 quterere
1958 506 2111 560 sedes
2146 506 2274 559 mal-
2305 510 2354 567 Α
2380 511 2528 562 dere.
2560 508 2847 576 timuitque
2876 506 2943 561 ad
2974 506 3024 561 id
3053 506 3322 562 adhibitos
3350 521 3379 561 a
3400 469 3730 579 ~llyzantinis
3757 508 3916 577 Angu-

732 598 848 654 lent
896 613 1057 664 quam
1106 598 1161 652 in
1211 598 1380 667 patria
1430 594 1657 657 servire,
1710 596 1763 649 in
1792 595 1973 649 Asiam
2015 595 2274 649 minorem

740 687 843 739 iter
889 685 1141 761 intendit.
1170 684 1283 748 Sed,
1305 688 1431 741 dum
1496 685 1704 738 incerto
1760 686 1898 738 vado
1948 683 2276 752 Euphratem

737 775 953 854 trajicit,
980 779 1134 851 aquis
1163 778 1354 832 hausto
1380 776 1621 831 Soliman
1653 774 1854 840 Sbabo,
1900 791 1933 830 e
1975 775 2145 831 tribus
2184 772 2278 842 qui

734 865 851 943 ejus
878 865 1053 935 fugam
1086 857 1476 943 comitabantur
1502 867 1625 921 tiliis
1654 867 1759 920 duo
1789 860 2016 934 priores,
2070 862 2281 918 Saultur

721 937 898 1030 'Z'eng'j
925 948 979 1007 et
1003 937 1118 1008 Cun
1148 950 1339 1021 'l'ugdi,
1372 954 1647 1017 redierunt
1677 955 1729 1007 in
1762 953 2057 1014 Persidem,
2088 953 2280 1005 tertius

658 1042 660 1045 ’
733 1030 1046 1122 Ortogrtiles
1088 1043 1281 1097 ibidem
1335 1042 1401 1097 ad
1429 1044 1569 1112 ripas
1623 1042 1906 1111 Euphratis
1952 1040 2278 1095 domicilium

736 1114 875 1197 fixit,
899 1114 1123 1202 illicque'
1150 1134 1241 1187 diu
1274 1120 1507 1211 moratus
1537 1141 1647 1201 tres
1676 1132 1923 1187 educavit
1953 1132 2110 1197 filios,
2140 1132 2281 1185 Con-

734 1226 949 1298 dozum,
977 1214 1403 1279 Saruhanum~et
1426 1224 1772 1277 0thmanem.
1798 1222 2009 1278 Verum
2032 1236 2151 1274 cum
2185 1235 2282 1274 an-

732 1308 887 1391 gusto
918 1297 1358 1391 inaommotlcque
1384 1312 1717 1374 habitarent,
1765 1310 2045 1366 Sarubano
2075 1310 2185 1363 tilio
2212 1310 2280 1365 ad

699 1461 705 1468 _
732 1387 1017 1473 Aladiuum
1051 1387 1213 1457 lconii
1238 1414 1508 1471 satrapam
1528 1403 1704 1471 legato
1740 1402 1903 1475 misso
1936 1401 2158 1471 supplex
2190 1414 2281 1469 pe-

734 1490 818 1543 tiit
856 1488 1023 1573 ab’eo'
1044 1490 1307 1559 assignari
1338 1492 1439 1546 sibi
1465 1492 1645 1546 locum
1682 1491 1780 1551 ubi
1823 1502 1942 1545 cum
1976 1490 2155 1543 liberis
2183 1490 2277 1544 de-

731 1589 877 1649 geret
913 1577 983 1657 in
1011 1582 1168 1635 terris
1216 1581 1385 1648 ipsius
1429 1580 1668 1635 ditionis.
1702 1580 1903 1635 Annuit
1943 1590 2177 1647 satrapa,
2226 1588 2280 1635 et

646 1667 652 1672 ’
733 1664 1003 1738 Ortogruli
1048 1669 1294 1737 permisit
1341 1678 1398 1723 ut
1430 1684 1551 1724 cum
1593 1669 1707 1724 suis
1730 1670 1990 1737 ‘migraret
2021 1672 2073 1722 in
2108 1670 2281 1738 regio-

729 1752 853 1815 nem
884 1759 1043 1812 sitam
1093 1751 1229 1813 inter
1274 1768 1479 1813 montes
1546 1754 1849 1825 Tumalagii
1904 1766 1957 1812 et
1991 1758 2273 1812 Armenize.

734 1835 1054 1917 Karai'rptag
1087 1851 1135 1903 ei
1186 1849 1303 1903 loco
1342 1863 1538 1903 nomen
1565 1846 1690 1913 fuit,
1745 1861 1908 1917 quem
1951 1847 2279 1915 inseditOr-

2382 601 2478 654 stis
2505 610 2720 654 exteros
2749 598 2983 667 probata:
3012 599 3225 652 virtutis
3250 609 3306 653 et
3331 598 3686 668 experientiae
3714 600 3914 652 bellum.

2381 706 2498 746 rum
2534 706 2761 758 rerum;
2804 705 3034 759 quorum
3078 691 3278 743 multos
3317 689 3445 752 illic,
3492 705 3600 758 qua
3643 688 3832 757 spoliis
3866 702 3915 742 ex

2380 782 2536 836 hoste
2567 781 2768 850 raptis,
2804 796 2906 850 qua
2936 777 3285 849 pensionibus
3307 792 3436 843 eum
3468 776 3572 832 llde
3603 779 3912 835 numeratis.

2378 887 2484 940 qua
2513 873 2778 928 fructibus
2804 871 3055 926 datorum
3087 869 3221 939 ipsis
3253 884 3526 938 agrorum,
3557 884 3783 937 magnas
3808 868 3914 921 ade-

2379 974 2501 1033 ptos
2538 962 2755 1016 divitias
2790 963 2897 1023 ait,
2935 961 3079 1015 unde
3112 969 3264 1013 tanto
3298 958 3913 1014 terribiliorethostibus

2379 1053 2603 1117 fierent,
2640 1068 2704 1107 ac
2740 1052 2938 1106 fortius
2971 1058 3376 1121 propugnarent
3409 1035 3684 1103 Romanas
3717 1048 3912 1116 proris-

2378 1139 2509 1202 cias,
2544 1139 2790 1195 barbaria
2834 1138 3022 1207 procul
3055 1139 3195 1192 intra
3232 1138 3469 1206 ipsorum
3506 1145 3680 1191 terras
3709 1137 3791 1194 vel
3824 1146 3913 1189 ter-

2379 1245 2501 1284 rore
2529 1229 2896 1294 continendis,
2928 1230 3013 1284 vel
3043 1229 3093 1283 vi
3126 1229 3421 1295 armisque,
3452 1227 3495 1280 si
3526 1242 3812 1295 erumpere
3834 1242 3910 1281 ro-

2379 1319 2663 1383 narentur,
2708 1318 3072 1393 retrudeudis.
3118 1318 3237 1392 Non
3280 1318 3490 1371 videtur
3538 1317 3761 1371 dubium
3808 1318 3916 1386 quin

2380 1421 2477 1476 par
2510 1407 2565 1461 in
2603 1410 2935 1463 contrarium
2970 1423 3099 1463 cura
3139 1393 3302 1462 fuerit
3337 1409 3663 1463 infestorum
3701 1405 3916 1459 Romano

2380 1499 2587 1552 nomini
2619 1508 2676 1554 et
2705 1499 3025 1554 Christianae
3061 1499 3313 1569 religioni
3352 1499 3755 1554 Saracenorum
3785 1498 3917 1563 prin-

2377 1588 2560 1656 cipum
2584 1628 2599 1651 ,
2634 1599 2727 1642 aut
2757 1587 3038 1643 Persidem
3072 1596 3168 1641 aut
3199 1588 3407 1643 vicinas
3440 1589 3490 1642 ei
3528 1586 3681 1641 limiti
3718 1585 3916 1656 provin-

2380 1678 2494 1732 cias
2526 1677 2627 1732 sub
2661 1692 2758 1731 sua
2786 1679 2992 1733 ditione
3026 1677 3369 1743 habentium;
3410 1678 3552 1733 inter
3584 1691 3721 1746 quos
3753 1676 3918 1729 Aladi-

2383 1782 2483 1820 nus
2513 1766 2612 1820 fuit
2640 1766 2862 1837 dynasta
2893 1768 3077 1823 sedem
3110 1766 3320 1835 imperii
3355 1766 3564 1821 habens
3590 1766 3754 1822 leonii
3775 1806 3789 1827 ,
3817 1780 3921 1833 qua:

2382 1866 2466 1910 est
2494 1856 2934 1926 urbs'Lycaonia:
2960 1854 3239 1927 primaria.
3270 1855 3450 1921 Quare
3478 1870 3601 1908 cum
3634 1854 3776 1923 apud
3804 1856 3919 1906 Ara-

733 1939 968 2009 togrules
1021 1950 1169 1992 tanto
1212 1952 1438 1992 numero
1503 1952 1724 1993 suorum
1769 1947 1825 1991 ut
1891 1930 2276 2005 quadringenta

2380 1946 2477 1999 bas
2513 1946 2797 2000 historicos
2814 1946 3047 2017 legimus
3082 1954 3363 1999 evocatum
3398 1944 3467 1999 ab
3502 1946 3608 1997 hoc
3636 1958 3702 1997 ex
3738 1940 3921 1995 Trans-

733 2029 964 2082 tentoria
996 2029 1107 2082 illic
1137 2028 1238 2082 fixa
1269 2028 1571 2097 explerent.
1633 2027 1765 2103 Rem
1793 2027 1865 2081 ibi
1892 2037 2111 2081 strenue
2144 2026 2279 2093 mul-
2380 2034 2723 2101 euphratcnsi
2770 2034 2994 2104 regione
3064 2032 3406 2099 οηοει-υιεηι
3468 2018 3591 2087 eum
3643 2031 3922 2085 familia.“

734 2120 804 2173 tis
849 2121 1028 2182 antiis,
1066 2120 1290 2174 limitem
1327 2128 1509 2173 tutans
1545 2129 1600 2174 et
1621 2114 2113 2186 auspiciisAladini
2135 2118 2283 2185 prin-
2380 2122 2524 2177 inter
2558 2120 2769 2178 montes
2796 2121 3101 2193 Tumulagii
3133 2133 3187 2177 et
3215 2122 3506 2185 Armeniae,
3539 2123 3593 2175 in
3630 2123 3748 2176 loco
3778 2119 3919 2189 cuius

730 2206 1202 2277 eipis'lconieosis
1230 2209 1457 2263 feliciter
1499 2210 1756 2271 militans,
1810 2204 2122 2279 Ortogrules
2158 2223 2281 2278 ges-
2378 2214 2478 2283 ipsi
2512 2214 2844 2283 toparchiam
2866 2216 3231 2277 concesserit,
3260 2214 3607 2275 collocatum,
3638 2212 3921 2282 intelligere

731 2298 823 2359 sit.
869 2298 1043 2366 magni
1090 2298 1158 2349 ob
1198 2298 1299 2351 hoc
1351 2298 1549 2352 abillo
1592 2298 1807 2353 habitus
1858 2305 1914 2352 et
1947 2298 2280 2354 desideratus
2379 2306 2641 2359 debemus
2668 2303 2808 2356 illam
2841 2301 3282 2372 Karaiaptagam,
3310 2304 3586 2372 regionem
3617 2301 3917 2356 attributam

730 2387 892 2478 927
954 2402 1075 2478 eum
1130 2386 1237 2478 fato
1290 2387 1502 2478 functus
1541 2396 1646 2452 est,
1683 2387 2105 2478 quodeoutigit
2137 2401 2281 2442 anno
2375 2397 2543 2471 328
2569 2396 2839 2467 Ortogruli
2869 2396 2938 2450 ab
2967 2396 3212 2460 Aladino,
3243 2395 3410 2453 fuisse
3438 2395 3709 2449 eontlnem
3743 2393 3921 2447 Roma-

731 2475 938 2546 Be‘girte
970 2477 1120 2541 687,
1167 2475 1255 2547 qui
1310 2476 1469 2545 coepit
1499 2491 1527 2529 a
1593 2478 1679 2531 die
1724 2477 1762 2551 Δ6
1806 2476 2079 2532 Februarii
2133 2490 2276 2531 anno

2378 2490 2465 2544 nis
2504 2489 2607 2543 illis
2645 2488 2807 2543 modo
2844 2486 3159 2542 memoratis
3194 2487 3448 2552 arcibus;
3486 2495 3542 2540 et
3582 2486 3787 2540 militia:
3825 2486 3922 2538 illic

731 2567 930 2621 Christi
959 2568 1115 2623 l288.
1156 2567 1338 2621 Haeres
1366 2563 1663 2633 Ortogrulis
1725 2566 1959 2631 Otbman
2025 2566 2145 2631 fuit,
2190 2564 2276 2620 cui

2377 2580 2579 2636 dudum
2606 2583 2912 2636 constitutae
2935 2580 3149 2648 lateque
3175 2577 3531 2634 formidandae
3556 2577 3919 2647 stipendiario-

733 2668 792 2713 ιιι
820 2659 872 2713 in
905 2658 1247 2728 Karaiaptagi
1266 2658 1570 2727 principatu
1608 2656 1741 2725 patri
1770 2659 2079 2710 succederet
2112 2669 2276 2723 prono

2376 2687 2495 2725 rum
2527 2657 2833 2725 exterorum
2862 2668 3119 2725 Romanis
3147 2669 3406 2739 Augustis
3434 2668 3804 2732 militantium,
3834 2682 3920 2731 op-

732 2749 916 2804 farore
946 2748 1204 2803 Aladintts
1241 2748 1486 2813 indulsit,
1521 2758 1574 2801 et
1607 2763 1751 2813 eum,
1783 2746 1957 2815 quoad
2005 2746 2119 2812 ipse
2153 2760 2276 2813 per-

676 2893 681 2899 ,
732 2841 870 2896 stitit
907 2842 959 2892 in
1006 2840 1261 2907 potentia,
1304 2838 1577 2893 beneficiis
1629 2837 1784 2892 fovit.
1820 2836 2023 2911 Verum
2050 2835 2278 2889 Aladino

730 2938 787 2984 et
815 2930 971 2982 annis
1021 2930 1130 2997 jam
1188 2928 1359 2982 fracto
1383 2937 1440 2982 et
1472 2928 1665 2995 opibus
1721 2927 2008 2991 diminuto,
2068 2934 2127 2980 ut
2163 2923 2275 2995 jam

732 3020 964 3089 amplius
1008 3019 1172 3072 armis
1203 3018 1584 3087 Mugulcnsiutn
1629 3016 1729 3071 sub
1787 3016 1987 3070 Chalau
2020 3018 2273 3085 etApaga

731 3111 793 3165 in
821 3110 939 3164 istis
963 3108 1203 3176 partibus
1230 3106 1632 3176 praevalentium
1678 3121 1740 3159 ac
1776 3098 1964 3158 cuncta
1993 3104 2278 3173 subiugan-

2379 2762 2606 2830 positam
2639 2775 2669 2814 a
2699 2760 2909 2814 sultane
2936 2758 3163 2814 Aladino
3196 2758 3355 2813 istam
3387 2759 3668 2813 cohortem
3702 2772 3921 2826 sequen-

2378 2854 2513 2906 tium
2532 2853 2804 2930 fbrtunam
2820 2849 3125 2920 Ortogrulis
3142 2863 3366 2919 peregre
3382 2848 3590 2918 appulsi
3611 2847 3919 2905 Tureorum.

2378 2944 2466 3012 qui
2480 2940 2987 3013 quadringentaillic
3002 2940 3347 2995 tabernacula
3359 2938 3919 3008 eomplerent.0uodsi

2379 3044 2589 3104 tempus
2632 3033 2946 3102 indagemus
2990 3046 3099 3099 quo
3142 3023 3404 3100 migrasse
3445 3026 3852 3097 Karaiaptagam
3892 3040 3919 3079 α

2379 3122 2494 3189 ripa
2524 3120 2810 3189 Euphratis
2836 3119 3093 3173 ulteriore
3118 3116 3421 3188 Ortogrulis
3444 3116 3704 3171 familiam
3730 3114 3920 3168 Arabes

731 3199 863 3256 tium
932 3214 1032 3269 par
1098 3187 1419 3253 sustinendis
1457 3195 1597 3249 haud
1658 3190 1813 3257 foret,
1865 3208 1950 3247 res
1995 3195 2098 3248 sibi
2148 3209 2274 3248 Siras

2376 3173 2630 3268 indicant:
2661 3207 2987 3275 reperiemus
3010 3197 3134 3260 fere
3161 3173 3453 3260 convenire
3482 3205 3537 3258 in
3568 3204 3917 3272 principatum

730 3278 1206 3366 agereOthmaues
1233 3284 1416 3351 carpit,
1456 3276 1508 3336 et
1542 3282 1770 3357 propriis
1798 3280 2055 3361 auspiciis
2090 3280 2142 3335 in
2171 3277 2277 3346 llo-

734 3379 877 3442 mani
900 3376 1118 3444 imperii
1149 3372 1448 3450 provincias
1477 3374 1792 3441 irrumpere,
1820 3386 1921 3426 non
1954 3372 2147 3439 prredis
2178 3384 2271 3424 so-

729 3467 842 3522 lum
873 3468 995 3521 inde
1043 3466 1317 3534 abigendis
1350 3465 1612 3529 intentus,
1652 3463 1744 3539 sed
1779 3474 1835 3517 et
1867 3463 2084 3517 arcibus
2111 3472 2272 3531 atque

733 3554 953 3621 urbibus
979 3555 1168 3607 ibidem
1206 3554 1552 3620 occupandis.
1579 3551 1729 3617 Quod
1769 3559 1999 3618 coeptum
2053 3566 2174 3604 eum
2222 3551 2272 3605 ei

730 3626 796 3700 ex
824 3631 949 3700 voto
969 3644 1337 3704 successisset,
1369 3640 1684 3710 expugnatis
1710 3648 1762 3693 et
1789 3641 2034 3708 prmsidio
2056 3654 2272 3695 suorum

718 3730 953 3793 ‘insc5sis
984 3734 1172 3787 validis
1203 3732 1519 3802 quibusdam
1554 3730 1955 3795 munitimtihus,
2009 3731 2147 3783 unde
2194 3746 2277 3784 re.-

727 3828 944 3897 gionum
1012 3824 1116 3878 illis
1178 3822 1533 3890 adiacentium
1616 3818 1774 3873 facile
1824 3819 2114 3883 dominium
2173 3818 2273 3873 sibi

730 3926 1048 3988 perpetuum
1080 3922 1363 3975 assereret,
1394 3910 1615 3964 sultanis
1650 3920 1758 3962 tttm
1789 3911 2000 3965 demum
2017 3908 2274 3973 Othman,

730 4011 832 4060 hoc
862 4018 943 4059 est
981 3998 1497 4069 suprcmiprincipis
1519 4036 1535 4063 ,
1568 3998 1777 4051 titulum
1834 3998 2006 4065 palam
2043 4002 2275 4066 u‘surpa-

729 4099 827 4173 sit.
858 4111 1000 4151 attito
1046 4094 1253 4163 llegirte
1306 4091 1427 4148 699.
1462 4089 1617 4158 cujus
1646 4089 1899 4144 Kalendae
1948 4090 2275 4144 Muharrami

730 4189 1034 4245 inciderunt
1066 4187 1144 4251 ,in
1192 4186 1331 4239 diem
1380 4181 1451 4236 28
1508 4178 1840 4251 Septembris
1898 4182 2025 4236 anni
2073 4181 2274 4236 Christi

801 4281 891 4337 99.

801 4281 834 4334 9
873 4320 891 4337 .

730 4280 891 4427 ‘21:.
934 4371 1204 4426 llactenus
1235 4367 1397 4423 relata
1429 4367 1498 4437 de
1525 4367 1805 4424 Otbmanis
1835 4362 2143 4436 primordiis
2170 4370 2276 4416 tra-

2372 3293 2598 3352 Joannis
2634 3296 2905 3357 Batatzm.
2944 3295 3034 3364 qui
3073 3293 3265 3348 Nicaea.-
3302 3293 3506 3358 εἶπα-ξε
3545 3294 3829 3370 imperarit
3859 3292 3920 3345 ab

2374 3403 2517 3441 anno
2551 3386 2687 3442 {228
2721 3386 2786 3440 ad
2823 3385 2981 3446 1255.
3014 3398 3122 3454 quo
3156 3382 3390 3439 moriens
3420 3396 3797 3436 successorem
3829 3381 3917 3435 ba-

2348 3475 2492 3530 ,bttit
2519 3475 2864 3531 Theodorum
2892 3474 3080 3528 filium.
3108 3473 3212 3527 Per
3236 3473 3325 3527 illa
3355 3480 3598 3541 tempora
3624 3479 3681 3526 et
3707 3471 3831 3525 inde
3859 3471 3917 3524 ad

2375 3575 2645 3635 receptam
2678 3581 2710 3620 e
2740 3564 2945 3620 Latinis
2977 3560 3504 3631 Constantinopolim
3534 3561 3921 3633 vigentibus“

2376 3671 2605 3710 numero
2632 3666 2792 3723 atque
2819 3653 3101 3710 alacritate
3130 3651 3549 3721 praevalentibus
3578 3652 3919 3721 pmidiaﬁis

2358 3744 2776 3799 elimitanearum
2802 3745 3009 3796 arcium
3036 3741 3247 3811 imperii
3277 3741 3504 3795 Romani
3532 3752 3724 3797 contra
3751 3740 3915 3795 Persi-

2375 3831 2496 3887 dem
2518 3871 2534 3897 ,
2567 3831 2726 3887 facile
2757 3832 2827 3885 ab
2858 3831 2963 3885 illis
3004 3830 3376 3885 sustinebatur
3407 3831 3646 3898 impetus
3678 3830 3917 3885 barbaro-

2374 3940 2493 3979 rum
2532 3924 2588 3999 in
2628 3922 2955 3993 quotidianis
2990 3920 3389 3974 velitationibus
3426 3920 3747 3987 plerumque
3780 3919 3911 3973 infe-

2376 4014 2575 4069 riorum
2594 4031 2608 4078 ;
2629 4004 2806 4083 quoad
2829 4004 3067 4081 pessimo
3086 4008 3311 4063 consilio
3331 4016 3583 4078 suggesta
3598 4024 3631 4061 a
3646 4007 3913 4067 Cbadeno,

2374 4104 2600 4159 alicbael
2631 4102 2960 4171 Palaeologu’s
2993 4110 3276 4170 postquam
3312 4100 3366 4153 in
3402 4098 3697 4168 imperium
3730 4098 3916 4152 invasit

2375 4192 2785 4262 circumscripto
2813 4191 3016 4262 pupillo
3041 4190 3252 4246 Joanne
3282 4189 3551 4243 Theodori
3581 4187 3915 4243 Lascaristtio

2375 4277 2466 4341 lio,
2502 4278 2592 4332 ubi
2632 4292 2691 4331 se
2727 4279 2952 4347 potitum
2992 4276 3459 4345 Constantinopoli
3496 4276 3709 4331 Latinis
3746 4287 3913 4342 erepta

2374 4369 2545 4431 vidit,
2576 4367 2665 4420 isti
2698 4367 3010 4435 praesidiarii
3043 4365 3271 4419 Romani
3300 4364 3484 4418 limitis
3513 4367 3699 4419 vexari
3732 4366 3913 4421 ﬁscali-

728 4462 869 4516 dum
912 4461 1115 4514 Arabes
1165 4459 1495 4526 scriptores;
1548 4473 1667 4510 cum
1718 4456 1913 4525 ιιιιίδιιε
1962 4468 2274 4521 σοπηβὸΐὲΐὸ
2305 4485 2348 4537 ι)
2375 4457 2479 4513 bus
2506 4455 2786 4513 calumniis
2814 4444 2870 4509 et
2898 4456 2965 4511 ad
2998 4455 3231 4523 inopiam
3263 4454 3461 4526 redigi,
3490 4456 3776 4526 minuique
3802 4457 3914 4510 inde

726 4550 958 4620 sparsim
987 4550 1053 4601 de
1084 4549 1169 4601 his
1198 4557 1401 4601 asserta
1437 4562 1465 4599 a
1502 4546 1849 4615 Pachymere,
1884 4561 1944 4596 ac
1974 4560 2131 4612 quam
2164 4546 2276 4596 haec

728 4641 799 4694 iis
831 4648 953 4708 apte
984 4646 1284 4707 congruant
1314 4636 1632 4698 ostendere,
1663 4635 1804 4689 labor
1841 4633 2093 4700 deinceps
2126 4646 2278 4685 meus

731 4731 821 4785 sit.
857 4726 1125 4797 l‘rincipio
1159 4733 1340 4793 repeto
1375 4739 1496 4791 quae
1529 4724 1583 4776 in
1617 4724 1732 4792 ipso
1764 4719 1843 4774 sui
1878 4719 2058 4789 operis
2090 4719 2278 4771 limine

733 4830 918 4875 noSter
948 4815 1235 4870 historicus
1267 4807 1431 4882 paﬁis
1458 4827 1496 4873 t,
1529 4810 1568 4863 l.
1603 4827 1637 4875 t,
1668 4825 1696 4862 a
1722 4824 1771 4864 c.
1803 4809 1837 4862 ὅ
1863 4809 1929 4863 ad
1957 4808 1989 4862 6
2019 4808 2137 4861 fuse
2165 4807 2279 4859 dis-

732 4909 869 4965 serit
898 4908 965 4960 de
996 4905 1211 4959 arcibus
1242 4902 1427 4955 limitis
1460 4899 1744 4955 Orientalis
1780 4898 2029 4952 Romanre
2059 4897 2277 4950 ditionis

733 4986 921 5052 contra
958 4996 1228 5050 Persidem
1265 4995 1437 5060 deque
1474 4991 1682 5043 illarum
1723 4998 1998 5043 momento
2037 4989 2101 5042 ad
2139 4998 2274 5042 luteo

735 5086 837 5137 lam
872 5085 1120 5153 imperii;
1154 5095 1263 5136 tum
1293 5082 1359 5135 de
1389 5094 1513 5134 cura
1537 5118 1551 5139 .
1585 5094 1689 5146 qua
1719 5093 1810 5130 eas
1842 5078 2068 5145 amplexi
2101 5079 2274 5131 domt—

738 5182 930 5222 nautcs
962 5172 1151 5224 Nicone
1184 5178 1303 5237 post
1336 5170 1581 5221 amissam
1617 5166 2140 5233 Constantinopolim
2175 5165 2277 5218 im—

738 5266 1011 5326 peratores
1065 5259 1230 5312 Graeci
1287 5256 1488 5326 Optime
1545 5255 1915 5308 consuluerint
1971 5256 2275 5325 reipublicae

737 5348 1040 5401 numerosis
1077 5349 1309 5400 virorum
1352 5345 1567 5399 fortium
1612 5338 1962 5419 praesidiis‘in
2006 5360 2070 5398 eo
2110 5347 2274 5398 limite

731 5436 1106 5494 auctorandis,
1136 5450 1258 5503 cum
1287 5435 1552 5502 largorum
1582 5434 1968 5500 stipendiorum
2003 5434 2103 5487 tida
2135 5435 2277 5487 solu-

733 5529 881 5580 tione
909 5528 976 5578 ad
1005 5524 1144 5577 diem
1177 5522 1269 5593 LP.
1302 5521 1436 5591 ϐου]
1458 5561 1472 5585 ,
1502 5532 1613 5576 tum
1643 5523 2002 5590 assignatione
2029 5539 2274 5591 agrorum

722 5612 790 5678 in
818 5613 905 5666 illa
933 5612 1204 5667 vicinia'et
1231 5607 1576 5663 concessione
1602 5610 1795 5677 praedae
1824 5611 1998 5664 omnis
2026 5625 2182 5678 quam
2212 5628 2275 5665 ex

727 5701 917 5758 hostili
944 5717 1084 5771 agro
1131 5701 1369 5778 infestis“
1387 5700 1783 5756 incursionibus
1828 5710 2046 5770 possent
2092 5716 2273 5756 corra-

2379 4564 2500 4601 cum
2538 4548 2734 4602 animis
2777 4556 2888 4601 tum
2926 4548 3131 4601 viribus
3166 4556 3223 4601 et
3263 4561 3491 4601 numero
3523 4557 3830 4618 creperum,
3862 4556 3911 4600 ut

2377 4636 2623 4690 observat
2661 4636 3018 4704 Paehymeres
3058 4636 3279 4689 ibidem.
3316 4634 3909 4706 Quando’potissinnut

2377 4725 2665 4795 contigisse
2698 4725 2955 4778 credibile
2986 4726 3103 4789 est,
3132 4725 3275 4793 quod
3308 4725 3515 4780 Arabes
3550 4726 3829 4792 indicant,
3859 4733 3909 4778 ιι

2376 4812 2687 4883 Ortogrules
2706 4827 2827 4867 cum
2853 4813 2965 4867 suis
2986 4828 3240 4881 prospere
3263 4813 3313 4865 in
3335 4811 3608 4866 Romanos
3630 4814 3908 4884 pugnando

2376 4906 2585 4958 laudem
2618 4906 2685 4959 ab
2713 4904 2938 4959 Aladino
2958 4947 2970 4967 ,
3002 4904 3157 4973 cujus
3189 4903 3444 4971 auspiciis
3476 4902 3779 4970 militabat,
3809 4919 3909 4959 lle-

2377 5005 2601 5050 reretur.
3168 5024 3177 5032 -
3570 5039 3582 5045 -

2447 5083 2532 5137 IV.
2573 5085 2681 5138 Nec
2722 5099 2847 5137 vero
2881 5083 3045 5138 istam
3089 5082 3386 5153 Ortogrulis
3428 5092 3483 5136 et
3527 5082 3766 5138 filiorum
3804 5084 3909 5152 eius

2377 5174 2633 5226 adversus
2667 5174 3025 5240 prtesidiarios
3060 5173 3419 5225 Romanarum
3456 5175 3664 5227 arcium
3702 5180 3905 5240 conpa-

2377 5272 2543 5314 ratam
2575 5276 2813 5329 operam,
2842 5275 2895 5315 et
2926 5264 3201 5330 quzcsitam
3234 5262 3288 5314 in
3319 5263 3512 5317 vicinia
3543 5277 3609 5316 ex
3640 5271 3795 5331 parte
3818 5264 3904 5316 ad-

2376 5366 2541 5403 versae
2573 5351 2802 5406 Persidis
2828 5353 3109 5409 stationem
3140 5352 3492 5420 Patrhymeres
3521 5353 3634 5417 ipse
3665 5352 3906 5407 dissima-

2377 5440 2465 5493 lat.
2506 5441 2583 5493 En
2628 5443 2746 5506 ejus
2784 5442 2943 5494 verba
2986 5442 3089 5492 vol.
3132 5440 3182 5503 l,
3226 5456 3278 5507 ι).
3312 5440 3389 5493 48
3428 5457 3441 5489 :
3491 5439 3610 5491 Post
3653 5444 3766 5497 hac
3799 5444 3909 5496 uiris

2376 5528 2596 5597 fortibus
2636 5531 2772 5583 inter
2805 5529 2996 5583 Persas
3019 5570 3033 5590 ,
3070 5530 3252 5597 quibus
3288 5529 3452 5581 omnia
3488 5531 3695 5585 uisendi
3726 5550 3835 5601 apes
3864 5540 3906 5585 rt

2376 5618 2599 5669 conditio
2633 5617 2687 5670 in
2722 5618 2883 5670 annis
2916 5626 3025 5670 erat
3049 5656 3063 5681 ,
3095 5618 3293 5670 caeteris
3324 5616 3590 5675 inclinatis
3623 5624 3697 5675 ad
3731 5618 3905 5677 mea.

2377 5724 2492 5773 ros,
2522 5709 2610 5777 qui
2643 5723 2804 5775 nuper
2833 5710 3100 5778 imperium
3138 5706 3421 5762 Persarum
3455 5724 3811 5781 occuparant,
3837 5725 3903 5765 ra-
