4074 6344
135 319 288 385 1249

1127 319 1524 379 SYNTAGMA
1564 295 2196 380 ALPHABETICUM.‘
2231 342 2300 356 —
2339 321 2398 381 Δ.
2496 317 2499 321 '
2561 296 2570 302 ”’

3203 317 3340 380 ιιδο

135 430 387 494 νόμενος,
415 428 638 491 ἄσωτος,
677 427 785 490 υἱδς
818 424 1153 492 ύπεξούσιος,
1180 429 1306 481 ὅταν
1339 431 1364 480 ό
1387 429 1563 499 πατὴρ
1593 427 1687 480 αύ-

1796 435 2002 492 mutus,
2035 429 2280 493 insanus,
2329 427 2580 498 prodigus
2615 442 2630 492 ;
2680 435 2736 482 et
2779 423 3190 491 ﬁliusfamilias,
3217 441 3341 482 cum

134 523 234 574 τοῦ
278 521 408 589 παρ’
435 519 590 574 ἄλλου
617 521 800 589 γραφῇ
830 520 1165 589 κληρονόμος
1194 522 1250 573 ὲν
1279 517 1529 591 διαθήκῃ,
1591 557 1597 563 .

214 697 290 749 Ἦ
322 696 657 765 παραγραςὴ
702 696 840 749 κατὰ
874 696 970 765 μὲν
1003 695 1122 759 τοὺς
1156 696 1360 765 νόμους
1391 695 1690 765 πολλαχῶς,

132 790 282 842 κατὰ
341 790 399 841 δὲ
457 791 581 851 τοὺς
612 789 847 857 ῥήτορας
871 786 1150 858 τετραχῶς
1177 789 1383 855 γίνεται
1412 801 1427 818 ⁸
1457 787 1563 839 ἀπὸ
1597 784 1692 838 τοῦ

131 878 419 937 λείποντος
443 895 458 911 ο
486 872 596 931 οἷον
620 877 830 930 ἀσώτου
863 878 1047 949 πατὴρ
1097 877 1307 946 ἀφανὴς
1333 877 1566 944 ἐγένετο,
1599 876 1696 929 καὶ

133 973 308 1040 φόνου
331 974 358 1026 ό
384 973 506 1034 υίὸς,
527 972 716 1039 φεύγει
739 987 755 1002 °
807 973 916 1025 ἀπὸ
946 971 1038 1025 τοῦ
1081 971 1503 1042 ὑπερὸάλλοντος
1521 983 1537 1000 ⁸
1584 966 1695 1022 οἷον

134 1062 272 1116 δέκα
301 1062 412 1114 νέοι
437 1062 791 1128 ἐπωμόσαντο
815 1061 891 1132 μὴ
912 1062 1106 1130 γῆμαι,
1125 1062 1217 1114 καὶ
1242 1061 1499 1129 φεύγουσι
1522 1059 1694 1114 κακοῦ

137 1155 262 1222 βίου
287 1169 304 1185 ο
326 1153 359 1222 ἢ
386 1153 480 1219 ἀφ’
506 1146 578 1205 ὧν
601 1152 775 1223 ἕτεροι
812 1153 1176 1222 πεποιήκασιν
1198 1152 1259 1204 οὐ
1286 1153 1365 1206 δεῖ
1396 1150 1695 1222 κρίνεσθαι,

138 1236 255 1296 οἷον
283 1245 315 1295 ό
348 1243 755 1314 τρισαριστεὺς,
787 1236 852 1296 οὗ
881 1243 1064 1297 εἰκόνα
1093 1230 1329 1310 ἔστησαν
1355 1242 1402 1294 oi
1428 1241 1693 1310 πολέμιοι,

141 1336 239 1388 καὶ
269 1337 558 1406 προδοσίας
592 1337 809 1405 φεύγων
953 1334 1092 1388 κατὰ
1143 1333 1354 1404 χρόνον,
1385 1330 1496 1386 οἷον
1521 1331 1697 1387 δειλοῦ

142 1428 276 1489 παῖς
307 1427 613 1496 ἠρίστευσε,
641 1429 732 1481 καὶ
763 1426 1002 1495 μοιχείας
1046 1427 1217 1493 κρίνει
1249 1424 1348 1493 τὴν
1370 1423 1625 1490 γυναῖκα.

318 1601 446 1654 Ἔτι
475 1597 738 1666 περὶτῶν
760 1599 1010 1662 ἐνδίκως
1034 1595 1522 1666 καθαιρεθέντων.

230 1686 293 1740 Ὀ
325 1689 365 1740 δ’
414 1690 589 1741 κανὼν
647 1691 742 1757 τῆς
794 1690 848 1742 ἐν
875 1688 1176 1759 Ἀντιοχείᾳ.
1221 1688 1462 1751 συνόδου,
1499 1688 1564 1741 Ὀ
1594 1687 1698 1741 ὑπὸ

145 1776 368 1828 συνόδου
403 1776 764 1846 καθαιρεθεὶς,
796 1777 980 1844 φησιν,
1014 1778 1331 1840 ἐπίσκοπος,
1355 1777 1437 1830 tu
1483 1775 1542 1828 δὲ
1567 1792 1702 1846 πρεε

149 1863 431 1933 σὸύτερος.
485 1865 519 1938 ἡ
559 1865 819 1929 διάκονος,
881 1866 985 1920 ὑπὸ
1028 1865 1122 1918 τοῦ
1165 1866 1297 1936 ἰδίου
1326 1863 1482 1919 τοῦτο
1509 1865 1698 1918 παθὼν

145 1953 474 2018 ἐπισκόπου,
512 1956 559 2007 εἰ
613 1956 892 2026 μετελθεῖν
939 1954 1118 2008 ὁτιοῦν
1176 1955 1484 2025 βουληθείη,
1517 1955 1554 2008 ἃ
1589 1956 1700 2015 τοῖς

150 2043 393 2111 ἱερεῦσιν
421 2045 561 2107 ἔθος,
597 2046 669 2114 μὴ
707 2030 910 2111 ἐξεῖναι
952 2045 1130 2115 τούτῳ
1165 2043 1364 2108 ἀδίκως
1397 2045 1478 2098 ἐτι
1508 2044 1701 2097 διατει·

148 2136 365 2205 νομὲνῳ
392 2138 586 2190 παθεῖν
629 2137 791 2207 ἑτέρᾳ
825 2135 1109 2206 προσιέναι
1147 2136 1369 2206 συνόδῳ,
1397 2137 1490 2190 καὶ
1519 2135 1728 2204 ζητεῖν,

151 2225 395 2289 ἐξετάσει
424 2227 490 2278 τὰ
525 2226 644 2278 κατ’
676 2225 836 2279 αὐτὸν
872 2225 1110 2296 δοθῆναι,
1144 2225 1278 2296 μηδὲ
1338 2219 1523 2295 χώραν
1571 2225 1704 2279 ἁπο-

149 2311 340 2377 λογίας
367 2313 512 2383 αὐτῴ
569 2316 839 2383 μετεῖναι’
891 2314 1018 2377 τοὺς
1057 2315 1113 2369 δέ
1169 2303 1259 2385 γε“
1275 2315 1582 2379 συνειδότας
1604 2315 1704 2385 τὴν

152 2403 274 2453 κατ’
325 2402 490 2454 αὐτοῦ
527 2403 798 2470 ἀπόφασιν
820 2443 835 2465 ,
878 2405 974 2456 καὶ
1011 2408 1286 2459 κοινωνεῖν
1324 2406 1472 2476 αὐτῷ
1507 2405 1704 2476 τολμήκ

152 2507 379 2552 σαντας.
412 2494 504 2544 καὶ
531 2493 751 2554 τούτους
781 2495 878 2562 τῆς
900 2492 1223 2564 Ἐκκλησιας
1244 2496 1622 2550 ἐκκόπτεσθαι.

227 2582 290 2637 ’0
311 2583 369 2635 δέ
394 2584 457 2652 ιβ’
479 2583 590 2636 τδν
616 2583 718 2636 ὑπὸ
735 2583 826 2638 τοῦ
861 2585 992 2639 ἰδίου
1018 2585 1171 2648 αὖθις
1189 2587 1488 2640 ἐπισκόπου
1513 2588 1703 2642 καθαι-

91 2699 99 2705 -
153 2671 406 2741 ρεθέντα,
425 2673 842 2744 πρεσϐύτερονῆ
865 2674 1123 2737 διάκονον,
1155 2675 1187 2744 ἢ
1215 2675 1320 2728 ὑπὸ
1345 2675 1565 2728 συνόδου
1586 2675 1704 2728 ἐπι-

155 2779 381 2829 σκοπον,
411 2763 744 2833 ἀπαγορεύει
768 2765 1051 2834 προσιέναι
1075 2764 1152 2833 τῷ
1177 2764 1407 2833 βασιλεῖ,
1436 2765 1531 2817 καὶ
1565 2763 1703 2834 παρ’

151 2854 303 2923 αὐτῷ
332 2855 516 2924 ζητεῖν
548 2857 644 2926 τὴν
675 2856 944 2921 ἐξέτασιν,
979 2856 1113 2909 ἀλλὰ
1150 2857 1703 2927 μείζονιὲπισκόπων

154 2945 379 3014 συνόδῳ,
405 2946 497 2997 καὶ
522 2944 558 2998 ἃ
575 2945 782 3014 νομίζει
811 2946 993 3000 δίκαια
1015 2947 1182 3016 ἔχειν,
1204 2947 1416 3022 τούτοις
1432 2965 1703 3016 προσαναο

1793 529 1943 585 pater
1982 519 2099 588 ejus
2149 519 2220 573 ab
2278 519 2386 573 alio
2425 518 2597 573 haeres
2655 519 2707 572 in
2741 527 3066 575 testamento
3111 517 3345 586 scriptus

1794 608 1977 662 fuerit.
2863 647 2867 656 .
3217 615 3222 619 ’

1866 699 2123 769 Exceptio
2159 698 2464 753 secundum
2494 700 2638 771 leges
2674 702 2954 770 multiplex
3006 709 3108 764 est,
3148 715 3347 755 secun-

1791 792 1920 848 dum
1948 807 2072 846 vero
2121 791 2370 846 rhetoras
2400 790 2735 860 quadruplex
2771 808 2786 844 :
2817 792 2883 845 ab
2915 793 3164 853 absente,
3194 791 3346 845 velut

1794 883 1998 954 prodigi
2031 892 2182 952 pater
2212 898 2316 938 non
2352 894 2596 953 apparet,
2625 883 2849 936 ettlilius
2876 881 3152 936 homicidii
3183 895 3345 935 accu-

1793 981 1978 1037 satur;
2012 973 2080 1026 ab
2123 985 2375 1037 excessu,
2405 982 2462 1024 ut
2522 971 2710 1025 decem
2736 971 2955 1037 iuvenes
2998 970 3251 1039 juraruut
3284 984 3345 1022 se

1795 1077 1903 1116 non
1954 1077 2181 1117 uxorem
2213 1064 2496 1127 ducturos,
2531 1072 2586 1117 et
2639 1062 2791 1115 make
2832 1063 2952 1115 vitae
2984 1072 3341 1125 accusantur;

1796 1156 1880 1220 vel
1911 1153 1979 1208 ab
2003 1168 2091 1215 eo,
2127 1153 2272 1222 quod
2319 1152 2444 1221 quis
2477 1153 2542 1207 de
2590 1153 2654 1206 iis
2682 1168 2798 1221 quae
2824 1153 2915 1206 alii
2957 1153 3204 1207 iecerunt
3237 1167 3342 1205 non

1796 1251 2070 1308 teneatur,
2101 1251 2162 1298 ut
2213 1241 2560 1306 fortissimus,
2598 1244 2750 1309 cujus
2803 1243 3085 1312 imaginem
3141 1242 3345 1296 inimici

1795 1338 2107 1393 erexerunt,
2132 1330 2452 1398 proditionis
2477 1338 2794 1396 accusatur;
2821 1331 2898 1384 vel
2934 1331 3086 1400 juxta
3110 1340 3341 1398 tempus,

1796 1431 1857 1477 ut
1890 1421 2062 1476 timidi
2111 1422 2254 1476 illius
2287 1421 2391 1474 dux
2422 1420 2754 1499 fortissimus
2797 1422 2987 1486 evasit,
3020 1429 3073 1474 et
3119 1437 3343 1476 uxorem

1796 1527 1951 1568 suam
1985 1512 2257 1572 adulterii,
2277 1522 2520 1568 accusat.

1907 1601 2062 1672 105
2087 1601 2269 1656 Aiihttc
2295 1603 2358 1656 de
2391 1603 2457 1656 iis
2485 1603 2575 1671 qui
2599 1602 2740 1671 juste
2767 1602 2984 1668 depositi
3018 1601 3235 1667 fuerint.

1865 1693 2051 1747 Cauon
2087 1693 2120 1747 4
2159 1707 2276 1763 syn.
2306 1693 2583 1756 Antioch.,
2649 1692 2964 1762 Episcopus,
3011 1691 3207 1762 inquit,
3248 1692 3340 1761 qui

1795 1799 1826 1839 a
1860 1785 2065 1856 synodo
2096 1769 2376 1853 depositus
2419 1785 2601 1850 fuerit,
2650 1799 2747 1838 nec
2779 1799 2882 1837 non
2932 1784 3230 1853 presbyter,
3259 1783 3340 1837 vel

1795 1874 2056 1931 diaconus
2096 1873 2236 1930 idem
2282 1890 2312 1928 a
2343 1876 2561 1944 proprio
2597 1876 2848 1942 episeopo
2882 1889 3095 1943 passus,
3144 1873 3188 1928 si
3242 1872 3344 1928 ali-

1797 1965 1926 2033 quid
1982 1981 2169 2021 eorum
2221 1951 2430 2034 operari
2477 1965 2741 2030 voluerit,
2800 1979 2921 2034 quae
2971 1963 3342 2020 sacerdotibus

1797 2056 1976 2113 facere
2023 2072 2139 2113 mos
2173 2067 2274 2123 est,
2323 2073 2390 2111 ne
2435 2056 2593 2111 liceat
2631 2058 2703 2121 ei,
2739 2055 2990 2141 quamVis
3037 2070 3098 2109 se
3145 2055 3343 2123 injuste

1797 2149 1904 2219 pati
1936 2148 2250 2218 praetendat,
2285 2147 2506 2201 alteram
2539 2148 2806 2216 synodum
2852 2145 3020 2206 adire.
3052 2155 3106 2198 et
3137 2155 3341 2213 petere,

1799 2247 1860 2294 ut
1884 2253 2004 2308 quas
2031 2237 2078 2293 ei
2111 2238 2322 2306 objecta
2351 2246 2478 2293 sunt
2507 2238 2906 2296 examinentur.
2936 2243 3032 2291 aut
3067 2233 3344 2291 defensio-

1801 2329 1887 2386 nis
1946 2328 2126 2384 loeum
2190 2328 2406 2382 habere.
2475 2326 2518 2380 li
2585 2336 2763 2380 autem
2826 2325 2964 2394 qui.
3018 2324 3344 2379 sententiam

1802 2421 2060 2474 adversus
2086 2432 2210 2472 eum
2241 2417 2407 2470 latam
2440 2415 2695 2476 scientes,
2739 2429 2860 2468 cum
2893 2413 3011 2480 ipso
3045 2413 3347 2467 communi-

1801 2522 1928 2562 care
1953 2504 2074 2562 ausi
2099 2505 2315 2568 iuerint.
2345 2519 2406 2557 ex
2428 2502 2661 2558 Ecclesia
2693 2503 3028 2556 abdicenuir.
3163 2551 3171 2557 .
3305 2522 3310 2526 ·

1833 2599 2095 2665 Jnsuper
2111 2612 2236 2659 ean.
2263 2597 2331 2650 12
2353 2595 2720 2667 presbyterum
2749 2596 2831 2650 vel
2857 2595 3138 2651 diaconum
3163 2611 3190 2648 a
3217 2609 3345 2664 pro-

1800 2687 1920 2758 prio
1947 2685 2554 2757 episcopodepositum,
2585 2687 2669 2740 vel
2705 2687 3017 2755 episcOpum
3051 2701 3082 2740 a
3111 2687 3344 2757 synodo,

1801 2793 1984 2848 regem
2017 2777 2168 2831 adire
2195 2785 2355 2835 vetat.
2390 2786 2443 2831 et
2465 2777 2916 2832 examinationem
2951 2777 3019 2831 ab
3045 2790 3110 2831 eo
3137 2787 3339 2846 petere,

1801 2870 1899 2926 sed
1949 2871 2015 2924 ad
2080 2868 2339 2939 majorem
2393 2870 2770 2938 episcoporum
2826 2869 3092 2938 synodum
3142 2869 3241 2934 ire,
3291 2877 3348 2922 et

1797 2959 1912 3028 jus,
1939 2943 2083 3030 quod
2118 2975 2176 3014 se
2207 2961 2407 3014 habere
2436 2966 2607 3028 putat,
2642 2959 2708 3012 ad
2746 2972 2840 3013 eos
2873 2956 3097 3022 referre,
3127 2973 3346 3011 eorum-

155 3034 369 3100 φερειν,
397 3035 490 3085 καὶ
509 3035 608 3103 τὴν
638 3036 768 3104 παρ’
790 3037 971 3089 αὐτῶν
999 3036 1245 3103 ἐξέτασιν
1265 3038 1582 3107 ἐκδέχεσθαι
1613 3037 1699 3090 καὶ

1804 3068 1909 3122 que
1924 3053 2382 3107 examinationem
2407 3059 2460 3104 et
2484 3049 2746 3115 judicium
2770 3051 3063 3119 suscipere.
3083 3049 3138 3102 Si
3165 3051 3348 3117 itaque
3409 3086 3413 3090 -

153 3126 455 3196 ἐπίκρισιν.
511 3127 569 3179 Ei
599 3128 653 3181 δέ
686 3146 768 3193 τις
797 3128 1002 3184 τούτων
1031 3131 1377 3201 ὀλιγωρήσας
1418 3132 1707 3201 ἐνοχλῆσαι

155 3216 414 3286 τολμήσει
457 3218 535 3285 τῷ
590 3219 820 3289 βασιλεῖ,
859 3222 1056 3290 μηκέτι
1101 3221 1294 3292 χώραν
1327 3224 1472 3292 ἔχειν
1505 3224 1707 3276 ἀπολο-

154 3306 301 3375 γεας,
333 3310 470 3381 μηδὲ
504 3311 696 3365 ἐλπίδα
734 3313 1037 3382 μελλούσης
1067 3315 1588 3377 ἀποκαταστάσεως.
1645 3315 1705 3366 Ei

154 3399 261 3469 γὰρ
281 3402 385 3454 ,καὶ
410 3403 575 3454 παντὶ
609 3405 1096 3474 καταδικαζομένῳ
1117 3405 1208 3458 καὶ
1244 3407 1551 3458 ἀδικεῖσθαι
1599 3407 1706 3458 οἰο-

157 3490 305 3560 μένῳ
353 3493 387 3560 ἡ
416 3493 513 3560 τῆς
533 3493 870 3561 ,Ἐκκλησίας
896 3495 1116 3562 βοήθεια
1157 3495 1388 3557 δέδοται,
1429 3495 1547 3547 ἀλλ’
1580 3494 1705 3548 ἐπεί

158 3579 238 3631 τοι
263 3597 329 3647 γε
361 3582 468 3634 τῶν
497 3585 849 3652 πατριαρχῶν
875 3585 931 3635 αι
958 3584 1136 3652 ψῆφοι
1162 3585 1411 3653 ἐκκλήτῳ
1438 3585 1537 3654 οὐχ
1572 3583 1704 3636 ὑπό-

156 3679 391 3728 κεινται,
421 3669 448 3720 ὁ
478 3669 823 3736 πειρώμενος
868 3669 1134 3737 ἔκκλητον
1163 3671 1254 3732 εἰς’
1291 3669 1518 3737 βασιλέα
1550 3671 1702 3737 ποιή-

157 3755 377 3818 σασθαι,
439 3760 578 3826 μετὰ
645 3759 742 3828 τὴν
795 3760 890 3814 τοῦ
940 3760 1282 3829 πατριάρχου
1328 3757 1701 3828 ἐξενεχθεῖσαν

155 3847 449 3910 ἀπόφασιν,
485 3849 805 3915 τιμωρεῖται
835 3849 975 3900 κατὰ
1002 3849 1091 3900 τὸν
1123 3850 1365 3916 παρόντα
1406 3849 1625 3914 κανόνας

231 3937 292 3988 ’0
315 3923 372 3989 δέ
398 3943 480 4006 κη’
503 3937 611 3988 τῶν
635 3938 806 4005 ἁγίων
838 3939 1150 3991 ἀποστόλων
1176 3936 1354 3990 κανὼν
1397 3937 1489 3992 τὸν
1510 3917 1701 3991 καθαι-

159 4023 378 4091 ρεθέντα
411 4026 631 4091 δικαίως
667 4028 980 4090 ἐπίσκοπον,
1017 4029 1049 4099 ἢ
1097 4028 1486 4100 πρεσϐύτερον,
1521 4029 1554 4100 ἢ
1583 4029 1700 4083 διά-

158 4133 332 4186 κονον,
358 4121 448 4171 ἐπὶ
477 4107 1086 4190 ἐγκλήμασιφανεροῖς,
1112 4122 1207 4174 καὶ
1231 4122 1474 4191 ἅψασθαι
1498 4120 1696 4192 τολμήσ-

159 4223 326 4260 σαντα
363 4211 458 4278 τῆς
492 4209 887 4280 ἀφαιρεθείσης
936 4209 1083 4280 αὺτῷ
1121 4210 1486 4280 λειτουργίας,
1541 4209 1700 4264 ἐκκό-

158 4297 384 4352 πτεσθαι
419 4301 738 4354 παντάπασι
761 4300 977 4353 κελεύει
1012 4303 1110 4374 τῆς
1133 4299 1483 4370 Ἐκκλησίας,
1517 4301 1607 4356 διά
1637 4319 1696 4356 τε

1805 3144 2127 3212 quisquam,‘
2159 3143 2244 3198 his
2296 3145 2660 3212 centemptis,
2722 3139 3024 3209 imperatori
3088 3139 3375 3215 molestus

1804 3247 1924 3288 esse
1974 3246 2141 3288 ausus
2186 3216 2369 3297 fuerit,
2421 3233 2468 3289 is
2527 3232 2854 3286 defensionis
2906 3230 3088 3284 locum
3139 3231 3344 3286 nullum

1805 3325 2022 3387 haheat,
2079 3334 2171 3379 aut
2211 3339 2358 3392 spem
2410 3322 2606 3377 futura:
2653 3321 3029 3378 restitutionis.
3081 3321 3343 3388 Quamvis
3449 3368 3452 3371 .

1803 3417 1946 3468 enim
1979 3414 2122 3468 omni
2161 3414 2435 3476 damnato,
2478 3421 2530 3465 et
2562 3426 2620 3466 se
2661 3412 2854 3481 injuria
2902 3412 3043 3468 afﬁci
3075 3413 3342 3477 credenti,

1802 3505 2059 3559 Ecclesia:
2125 3502 2388 3556 auxilium
2453 3501 2814 3569 conceditur;

1800 3593 2228 3662 patriarcharum
2251 3594 2530 3646 sententia:
2550 3593 2894 3660 appellationi
2917 3607 3020 3645 non
3042 3591 3343 3659 subjiciun-

1773 3681 2016 3748 ‘tur,qui
2042 3689 2165 3748 post
2187 3681 2348 3732 latam
2371 3680 2689 3758 patriarcha:
2719 3679 3036 3735 sententiam
3067 3679 3132 3732 ad
3163 3694 3339 3746 regem

1790 3770 2206 3845 appellationem
2271 3769 2445 3823 facere
2497 3781 2747 3832 conatur,
2808 3768 2960 3837 juxta
3016 3767 3336 3837 praesentem

1796 3874 2057 3915 canonem
2097 3860 2335 3926 punitur.

1865 3947 2032 4004 Porro
2082 3934 2258 4003 sanet.
2305 3948 2528 4016 apostol.
2553 3962 2699 4001 -can.
2732 3932 2816 4001 1'28
2853 3947 3162 4016 episcopum
3185 3984 3202 4010 ,
3251 3945 3337 3999 vel

1796 4038 2189 4110 presbyterum,
2223 4038 2303 4092 vel
2325 4039 2634 4101 diaconum,
2665 4037 2754 4106 qui
2784 4039 2929 4106 justc
2955 4036 3026 4090 ob
3048 4034 3337 4090 manifesta

1796 4130 2024 4184 crimina
2083 4127 2400 4203 depositus,
2485 4129 2842 4182 ministerium
2919 4124 3023 4180 sibi
3092 4125 3331 4178 ablatum

1797 4223 2058 4292 attingere
2111 4222 2324 4285 audeat,
2388 4221 2455 4273 ab
2514 4219 2753 4274 Ecclesia
2814 4220 3034 4274 omnino
3088 4217 3333 4272 ahscindi

1795 4313 1968 4383 jubet,
2059 4320 2172 4365 tum
2231 4312 2302 4364 ob
2361 4326 2626 4366 summam
2693 4312 2830 4365 forte
2895 4308 3281 4380 impudentiam
3316 4344 3332 4368 ,

157 4388 312 4456 τνχδν
328 4388 429 4458 τῆς
461 4390 749 4451 αὐθαδείας
772 4390 832 4442 τὸ
862 4391 1069 4456 περιὸν,
1095 4393 1188 4444 καὶ
1219 4393 1304 4446 ὅτι
1337 4391 1513 4455 ἄλλως
1535 4394 1696 4445 κολα-

1804 4414 1916 4458 tum
1969 4402 2114 4473 quod
2165 4402 2275 4473 jam
2325 4403 2598 4472 depositus
2649 4404 2802 4458 aliter
2847 4401 3104 4458 canonice
3163 4398 3338 4469 puniri

159 4473 347 4543 σθῆναι
378 4479 678 4540 κανονικῶς
704 4481 805 4539 οὐκ
837 4481 917 4532 ἔνι
955 4481 1045 4532 τὸν
1071 4482 1172 4551 ἥδη
1206 4483 1624 4554 καθαιρεθέντα.

192 4614 197 4616 _
232 4563 294 4615 ὐ
321 4563 377 4618 δὲ
409 4565 480 4628 ξεν
505 4566 603 4631 τῆς
636 4569 690 4618 ἐν
751 4568 1101 4637 Καρθαγένῃ,
1153 4572 1379 4634 δικαίως
1435 4571 1696 4641 κληρικοῦ

158 4652 664 4715 καταδικασθέντος,
687 4654 843 4722 φησὶ,
864 4655 1002 4724 πρὸς
1027 4657 1122 4708 τοῦ
1150 4659 1351 4712 οἰκείου
1367 4661 1696 4724 ἐπισκόπου,

162 4740 357 4805 μηκέτι
380 4740 630 4810 ἐκκλήτῳ
651 4739 1042 4809 βοηθουμένου,
1067 4743 1164 4796 τοῦ
1185 4743 1446 4814 κληρικοῦ
1469 4745 1692 4816 δηλαδὴ,

158 4833 278 4893 τοὺς
302 4835 446 4901 χειρὶ
479 4831 814 4902 χρωμένους,
869 4833 964 4885 καὶ
998 4833 1307 4896 κωλύοντας
1339 4836 1440 4904 τὴν
1461 4836 1699 4905 ὁρισθεῖ-

165 4937 256 4973 σαν
283 4923 404 4976 κατ’
457 4923 621 4976 αὑτοῦ
668 4923 847 4991 ψῆφον
877 4923 971 4977 τὸν
1023 4924 1325 4976 ἐπίσκοπον
1354 4926 1694 4994 ἐπενεγκεῖν,

161 5013 420 5067 αἰτεῖσθαι
447 5014 551 5084 χρὴ
579 5012 676 5079 τὴν
707 5012 924 5065 σύνοδον
954 5013 1087 5082 πρὸς
1119 5009 1213 5066 τοῦ
1241 5013 1504 5082 βασιλέως
1535 5019 1692 5087 ποινῇ

159 5104 374 5168 τούτους
404 5106 746 5173 χρηματικῇ,
783 5103 878 5157 καὶ
909 5104 1196 5171 ἀφαιρέσει
1228 5105 1325 5174 τῆς
1358 5109 1521 5175 τιμῆς
1559 5108 1694 5160 ὁπο-

160 5185 460 5250 δάλλεσθαι,
495 5191 605 5242 εἴτε
630 5189 1079 5262 τῆςἝκκλησίας
1114 5187 1220 5244 εἷεν
1251 5195 1300 5245 οξ
1333 5195 1568 5248 τοιοῦτοι
1598 5197 1693 5266 δή·

160 5290 278 5341 που,
303 5280 410 5332 εἴτε
437 5280 533 5333 τοῦ
560 5281 710 5347 λαοῦ,
741 5284 842 5336 κᾶν
881 5284 1071 5345 ὁποίας
1102 5278 1203 5336 ὦσι
1231 5286 1324 5337 καὶ
1358 5286 1574 5356 ἡλικίας
1599 5291 1692 5343 καὶ⁵

163 5371 386 5431 θύσεως.

232 5455 288 5508 Ὀ
317 5459 370 5510 δὲ
396 5468 439 5511 ν’
463 5463 554 5536 καλ
587 5465 697 5544 τῶν
727 5465 1042 5517 ἐπισκόπων
1073 5466 1197 5527 τοὺς
1228 5464 1302 5535 μὴ
1333 5469 1457 5528 ταῖς
1489 5470 1691 5540 ψήφοις

166 5542 562 5614 ὄποκύπτοντας
609 5542 705 5622 τῆς
747 5559 964 5609 owde
1000 5560 1061 5626 τῇ
1089 5557 1195 5608 τῶν
1231 5557 1510 5625 ἀρχόντων
1535 5562 1687 5627 ἔξου-

163 5634 247 5704 σίᾳ
280 5641 489 5696 κελεύει
514 5645 748 5700 δίδοσθαι
769 5665 785 5682 ο
813 5647 950 5717 πλὴν
983 5650 1081 5702 οὐκ
1121 5649 1341 5715 ἔννομον
1365 5651 1487 5714 τοὺς
1528 5654 1688 5719 ἱερω-

1800 4503 2051 4564 nequeat.

1867 4586 2055 4640 Canou
2084 4587 2243 4641 etiam
2272 4582 2341 4639 65
2367 4599 2487 4654 syu.
2518 4581 2736 4647 Carth.,
2762 4580 2818 4635 Si
2859 4580 3115 4646 clericus,
3141 4576 3338 4647 inquit,

1799 4689 1829 4728 a
1883 4676 2114 4744 proprio
2155 4677 2409 4745 episcopo
2459 4673 2604 4741 juste
2656 4671 2933 4739 depositus
2991 4670 3182 4729 fuerit.
3239 4682 3341 4724 nec

1798 4765 2173 4836 appellationis
2202 4765 2460 4820 auxilium
2507 4765 2698 4818 habeat
2765 4763 2865 4815 iste
2894 4761 3146 4826 clericus,
3177 4773 3340 4830 syno-

1796 4859 1898 4913 dus
1940 4871 1969 4909 a
2013 4870 2138 4924 rege
2181 4857 2432 4923 postulet,
2481 4864 2540 4907 ut
2585 4855 2676 4922 qui
2721 4851 2956 4920 potentia
3014 4858 3243 4904 utuntur
3285 4856 3342 4904 et

1798 4946 2105 5014 episcopum
2139 4945 2398 5011 prolatam
2426 4951 2608 4997 contra
2661 4956 2782 4994 eum
2832 4939 3151 4993 sententiam
3197 4936 3342 4993 inlli-

1797 5053 1922 5107 gere
1975 5051 2082 5090 non
2141 5037 2364 5100 sinunt,‘
2405 5026 2577 5105 poenae
2631 5031 2955 5104 pecuniaria:
3013 5039 3067 5083 et
3121 5025 3342 5082 honoris

1797 5123 2077 5194 privationi
2141 5124 2546 5190 subjiciantur,
2609 5121 2894 5193 sive_sint
2961 5116 3339 5179 ecclesiastici,
3438 5155 3442 5159 .

1796 5213 1910 5266 sive
1955 5211 2110 5276 laici,
2148 5220 2200 5265 et
2249 5210 2622 5277 cujuscunque
2673 5207 2842 5261 aetatis
2882 5205 2963 5261 vel
3009 5202 3339 5260 ccttditionis

1793 5299 2015 5358 fuerint.

1856 5477 2082 5544 insuper
2111 5487 2234 5527 can.
2271 5472 2338 5525 50
2366 5473 2667 5541 episcopos,
2706 5469 2798 5540 qui
2829 5468 3018 5538 synodi
3050 5451 3337 5522 sententiis

1794 5581 1900 5620 non
1941 5581 1998 5620 se
2055 5565 2397 5627 submittunt,
2446 5565 2498 5617 in
2547 5563 2958 5628 magistratuum
3001 5565 3338 5629 potestatem

1792 5656 2004 5710 tradere
2048 5655 2232 5720 iubet;
2267 5668 2446 5710 verum
2491 5653 2695 5729 justum
2751 5665 2860 5707 non
2908 5659 3010 5716 est,
3033 5658 3092 5705 ut
3144 5646 3341 5704 sacrati

2891 3503 3147 3572 quoniam
3217 3517 3344 3557 vero
3423 3523 3428 3532 ι
