4094 6234
943 552 1681 714 PETRUS
1795 460 2717 708 POSSINUS

1507 849 2162 964 LECTORI.

302 1231 355 1291 l.
381 1231 712 1308 Dispungo
745 1246 888 1290 ecce
926 1247 1050 1291 non
1084 1237 1262 1291 vetus
1287 1245 1521 1289 nomen
1549 1241 1642 1304 ,ct
1674 1247 1864 1307 quam
1898 1229 2131 1290 debere
2159 1237 2302 1289 ante
2332 1226 2449 1288 hoc
2483 1227 2815 1289 biennium
2857 1243 3163 1304 cmperam
3212 1237 3445 1304 partem

220 1336 474 1394 alteram
515 1331 1035 1410 Pacbymerianm
1079 1331 1378 1407 historias,
1437 1333 1600 1394 haud
1651 1331 1853 1394 nimis
1895 1351 2063 1405 sera,
2115 1332 2166 1392 si
2201 1332 2405 1394 moles
2456 1333 2803 1392 aestimetur
2839 1331 3074 1407 cperis,
3124 1330 3450 1392 solutione

223 1443 642 1514 repraasento.
689 1435 1006 1496 Describit
1050 1452 1120 1497 ea
1154 1454 1262 1496 sex
1296 1445 1356 1498 et
1405 1436 1629 1512 viginti
1670 1435 1917 1514 priores
1975 1452 2177 1497 annos
2233 1435 2487 1513 imperii
2550 1435 2898 1495 Andronici
2953 1435 3312 1513 PalmOIOgi,
3374 1437 3454 1495 ab

223 1538 346 1616 ipsi
377 1534 759 1614 cognomine
818 1546 1046 1614 nepote
1106 1555 1220 1600 nec.
1285 1538 1464 1598 valde
1514 1536 1850 1599 concorde'
1891 1539 2131 1616 collega
2201 1539 2394 1614 vulgo
2446 1536 2762 1614 distingui
2818 1536 3104 1598 Senioris
3153 1524 3454 1615 adjuncto

227 1637 420 1699 soliti.
460 1641 572 1699 Est
629 1638 760 1700 base
796 1637 1226 1700 infelicissimi
1267 1639 1662 1718 principatus
1696 1641 1902 1720 imago
1958 1659 1990 1700 a
2051 1649 2268 1701 nostro
2303 1638 2610 1700 historico
2669 1639 2959 1711 formata,
2997 1642 3197 1719 magis
3221 1638 3450 1702 condi—

216 1739 396 1800 tione
469 1749 832 1819 argumenti
902 1759 1093 1822 quam
1164 1743 1426 1820 ingenio
1515 1743 1862 1823 pingentis,
1923 1743 2358 1805 Parrbasiaute
2411 1742 2591 1803 illius
2663 1744 2936 1819 similis,
3011 1761 3136 1825 qua
3202 1742 3450 1804 Plinius

210 1848 493 1939 testatur
547 1842 808 1918 damon,
867 1844 1006 1905 sive
1064 1847 1400 1922 populum,
1457 1847 1916 1910 Atheniensem
1969 1847 2046 1907 ab
2092 1847 2214 1908 isto
2269 1861 2524 1906 summo
2564 1845 2797 1908 artifice
2835 1846 2929 1907 sic
2974 1847 3449 1926 adumbratutn,

216 1950 289 2004 ut
341 1957 554 2004 mores
608 1944 745 2022 ejus
805 1953 1170 2024 motusque,
1211 1946 1354 2006 licet
1412 1947 1578 2007 inter
1615 1963 1757 2008 sese
1812 1946 2136 2020 contrarii,
2200 1946 2394 2006 simul
2452 1956 2656 2009 tamen
2702 1949 2763 2010 in
2805 1950 3016 2012 tabula
3047 1950 3148 2012 sui
3181 1968 3444 2014 sensum

217 2049 501 2120 cierent;
550 2057 1050 2129 agnosceretque
1083 2067 1210 2112 uno
1249 2051 1490 2112 intuitu
1550 2060 1870 2128 spectator
1933 2052 2229 2112 eumdem
2297 2051 2538 2112 varium
2594 2062 2652 2112 et
2694 2058 3115 2126 constantem,
3177 2055 3441 2115 iracun-

221 2151 374 2212 dum
461 2160 524 2213 et
587 2155 1020 2230 exorabilem,
1085 2157 1401 2234 iniustum
1474 2164 1534 2217 et
1599 2156 2014 2233 clementem,
2083 2157 2438 2236 gloriosum
2509 2166 2568 2218 ct
2630 2154 2982 2230 humilem,
3039 2156 3316 2218 ferocem
3386 2162 3452 2218 et

222 2251 545 2332 fugacem.
588 2257 719 2317 Pari
773 2257 1089 2337 siquidem
1129 2258 1443 2336 exemplo,
1499 2256 1648 2321 dum
1708 2259 1956 2322 sincera
1997 2259 2360 2321 narratione.
2408 2269 2624 2319 noster
2662 2257 3007 2319 Andronici
3065 2265 3198 2319 acta
3231 2257 3451 2335 expri-

222 2358 360 2433 mit,
424 2376 626 2422 unum
668 2361 878 2438 ipsum
937 2359 1216 2432 exhibet,
1281 2359 1430 2420 hinc
1481 2360 1997 2423 audacissimum
2051 2361 2389 2448 religionis
2440 2371 2971 2440 contemptorem,
3007 2362 3185 2422 illinc
3213 2377 3451 2440 super-

221 2465 665 2526 stitiosissime
720 2462 1258 2537 formidolosum;
1315 2461 1696 2543 plerumque
1756 2463 2111 2528 sollicitum
2187 2450 2653 2527 discordiarum
2704 2463 3004 2527 Ecclesia;
3056 2478 3451 2544 componen-

223 2568 477 2638 darum,
544 2582 690 2627 mox
757 2563 1402 2642 vehementissimam
1458 2565 1952 2628 disturbatOrem
2012 2565 2365 2629 conciliata:
2417 2573 2508 2628 tot
2570 2565 2898 2628 laboribus
2953 2581 2987 2627 a
3055 2573 3229 2644 patre
3281 2566 3454 2644 pacis

224 2665 697 2741 Ecclesiarum;
783 2667 1128 2748 aliquando
1190 2667 1360 2746 frugi
1427 2683 1498 2728 ac
1573 2684 1869 2747 parcum,
1959 2669 2172 2730 statim
2272 2667 2664 2730 effusissime
2746 2667 3130 2746 prodigum;
3205 2684 3457 2745 semper

223 2771 746 2831 versutissimum
807 2770 873 2833 in
945 2770 1412 2850 exCOgitatione
1479 2759 1804 2834 rationum
1847 2773 2016 2850 quod
2067 2771 2258 2834 vellet
2303 2771 2640 2839 alliciendi,
2673 2785 3003 2850 nunquam
3046 2785 3172 2830 non
3214 2768 3458 2845 impru-

214 2871 685 2962 dentissimum
745 2867 1182 2944 inelectione
1252 2872 1722 2944 consiliorum;
1770 2870 2142 2950 frequenter
2208 2889 2399 2950 supra
2461 2873 2717 2933 modum
2768 2871 3164 2934 affectantem
3225 2871 3456 2933 famam

217 2973 493 3035 ofﬁciosi
559 2989 704 3052 erga
771 2973 1357 3047 domesticos,.nec
1427 2992 1569 3038 raro
1641 2974 1843 3036 ferina
1926 2974 2254 3054 impietate
2327 2973 2843 3046 debacchantet'n,
2927 2973 3243 3035 violandis
3314 2974 3459 3034 sine

215 3085 523 3159 respectu
575 3077 1162 3141 necessitudinibus
1221 3079 1667 3151 sanctissimis,
1725 3080 1949 3157 utique
2015 3080 2125 3159 qui
2187 3095 2314 3140 non
2367 3079 2556 3140 modo
2609 3093 2732 3140 non
2768 3078 2851 3139 sit
2937 3077 3175 3146 veritus
3227 3095 3459 3140 aman-

219 3183 463 3245 tissimi
526 3190 588 3246 et
647 3182 843 3244 nimis
913 3181 979 3243 in
1037 3181 1249 3261 ipsum
1302 3182 1567 3244 beneﬁci
1633 3181 1913 3262 parentis
1988 3183 2362 3244 memoriam
2410 3180 2604 3260 justis
2674 3179 3057 3249 funebribus
3123 3183 3455 3255 fraudare;

226 3296 497 3347 matrem
571 3284 824 3362 viduam
884 3285 1235 3363 tyrannicis
1294 3286 1486 3346 minis
1531 3286 1607 3347 ad
1666 3268 1781 3345 viri
1850 3285 2081 3364 ipsius,
2136 3287 2333 3364 patris
2390 3285 2519 3360 sui,
2571 3283 2890 3364 judicium
2955 3285 3193 3364 scripto
3271 3287 3455 3348 dan.-

234 3392 511 3452 naudnm
591 3388 894 3465 adigere;
960 3387 1299 3465 conjugem
1375 3389 1542 3466 regis
1605 3388 1894 3464 Ungarim
1949 3389 2169 3464 filiam,
2239 3389 2422 3467 cujus
2479 3387 2821 3449 tenerrima
2875 3385 3121 3450 dilecta)
3187 3395 3456 3450 mortem

224 3492 613 3553 mollissime
664 3489 969 3564 flevisset,
1035 3506 1111 3551 ex
1172 3489 1293 3550 levi
1346 3489 1743 3568 suspicione,
1778 3495 2132 3569 sepulturas
2194 3492 2436 3552 honore
2509 3489 3114 3566 multare;fratrem
3181 3491 3460 3570 Porphy-

219 3592 593 3669 rOgenitum
665 3590 1078 3653 circumferre
1133 3588 1438 3651 clathrata
1498 3607 1686 3652 cavea
1745 3599 1808 3652 et
1867 3592 2010 3652 diro
2061 3608 2314 3653 carcere
2371 3590 2448 3653 ad
2511 3598 2776 3653 mortem
2831 3605 3179 3652 macerare:
3235 3600 3456 3654 Verum

219 3703 287 3754 et
353 3695 578 3754 horum
646 3701 889 3772 partem
953 3709 1078 3755 non
1123 3691 1468 3767 dubitarit,
1506 3692 1623 3754 uti
1674 3693 1953 3756 facinora
2011 3695 2333 3773 praeclara,
2366 3690 2768 3773 jactabundis
2822 3689 3098 3769 gloriose
3131 3674 3451 3757 ostentare

217 3793 683 3854 concionibus.
2731 3805 2734 3812 '

303 3897 388 3957 ll.
422 3896 714 3957 Moribus
765 3901 889 3958 tam
950 3895 1356 3960 instabilibus
1429 3895 1743 3976 principis
1807 3915 1976 3960 unus
2037 3899 2551 3963 constantissime
2632 3898 2962 3980 respondit
3035 3903 3455 3980 perturbatis-

223 3998 436 4058 simus
496 4004 556 4059 et
613 3997 1205 4060 calamitosissimus
1271 3999 1589 4060 universas
1636 3999 2006 4078 reipublicm
2058 4008 2284 4063 status.
2323 4003 2642 4065 Erarium
2710 4003 3136 4078 exinanitum,
3194 4022 3452 4086 semper

224 4099 526 4161 exhausti
598 4099 858 4162 tributis
920 4101 1312 4165 immanibus
1368 4103 1612 4181 populi,
1665 4106 2020 4167 interversa
2074 4106 2519 4168 ministrorum
2555 4125 2812 4187 quoque
2863 4109 3283 4188 palatinorum
3336 4131 3457 4174 au-

228 4210 645 4274 cturamenta,
681 4203 756 4263 ad
797 4202 1261 4265 mendicitatem
1316 4204 1546 4266 redacti
1617 4205 1975 4283 pudendam
2024 4206 2149 4284 ipsi
2185 4188 2866 4289 Ecclesite'proceres;
2907 4214 3127 4276 classis
3161 4216 3453 4278 funditus

238 4305 546 4381 neglecta,
615 4304 859 4397 arcium
931 4305 1406 4368 limitanearum
1465 4307 1757 4386 praesidia
1816 4308 2161 4383 subtracta,
2250 4320 2583 4375 terrestres
2636 4317 2956 4378 exercitus
3025 4318 3208 4395 plane
3263 4318 3456 4383 dissi-

242 4409 390 4480 pati,
456 4407 706 4467 inerme
751 4405 1100 4483 imperium
1155 4405 1418 4467 irritatis
1474 4418 1712 4467 temere
1756 4408 2048 4469 Barbaris
2121 4410 2466 4489 objectum,
2530 4431 2778 4476 summa
2838 4417 3052 4478 tutelas
3100 4434 3171 4479 ac
3229 4419 3455 4480 salutis

239 4511 508 4587 publica;
560 4510 770 4571 inﬁdis
819 4511 994 4584 feris,
1061 4510 1394 4590 rapacibus
1434 4511 1672 4572 exteris
1715 4511 2264 4574 iuconsultissime
2333 4506 2703 4586 commissa,
2757 4516 2905 4580 hinc
2960 4517 3171 4580 statim
3233 4536 3458 4582 conse-

231 4612 410 4674 cutis
465 4612 843 4676 necessariis
895 4613 1228 4674 elfectihus
1286 4612 1502 4684 talium
1544 4630 1905 4686 causarum,
1943 4615 2406 4678 vastationibus
2440 4619 2936 4696 provinciarum,
2985 4620 3458 4698 direptionibus

231 4714 525 4788 urbium,
585 4715 1081 4791 depraattatione,
1137 4713 1521 4790 captivitate,
1571 4717 1763 4787 crede,
1826 4713 1972 4793 fuga
2010 4717 2417 4793 populorum,
2487 4721 2881 4783 desolatione
2920 4723 3208 4783 omnium
3270 4723 3462 4786 fando

231 4833 526 4895 unquam
595 4816 956 4878 auditarum
1057 4815 1441 4887 tristissima,
1525 4824 1893 4878 cunctarum
1962 4817 2271 4880 latissime
2340 4821 2409 4882 in
2491 4833 2762 4903 utraque
2823 4826 2990 4885 Asius
3060 4827 3461 4909 EurOpaiquo

227 4923 610 4996 continente
683 4922 965 4981 Romano
1018 4919 1447 4996 subjectarum
1512 4913 2196 5000 imperioregion’um;
2256 4926 2392 5002 ipsa
2453 4928 2555 4986 vix
2613 4929 2770 4988 urbe
2823 4929 3017 5006 regia,
3077 4928 3256 5008 cujus
3311 4948 3454 5008 por-

229 5028 462 5096 tubus,
527 5026 706 5101 cujus
764 5022 960 5109 portis
1019 5023 1172 5082 mari
1245 5022 1477 5084 classes
1548 5023 1849 5099 piraticus,
1901 5034 2061 5086 terra
2113 5025 2621 5090 Iatrocinantium
2683 5028 2933 5090 infestas
3006 5031 3173 5092 acies
3235 5033 3460 5094 Barba-

232 5145 461 5190 rorum
524 5129 788 5213 impune
841 5143 1096 5203 semper
1159 5126 1580 5198 insultabant,
1631 5126 1791 5203 ipsa,
1837 5129 2124 5207 inquam,
2186 5131 2442 5209 imperii
2503 5135 2650 5196 sede
2730 5135 3282 5216 Constantinopoli
3358 5138 3456 5196 vix

233 5233 521 5292 liberum
596 5229 896 5307 Spiritum
965 5245 1146 5287 muro
1220 5238 1278 5288 ct
1345 5231 1839 5308 pmpugnaculis
1897 5241 2161 5303 tutante,
2241 5235 2411 5297 inter
2477 5251 2867 5315 grassantem
2948 5241 3121 5302 intus
3201 5241 3458 5308 famem,

226 5332 609 5392 smvientem
672 5328 842 5390 luem
910 5373 926 5403 ,
975 5329 1368 5390 seditionum
1432 5331 1600 5392 ferro
1649 5331 1783 5392 face
1859 5334 2370 5412 depraeliantium
2430 5343 2875 5419 sanguinarios
2931 5343 3206 5414 furores,
3242 5352 3459 5403 terras:

233 5442 481 5504 motus,
562 5429 693 5490 dira
770 5428 1093 5500 incendia,
1162 5437 1222 5489 et
1294 5430 1354 5490 id
1414 5447 1618 5506 genus
1679 5430 1998 5494 immissas
2049 5438 2364 5498 divinitus
2429 5444 2676 5514 clades;
2738 5459 2884 5519 quas
2937 5441 3232 5503 dubitare
3289 5441 3458 5500 cives

234 5529 642 5591 miserrimos
703 5533 1001 5604 cegerent
1070 5535 1207 5586 utra
1267 5538 1436 5589 esset
1495 5531 1705 5590 minus
1755 5532 2121 5595 calamitosa
2178 5535 2457 5613 fortuna,
2513 5543 2998 5619 gementiumne
3077 5542 3197 5602 sub
3261 5540 3458 5600 servi—

235 5641 372 5693 tute
447 5627 773 5692 barbarica
846 5625 1042 5686 Semel
1105 5629 1551 5701 abductorum,
1616 5649 1693 5692 an
1759 5634 1962 5693 adhuc
2036 5635 2157 5694 sub
2217 5647 2380 5698 tecto
2454 5643 2655 5718 patrio
2721 5644 3025 5703 extremis
3109 5639 3459 5703 terroribus

235 5727 678 5794 insidiantium,
746 5735 806 5784 et
861 5743 989 5802 quo
1066 5741 1212 5783 casu
1275 5727 1539 5800 perituri
1611 5746 1752 5789 mox
1816 5727 2054 5804 forent,
2125 5737 2451 5798 cruciabili
2531 5741 2848 5803 anxietate
2902 5742 3317 5802 incertorum.

568 5831 827 5887 l’nnou
882 5830 992 5886 Gn.
1043 5825 1298 5888 CXLIV.
3037 5840 3067 5898 1
