4086 6236
295 372 357 442 13
1696 376 2121 439 ιΡΒᾹζΡᾹΤΙΟ.
3485 372 3552 442 Η

295 508 439 556 mus
484 491 812 574 Europam
848 496 1045 559 armis
1080 494 1417 560 delibavit.
1447 495 1551 558 Sic
1575 504 1826 577 gest-um
1864 495 2201 559 Orchanes
2238 492 2425 556 annis
2459 492 2715 557 duobus
2756 499 2817 556 ct
2856 490 3082 573 viginti
3119 489 3549 572 principatum

288 597 652 668 transmisit
684 602 975 665 Amurati
1015 619 1094 663 ex
1130 618 1200 665 se
1230 602 1474 681 genito,
1505 600 1843 682 superstiti
1868 600 2257 680 relicto,qui
2294 598 3105 678 Callipoli,Hadrianopoli
3146 604 3209 661 et
3239 596 3555 673 subjectis

292 699 438 766 urbi
480 703 751 779 utrique
788 704 1167 784 regionibus
1199 707 1553 772 Romanam
1587 705 1893 768 minuens
1923 703 2186 777 artavit,
2222 702 2696 767 Ottomanicam
2742 685 3069 783 adtingens
3107 701 3400 771 dilatavit
3446 700 3552 761 di-

292 804 681 868 tienem.Ex
717 807 840 869 hoc
863 808 1240 887 Bajazcthes
1268 817 1460 873 natus
1492 808 1919 883 Thessaliam,
1946 808 2411 883 Macedoniam,
2450 807 2823 881 Phocidem,
2863 800 3450 892 Atticamhiysiam
3490 810 3555 863 et

291 905 663 984 Bulgariam
703 906 943 968 Grmcis
983 907 1250 988 eripuit.
1283 907 1456 971 Vicit
1489 914 1549 970 et
1590 908 1862 971 abduxit
1888 908 2311 970 Tamerlanes
2349 906 2750 989 Bajarethem
2776 951 2792 979 ,
2826 900 2948 970 sub
2983 907 3168 988 cujus
3199 904 3354 968 ﬁliis
3377 949 3392 975 ,
3435 908 3554 968 So-

295 1006 564 1081 iimane,
604 1011 811 1084 Musa,
843 1010 1209 1077 Mahomete
1234 1013 1293 1085 1.
1319 1012 1557 1074 breves
1593 1012 1770 1078 velut
1800 1008 2081 1084 inducim
2115 1012 2430 1078 malorum
2461 1010 2851 1094 Byzantinos
2900 1018 3556 1088 recrearunt,exspe-

301 1118 513 1173 ctantc
534 1100 757 1175 Deoan
781 1115 1261 1194 resipiscerent.
1279 1115 1401 1178 Sed
1426 1115 1771 1178 schismate
1797 1108 1930 1177 illic
1955 1122 2016 1177 et
2038 1113 2265 1175 hazresi
2292 1111 2854 1177 perseverantibus
2884 1129 3091 1175 novus
3128 1110 3296 1176 ultor
3319 1129 3555 1175 exsur-

307 1213 471 1273 rexit
516 1215 853 1295 Amurates
908 1217 1006 1292 ll,
1052 1216 1440 1280 Mahometis
1493 1216 1685 1296 primi
1744 1216 1959 1289 ﬁlius,
2011 1217 2280 1279 secundi
2344 1225 2543 1293 pater.
2595 1214 2715 1279 Hic
2761 1215 3278 1278 Thessalonicam
3326 1217 3561 1278 urbem

313 1314 653 1377 maxim-am
692 1322 1113 1397 expugnavit,
1151 1319 1544 1399 Hungaricis
1574 1318 1853 1381 Joannis
1897 1319 2241 1393 Huuiadis,
2295 1319 2719 1398 Epirensibus
2765 1318 3197 1401 Scanderbegi
3240 1320 3561 1382 successi-

307 1416 425 1477 bus
472 1419 826 1492 retardatus
862 1435 896 1481 a
937 1419 1654 1498 Constantinopolitano
1709 1419 2005 1487 funditus
2052 1420 2328 1498 imperio
2387 1420 2691 1483 delendo.
2723 1420 2990 1487 Interim
3045 1421 3217 1483 enim
3274 1420 3556 1483 clemen-

314 1517 593 1582 tissimus
643 1519 951 1588 Dominns
1002 1521 1304 1588 ultimum
1362 1524 1537 1589 velut
1592 1509 1875 1604 experiri
1927 1526 2225 1591 conatum
2262 1526 2466 1589 voluit
2510 1525 2764 1592 Graecos
2798 1525 3180 1591 restituendi
3222 1524 3560 1589 catholicas

303 1626 755 1689 communioni
786 1644 864 1690 ac
902 1628 1495 1709 fidei,‘con5regata
1528 1630 1695 1694 circa
1727 1630 1958 1694 Christi
2000 1648 2241 1693 annum
2296 1632 2451 1695 1M0
2493 1650 2669 1696 sacra
2714 1633 3121 1697 mcumenica
3181 1633 3558 1697 Florentina

301 1731 582 1809 synodo,
623 1732 687 1795 in
728 1750 855 1816 qua
889 1751 1052 1817 nova
1101 1735 1409 1801 Ecclesia:
1444 1738 1680 1800 Graecae
1713 1754 1857 1799 cum
1900 1737 2116 1799 Latina
2156 1739 2407 1802 tandem
2453 1748 2549 1804 est
2595 1741 2966 1805 conciliatio
3016 1742 3280 1803 sancita.
3312 1737 3559 1803 Verum

298 1835 483 1895 etab
520 1833 636 1897 hac
668 1836 1261 1919 rursus-plerisque
1296 1839 1591 1917 ipsorum
1636 1840 2119 1913 resilientihus,
2157 1840 2556 1904 Mahometes
2584 1843 2640 1905 il
2667 1890 2684 1918 ,
2723 1844 3049 1907 Amuratis
3092 1841 3363 1905 secundi
3405 1858 3562 1904 suc-

211 2021 213 2023 .
300 1951 527 1998 cessor
578 1944 637 1997 et
688 1937 858 2000 ﬁlius
889 1985 905 2012 ,
939 1941 1569 2020 ConstantinOpolim
1624 1941 1681 2003 vi
1739 1942 1908 2021 cepit
1957 1960 2129 2005 anno
2174 1942 2322 2005 Chr.
2374 1943 2554 2029 1553,
2584 1953 2645 2008 et
2690 1946 2870 2009 urbis
2916 1954 3295 2027 expugnatae
3344 1946 3567 2021 ruinis

302 2039 546 2101 obruto
581 2040 1005 2105 Constantino
1052 2044 1441 2124 imperatore
1477 2044 1617 2121 ejus
1656 2044 1946 2106 nominis
1998 2053 2221 2107 octavo
2250 2092 2267 2122 ,
2309 2046 2815 2127 Palmologorum
2869 2050 3218 2112 Andronici
3270 2044 3564 2130 postero-

308 2158 451 2206 rum
488 2137 717 2209 ordine
748 2153 961 2219 sexto,
1007 2146 1180 2208 sorte
1223 2146 1478 2215 ultimo,
1511 2144 1862 2223 imperium
1896 2145 2229 2209 Orientale
2264 2146 2570 2221 abolevit,
2614 2148 2952 2213 manifeste
3004 2151 3563 2231 ultusrescissa-m

304 2262 345 2306 a
396 2245 635 2307 Graecis
681 2247 1027 2312 sewndam
1077 2264 1222 2309 cum
1262 2247 1507 2310 Latinis
1541 2246 2035 2310 conventionem
2072 2250 2327 2327 publice
2357 2234 2981 2321 initamFlorentiaa.
3008 2252 3175 2314 sicut
3205 2254 3280 2314 ad
3331 2252 3567 2331 prioris

313 2346 738 2409 violationem
779 2346 841 2408 in
879 2347 1303 2427 Lugdunensi
1330 2349 1583 2425 coalitee
1612 2346 1888 2411 concilio
1923 2348 2371 2414 vindicandam
2400 2351 2712 2415 excitatus
2734 2351 3052 2416 divinitus
3082 2352 3294 2436 fuerat
3325 2355 3391 2417 in
3427 2374 3591 2419 mat

311 2456 531 2535 jorum
566 2454 708 2533 ejus
739 2454 909 2517 serie
938 2443 1242 2517 continua
1279 2464 1449 2518 retro
1481 2462 1703 2518 sextus
1726 2455 2139 2529 ,Ottomancs.

394 2560 472 2621 ν.
502 2557 711 2636 Hujus
744 2558 882 2620 orbi
915 2557 1221 2621 universo
1256 2558 1756 2623 luctuosissimm
1784 2560 2106 2637 tragcediaa
2131 2560 2377 2639 primus
2398 2570 2576 2625 actus
2605 2563 2987 2644 Pachymere
3010 2565 3281 2629 docente
3318 2565 3378 2629 in
3412 2568 3554 2643 hac,

312 2658 502 2740 rujus
536 2660 728 2721 modo
759 2657 1068 2737 siparium
1096 2659 1501 2733 reducimus,
1531 2676 1727 2736 scena
1770 2658 1943 2720 velut
1982 2661 2254 2738 quadam
2307 2661 2580 2729 luditur.
2614 2665 2943 2744 Nusquam
2979 2663 3129 2727 alibi
3168 2665 3568 2746 principatus

320 2754 512 2829 istius
543 2747 752 2845 κυρῐαξ
776 2774 959 2840 δόξας,
990 2773 1154 2840 vota,
1198 2782 1363 2838 orsa,
1400 2765 1753 2838 destinata,
1793 2765 2461 2851 machinamentorum
2501 2768 2806 2849 obliquos
2840 2768 3047 2833 ﬂexus
3074 2813 3090 2843 ,
3123 2769 3380 2833 fucosas
3423 2788 3571 2851 spo-

308 2871 450 2936 cics
475 2872 883 2952 obtentuum,
914 2878 1265 2932 astutamm
1300 2886 1526 2931 arcana
1563 2869 1974 2932 molitionum
2000 2917 2016 2944 ,
2055 2869 2229 2933 vafra
2272 2875 2623 2954 eademque
2649 2890 2822 2937 cassa
2849 2875 3231 2953 plerumque
3258 2894 3571 2940 successu

318 2979 558 3037 artium
588 2974 1045 3053 illaudatarum
1097 2981 1484 3038 tentamenta
1523 2973 1809 3053 reperias
1834 2974 2149 3052 descripta
2167 2974 2790 3057 caudide,patefacta
2814 2975 3199 3057 simpliciter
3232 2995 3272 3041 τι
3312 2972 3573 3040 conscio

321 3081 383 3132 ct
431 3069 723 3153 a‘utOpta.
761 3074 1061 3139 Summus
1106 3074 1295 3134 modo
1348 3071 1574 3133 barum
1610 3070 1830 3149 apices
1876 3088 2091 3133 rerum
2142 3074 2480 3150 pervolans
2525 3075 2781 3155 stringit
2817 3069 3573 3157 Gregoras,unus,quczt

322 3175 517 3238 sciam
574 3174 743 3237 alius
764 3175 1128 3237 Graecorum
1172 3184 1423 3255 tempus
1462 3173 1637 3237 istud
1683 3180 1982 3248 tractans,
2016 3174 2327 3256 idemque
2385 3194 2515 3240 non
2557 3177 2849 3241 omnium
2896 3178 3220 3260 inspector
3269 3198 3574 3261 praascns.

327 3282 567 3360 quippe
618 3279 1445 3361 juniorPachymere,.uec
1508 3279 1981 3359 comparandus
2042 3279 2196 3343 huic
2254 3280 2567 3361 dignitate
2607 3290 2675 3343 et
2740 3282 2947 3363 impar
2988 3282 3580 3365 judicio;insuper

327 3384 540 3449 favore
574 3383 783 3446 nimio
810 3386 872 3446 in
907 3392 1114 3465 partes
1146 3384 1271 3446 sibi
1300 3382 1491 3446 amici
1518 3384 1813 3448 Seuioris
1838 3384 2148 3446 adversus
2180 3383 2511 3445 leniorem
2538 3383 2862 3469 declarato
2884 3367 3580 3462 Andronicum,studio

329 3502 473 3565 erga
507 3487 911 3548 Barlaamum
959 3484 1492 3561 haeresiarcham,
1528 3484 1768 3550 invidia
1817 3484 2116 3549 factionis
2192 3485 2698 3565 Acindynianae,
2742 3488 2927 3566 cujus
2975 3495 3110 3551 erat
3159 3488 3428 3569 signifer
3453 3539 3481 3565 ,,
3507 3491 3583 3552 li-

324 3589 530 3653 rtentia
572 3591 961 3653 obtrectandi
1004 3591 1411 3672 principibus
1441 3598 1503 3655 et
1535 3590 1906 3666 monachis,
1941 3589 2405 3654 indelebihbus
2465 3591 2757 3655 maledici
2791 3606 2865 3654 ac
2892 3593 3217 3657 mendacis
3261 3597 3339 3658 ab
3373 3595 3578 3674 ipSIus

326 3694 560 3771 aequali
607 3694 1044 3758 Cantacuzeno
1091 3691 1500 3772 stigmatihus
1561 3691 1735 3754 inuri
1793 3690 2094 3765 meritus;
2134 3690 2415 3772 denique
2446 3706 2669 3769 parum
2697 3692 2897 3753 etiam
2928 3693 3366 3772 Cantacuzeno
3396 3684 3579 3759 defe-

328 3804 611 3867 rentium
669 3810 731 3866 et
796 3799 1146 3865 liberorum
1208 3800 1385 3873 omni
1444 3798 1818 3879 prmjudicio
1868 3800 2178 3861 lectorum
2228 3812 2412 3877 requa
2455 3796 2772 3860 sententia
2845 3798 3184 3873 notabilis,
3226 3801 3399 3879 quod
3454 3800 3579 3869 sibi

321 3905 557 3973 famam
603 3907 772 3979 ﬁdei,
801 3921 948 3987 quas
984 3914 1081 3965 est
1116 3903 1327 3966 anima
1360 3900 1666 3971 historias,
1703 3918 1831 3963 non
1864 3901 2020 3962 satis
2051 3900 2329 3963 sollicite
2348 3900 2432 3963 sit
2463 3902 2667 3967 tuitus
2694 3900 3003 3965 adversus
3019 3902 3234 3985 justas
3256 3902 3583 3982 suspicio-

327 4030 448 4076 nes
482 3991 631 4092 styli
672 4014 1010 4075 aﬂectibus
1040 4009 1309 4074 obnoxii
1341 4017 1405 4072 et
1432 4008 1683 4089 ingenii
1715 4009 1984 4075 venalis.

411 4120 523 4183 Vl.
566 4118 839 4181 Unicum
870 4134 1033 4198 ergo
1067 4115 1417 4181 Andronici
1456 4124 1740 4177 actorum
1782 4122 2002 4177 testem
2033 4112 2247 4187 hunc,
2290 4114 2579 4194 prudens
2608 4114 2860 4186 Lector,
2897 4111 3062 4177 habe
3102 4115 3415 4179 idoneum
3454 4115 3585 4175 Pa-

328 4229 702 4305 ch-ymerem
731 4248 747 4301 ;
773 4242 893 4288 nec
926 4234 1139 4286 metue
1162 4225 1511 4304 perniciem
1534 4243 1679 4306 qua)
1706 4240 1740 4287 a
1762 4225 2127 4287 narratione
2146 4220 2437 4286 felicium
2462 4225 2779 4285 scelerum
2802 4221 3074 4285 cavenda
3102 4225 3329 4286 mer-ito
3359 4224 3579 4303 legen-

340 4337 514 4397 tibus
549 4332 1017 4414 praescribitur,
1048 4350 1130 4393 ne
1168 4332 1240 4394 ad
1275 4331 1708 4394 imitationem
1758 4324 2057 4413 incautos
2084 4330 2423 4393 allectent.
2462 4330 2691 4409 Magna
2724 4328 2829 4391 hic
2863 4329 3213 4391 Andronici
3261 4328 3580 4402 senioris,

342 4436 446 4499 sed
476 4435 781 4500 vindicta)
809 4428 975 4497 acris
1011 4451 1131 4496 nec
1159 4434 1374 4497 dilatae
1409 4432 1709 4514 prmsenti
1744 4432 1923 4494 velut
1956 4431 2295 4504 antidoto,
2330 4431 2661 4509 nullojjam
2694 4429 2986 4510 periculo
3018 4430 3579 4512 cognoscentium,

347 4538 609 4601 crimina
647 4536 1033 4616 produntur.
1066 4536 1423 4599 Exhibetur
1454 4537 1506 4597 is
1544 4535 1947 4613 fmdifragus,
1982 4533 2336 4613 perduellis
2362 4531 2594 4597 Christi
2628 4532 2903 4609 vicario,
2936 4542 3316 4604 contumax,
3351 4542 3583 4599 conui-

350 4640 681 4713 meliosus,
717 4638 1196 4721 ingratissimus
1229 4639 1533 4702 Ecclesia:
1564 4640 1935 4718 apostolica;
1968 4641 2271 4700 Romanae
2309 4658 2323 4697 :
2357 4635 2467 4698 sed
2521 4646 2583 4697 et
2623 4638 2945 4700 continuo
3004 4639 3174 4700 idem
3223 4639 3589 4703 ostenditur

337 4745 988 4827 iniprudentissimus
1017 4746 1079 4806 in
1107 4743 1285 4807 omni
1307 4744 1607 4817 consilio,
1634 4743 2127 4807 infelicissimus
2160 4741 2227 4803 in
2261 4739 2440 4803 omni
2475 4749 2714 4818 empto;
2746 4740 2917 4803 nulli
2940 4744 3234 4821 quamvis
3258 4745 3607 4813 imbecillo,

325 4874 469 4920 non
495 4855 930 4918 Succumbens
964 4852 1156 4928 hosti,
1187 4851 1348 4916 nulli
1381 4870 1506 4914 non
1543 4852 1895 4915 ludibrium
1948 4848 2268 4913 adversari
2299 4864 2456 4910 auso
2480 4848 2775 4927 prmbens
2801 4891 2817 4918 ,
2855 4848 3123 4929 impune
3155 4868 3411 4931 semper
3441 4867 3593 4913 con-

331 4968 650 5038 temptus,
678 4972 822 5018 cum
844 4954 1027 5017 lucro
1060 4954 1335 5024 irrisus;
1377 4952 1560 5031 cujus
1596 4952 1786 5013 minae
1818 4950 2071 5013 nullum
2109 4948 2383 5028 pondus,
2410 4946 2652 5008 nullam
2682 4950 3103 5010 constantiam
3130 4952 3416 5028 decreta,
3442 4959 3590 5015 nul-

332 5047 684 5127 iam-tidem
733 5061 959 5131 verba,
1002 5057 1250 5119 nullum
1284 5056 1605 5119 desideria
1654 5072 2021 5117 successum
2065 5053 2447 5124 habuerint;
2486 5052 2710 5112 umbra
2744 5050 3172 5131 imperatoris,
3211 5058 3379 5120 larva
3412 5057 3593 5138 prin-

334 5155 531 5247 cipis,
564 5180 799 5242 scopus
839 5164 1030 5225 sortis
1065 5163 1347 5223 adversm
1373 5209 1388 5235 ,
1425 5160 1749 5224 fecundus
1778 5160 1846 5221 in
1883 5176 2074 5237 suum
2109 5159 2388 5220 dedecus
2421 5171 2492 5216 ac
2544 5154 2887 5231 damnum,
2925 5160 3254 5239 longaevus
3307 5166 3380 5226 ad
3440 5182 3590 5246 per-

344 5270 719 5351 petuitatem
758 5267 1076 5341 miserias;
1106 5267 1431 5345 denique,
1463 5283 1498 5328 a
1539 5284 1666 5344 quo
1704 5262 2191 5325 inclinationem
2234 5261 2524 5325 ultimam
2566 5264 2641 5326 ad
2676 5265 2947 5327 exitium
3012 5264 3430 5343 irreparabile
3485 5267 3594 5329 in-

339 5372 516 5455 clyto
538 5378 760 5454 decem
792 5372 1048 5436 smculis
1082 5389 1262 5434 novre
1296 5374 1516 5434 Romm
1548 5369 1829 5449 imperio
1863 5370 2068 5431 datam
2104 5365 2319 5429 omnis
2346 5371 2491 5447 jure
2532 5371 2878 5449 deplorans
2911 5375 2971 5431 et
3004 5370 3324 5432 detestans
3381 5381 3591 5449 poste-

338 5480 495 5548 ritas
528 5483 863 5557 queretur.
892 5473 1340 5547 Hmc,candide
1380 5476 1625 5547 Lector,
1652 5480 2073 5534 occurrerunt
2106 5487 2251 5552 quae
2288 5470 2352 5532 in
2392 5471 2513 5535 hoc
2549 5472 2661 5535 tibi
2690 5472 2916 5535 limine
2955 5471 3278 5552 praefarer.
3316 5473 3467 5536 Nam
3514 5476 3594 5540 de

344 5598 485 5645 mea
536 5574 1001 5656 interpretandi
1036 5575 1320 5649 ratione,
1352 5577 1431 5638 de
1464 5574 1694 5638 ordine
1740 5590 1812 5636 ac
1859 5571 2158 5633 methodo
2196 5572 2458 5659 notandi
2497 5576 2719 5640 eadem
2766 5592 2911 5657 quae
2970 5574 3037 5639 in
3093 5576 3300 5641 fronte
3356 5580 3597 5658 prioris

340 5683 544 5765 partis
576 5679 909 5750 admonui,
947 5676 1115 5741 dicta
1154 5676 1258 5741 hic
1287 5694 1549 5758 quoque
1590 5678 1781 5739 velim
1833 5674 2143 5755 intelligi.
2172 5678 2352 5740 Vale.

425 5784 793 5853 Scribc’oam
824 5783 1043 5845 Romae
1072 5781 1279 5861 pridie
1310 5781 1460 5843 ldus
1500 5778 1789 5843 Januarii
1831 5792 1999 5839 anno
2031 5776 2269 5839 Christi
2314 5782 2491 5843 1668.

1934 5913 2011 5927 -ο
