4086 6236
412 276 497 331 at
1627 272 1957 351 GEORGll
1997 272 2480 366 PACHYMEB/E
3042 324 3043 327 γ
3621 278 3699 340 32

426 378 725 452 προτιθεῖσι
746 380 861 442 δύο,
885 378 944 433 ὃν
969 378 1070 452 μὲν
1093 380 1250 434 κενὸν
1278 382 1357 445 είς
1384 379 1549 452 τιμὴν
1570 384 1663 435 καὶ
1690 383 1875 453 σχῆμα
1904 382 1996 436 τοῦ
2031 388 2071 442 Α
2102 383 2187 453 εἴη
2210 384 2675 452 γινώσκονταςως
2706 388 2772 442 τά
2799 388 3029 459 μέγιστα
3062 389 3417 457 παραϐάντας
3448 392 3699 467 ἔκρινον,

426 475 765 545 πατριάρχου
798 473 1442 537 Κωνσταντινουπόλεως,
1469 473 1529 527 ὃν
1558 474 1612 527 δὲ
1632 476 1721 527 τὸν
1748 472 2003 539 Ἀλεξαν-

428 568 609 637 δρείας
641 565 1113 635 προκαθεζόμενον
1144 566 1356 636 ἔχοντα.
1387 568 1494 621 Καί
1522 566 1574 636 γ’
1612 568 1837 632 ἑαυτοὺς
1868 566 2004 622 κάθ-

429 652 653 715 ιστῶσιν
700 661 778 722 είς
814 658 1009 729 δικαίῳ
1034 658 1129 711 τοῦ
1187 659 1525 731 πατριάρχου
1583 660 2005 733 ἦδηνοσοῦντος

428 750 881 821 τοποτηροῦντας,
917 750 1134 804 σύνοδόν
1162 768 1218 803 τε
1263 751 1653 823 συγκροτοῦσιν
1676 754 2003 825 ἀρχιερέων,

430 846 698 916 παρόντος
755 846 853 915 μὲν
872 847 1061 903 beata:
1123 845 1337 898 καὶτοῦ
1404 845 1640 916 μεγάλου
1696 847 2007 916 λογοοὲτου,

430 938 699 1010 παρόντος
724 939 779 992 δὲ
811 937 906 1002 καὶ
935 939 1203 1009 Γεωργίου
1242 939 1337 991 τοῦ
1388 940 1635 1011 Κυπρίου
1669 944 1763 994 καὶ
1789 941 1882 994 τοῦ
1908 934 2008 1012 ῥή-

431 1048 584 1099 τορος
628 1030 947 1098 Ὀλοϐὠλον,
994 1033 1117 1100 ἄρτι
1173 1032 1237 1083 ἐκ
1280 1031 1382 1102 τῆς
1414 1032 1504 1086 τοῦ
1539 1034 1775 1102 μεγάλου
1811 1034 2006 1107 ’Δγροῦ

435 1124 603 1195 μονῆς
636 1124 1096 1196 ὲπιδεδημηκδτος
1128 1126 1194 1196 τῇ
1222 1126 1659 1188 Κωνσταντίνους
1685 1128 1779 1182 καί
1808 1145 1870 1198 γε
1909 1128 2009 1184 τοῦ

393 1277 396 1280 ,
438 1220 673 1292 μοναχοῦ
710 1220 989 1273 Θεοδοσίου
1014 1219 1466 1287 Σαπωνοπυύλου,
1497 1220 1558 1276 ὃν
1585 1224 1645 1285 ὲν
1664 1214 2005 1292 πρωτονοτα-

438 1314 573 1382 ρίοις
603 1312 817 1382 ἔχοντος
872 1310 966 1363 τοῦ
1012 1308 1336 1384 κρατοῦντος
1381 1315 1408 1366 ὁ
1464 1316 1695 1386 μοναχδς
1735 1316 2010 1382 διεδέξατο

438 1406 573 1472 βίος,
600 1406 693 1459 καὶ
713 1405 887 1460 ἄλλων
905 1406 1169 1457 πλείστων
1193 1406 1645 1476 προκαθημένων.
1679 1411 1787 1463 Καὶ
1812 1410 1880 1464 τὰ
1902 1404 2011 1465 τῶν

412 1480 762 1569 ’γραφέντων
786 1498 1032 1552 εὐθύνειν
1054 1500 1374 1570 ἠϐούλοντο,
1406 1500 1508 1555 οὐκ
1532 1504 1781 1575 εἰρηνικῇ
1821 1505 2009 1577 σκέψει

443 1591 664 1656 μᾶλλον,
692 1590 751 1643 τὸ
781 1591 878 1661 μὲν
902 1592 1143 1660 ἀσφαλὲς
1176 1594 1543 1663 ἐγκρίνοντες,
1570 1595 1627 1647 τὸ
1659 1596 1703 1647 δ’
1733 1598 2011 1668 ἅπεμφαῐ-

438 1699 527 1734 νον
576 1684 925 1746 εὐθύνοντεςο
956 1685 1274 1747 saxeum
1334 1686 1608 1741 σκάνδαλα
1666 1686 1850 1759 ᾔρετο,
1906 1690 2011 1743 κᾶν

2114 477 2211 531 καὶ
2244 479 2413 549 μηδὲν
2442 478 2603 550 ὀρθοὖ
2657 480 2793 546 ὅλως
2838 482 3201 554 παρηκλῖναι
3258 487 3696 559 διατεινομένους

2114 567 2388 632 nemo»;
2447 568 2677 642 ἐζήτουν
2732 572 2991 638 πίστεῳςε
3052 575 3113 629 Ei
3151 576 3199 630 δ’
3226 576 3425 646 ἔγρυξέ
3455 597 3539 643 τις
3566 580 3697 651 περὶ

2113 660 2400 731 δογμάτων
2450 663 2689 734 γράψας,
2724 665 2783 719 οὐ
2818 665 2879 719 τὸ
2907 668 3142 738 γραφὲν,
3200 670 3293 722 τὸν
3330 662 3617 741 γράψαντα
3646 672 3694 727 δ’

2114 754 2425 826 αἰτιώμενοι
2456 757 2767 833 καταδίκαις
2801 759 3013 829 ὑπῆγον
3042 760 3323 831 ἐσχάταις.
3376 764 3485 818 Καὶ
3520 772 3692 835 προη-

2116 850 2395 917 γουμένως
2412 850 2573 914 αὐτὸς
2596 851 2658 921 δὴ
2681 853 2710 905 ό
2734 852 2841 906 τῶν
2867 852 3171 922 λογοθετῶν
3198 853 3392 925 μέγας,
3418 856 3446 908 ὁ
3469 856 3563 911 καὶ
3584 855 3694 927 πῦρ

2114 942 2293 995 πλέων
2323 942 2464 1015 ὑπὲρ
2495 944 2805 1016 δογμάτων,
2836 945 2913 1011 ὡς
2968 946 3154 1018 ἐῴκει,
3197 952 3425 1021 παρεῖχε
3470 947 3535 1003 τὸ
3568 948 3694 1018 σύγ-

2116 1052 2349 1106 γραμμα
2380 1037 2653 1104 καίεσθαι,
2682 1038 2780 1110 οὐχ
2807 1040 2891 1108 δτι
2919 1040 3182 1108 ἔσφαλταί
3216 1043 3288 1103 οἱ,
3318 1043 3456 1096 καθά
3499 1042 3562 1111 δὴ
3600 1044 3697 1096 κο.)⁸

2116 1127 2279 1192 αὐτὸς
2320 1128 2537 1196 ἔνορκος
2570 1114 2778 1207 ὲηπὶδτῇ
2824 1129 3025 1203 συνόδῳ
3081 1130 3423 1200 διωμολόγει,
3469 1131 3697 1187 αὐτόθεν

2116 1219 2546 1289 λογογραφοῦντι
2606 1222 2735 1293 περὶ
2793 1222 3102 1291 δογμάτων,
3155 1224 3274 1279 ἀλλ’
3326 1225 3409 1279 δτι
3462 1226 3697 1295 γράφειν

2119 1310 2276 1383 ἐπῄει
2322 1314 2413 1365 καὶ
2458 1315 2771 1367 συντάττειν
2825 1314 3042 1385 Πτὲρων
3093 1317 3233 1387 ῥητὰ
3264 1317 3514 1387 χρήσιμά
3576 1321 3695 1380 πως

2117 1400 2378 1457 δοκοῦντά
2414 1404 2462 1455 oi
2495 1404 2632 1471 πρὸς
2662 1404 2729 1457 τά
2753 1404 2876 1457 τότε
2898 1405 3219 1474 τελούμενα,
3248 1406 3420 1466 ταῆτα
3446 1406 3540 1459 καὶ
3566 1405 3699 1460 πολ-ν

2118 1494 2227 1548 λῶν
2251 1497 2515 1567 πρότερον
2533 1498 2628 1551 καὶ
2662 1499 2913 1565 μεγάλων
2931 1500 3113 1563 αὐτοῖς
3136 1499 3200 1571 δὴ
3225 1516 3435 1571 συγχρη
3447 1500 3701 1570 σαμένιιὶν

2119 1584 2204 1654 ἐφ’
2230 1588 2440 1656 ὁμοίαις
2465 1590 2585 1653 ταῖς
2619 1589 2973 1645 ὑποθέσεσιν·
3000 1590 3115 1645 ἀλλ’
3135 1592 3296 1662 ,ὅμως
3320 1591 3549 1662 ἐπείπερ
3593 1592 3696 1643 οὐκ

2120 1678 2177 1730 ὲν
2197 1679 2370 1749 καιρῷ
2405 1682 2624 1751 εἰρήνης
2652 1682 2969 1755 ἑλέχθησαν,
3008 1682 3125 1741 ἀλλ’
3148 1686 3233 1738 ὅτι
3257 1684 3427 1737 δεινόν
3456 1702 3509 1738 τι
3539 1683 3696 1752 κῦμα

442 1775 617 1838 καλῶς
644 1778 691 1845 οἱ
710 1777 1016 1846 γράφοντες
1045 1772 1192 1847 εἶχον
1224 1778 1322 1847 τῆς
1360 1778 1544 1847 δόξης,
1566 1756 1834 1849 οὗχδπως
1862 1782 2014 1853 ἔκρι-
2046 1756 2093 1817 ν
2122 1771 2217 1823 καὶ
2240 1771 2488 1841 τετριγδς
2511 1775 2866 1845 κατεστρὸδει
2896 1775 2995 1846 τὴν
3032 1776 3357 1847 Ἐκκλησίαν
3385 1776 3565 1845 ὲκῆς
3586 1774 3702 1827 τῶν

441 1884 534 1918 νον
559 1868 749 1932 ὲξετάζ
754 1886 851 1933 ειν,
881 1867 1018 1921 ἀλλά
1043 1869 1201 1940 μόνον
1246 1870 1328 1923 ὅτι
1356 1872 1451 1923 καὶ
1476 1871 1723 1939 δόγματα
1746 1872 2016 1948 ἐλαλήθη-

446 1976 547 2013 σαν
574 1960 669 2013 καὶ
701 1960 916 2030 γραφαὶ
967 1960 1385 2030 ἀνεπτύχθησαν
1432 1964 1526 2015 καὶ
1557 1964 1705 2030 λόγοι
1758 1966 2015 2036 Πατέρων

444 2052 525 2113 είς
556 2053 725 2123 ἀκοὴ-ι
761 2051 843 2124 [Ρ.
885 2051 973 2124 14]
1008 2052 1167 2105 ὠτίου
1225 2054 1510 2123 ἐτέθησαν,
1549 2055 1811 2128 μεγίστην
1843 2057 2016 2114 ταῦτα

445 2143 797 2214 παραεασίαν
826 2145 1138 2216 ἡγούμενοι,
1169 2144 1290 2210 τοὺς
1346 2146 1470 2217 μηδ’
1501 2148 1530 2201 ὅ
1556 2165 1608 2200 τι
1670 2148 1767 2201 καὶ
1807 2149 2018 2222 αἵρεσις

447 2326 718 2388 maximae.
753 2325 809 2380 in
854 2341 983 2381 suas
1034 2324 1309 2381 attrahere
1338 2337 1522 2398 partes
1574 2343 1686 2382 non
1748 2328 2018 2385 inutiliter

445 2419 651 2479 conati,
689 2416 827 2470 duos
864 2418 1093 2471 thronos
1126 2426 1456 2483 statuerunt,
1492 2422 1725 2475 alterum
1762 2435 2017 2486 vacuum.

444 2508 755 2579 insignibus
780 2518 1034 2565 Ornatum
1070 2512 1395 2581 patriarchae
1424 2512 2022 2585 Constantinopolitani

444 2601 670 2672 Josephi
725 2612 786 2659 et
836 2602 989 2671 quasi
1034 2616 1159 2657 eum
1211 2610 1720 2674 reprzesentantem,
1772 2608 1919 2677 quod
1972 2607 2019 2663 is

446 2692 623 2751 morbi
656 2698 983 2764 necessitate
1015 2696 1346 2758 decumbens
1386 2712 1629 2768 prmesse
1671 2700 1879 2770 synodo
1923 2714 2020 2755 ne-

447 2787 659 2855 quiret;
684 2786 920 2859 ralterum
944 2787 1033 2841 cui
1073 2786 1245 2856 palam
1274 2788 1585 2858 prtesidercl
1620 2789 2019 2849 Alexandrinus

444 2877 798 2944 Athanasius,
816 2892 875 2933 se
892 2887 1073 2933 autem
1092 2879 1261 2950 ipsos,
1277 2878 1571 2950 utJosepbi
1587 2879 1772 2954 aegroti
1789 2882 2020 2939 vicarios

447 2981 502 3025 et
524 2974 643 3039 ejus
665 2986 926 3026 sensuum
960 2973 1182 3035 nuntios
1217 2987 1279 3028 ac
1316 2973 1613 3029 voluntatis
1641 2984 2017 3043 exsecutores,

452 3068 507 3119 in
546 3065 724 3135 capite
753 3064 941 3138 synodi
973 3064 1233 3135 fixerunt.
1272 3064 1554 3137 Frequens
1586 3068 1713 3123 inde
1763 3071 2021 3123 convenit

448 3160 829 3228 cpiscoporum
858 3170 1055 3223 coetus,
1099 3168 1368 3229 praesente
1404 3160 1604 3215 ibidem
1649 3177 1847 3232 magno
1877 3162 2023 3232 Iugo.

454 3251 621 3310 theta.
651 3260 918 3320 praesente
943 3250 1169 3321 insuper
1198 3249 1434 3322 Georgio
1469 3251 1667 3322 Cyprio
1695 3262 1750 3307 et
1803 3254 2024 3309 rhetore

454 3343 715 3399 Holubolo
740 3359 914 3411 nuper
965 3358 1033 3397 ex
1092 3342 1263 3412 Magni
1314 3342 1442 3413 Agri
1499 3346 1832 3399 monasterio
1885 3345 2027 3400 Con-

454 3434 865 3506 stantinopolim
893 3448 1131 3499 reverso,
1163 3434 1440 3489 assidente
1465 3445 1725 3505 praeterea
1758 3438 2026 3492 monacho

455 3528 766 3584 Theodosio
793 3528 1162 3599 Saponopulo,
1198 3528 1286 3598 qui
1313 3544 1375 3583 ex
1414 3528 1607 3583 ordine
1624 3530 2026 3600 protonotario-

456 3636 577 3675 rum
608 3620 954 3691 imperatoris
995 3620 1047 3675 in
1093 3623 1262 3674 vitam
1303 3620 1661 3676 monasticam
1711 3623 2024 3686 transierat,

456 3711 689 3782 aliisque
716 3712 915 3781 pariter
939 3711 1320 3767 assistentibus
1374 3711 1643 3783 plurimis.
1705 3712 1906 3770 Delata:
1959 3715 2026 3769 ad

459 3806 605 3860 hunc
659 3812 988 3859 conventum
1035 3802 1265 3860 Joannis
1302 3803 1463 3859 Vecci
1520 3815 1575 3860 et
1625 3806 2025 3877 pnecipuorum

457 3914 581 3951 cum
617 3895 708 3950 illo
740 3897 1043 3951 concordiae
1070 3898 1297 3953 duarum
1347 3897 1714 3952 Ecclesiarum
1743 3909 2026 3954 auctorum

462 3990 843 4046 accusationes
863 4000 1027 4057 sunt;
1066 3990 1133 4045 de
1159 3990 1360 4059 quibus
1388 3991 1479 4060 qui
1518 4004 1614 4061 pro
1637 3989 1877 4062 Josepho
1906 4007 2031 4065 age-

464 4084 614 4148 bant,
639 4082 766 4136 ferri
816 4082 1486 4147 sententiasstudebant,
1522 4098 1629 4136 non
1666 4098 1787 4152 quae
1836 4083 2029 4155 dogma

461 4178 637 4250 ipsum
693 4176 1075 4248 dijudicarcnt,
1107 4188 1162 4234 et
1194 4178 1322 4247 quid
1355 4187 1415 4231 ut
1460 4192 1711 4231 securum
1745 4177 1811 4231 ad
1842 4192 2030 4247 pacem

464 4271 721 4327 Ecclesia!
780 4269 1111 4332 tenendum,
1185 4271 1317 4341 quid
1369 4279 1429 4325 nt
1488 4270 1669 4325 minus
1745 4271 2031 4341 probatum

464 4365 814 4437 rejiciendum
839 4374 1003 4431 esset,
1025 4364 1391 4420 declararent:
1412 4364 1503 4419 sed
1524 4366 1648 4435 quia
1670 4365 2031 4420 causabantur

2117 1861 2327 1916 πολλῶν
2357 1863 2716 1935 άνεγέρσεως,
2752 1865 2869 1936 ἅμα
2896 1866 2952 1920 δὲ
2994 1867 3087 1920 καὶ
3116 1866 3194 1938 τῷ
3217 1868 3397 1923 δοκεῖν
3424 1867 3703 1937 περιεῖναί

2116 1955 2167 2007 οι
2207 1954 2307 2027 τῆς
2364 1956 2667 2021 εὐσεϐείας,
2698 1959 2796 2029 οὐχ
2825 1957 2897 2021 ὡς
2963 1958 3100 2029 ῥητὰ
3134 1958 3391 2031 Πατέρων
3426 1959 3597 2012 ἐδίδου
3628 1961 3699 2013 τὰ

2118 2049 2479 2116 συνταχθέντα
2500 2052 2657 2121 πυρὶ,
2677 2048 2793 2104 ἀλλ’
2809 2050 2884 2113 ὡς
2911 2050 3041 2106 ίδιον
3066 2050 3427 2123 σύγγραμμα.
3448 2051 3699 2121 Καθεξῆς

2116 2138 2162 2193 δ’
2187 2140 2279 2193 ἐπὶ
2303 2139 2479 2213 τούτῳ
2537 2144 2631 2195 καὶ
2654 2142 2715 2197 τὸ
2745 2141 2840 2197 τοῦ
2869 2142 3095 2198 παλαιοῦ
3126 2144 3367 2215 μεγάλου
3406 2145 3703 2214 λογοϐιτου

2120 2338 2393 2395 nusquam
2423 2339 2453 2379 a
2488 2334 2637 2381 recta
2670 2326 2795 2383 ﬁdei
2850 2327 3155 2385 declinasse
3202 2329 3393 2399 regula
3441 2338 3496 2385 et
3552 2328 3699 2384 απιτ-

2118 2426 2333 2471 mantes
2366 2426 2423 2472 et
2452 2428 2673 2489 paratos
2706 2418 3089 2477 demonstrare
3124 2419 3443 2486 qﬂ'erentes,
3475 2428 3533 2475 ut
3553 2430 3717 2475 atro--

2118 2511 2261 2565 cium
2295 2512 2582 2588 convictos
2608 2513 2932 2569 delictorum
2965 2514 3365 2571 damnaverunt
3409 2513 3705 2585 pinnisque

2118 2600 2449 2658 addixerunt
2480 2605 2754 2659 maximis.
2788 2604 2848 2677 l_n
2875 2620 2984 2675 quo
3012 2615 3132 2660 erat
3168 2604 3287 2660 haec
3322 2603 3458 2659 mira
3494 2618 3717 2676 procer

2120 2693 2286 2750 dendi
2350 2695 2509 2752 ratio.
2581 2697 2818 2753 Libellos
2862 2698 2931 2752 ab
2988 2711 3317 2768 unoquoque
3382 2695 3699 2768 ﬂagitabant

2122 2790 2322 2859 quibus
2345 2778 2685 2862 exponerent
2724 2791 2854 2862 quid
2883 2792 3194 2848 crederent.
3236 2790 3484 2848 Prolatia
3509 2790 3596 2858 iis,
3646 2791 3696 2846 si

2122 2878 2253 2954 quid
2277 2884 2550 2955 quispiam
2577 2884 2645 2941 de
2670 2884 3020 2957 dogmatibus
3048 2883 3367 2941 mussitasse
3396 2885 3696 2952 videretur,

2124 2977 2513 3041 damnabatur,
2541 2994 2654 3032 non
2683 2980 2973 3048 scriptum,
3034 2990 3095 3033 ut
3123 2978 3363 3045 aiebant,
3415 2979 3511 3036 sed
3565 2978 3702 3035 scri-

2128 3073 2288 3133 ptor;
2323 3066 2474 3136 isque
2530 3065 2739 3121 idcirco
2796 3068 2973 3122 solum
3029 3068 3173 3138 quod
3208 3082 3271 3122 ea
3328 3065 3702 3138 consignasset

2127 3157 2324 3211 litteris
2354 3173 2475 3226 quae
2505 3174 2667 3228 prava
2712 3168 2932 3215 rectane
2985 3168 3171 3215 essent
3214 3160 3268 3215 in
3323 3159 3506 3215 medio
3537 3159 3701 3214 relin-

2126 3250 2416 3319 quebatur,
2491 3251 2748 3305 extremis
2812 3252 3196 3307 ecclesiasticae
3240 3267 3492 3308 censura:
3554 3251 3700 3307 notis

2125 3339 2348 3395 affectus
2383 3342 2779 3397 declarabatur.
2806 3344 3117 3400 Primusad
3148 3354 3474 3399 cancrorum
3514 3358 3701 3400 exem-

2126 3431 2275 3502 plum
2308 3432 2395 3487 isti
2446 3448 2507 3487 se
2559 3434 2795 3504 subjecit
2829 3430 3159 3507 ignominim,
3189 3436 3344 3507 quasi
3400 3436 3699 3491 remedium

2126 3524 2405 3580 canonice
2435 3526 2799 3581 absolutionis
2835 3529 3170 3598 paenitentia:
3216 3528 3555 3597 professione
3581 3544 3699 3583 amr

2124 3612 2303 3679 biens,
2337 3631 2567 3688 magnus
2591 3617 2866 3689 Iogotheta
2901 3616 3147 3686 Muzalo;
3178 3618 3271 3689 qui
3323 3619 3590 3675 simulans
3641 3636 3699 3675 se

2128 3705 2196 3762 de
2218 3708 2466 3764 doctrina
2501 3708 2643 3764 nihil
2670 3710 3051 3780 praeiudicare,
3083 3708 3284 3765 frustra
3317 3718 3453 3766 erat.
3480 3710 3699 3766 Emine-

2129 3799 2223 3854 bat
2252 3798 2394 3853 enim
2427 3801 2545 3866 ejus
2575 3800 2813 3870 ﬂagrans
2836 3799 3074 3855 studium
3103 3801 3158 3854 lu
3188 3806 3374 3870 partes
3400 3802 3702 3867 processio-

2131 3905 2253 3944 nexu
2282 3906 2349 3946 ex
2386 3890 2525 3946 Filio
2562 3890 2798 3963 Spiritus
2830 3892 3179 3965 negantium;
3225 3892 3384 3961 cujus
3438 3892 3704 3963 dogmatis

2133 3993 2285 4039 tanto
2308 3983 2567 4055 ﬂagrabat
2592 3984 2712 4039 zelo
2749 3993 2810 4040 ut
2833 3983 3106 4039 ﬂammam
3160 3983 3371 4055 Spirare
3405 3984 3699 4039 videretur.

2131 4078 2336 4133 Tamen
2366 4077 2725 4157 illelibellum
2756 4092 2785 4131 a
2813 4093 2873 4133 se
2903 4077 3055 4147 prius
3098 4077 3404 4148 imperante
3436 4077 3704 4133 Michaéle

2132 4170 2307 4243 palam
2337 4172 2545 4237 datum,
2575 4185 2683 4239 quo
2715 4185 2775 4226 se
2801 4170 3079 4241 professus
3115 4178 3234 4224 erat
3275 4170 3419 4225 idem
3448 4185 3573 4226 cum
3604 4169 3704 4225 La-

2134 4268 2262 4321 tinis
2284 4267 2531 4326 credere,
2558 4265 2699 4318 ultro
2720 4263 2831 4334 jam
2863 4278 3158 4319 exsecrans
3186 4274 3240 4319 et
3269 4264 3703 4319 comburendum

2134 4359 2391 4423 oﬂ‘erens,
2424 4357 2786 4428 jurejurando
2821 4356 2986 4412 etiam
3037 4358 3366 4429 interposito
3390 4366 3474 4412 est
3519 4371 3706 4412 coram

463 4460 777 4516 scandalum
813 4468 992 4513 ortum
1026 4474 1091 4513 ex
1120 4458 1500 4529 intempestiva
1524 4458 1632 4528 26
1676 4458 2022 4513 ventilatione

2138 4450 2345 4521 synodo
2384 4450 2672 4521 professus
2702 4463 2826 4505 sese
2852 4449 2994 4504 haud
3028 4449 3152 4505 ideo
3178 4448 3410 4505 ﬂammis
3440 4455 3543 4505 hoc
3569 4450 3707 4504 scri-

463 4551 828 4627 qtuestionum
858 4565 993 4621 quas
1024 4549 1389 4622 inexploratas
1420 4550 1651 4619 relinqui
1678 4551 2025 4619 praestiterat,

462 4644 866 4700 contendebant
908 4659 1017 4699 non
1068 4660 1187 4699 esse
1245 4644 1626 4715 inquirendum
1687 4653 1904 4699 rectene
1959 4659 2029 4698 an

468 4753 628 4793 secus
654 4739 743 4808 qui
778 4738 846 4793 de
894 4737 1280 4794 controversiis
1339 4753 1513 4805 nuper
1547 4736 1708 4791 motis
1759 4751 1885 4790 suas
1915 4736 2033 4790 edi-

469 4827 663 4881 derant
686 4828 985 4883 seutentias
1015 4827 1383 4898 scripsissent,
1438 4842 1626 4881 verum
1658 4840 1751 4880 eos
1783 4826 1885 4882 hoc
1914 4825 2033 4895 ipso

466 4920 613 4991 quod
658 4920 909 4990 dogmata
950 4921 1267 4983 movissent,
1329 4921 1472 4991 quod
1516 4921 1566 4973 in
1604 4919 2031 4989 disputationem

467 5012 621 5082 prius
648 5010 699 5065 in
728 5026 826 5066 usu
877 5012 1054 5066 habita
1092 5022 1418 5077 vocassent;
1454 5009 1599 5081 quod
1622 5009 1920 5079 scripturas
1953 5023 2036 5062 re-

468 5108 787 5180 plicasscnt,
823 5110 968 5177 quod
998 5123 1096 5177 per
1118 5107 1240 5161 illos
1269 5104 1430 5161 fando
1459 5104 1659 5159 audita:
1689 5104 1815 5156 dum
1840 5101 2036 5157 recita-

470 5214 657 5258 rentur
685 5200 906 5256 Patrum
958 5200 1313 5255 auctoritates
1361 5206 1570 5263 essent,
1608 5206 1867 5267 tanquam
1916 5209 2033 5265 per-

470 5296 781 5350 turbatores
813 5292 1015 5364 quietis
1062 5292 1291 5363 publica!
1318 5308 1383 5347 ac
1414 5289 1723 5362 gravissimi
1779 5304 1902 5345 reos
1932 5288 2037 5343 eri-

471 5389 636 5445 minis
690 5388 1045 5445 condemnari
1085 5378 1439 5458 satagebant;
1502 5394 1557 5439 et
1608 5383 2039 5454 obsequentibus

470 5499 608 5553 quos
637 5490 1095 5547 convocaverant,
1118 5496 1309 5537 revera
1334 5479 1776 5534 condemnandos
1813 5490 2041 5531 curave-

470 5585 623 5639 runt,
657 5590 721 5630 ac
752 5575 1071 5646 gravissima
1116 5588 1344 5642 quaeque
1397 5570 1889 5626 animadversionis
1945 5584 2039 5623 eco

470 5669 789 5731 clesiasticae
813 5670 1064 5739 exempla
1100 5683 1153 5721 tn
1185 5680 1281 5721 eos
1333 5664 1644 5729 ediderunt,
1679 5677 1820 5733 quos
1873 5674 1933 5717 se
1972 5675 2041 5715 ne

470 5762 697 5817 minima
723 5761 937 5831 quidem
972 5773 1223 5831 aspersus
1270 5754 1604 5811 conscientia
1641 5754 1935 5819 lucreseos,
1988 5758 2039 5803 et

2133 4557 2285 4616 ptum
2320 4544 2549 4609 donare,
2579 4542 2723 4613 quod
2761 4542 2868 4597 sibi
2897 4552 3044 4597 esset
3065 4542 3322 4598 conscius
3369 4559 3596 4613 pravum
3649 4542 3706 4596 in

2130 4653 2198 4691 eo
2236 4644 2329 4691 aut
2351 4652 2379 4690 a
2412 4652 2545 4691 sana
2573 4634 2819 4690 doctrina
2848 4648 3109 4689 exerrans
3134 4634 3410 4703 quidpiam
3446 4636 3705 4705 positum,

2132 4728 2224 4785 sed
2248 4730 2501 4801 quoniam
2526 4736 2844 4799 agnosceret
2864 4742 2930 4783 eo
2949 4728 3067 4797 ipso
3095 4742 3152 4783 se
3176 4728 3410 4799 graviter
3432 4743 3706 4798 peccasse,

2134 4822 2279 4891 quod
2331 4820 2559 4877 omnino
2593 4820 2835 4876 scribere
2892 4820 2960 4875 de
3017 4820 3269 4891 dogmate
3321 4836 3488 4875 ausus
3538 4832 3703 4885 esset,

2133 4916 2279 4986 quod
2313 4917 2380 4971 de
2415 4916 2612 4971 talibus
2640 4916 2932 4981 disserere,
2962 4915 3105 4984 quod
3148 4916 3370 4968 Patrum
3397 4914 3705 4968 testimonia

2133 5008 2201 5065 de
2239 5009 2324 5064 bis
2360 5008 2653 5079 inquirere,
2697 5022 3013 5083 congerere,
3041 5009 3445 5062 accommodata
3469 5014 3524 5061 et
3557 5006 3705 5061 utilia

2139 5108 2266 5154 tunc
2296 5099 2409 5152 visa
2435 5099 2503 5153 ad
2532 5114 2750 5153 causam
2776 5112 2898 5167 qua:
2930 5106 3202 5167 ageretur,
3236 5095 3363 5149 licet
3412 5110 3522 5147 non
3556 5094 3709 5166 igno-

2138 5201 2276 5246 raret
2310 5189 2415 5260 27
2445 5190 2586 5243 idem
2618 5190 2747 5243 olim
2782 5205 2810 5242 a
2841 5190 3027 5243 multis
3059 5196 3114 5244 et
3141 5188 3353 5260 magnis
3387 5188 3519 5243 viris
3542 5185 3707 5242 simili

2136 5284 2427 5340 occasione
2477 5282 2803 5337 factitatum.
2865 5282 3063 5335 Verum
3117 5282 3243 5351 quia
3283 5281 3374 5335 illa
3402 5288 3536 5335 tunc
3579 5295 3610 5333 a
3650 5295 3710 5335 se

2138 5391 2248 5431 non
2282 5385 2529 5441 tempore
2562 5372 2710 5442 pacis
2760 5373 2988 5443 allogata
3018 5371 3269 5432 fuissent.
3312 5378 3368 5424 at
3401 5369 3713 5439 importune

2138 5475 2357 5539 aggesta
2395 5476 2507 5521 tum
2544 5481 2665 5521 cum
2694 5474 2848 5518 atrox
2872 5475 2928 5519 et
2959 5464 3440 5518 vehementissima
3474 5462 3711 5533 procella

2138 5559 2295 5615 saevis
2334 5560 2461 5613 hinc
2495 5557 2621 5611 inde
2676 5556 2933 5612 fluctibus
2995 5555 3291 5609 multorum
3346 5554 3713 5623 undecunque

2143 5653 2539 5723 insurgentium
2571 5651 2868 5705 Ecclesiam
2894 5657 3079 5718 ageret
3106 5648 3403 5717 ferretque,
3425 5662 3555 5718 ergo
3586 5648 3713 5715 quia

2144 5747 2197 5801 in
2262 5760 2327 5799 eo
2382 5760 2437 5799 sc
2499 5742 2761 5815 religione
2816 5754 3218 5811 supervacanea
3280 5741 3715 5809 intemperanter
