4094 6234
309 248 368 315 53
1101 286 1106 295 ι
1218 250 1318 312 DE
1371 218 1821 313 ANDRONICO
1855 220 2535 316 Psimsocooous.
2577 250 2627 315 ῐ.
3473 230 3544 316 5t

301 456 427 511 σοῖν.

303 572 377 630 ιε’.
408 575 756 645 Χειροτονία
790 573 893 629 τοῦ
929 576 1300 646 πατριάρχου
1328 558 1618 647 Κυπρίου,
1656 575 1758 632 καὶ
1792 577 1865 632 τὰ

876 648 1010 715 περὶ
1036 647 1282 714 ταύτης.
1724 650 1729 655 ’
1775 694 1782 700 .

361 736 625 809 Ἠγνιστο
651 739 752 809 μὲν
785 740 971 810 εὐχαῖς
998 728 1058 793 τε
1083 742 1177 795 καὶ
1206 742 1545 813 ἁγιάσμασιν
1584 739 1619 813 ἢ
1642 742 1739 809 τῆς
1753 738 1866 797 Με-

297 832 477 902 γίστης
519 833 821 903 ἐκκλησίας
872 835 993 903 ἱερὰ
1041 833 1315 908 τράπεζα,
1342 834 1635 908 συνήγοντο
1662 832 1867 907 δδπερὶ

296 918 377 982 τὶν
408 924 998 999 χειροτονηθησόμενον
1049 926 1101 982 οἳ
1150 926 1218 1000 δὴ
1250 913 1346 984 καὶ
1385 926 1495 983 τῶν
1530 929 1866 1001 σχιζομένων

296 1018 787 1095 συγκατεκλίνοντο.
834 1019 1027 1090 ἄνδρες
1077 1020 1215 1093 πρὸς
1271 1019 1371 1093 μὲν
1434 1020 1504 1077 τὰ
1563 1021 1865 1095 τελούμενα

295 1097 639 1184 ἁμᾶθείς,[Ρ.
669 1110 765 1183 27]
794 1110 1044 1180 δόξαντες
1076 1113 1134 1167 δὲ
1174 1112 1252 1185 τῷ
1296 1110 1443 1186 ζήλῳ
1498 1114 1869 1186 προστετηκέ-

298 1221 387 1259 ναι.
420 1204 743 1275 Μαρτύριον
801 1205 860 1259 δὲ
914 1204 978 1259 τὸ
1024 1205 1150 1279 μηδ’
1188 1207 1387 1263 ειδέναι
1446 1208 1569 1281 μῃδτ
1600 1208 1737 1272 ὅλως
1789 1209 1865 1280 μὴ

301 1299 363 1353 ὅτι
380 1314 437 1366 γι
464 1298 811 1369 χειροτονίας
838 1297 1015 1365 τάξιν,
1048 1299 1163 1354 ἀλλ’
1191 1299 1299 1355 οὐδ’
1327 1301 1499 1373 αὐτὴν
1520 1300 1631 1375 τὴν
1648 1301 1742 1357 τοῦ
1770 1302 1871 1376 βή-

300 1403 468 1457 ματος,
494 1385 577 1452 ὡς
612 1390 708 1442 καὶ
754 1388 1088 1444 κινδυνεύειν
1125 1388 1225 1457 διὰ
1268 1391 1442 1446 ταῦτα
1489 1392 1868 1465 παροραθῆναι

293 1480 375 1549 τὴν
392 1477 619 1533 ἐκείνων
644 1476 1284 1554 ἀκρισῆπαρατήρησιν.
1328 1483 1589 1549 Ἐκείνοις
1642 1485 1750 1558 γὰρ
1797 1481 1867 1558 ἦν

291 1571 523 1638 duorm;
553 1570 789 1644 ἁπερὲῖν
815 1572 1098 1646 κληρικοῖς
1155 1577 1231 1647 μὴ
1263 1578 1522 1647 παρεῖναι
1564 1578 1687 1649 μηδ’
1741 1577 1868 1649 ὄψιν

288 1662 640 1734 προσϐάλλειν
657 1668 772 1731 τοῖς
803 1656 1172 1737 τελουμένοις,
1209 1668 1313 1724 κᾶν
1341 1670 1490 1734 ὅστις
1524 1673 1619 1727 καὶ
1667 1667 1753 1745 ein
1776 1688 1789 1705 '
1828 1675 1861 1744 ἡ

290 1756 330 1810 δ’
361 1757 570 1830 ἀνάγκη
626 1759 739 1813 τῶν
776 1763 1193 1832 πραττομένων,
1233 1762 1309 1826 ὡς
1350 1764 1616 1821 εύοδοΐντο
1657 1766 1726 1820 τὰ
1774 1768 1871 1837 τῆς

288 1849 489 1920 τελετῆς
519 1849 817 1923 ἀμηγέπη,
860 1852 1095 1908 ἕναςτῶν
1119 1853 1214 1910 τοῦ
1259 1855 1464 1928 κλήρου
1521 1856 1873 1930 προσληφθῆ-

290 1960 387 2004 ναι,
415 1938 505 1996 καὶ
535 1947 597 1998 ὲν
620 1944 809 2008 αὺτοῖς
834 1948 950 2011 τοῖς
980 1945 1192 2013 ἀδύτοις
1223 1948 1285 2002 τὸ
1318 1949 1611 2019 μέγιστον,
1654 1950 1748 2003 τὸν
1779 1950 1871 2003 ὲκ-

289 2034 603 2115 κ>.ησέαρχον
644 2038 882 2108 ἔπειθεν,
927 2038 1017 2111 ἐφ’
1066 2036 1111 2111 ᾧ
1172 2041 1666 2113 ξυνεπιλαμσάνιιν
1710 2041 1869 2113 ,σφίσι

292 2130 376 2183 καὶ
413 2126 726 2201 πράττοντα
752 2132 846 2184 καὶ
865 2131 1210 2191 διδάσκοντα.
1236 2136 1353 2207 ,Καὶ
1378 2133 1525 2190 οὕτω
1584 2135 1688 2208 μὲν
1728 2135 1870 2190 ὲκείο

290 2239 387 2285 νοις
418 2224 673 2298 ἀποχρῆν
698 2225 792 2280 ἰπὶ
822 2224 917 2281 τοῦ
944 2212 1209 2299 παρόντος
1256 2226 1455 2292 ιδόκει,
1493 2228 1543 2283 si
1586 2227 1870 2300 παραϐάν-

293 2511 531 2568 Garmani
568 2511 703 2569 novi
759 2511 1145 2569 Heracleensis
1179 2510 1661 2586 inaugurationem
1700 2511 1861 2570 vidit.

293 2606 381 2666 ilic
428 2623 594 2679 porro
650 2607 893 2664 vicissim
969 2613 1340 2680 promotorem
1389 2622 1549 2665 suum
1604 2606 1863 2679 Cyprium

294 2703 514 2770 primum
556 2702 783 2775 quidem
814 2702 1129 2758 sacerdotio
1161 2702 1424 2767 initiavit,
1461 2700 1662 2758 deinde
1697 2702 1752 2757 in
1782 2715 1866 2757 ce-

292 2797 412 2850 lcbri
441 2797 758 2853 Palmarum
787 2796 949 2862 festo,
969 2804 1304 2869 cooperante
1334 2796 1581 2853 antiStite
1614 2794 1860 2869 Cozyles,

293 2888 669 2959 patriarcbam‘
709 2888 1010 2945 ordinavit.
1055 2887 1130 2945 De
1186 2903 1294 2961 qua
1336 2887 1692 2945 ordinatione
1748 2870 1862 2947 nan

292 2980 384 3045 erit
410 2980 507 3035 abs
531 2995 591 3036 re
623 2981 871 3053 quaedam
902 2979 1335 3067 hic‘distinctius
1368 2979 1595 3037 referre.

292 3120 369 3177 i5.
405 3121 762 3196 [auguratio
815 3122 1141 3196 patriarchas
1187 3121 1393 3195 Cyprii,
1446 3131 1498 3179 et
1543 3138 1663 3196 qua
1715 3124 1863 3179 circa

808 3210 924 3249 eam
975 3195 1330 3266 contigerunt.

354 3333 609 3392 Lnstrata
631 3333 878 3408 primum
904 3342 990 3391 est
1013 3330 1271 3406 precibus
1301 3342 1357 3390 et
1382 3327 1754 3405 piacularibus
1786 3330 1863 3387 ri-

293 3432 321 3480 tE
331 3425 424 3481 bus
449 3411 676 3484 maximi
703 3424 891 3497 templi
910 3424 1066 3482 sacra
1087 3426 1298 3480 mensa.
1318 3422 1642 3496 Congregati
1662 3421 1864 3478 deinde

290 3530 408 3577 sntit
461 3520 611 3588 circa
659 3519 1003 3592 designatum
1044 3512 1360 3589 pontiﬁcem
1388 3514 1862 3572 schismaticorum

291 3614 509 3681 sodales,
542 3613 649 3669 viri
677 3624 959 3669 sacrorum
994 3610 1197 3667 rituum
1224 3608 1395 3665 rudes
1421 3648 1437 3676 ,
1473 3608 1568 3680 qui
1607 3607 1710 3663 sibi
1744 3606 1865 3687 vice

293 3706 459 3762 omnis
502 3705 960 3773 ceremoniarum
1014 3702 1223 3776 peritiae
1266 3700 1517 3757 euincere
1563 3688 1862 3771 putarent,

294 3816 389 3868 quo
415 3801 497 3855 uri
533 3815 602 3855 ac
635 3800 790 3872 quasi
826 3798 1109 3855 tabescere
1138 3795 1491 3873 videbantur,
1520 3794 1719 3850 zelum.
1756 3790 1866 3847 Do-

294 3903 531 3950 cumento
562 3893 685 3961 fuit,
712 3890 856 3964 quod
877 3889 1303 3948 consecrationis
1330 3885 1678 3959 pontiﬁcalis,
1701 3897 1867 3957 quam

294 3986 390 4062 46
419 3978 747 4046 Celebraturi
778 3993 1181 4053 convenerant,
1238 3983 1486 4041 ordinem
1542 3979 1868 4062 ignorabant

294 4066 541 4138 inliditus.
579 4080 687 4138 Sed
720 4096 790 4138 ne
817 4079 958 4137 sacri
1000 4079 1219 4151 quidem
1263 4076 1451 4133 altaris
1480 4092 1544 4133 ac
1572 4075 1742 4134 divini
1774 4090 1868 4132 sa-

296 4173 471 4228 criﬁcii
504 4174 714 4231 iunctio
743 4188 849 4245 quo
883 4179 1041 4243 pacto
1072 4179 1446 4235 exerceretur,
1479 4169 1776 4237 tenebant;
1807 4179 1868 4227 ut

296 4280 568 4338 prOpterea
620 4268 919 4340 periculum
962 4275 1115 4324 esset
1163 4280 1233 4321 ne
1280 4262 1660 4336 despiceretur
1707 4272 1763 4319 et
1810 4273 1869 4320 ut

279 4372 610 4432 praepostere
657 4361 844 4418 sedula
892 4360 1130 4417 ludibrio
1166 4369 1310 4416 esset
1340 4360 1429 4415 illa
1460 4360 1727 4431 exquisita
1770 4360 1868 4415 ob-

302 363 372 420 οδ
405 359 587 435 χαράν
626 360 682 419 δὲ
705 362 881 450 μικρά
912 364 1008 420 καὶ
1038 363 1289 439 περὶτῆς
1312 352 1647 440 χειροτονίας
1677 364 1863 421 διαλαο
1890 365 1938 427 Α

1966 382 2057 430 τες
2084 364 2144 421 τὸ
2173 369 2337 440 μέρος
2358 354 2428 425 ⁸τὸ
2467 369 2696 426 καθόλου
2734 348 3205 440 ’διαφυλάττωντᾲ
3273 361 3338 421 Ol
3370 365 3426 421 δὲ
3458 368 3554 420 τοῦ

1969 462 2173 533 κλήρου
2208 463 2312 534 τῆς
2346 462 2642 533 ἐκκλησίας
2678 464 2778 534 μὶν
2803 462 2865 519 τὸ
2900 462 3164 535 παράπαν
3198 448 3551 527 ἐξεκλείοντο.

1968 554 2104 609 ὅπου
2133 573 2196 625 γε
2222 557 2317 611 καὶ
2346 557 2509 621 αὐτὸς
2528 556 2558 611 ὁ
2586 557 2760 629 μέγας
2805 557 3117 627 λογοθέτης,
3177 554 3404 626 μηδενὸς
3438 569 3552 607 κωο

1968 646 2207 713 λύοντος,
2237 634 2364 715 ’ἀλλ’
2396 651 2557 714 αὐτὸς
2578 667 2640 720 γε
2673 651 2875 722 κρίνων
2901 652 3003 721 τὴν
3034 649 3301 704 ἀπουσίαν
3356 643 3552 703 ἑαυτοῦ

1970 730 2128 806 ἀξίαν
2149 744 2262 806 τοῖς
2282 743 2651 815 τελουμένοις,
2686 742 2959 816 μακρόθεν
2992 740 3419 812 ιπεζυγωμάνης
3447 740 3551 803 τῆς

1970 834 2145 908 πύλης
2174 836 2461 907 ἱστάμενος
2496 835 2653 905 μόλις
2683 834 2829 907 ἐώρα
2874 834 2970 889 καὶ
3028 834 3105 907 τῷ
3156 830 3552 901 ύπεσταλμένῳ

1968 927 2065 983 τοῦ
2094 922 2343 1002 ἧϐουςντὸ
2369 927 2585 994 ἀνάξιον
2609 927 2935 1000 παρεδείκνυ
2978 944 2992 959 ο
3028 926 3141 983 ἄνω
3181 925 3237 979 δέ
3290 941 3390 978 που
3442 922 3553 977 τῶν

1970 1004 2447 1099 κατηχουμινείων
2467 1021 2870 1092 παραϐυόμενοι
2898 1018 3145 1091 ὀπτῆρας
3170 1013 3316 1087 εῐχον
3344 1013 3437 1069 τοῦ
3472 1014 3549 1086 μὴ

1970 1117 2293 1190 παρακύψαι
2330 1115 2450 1185 μηδ’
2485 1113 2615 1169 ἰδεῖν
2642 1113 2711 1167 τὰ
2755 1112 3128 1184 πραττόμενα,
3185 1109 3259 1174 ὡς
3302 1107 3557 1166 ἐντεῦθεν

1970 1207 2421 1279 κωλυθησομένου
2451 1205 2613 1279 δῆθεν
2636 1202 2730 1259 τοῦ
2768 1204 2865 1276 μὴ’
2893 1202 3196 1275 δυναμένου
3254 1196 3553 1270 ύιτέχεσθαι

1968 1305 2047 1375 τῷ
2075 1302 2211 1372 ἀξίῳ
2233 1301 2332 1372 τῆς
2356 1301 2464 1360 τῶν
2499 1299 2896 1371 συμπαρόντων
2917 1294 3267 1366 ἁναξιότητος
3299 1293 3460 1365 χάριν
3482 1290 3557 1349 δι’

1968 1397 2282 1467 ἁγαθότητα
2306 1394 2634 1464 πνεύματος.
2688 1390 2842 1446 Ἐπεὶ
2864 1389 2921 1445 δὲ
2944 1391 3039 1444 καὶ
3065 1389 3135 1443 τὰ
3180 1387 3279 1459 τῆς
3327 1386 3556 1455 τελετῆς

1969 1489 2242 1560 διήνυστο,
2264 1489 2360 1542 καὶ
2388 1486 2535 1560 τρισὶ
2559 1483 3023 1557 προηγιασμένοις
3060 1482 3266 1551 ἄρτοις,
3313 1476 3391 1544 ὡς
3433 1481 3554 1543 ταῖς

1969 1580 2147 1651 τρισὶν
2174 1577 2411 1652 ἡμέραις
2434 1577 2532 1645 τῆς
2560 1566 2802 1650 μεγάλης
2827 1572 3116 1646 ἑϐδομάδος
3148 1571 3461 1645 ἀρκέσουσι,
3494 1571 3555 1640 τὸ

1972 1675 2071 1744 τῆς
2092 1673 2388 1745 ἐκκλησίας
2414 1672 2602 1741 πυξίον
2638 1667 2970 1737 ὲνικανοῦτο,
2994 1669 3023 1722 ὁ
3042 1668 3385 1740 πατριάρχης
3414 1664 3554 1736 πρὸς

1926 1765 1944 1788 ⁸
1976 1771 2199 1843 βασιλέα
2219 1770 2444 1826 αὐτόθεν
2474 1768 2691 1841 ἀπήντα
2724 1766 3027 1822 ὲκτελέσων
3055 1767 3172 1835 μετ’
3212 1765 3421 1823 ἐκείνου
3450 1761 3554 1832 τὴν

1972 1867 2166 1939 ἑορτὴν
2198 1865 2339 1919 κατᾶ
2374 1865 2434 1919 τὸ
2461 1862 2710 1935 σύνηθες,
2741 1862 2792 1916 oi
2828 1860 2885 1915 δὲ
2913 1858 3011 1915 καὶ
3037 1850 3194 1922 αὖθις
3238 1856 3355 1913 τῶν
3387 1854 3553 1928 ιερῶν

1974 1958 2246 2025 συνάξεων
2276 1955 2630 2023 ὲξεκλείοντο,
2655 1952 2783 2023 παρ’
2814 1951 2967 2007 οὐδὲν
3021 1950 3264 2022 θεμένων
3307 1949 3409 2014 τὶς
3453 1945 3555 2001 τού

1983 2051 2184 2124 Ἰωσὴφ
2216 2031 2651 2122 ιτιροστι.ε.ιήσεις.⁵
2689 2046 3039 2115 Ἐπέφωσκεν
3069 2044 3103 2115 ἡ
3162 2040 3410 2113 δευτέρα,
3455 2030 3552 2096 καὶ

1969 2149 2083 2211 τοῖς
2110 2143 2210 2218 μὲν
2233 2142 2327 2199 τοῦ
2354 2132 2693 2215 πατριάρχου
2721 2142 2751 2196 ὁ
2780 2139 2909 2204 ναὸς
2934 2130 3134 2200 ἀνεῖτο,
3191 2138 3305 2201 τοῖς
3362 2134 3419 2188 δέ
3484 2149 3551 2205 γε

1970 2242 2252 2316 κληρικοῖς
2273 2240 2473 2297 ἄϐατον
2507 2239 2567 2294 τὺ
2597 2237 2823 2310 τέμενος
2849 2232 2938 2307 ἦν.
2979 2234 3215 2305 Ἐπέστη
3265 2233 3297 2299 ὴ
3365 2230 3550 2303 τρίτη,

1966 2508 2115 2572 reret
2145 2518 2267 2576 quae
2297 2515 2475 2574 quove
2504 2500 2664 2571 pacto
2694 2496 2921 2555 fas‘erat
2951 2494 3044 2553 tali
3080 2494 3372 2553 occasione
3405 2466 3548 2552 ﬁeri.

1966 2596 2044 2654 Ac
2072 2597 2151 2653 sic
2187 2596 2239 2652 in
2270 2611 2514 2668 presens
2538 2594 2643 2651 sibi
2678 2595 2810 2652 satis
2840 2604 3059 2653 cautum
3093 2601 3454 2666 putaverunt,
3488 2601 3551 2650 ut
3646 2602 3647 2605 ‘

1966 2689 2168 2770 omissa
2213 2688 2343 2745 licet
2371 2701 2524 2760 parte
2566 2695 2950 2745 consuetarum
2984 2686 3551 2751 circumstantiarum,

1962 2781 2238 2854 negotium
2269 2789 2451 2835 tamen
2477 2780 2656 2853 ipsum
2685 2778 3030 2845 subsisteret,
3061 2789 3325 2849 quantum
3357 2777 3423 2833 ad
3454 2790 3543 2832 ra-

1965 2880 2076 2925 tam
2121 2874 2509 2927 auctoritatem
2557 2880 2704 2926 esset
2750 2869 2906 2925 satis.
2942 2867 3146 2926 Omnes
3172 2885 3321 2942 ergo,
3350 2875 3552 2941 praeter
3636 2886 3639 2887 '

1852 3006 1855 3009 ,
1965 2975 2155 3022 unum,
2188 2957 2373 3016 clerici
2404 2971 2628 3031 prorsus
2662 2960 2872 3015 exclusi
2906 2961 3110 3031 templo
3152 2972 3303 3026 sunt,
3330 2960 3459 3016 dum
3489 2957 3547 3015 in

1971 3063 2036 3110 eo
2064 3054 2372 3125 patriarcha
2404 3053 2853 3118 consecrabatur,
2885 3052 3103 3124 quando
3137 3063 3194 3110 et
3223 3053 3546 3111 modestiam

1968 3154 2246 3216 ostentare
2274 3145 2467 3202 miram
2495 3145 2769 3219 logotbeta
2808 3146 2925 3218 ipse
2972 3161 3206 3217 magnus
3244 3146 3544 3216 ail‘ectavit,

1965 3240 2094 3295 dum
2120 3242 2340 3297 nemine
2358 3239 2485 3296 licet
2506 3238 2640 3296 aedis
2665 3251 2839 3296 sacras
2868 3239 3171 3312 ingressum
3198 3226 3549 3313 prohibente;

1965 3332 2109 3388 ultro
2138 3333 2287 3389 velut
2317 3347 2377 3389 se
2408 3332 2691 3405 indignum
2740 3332 3075 3390 admissione
3126 3333 3181 3389 in
3221 3335 3367 3392 sacri
3408 3349 3547 3393 con-

1966 3423 2254 3480 scientiam
2287 3434 2549 3495 reputans
2577 3431 2732 3480 extra
2765 3423 2957 3496 procul
2991 3424 3165 3490 stetit,
3213 3440 3281 3481 ex
3317 3426 3547 3484 adverso

1970 3515 2158 3587 templi
2190 3516 2312 3572 ostii
2345 3515 2556 3573 foribus
2582 3515 2837 3574 obductis
2868 3517 3075 3584 clausi,
3103 3518 3353 3577 demissis
3377 3520 3544 3577 etiam

1966 3608 2023 3664 in
2058 3619 2259 3664 terram
2289 3609 2464 3666 oculis
2493 3619 2551 3666 et
2576 3604 2765 3666 humili
2799 3610 2989 3667 habitu
3019 3611 3176 3682 quasi
3216 3629 3330 3686 pra:
3358 3628 3417 3672 se
3462 3614 3549 3672 fe-
3587 3673 3590 3677 ,

1965 3716 2097 3759 rens
2126 3718 2422 3775 agnoscere
2450 3716 2509 3759 se
2545 3703 2669 3774 jure
2700 3703 2876 3759 arceri
2922 3705 3127 3777 quippe
3156 3704 3436 3780 indignum
3480 3723 3545 3766 ac

1968 3796 2277 3867 profanum,
2306 3809 2363 3854 et
2391 3797 2597 3868 justam
2630 3796 3159 3857 animadversionem
3188 3800 3316 3857 boni
3345 3815 3547 3859 consu-

1968 3888 2101 3945 lere.
2127 3887 2207 3945 Ne
2230 3889 2323 3961 qui
2355 3897 2538 3947 autem
2570 3890 2629 3947 in
2664 3890 3039 3961 superioribus
3082 3890 3336 3949 vestibuli
3366 3895 3543 3961 odeis,

1967 3996 2088 4053 quae
2116 3986 2539 4040 catechumenea
2581 3984 2935 4052 vocabantur,
2976 3985 3116 4043 forte
3159 3987 3545 4045 delitescentes

1969 4076 2190 4134 furtivis
2218 4077 2373 4134 illinc
2391 4068 2702 4135 deliberem
2738 4077 3030 4134 obtutuum
3058 4080 3403 4149 conjectibus
3424 4092 3544 4153 qua:

1972 4179 2103 4227 tunc
2128 4171 2183 4227 in
2220 4163 2418 4241 templo
2453 4170 2809 4244 gerebantur,
2855 4172 3083 4227 aderant
3126 4176 3223 4242 qui
3262 4174 3366 4229 hoc
3395 4185 3545 4229 veta-

1971 4271 2093 4319 rent
2117 4262 2486 4335 speculatores
2522 4262 2597 4319 ibi
2620 4263 2804 4326 locati,
2830 4263 3106 4319 neminem
3132 4279 3228 4335 per
3246 4273 3423 4320 crates
3448 4276 3547 4321 aut

1970 4354 2240 4413 fenestras
2266 4352 2372 4429 47
2400 4357 2688 4414 demittere
2725 4356 2915 4414 oculos
2960 4356 3016 4412 in
3044 4358 3335 4415 ecclesiam
3358 4359 3544 4415 sinen-

294 4457 535 4522 servalio,
584 4456 787 4526 quippe
831 4454 990 4528 cujus
1030 4448 1435 4523 accuratissima
1469 4452 1747 4524 diligentia
1790 4468 1858 4509 ne
1890 4447 1941 4507 D
1969 4460 2083 4517 tes;
2116 4460 2176 4507 ut
2199 4462 2338 4523 quos
2367 4450 2621 4507 videlicet
2649 4450 2703 4505 in
2731 4449 2907 4508 olﬁcio
2932 4458 3253 4521 spontaneae
3280 4468 3307 4506 a
3349 4455 3540 4519 sacris,

294 4546 339 4600 i-.l
367 4549 580 4619 quidem
609 4550 843 4614 teneret,
876 4550 995 4603 sine
1018 4562 1126 4618 quo
1159 4546 1311 4601 irrita
1339 4546 1465 4616 jure
1497 4544 1706 4600 censeri
1734 4560 1859 4616 pos-

294 4650 388 4704 set,
418 4656 578 4711 quam
634 4638 1015 4704 moliebantur,
1070 4637 1363 4694 ordinatio.
1406 4636 1625 4691 Illorum
1676 4647 1857 4691 autem

293 4732 536 4790 obnixum
565 4732 806 4791 studium
839 4732 907 4788 ad
936 4746 1057 4787 eum
1087 4746 1312 4802 scopum
1350 4728 1626 4797 tendebat,
1659 4738 1719 4785 ut
1752 4729 1861 4785 cle-

296 4826 382 4881 rici
416 4835 732 4885 arcerentur
758 4842 789 4882 a
823 4841 975 4882 sacra
1008 4828 1095 4882 illa
1121 4824 1466 4891 caeremonia,
1495 4840 1558 4878 ac
1584 4839 1654 4880 ne
1685 4826 1861 4896 quivis

298 4913 522 4983 illorum,
552 4924 987 4988 quantaecunque
1040 4916 1240 4986 alioqui
1290 4915 1586 4989 dignitatis,
1626 4917 1709 4972 vel
1741 4918 1860 4972 visu

284 5007 473 5075 procul
502 5023 765 5079 usurpare
782 5008 1075 5078 quidquam
1103 5023 1163 5063 ea
1188 5008 1475 5065 occasione
1495 5009 1859 5081 gerendorum

297 5109 485 5166 posset.
540 5098 725 5170 Coegit
778 5108 958 5154 tamen
993 5115 1090 5155 eos
1134 5115 1284 5155 mera
1324 5101 1624 5156 necessitas
1665 5102 1862 5156 deiun-

299 5193 441 5262 gemlt
489 5204 764 5263 utcunque
800 5190 1086 5249 ministerii
1137 5194 1398 5249 adhibere
1442 5210 1612 5250 unum
1665 5194 1858 5250 saltem

298 5285 515 5356 aliquem
563 5305 594 5343 e
626 5287 772 5342 clero
820 5302 1045 5359 gnarum
1090 5288 1298 5344 ordinis
1347 5303 1649 5354 sacrorum,
1707 5287 1862 5359 cujus

268 5377 454 5436 ‘ductu
498 5382 893 5451 admonituque
948 5389 1289 5452 regerentur,
1346 5381 1647 5451 prasertim
1696 5379 1749 5435 in
1798 5394 1859 5434 ea

301 5482 441 5542 parte
460 5490 579 5547 quas
613 5476 881 5547 praecipua
910 5473 1299 5545 primariaque,
1324 5473 1419 5530 sed
1442 5472 1628 5529 eadem
1650 5471 1863 5527 arcanis

304 5577 353 5623 et
379 5573 623 5640 perplexe
650 5566 1044 5640 multiplicibus
1070 5576 1329 5623 constans
1362 5565 1557 5622 ritibus
1579 5566 1718 5621 intra
1745 5564 1860 5637 ipsa

305 5670 507 5728 penitus
539 5669 719 5736 agitur
752 5665 931 5735 adyta.
964 5662 1331 5721 Adseiverunt
1366 5660 1530 5733 igitur
1576 5661 1862 5717 ecclesiar—

308 5752 471 5821 clium,
500 5760 587 5829 qui
619 5752 813 5829 partim
850 5754 966 5828 ipse
996 5754 1217 5822 iaceret,
1252 5756 1447 5826 partim
1491 5752 1622 5823 ipsis
1671 5766 1863 5826 sugge-

1917 4569 1925 4577 -
1964 4544 2163 4615 quibus
2200 4555 2357 4600 erant
2386 4544 2621 4616 indigni,
2655 4545 2915 4601 absentia:
2946 4560 3057 4599 non
3088 4544 3399 4622 contineret
3428 4562 3542 4603 sua:

1963 4638 2205 4709 ipsorum
2258 4638 2501 4693 modesta
2556 4638 2826 4708 reputatio
2910 4636 3049 4693 labis
3100 4646 3182 4706 et
3218 4641 3543 4696 verecundia

1962 4730 2295 4802 ptenitentes
2352 4730 2552 4787 decens
2588 4773 2604 4797 ,
2668 4744 2763 4786 eos
2823 4730 3165 4788 denuntiatio
3230 4732 3540 4800 custodum,

1964 4830 2019 4877 et
2090 4821 2199 4878 nisi
2273 4823 2548 4887 audirent,
2640 4825 2725 4879 vis
2781 4824 2970 4895 utique
3047 4825 3292 4882 addenda
3353 4827 3544 4898 probi-

1968 4915 2121 4969 beret
2209 4930 2238 4968 a
2301 4912 2637 4970 temerandis
2710 4916 2933 4987 procaci
3032 4928 3259 4987 napectu
3334 4920 3539 4986 sacris;

1965 5005 2021 5058 in
2088 5020 2329 5077 quorum
2382 5007 2799 5076 usurpationem
2864 5009 3172 5081 irrumpere
3241 5010 3384 5066 haud
3442 5027 3543 5083 par

1969 5095 2116 5151 iasve
2154 5108 2299 5153 esset
2359 5111 2517 5154 noxae
2563 5098 2854 5170 inexpiata:
2910 5101 3015 5159 sibi
3080 5084 3372 5169 conscios,
3405 5121 3542 5175 pra:-

1966 5192 2157 5245 sertim
2194 5192 2448 5264 exemplo
2476 5192 2787 5248 admonitos
2808 5194 3038 5251 aliorum
3089 5198 3235 5267 paris
3293 5198 3539 5255 amnium

1966 5286 2186 5358 piaculi,
2219 5301 2357 5357 quos
2386 5286 2637 5343 viderent
2664 5303 2822 5359 aequo
2844 5291 3031 5346 animo
3088 5290 3231 5347 ferre
3261 5293 3344 5348 sui
3377 5294 3445 5349 ab
3476 5296 3542 5349 iis

1965 5376 2353 5436 exeltisionem.
2396 5380 2497 5436 Ubi
2521 5396 2653 5437 vero
2682 5391 2962 5453 peractum
3002 5384 3317 5457 mysterium
3376 5400 3460 5443 est
3489 5398 3543 5443 (rt

1966 5487 2120 5529 sacra
2153 5474 2306 5545 pyxis
2342 5474 2589 5530 ecclesia:
2624 5475 2799 5531 tribus
2826 5487 2915 5532 est
2970 5480 3422 5547 prcconsecratis
3454 5481 3542 5535 in-

1966 5575 2171 5622 structa
2206 5566 2459 5637 panibus,
2494 5575 2630 5639 quot
2659 5564 2726 5624 ad
2762 5578 2873 5625 tres
2916 5570 3270 5628 bebdomadze
3319 5574 3539 5645 majoris

1966 5658 2103 5721 dies.
2147 5658 2345 5730 quibus
2371 5658 2587 5714 nonnisi
2628 5672 2691 5713 cx
2718 5660 3185 5731 praesanctiiicatis
3236 5677 3393 5717 sacra
3426 5662 3540 5719 iicri

1967 5750 2049 5807 fas
2081 5762 2185 5819 est,
2218 5755 2374 5809 erant
2403 5766 2470 5808 ex
2504 5761 2726 5824 recepto
2759 5767 2856 5808 usu
2887 5754 3202 5822 necessarii,
3233 5756 3536 5825 patriarcha
