4094 6234
597 333 669 400 55
1793 311 2124 398 cannon
2164 336 2645 424 menssana
3762 336 3834 404 56

594 445 778 500 καὶτὰ
801 445 938 502 αὐτὰ
970 446 1337 518 διεπράττετο.
1375 447 1467 514 Ὠς
1514 448 1559 504 δ’
1615 450 1646 517 ἡ
1689 447 1922 519 τετάρτη
1977 450 2156 519 παρῆν
2182 453 2230 511 Α
2258 447 2604 519 κλασμάτων.
2632 447 2661 503 θ
2696 448 2760 522 δὴ
2792 449 2884 505 καὶ
2914 449 3156 520 γνωσθὲν
3178 450 3403 522 ὕστερον
3427 451 3526 506 οὐκ
3548 446 3695 523 εἶχον
3721 453 3750 504 ὅ
3788 468 3840 506 τι

592 544 687 601 καὶ
714 541 815 612 ἤδη
850 543 1148 611 συγχωρεῖν
1183 540 1404 611 ἔμελλον
1422 542 1623 609 σφίσιν,
1656 543 1777 595 ἐπεὶ
1805 542 1904 595 οὐκ
1924 535 1995 611 ἦν
2017 546 2158 612 συμ-

591 635 788 702 φωνεῖν
824 632 1062 694 ἐκείνους
1093 634 1184 685 ἐπὶ
1213 635 1324 694 τοῖς
1347 633 1582 700 δόξασιν,
1616 633 1730 686 ἀλλ’
1787 633 2158 704 ἀμφεγνωμό-

589 742 713 778 νουν
740 725 830 777 ἐπὶ
864 724 1019 784 πολὺ.
1051 725 1123 786 ὡς
1154 726 1244 778 καὶ
1268 725 1559 796 παρελθεῖν
1612 726 1712 796 τὴν
1755 724 1853 795 τῆς
1893 737 2160 796 προηγω-

589 818 791 887 σμένης
820 816 1040 888 τελετῆς
1073 817 1241 888 ὥραν,
1281 819 1432 886 μόλις
1463 819 1758 890 στήσαντες
1804 816 1891 888 ὲᾳ’
1921 818 2160 888 ἑκάτερα

585 906 741 978 ὄχλον
793 906 966 972 ἄλλως
1019 908 1112 961 καὶ
1159 908 1360 980 πλῆθος
1386 909 1573 964 δοκοῦν
1620 912 1685 964 ἐν.
1714 909 1980 981 ζηλωταῖς
2010 909 2160 980 ἀριθ-

588 1001 829 1067 μεῖσθαι,
864 999 1028 1072 μέσον
1057 1002 1278 1056 ἱκείνων
1344 1004 1490 1074 παρὰ
1531 1002 1732 1075 θάτερα
1783 1003 1889 1056 τῶν
1941 1002 2158 1071 ὡραίων

585 1089 847 1148 πυλώνων
877 1095 1136 1164 παρεῖχον
1169 1094 1293 1159 τοὺς
1353 1097 1450 1164 τῆς
1487 1095 1813 1162 Ἐκκλησίας
1876 1096 2160 1164 διερχομιο

586 1199 710 1245 νους
731 1188 1094 1253 προσπίπτειν
1125 1188 1218 1241 καὶ
1258 1188 1587 1259 συγγνώμην
1633 1191 1802 1242 αἰτεῖν
1852 1188 1944 1240 καὶ
1987 1188 2160 1251 οὕτως

585 1273 772 1340 ἀξίους
794 1274 1107 1344 νομίζεσθαι
1139 1277 1238 1349 τῆς
1273 1280 1982 1351 συνεκκλησιὰσεως.·”Αμα
2026 1282 2159 1350 γοῦν

584 1371 653 1422 τὰ
671 1369 780 1424 τῶν
804 1371 1077 1442 ἑσπερίων
1103 1372 1286 1442 ὓμνων
1309 1373 1411 1428 ὑπὸ
1438 1375 1614 1447 σκότῳ
1637 1375 1974 1439 τελέσαντες.
1995 1392 2160 1447 παρι-

584 1459 764 1523 δόντες
794 1460 892 1532 τὴν
925 1462 1283 1532 λειτουργίαν,
1317 1466 1418 1518 οὐκ
1444 1462 1558 1519 οἴδα
1601 1466 1691 1520 διὰ
1710 1466 1801 1520 τδν
1848 1466 2038 1536 καιρὸν
2082 1468 2157 1536 μὴ

587 1551 931 1623 ἐκχωροῦντα
963 1554 996 1625 ἢ
1027 1555 1227 1624 μᾶλλον
1255 1556 1343 1610 διὰ
1368 1557 1428 1610 τδ
1459 1559 1534 1628 μὴ
1565 1558 1806 1612 δικαιοῦν
1831 1557 1895 1630 [Ρ
1925 1555 2019 1631 28]
2078 1556 2160 1611 ἔτι

586 1645 912 1716 ἀγιασθῆναι
950 1648 1071 1713 τοὺς
1094 1649 1541 1723 συγχωρηθέντας
1565 1651 1641 1720 τῷ
1681 1650 1812 1722 ἱερῷ
1859 1651 2155 1721 κλάσματι,

586 1733 665 1797 ὼς
691 1735 723 1805 ἡ
751 1735 1011 1806 ὑστεραία
1049 1737 1268 1805 ἔδειξεν,
1293 1740 1380 1794 ἐπ’
1426 1742 1573 1797 οίνου
1615 1741 1878 1794 ἀπελύετο
1909 1741 2156 1802 ἕκαστος.

2261 536 2321 601 ἐξ
2346 538 2652 611 ὑπερτέρας
2677 542 2831 605 ἀνίας
2854 543 2948 596 καὶ
2977 544 3241 610 γένοιντο.
3265 543 3457 614 Ὅμως
3485 543 3543 598 δὲ
3589 544 3727 614 πρὸς
3773 541 3842 595 τὰ

2260 629 2480 693 ἐσαῦθις
2510 630 2840 702 ιλπιζόμενα
2861 634 3038 687 οἰστὸν
3077 635 3301 689 κάκεῖνο
3349 633 3544 702 ἐδόκει,
3597 633 3694 688 καὶ
3742 633 3840 701 φέ-

2258 735 2445 790 ροντες
2467 722 2536 776 τὰ
2556 724 2667 777 τῶν
2690 727 2870 779 κακῶν
2921 727 3263 796 προσεδόκων
3323 727 3512 796 μείζω,
3566 726 3629 780 οὐ
3687 726 3844 779 τόσον

2257 815 2370 876 τοῖς
2395 812 2633 884 παροῦσι
2661 815 2752 870 διὰ
2783 816 2882 888 τὴν
2917 821 3111 889 πεῖραν
3132 819 3256 872 ὅσον
3279 819 3394 882 τοῖς
3452 815 3845 887 προσδοκωμέ-

2258 917 2368 965 νοις
2395 901 2483 956 διὰ
2514 905 2615 976 τὴν
2644 905 2836 962 ἐλπίδα
2876 907 3248 980 ἐξανιὼμενοι.
3310 909 3385 963 Τὸ
3405 910 3520 978 γὰρ
3543 907 3722 978 παρὸν
3754 908 3850 961 λυ·

2258 992 2456 1061 πηρὸν,
2474 994 2704 1052 ἐπιστὰν
2741 998 3055 1070 ἀνθρώποις
3095 1000 3258 1071 φύσιν
3282 1001 3468 1071 ἔχουσι
3519 1000 3704 1073 φέρειν
3749 997 3848 1053 καὶ

2255 1084 2329 1137 τὰ
2348 1086 2666 1157 ἀνύποιστα,
2707 1089 2868 1146 λυπεῖ
2897 1093 2996 1164 μὲν
3023 1093 3100 1159 ὡς
3122 1094 3267 1158 είκδς
3305 1096 3400 1149 καὶ
3427 1096 3557 1167 ἀνιᾷ
3585 1095 3703 1148 τδν¹
3729 1109 3852 1146 πει-

2259 1175 2534 1245 ρασθέντα
2580 1181 2689 1235 τῶν
2724 1182 3021 1255 δυσχερῶν,
3075 1188 3139 1256 τῇ
3190 1186 3247 1240 δὲ
3300 1186 3452 1255 παρὰ
3481 1187 3592 1240 τῶν
3636 1183 3853 1238 πολλῶν

2259 1267 2585 1339 παραμυθίᾳ
2648 1270 2940 1328 ἐκλύεσθαι
3012 1276 3252 1344 πέφυκεν
3288 1291 3302 1306 ⁸
3369 1262 3728 1345 ἐλπιζόμενον
3789 1272 3849 1327 δδ

2255 1351 2600 1412 δυσδιάθετον
2657 1360 2758 1431 τὴν
2815 1363 3071 1435 φροντίδα
3109 1365 3189 1435 τῷ
3239 1357 3551 1437 πεισομένιρ
3586 1362 3846 1434 παρέχει·

2259 1442 2425 1500 Ταῦτ’
2478 1451 2586 1522 ἄρα
2625 1453 2896 1520 κάκείνοις
2943 1456 3006 1511 τὸ
3047 1459 3220 1530 παρὸν
3246 1457 3357 1511 τῶν
3385 1458 3572 1512 κακῶν
3625 1457 3699 1522 ὡς
3723 1458 3857 1526 ἐνῆν

2259 1539 2488 1607 φέρουσι
2546 1543 2724 1616 δεινὴν
2779 1547 2968 1620 ἐλπίδα
3016 1551 3076 1604 τὸ
3133 1551 3558 1619 δπελευσόμενον
3600 1547 3724 1623 ἦγε,
3756 1553 3850 1625 καὶ

2258 1631 2435 1684 οἰστὸν
2460 1632 2631 1689 ἐδόκει
2656 1640 2718 1690 τὸ
2745 1639 2971 1695 ἐπιστὰν
2999 1645 3137 1713 πρὸς
3164 1644 3264 1713 τὴν
3287 1642 3478 1696 ὲλπίδα
3501 1640 3596 1695 τοῦ
3631 1643 3853 1711 μέλλον-

2258 1735 2348 1784 τος
2379 1720 2647 1796 λυπηροῦ.
2678 1725 2786 1783 ’Ἦν
2820 1731 3013 1798 ταῦτα,
3051 1735 3147 1788 καὶ
3194 1739 3226 1804 ὴ
3270 1735 3433 1804 κυρία
3489 1735 3689 1802 ἐπέστη
3714 1804 3715 1807 η
3743 1735 3852 1788 τῶν

599 1825 689 1889 Ὠς
712 1800 782 1881 δὲ
819 1800 914 1899 τῆξ
944 1830 1093 1899 ἱερᾶς
1121 1800 1213 1885 κάκ
1247 1800 1488 1904 μεγάλης
1533 1834 1792 1903 πέμπτης
1849 1834 2080 1905 ἐτελεῖτο
2121 1800 2159 1902 ἡὴ
2194 1800 2231 1852 Β
2262 1807 2487 1881 ἑορτῶν,
2524 1820 2648 1873 καθ’
2674 1820 2741 1891 ἢν
2777 1823 2885 1877 ἔδει
2919 1825 3013 1879 καὶ
3060 1800 3368 1881 συνδείσθαι
3387 1829 3514 1889 τοὺς
3564 1800 3687 1890 17),;—
3714 1804 3854 1880 Ἑκ-

591 1915 900 1988 λειτουργία
929 1922 1021 1975 καὶ
1045 1924 1196 1977 αὐτοὶ
1231 1925 1620 1995 συμπαρῆσαν,
1677 1925 1875 1978 ἐκεῖνοι
1924 1922 2164 1987 θέλοντες

593 2011 744 2081 σφίσι
766 2012 1238 2083 παραλογίσασθαι
1262 2015 1350 2068 τὸν
1373 2018 1661 2085 ἀγιασμδν,
1693 2015 2004 2085 πέμψαντες
2036 2031 2166 2083 κρυ-

590 2105 757 2175 φηδδν
779 2105 836 2173 ἐξ
859 2107 1064 2176 ἀγορᾶς
1092 2107 1462 2177 λαμϐάνουσιν
1483 2108 1668 2178 ἄρτον,
1719 2112 1815 2162 καὶ
1869 2109 2164 2168 κλάσαντες

589 2197 672 2260 είς
708 2195 880 2260 λεπτὰ
942 2197 1106 2271 μηδὲν
1139 2198 1302 2253 εἰδόσι
1352 2198 1654 2269 μετεδίδουν
1691 2199 1764 2264 ὡς
1806 2199 1952 2272 ἱεροῦ
1997 2199 2163 2270 ἄρτου

594 2461 819 2532 quidem
849 2461 914 2518 ad
946 2462 1327 2533 imperatorem
1359 2473 1507 2519 recta
1531 2463 1660 2520 inde
1685 2479 1743 2521 se
1771 2465 2025 2530 contulit,
2075 2482 2164 2525 ce-

591 2556 907 2613 lebratnrus
933 2573 1056 2611 cum
1092 2572 1159 2612 eo
1188 2557 1257 2613 de
1308 2572 1458 2612 more
1495 2557 1714 2614 festum.
1755 2561 1822 2617 At
1852 2560 2039 2617 clerici
2081 2561 2164 2616 ni-

589 2650 893 2706 hilominus
930 2649 1106 2705 sacris
1137 2649 1434 2722 synaxibus
1456 2652 1886 2707 excludebant-ir
1925 2667 1955 2707 a
2002 2652 2159 2708 nihili

589 2743 923 2801 ducentibus
957 2744 1274 2800 sanctiones
1299 2741 1527 2814 Iosephi
1583 2745 1905 2816 patriarchae
1943 2746 2159 2815 nuperi.

589 2846 874 2910 utcunque
896 2847 951 2894 et
981 2838 1128 2909 ipsas
1157 2854 1440 2908 pinnarum
1464 2838 1954 2894 ecclesiasticarum
1976 2840 2160 2908 injun-

589 2932 773 2989 ctione
815 2932 1074 2988 ﬁrmatas.
1127 2931 1306 2995 Illuxit
1343 2931 1581 2987 secunda
1626 2931 1978 2987 hebdomadas
2025 2932 2160 2997 dies,

594 3024 854 3094 quaitem
914 3022 1280 3079 familiaribus
1327 3024 1454 3078 novi
1488 3024 1812 3094 patriarchas
1866 3024 2165 3094 permissus

590 3119 872 3189 ingressus
902 3117 958 3172 in
991 3117 1253 3188 templum
1286 3126 1388 3181 est,
1420 3115 1636 3172 clericis
1664 3132 1796 3173 vero
1835 3116 2160 3187 prohibitus.

593 3210 930 3283 Supervenit
978 3219 1036 3266 et
1099 3210 1280 3272 tertia,
1333 3224 1438 3278 qua
1501 3216 1559 3264 et
1604 3207 1720 3279 ipsa
1776 3196 2042 3264 similiter
2084 3215 2168 3263 est

595 3312 799 3361 actum.
844 3303 920 3362 Ut
967 3316 1098 3359 vero
1123 3309 1313 3372 quarta
1349 3301 1467 3356 dies
1490 3299 1689 3366 adfuit,
1719 3314 1826 3370 qua
1857 3299 2168 3356 decrevisse

593 3397 920 3453 videbantur
947 3394 1236 3450 remittere
1265 3393 1374 3462 jam
1397 3392 1618 3448 clericis
1641 3391 1916 3447 interdicti
1946 3406 2168 3462 pinnam

596 3508 696 3548 uec
728 3505 824 3544 eos
852 3489 920 3545 de
970 3496 1172 3543 caetero
1204 3486 1377 3541 sacris
1429 3500 1619 3543 arcere
1651 3501 1664 3537 :
1698 3500 1889 3540 verum
1944 3484 2011 3542 ad
2065 3484 2171 3540 hoc.

594 3582 752 3656 prius
778 3581 848 3635 ab
881 3579 1017 3649 ipsis
1037 3578 1332 3649 exigebant
1375 3585 1587 3634 certum
1618 3590 1901 3632 assensum
1933 3575 2001 3631 ad
2025 3591 2171 3646 quae-

600 3674 881 3744 damipsis
913 3672 1130 3740 placita,
1179 3685 1341 3742 quem
1368 3687 1493 3727 cum
1545 3671 1792 3742 plerique
1849 3669 2170 3725 clericorum

599 3783 713 3824 non
738 3767 921 3821 statim
944 3762 1287 3832 expedirent,
1318 3763 1414 3820 sed
1449 3762 1862 3818 deliberabundi
1898 3773 2174 3817 verentes-

597 3875 705 3930 que
729 3857 1130 3919 consultarent,
1181 3854 1402 3926 quidam
1443 3855 1607 3911 etiam
1648 3855 1793 3910 clare
1841 3856 2169 3916 abnuerent,

598 3955 656 4015 iu
687 3954 774 4009 bis
815 3949 1270 4008 altercationibus
1304 3949 1436 4005 hora
1483 3949 1724 4022 legitima
1771 3950 1910 4005 sacri
1941 3965 2007 4004 ex
2037 3964 2174 4020 pra:-

600 4044 955 4107 sanctiﬁcatis
992 4044 1085 4100 tali
1114 4041 1202 4099 die
1242 4041 1503 4098 celebrari
1535 4037 1682 4097 soliti
1710 4042 1995 4114 praeteriit.
2042 4043 2176 4096 Sero

602 4143 846 4207 tandem,
906 4139 1049 4195 rein
1099 4136 1515 4193 conventionem
1543 4135 1772 4193 adducta
1819 4136 2176 4206 qualemcun-

601 4250 729 4305 que,
758 4230 1044 4303 dispositis
1076 4244 1275 4301 magno
1302 4241 1536 4283 numero
1565 4226 1621 4282 in
1657 4226 1936 4300 duplicem
1976 4227 2174 4284 seriem

601 4329 931 4389 altrinsecus
963 4341 995 4379 a
1043 4322 1256 4380 dextris
1285 4331 1341 4379 et
1367 4321 1610 4380 sinistris
1632 4330 1805 4394 porta
1824 4321 2089 4391 speciosae
2112 4320 2179 4377 iis

603 4442 634 4481 e
663 4424 866 4495 populo
897 4421 1001 4478 sibi
1033 4421 1294 4484 obnoxio,
1342 4419 1434 4491 qui
1476 4419 1593 4475 zelo
1633 4417 1828 4488 majori
1871 4431 2030 4473 sensa
2087 4417 2179 4472 de-

2273 1906 2521 1978 κλησίας,
2550 1911 2909 1983 Χριστιανούς
2936 1935 3001 1987 γε
3038 1919 3218 1986 ὄντας,
3281 1919 3502 1990 ἀγάπης
3557 1919 3848 1989 φιλήματι.

2274 2003 2381 2056 Καὶ
2409 2004 2474 2077 δὴ
2491 2009 2922 2078 προσεκαλοῢντο
2954 2014 3052 2084 μὲν
3083 2017 3384 2087 ἀρχιερεῖς,
3415 2013 3852 2086 προσεκαλοῦντο

2269 2094 2326 2148 δὲ
2355 2097 2624 2167 κληρικοὶ,
2649 2103 2743 2156 καὶ
2769 2107 2869 2172 τῆς
2896 2107 2989 2160 ἐπὶ
3014 2110 3080 2178 τῇ
3110 2108 3302 2182 πρώτῃ
3348 2109 3441 2162 καὶ
3466 2107 3635 2178 κυρίᾳ
3662 2107 3848 2158 δευτέ-

2271 2204 2370 2258 ρας
2419 2194 2775 2275 συναχθέντες
2822 2196 2940 2267 ἅμα
2997 2200 3297 2273 φιλήμασιν
3352 2201 3549 2271 ἁγίοις,
3594 2199 3670 2262 ὡς
3719 2198 3756 2269 ἢ
3789 2213 3849 2250 τε

2267 2461 2403 2517 Cum
2471 2477 2605 2519 vero
2651 2463 2770 2519 luce
2826 2472 3040 2534 postera
3115 2464 3360 2520 solemne
3414 2479 3632 2521 sacrum
3699 2461 3851 2518 feriae

2270 2553 2475 2623 quinta:
2505 2553 2863 2610 hebdomadas
2895 2556 3118 2624 majoris
3152 2555 3550 2620 celebraretur,
3604 2569 3852 2625 praesen-

2273 2645 2418 2700 tibus
2437 2648 2549 2715 jam
2591 2648 2830 2712 cunctis,
2862 2649 3065 2719 quippe
3088 2649 3210 2705 sine
3244 2649 3566 2706 discrimine
3589 2648 3852 2704 admissis

2269 2738 2568 2805 universis,
2596 2741 2690 2811 qui
2745 2744 2821 2795 rei
2847 2752 3135 2811 praeerant,
3161 2741 3414 2798 frustrari
3455 2743 3851 2798 communione

2268 2833 2654 2888 reconciliatos
2700 2833 2876 2904 pridie
2907 2834 3028 2890 sine
3061 2835 3303 2906 ipsorum
3358 2849 3548 2899 sensu,
3599 2834 3747 2905 quod
3772 2834 3849 2888 ita

2269 2925 2652 2989 decreverant.
2698 2926 3006 2992 studentes,
3034 2944 3230 3000 panem
3258 2949 3286 2984 e
3311 2927 3431 2984 foro
3451 2928 3590 2984 clam
3621 2928 3849 2984 allatum

2267 3029 2324 3074 et
2359 3028 2570 3074 sectum
2613 3019 2664 3074 in
2721 3020 2951 3077 frustula
3013 3021 3084 3075 iis
3129 3020 3335 3091 ignaris
3392 3031 3646 3091 tanquam
3703 3021 3853 3076 sacri

2270 3114 2427 3183 panis
2450 3112 2744 3182 particulas
2782 3112 3207 3170 distribuerunt.
3267 3112 3423 3181 Quod
3454 3131 3578 3170 cum
3635 3115 3714 3172 illi
3754 3115 3855 3170 de-

2271 3203 2401 3260 inde
2436 3205 2815 3270 rescivissent,
2847 3205 3089 3260 immane
3115 3217 3381 3276 quantum
3419 3207 3682 3278 indignati
3717 3206 3857 3261 elle-

2270 3297 2483 3368 ratique
2521 3306 2674 3354 sunt.
2703 3296 2907 3354 Verum
2961 3298 3035 3354 ita
3090 3299 3146 3354 in
3191 3299 3406 3355 ruinam
3457 3315 3545 3355 res
3604 3300 3856 3371 ipsorum

2270 3387 2683 3452 incumbebant,
2730 3398 2794 3445 ut
2823 3390 3205 3459 reputantibus
3234 3392 3366 3463 quid
3397 3390 3771 3447 verisimiliter
3792 3391 3854 3448 in

2267 3491 2548 3551 posterum
2579 3481 2856 3549 timerent,
2889 3482 3197 3539 tolerabilia
3249 3482 3569 3558 existimari,
3607 3499 3855 3552 praesen-

2271 3573 2348 3628 tia
2395 3583 2674 3644 utcunque
2744 3573 3101 3631 acerbissima
3173 3591 3274 3646 par
3324 3586 3492 3632 esset.
3577 3573 3857 3632 Ferebant

2274 3665 2436 3738 igitur
2483 3675 2542 3721 ut
2575 3675 2851 3736 poterant,
2909 3676 2966 3723 et
3015 3667 3289 3724 durabant
3327 3683 3386 3724 se
3424 3668 3488 3724 ad
3530 3668 3856 3740 patientiam

2273 3760 2613 3831 graviorum,
2648 3759 2833 3815 acrius
2862 3760 3152 3832 inquietati
3194 3760 3489 3817 formidine
3527 3763 3862 3831 impenden-
3919 3800 3921 3802 -

2275 3853 2410 3907 tium
2444 3852 2916 3910 incommodorum
2945 3869 3110 3923 quam
3142 3869 3309 3911 sensu
3339 3855 3452 3927 jam
3467 3856 3856 3926 appulsorum.

2275 3943 2408 4000 Nam
2455 3945 2651 4001 malum
2681 3946 2938 4016 praesenti
2971 3944 3023 4000 vi
3070 3961 3321 4017 pungens
3371 3947 3624 4004 homines
3654 3957 3859 4006 natura

2276 4038 2555 4108 expositos
2585 4037 2828 4094 incursui
2863 4037 3024 4106 longe
3054 4040 3229 4108 magis
3263 4041 3532 4096 atrocium
3581 4041 3856 4097 malorum

2277 4130 2564 4189 contristat
2590 4131 2808 4200 quidem
2861 4139 2918 4185 et
2948 4129 3154 4185 cruciat
3184 4147 3285 4202 pro
3337 4131 3657 4187 conditione
3699 4147 3852 4188 mor-

2279 4222 2508 4278 talitatis
2548 4222 2596 4277 ei
2645 4220 2952 4291 subjectum
3012 4230 3198 4296 caput,
3258 4238 3368 4278 non
3411 4231 3591 4278 tamen
3626 4224 3746 4278 sine
3777 4225 3862 4280 leo

2281 4309 2537 4382 vamento
2561 4313 2956 4369 consolationis
3001 4312 3121 4383 ejus
3155 4328 3275 4384 qua:
3304 4329 3370 4369 ex
3403 4315 3682 4370 consortio
3715 4315 3859 4370 mul-

2281 4418 2463 4466 torum
2494 4408 2646 4478 paria
2681 4408 3031 4464 tolerantiam
3063 4407 3248 4464 oﬂerri
3269 4409 3486 4464 miseris
3529 4410 3704 4465 solet:
3736 4427 3857 4480 qum

604 4528 871 4586 cretaque
905 4515 1147 4585 ipsorum
1184 4511 1439 4584 amplecti
1481 4511 1839 4583 putabantur,
1893 4507 2180 4580 patefactis
2213 4515 2258 4570 ι)
2286 4511 2466 4557 autem
2505 4501 2798 4557 imminere
2841 4501 2898 4556 in
2927 4511 3207 4570 posterum
3254 4502 3542 4557 calamitas
3589 4503 3852 4564 creditur.

608 4611 816 4666 loribus
840 4609 1189 4678 praebuerunt
1217 4606 1423 4662 aditum
1454 4613 1604 4660 extra
1632 4603 1923 4668 stantibus,
1957 4619 2080 4660 cum
2113 4617 2179 4657 eo

610 4713 670 4756 ut
712 4703 763 4755 in
793 4703 982 4757 limine
1014 4700 1361 4772 procidentes
1391 4698 1606 4753 veniam
1635 4710 1948 4769 poscerent,
1991 4698 2179 4767 sicque

611 4797 756 4867 digni
792 4797 1051 4865 deinceps
1091 4794 1202 4866 48
1232 4791 1564 4848 admissione
1620 4792 1675 4845 in
1705 4807 1938 4862 synaxes
1962 4791 2178 4861 judica-

612 4897 824 4947 rentur.
865 4891 1000 4944 Dum
1035 4889 1147 4942 lucc
1166 4886 1380 4945 liercnt.
1422 4885 1607 4955 hymni
1648 4885 1944 4955 vespertini
1978 4885 2180 4939 decan-

613 4984 887 5048 tabuntur,
933 4981 1130 5052 quibus
1152 4978 1433 5044 absolutis,
1467 4977 1883 5046 nocturnisjam
1918 4977 2177 5040 tenebris,

612 5075 832 5131 dimissa
899 5072 1127 5129 ecclesia
1203 5083 1307 5134 est,
1361 5085 1512 5125 sacra
1566 5070 1805 5140 liturgia,
1857 5085 1976 5139 qua:
2030 5069 2179 5138 juxta

613 5175 892 5237 receptum
947 5166 1109 5217 ritum
1139 5177 1200 5216 ea
1237 5163 1326 5215 die
1366 5158 1483 5215 lieri
1542 5158 1830 5220 debuerat,
1890 5157 2181 5225 praeterita,

617 5261 756 5317 baud
792 5261 905 5313 scio
943 5273 1008 5311 an
1046 5255 1185 5326 quod
1214 5256 1330 5324 ejus
1367 5253 1523 5318 hora,
1554 5261 1615 5306 ut
1647 5251 1780 5316 dixi,
1814 5251 2182 5320 essetelapsa,

616 5373 685 5409 an
717 5356 919 5425 petitis,
985 5349 1130 5419 quod
1165 5350 1257 5419 qui
1298 5348 1458 5402 modo
1496 5347 1551 5402 in
1586 5345 1847 5415 templum
1907 5343 2183 5399 introduci

619 5463 686 5503 cn
711 5457 922 5518 perant,
955 5443 1194 5498 nondum
1230 5441 1361 5496 satis
1398 5439 1610 5511 purgati
1668 5438 1905 5508 antiquis
1954 5439 2186 5507 piaculis

620 5542 961 5604 viderentur,
1032 5547 1089 5590 ut
1145 5551 1304 5589 sacro
1368 5535 1672 5603 fragmento
1733 5531 2182 5602 impertirentur;

616 5651 779 5704 quam
839 5634 1083 5690 ultimam
1143 5628 1514 5698 suspicionem
1573 5626 1844 5680 veriorem
1887 5627 2082 5680 astruit
2130 5627 2183 5682 id

613 5729 756 5795 quod
795 5724 1054 5796 postridie
1088 5731 1267 5778 actum
1311 5731 1414 5777 est.
1464 5720 1634 5790 Igitur
1658 5728 1788 5774 tunc
1817 5719 2037 5787 quidem
2071 5734 2186 5772 om-

614 5834 711 5881 nes
747 5825 798 5876 in
856 5821 999 5876 hunc
1032 5818 1250 5874 modum
1295 5817 1358 5870 ad
1392 5831 1488 5868 sua
1522 5813 1751 5884 quisque
1804 5821 2173 5874 recesserunt.

2287 4598 2482 4652 acriori
2509 4598 2624 4652 fere
2670 4611 2801 4652 cura
2829 4602 2887 4652 et
2939 4595 3143 4651 nullius
3195 4603 3497 4666 temperato
3530 4596 3856 4650 admistione

2289 4689 2468 4746 solatii
2500 4690 2689 4745 dolore
2715 4697 3010 4744 aestuantes
3045 4688 3196 4759 angit
3224 4688 3438 4744 animos
3495 4699 3550 4744 et
3580 4702 3858 4742 aerumno-

2289 4787 2405 4839 sius
2427 4785 2657 4839 sauciat.
2689 4781 2868 4849 Quare
2887 4783 3024 4838 istos
3052 4781 3135 4836 his
3176 4796 3295 4852 quae
3337 4795 3483 4836 nunc
3515 4780 3865 4851 patiebantur

2292 4890 2569 4945 utcunque
2615 4873 2912 4929 tolerandis
2947 4887 3128 4943 pares,
3163 4871 3273 4943 49
3319 4871 3665 4927 exanimabat
3705 4881 3865 4928 atrox

2291 4969 2627 5039 exspectatio
2653 4968 3024 5037 sequentium,
3059 4975 3114 5021 et
3143 4966 3319 5022 minas
3367 4965 3566 5021 futura:
3625 4966 3867 5021 miserim

2292 5066 2553 5120 smviores
2587 5062 2656 5117 ad
2719 5077 2785 5117 se
2822 5061 3220 5116 excruciandos
3277 5061 3701 5131 experiebantur
3775 5062 3868 5117 illo

2290 5159 2408 5226 ipso
2428 5172 2536 5226 quo
2571 5165 2683 5214 tum
2727 5154 2964 5210 maxime
2990 5155 3335 5209 vexabantur
3365 5152 3685 5209 infortunio.
3721 5155 3870 5210 Inter

2294 5256 2415 5308 haec
2445 5249 2685 5305 evolutis
2712 5246 3004 5303 sanctioris
3037 5244 3394 5300 uebdomadae
3426 5245 3578 5303 feriis
3601 5249 3872 5317 princeps

2291 5341 2699 5399 solemnitatum
2737 5338 3020 5394 Dominica
3051 5334 3490 5392 Resurrectionis
3527 5335 3724 5402 illuxit,
3759 5350 3872 5408 qua

2293 5457 2355 5495 ex
2393 5453 2543 5494 more
2571 5435 2858 5506 oportebat
2887 5431 3228 5488 Christianos
3250 5447 3462 5496 omnes,
3506 5432 3708 5488 nedum
3763 5431 3875 5489 Ec-

2292 5533 2471 5587 clesiae
2528 5529 2811 5585 ministros
2856 5527 3006 5597 pacis
3029 5525 3337 5580 inviceniet
3362 5525 3644 5581 charitatis
3679 5527 3874 5584 osculo

2278 5632 2537 5681 mutuam
2573 5619 2814 5693 proﬁteri
2842 5617 3276 5690 germanitatem.
3334 5617 3718 5674 Convocantur
3739 5633 3877 5692 ergo

2295 5718 2596 5784 antistites,
2656 5721 3028 5770 convocantur
3057 5721 3109 5766 et
3149 5711 3368 5778 clerici;
3422 5726 3724 5780 omnesque
3778 5728 3876 5768 se-

2297 5811 2471 5868 cunda
2507 5818 2633 5884 post
2686 5810 2921 5879 primum
2983 5806 3205 5860 Paschae
3273 5805 3469 5860 festum
3522 5804 3611 5859 die
3665 5792 3877 5862 sanctis
