4086 6236
418 323 487 390 63
1492 336 1493 339 ‘
1619 331 1943 394 GEORGII
1986 334 2473 419 excursum;
3601 333 3674 401 61

422 444 723 515 ἱστοροῦντι
799 447 856 500 δὲ
922 446 1099 514 λέγειν
1171 446 1266 503 καὶ
1323 445 1516 511 ταῦτα.
1594 451 1698 504 κᾶν
1772 450 1996 504 ἐκείνων
2026 457 2069 512 Α
2099 448 2331 524 origine;
2354 457 2411 511 ἐν
2438 460 2552 521 τοῖς
2574 457 2852 529 διπτύχοις
2882 459 2996 521 τοῖς
3018 458 3386 529 πατριάρχαις
3421 428 3673 527 συμμνη-

423 538 527 590 κᾶν
596 539 770 592 ἄλλων
840 538 1115 608 γένοιντο,
1185 541 1283 593 οὐκ
1329 542 1571 612 ἀπᾷδον,
1628 537 1826 610 οἶμαι,
1909 541 1995 596 δο-

424 631 529 682 κεῖ.
563 629 786 694 “Anon;
810 631 1076 701 μέντοιγε
1110 634 1306 687 ἐκεῖνοι
1352 633 1472 694 ταῖς
1518 633 1812 704 ἐκκλησίας
1849 634 1997 687 ἀντι-

427 720 795 789 σηκώσαντες,
828 723 970 779 κατά
998 724 1199 795 τρόπον
1219 726 1289 779 τὰ
1319 725 1421 794 τῆς
1459 725 1784 795 Ἐκκλησίας
1813 726 1889 789 ὡς
1923 722 1998 780 εἶ-

426 829 520 882 χον
551 814 804 877 ὀιίθυνον,
837 816 1223 885 τυραννοῦντες
1250 810 1363 870 οἷον
1388 819 1467 880 είς
1496 816 1564 870 τὰ
1600 817 1771 871 πολλὰ
1792 817 1998 871 τούτων

426 910 520 961 καὶ
574 906 670 977 τὴν
724 908 1012 979 βασιλικὴν
1066 910 1403 982 ἡμερότητα,
1442 910 1561 974 ἰνὸς
1612 911 1707 964 καὶ
1744 910 1999 978 μόνοντὰ

425 1000 606 1052 πάντα
659 1000 1149 1070 καταπροῖεμένου,
1198 1002 1296 1073 τῆς
1350 1002 1532 1073 κοινῆς
1583 1002 1835 1072 ὁμονοίας
1902 1004 2000 1057 καὶ

427 1092 831 1156 καταστάσεως,
865 1091 1277 1165 ὡςΰπέσχοντο.

429 1250 519 1308 ιθ’.
548 1254 689 1323 Περὶ
732 1255 1236 1335 τῆςδΑρτούσζης
1269 1233 1571 1335 ρεοὸξώρας
1607 1262 1706 1316 καὶ
1752 1260 1858 1317 τοῦ
1890 1276 2004 1316 πα-

816 1328 1099 1398 τριάρχου
1133 1330 1611 1400 Ἀλεξανδρείας.

544 1459 811 1534 Ἀπῄτουν
853 1462 938 1534 [Ρ.
970 1462 1062 1535 551
1117 1464 1215 1533 μὲν
1257 1460 1352 1517 οὖν
1396 1465 1494 1519 καὶ
1542 1463 1643 1535 τὴν
1679 1463 2002 1533 Αὐγοῦσταν

430 1553 714 1625 Θεοδώραν
739 1554 981 1609 λίϐελλον
1014 1558 1111 1626 μὲν
1145 1556 1404 1621 πίστεως,
1427 1557 1700 1629 ἀποϐολὴν
1728 1557 1772 1611 δ’
1801 1557 2007 1626 ἔγγρα-

433 1664 532 1717 φον
559 1648 664 1700 τῶν
693 1647 821 1718 χθὲς
862 1649 1182 1717 γεγονότων,
1229 1649 1529 1717 ἀσφάλειαν
1565 1650 1622 1705 δι
1670 1651 1765 1705 καὶ
1795 1649 1890 1705 τοῦ
1928 1648 2005 1720 μή

2099 547 2396 617 μονεύοιτο.
2415 550 2507 621 Τῷ
2532 550 2640 619 γὰρ
2675 551 3004 621 Ἀντιοχείας
3026 548 3291 619 Θεοδοσίῳ
3316 548 3391 620 τῷ
3410 551 3677 621 ΙΙρίγκιπι

2094 636 2318 709 λεληθὸς
2344 635 2446 708 μὲν
2483 642 2599 706 δέος
2624 642 2891 711 ἐμπίπτει
2919 641 2995 713 μὴ
3024 643 3119 696 καί
3134 659 3193 695 τι
3222 640 3460 713 δράσωσι
3487 642 3683 697 τοῦτον

2096 729 2206 784 τῶν
2251 732 2584 803 ἀϐουλήτων,
2617 734 2865 803 φανερῶς
2914 732 2959 786 δ’
3006 733 3351 804 ὑπερηφάνει
3383 733 3477 787 καὶ
3517 734 3688 801 ὑπερ-

2098 823 2249 894 εώρα
2290 823 2399 877 τῶν
2456 826 2861 896 πραττομένων.
2908 826 3128 897 Ἀμέλει
3176 841 3257 880 τοι
3304 826 3399 879 καὶ
3438 825 3685 895 πέμψας,

2098 912 2195 967 τοῦ
2241 912 2503 983 βασιλέως
2559 914 2635 987 μὴ
2682 917 2908 983 εἰδότος,
2957 918 3256 989 παρῃτεῖτο
3294 917 3436 971 κατὰ
3482 916 3689 985 Συρίαν

2101 1000 2366 1077 καΐᾶλλῳ
2416 1006 2729 1077 παρεχώρει
2773 1008 2868 1061 τοῦ
2908 1009 3099 1078 θρόνου
3125 1023 3140 1039 ο
3172 1007 3253 1061 ἔτι
3302 1008 3412 1080 γὰρ
3452 1007 3690 1072 ἐσώζετο

2098 1099 2205 1168 μὲν
2234 1098 2513 1170 Τρίπολις.
2538 1100 2771 1166 ἐσώζετο
2799 1102 2857 1155 δὲ
2888 1104 2919 1171 ἡ
2946 1103 3087 1155 κατὰ
3124 1101 3327 1171 Συρίαν
3358 1098 3689 1172 Πτολεμαῒς,

2102 1190 2304 1262 περιῆν
2332 1191 2389 1245 δὲ
2417 1193 2662 1263 Βηρυτὺς
2700 1194 2793 1247 καὶ
2826 1192 2999 1247 Σιδὼν
3022 1194 3116 1247 καὶ
3146 1193 3319 1263 Τύρος
3344 1193 3431 1246 καὶ
3457 1192 3529 1247 τὰ
3551 1208 3713 1263 παρ-ν

2103 1284 2251 1346 alia,
2292 1285 2389 1355 τῆς
2430 1285 2697 1355 Ἰταλικῆς
2726 1286 2902 1357 ἀρχῆς
2954 1286 3352 1355 κραταιοτέρας
3385 1282 3554 1356 οὔσης
3584 1283 3695 1338 τῶν

2103 1376 2397 1433 Αἰθιόπων.
2436 1378 2501 1432 οι
2550 1377 2609 1431 δὲ
2638 1377 2736 1445 τῆς
2782 1376 3084 1447 ἑκκλησίας
3136 1375 3353 1445 ἐκείνης
3405 1374 3695 1444 δεξάμενοι

2104 1469 2204 1541 τὴν
2242 1470 2596 1540 παραίτησιν,
2641 1472 2796 1542 κοινῇ
2831 1464 2999 1541 ψήφῳ
3045 1469 3135 1524 τὸν
3188 1467 3734 1539 Ἀγιοσυμεωνίτην,

2108 1564 2441 1619 καθιστῶσιν
2481 1563 2781 1636 Ἃρσένιον,
2815 1564 2986 1636 ἄνδρα
3031 1564 3092 1618 τὸ
3129 1563 3352 1633 σύμπαν
3383 1562 3695 1633 ἁγιοπρεπῆ

2107 1661 2200 1713 καὶ
2231 1658 2550 1727 σεὸάσμιον,
2585 1658 2644 1711 δν
2669 1658 2735 1730 δὴ
2766 1660 2861 1713 καὶ
2886 1659 3025 1723 τέως
3070 1658 3169 1729 μὲν
3190 1658 3238 1710 ei
3274 1655 3513 1710 ἐνταῦθα
3539 1653 3697 1721 δεξά-

433 1757 563 1795 ποτε
598 1741 830 1813 ζητῆσαι
861 1744 987 1813 περὶ
1023 1743 1251 1815 τάνδρὸς
1275 1744 1448 1814 αὐτῆς
1479 1743 1567 1812 ἐφ’
1603 1736 1757 1815 ᾧπερ
1786 1746 1845 1798 ὲν
1875 1743 2007 1815 ψαλο
2041 1795 2083 1851 Β
2112 1765 2265 1820 μενοι
2292 1747 2384 1802 ἐπὶ
2411 1748 2522 1802 τῶν
2549 1749 2713 1818 ἱερῶν
2737 1749 3063 1802 ἐκοινώνουν
3110 1747 3308 1816 ἐκείνῳ
3341 1746 3441 1815 τῆς
3476 1746 3700 1849 μνήμης

437 1832 664 1905 μῳδίαις
711 1835 1044 1905 sagaque-retr
1074 1838 1168 1889 καὶ
1221 1838 1283 1890 τὸ
1312 1838 1404 1892 ἐπὶ
1455 1837 1668 1903 τούτοις
1718 1832 1900 1906 ἆθλον,
1932 1838 2009 1903 ὡς
2043 1832 2083 1851 “’
2112 1839 2412 1910 διπτύχων,
2446 1838 2677 1910 ὕστερον
2707 1840 2763 1893 δὲ
2789 1840 2968 1894 αἰτίαν
2993 1839 3192 1909 σχόντα
3218 1839 3283 1891 ὲκ
3310 1838 3499 1908 φήμης
3535 1834 3699 1906 ἠκού-

432 1925 527 1978 ιπὶ
551 1926 650 1997 τῆς
671 1927 989 1993 ἐκκλησίας,
1022 1929 1175 1997 φασὶ,
1209 1929 1500 1999 βασιλικῶς
1528 1932 1625 1983 σὺν
1645 1930 1724 2000 τῷ
1755 1930 1853 2003 υίῷ
1877 1947 2014 2001 μνη-

437 2018 737 2088 μονεύοιτο.
782 2020 1049 2092 Ἀτιῄτουν
1075 2023 1131 2076 δὲ
1159 2023 1254 2077 καὶ
1284 2024 1373 2076 τὸν
1418 2023 1820 2096 Ἀλεξανδρείας
1856 2024 2015 2079 ’Λεα-

432 2112 623 2167 νάσιον
677 2115 1137 2185 ὁμογνωμοσύνην
1173 2116 1273 2186 μὲν
1319 2116 1409 2169 ἐπὶ
1438 2118 1551 2179 τοῖς
1584 2115 2013 2189 καθαιρεθεῐσιν,

435 2202 710 2277 ἀποϐολὴν
752 2204 809 2258 δὲ
842 2206 937 2259 καὶ
989 2206 1155 2261 αὐτὸν
1196 2205 1307 2261 τῶν
1338 2206 1717 2277 πραχθέντων,
1749 2205 1876 2260 ἐπεὶ
1917 2206 2013 2262 καὶ

434 2295 638 2361 αἰτίαις
680 2299 800 2361 ταῖς
842 2298 1271 2370 προρρηθείσαις
1320 2298 1535 2368 φθάσας
1579 2300 2016 2372 συγκεκοινώνη-

428 2407 553 2455 κεν,
583 2389 658 2455 ὡς
686 2390 752 2446 ἂν
774 2394 868 2447 καὶ
901 2392 1062 2458 αὐτὸς
1097 2393 1339 2463 δηλονότι
1372 2394 1441 2449 τὰ
1478 2396 1640 2466 ὃμοια
1675 2395 2013 2466 κατασφαλι-

437 2550 557 2605 nire
578 2560 728 2606 certo
753 2550 1095 2608 affirmareve
1110 2554 1315 2609 ausim.
1349 2552 1503 2620 Quod
1538 2562 1720 2611 autem
1768 2554 2018 2611 historici

439 2642 672 2700 oﬂlcium
698 2645 885 2718 exigit,
907 2662 1019 2703 non
1049 2646 1432 2721 dissimulabo.
1469 2650 1649 2705 visum
1686 2650 2017 2719 quibusdam

442 2737 546 2792 hoc
572 2738 854 2809 pertinere
890 2746 1004 2795 tum
1030 2739 1097 2795 ad
1128 2753 1191 2794 ea
1219 2754 1341 2811 quae
1375 2739 1540 2795 modo
1569 2740 1882 2806 retulimus,
1912 2740 2017 2813 55

441 2842 552 2885 tum
575 2831 643 2886 ad
674 2831 801 2896 alia,
844 2846 967 2905 quae
1010 2831 1133 2904 pari
1165 2832 1516 2889 immanitate
1572 2842 1704 2889 tunc
1752 2850 1803 2888 a7
1832 2850 2019 2892 rerum

442 2916 755 2992 potentibus
784 2924 1009 2996 impune
1026 2924 1482 2998 designabantur,
1507 2934 1628 2981 acta
1653 2927 2019 2998 reprobanda,

2113 1949 2214 2004 σης
2254 1932 2331 1996 ὡς
2367 1931 2512 1986 οὕτω
2554 1932 2769 2004 συμϐὰν
2814 1931 2891 2001 τῷ
2944 1933 3074 2003 ρηγὶ
3126 1932 3224 2002 τῆς
3280 1928 3571 2000 Ἀρμενίας
3596 1927 3698 1997 τῆς

2113 2027 2226 2081 ἰπὶ.
2252 2028 2319 2097 τῇ
2356 2025 2626 2098 ἐκκλησίᾳ
2669 2024 3001 2096 ἐκοινώνησε
3049 2026 3313 2090 στάσεως,
3350 2022 3516 2095 μηδὲν
3561 2021 3694 2075 ἀνα-

2117 2121 2402 2191 μείναντες
2426 2116 2807 2183 συνιξετάζειν
2827 2116 2889 2169 τὸ
2914 2118 3136 2186 γεγονὸς
3158 2116 3399 2188 εὐχερῶς
3420 2111 3697 2185 ἐξαιροῦσι

2113 2210 2379 2281 τοῦνομα.
2420 2208 2668 2264 Ἐκείνου
2700 2208 2760 2264 dt
2795 2207 2918 2281 μηδ’
2956 2210 3015 2274 ες
3061 2207 3234 2282 βραχὺ
3267 2208 3696 2279 περιγενομένου

2116 2305 2274 2377 (ἴσως
2303 2302 2413 2373 γὰρ
2459 2302 2525 2357 ἂν
2555 2303 2649 2356 καὶ
2691 2301 2911 2373 ἀπήντα
2951 2301 3088 2373 πρὸς
3122 2301 3223 2372 τὴν
3260 2298 3623 2368 κατηγορίαν,
3652 2299 3702 2351 ει

2117 2392 2339 2466 περιῆν)
2390 2394 2441 2446 el
2490 2392 2767 2466 ἀρχιερεῖς
2814 2389 3436 2464 ἀμφιγνωμονήσαντες,
3483 2388 3534 2443 el
3601 2387 3702 2460 μὲν

2118 2564 2219 2623 pro
2269 2547 2442 2605 irritis
2472 2554 2529 2605 et
2560 2540 2866 2621 perperam
2903 2547 3148 2604 decretis
3190 2562 3249 2604 se
3286 2546 3526 2612 habere,
3578 2560 3705 2616 qua:

2118 2658 2294 2714 nuper
2327 2641 2384 2697 in
2412 2656 2577 2698 causa
2611 2656 2763 2713 papae
2812 2657 2879 2698 ac
2903 2639 3313 2698 conciliationis
3335 2639 3543 2696 (ἔνθα
3569 2654 3700 2695 cum

2119 2735 2311 2792 Latina
2328 2733 2698 2791 Ecelesiarum
2720 2743 2926 2791 statuta
2947 2735 3205 2791 fuissent.
3226 2732 3339 2789 Hoc
3358 2740 3702 2805 postremum

2121 2829 2192 2886 ab
2224 2843 2293 2884 eo
2329 2827 2552 2899 petendi
2584 2842 2751 2885 causa
2789 2828 2913 2893 luit,
2940 2828 3086 2899 quod
3119 2827 3165 2882 is
3197 2833 3428 2898 propter
3459 2818 3704 2882 rationes

2122 2946 2150 2987 a
2179 2931 2340 2987 nobis
2397 2937 2525 2984 ante
2576 2930 2908 2982 memoratas
2959 2920 3429 2978 communicasset
3476 2926 3605 2977 cum
3635 2918 3707 2974 iis

440 3014 598 3082 quasi
639 3016 849 3074 scilicet
888 3016 981 3074 ille
1017 3032 1183 3073 cruor
1211 3017 1332 3073 vice
1358 3018 1627 3074 naturalis
1677 3019 1875 3089 pluviae
1928 3019 2024 3075 de-
2122 3022 2217 3097 qui
2249 3022 2338 3077 illa
2367 3026 2615 3092 egerant.
2660 3013 3003 3082 Addebatur,
3040 3012 3145 3069 hac
3176 3012 3467 3069 dumtaxat
3512 3008 3709 3067 condi-

447 3108 655 3164 missus
685 3124 715 3165 e
746 3110 989 3167 nubibus
1012 3111 1369 3167 adumbraret
1396 3111 1770 3168 ‘intrusionem
1812 3114 2022 3170 violcn-
2046 3149 2091 3209 ο
2124 3117 2295 3179 tione,
2335 3115 2382 3171 si
2439 3114 2558 3168 bac
2589 3109 2797 3181 scripto
2838 3115 2896 3164 et
2930 3106 3299 3185 chirographo
3346 3106 3622 3209 ﬁrmaret,
3654 3104 3707 3160 ei

445 3206 555 3252 tam
584 3214 850 3254 novorum
882 3200 1194 3256 antistitum
1218 3201 1273 3256 in
1314 3202 1477 3257 sedes
1526 3216 1626 3272 per
1654 3202 1765 3257 vim
1811 3205 2020 3273 ejecto-
2049 3196 2091 3209 “”
2125 3206 2477 3263 tribuendum
2514 3213 2574 3259 ut
2603 3217 2636 3257 e
2667 3200 2840 3257 sacris
2870 3199 3146 3271 diptycbis
3174 3212 3377 3254 nomen
3407 3197 3530 3269 eius
3562 3196 3708 3252 inter

445 3305 592 3347 "'m-
634 3290 926 3367 Utcunque
971 3293 1074 3359 εἱις
1111 3292 1203 3349 is“
1238 3303 1412 3359 certe.
1446 3292 1575 3348 dum
1609 3307 1712 3348 suo
1748 3295 2019 3353 arbitratu
2120 3311 2350 3359 caeteros
2375 3296 2718 3371 patriarchas
2744 3301 3164 3351 memoraretur.
3198 3293 3272 3349 At
3328 3289 3707 3348 Antiochenus

446 3384 513 3438 ad
549 3382 875 3452 Ecclesiam,
905 3385 1076 3457 :sicut
1118 3386 1296 3445 videri
1354 3387 1630 3450 volebant,
1681 3405 2016 3462 componen—
2121 3394 2434 3467 patriarcha
2458 3389 2803 3447 Theodosius
2824 3386 3108 3459 Princeps,
3129 3386 3349 3443 occulto
3363 3394 3542 3442 tactus
3557 3394 3709 3471 metu

446 3478 570 3533 dam
596 3486 703 3532 tam
734 3478 1060 3535 vehemente
1091 3480 1482 3539 incumbebant
1508 3501 1695 3557 opera,
1741 3485 2025 3559 tyrannica

448 3570 504 3626 in
542 3569 729 3625 multis
748 3571 982 3639 grassari
1005 3572 1228 3629 licentia
1255 3589 1367 3629 non
1410 3577 1687 3634 immerito
1721 3579 2029 3634 censeban-

450 3674 557 3729 tur,
586 3664 880 3721 abutentes
910 3668 1345 3722 mansuetudine.
1370 3669 1737 3741 imperatoris,
1764 3673 1859 3743 qui
1890 3688 2027 3727 rana

450 3772 546 3827 spe
584 3757 841 3815 inductus
881 3761 951 3816 ab
971 3760 1081 3817 illis
1104 3762 1243 3818 facta
1276 3766 1427 3833 pacis
1450 3782 1510 3819 ac
1536 3766 1844 3823 concordize
1868 3767 2028 3838 plene

450 3852 823 3920 restituendae,
872 3855 920 3911 si
966 3870 1131 3927 agere
1173 3859 1320 3924 ipsos
1382 3874 1505 3930 quae
1548 3860 1750 3916 vellent
1797 3862 2027 3931 sineret,

450 3955 644 4002 cuncta
667 3946 721 4001 in
743 3963 931 4003 eorum
955 3949 1242 4005 arbitrium
1264 3951 1593 4021 proiecerat,
1617 3952 1877 4009 eﬂ‘ectum
1903 3969 2034 4010 exo-

450 4040 818 4109 ptatissimum
867 4054 924 4097 et
948 4044 1276 4114 promissum
1329 4046 1562 4115 publica:
1622 4048 2031 4117 tranquillitatis

458 4134 605 4193 bene
633 4136 825 4205 quovis
854 4137 1143 4192 emendum
1175 4138 1355 4207 pretio
1390 4148 1560 4207 ratus,
1586 4148 1657 4195 et
1682 4155 1713 4196 e
1750 4141 1843 4196 tali
1900 4155 2035 4197 con-

450 4228 695 4284 uiveutia
724 4231 1041 4301 prudenter,
1070 4242 1127 4286 ut
1149 4231 1254 4301 ipsi
1280 4231 1579 4301 videbatur,
1598 4245 1940 4305 exspectans.

456 4366 545 4423 l9.
576 4365 647 4422 De
674 4372 909 4440 Augusta
942 4368 1211 4423 Theodoro
1238 4381 1282 4423 et
1305 4370 1615 4439 patriarcha
1644 4372 2027 4432 Alexandrino.

2125 3504 2196 3545 ne
2213 3486 2345 3559 quid
2376 3485 2431 3541 hi
2476 3483 2697 3557 gravius
2760 3480 2817 3536 in
2862 3494 2987 3538 sese
3033 3478 3412 3547 consulerent,
3464 3476 3711 3535 exterius

2126 3591 2309 3638 tamen
2363 3595 2475 3651 prae
2514 3577 2622 3650 56
2653 3590 2713 3631 se
2743 3574 2955 3631 ferebat
2983 3570 3133 3628 haud
3181 3571 3288 3628 sibi
3335 3571 3582 3642 probari,
3611 3570 3712 3626 sed

2127 3688 2234 3730 nec
2275 3671 2344 3728 ad
2378 3685 2438 3726 se
2467 3669 2766 3740 quidquam
2802 3664 3063 3721 arbitrari
3120 3664 3428 3734 pertinere,
3454 3677 3577 3737 quae
3613 3664 3711 3719 tle-

2128 3773 2272 3823 rent.
2348 3764 2493 3836 Ergo
2546 3757 3006 3829 aspernabundus
3065 3765 3122 3812 et
3162 3756 3415 3827 speciose
3481 3770 3714 3812 securus

2131 3857 2505 3927 conscriptam
2535 3851 2944 3908 abdicationem
3000 3848 3431 3920 patriarcbatus,
3480 3848 3717 3918 impera-

2132 3962 2254 4006 tore
2285 3945 2487 4009 inscio,
2517 3944 2826 4000 Antiochia:
2856 3941 3101 4013 reliquit,
3130 3941 3250 4010 ipse
3276 3941 3331 3995 in
3363 3940 3577 4013 Syriam
3609 3941 3716 3997 mi-

2133 4057 2316 4113 grans,
2362 4040 2452 4095 ubi
2486 4036 2808 4093 Latinorum
2850 4036 2907 4090 in
2959 4042 3228 4106 potestate
3258 4034 3444 4090 multa
3470 4043 3584 4089 tum
3618 4034 3717 4089 ad-

2135 4138 2245 4192 huc
2272 4145 2328 4189 et
2360 4146 2567 4203 magnae
2586 4130 2841 4186 civitates
2868 4137 3045 4194 erant,
3095 4126 3409 4193 Ptolemais,
3459 4127 3709 4199 Berytus,

2139 4230 2333 4291 Sidon,
2378 4226 2577 4297 Tyrus,
2610 4238 2818 4294 oraque
2871 4222 2967 4277 illa
3014 4218 3295 4276 maritima
3332 4222 3617 4291 universa,
3653 4222 3711 4278 in

2137 4338 2243 4395 qua
2280 4321 2397 4377 itali
2441 4319 2709 4376 adversus
2761 4332 2898 4388 opes
2928 4314 3249 4387 )Etbiopum
3282 4332 3443 4373 suum
3497 4319 3715 4391 egregie

2139 4415 2430 4486 imperium
2477 4411 2796 4468 tuebantur.
2852 4408 3046 4465 Clerus
3095 4424 3261 4479 porro
3335 4409 3716 4467 Antiochenus

527 4504 631 4560 Sed
666 4516 720 4559 ut
752 4507 818 4560 ad
856 4505 1046 4577 synodi
1077 4518 1197 4562 acta
1234 4507 1547 4573 redeamus,
1583 4508 1637 4564 in
1664 4510 1751 4564 bis
1800 4520 1854 4566 et
1884 4512 2022 4569 illud
2056 4505 2111 4565 D
2138 4509 2480 4566 abdicatione
2518 4505 2789 4574 Principis
2821 4512 3047 4573 accepta
3090 4502 3459 4559 concordibus
3487 4503 3715 4561 calculis

456 4612 560 4653 esu.
587 4599 666 4653 Ab
702 4602 941 4670 Augusta
970 4598 1258 4656 Tbeodora
1283 4599 1407 4656 lidei
1432 4601 1675 4657 libellum
1701 4616 2028 4677 exegerunt,

459 4702 828 4764 praetereaque
864 4705 924 4751 ut
954 4696 1161 4764 scripto
1195 4697 1325 4752 dato
1356 4712 1415 4753 se
1447 4701 1766 4756 renuntiare
1808 4703 2032 4771 profite-

464 4797 616 4841 retur
650 4787 1004 4842 conventioni
1045 4789 1399 4845 ecclesiarum
1447 4799 1501 4845 et
1530 4792 1857 4849 obedientiar.
1879 4807 2033 4865 papae

461 4882 625 4953 paulo
694 4889 821 4937 ante
888 4882 1104 4951 publice
1182 4884 1459 4952 admissis;
1537 4894 1729 4941 sancte
1789 4886 2034 4957 denique

460 4976 813 5048 polliceretur
854 4990 912 5031 se
973 4992 1249 5047 nunquam
1294 4978 1590 5047 petituram
1646 4979 1884 5050 persolvi
1916 4980 2034 5035 viro

462 5084 564 5124 suo
597 5068 853 5123 defuncto
898 5068 1044 5138 justa
1078 5070 1330 5126 funebria
1360 5070 1747 5126 decantatione
1799 5072 2035 5143 psalmo-

464 5178 585 5217 rum
614 5168 669 5216 et
697 5169 893 5216 caetero
924 5162 1292 5217 ecclesiastico
1319 5163 1425 5218 ritu
1452 5162 1799 5217 celebranda.
1833 5161 2034 5217 llaruin

462 5271 644 5311 rerum
681 5272 889 5311 merces
925 5256 1305 5311 ostentabatur
1338 5258 1514 5311 bonos
1555 5256 2035 5310 commemoratio-

461 5348 550 5404 nis
576 5349 813 5404 nominis
844 5349 963 5420 ejus
995 5348 1049 5402 in
1106 5348 1357 5414 ecclesia,
1404 5349 1551 5402 inter
1583 5362 1738 5401 sacra
1800 5346 2035 5417 conjun-

463 5445 624 5517 gendi
674 5459 799 5499 cum
861 5444 1083 5498 nomine
1128 5442 1486 5513 imperatoris
1556 5440 1730 5510 ipsius
1775 5440 1889 5495 lilii.
1956 5438 2037 5494 Ab

465 5535 833 5591 Alexandrino
853 5534 980 5589 item
1007 5534 1316 5605 patriarcha
1348 5531 1697 5598 postularunt
1716 5530 2037 5591 Athanasio,

466 5642 524 5685 ut
552 5646 777 5685 assensu
810 5630 1193 5699 comprobaret
1222 5640 1322 5683 suo
1353 5626 1759 5679 damnationem
1794 5634 1850 5677 et
1891 5623 2040 5692 deje-

468 5722 706 5776 ctionem
765 5738 795 5777 e
826 5723 995 5795 gradu
1056 5720 1393 5789 privatorum
1424 5717 1540 5771 suis
1566 5716 1795 5772 sedibus
1824 5714 2038 5770 antisti-

467 5823 583 5871 tum
618 5829 634 5880 ;
668 5815 889 5886 insuper
938 5825 996 5871 ut
1030 5816 1147 5883 ipse
1196 5825 1411 5880 quoque
1488 5811 1693 5866 diserte
1736 5808 2038 5865 declararet

2136 4602 2504 4676 patriarcbam
2555 4597 2762 4654 creavit
2795 4594 3367 4667 Hagio-Symeonitem
3395 4595 3710 4662 Arsenium,

2137 4698 2317 4751 virum
2369 4693 2629 4764 praeclara
2658 4689 3042 4746 sanctimonia:
3088 4690 3275 4761 specie
3318 4691 3713 4759 venerabilem,

2135 4799 2298 4854 quem
2348 4784 2535 4838 statim
2588 4778 3181 4850 Constantinopolitani
3238 4791 3608 4850 agnoscentes
3661 4781 3716 4836 in

2136 4878 2578 4951 communionem
2609 4874 2969 4940 admiserunt,
3006 4874 3366 4948 pronuntiato
3384 4873 3561 4941 palam
3595 4876 3717 4945 ejus

2138 4970 2455 5041 ediptycbis
2486 4970 2729 5025 nomine.
2760 4968 3118 5025 Postmodum
3140 4976 3322 5021 tamen
3340 4964 3487 5020 fama
3522 4981 3716 5035 sparsa

2138 5062 2572 5117 communicasse
2602 5060 2781 5130 ipsum
2814 5076 2937 5115 cum
2966 5074 3091 5129 rege
3121 5058 3396 5113 Armeniae
3420 5060 3488 5113 ab
3525 5056 3717 5115 Eccle-

2139 5158 2216 5213 sia
2252 5156 2507 5219 discisso,
2540 5156 2767 5210 minime
2797 5162 3019 5225 sumpto
3046 5153 3114 5208 ad
3152 5152 3568 5223 inquisitionem
3600 5151 3716 5207 veri

2139 5252 2338 5322 spatio,
2368 5250 2569 5319 cupide
2601 5249 2906 5304 multarunt
2961 5249 3173 5301 honore
3220 5246 3326 5301 isto
3353 5257 3409 5300 et
3461 5262 3493 5300 e
3544 5246 3722 5303 sacris

2141 5343 2337 5399 tabulis
2371 5343 2490 5410 ejus
2538 5356 2739 5397 nomen
2770 5348 3181 5411 expunxerunt.
3234 5338 3478 5409 Contigit
3532 5350 3718 5396 autem

2140 5440 2319 5507 ipsum
2356 5439 2457 5491 sub
2512 5437 2617 5491 hoc
2651 5448 2875 5507 tempus
2910 5451 2942 5490 e
2972 5436 3111 5489 viris
3146 5433 3391 5488 cedere:
3440 5448 3603 5504 quem
3633 5444 3719 5487 est

2140 5528 2425 5591 credibile,
2454 5528 2500 5583 si
2534 5527 2620 5581 vel
2648 5527 2920 5582 modicum
2950 5524 3319 5596 superfuisset
3341 5563 3356 5589 ,
3395 5524 3462 5577 ad
3491 5539 3713 5596 causam

2141 5622 2427 5677 dicendam
2485 5619 3016 5691 Constantinopolim
3073 5629 3391 5673 venturum.
3446 5617 3716 5673 Cazterum

2145 5716 2416 5770 antistites
2447 5714 2521 5769 ad
2553 5718 2603 5769 el
2633 5728 3012 5769 successorem
3050 5712 3364 5785 eligendum
3398 5709 3712 5789 congregati

2144 5809 2279 5866 duas
2350 5808 2403 5863 in
2450 5808 2752 5865 sententias
2817 5806 2970 5865 scissi
3014 5816 3142 5864 sunt
3204 5824 3217 5860 :
3263 5807 3456 5862 (Iilires
3514 5805 3717 5877 quippe
