4086 6236
408 263 474 329 65
1330 258 1426 320 DE
1467 251 1915 319 ANDRONICO
1955 250 1996 312 P

2103 251 2420 313 .EOLOGO
2458 252 2609 315 LIB.
2652 254 2699 317 Ι.
3580 245 3651 317 [ιϐ

417 373 549 430 κατὰ
574 370 831 428 Κιλικίαν
862 372 955 426 τὸν
986 367 1486 440 Πομπηϊουπόλεως
1525 365 1820 428 Διονύσιον,
1845 363 1899 440 οἱ
1929 359 1983 412 δὲ
2013 362 2054 417 Α
2087 360 2315 415 καίαθεν
2341 362 2480 431 (ἐκεῖ
2500 362 2609 434 γὰρ
2640 364 2733 416 καὶ
2758 358 3124 431 συνετηρξῖτο)
3150 358 3374 413 ἀπολύει
3406 357 3539 430 πρὸς
3562 361 3654 414 τὸν

414 465 551 537 ἀμφὶ
604 464 805 538 Συρίαν
845 466 936 517 τὸν
970 438 1146 534 Τύρου
1180 438 1468 531 Κύριὶλον
1514 456 1814 512 καθιστῶσι
1840 438 1858 489 ἶ
1886 453 1982 508 καὶ

411 558 501 614 τοῦ
521 559 795 611 Διονυσίου
821 555 1244 627 κραδαινομένου
1269 553 1463 623 φθάνει
1494 549 1812 621 προκριθεὶς
1840 546 1982 617 ὑπὲρ

413 652 611 705 ικεῖνον
644 650 673 703 ὁ
698 650 982 721 Κύριὶλος.
1008 648 1112 701 Τὸν
1145 646 1279 716 γοῦν
1323 643 1730 715 Ἀλεξανδρείας
1750 638 1985 693 ενταῦθα

414 742 651 812 παρόντα
679 739 793 793 οὒτ’
836 738 1019 791 ὠδύνα
1065 735 1126 791 τὸ
1178 737 1255 807 μὴ
1283 738 1396 799 τοῖς
1430 733 1609 797 ἄλλοις
1652 745 1985 801 συμμνημοο

414 832 658 885 γεύεσθαι
685 828 769 903 [Ρ.
801 826 893 901 54]
928 827 1019 899 (τὰ
1042 828 1152 897 γὰρ
1179 830 1293 891 τοῖς
1329 825 1545 887 πολλοῖς
1599 820 1986 893 συμϐεϐηκότα

414 920 473 976 τὸ
516 921 638 976 καθ’
679 919 843 975 αὑτὸν
882 919 1127 988 λυπηρὸν
1178 915 1554 987 ἀπέκρυπτεν)
1605 913 1732 969 οὕτε
1784 912 1889 984 μὴν
1927 909 1987 963 τὸ

411 1012 690 1081 ἀξιοῦσθαι
743 1012 992 1083 μετέχειν
1039 1009 1194 1081 σφίσι
1224 1009 1325 1079 τῆς
1373 1008 1596 1079 μνήμης
1643 1003 1879 1060 ἔθαλπεα
1918 1000 1987 1053 τὰ

412 1107 522 1178 γὰρ
555 1106 708 1177 παρὰ
736 1104 799 1158 τὸ
853 1103 1065 1172 πρέπον
1106 1094 1442 1173 πραχθέντα,
1486 1093 1572 1160 οἷς
1614 1096 1889 1150 κοινωνεῖν
1919 1089 1988 1164 ἦν

414 1198 696 1269 γεγονότα,
725 1196 1091 1264 συγκάταινον
1114 1192 1454 1264 περιίστατο.

637 1332 711 1390 κ’.Δ
738 1332 878 1401 Περὶ
903 1330 1014 1402 τῆς
1039 1328 1326 1401 γυναικὸς
1355 1327 1463 1383 τοῦ
1494 1322 1765 1398 Τερτερῆ.

497 1464 666 1529 Ἇλλὰ
716 1469 925 1525 τούτων
979 1466 1373 1541 ἀνηρτημένων
1400 1468 1496 1521 καὶ
1548 1466 1627 1520 ἔτι
1659 1468 1687 1520 ὁ
1740 1462 1990 1536 βασιλεὺς

412 1563 508 1620 τοῦ
575 1563 843 1635 Τερτερῆ,
883 1562 943 1615 ὃν
992 1561 1057 1631 δὴ
1111 1558 1335 1631 βασιλέα
1392 1558 1717 1628 Βουλγάρων
1769 1558 1797 1609 ὁ
1832 1556 1991 1622 λόγος

414 1656 629 1711 ιδείκνυ
655 1654 750 1709 τοῦ
793 1654 957 1708 ’Δσὰν
995 1651 1208 1706 ἐκεῖθεν
1236 1652 1717 1722 ἀναχωρήσαντος,
1745 1647 1994 1717 πέμψαν-

415 1766 508 1814 τος
546 1749 642 1803 καὶ
685 1746 964 1812 ἀξιοῦντος
992 1746 1125 1816 περὶ
1154 1745 1255 1816 τῆς
1287 1743 1540 1814 γυναικὸς
1604 1744 1723 1813 (τὴν
1757 1743 1865 1812 γὰρ
1890 1741 1984 1793 τοῦ

429 1842 595 1896 ’Δσὰν
662 1840 1003 1909 αὐταδέλφην
1062 1839 1136 1903 ὡς
1204 1839 1535 1909 παρανόμως
1599 1833 1985 1904 συζευχθεῖσαν

414 1935 751 2005 ἀπιστεργε,
792 1938 887 1988 καὶ
937 1933 1113 1995 ἄλλως
1154 1933 1233 1985 ὅτι
1276 1930 1496 2000 καὶτῆς
1545 1930 1660 1982 ἐκεῖ
1692 1928 1987 1998 ἐκκλησίας

422 2029 498 2100 μὴ
546 2028 991 2098 παραδεχομένης
1024 2025 1187 2079 αὐτὸν
1239 2026 1295 2077 ὲν
1349 2023 1661 2094 ἁγιασμοῖς,
1708 2021 1785 2084 ὡς
1812 2020 1986 2087 ελεγε,

420 2122 553 2192 περὶ
582 2122 683 2192 τὴν
724 2120 957 2188 σύζυγον
986 2116 1381 2189 ἀνομήσαντα),
1414 2115 1585 2170 ταῦτα
1610 2114 1704 2167 τοῦ
1745 2115 1987 2185 Τερτερῆ

417 2209 851 2282 διαμηνυομένου
883 2212 976 2261 καὶ
1002 2211 1098 2271 τὰς
1134 2206 1352 2269 ἐσαῦθις
1386 2206 1704 2274 ἀγαπῶντος
1735 2201 1987 2267 σπονδὰς,

419 2302 750 2365 ἀποστείλας
774 2303 803 2354 ὁ
833 2300 1087 2373 βασιλεὺς
1122 2302 1217 2354 καὶ
1248 2299 1472 2368 ἀγαγὼν
1502 2298 1602 2364 τὴν
1635 2297 1868 2364 γυναῖκα
1897 2292 1994 2346 Νι-

423 2458 992 2532 Pompeiopolitanum
1027 2457 1367 2529 Dionysium,
1407 2455 1529 2528 Syri
1567 2468 1699 2509 vero
1728 2452 1989 2526 Cyrillum

424 2551 650 2625 Tyrium
680 2551 736 2606 in
769 2552 1200 2623 patriarchatum
1268 2555 1623 2605 vocaverunt.
1659 2548 1810 2601 Inter
1869 2559 1992 2613 qua:

426 2646 770 2703 deliberante
830 2658 897 2699 ac
930 2643 1239 2715 trepidante
1273 2642 1533 2712 Dionysio
1590 2639 1994 2711 praeoccupavit

426 2741 691 2796 thronum
766 2737 1021 2810 Cyrillus,
1073 2747 1128 2794 et
1169 2738 1230 2792 in
1271 2751 1339 2793 eo
1393 2739 1640 2790 firmatus
1690 2733 1991 2805 praevaluit.

424 2833 600 2906 Igitur
619 2830 1045 2887 Alexandrinum
1078 2831 1166 2885 hic
1198 2828 1674 2899 Constantinopoli
1705 2828 1994 2898 degentem

425 2927 584 2983 nullo
638 2925 935 2981 admodum
980 2925 1188 2980 doloris
1218 2925 1610 2988 aiiocitsensu,
1657 2922 1805 2991 quod
1852 2921 1996 2974 inter

425 3018 785 3091 patriarchas
816 3033 926 3073 non
951 3019 1279 3073 recitaretur
1332 3031 1528 3071 nomen
1569 3018 1689 3085 ejus
1718 3035 1730 3069 :
1762 3013 1996 3069 secietas

425 3113 581 3166 enim
613 3112 670 3167 in
698 3112 812 3181 pari
844 3118 991 3165 sorte
1026 3110 1323 3163 multorum
1357 3112 1621 3177 privatam
1673 3106 1847 3177 ipsius
1877 3120 1997 3164 mo-

424 3204 643 3259 lestiam
669 3203 899 3258 levabat.
944 3199 1128 3272 Neque
1152 3216 1280 3275 spes
1322 3201 1396 3254 illi
1420 3201 1601 3256 oblata
1636 3200 1796 3255 istius
1825 3200 2001 3255 hono-

426 3303 504 3359 ris
551 3299 887 3372 adipiscendi
916 3297 1019 3370 57
1060 3312 1314 3370 magnum
1341 3295 1535 3351 habuit
1578 3296 1828 3361 illicium,
1861 3308 1999 3362 ντες

424 3393 622 3452 sertitn
642 3391 790 3464 quod
814 3407 945 3447 caro
980 3389 1216 3445 emenda
1260 3394 1679 3458 proponeretur,
1712 3394 1907 3441 exacta
1939 3384 1995 3439 in

426 3487 482 3544 id
508 3484 964 3555 comprobatione
994 3481 1502 3539 inconvenientium
1536 3488 1788 3535 actorum
1807 3477 1996 3548 synodi

429 3576 724 3650 presentis
752 3594 768 3644 ;
798 3588 1033 3647 quorum
1082 3574 1217 3645 quin
1273 3588 1335 3629 se
1371 3572 1601 3628 fundum
1634 3579 1690 3626 et
1717 3578 2000 3625 auctorem

428 3674 629 3739 ferret,
656 3685 725 3726 ac
751 3679 1158 3741 consequenter
1185 3680 1375 3724 eorum
1398 3666 1660 3722 invidiam
1694 3666 1753 3719 in
1783 3678 1844 3719 se
1876 3679 2001 3718 sus-

431 3767 670 3837 ciperet,
700 3764 795 3835 qui
829 3763 953 3818 talia
987 3761 1306 3834 gerentibus
1337 3755 1791 3826 communicaret,
1828 3761 2003 3813 vitare

430 3876 551 3916 non
590 3873 751 3933 posse
793 3856 954 3915 facile
987 3858 1227 3914 videbat.

876 3998 968 4055 20.
1013 3997 1088 4054 De
1119 4012 1277 4055 uxore
1311 3996 1555 4053 Terterir.

505 4137 715 4194 Verum
753 4135 842 4191 his
887 4135 1069 4191 adhuc
1114 4135 1172 4190 in
1203 4133 1601 4189 deliberatione
1631 4132 2001 4199 versantibus,

436 4229 671 4299 contigit
702 4227 1032 4282 instauratio
1090 4224 1319 4281 hederis
1354 4225 1500 4279 inter
1531 4224 1915 4293 imperatorem
1946 4232 2002 4278 et

435 4321 749 4378 Terterem.
777 4318 833 4374 Is
864 4318 921 4373 in
978 4331 1206 4389 regnum
1230 4315 1493 4388 Bulgaria:
1519 4328 1642 4389 post
1661 4315 1857 4372 Asanis
1876 4317 2004 4372 inde

2084 452 2383 525 Τερτερῆν,
2421 454 2706 524 πέμψοντα
2730 456 2981 509 κάκεῖνον
3011 451 3209 507 αὐτίκα
3239 452 3337 523 τὴν
3358 452 3453 504 τοῦ
3491 450 3659 506 ’Δσὰν

2083 543 2337 614 ἀδελφὴν,
2370 544 2399 599 ὃ
2431 544 2495 616 δὴ
2548 546 2641 599 καὶ
2669 545 2884 613 γέγονε.
2934 546 3045 600 Καὶ
3099 544 3158 596 τὸ
3209 542 3481 609 ἐντεῦθεν,
3536 541 3660 595 ἐπεὶ

2087 634 2347 688 ἀδύνατον
2374 630 2442 706 ἦν
2472 637 2565 689 τὸν
2610 636 2776 689 Ἀσὰν
2809 633 3112 705 βασιλεύειν
3166 632 3491 705 Βουλγάρων
3525 647 3663 702 κρα-

2084 728 2409 791 ταιωθέντος
2447 728 2545 800 ἤδη
2576 728 2670 781 τοῦ
2710 729 2753 780 Τ
2757 731 2973 800 ερτερῆ,
3027 724 3216 798 ἐκείνῳ
3249 727 3350 792 μὲν
3379 723 3662 785 σπένδεται

2088 818 2210 887 (τὰς
2241 818 2349 887 γὰρ
2402 818 2660 887 δυνάμεις
2719 820 2808 887 τῆς
2851 816 3149 886 Ῥωμαῖδος
3191 816 3661 885 πολεμησειούσας

2088 906 2407 977 ἐκλείπειν),
2464 906 2555 960 τὸν
2604 906 2650 960 δ’
2688 907 2848 960 Ἀσὰν
2896 909 3033 959 κατὰ
3074 906 3173 967 τὰς
3224 898 3492 975 προτέρας
3539 919 3666 955 συν-

2089 997 2277 1062 θεσίας
2325 998 2420 1052 τοῦ
2478 998 2684 1067 πατρὸς
2732 986 2998 1065 δεσπότην
3046 994 3348 1064 Ῥωμαῖδος
3401 990 3666 1046 ἀποκαθί-

2091 1108 2303 1162 στησιν.

2091 1245 2197 1301 κα’.
2235 1247 2373 1316 Περὶ
2425 1244 2536 1314 τῆς
2581 1246 2675 1301 ἐπ’
2716 1244 3025 1316 ἀνατολὴν
3066 1244 3375 1311 ,βασιλέως
3414 1242 3664 1311 ἐξελεύ-

2784 1333 2961 1384 σεως.

2164 1454 2247 1528 [Ρ.
2286 1454 2381 1529 55]
2408 1455 2577 1519 Αὐτὸς
2598 1454 2656 1508 δὲ
2678 1454 2914 1525 ἔμμονον
2945 1455 3215 1526 μέριμναν
3246 1456 3384 1526 ἔχων
3413 1457 3512 1526 τῆς
3532 1457 3663 1527 περὶ

2091 1546 2190 1617 τὴν
2233 1545 2557 1617 Ἐκκλησίαν
2599 1545 2850 1616 ὁμονοίας
2882 1548 2978 1599 καὶ
3032 1547 3439 1610 καταστάσεως,
3488 1546 3555 1600 δι’
3595 1547 3663 1617 ἢν

2094 1641 2189 1692 καὶ
2218 1638 2393 1691 ταῦτα
2422 1637 2578 1692 πάντ’
2609 1639 2913 1710 ἐπράττετο
2944 1641 3000 1711 (ἡ
3031 1639 3140 1710 γὰρ
3157 1640 3265 1692 τῶν
3304 1640 3663 1710 Ἀρσενιατῶν

2094 1731 2450 1793 ὲπισύστασις
2493 1731 2665 1802 πολλή
2693 1749 2775 1794 τις
2804 1729 2939 1785 οὖσα
2966 1731 3060 1785 καὶ
3099 1730 3219 1784 καθ’
3260 1733 3496 1801 ἑκάστην
3527 1730 3668 1802 πλη-

2096 1825 2331 1895 Θυομένη
2358 1826 2585 1895 ἠρεμεῖν
2614 1825 2714 1879 οὐκ
2746 1824 2879 1895 eia),
2929 1826 3150 1897 ἀπάρας
3184 1827 3279 1898 τῆς
3320 1824 3668 1879 Κωνσταντί-

2095 1934 2187 1971 νου
2207 1916 2296 1970 ἐπ’
2319 1916 2585 1987 ἀνατολῆς
2614 1916 2867 1988 ἡλαυνεν,
2896 1916 3202 1987 ἐπισκήψας
3226 1917 3320 1970 καὶ
3349 1916 3664 1991 πατριάρχῃ

2096 2010 2187 2061 καὶ
2220 2009 2332 2073 τοῖς
2362 2010 2590 2074 λοιποῖς,
2626 2010 2742 2063 ὅσοι
2775 2026 2833 2063 τε
2869 2010 2995 2079 περὶ
3024 2010 3114 2064 τὸν
3158 2012 3503 2081 πατριάρχτθν
3525 2005 3666 2080 ἦσαν

2096 2104 2191 2158 καὶ
2231 2103 2345 2157 ὅσοι
2372 2105 2470 2175 τῆς
2503 2104 2755 2168 ἐναντίας
2798 2105 3012 2176 μοίρας,
3048 2107 3228 2159 ἐκεῖσε
3276 2107 3402 2176 περί
3434 2123 3537 2159 που
3566 2108 3667 2169 τὰς

2106 2195 2511 2260 Ὑποπλακίους
2531 2195 2716 2268 Θήῦας
2744 2199 2989 2269 απαντᾷν
3028 2197 3127 2269 τὴν
3155 2198 3414 2269 ταχίστην
3441 2197 3545 2251 ὑπὸ
3572 2197 3668 2269 βη-

2099 2290 2335 2351 σιλικαῖς
2379 2289 2629 2368 τριήρεσι
2655 2306 2714 2342 τε
2746 2290 2842 2343 καὶ
2883 2290 3135 2361 ἐφοδίοις,
3172 2292 3247 2354 ὡς
3280 2292 3395 2344 ἐκεῖ
3446 2294 3670 2362 κινηθη-

2103 2451 2456 2522 possessione
2497 2448 2833 2510 validissime
2878 2452 3126 2509 ﬁrmatus
3180 2463 3471 2524 appareret
3538 2452 3669 2511 t‘er-

2101 2554 2270 2612 teres,
2301 2546 2568 2616 optimum
2598 2546 2743 2601 factu
2776 2546 3301 2618 putavitimpcrator
3332 2549 3513 2605 fmdus
3542 2565 3667 2605 eum

2102 2635 2205 2692 hoc
2253 2637 2419 2704 icere,
2470 2637 2657 2708 utique
2690 2653 2883 2708 parum
2930 2640 2998 2695 ad
3046 2655 3271 2696 manum
3311 2642 3518 2698 habens
3567 2644 3673 2697 ιιο-

2100 2743 2390 2785 manarum
2487 2733 2770 2803 comarum
2852 2734 3111 2789 alacrium
3198 2736 3267 2791 ad
3335 2752 3547 2811 pugnas
3614 2749 3673 2794 et

2102 2823 2169 2875 ad
2201 2837 2317 2877 rem
2348 2823 2488 2880 bene
2517 2828 2813 2897 gerendam
2851 2842 2975 2882 cum
3025 2838 3133 2884 tam
3191 2831 3378 2888 vicino
3415 2842 3672 2887 strenuo-

2103 2931 2209 2985 quc
2247 2921 2403 2972 hoste
2449 2929 2826 2990 promptarum
2862 2922 3018 2977 satis.
3066 2924 3340 2980 Convenit
3377 2941 3509 2997 ergo
3541 2942 3669 2981 cum

2103 3007 2361 3080 Bulgaro,
2404 3013 2594 3079 Asani,
2646 3014 2801 3084 juxta
2825 3026 2983 3085 pacta
3017 3017 3170 3088 prius
3198 3034 3229 3074 a
3264 3029 3418 3091 patre
3447 3039 3571 3079 cum
3602 3041 3669 3082 eo

2100 3103 2260 3168 inita,
2332 3104 2657 3176 dignitatem
2724 3108 2967 3180 despotic
2995 3110 3278 3171 Romaidis
3323 3116 3377 3171 in
3418 3119 3669 3189 qualern-

2099 3210 2334 3268 cumque
2364 3199 2535 3267 regni-
2562 3200 2749 3257 amissi
2782 3206 3289 3275 compensationem
3322 3209 3594 3266 tribuens.

2223 3334 2313 3390 21.
2345 3334 2424 3390 De
2455 3336 2781 3409 profectione
2802 3342 3137 3410 imperatoris
3165 3338 3219 3397 in
3247 3342 3536 3401 Orientem.

2173 3474 2288 3531 Hac
2319 3490 2452 3531 cura
2510 3477 2690 3533 soluto
2740 3478 3054 3547 imperatori
3105 3481 3284 3535 acrior
3311 3482 3417 3539 alia
3466 3496 3520 3540 et
3549 3503 3671 3556 per-

2102 3569 2443 3623 severantior
2497 3570 2664 3626 altius
2740 3570 3015 3627 insidebat
3098 3578 3306 3642 animo,
3361 3581 3670 3638 concordia:

2102 3662 2321 3718 tandem
2352 3661 2663 3733 in,Eeclesia
2693 3664 2836 3719 bona
2866 3666 2970 3721 ﬁde
2996 3669 3320 3735 statuenda,
3370 3669 3479 3742 58
3504 3689 3669 3743 quam

2104 3756 2264 3813 unice
2295 3758 2362 3812 ad
2384 3770 2499 3813 rem
2520 3758 2621 3812 etsi
2657 3766 2851 3814 cuncta
2885 3774 3005 3828 qua:
3034 3775 3184 3815 nunc
3208 3764 3441 3821 maxime
3478 3772 3671 3826 tierent

2104 3849 2505 3915 referebantur,
2544 3860 2731 3904 tamen
2768 3850 2903 3905 nihil
2931 3852 3228 3907 admodum
3261 3853 3526 3911 hactenus
3550 3876 3672 3915 esse

2104 3939 2410 4012 proiectum
2472 3941 2795 4011 apparebat.
2851 3943 2995 4015 Ergo
3029 3946 3321 4001 sollicitum
3372 3951 3464 4004 tali
3500 3965 3667 4008 causa

2104 4037 2407 4105 principem
2452 4049 2668 4090 cessare
2700 4036 2754 4090 in
2784 4035 3139 4106 inquisitione
3188 4039 3433 4094 ulteriori
3469 4045 3672 4096 medio-

2106 4145 2225 4184 rum
2266 4130 2335 4184 ad
2368 4130 2529 4183 ilnem
2570 4138 2678 4183 tam
2742 4136 3136 4199 necessarium,
3192 4149 3315 4188 cum
3351 4135 3575 4191 minime
3602 4136 3672 4191 si-

2104 4237 2264 4283 neret
2288 4222 2530 4299 ﬂagrans
2590 4228 2879 4298 plusquam
2921 4243 3161 4299 unquam
3219 4240 3273 4284 et
3315 4231 3527 4300 pollens
3569 4249 3675 4287 nu-

2107 4336 2258 4377 mero
2308 4320 2473 4391 inque
2508 4319 2626 4375 dies
2655 4328 2986 4391 augescente
3032 4321 3383 4377 multitudine
3451 4338 3675 4382 smere-

435 4401 741 4476 secessum,
778 4418 836 4465 ut
891 4408 1027 4463 alias
1053 4408 1318 4471 diximus,
1352 4418 1597 4474 evectus,
1649 4406 1901 4479 religioni
1940 4422 1996 4463 se

2106 4431 2269 4472 scena
2298 4413 2601 4470 Arseniana
2632 4412 2818 4480 factio,
2853 4428 3083 4467 movens
3129 4415 3474 4471 Androniius
3529 4416 3673 4473 Con-

436 4506 639 4562 ducere
686 4504 951 4576 promens
1000 4512 1187 4560 tenere
1212 4503 1269 4556 in
1327 4501 1693 4558 contubernio
1756 4515 2005 4558 sororem

436 4600 685 4671 ejusdem
722 4587 935 4666 Asani's,
970 4611 1133 4667 quam
1164 4595 1447 4667 repudiata
1491 4605 1681 4651 contra
1711 4594 1793 4650 fas
1820 4601 2007 4666 priore

437 4698 678 4769 legitima
733 4695 968 4764 conjuge
1013 4694 1281 4759 duxisset,
1325 4707 1429 4749 nec
1456 4693 1603 4749 ferre
1655 4692 1911 4763 amplius,
1946 4702 2007 4747 ut

438 4797 645 4859 aiebat,
687 4793 876 4849 valens
924 4806 982 4846 se
1012 4791 1081 4845 ab
1128 4788 1375 4845 Ecclesia
1424 4790 1508 4846 sui
1545 4792 1696 4862 regni
1720 4805 2006 4847 sacrorum

441 4900 718 4947 exsortem
758 4901 823 4940 eo
860 4885 1083 4939 nomine
1120 4882 1333 4938 censeri
1360 4892 1525 4953 atque
1556 4900 1586 4937 a
1619 4884 2006 4940 communione

443 4980 623 5051 rejici,
677 4978 827 5034 misit
876 4978 943 5032 ad
1000 4978 1411 5045 imperatorem,
1439 4977 1533 5046 qui
1587 4979 1702 5031 haec
1757 4977 1869 5047 ipsa
1913 4992 2009 5031 ex-

447 5082 717 5144 ponerent
775 5078 833 5127 et
895 5080 1143 5140 paratum
1192 5083 1315 5124 sese
1366 5070 1433 5124 ad
1494 5084 1689 5139 pacem
1752 5084 1877 5123 cum
1940 5083 2007 5125 eo

444 5163 795 5220 sanciendam
848 5162 1180 5218 afﬁrmarent
1228 5176 1293 5215 ea
1326 5163 1663 5226 conditione,
1720 5161 1767 5217 si
1823 5176 2006 5218 veram

447 5254 551 5314 sibi
580 5272 759 5322 suam,
794 5270 915 5328 qua:
947 5254 1138 5310 Nicena:
1172 5255 1541 5322 detinebatur,
1604 5269 1827 5311 uxorem
1880 5258 2009 5312 red-

444 5351 627 5409 deret.
680 5350 764 5407 Ad
793 5364 914 5420 quae
950 5350 1246 5419 imperator
1303 5360 1553 5403 annuens
1608 5348 1861 5403 eductam
1911 5366 2009 5405 cu-

448 5446 627 5505 stodia
662 5442 949 5500 mulierem
982 5444 1052 5500 ad
1099 5442 1383 5499 Terterem
1416 5443 1647 5509 remisit,
1705 5454 1901 5513 pactus
1952 5455 2013 5501 ut

446 5541 497 5597 is
520 5536 759 5597 vicissim
834 5552 1080 5595 sororem
1157 5536 1351 5593 Asanis
1404 5538 1473 5594 ad
1532 5553 1591 5595 se
1647 5540 2007 5607 remitteret;

444 5629 594 5706 quod
629 5642 686 5690 et
710 5632 913 5689 factum
953 5641 1058 5690 est.
1098 5633 1357 5701 Moxque,
1387 5646 1511 5686 cum
1538 5634 1651 5702 jam
1682 5634 1849 5689 Asani
1884 5649 2012 5704 spes

446 5726 594 5786 nulla
622 5738 767 5790 esset
795 5730 1155 5802 recuperandi
1217 5729 1368 5802 regni
1397 5726 1685 5800 Bulgarici,
1747 5729 1906 5799 cujus
1943 5730 1996 5784 in

2107 4507 2465 4579 stantinopoli
2484 4521 2678 4563 versus
2705 4506 2983 4561 Orientem
3008 4506 3199 4572 tendit,
3233 4510 3549 4578 praseripto
3573 4528 3675 4582 pa-

2110 4602 2361 4659 triarchat
2406 4615 2531 4657 cum
2560 4601 2675 4655 suis
2711 4599 2942 4669 aliisque
2974 4598 3329 4664 antistitibus,
3352 4607 3674 4675 cunctisque

2108 4698 2314 4769 pariter
2337 4691 2430 4767 qui
2464 4705 2649 4768 partes
2702 4695 2788 4750 his
2814 4695 3075 4750 adversas
3118 4705 3426 4761 tuerentur,
3475 4710 3532 4754 ut
3567 4700 3671 4755 sibi

2106 4790 2433 4861 quantocius
2481 4791 2626 4845 circa
2654 4787 3016 4858 l‘lypOplacias
3091 4787 3305 4845 Thebas
3356 4790 3673 4864 frequentes

2107 4897 2482 4947 occurrerent,
2514 4881 2891 4953 imperatoriis
2926 4898 2992 4938 eo
3021 4884 3306 4941 deferendi
3335 4890 3671 4953 triremibus,

2107 4998 2246 5054 quas
2275 4980 2667 5052 capiosissiinis
2698 4988 2751 5032 et
2776 4981 3080 5047 quantavis
3132 4982 3527 5050 implicitorum
3583 4982 3669 5037 isti

2109 5092 2286 5135 causae
2320 5076 2603 5131 hominum
2639 5073 2993 5140 multitudini,
3026 5075 3107 5128 vel
3133 5075 3175 5129 si
3209 5078 3428 5131 nemine
3453 5079 3673 5148 dempto

2111 5170 2349 5227 universi
2385 5176 2754 5232 accurrerent,
2786 5167 3099 5223 suil’ecturis
3130 5169 3195 5223 ad
3237 5172 3338 5225 hoc
3380 5172 3559 5239 ipsum
3594 5176 3676 5224 in-

2110 5266 2245 5321 strui
2285 5260 2679 5319 commeatibus
2712 5263 2968 5331 iusserat.
3002 5261 3074 5317 Ut
3128 5273 3238 5316 tant
3297 5267 3497 5319 muiios
3535 5275 3677 5322 tanta

2112 5374 2219 5430 que
2248 5358 2428 5411 varios
2459 5354 2755 5409 convenire
2820 5369 2987 5408 unum
3049 5355 3105 5409 in
3148 5356 3327 5411 locum
3381 5357 3675 5427 imperator

2110 5451 2297 5515 vellet,
2347 5448 2473 5504 inde
2505 5458 2619 5502 erat
2651 5446 2796 5515 quod
2815 5448 3054 5502 studenti
3086 5448 3383 5515 perfectam
3418 5448 3677 5507 Ecclesiae

2111 5544 2406 5599 restituere
2439 5541 2788 5597 concordiam
2816 5540 3485 5615 necessarioqfacicndum
3520 5545 3676 5611 vide-

2112 5640 2291 5702 batur,
2322 5656 2323 5659 ‘
2354 5646 2413 5691 ut
2440 5635 2815 5704 multiplicium
2845 5634 3099 5689 auctores
3146 5637 3436 5687 sectariite
3479 5635 3675 5689 factio-

2107 5750 2237 5791 num
2297 5748 2399 5787 una
2452 5730 2830 5795 consulerent,
2887 5727 3115 5795 suisque
3169 5724 3366 5793 singuli
3422 5724 3680 5793 allegatis
