4094 6234
417 314 485 385 τι
1638 309 1967 372 GEORGII
2001 308 2489 374 PACHYME’RIE
3625 311 3697 369 '12

418 440 763 497 κλυτούντων
822 434 1048 491 ἐκείνων
1088 432 1182 490 καὶ
1215 430 1284 485 τὰ
1340 430 1563 501 θεοφιλῆ
1620 428 2006 500 ποτνιωμὲνων
2038 435 2077 488 Α
2112 429 2206 481 καὶ
2227 426 2374 499 ἱεροῦ
2417 424 2895 499 μεταλαμϐάνουσι
2924 424 3257 494 κλάσματος,
3286 422 3435 498 δῆλοι
3457 441 3519 480 τε
3550 419 3693 495 ἦσαν

418 534 505 607 ἐφ’
536 528 580 605 ᾧ
609 534 902 605 προσσχεῖν
928 530 1019 584 τὸν
1047 527 1178 583 Θεὸν
1213 529 1309 579 καὶ
1342 524 1641 597 ἐμφανίσαι
1664 524 1764 595 τὴν
1795 521 2004 575 οἰκεξαν

421 628 697 698 βούλησιν,
730 626 829 694 τὴν
881 624 1104 694 μακρὰν
1142 621 1292 689 σφῶν
1330 618 1709 687 ταλαιπωρίαν
1754 616 2009 683 δυσωπη-

420 719 607 775 θέντα.
652 717 741 781 ’ος
787 715 919 783 γοῦν
975 711 1369 783 ὲνεῦλήθησαν,
1428 709 1653 780 καλάμη
1683 703 1822 777 ἦσαν
1869 706 2005 775 πρὸς

420 810 654 881 κάμινον
682 807 776 860 καὶ
810 806 1135 876 ἀμφότεροι,
1179 804 1271 857 καὶ
1315 801 1377 854 τὸ
1406 802 1518 871 πῦρ
1551 801 1653 852 οὐκ
1692 799 1877 869 ἠγνόει
1908 798 2007 865 τὴν

420 900 617 955 ἑαυτοῦ
645 899 900 969 δύναμιν,
939 897 1034 951 καὶ
1073 892 1535 965 συνεπτυγμένων
1576 892 1859 964 ἀραρότως
1884 892 2010 943 ἐπε-

419 990 750 1062 λα-μδάνετο,
785 989 926 1043 ὥστε
952 991 1048 1041 καὶ
1082 990 1210 1058 μιᾶς
1236 986 1271 1057 ἢ
1302 986 1397 1039 καὶ
1421 984 1677 1056 δευτέρας
1708 983 1855 1054 ὥρας
1880 998 2009 1035 σπο-

417 1080 509 1139 δὸν
556 1082 816 1152 γενέσθαι
874 1084 971 1136 καὶ
1014 1080 1379 1152 ἀμφοτέρους.
1420 1077 1556 1131 Τότε
1616 1076 1748 1145 γοῦν
1808 1075 2005 1137 τελέως

420 1176 1048 1248 ἀποκαραδοκήσαντες,
1107 1173 1309 1245 τρόπον
1374 1170 1485 1231 τῶν
1539 1172 1759 1236 τόμων,
1818 1168 2007 1237 ὥσπερ

422 1273 620 1326 ἐκεῖνοι
655 1270 814 1342 πυρὶ,
843 1269 1013 1333 οὕτως
1059 1260 1206 1321 οὗτοι
1241 1264 1453 1337 βασιλεῖ
1494 1263 1762 1317 ἐνεδίδουν
1800 1263 1892 1314 καὶ
1918 1261 2011 1330 δῆ-

418 1364 500 1419 λοι
550 1362 692 1437 ἦσαν
730 1362 1146 1425 ὐποκλινοῦντες
1194 1359 1273 1431 τῷ
1326 1359 1663 1430 πατριάρχῃ.
1710 1357 1771 1409 Ὀ
1828 1357 2011 1427 μέντοι

420 1473 485 1527 γε
518 1457 769 1529 βασιλεὺς
793 1455 1069 1526 διαχυθεὶς
1097 1448 1206 1506 οἷον
1235 1452 1443 1505 ἐκεῖθεν
1483 1450 1556 1515 ὣς
1588 1467 1642 1502 τι
1673 1449 1876 1520 δράσας
1899 1447 2009 1501 τῶν

421 1548 754 1620 θαυμαστῶν
798 1546 1137 1619 (Θαυμαστὸν
1166 1547 1278 1615 γὰρ
1307 1544 1481 1598 ἐδόκει
1529 1543 1750 1613 γνώμας
1782 1542 2010 1613 ἰσχυρὰς

420 1644 478 1697 ὲν
509 1642 708 1713 ἀκαρεῖ
736 1639 1124 1713 μαλαχθῆναι),
1154 1637 1228 1701 ὡς
1259 1638 1359 1710 ἤδη
1390 1638 1450 1690 τὸ
1474 1637 1595 1690 ὅλον
1626 1631 2011 1706 κατωρθωκὼς

422 1735 484 1801 ἐξ
501 1735 670 1806 αὐτῆς
689 1733 832 1804 λαφυ
842 1730 1263 1805 ραγωγηῦἐντας
1283 1731 1577 1801 προσάγειν
1595 1727 1669 1797 τῷ
1693 1725 2008 1797 πατριάρχῃ

420 1829 498 1893 ὡς
524 1822 675 1899 εἶχεν
724 1826 909 1897 ὥρμα,
961 1825 1055 1879 καὶ
1081 1824 1345 1895 κρυμώδη
1391 1824 1784 1892 κατανίφοντος
1809 1824 2010 1892 ὴφρον-

423 1921 616 1987 τιστει,
649 1917 735 1993 [Ρ.
768 1917 863 1992 58]
893 1919 986 1973 καὶ
1031 1917 1211 1973 λαῦὼν
1260 1907 1647 1986 ἐκείνουςᾶμα
1692 1915 1831 1987 πεζῇ
1864 1914 2010 1986 βαδῖη

422 2014 533 2079 ζων
562 2013 664 2084 ὀψὲ
696 2012 976 2068 Σαὸσάτου
1006 2012 1085 2084 τῷ
1123 2009 1442 2083 πατριάρχῃ
1466 2010 1820 2081 παρίστησιν.
1853 2006 1916 2061 Οἳ
1946 2006 2010 2079 δὴ

423 2108 522 2163 καὶ
552 2105 778 2161 αὐτόθεν
812 2103 1129 2175 προσιόντες
1165 2101 1413 2170 εὐλογίας
1446 2119 1504 2155 τε
1540 2100 2011 2173 μεταλαγχάνουσι

423 2282 786 2357 Optatissima:
812 2280 1048 2335 libenter
1078 2276 1473 2349 proﬂigaturus
1502 2272 1798 2328 videretur.
1829 2273 2010 2327 Desti-

424 2377 579 2435 navit
626 2386 895 2449 praeterea
959 2373 1091 2427 tanti
1152 2370 1417 2424 momenti
1467 2365 1806 2422 caeremoniae
1864 2364 2008 2419 diem

422 2472 674 2528 omnium
708 2468 1088 2531 sacerrimam,
1130 2465 1231 2519 hoc
1262 2472 1366 2529 est,
1396 2460 1657 2532 quoniam
1698 2459 1873 2530 major
1896 2457 2007 2528 jam

428 2564 730 2621 hebdomas
750 2560 1045 2622 institerat,
1072 2554 1568 2625 Sabbatumipsum
1603 2561 1874 2615 sanctum,
1908 2549 2010 2606 Pa-

424 2656 570 2714 scha
588 2655 855 2712 festorum
880 2649 1148 2723 principis
1166 2648 1425 2721 vigiliam.
1447 2644 1853 2716 Talicrgoluce
1873 2657 2007 2699 con-

425 2748 665 2822 gregatis
698 2747 935 2811 cunctis,
968 2740 1263 2814 propitiato
1281 2740 1394 2811 62
1426 2738 1603 2810 longis
1644 2733 2012 2792 communiter

423 2839 770 2897 orationibus
819 2838 953 2905 Deo,
1007 2846 1067 2890 ut
1107 2842 1294 2905 erepta
1343 2832 1629 2887 fortunare
1666 2828 2008 2896 dignaretur,

427 2934 647 2990 tandem
702 2930 987 2988 universis
1053 2925 1517 2999 inspectantibus,
1564 2922 1690 2994 ipso
1742 2928 2011 2993 praesente

339 3078 343 3083 .
424 3029 696 3095 Augusto,
729 3026 945 3096 piorum
972 3021 1280 3090 hominum;
1312 3027 1368 3075 et
1406 3018 1590 3072 neutri
1621 3026 1763 3086 partt
1813 3025 2008 3083 suspe-

429 3137 642 3178 etorum
678 3118 933 3174 manibus
963 3115 1241 3172 volumina
1292 3112 1550 3182 utrinque
1593 3108 2007 3180 consignantur.

2108 519 2169 587 ἐξ
2194 515 2268 588 ὧν
2295 520 2482 591 ἔλεγόν
2531 535 2592 574 τε
2626 520 2721 573 καὶ
2772 512 3043 590 ἔπραττον
3075 517 3232 573 πάντ’
3275 517 3471 582 εῶντες
3502 507 3586 587 ἔφ’
3613 510 3693 582 οἷς

2106 613 2167 665 τὸ
2198 612 2412 683 πρῶτον
2455 611 2535 676 ὡς
2581 612 2825 682 ἰσχυροῖς
2853 609 2917 680 εξ
2962 608 3210 678 ἀνάγκης
3259 608 3522 681 μεγίστης
3551 610 3701 679 ἐσχι-

2110 702 2282 767 ζοντο.
2343 703 2699 771 Ἐπέφωσκεν
2746 704 2781 774 ἡ
2822 702 3026 773 ἡμέρα,
3064 700 3161 755 καὶ
3193 699 3254 754 τὸ
3289 699 3490 771 θερμὸν
3520 699 3699 753 tacetve

2111 797 2204 848 καὶ
2242 794 2455 850 ἔντονον
2504 796 2641 869 πρὸς
2671 797 2898 868 εἰρήνην
2934 794 3278 867 ψυχροῦσθαι
3327 795 3423 849 καὶ
3457 810 3698 863 καταχα-

2109 887 2207 959 λᾷν
2238 889 2455 961 ἤρχετο,
2490 889 2587 943 καὶ
2635 888 2712 953 ὼς
2754 887 3205 959 κατασοφισθεῖσι
3257 888 3445 957 σφισιν
3483 887 3699 950 ἑαυτοῖς
3744 938 3747 939 ν

2110 998 2419 1054 προσειχον.
2462 982 2553 1036 Ἐν
2603 984 2803 1051 ἀφανεῖ
2849 981 2907 1036 δὲ
2934 982 3074 1047 τέως
3122 980 3190 1037 τά
3238 980 3337 1053 τῆς
3392 977 3698 1051 μεταϐολῆς

2110 1077 2323 1149 ἔχοντες
2358 1079 2568 1149 (κτῆμα
2597 1078 2707 1148 γὰρ
2734 1072 2875 1131 εῐναι
2911 1074 3133 1139 πειθοῦς
3166 1074 3267 1146 τὴν
3307 1072 3556 1145 εἰρήνην,
3581 1070 3699 1127 ἀλλ’

2110 1171 2170 1224 οὐ
2224 1169 2399 1240 τύχης
2454 1168 2714 1240 ἔκρινον),
2769 1168 2923 1239 μόλις
2978 1168 3073 1223 καὶ
3123 1169 3181 1231 ες
3218 1164 3434 1237 ἐκείνης
3480 1165 3699 1236 ἡμέρας

2114 1266 2380 1335 ἑσπέραν,
2413 1262 2489 1328 ὡς
2524 1262 2850 1333 ἀφυλάκτως
2884 1263 3238 1333 ἐμπεσόντες,
3272 1264 3329 1316 ιν
3370 1261 3531 1333 δεινῷ
3552 1261 3703 1314 τιθε-

2113 1375 2269 1429 μενοι
2297 1357 2512 1429 ἔμενον,
2548 1357 2761 1427 πρωῖας
2790 1356 2845 1410 δὲ
2875 1357 3016 1428 πλὴν
3051 1356 3253 1424 ὀλίγων
3279 1356 3482 1418 πάντες
3520 1370 3697 1423 παρε-

2112 1453 2419 1523 κεκίνηντο.
2453 1452 2511 1508 '0
2538 1452 2668 1522 γοῦν
2699 1451 2939 1521 κρατῶν,
2970 1453 3091 1506 ἐπεὶ
3113 1450 3255 1521 ἔγνω
3286 1450 3348 1504 τδ
3374 1451 3485 1505 πᾶν
3510 1451 3699 1522 εῖργα·

2112 1546 2310 1615 σμένος
2372 1547 2571 1618 μάτην,
2632 1547 2855 1615 συνάγει
2911 1563 2974 1599 τε
3027 1544 3157 1608 τοὺς
3215 1542 3555 1618 προῦχοντας
3599 1542 3699 1597 καὶ

2110 1638 2436 1711 δημηγορεῖ.
2470 1641 2577 1694 Καὶ
2612 1640 2705 1693 τὸν
2733 1641 2831 1709 μὲν
2862 1639 3209 1711 πατριάρχην
3238 1638 3349 1692 ἔσω
3378 1654 3482 1691 που
3511 1652 3696 1709 παρα·

2113 1730 2283 1795 δύσας
2314 1733 2697 1802 ἐστολισμένον
2732 1733 2945 1798 στολαῖς
2969 1733 3139 1804 ἱεραῖς
3168 1730 3536 1804 προσέταττεν
3557 1731 3695 1802 ἠρε-

2112 1826 2256 1895 μεῖν,
2292 1826 2475 1890 αῠτοῖς
2503 1826 2561 1879 δὲ
2596 1826 2846 1897 στρέφων
2874 1820 2988 1880 οἷον
3014 1826 3190 1892 διττὰ,
3227 1827 3324 1880 καὶ
3369 1826 3698 1897 τεχνιτεύων

2113 1915 2189 1980 ὡς
2216 1911 2284 1990 ἦν
2333 1917 2470 1988 πρδς
2519 1918 2617 1982 τὰς
2638 1906 2867 1974 ¹ἐκείνων
2918 1918 3165 1984 διπλόας,
3216 1919 3366 1983 ὅπως
3410 1917 3476 1973 ἂν
3517 1918 3696 1991 ἔχοιεν

2114 2008 2340 2080 γνώμης
2378 2009 2471 2063 τὸν
2519 2011 2964 2086 πατριαρχοῦντα
3015 2010 3420 2068 διεπυνθάνετο.
3481 2013 3607 2077 Τοῖς
3635 2012 3698 2067 δὲ

2116 2103 2192 2174 μὴ
2222 2104 2503 2175 ὁμολογεῖν
2536 2106 2636 2177 μὲν
2659 2107 2867 2163 ἐκεῖνον
2892 2107 3243 2181 πατριάρχην
3267 2110 3294 2163 ό
3315 2106 3449 2179 παρ’
3478 2086 3693 2163 ἐκείνου

2113 2276 2294 2350 guidis
2324 2276 2511 2333 ﬂoccis
2535 2278 2677 2335 cmlo
2718 2280 2923 2351 passim
2959 2280 3241 2335 hiemante
3280 2277 3698 2350 depluentibus,

2114 2383 2211 2437 per
2250 2368 2408 2423 nives
2434 2378 2490 2423 et
2524 2369 2648 2441 gelu
2671 2369 2838 2441 pedes
2858 2370 3005 2427 viam
3040 2369 3278 2426 mediam
3303 2384 3581 2436 emensus,
3599 2383 3696 2424 ea-

2111 2462 2235 2541 dem
2263 2462 2487 2519 Sabbati
2519 2463 2696 2519 sancti
2717 2477 2971 2535 vespera,
2992 2463 3361 2534 patriarcham
3389 2463 3505 2520 adit
3530 2462 3697 2535 eique

2112 2556 2451 2613 Arsenianos
2483 2554 2647 2612 oﬂ‘ert
2673 2556 2798 2627 ;qui
2833 2557 3109 2627 supplices
3126 2556 3334 2612 admoti
3350 2555 3595 2630 eulogias
3628 2559 3699 2613 ab

2111 2664 2179 2705 eo
2208 2658 2257 2703 et
2293 2649 2434 2704 sacri
2456 2648 2613 2720 panis
2638 2650 3009 2721 fragmentum
3044 2648 3475 2722 accipiunt,63
3510 2650 3697 2721 plane,

2112 2749 2172 2796 ut
2224 2749 2338 2797 tum
2403 2740 2767 2812 apparebant,
2829 2740 3202 2814 signiﬁcantes
3268 2745 3585 2798 renuntiare
3639 2756 3702 2799 se

2110 2832 2361 2903 pristinis
2405 2832 2882 2905 persuasionibus,
2938 2846 2993 2889 et
3048 2850 3179 2890 vero
3233 2834 3453 2891 tandem
3510 2834 3699 2908 agnito

2112 2926 2380 2982 deductos
2407 2935 2608 2984 cuncta
2635 2927 2728 2982 illa
2755 2927 3061 2999 superiora,
3095 2942 3217 2998 qua:
3245 2944 3347 3000 pro
3370 2927 3701 2987 necessariis

2110 3021 2471 3077 abscindendi
2500 3036 2623 3077 sese
2651 3022 2723 3078 ab
2765 3020 3009 3078 Ecclesia
3037 3028 3222 3079 causis
3248 3024 3578 3089 habuerant,
3610 3038 3689 3080 re-

2114 3116 2335 3171 mittere
2372 3131 2437 3172 ac
2464 3118 2604 3172 velle
2651 3116 2904 3172 oblivisci
2939 3119 3079 3173 bona
3122 3119 3247 3175 lide.
3294 3117 3569 3175 Caeterum
3604 3120 3692 3175 vix

428 3217 500 3271 Ea
536 3216 633 3283 illi,
664 3214 809 3283 quod
850 3214 991 3267 bene
1038 3216 1298 3275 verteret,
1343 3207 1399 3261 in
1448 3205 1626 3276 ignem
1658 3202 1893 3273 jaciunt,
1928 3199 2010 3252 in-

2116 3220 2349 3283 postera:
2380 3211 2510 3266 inde
2538 3210 2649 3267 diei
2671 3212 2754 3267 sol
2782 3221 3007 3268 exortus
3029 3212 3317 3278 ,illuxerat,
3348 3227 3475 3270 cum
3498 3212 3693 3270 borum

429 3308 787 3366 tendentibus
828 3320 1021 3377 preces
1053 3319 1178 3361 cum
1217 3300 1457 3357 maxime
1494 3313 1592 3369 per
1633 3307 1898 3351 summam
1946 3290 2011 3345 il-

426 3402 646 3459 duciant
685 3397 1021 3460 Arsenianis,
1060 3406 1117 3452 et
1157 3393 1314 3466 quasi
1370 3390 1541 3447 Deum
1582 3383 2012 3444 admonentibus

428 3500 623 3552 adesse
666 3504 884 3563 tempus
926 3489 1239 3545 declarandi
1283 3486 1371 3542 sui
1410 3481 1655 3539 numinis
1692 3480 1748 3535 in
1782 3478 2009 3549 gratiam

430 3593 673 3662 ipsorum
700 3586 802 3642 zeli
848 3600 946 3658 pro
978 3585 1099 3656 ejus
1136 3580 1307 3654 gloria
1342 3576 1536 3634 tandiu
1578 3574 1777 3629 frustra
1827 3570 2009 3625 tabes-

429 3684 629 3747 centis,
675 3697 738 3735 ac
782 3678 1137 3748 longissimas
1170 3670 1420 3727 miserias
1469 3664 1869 3739 patientissime
1914 3677 2011 3732 pro

431 3777 663 3833 veritate
725 3774 984 3829 toleratas
1029 3766 1335 3823 clarissima
1374 3762 1460 3818 sui
1516 3758 1739 3825 favoris,
1774 3756 1865 3828 qui
1918 3769 2006 3809 ca-

432 3870 669 3929 lumnias
735 3869 1106 3923 humanorum
1160 3872 1411 3917 errorum
1467 3863 1695 3911 cunctas
1751 3850 2009 3913 dilueret,

432 3965 832 4039 signiﬁcatione
845 3956 1191 4018 consolandi.
1219 3954 1346 4010 Haec
1376 3952 1483 4008 illis
1501 3948 1784 4007 orantibus
1813 3944 2011 4014 stipula

432 4035 747 4116 in'l'ornace
770 4054 931 4110 ambo
963 4049 1167 4123 pariter
1203 4047 1329 4102 libri
1362 4045 1540 4101 fuere.
1565 4038 1723 4103 Nbil
1749 4035 2011 4095 utriusvis

434 4160 691 4226 respectu
742 4150 892 4205 'acris
951 4160 1065 4202 sum
1115 4140 1336 4199 virtutis
1388 4135 1601 4195 remisit
1655 4134 1897 4190 flamma.
1946 4130 2014 4187 Et

430 4260 746 4320 quanquam
783 4257 881 4316 pro
910 4238 1132 4296 modulo
1161 4235 1356 4292 lcbetis
1379 4231 1523 4288 haud
1547 4228 1777 4285 multum
1809 4240 2013 4298 pruna-

435 4351 557 4394 rum
591 4344 731 4401 erat,
763 4341 929 4405 atque
972 4322 1269 4398 utrumque
1310 4324 1556 4381 codicem
1590 4337 1689 4395 pro
1727 4334 1827 4375 suo
1860 4334 2011 4389 quaa-

434 4447 542 4503 que
568 4444 697 4501 pars
719 4426 901 4484 studio
939 4419 1132 4480 scdulo
1160 4420 1539 4490 complicatum
1571 4424 1629 4471 et
1666 4423 2009 4485 compactum

2114 3303 2358 3360 studium
2405 3302 2543 3360 illud
2582 3304 2639 3360 in
2682 3319 2872 3376 pacem
2917 3304 3445 3377 pridianum'cmpit
3472 3308 3700 3380 langue-

2110 3413 2287 3455 scere.
2324 3397 2406 3454 Ne
2434 3396 2539 3453 sibi
2583 3406 2732 3455 esset
2763 3396 2989 3454 illusum
3028 3406 3307 3455 transacta
3339 3408 3701 3456 retractantes

2113 3491 2485 3559 verebantur;
2522 3505 2586 3546 ac
2617 3500 2825 3547 tantam
2861 3492 2946 3545 sui
2982 3492 3136 3547 nictu
3164 3501 3512 3563 properatam
3552 3492 3700 3548 oculi

2113 3582 2474 3638 mutationem
2506 3584 2786 3649 admirati,
2824 3584 3001 3641 nullis
3045 3583 3153 3640 sibi
3199 3585 3558 3656 argumentis,
3588 3585 3700 3641 nisi

2111 3689 2273 3731 casus
2324 3686 2530 3732 eventu
2570 3676 2808 3746 fortuiti,
2836 3685 2949 3733 tam
2991 3678 3100 3733 alte
3131 3676 3452 3751 insculptas
3492 3677 3696 3735 animis

2112 3767 2273 3824 evelli
2307 3769 2554 3839 potuisse
2586 3771 2979 3841 persuasiones
3005 3771 3402 3843 querebantur,
3434 3786 3560 3829 sero
3584 3772 3698 3842 jam

2113 3872 2476 3933 agnoscentes
2499 3864 2710 3920 scilicet
2739 3863 3008 3920 doctrina:
3032 3864 3243 3933 solidas,
3281 3879 3396 3921 non
3425 3865 3592 3922 sortis
3609 3865 3699 3922 in-

2113 3956 2325 4013 Stabilis
2356 3957 2517 4013 talem
2553 3974 2650 4030 par
2684 3957 2858 4015 fuisse
2886 3957 3159 4038 eli‘ectum.
3194 3959 3492 4016 exsistere.
3532 3958 3701 4031 Egre

2113 4052 2181 4107 ad
2230 4052 2352 4123 ejus
2394 4050 2503 4106 diei
2554 4066 2845 4123 vesperam
2884 4066 3157 4109 novorum
3202 4051 3519 4109 isdusmodi
3568 4067 3701 4109 sen-

2113 4160 2277 4201 suum
2322 4144 2726 4221 qualiscunque
2769 4144 3138 4201 diasintulatio
3202 4146 3460 4218 pervenit
3503 4164 3518 4203 :
3566 4162 3699 4203 ure-

2114 4238 2211 4295 bat
2251 4237 2460 4310 quidpe
2516 4239 2741 4309 penitus
2793 4248 2850 4296 et
2904 4240 3329 4311 inquietissime,
3374 4250 3438 4297 ut
3492 4240 3696 4298 indicia

2114 4332 2462 4403 erumpentia
2495 4333 2589 4387 vix
2619 4341 2897 4400 tenerent,
2923 4332 3165 4403 agitabat
3192 4335 3458 4404 superbos
3483 4335 3702 4391 animos

2115 4426 2381 4483 memoria
2427 4426 2837 4495 imprudentia,
2871 4443 2980 4497 qua
3022 4442 3082 4483 se
3110 4427 3329 4485 incaute
3362 4429 3701 4499 objecissent

440 4526 632 4581 validis
674 4524 901 4593 insuper
949 4514 1252 4574 involucris
1295 4519 1539 4581 sepserat
1576 4520 1630 4565 et
1674 4515 2008 4579 protexerat,

2117 4523 2364 4595 periculo
2408 4523 2603 4588 ruinae,
2642 4522 2697 4576 in
2741 4538 2906 4592 quam
2937 4533 2991 4578 et
3031 4520 3529 4595 praecipitaverant.
3565 4524 3701 4580 Lar-

441 4630 624 4673 tamen
643 4630 751 4669 una
773 4613 1015 4668 alterave
1051 4609 1185 4664 hora
1204 4604 1342 4660 nihil
1373 4617 1439 4656 ex
1475 4612 1707 4670 utroque
1740 4598 1848 4654 nisi
1867 4597 2010 4652 ciuis

438 4711 729 4782 superfuit.
771 4707 871 4762 llic
898 4706 1009 4775 jam
1040 4700 1256 4759 confusi
1290 4698 1550 4755 frustrata
1579 4694 2009 4767 exspectatione,

439 4801 730 4859 Arseniani
768 4798 1086 4872 praesertim,
1135 4792 1335 4851 imitati
1376 4806 1505 4849 suas
1551 4792 1789 4856 chartas,
1822 4798 1882 4843 ut
1909 4786 2014 4840 illae

439 4899 574 4973 igni,
601 4897 680 4953 sic
712 4894 813 4965 ipsi
853 4898 1100 4965 Augusto
1122 4896 1429 4954 cesserunt,
1464 4901 1520 4942 et
1545 4884 1704 4940 [idem
1731 4893 2011 4955 pactorum

439 4990 749 5063 reposci-nti
796 4987 1157 5045 ostenderunt
1189 4982 1336 5039 haud
1379 4997 1438 5038 se
1496 4987 1846 5035 recusaturos
1880 4977 2013 5031 sub-

436 5083 532 5156 jici
580 5082 842 5151 deinceps
876 5088 1046 5148 atque
1090 5078 1474 5145 obtemperare
1520 5071 1861 5143 patriarchas.
1893 5068 2014 5133 Quo

439 5191 701 5232 successu
725 5171 1117 5228 incredibiliter
1132 5170 1411 5224 exsultans
1432 5162 1817 5238 gratulansque
1842 5163 2017 5232 impe-

437 5281 588 5328 rator
617 5268 833 5337 (miratu
862 5268 1064 5338 quippe
1093 5280 1208 5320 rem
1253 5262 1520 5319 divinitus
1553 5258 2016 5329 interpretabatur

440 5369 659 5431 factam,
692 5364 837 5435 quod
874 5373 979 5416 tam
1018 5360 1251 5423 invicta,
1298 5367 1408 5412 tam
1457 5368 1666 5409 annoso
1701 5352 1845 5406 velut
1878 5350 2015 5406 callo

440 5461 696 5515 indurata
749 5455 1050 5527 pertinacia
1083 5462 1363 5507 momento
1392 5448 1633 5504 emollita
1661 5446 2015 5516 resolutaque

438 5554 805 5621 cerneretur),
842 5526 1011 5603 veluti
1040 5547 1152 5617 jam
1184 5545 1297 5600 voti
1327 5543 1413 5599 vix
1443 5540 1645 5612 (sperati
1680 5540 1839 5610 plene
1869 5554 2018 5593 com-

439 5664 560 5718 pos,
622 5645 901 5702 festinavit
956 5644 1199 5697 victoriae
1250 5656 1363 5696 sua:
1402 5640 1557 5709 quasi
1614 5636 1906 5694 manubias
1954 5650 2019 5691 ac

439 5745 609 5813 spolia
642 5740 961 5813 patriarcha:
993 5738 1211 5793 sistere.
1248 5736 1558 5806 Eademque
1586 5734 1739 5797 hora,
1774 5734 1877 5789 etsi
1904 5743 2017 5788 tum

439 5836 579 5893 forte
619 5836 847 5908 contigit
882 5848 1127 5907 asperam
1163 5830 1428 5887 desmvire
1458 5838 1857 5901 tempestatem,
1890 5826 2016 5883 nin-

2118 4633 2237 4672 vam
2275 4627 2452 4671 tamen
2484 4632 2547 4671 ea
2590 4617 2777 4686 utique
2814 4616 2938 4673 luce
2978 4632 3087 4673 non
3130 4618 3460 4690 deposuere.
3493 4616 3703 4675 Posui-

2117 4709 2227 4766 die.
2268 4721 2466 4780 praster
2498 4724 2738 4778 paucos,
2772 4710 3019 4765 universi
3049 4711 3229 4781 palam
3284 4721 3436 4767 motu
3490 4708 3703 4785 ingenti

2117 4806 2509 4859 reclamatum.
2554 4803 2878 4874 Imperator,
2906 4802 3004 4861 ubi
3055 4804 3259 4859 trustra
3319 4820 3378 4860 se
3422 4805 3707 4865 laborasse

2116 4896 2406 4960 intellexit,
2440 4906 2706 4952 convocat
2738 4898 2917 4967 capita
2944 4898 3061 4968 ipsa
3097 4910 3287 4967 secta‘,
3319 4909 3375 4955 et
3394 4902 3701 4959 orationem

2118 4992 2182 5046 ad
2210 5006 2339 5046 eum
2370 5001 2574 5047 coetum
2607 4991 2793 5047 habet.
2824 4994 2933 5047 Sed
2969 5000 3261 5062 antequam
3293 4994 3479 5050 dicere
3510 5009 3706 5068 aggre-

2082 5082 2374 5145 ‘deretur,
2437 5083 2801 5152 patriarcham
2854 5082 3155 5153 pontiﬁcali
3205 5098 3462 5141 ornatum
3510 5087 3702 5145 habitu

2116 5184 2315 5246 praesto
2344 5190 2465 5231 esse
2492 5175 2669 5247 jubet,
2717 5185 3128 5245 exspectantem
3171 5179 3228 5233 in
3268 5178 3455 5235 vicino
3484 5180 3707 5239 concla-

2120 5269 2192 5324 vi.
2224 5268 2559 5325 Arsenianos
2588 5268 2709 5338 ipse
2734 5268 2954 5324 interim
2998 5270 3281 5340 implicare
3308 5270 3506 5328 callide
3534 5290 3705 5331 cona-

2120 5373 2227 5431 tur,
2262 5379 2465 5430 anceps
2498 5365 2788 5434 qmesitum
2836 5365 2902 5419 ad
2937 5380 3130 5421 eorum
3176 5368 3452 5437 utrimque
3485 5372 3703 5441 pervias

2118 5457 2509 5528 ambiguitates
2536 5473 2841 5528 opponens.
2880 5459 3244 5515 Percontatur
3277 5461 3527 5518 videlicet
3544 5481 3609 5519 ex
3637 5466 3706 5520 iis

2118 5551 2249 5621 quid
2300 5552 2367 5604 de
2426 5551 2756 5621 patriarcha,
2795 5551 2889 5621 qui
2937 5568 3083 5606 nunc
3117 5553 3238 5607 talis
3282 5564 3524 5623 vocetur,
3572 5572 3705 5612 sen-

2122 5645 2295 5709 tiant;
2322 5646 2515 5714 ecquid
2546 5659 2673 5699 eum
2715 5646 2810 5699 tali
2850 5660 3041 5700 revera
3080 5647 3369 5717 dignitate,
3407 5652 3566 5721 cujus
3600 5668 3701 5707 no—

2123 5739 2274 5793 mine
2305 5738 2579 5810 dignetur,
2611 5748 2917 5808 agnoscant
2957 5740 3268 5808 praeditum.
3326 5742 3619 5799 iherehant
3650 5748 3707 5803 in

2122 5831 2461 5904 expediendo
2489 5846 2775 5902 responso.
2832 5830 2973 5887 Hinc
3008 5833 3153 5888 enim
3183 5834 3378 5890 durum
3427 5838 3710 5893 Videbatur
