4086 6236
332 364 385 430 8i
518 413 527 423 .
1237 364 1334 426 DE
1372 358 1818 429 ANDRONlCO
1856 365 2315 428 PALEOLOGO
2355 364 2501 425 LIB.
2550 363 2599 421 ῐ.

3471 355 3547 420 82

329 472 535 547 μάλιστα
568 468 662 524 καὶ
717 470 811 525 τοῦ
848 469 1126 542 Καροῦλου
1182 472 1476 540 γενομένου
1505 516 1520 540 ,
1560 474 1865 528 εὐδτάθετον
1898 478 1939 534 Α
1967 477 2089 548 διχῆ
2112 494 2168 530 τε
2207 472 2661 548 περιταφρεῦσαι,
2695 470 2787 524 xit
2819 468 2963 539 ὕδωρ
2991 470 3053 521 ὲκ
3100 467 3377 537 θαλάσσης
3407 460 3550 522 ἐνεῖ-

323 567 409 635 τὴν
428 562 640 633 γνώμην
672 563 863 618 ἐτίθει.
896 565 955 618 Οἱ
991 564 1089 635 μὲν
1117 560 1211 618 οὖν
1238 565 1336 630 τὰς
1368 566 1501 630 ναῦς
1553 568 1871 637 παριδόντες

325 654 501 723 ἇνῆκαν
530 654 765 715 ἐκείναις
813 654 1001 726 χρόνον
1052 656 1234 710 ἱκανὸν
1262 684 1265 687 -
1299 657 1389 711 καὶ
1424 657 1583 726 μόνον
1632 659 1752 726 δίχα
1777 659 1870 711 τοῦ

324 746 686 815 συνεργοῦντος
710 748 789 810 εἰς
819 746 1022 817 φθορὰν
1042 730 1410 819 λογιζόμενον.
1445 750 1516 804 Τὸ
1538 750 1592 804 δὲ
1625 753 1717 804 ἐπὶ
1738 750 1871 804 rati-

321 856 423 897 ταις
470 838 907 908 ἀποτεταγμένοι
958 842 1345 911 στρατιωτικόν
1399 860 1456 895 τε
1507 843 1601 896 καὶ
1639 844 1873 913 μάχιμον

321 930 435 999 παρ’
463 930 611 983 οὐδὲν
639 931 876 1000 ἔχοντεςς
908 935 1022 995 τοῖς
1053 932 1154 1001 μὲν
1204 932 1506 1003 βαναύσους
1552 936 1745 1004 τέχνας
1773 953 1871 1005 με·

320 1020 626 1092 ταχειρίζειν
659 1025 876 1093 ἐφῆκαν
900 1024 979 1086 εἰς
1009 1024 1378 1096 ἀποστροφὴν,
1410 1027 1580 1097 ὁπόση
1611 1044 1691 1089 τις
1727 1028 1873 1079 ἐκεῖ·

320 1113 397 1167 θεν
423 1114 617 1183 δυνατὴ
648 1110 735 1184 ἦν,
764 1117 875 1178 τοῖς
903 1115 960 1169 δὲ
998 1118 1091 1168 καὶ
1120 1117 1439 1187 αὐτομολεῖν
1468 1120 1581 1180 τοίς
1631 1119 1867 1187 ἐχθροῖς.

318 1204 390 1277 [Ρ.
426 1205 510 1277 Li]
561 1205 701 1259 ὥστε
759 1206 952 1277 σύναμ’
980 1207 1207 1273 ἐκείνοις
1239 1211 1513 1278 πειρατῶν
1562 1210 1747 1280 τρόπῳ
1778 1209 1874 1279 τὴν

328 1296 602 1367 Ῥωμαίων
650 1300 870 1351 κακοῦν.
924 1298 1054 1351 Τότε
1101 1299 1159 1353 δὲ
1220 1300 1314 1353 τοῦ
1377 1300 1874 1370 πρωτοὸεστιαρίου

317 1389 639 1460 ὶξορμῶντος
664 1391 799 1444 πολύ
828 1408 879 1445 τι
909 1391 1110 1463 πλῆθος
1139 1391 1323 1447 εἵπετο
1373 1394 1468 1447 iret
1507 1392 1732 1454 δύσεως.
1767 1382 1878 1445 Καὶ

315 1482 372 1550 δὴ
399 1480 718 1551 προσϐαλὼν
763 1485 1102 1554 Δημητριάδι
1133 1486 1249 1538 ἐκεῖ
1280 1485 1567 1539 συνέταττε
1599 1484 1696 1548 τὰς
1718 1478 1880 1539 δυνάο

314 1591 447 1643 psic,
470 1574 565 1636 οὓς
603 1576 699 1644 μὲν
728 1575 961 1645 πέμπων
987 1578 1077 1639 ιιῐς⁸
1098 1576 1270 1629 σκῦλα
1291 1580 1384 1633 καὶ
1409 1576 1691 1648 ἁρπαγὰς,
1720 1574 1800 1640 οἷς
1830 1577 1877 1630 δ’

320 1662 401 1716 ἑίιὶ
436 1663 795 1734 ἀνοικοδομὴν
857 1666 965 1718 τῶν
1010 1666 1125 1721 ius!
1172 1665 1453 1738 χρώμενος
1504 1668 1877 1739 πολισμάτων,

318 1758 732 1827 ἀπήιαραδοκῶν
768 1760 984 1832 καὶτὴν
1036 1762 1132 1830 τῆς
1189 1761 1501 1834 βασιλίσσης
1534 1762 1734 1832 πρᾶξιν
1785 1761 1878 1815 ἐπὶ

1978 588 2061 623 ναι
2095 571 2215 632 ταῖς
2244 568 2490 636 τάφροις,
2525 565 2618 617 καὶ
2653 560 2822 625 οὕτως
2858 561 3050 631 ἀνέδην
3082 559 3201 614 κατ’
3226 561 3407 628 ὀλίγον
3439 558 3558 613 κτι-

1977 658 2136 722 ζοντα
2183 656 2486 727 ἀνεγείρειν
2520 654 2687 717 λίθοις
2713 654 2773 706 τὸ
2804 652 3068 720 πὸλισμα.
3111 654 3209 705 Διά
3250 650 3422 704 ταῦτα
3454 648 3565 704 καὶ

1976 751 2176 822 ἀνοχὰς
2220 753 2478 813 ἐποιεῖτο,
2532 750 2623 802 καὶ
2657 747 2855 817 ἀεργὸς
2906 746 3039 818 πρὸς
3069 746 3193 810 τοὺς
3224 739 3555 811 ἀντιπάλους

1978 844 2254 913 ἐφαίνετο.

1974 959 2080 1025 κζ’.
2118 958 2256 1027 Περὶ
2297 957 2402 1012 τοῦ
2436 955 2993 1027 πρωτοᾷεστιαρίοιι.
3043 953 3141 1007 καὶ
3190 954 3270 1027 ᾡς
3300 954 3558 1019 ὕστερον·

2232 1028 2579 1094 κατωρθώθη
2612 1024 2684 1079 τὰ
2724 1024 2874 1079 κατὰ
2905 1024 3013 1078 τὸν
3039 1024 3299 1093 Μιχαήλ.

2049 1118 2136 1191 [Ρ.
2166 1116 2261 1191 45]
2289 1118 2396 1171 Τοῦ
2443 1116 2574 1185 γοῦν
2624 1116 2817 1186 καιροῦ
2847 1114 3168 1185 τριϐομένου
3203 1115 3354 1176 νόσος
3387 1111 3557 1182 ἐμπί-

1979 1200 2100 1262 πτει
2138 1208 2213 1277 τῷ
2244 1206 2618 1279 στρατιωτικῷ
2676 1207 2867 1277 βαρεῖα
2906 1206 3081 1275 πάντη
3114 1209 3210 1258 καὶ
3257 1204 3557 1274 αὐτουργὸς

1978 1302 2089 1363 τοῖς
2117 1298 2329 1363 πολλοῖς
2376 1299 2639 1353 θανάτοιν
2674 1298 2895 1368 βαρείας
2938 1299 3045 1366 γὰρ
3075 1299 3263 1367 χεῖρας
3297 1297 3324 1348 ὁ
3368 1296 3557 1364 λοιμὸς

1980 1393 2208 1454 ἐκείνοις
2239 1392 2430 1462 ἐφῆκε,
2462 1394 2551 1444 καὶ
2586 1389 2943 1459 ἐπασσύτεροι
2970 1389 3253 1463 ἔθνησκον.
3295 1386 3458 1450 Τέλος
3496 1388 3557 1440 δὲ

1982 1483 2079 1538 καὶ
2118 1484 2275 1547 αὐτὸς
2309 1485 2337 1537 ὁ
2398 1482 2699 1553 στρατηγὸς
2736 1481 3229 1551 πρωτοὸεστιάριος
3280 1481 3436 1534 νόσου
3468 1479 3559 1547 γὲ-

1980 1592 2103 1641 γονε
2136 1574 2533 1645 παρανάλωμα,
2563 1572 2856 1627 κάντεῦθεν
2892 1575 2939 1626 οἱ
2988 1570 3423 1639 περιλειφθέντες
3458 1586 3562 1637 μη-

1980 1668 2067 1721 δὲν
2092 1668 2201 1721 τῶν
2224 1667 2486 1737 γενναίων
2525 1667 2829 1737 πράξαντες
2867 1664 3319 1733 ῦπανεξεῦγνυον.
3354 1662 3559 1715 ’Ὕστε-

1984 1777 2077 1830 ρον
2100 1759 2164 1813 δὲ
2193 1760 2329 1830 αὐτὴ
2350 1759 2471 1813 καθ’
2497 1758 2664 1828 αὐτὴν
2689 1759 2721 1828 ἠ
2751 1758 3036 1826 βασίλισσα
3060 1756 3276 1825 σῦναμα
3304 1753 3382 1824 τῷ
3409 1753 3563 1822 ἀνδρὶ

318 1846 387 1915 τῷ
411 1846 618 1917 ἀνεψιῷ
672 1849 908 1920 Μιχαὴλ,
937 1849 1011 1913 ὡς
1040 1849 1308 1905 λέλεκται.
1341 1852 1448 1906 Καὶ
1475 1851 1688 1923 πρῶτον
1714 1852 1878 1921 αὐτῷ
1910 1843 1951 1896 Β
1978 1843 2292 1922 Νικηῲὁρῳ,
2320 1850 2493 1913 δόλοις
2522 1849 2839 1911 ὑπελθόντες
2865 1851 2957 1902 καὶ
2975 1849 3159 1919 ὅρκοις
3179 1845 3561 1913 ἐξαπατήσανο

318 1940 413 1994 τῶν
444 1940 624 2010 ἔργων
657 1940 887 2011 πύργοις
936 1942 1164 2007 ξυλίνοις
1209 1944 1522 2014 αὑθημερδν
1576 1944 1656 2007 εἰς
1710 1942 1883 1997 εἰκοσι

321 2033 403 2085 καὶ
428 2034 700 2105 τέσσαρας
723 2035 1071 2106 ποσουμένοις
1100 2034 1485 2104 περιϐαλέσθαι
1504 2036 1880 2106 Δημητριάδα,

322 2222 472 2280 quam
502 2209 748 2268 Venetos
777 2221 831 2266 et
859 2212 1204 2273 Genuenses.
1236 2212 1339 2284 71
1374 2214 1468 2283 qui
1497 2211 1888 2284 tranquillissi-

322 2318 401 2359 me
431 2304 483 2358 in
517 2304 688 2359 terris
729 2306 943 2376 imperii
976 2307 1259 2379 degerent,
1295 2307 1560 2361 adversus
1602 2306 1887 2361 dominan-

260 2452 267 2463 ,
320 2404 417 2453 tem
447 2396 931 2467 ConstantinOpoli
966 2399 1272 2469 Augustum
1310 2398 1530 2452 hostilia
1556 2396 1881 2459 machinari,

322 2492 534 2548 sublato
566 2480 777 2546 scilicet
808 2507 839 2546 e
863 2490 1043 2546 medio
1068 2490 1287 2555 Carolo,
1345 2496 1580 2546 cunctos
1606 2494 1672 2543 ad
1711 2491 1773 2544 id
1806 2490 1889 2543 in-

319 2584 501 2647 citare,
527 2580 661 2637 dum
686 2583 1110 2649 viveret,solito.
1147 2582 1287 2637 Hinc
1318 2581 1597 2653 subrepsit
1617 2598 1718 2638 usu
1740 2582 1885 2654 quod

320 2671 1065 2745 ratio’non’probaveratmt
1108 2676 1495 2745 compendium
1551 2677 1703 2730 tieret
1741 2666 1889 2732 sum-

320 2774 501 2838 ptuum
524 2765 585 2820 in
601 2767 831 2822 classem
852 2766 1109 2822 tuendam
1126 2767 1368 2837 impendi
1391 2766 1678 2822 solitorum
1699 2782 1713 2833 ;
1735 2767 1891 2820 dum-

318 2876 417 2931 que
455 2861 544 2915 sic
566 2860 747 2930 agitur
770 2859 928 2930 quasi
953 2870 1235 2915 constaret
1262 2861 1417 2916 lucro
1451 2862 1768 2915 accrescere
1794 2872 1891 2929 pu-

318 2949 455 3007 btico
481 2949 766 3022 quidquid
808 2951 1225 3006 subtraheretur
1247 2952 1558 3006 rationibus
1578 2952 1891 3021 navalis'ap—

320 3053 567 3117 paratus,
605 3042 809 3099 sensim
835 3042 1123 3098 deventum
1153 3058 1219 3097 eo
1249 3052 1333 3099 est
1356 3053 1410 3098 ut
1430 3043 1673 3099 Romana
1698 3044 1890 3101 classis

315 3152 417 3191 non
447 3134 689 3190 narrantis
730 3134 817 3187 illa
852 3135 1067 3203 quidem
1108 3149 1215 3187 uno
1245 3144 1518 3191 momento
1554 3134 1887 3190 absumenda

315 3228 652 3289 traderetur,
685 3233 941 3280 caeterum
979 3227 1391 3292 permitteretur
1433 3228 1703 3282 abolenda
1756 3235 1896 3282 tem-

310 3320 451 3389 pori,
488 3326 556 3374 et
583 3318 733 3372 nulla
768 3317 822 3372 in
848 3318 1089 3383 navium,
1114 3320 1315 3389 quibus
1343 3321 1434 3375 illa
1469 3320 1900 3386 constabat,tui-

314 3412 519 3467 tionem
556 3417 649 3463 aut
678 3410 1127 3464 restaurationem
1145 3420 1298 3479 parte
1323 3425 1465 3466 cura:
1492 3411 1761 3482 impensa,
1783 3419 1902 3465 tan-

314 3492 715 3557 tuurduntaxat
766 3498 1169 3570 relinqueretur
1200 3502 1485 3570 duratura,
1530 3510 1739 3572 quanto
1778 3504 1900 3558 erat

320 3606 455 3661 opus
487 3590 675 3654 spatio
708 3597 767 3643 ut
800 3604 964 3645 naves
1000 3605 1192 3646 omnes
1241 3608 1392 3647 mero
1422 3594 1671 3663 neglectu
1718 3602 1905 3663 putre-

322 3689 550 3738 scerent
578 3689 673 3735 aut
708 3680 887 3736 soluta
911 3696 1175 3753 compage
1202 3684 1575 3740 ulrolerentur.
1616 3683 1768 3741 Istud
1808 3701 1903 3755 po—

320 3784 432 3830 stea
451 3770 713 3842 contigit,
736 3772 841 3827 hoc
866 3787 1200 3842 praevorsum
1219 3790 1282 3829 ac
1312 3786 1767 3845 repraesentatum
1795 3793 1907 3832 ma-

320 3869 498 3922 turius
528 3875 643 3921 est.
684 3861 1185 3923 Classiariimilites
1209 3868 1362 3924 multi
1391 3883 1455 3923 ac
1475 3867 1666 3934 fortes,
1687 3885 1787 3925 nec
1815 3885 1907 3939 pa-

320 3974 435 4014 rum
502 3962 793 4016 exercitati
837 3958 1061 4033 praeliis,
1114 3962 1285 4029 spreti
1333 3943 1525 4015 omnes
1578 3962 1905 4030 multatique

318 4050 621 4122 stipendio.
654 4056 852 4123 partim
884 4053 948 4107 ad
978 4062 1125 4106 artes
1165 4065 1285 4105 sese
1324 4049 1581 4107 conferre
1631 4053 1910 4107 mechani-

318 4160 410 4200 cas
458 4145 667 4215 quibus
725 4146 927 4200 victum
986 4152 1318 4213 quaererent,
1367 4142 1567 4211 partim
1600 4144 1667 4197 ad
1722 4144 1907 4197 hostes

318 4239 678 4308 transfugere
706 4246 835 4294 sunt
866 4237 1065 4299 coacti,
1098 4250 1335 4305 quorum
1369 4235 1497 4289 inde
1530 4235 1697 4291 ductu
1719 4235 1911 4307 pirati—

323 4332 402 4387 cis
432 4329 758 4387 incursibus
788 4345 901 4385 rem
947 4343 1210 4389 oramque
1256 4336 1496 4383 nostram
1549 4328 1903 4384 infestarunt.

320 4423 528 4478 Tamen
566 4424 673 4477 hoc
709 4437 819 4493 quo
846 4421 1213 4477 describimus
1239 4422 1508 4503 tempore,
1555 4422 1772 4491 plurimi
1810 4423 1908 4476 bo-

1984 1959 2075 2007 τες
2111 1943 2201 1996 τὸν
2232 1942 2448 2013 Μιχαὴλ
2486 1944 2558 2005 ὼς
2585 1938 2831 2010 γαμῦρδν
2880 1941 2970 1994 ἐπὶ
2995 1943 3061 2011 τῇ
3098 1937 3325 2007 θυγατρὶ
3360 1935 3563 2003 ἀξόμε-

1984 2052 2086 2103 νοι,
2117 2034 2237 2106 μηδ’
2265 2035 2395 2089 αὐτὸ
2422 2036 2483 2089 τὸ
2516 2035 2894 2105 κεκωλυμένον
2919 2034 2983 2086 ἐκ
3000 2032 3189 2100 γένους
3228 2026 3563 2099 ὑπονοήσαν-

1984 2216 2177 2288 viginti
2234 2216 2538 2287 lignearum
2574 2216 2800 2271 turrium
2834 2215 2888 2269 in
2933 2212 3163 2269 circuitu
3205 2208 3565 2267 Demetriadis

1986 2324 2098 2364 uno
2123 2309 2211 2365 die
2241 2310 2477 2379 perfecta
2503 2310 2608 2380 72
2627 2308 2943 2374 exstructio,
2969 2306 3166 2377 quibus
3196 2315 3247 2359 et
3262 2303 3406 2358 fossa
3430 2317 3569 2373 pra-

1987 2391 2169 2456 ducta'
2210 2400 2412 2471 duplex
2438 2398 2541 2464 est,
2592 2414 2731 2468 aqua
2765 2400 2992 2466 insuper
3022 2413 3052 2451 e
3108 2395 3245 2449 mari
3274 2392 3456 2449 vicino
3504 2392 3566 2447 in

1988 2505 2276 2563 utramque
2295 2491 2575 2547 derivata.
2614 2492 2825 2558 Quibus
2872 2488 3253 2558 deproperatis
3304 2486 3372 2541 ad
3426 2492 3571 2537 lutc-

1987 2585 2093 2639 lam
2127 2587 2331 2655 operis,
2365 2586 2511 2642 intra
2554 2586 2605 2640 id
2642 2584 2844 2639 vallum
2875 2580 3069 2637 Secure
3086 2580 3196 2649 jam
3230 2589 3312 2634 est
3355 2577 3570 2634 solido-

1988 2694 2107 2733 rum
2125 2688 2161 2731 'e
2188 2670 2608 2732 saXo-mtenium
2640 2689 2734 2747 per
2748 2675 2917 2727 otium
2939 2671 3226 2727 admiratio
3244 2681 3432 2725 curata
3452 2711 3465 2725 .
3509 2668 3573 2724 In

1989 2772 2076 2827 his
2102 2772 2193 2826 diu
2234 2784 2391 2824 suum
2420 2770 2719 2824 exercitum
2750 2765 3205 2833 protovestiarius
3240 2770 3565 2831 occupatum

1990 2856 2199 2929 habuit,
2238 2863 2372 2917 nihil
2411 2862 2699 2918 admodum
2729 2862 2937 2918 interea
2982 2859 3183 2931 negotii
3214 2858 3461 2913 hostibus
3490 2854 3569 2913 fa-

1991 2970 2216 3011 CCSSt‘l‘IS
2239 2995 2251 3009 .

1991 3070 2081 3124 27.
2103 3069 2623 3139 Deprotovestiario;
2640 3075 2757 3123 etut
2774 3066 2960 3122 deinde
2985 3082 3276 3139 successum
3291 3062 3573 3116 habuerint

2174 3136 2291 3210 quae
2332 3150 2520 3193 contra
2574 3139 2884 3194 Michaelem
2922 3136 3415 3207 comparabantur._

2056 3230 2321 3287 Caeterum
2338 3234 2389 3286 in
2403 3233 2769 3287 Romanorum
2788 3236 3092 3286 castrorum
3109 3227 3331 3291 milites,
3355 3228 3573 3296 longam

2003 3324 2095 3379 Iali
2127 3324 2243 3378 loco
2266 3333 2323 3378 et
2350 3339 2513 3393 opere
2545 3324 2821 3378 trahentes
2858 3336 3091 3387 moram,
3113 3311 3295 3393 gravis
3318 3318 3571 3375 incubuit

2001 3416 2287 3471 calamitas
2323 3416 2631 3486 pestilentis
2674 3412 2871 3481 morbi,
2908 3428 3018 3484 quo
3064 3412 3220 3467 multi
3256 3418 3385 3467 sunt
3416 3409 3566 3465 brevi

2001 3510 2182 3578 Spatio
2218 3508 2419 3562 necati.
2459 3506 2572 3560 Lue
2603 3506 2801 3575 quippe
2840 3521 2937 3575 per
2980 3503 3227 3575 contagia
3264 3510 3571 3573 grassante,

2003 3614 2068 3654 ac
2119 3608 2384 3670 corrupto
2433 3592 2607 3669 magis
2658 3600 2943 3669 magisque
2984 3597 3106 3652 coeli
3159 3604 3336 3651 tractu
3372 3606 3569 3649 saevam

2004 3699 2239 3762 augente
2288 3692 2418 3756 vim,
2469 3688 2830 3761 frequentatis
2866 3690 2917 3743 in
2954 3695 3227 3742 momenta
3287 3684 3571 3741 funeribus

2007 3783 2281 3853 inexpleta
2346 3781 2589 3837 Libitina
2668 3780 2887 3836 feritate
2961 3778 3356 3835 bacchabatur,
3426 3776 3571 3831 fmda

2006 3884 2190 3945 strage
2244 3878 2572 3930 cadaverum
2622 3874 2732 3927 late
2764 3880 2961 3927 cuncta
3002 3880 3387 3933 constemens,
3435 3868 3575 3923 adeo

1957 3995 1965 3999 ν
2010 3982 2109 4022 nec
2159 3966 2295 4036 ipsis
2340 3972 2600 4037 parcente
2653 3963 2991 4034 principibus
3019 3962 3194 4027 clade,
3234 3969 3575 4031 utprotove—

2009 4059 2261 4112 stiarium
2296 4072 2519 4127 quoque
2555 4056 2748 4110 ducem
2785 4053 2900 4120 ejus
2931 4054 3209 4108 exercitus
3258 4064 3573 4120 supremum

2009 4151 2181 4219 peStis
2209 4148 2559 4214 exstinxerit;
2590 4156 2702 4218 quo
2738 4146 2953 4201 sublato
2989 4146 3237 4215 reliquiae
3268 4144 3577 4213 copiarum,

2012 4244 2159 4298 nulla
2190 4256 2248 4298 re
2274 4249 2429 4310 gesta
2456 4250 2610 4296 tanto
2654 4249 2920 4311 apparatu
2952 4249 3006 4293 et
3044 4234 3464 4308 exspectatione
3495 4233 3581 4289 di-

2011 4351 2139 4405 gna,
2194 4334 2426 4402 inglorie
2466 4340 2837 4390 reverterunt.
2873 4331 3067 4385 Postea
3110 4339 3289 4383 tamen
3329 4328 3444 4396 ipsa
3480 4342 3584 4396 per

2013 4440 2073 4479 se
2108 4425 2334 4497 regina,
2385 4433 2720 4494 cooperante
2776 4438 2873 4492 pro
2918 4421 3060 4474 virili
3109 4419 3344 4487 conjuge
3398 4418 3577 4487 ipsius

318 4533 440 4573 nm
474 4517 532 4571 in
564 4517 847 4585 pedestres
880 4516 1174 4571 centuriati
1209 4516 1395 4585 copias
1420 4516 1902 4589 protovestiarium
1938 4524 1983 4581 ι)
2010 4516 2341 4587 Nicephoro,
2404 4514 2546 4570 dolis
2609 4528 2868 4585 aggressa
2922 4510 3236 4567 Michaelem
3291 4525 3454 4562 unam
3502 4510 3583 4563 illi

320 4621 447 4666 sunt
487 4609 687 4674 secuti,
719 4608 1124 4677 expeditionem
1168 4608 1221 4661 in
1251 4617 1457 4663 tractus
1504 4606 1777 4664 Occiduos
1808 4610 1909 4663 du-

320 4700 572 4769 centem;
614 4715 722 4771 qua
759 4700 805 4755 is
831 4716 1156 4770 progressus
1185 4699 1580 4755 Demetriadem
1610 4718 1782 4772 usque
1832 4702 1907 4758 ibi

320 4796 592 4852 constitit.
623 4796 922 4864 copiasque
953 4794 1008 4848 in
1046 4808 1239 4849 manus
1260 4793 1469 4849 divisas
1495 4795 1693 4864 partim
1714 4812 1912 4851 excur-

324 4904 444 4942 rere
481 4902 548 4941 ac
576 4902 605 4942 e
630 4885 825 4941 vicinis
860 4885 1099 4940 hostium
1128 4885 1286 4939 terris
1312 4888 1523 4956 praedas
1555 4901 1735 4956 agere,
1792 4898 1914 4954 par-

321 4980 417 5033 tim
456 4987 774 5033 restaurare
804 4977 1001 5045 oppida
1041 4974 1306 5052 Romana:
1362 4977 1592 5031 ditionis
1638 4978 1913 5033 incursio-

323 5073 485 5127 tzibus
520 5069 827 5124 deformata
858 5070 1152 5124 hostilibus
1182 5068 1368 5137 jussit,
1397 5069 1517 5138 ipse
1558 5069 1779 5124 interim
1816 5086 1913 5139 op-

322 5165 565 5234 periens,
595 5171 657 5217 ut
684 5163 889 5216 dictum
927 5171 1031 5224 est,
1082 5160 1334 5214 eﬂectum
1392 5161 1790 5228 promissorum
1830 5177 1913 5214 re—

321 5258 465 5327 gina
495 5257 689 5321 Anum,
720 5265 775 5309 et
808 5255 970 5310 simul
1002 5254 1091 5309 illa
1119 5255 1171 5307 in
1204 5268 1334 5307 suos
1358 5253 1584 5322 laqueos
1630 5253 1908 5307 incautum

320 5349 598 5403 induissﬂ
627 5347 945 5405 Michaelem
989 5346 1144 5401 leviri
1187 5346 1271 5399 sui
1304 5344 1497 5410 tilium,
1530 5345 1749 5413 sibique
1788 5346 1909 5414 jux-

323 5452 374 5494 ta
404 5442 660 5497 condicta
696 5439 1039 5502 tradidisset,
1065 5448 1419 5509 correpturus
1458 5443 1683 5507 tutoque
1707 5438 1910 5507 produ-

322 5546 521 5588 cturus
544 5536 607 5586 ad
658 5534 998 5601 Augustum.
1044 5531 1171 5585 Haec
1205 5531 1407 5600 quippe
1440 5542 1567 5583 vera
1597 5538 1714 5583 erat
1742 5544 1909 5581 morae

324 5640 517 5687 causa,
551 5625 639 5680 cui
670 5624 919 5695 speciose
950 5623 1351 5679 obtendebatur
1377 5634 1538 5690 quam
1560 5621 1671 5676 dixi
1710 5621 1910 5675 labefa-

326 5725 604 5773 ctatorum
632 5718 839 5787 injuria
864 5718 948 5773 vel
988 5718 1249 5788 temporis
1282 5716 1363 5771 vel
1388 5715 1513 5771 belli
1540 5715 1800 5769 maznium
1828 5728 1909 5768 rc-

330 5812 571 5879 paratio;
604 5812 764 5883 cujus
800 5812 1032 5886 primum
1089 5810 1367 5882 specimen
1421 5808 1521 5865 fuit
1567 5817 1802 5879 quatuor
1852 5818 1904 5863 et

1980 4614 1988 4618 “
2016 4608 2255 4662 fallendo
2286 4606 2730 4663 efficacissimam
2766 4605 2972 4674 reperit
3012 4602 3340 4660 machinam.
3366 4604 3578 4671 specio-

2015 4715 2137 4755 Sllm
2176 4709 2461 4755 ostentata
2500 4698 2781 4751 afﬁnitatis
2816 4710 3036 4749 nomen.
3094 4692 3193 4749 Ubi
3248 4693 3392 4747 enim
3451 4710 3578 4762 pro~

2014 4793 2155 4847 mitti
2208 4793 2309 4847 sibi
2363 4792 2591 4847 Michael
2646 4789 2853 4843 audivit
2892 4788 3115 4856 nuptias
3152 4788 3313 4857 regias
3348 4788 3587 4855 virginis

2013 4883 2310 4953 Nicophori
2356 4881 2601 4949 despotm
2645 4891 2700 4936 et
2739 4881 2909 4935 Anna
2944 4880 3147 4950 reginae
3181 4879 3325 4941 tiliae,
3364 4887 3417 4932 et
3464 4887 3575 4932 tam

2014 4974 2284 5042 splendidi
2334 4975 2685 5045 sponsionem
2743 4972 3083 5027 matrimonii
3138 4973 3423 5040 utriusque
3472 4972 3585 5026 sibi

2014 5068 2205 5137 puellae
2260 5066 2501 5137 parentis
2552 5064 2881 5135 juramentis
2934 5065 3295 5120 sanctissimis
3344 5064 3581 5128 firmari,

2016 5159 2172 5214 facile
2205 5174 2264 5212 se
2292 5166 2634 5227 speratarum
2668 5169 2987 5211 socerorum
3020 5157 3272 5225 potestati
3304 5153 3579 5221 permisit,

2012 5250 2338 5318 imprudens
2380 5249 2473 5317 qui
2518 5263 2623 5301 non
2662 5247 3001 5313 reputaverit
3029 5260 3195 5315 quam
3222 5254 3366 5299 esset
3398 5246 3578 5297 iocre.

2013 5342 2178 5395 dibile
2233 5339 2369 5394 velle
2426 5352 2611 5391 revera
2662 5336 2923 5405 despotas
2968 5337 3241 5391 collocare
3280 5334 3575 5404 legitimam

2012 5434 2281 5489 haeredem
2332 5433 2489 5487 nothi
2534 5431 2666 5496 lilio,
2727 5446 2829 5485 nec
2862 5430 3037 5487 vereri
3072 5428 3343 5487 maculare
3376 5428 3580 5482 avitam

2011 5526 2350 5581 nobilitatem
2397 5524 2726 5579 admistione
2766 5523 2938 5592 spurii
2967 5523 3184 5594 generis
3213 5522 3225 5574 !
3262 5520 3455 5574 Verum
3486 5518 3578 5588 ju-

2011 5617 2162 5671 venis
2224 5616 2521 5671 ambitione
2575 5631 2817 5686 praeceps
2867 5630 2933 5670 ne
2980 5614 3297 5685 suspicione
3352 5610 3575 5680 quidem

2008 5711 2185 5779 prima
2228 5719 2389 5766 tenus
2435 5720 2542 5765 tam
2580 5710 2787 5780 justum
2820 5710 3120 5765 admittens
3167 5715 3395 5771 metum,
3435 5718 3579 5759 caeca

2010 5806 2206 5860 fiducia
2258 5808 2311 5862 in
2365 5807 2589 5878 laqueos
2643 5822 2702 5864 se
2758 5806 2953 5862 induit.
3006 5804 3147 5859 Dans
3192 5801 3393 5871 quippe
3436 5812 3492 5855 se
3525 5798 3585 5853 in
