4094 6234
502 214 575 290 87
1086 196 1089 199 ’
1709 235 2037 302 GEORGII
2080 242 2565 309 PACHYMERA!
3475 268 3478 270 τ
3710 245 3784 314 es

499 336 768 395 κίνδυνον.
824 338 933 394 Kal.
960 340 1025 411 δὴ
1066 338 1265 408 νυκτδξ
1288 336 1432 416 ἀωρὶ
1480 343 1734 415 κάγκανα
1775 347 1908 413 ξῦλα
1940 352 2087 405 ἑτοι-
2118 357 2165 414 Α

505 429 842 501 μασάμενος,
901 424 979 497 ὡς
1027 432 1190 505 δῆθεν
1239 434 1593 507 θερμαίνοιτο
1651 438 1944 511 (χειμῶνος
1979 441 2088 514 γὰρ

503 520 807 592 ἐπράττετο
843 521 1040 597 ταῦτα,
1074 516 1207 598 περί
1224 543 1328 581 που
1354 528 1789 601 Σκιροφοριῶνος
1828 534 1897 589 τά
1925 536 2088 602 μέσα,

504 611 569 687 ὃς¹
588 612 738 666 ἔστιν
762 614 791 667 ὀ
816 614 1150 686 Δεκέϐριος),
1177 617 1277 693 τὰς
1317 617 1489 691 θύρας
1514 621 1615 694 τῆς
1654 624 1884 695 εἱρκτῆς
1909 626 2092 697 ἀσφα-

505 704 820 789 λισάμενος
849 706 1062 764 ἔνδοθεν
1115 708 1227 782 πῦρ
1257 710 1484 783 ἐνίησιν,
1517 707 1547 769 δ
1574 714 1639 788 δὴ
1689 720 1784 773 καὶ
1812 711 1914 788 τῆς
1943 717 2094 789 ὥρας

506 786 897 869 καταταχῆσαν
931 799 1133 872 ἐξῆπτε
1166 805 1263 859 καὶ
1290 808 1404 870 τοϊς
1441 801 1599 873 ἐκτὸς
1628 786 1796 882 δῆλον
1949 786 2093 866 Φθάο
2142 814 2145 815 ⁷

504 906 585 941 νει
610 887 668 943 δὲ
705 890 803 943 καὶ
838 890 931 943 τὸν
962 886 1188 962 βασιλέα
1224 895 1611 965 ἀγρυπνοῦντα
1639 899 1721 952 ἔτι
1749 899 1809 954 τὸ
1844 900 2092 970 γεγονός.

504 982 615 1035 Καὶ
642 979 700 1046 8‘;
727 983 854 1044 τοὺς
900 982 1278 1072 ἀμυνομένους
1319 987 1418 1042 οὐκ
1462 988 1692 1069 ἐκεῖνον,
1726 990 1863 1046 ἀλλά
1890 991 1952 1045 τὸ
1982 991 2094 1063 πῦρ

507 1072 590 1134 είς
613 1073 943 1127 κατάσϐεσιν
971 1078 1289 1148 ἀπέπεμπε.
1342 1076 1455 1147 Καί
1481 1098 1565 1142 τις
1595 1082 1705 1136 τῶν
1732 1082 1909 1138 ἄλλων
1936 1087 2095 1137 ἕκτοι

510 1164 641 1234 μίας
711 1165 937 1236 Κάρϐας
994 1167 1287 1239 λεγόμενος
1349 1172 1675 1243 προφθάσας
1726 1176 1847 1238 ταῖς
1901 1174 2094 1244 θύραις

504 1258 883 1331 προσήραττεν
904 1261 979 1325 ὡς
1003 1262 1231 1328 ἀνοίξων
1250 1281 1264 1297 ο
1286 1264 1363 1328 ὡς
1383 1266 1428 1319 δ’
1456 1268 1556 1321 οὐκ
1572 1263 1639 1338 ἧν
1662 1268 1904 1337 ἀνοίγειν
1926 1271 2095 1340 ὴσφα·

505 1349 789 1418 λισμένας,
820 1352 1029 1418 ἀξίναις
1059 1357 1156 1419 τὰς
1193 1356 1363 1430 θύρας
1387 1360 1570 1424 αὐτοῖς
1617 1360 1838 1431 μοχλοῖς
1867 1364 1963 1417 καὶ
1991 1362 2091 1435 βαι

506 1442 803 1515 λανάγραις
840 1446 1203 1514 ὲξετίνασσον.
1258 1449 1425 1506 Οὔπω
1449 1452 1506 1507 δὲ
1551 1455 1731 1519 καλῶς
1757 1455 1787 1508 ὁ
1835 1456 2097 1525 ἐκτομίας

508 1536 647 1609 ἔφθη
672 1537 826 1594 οὐδοῦ
857 1539 1182 1605 ἐπιϐεϐαὼς.
1218 1545 1472 1609 κάκεῖνος
1513 1544 1725 1600 ἔνδοθεν
1750 1551 1817 1619 τῇ
1850 1549 2097 1620 μαχαίρᾳ

509 1632 888 1700 προσυπαντᾷ,
951 1632 1046 1686 καὶ
1074 1637 1185 1696 τοῖς
1217 1635 1553 1706 σπλάγχνοις
1586 1640 1791 1711 ταύτην
1828 1639 2095 1711 ἐμϐάλλει

2564 363 2673 428 κη’.
2708 358 2846 427 Περὶ
2877 359 2984 415 τοῦ
3024 359 3188 429 ιε’ροῦ
3208 359 3411 430 ἄρτου.
3580 424 3585 427 _

2266 446 2332 522 [P
2354 446 2447 523 l8]
2492 449 2868 522 Ἐπηλήθευσε
2913 450 2971 505 δὲ
3021 453 3135 514 τοῖς
3186 452 3307 507 τότε
3357 450 3782 521 τετελεσμένοις

2193 540 2288 596 καί
2325 559 2378 596 τι
2412 542 2633 614 συμϐὰν
2667 542 2901 615 φοϐερὸν
2934 543 3039 612 μὲν
3082 544 3235 607 ίδεῖν,
3270 543 3502 615 φοϐερὸν
3530 543 3578 598 δ’
3607 546 3785 600 ἀκοῦ-

2194 630 2310 697 σαι,
2337 626 2399 687 οὖ
2432 633 2496 704 δὴ
2517 635 2617 688 καὶ
2642 634 2804 700 ἄλλος
2832 634 2964 689 ἀλλο
2994 652 3048 689 τι
3091 634 3157 689 ἂν
3187 632 3512 693 αίτιάσαιτο
3531 638 3625 691 καὶ
3654 636 3787 692 ἄλλο

2194 722 2375 791 ἄλλος,
2396 726 2574 791 οὐδεὶς
2603 725 2651 782 δ’
2676 729 2765 790 ἂν,
2797 722 2975 799 οἶμαι,
2998 727 3260 799 εὔστοχον
3288 728 3412 799 θείη
3441 728 3542 799 τὴν
3572 731 3781 801 κρίσιν.

2194 808 2302 881 κάν
2350 816 2523 887 πολλὰ
2572 819 2752 891 κάμοι,
2793 819 3180 891 προσερευνῶν
3207 836 3223 853 ο
3281 838 3301 873 ι
3341 817 3443 884 Τίς
3492 822 3605 895 γὰρ
3639 823 3786 890 ἔγνω

2192 905 2321 963 νοῦν
2349 908 2580 979 Κυρίου,
2610 912 2691 975 είς
2718 910 2777 965 δὲ
2805 912 2874 965 τά
2899 910 3106 983 ἔσχατα
3148 910 3245 983 τῆς
3273 911 3473 983 σοφίας
3500 913 3670 968 αὑτοῦ
3702 915 3786 981 τίς

2192 996 2472 1066 ἀφίκετο;
2506 1015 2528 1050 ι
2569 999 2739 1071 φησὶν
2777 1000 2807 1054 δ
2845 998 2989 1055 Ἰὼϐ.
3020 998 3095 1054 Τὸ
3115 989 3163 1054 δ’
3199 995 3269 1058 αὖ
3299 1001 3364 1055 ὲκ
3395 998 3490 1055 τοῦ
3520 1007 3789 1075 παρεικό-

2193 1107 2286 1155 τος
2317 1093 2413 1146 litt
2469 1094 2582 1155 τοῖς
2632 1092 2801 1156 θείοις
2832 1092 3057 1148 τοιαῦτα
3094 1093 3345 1163 γίνεσθαι
3374 1094 3558 1163 λέγειν
3604 1095 3639 1167 ἢ
3690 1098 3789 1154 καὶ

2195 1183 2450 1251 δοξάζειν
2479 1181 2567 1239 οἷα
2593 1183 2659 1257 δὴ
2701 1187 2798 1241 καὶ
2821 1184 3081 1257 ἐροῦμεν,
3130 1188 3412 1251 μανίαισιν
3459 1187 3785 1259 ὑποκρέκει,

2197 1280 2333 1346 φησι
2384 1277 2674 1348 Πίνδαρος.
2720 1277 2881 1349 Ἐμοὶ
2914 1279 2960 1333 δ’
3011 1278 3160 1345 ἀπαξ
3210 1280 3450 1350 ἐμαυτὸν
3504 1283 3789 1336 καθεικότι

2195 1371 2282 1434 είς
2320 1368 2586 1438 ἀγγελίαν
2620 1367 2728 1423 τῶν
2769 1369 3104 1440 γενομένων,
3136 1371 3203 1443 ην
3245 1386 3349 1424 που
3400 1374 3497 1424 καὶ
3539 1370 3692 1442 παρά
3729 1374 3792 1425 τὸ

2197 1462 2345 1525 εἰκὸς
2375 1461 2629 1531 γέγονεν,
2681 1462 2743 1516 οὐ
2794 1461 3024 1526 δικαίως
3060 1461 3127 1517 ἀν
3156 1463 3253 1517 καὶ
3292 1463 3662 1533 παραιτητέον
3700 1464 3789 1534 εἴη

2197 1556 2227 1609 ὃ
2254 1573 2303 1609 τι
2332 1555 2573 1625 λέγοιμι.
2610 1554 2790 1624 Νέμει
2818 1555 2931 1626 γάρ
2953 1554 3013 1609 τὺ
3044 1555 3270 1626 θαρρεῖν
3294 1556 3325 1623 ἡ
3361 1554 3647 1627 ἀτρέκεια.
3679 1556 3791 1609 Kal

2199 1649 2354 1703 οὐδὲν
2379 1651 2586 1719 χεῖρον,
2603 1642 2785 1718 οἶμαι,
2826 1648 2930 1701 ὑπὸ
2960 1646 3068 1702 τῶν
3088 1647 3435 1702 ἀκουσάντων
3461 1647 3529 1702 ἂν
3558 1647 3790 1718 πάθοιμι

510 1723 607 1776 καὶ
632 1718 789 1786 αὖθις
817 1724 985 1808 ἄλλην
1013 1730 1108 1779 κα¹ι
1133 1727 1323 1797 τρίτην
1357 1730 1448 1782 ἐπὶ
1484 1709 1869 1795 ταύταιςξκαὶ
1904 1734 2097 1804 νεκρὸς
2130 1709 2172 1767 Β
2204 1709 2741 1807 λέγων’ίῖινὲμαυτδν
2762 1709 2894 1802 ίσως
2925 1736 3193 1808 δράσαιμι
3222 1737 3296 1809 μὴ
3319 1737 3513 1793 είπὼν.
3545 1709 3790 1795 Ἐκεῖθεν

510 1816 539 1867 ὁ
567 1813 795 1885 πληγεὶς
825 1805 1042 1871 αὐτίκα.
1068 1819 1179 1872 Kal
1209 1818 1371 1881 εὐθὺς
1402 1822 1586 1877 πολλοὶ
1611 1825 1709 1894 μὲν
1735 1824 2098 1897 ὲσερῤύησαν,

509 1906 573 1959 τὸ
599 1904 656 1959 δὲ
707 1909 1088 1987 πελεκυφόρον
1122 1910 1309 1980 τάγμα
1341 1910 1644 1981 βασίλειον,
1676 1917 1998 1988 ἀγαιόμενοι
2025 1915 2102 1989 τῷ

514 1999 809 2069 συμϐάντι,
841 2002 1127 2066 πελέκεσιν
1147 2008 1358 2059 ἐκεῖνον
1386 2007 1628 2078 ἀνηλεῶς
1662 2010 2100 2079 κατακτείνουσι,

512 2092 604 2146 καὶ
625 2092 716 2145 τον
738 2093 911 2158 οὕτως
929 2093 1035 2148 ὑπὸ
1066 2102 1246 2171 τρυφῇ
1270 2101 1545 2170 τραφέντα
1573 2101 1677 2168 ἔξω
1705 2118 1810 2155 που
1838 2099 2105 2174 ἐκϐεϐλη-

515 2183 677 2265 μένον
706 2184 849 2240 κατά
880 2187 981 2257 τὴν
1016 2189 1263 2260 ἀργυρᾶν
1293 2192 1595 2263 λεγομένην
1619 2194 1844 2258 είκαίως
1872 2211 1992 2259 πως
2010 2197 2105 2249 καὶ

512 2274 588 2337 ὡς
610 2273 769 2345 ἔτυχε
795 2275 1115 2333 θάπτουσιν.
1150 2280 1312 2336 Ἀλλά
1339 2282 1511 2337 ταῦτα
1540 2284 1638 2355 μὲν
1657 2286 1712 2349 ἐς
1737 2284 2103 2353 τοσοῦτον,ιίς

510 2362 715 2435 δεῖγμα
740 2365 848 2419 τῶν
872 2367 1228 2439 ἀνθρωπίνων
1271 2373 1638 2444 πραγμάτων,
1685 2377 1781 2429 καὶ
1804 2376 1887 2441 ὅτι
1914 2378 2102 2443 σκιαῖς

456 2509 462 2515 ,
519 2458 719 2543 μᾶλλον
750 2461 783 2531 ἢ
817 2463 1023 2529 τούτοις
1054 2466 1333 2522 πιστεύειν
1359 2468 1604 2541 ἄμεινον.

515 2652 622 2708 pus
654 2640 872 2705 alendo.
912 2656 1073 2714 prout
1103 2647 1254 2717 rigor
1285 2649 1555 2711 brumalis
1621 2658 1965 2727 tempestatis
2018 2674 2105 2712 rc-

503 2734 775 2800 -quirehat
801 2752 819 2790 ιη
854 2753 975 2791 nam
1010 2740 1307 2799 Ιικονοίτοα
1337 2744 1660 2804 Decembris
1697 2747 1943 2805 medium
1980 2761 2102 2806 acta

511 2824 672 2879 sunt.
702 2821 947 2881 Flamma
988 2837 1144 2900 rapto
1171 2828 1359 2890 fmnite
1380 2836 1637 2891 celeriter
1664 2842 1851 2909 pyram
1884 2839 2100 2895 obviam

518 2920 793 2992 atnplexa.
825 2923 1124 2982 luculentis
1157 2930 1307 2985 bone
1365 2932 1549 3001 spatio
1598 2933 1973 2992 inclarescens
2008 2953 2106 2992 au-

2207 1833 2306 1899 μὲν
2341 1832 2451 1903 γὰρ
2503 1829 2663 1893 δόξαν
2713 1828 2987 1886 ἀποίσω-τ’
3016 1828 3082 1884 ἀν
3120 1847 3204 1893 τις
3238 1829 3331 1885 τοῦ
3369 1831 3528 1885 πάντ’
3565 1830 3789 1902 ἐπέχειν

2202 1925 2269 1978 ὲκ
2299 1921 2593 1993 φιλαυτίας
2617 1924 2733 1987 τοῖς
2761 1922 2884 1977 τότε
2914 1921 3177 1993 ξυμϐᾶσι,
3206 1922 3304 1975 καί
3322 1923 3377 1991 γ’
3404 1923 3630 1991 ἀνάγειν
3654 1922 3791 1996 πρὸς
3847 1976 3866 1996 ,.

2201 2015 2261 2070 ἓν
2296 2033 2351 2069 τι
2381 2019 2442 2073 τὸ
2473 2014 2550 2088 μὴ
2597 2014 2744 2071 κατά
2776 2008 2990 2087 τρόπον
3036 2014 3224 2069 ἐκεῖνα
3258 2014 3354 2070 καὶ
3384 2015 3663 2084 τάσφαλὲς
3692 2031 3791 2069 πι-

2204 2108 2475 2180 πρᾶχθαι·
2514 2107 2770 2163 ἐντεῦθεν
2821 2108 2880 2161 δὶ
2930 2106 3050 2161 ἀλλ’
3078 2107 3128 2160 εί
3165 2107 3243 2177 μή
3277 2106 3331 2160 τί
3365 2123 3429 2175 γε
3479 2108 3682 2172 πλέον,
3715 2105 3795 2176 τῷ

2205 2199 2335 2268 γοῦν
2368 2199 2565 2254 ἑκόντα
2596 2198 2973 2271 παρατριχειν
2996 2198 3058 2252 τὸ
3088 2196 3367 2266 ξυμπεσδν
3388 2200 3456 2252 ὲκ
3484 2196 3793 2266 δαιμονίου,

2204 2287 2401 2363 οἶμαι,
2459 2290 2723 2363 προνοίας
2781 2289 3092 2362 ρυπαίνοιτ⁹
3141 2289 3209 2344 ἂν
3275 2290 3310 2362 ἠ
3367 2288 3495 2344 καθ’
3552 2289 3798 2361 ἱστορίαν

2203 2385 2458 2456 ἀλήθεια.
2491 2383 2583 2454 Τῷ
2605 2401 2691 2438 τοι
2715 2384 2812 2461 καὶ
2831 2382 2992 2437 τοῦτο
3012 2383 3151 2457 πρὸς
3179 2386 3295 2445 τοῖς
3321 2383 3506 2447 ἄλλοις
3526 2381 3795 2451 λεγέσθω,

2202 2479 2365 2551 δεῖμα
2398 2477 2497 2550 μὶν
2529 2479 2697 2550 φέρον
2725 2475 2861 2532 Θεοῦ
2892 2462 3177 2557 προνοίας,
3216 2476 3357 2550 πρὸς
3389 2476 3418 2531 ὃ
3457 2493 3512 2532 τι
3537 2474 3594 2529 δὲ
3639 2474 3797 2547 φέροι

2206 2661 2306 2718 tati
2371 2658 2643 2714 natalium
2695 2668 2984 2729 opumque
3042 2669 3111 2709 ac
3167 2651 3454 2709 titulorum
3493 2638 3828 2728 illustrious

2205 2751 2491 2825 splendori
2514 2764 2675 2822 quam
2705 2748 2918 2803 umbris
2946 2760 3178 2817 prorsus
3207 2744 3470 2800 inanibus
3494 2739 3795 2816 ﬁdentium.

2698 2838 2790 2895 28.
2825 2838 2902 2895 De
2931 2853 3086 2893 sacro
3133 2851 3292 2908 pane.

2280 2936 2392 2992 lloc
2427 2950 2618 3005 porro,
2652 2944 2714 2989 ιιι
2740 2933 2806 2986 ad
2855 2930 3177 2987 intermissa
3207 2943 3297 2985 me
3348 2925 3608 2989 referam,
3656 2933 3796 2979 tem-

518 3015 722 3082 ctihus,
767 3022 863 3087 per
888 3020 1240 3089 erumpenta
1263 3039 1293 3077 c
1331 3033 1475 3079 tecto
1508 3024 1654 3082 intra
1685 3028 1829 3097 quod
1860 3040 2101 3099 coeperat
2141 3091 2173 3099 _
2209 3044 2342 3098 pure
2374 3038 2517 3083 tetro
2547 3036 2602 3081 et
2627 3031 2948 3094 portentoso
2973 3021 3357 3095 experimento
3389 3015 3794 3088 deprehensum

521 3104 772 3163 fumosos
808 3108 1066 3164 immistis
1099 3111 1358 3168 scintillis
1393 3113 1611 3184 globos,
1654 3091 1830 3185 usque
1882 3091 2108 3173 ad'sen-
2132 3091 2177 3149 ο
2209 3091 2293 3179 est
2322 3136 2389 3178 ex
2410 3132 2543 3175 vero
2566 3091 2863 3173 convenire
2879 3092 3052 3172 sacris
3086 3111 3294 3168 nostris
3324 3111 3488 3182 vulgo
3525 3108 3606 3165 eis
3639 3107 3798 3162 attri-

514 3208 646 3254 sum
689 3211 842 3255 extra
872 3202 1189 3273 degentium
1228 3206 1281 3259 in
1317 3209 1567 3274 proximo
1628 3206 1832 3262 indicia
1872 3208 1959 3263 sui
1989 3224 2109 3279 per-

522 3291 667 3345 tulit.
705 3288 838 3345 Rem
866 3293 918 3346 in
953 3295 1146 3363 primis
1212 3295 1394 3352 adhuc
1460 3299 1815 3354 commodum
1870 3300 2109 3371 vigilans

520 3385 806 3454 Augustus
838 3388 1264 3459 animadvertit;
1322 3408 1388 3448 ac
1439 3397 1668 3465 raptim,
1721 3411 1819 3467 pro
1849 3395 2109 3450 instantia

518 3479 782 3556 periculi.
816 3481 1087 3537 satellites
1112 3494 1383 3554 quotquot
1402 3484 1468 3540 ad
1508 3500 1731 3542 tnauum
1784 3487 1959 3550 fuere.
1996 3487 2115 3558 jus-

516 3574 598 3627 sit
625 3587 917 3629 accurrere
943 3575 1009 3629 ad
1046 3591 1347 3645 carcerem,
1390 3594 1501 3635 non
1563 3595 1766 3651 pmnas
1805 3569 2113 3636 inlliCturos

518 3664 893 3732 ‘incendiario,
931 3681 1093 3737 quem
1132 3667 1311 3723 adhuc
1342 3669 1467 3739 quis
1503 3679 1652 3727 esset
1683 3673 1984 3735 nesciebat.
2018 3675 2112 3727 sed

524 3757 844 3813 incendium
882 3762 1059 3830 ipsum
1094 3763 1495 3819 exstincturos.
1534 3766 1678 3819 Ante
1697 3779 1886 3821 omnes
1915 3763 1979 3820 ad
2003 3763 2119 3834 jus-

531 3868 656 3907 sum
698 3852 938 3907 evolavit
977 3855 1291 3923 eunuchus,
1324 3855 1534 3912 Carbas
1569 3859 1815 3921 nomine,
1870 3857 2121 3915 tentatis-

533 3960 641 4014 que
691 3943 924 4012 foribus,
985 3946 1092 4017 ⁵17
1156 3947 1249 4001 tibi
1314 3948 1558 4004 munitas
1633 3949 2119 4020 impcnetrabtliter

533 4041 724 4108 sentit,
780 4040 1070 4096 securibus
1114 4041 1374 4097 ell'ractas
1431 4057 1555 4097 cum
1600 4042 1737 4099 seris
1790 4043 1951 4098 simul
1986 4043 2149 4113 ipsis

530 4155 596 4190 ac
628 4137 876 4191 vectibus
910 4136 1153 4203 subruit,
1220 4136 1624 4206 obstaculaque
1681 4136 1938 4193 amolitus
1974 4136 2121 4192 intro

532 4217 808 4298 irrumpit;
838 4224 936 4281 Vix
971 4226 1145 4282 limini
1182 4226 1372 4297 pedem
1430 4228 1717 4298 iniecerat,
1767 4243 1893 4282 cum
1930 4228 2125 4283 adver—

533 4337 630 4374 sus
663 4322 886 4374 irruens
925 4319 1154 4374 Michael
1195 4334 1380 4373 ensem
1407 4321 1454 4375 ei
1482 4319 1651 4390 adigit
1680 4323 1732 4374 in
1770 4322 2005 4387 viscera,
2037 4336 2125 4377 re-

2215 3215 2397 3270 butam
2447 3209 2867 3283 appellationem
2928 3205 3041 3261 τῶν
3084 3202 3527 3276 τετελεσμένωνς
3587 3200 3683 3256 sed
3733 3214 3797 3254 ea

2213 3306 2414 3362 rariori
2454 3303 2677 3359 notione
2697 3316 2805 3373 qua
2845 3299 2952 3355 ista
2981 3297 3261 3354 interdum
3304 3312 3407 3352 vox
3441 3295 3710 3366 pollutum
3741 3299 3801 3345 et

2213 3397 2650 3455 contaminatum
2684 3394 2939 3464 designat
2965 3391 3276 3463 quidpiam.
3308 3386 3553 3458 Contigit
3589 3386 3800 3458 quippe

2218 3506 2304 3545 res
2328 3488 2448 3544 visu
2469 3487 2690 3558 quidem
2741 3484 3049 3547 horribilis.
3094 3481 3291 3537 auditu
3319 3480 3455 3553 quin
3498 3478 3666 3535 etiam
3714 3476 3803 3531 in.

2220 3581 2415 3649 lautia;
2448 3580 2606 3647 cujus
2637 3575 2803 3632 aliam
2829 3573 2923 3630 alii
2951 3587 3172 3630 causam
3202 3572 3293 3627 ubi
3337 3568 3632 3642 quantavis
3661 3583 3798 3622 con—

2220 3673 2498 3730 tendendo
2524 3670 2962 3739 perscrutatione
3004 3664 3348 3737 quaesierint.
3377 3673 3473 3719 aut
3505 3663 3589 3717 vel
3633 3675 3800 3728 argu-

2222 3765 2452 3823 tissimis
2495 3763 2610 3819 nixi
2644 3760 2984 3832 coniecturis
3033 3758 3393 3830 assignarint,
3426 3754 3571 3812 haud
3611 3764 3796 3809 tamen

2220 3871 2372 3917 cetto
2405 3857 2617 3929 judicio
2650 3856 2920 3912 deliniant
2976 3853 3059 3909 vel
3105 3867 3218 3927 quo
3251 3867 3348 3924 per
3383 3849 3636 3907 homines
3668 3861 3823 3902 con-7

2226 3929 2434 4007 tractus
2464 3964 2597 4004 casu
2631 3947 2715 4003 vel
2746 3961 2856 4019 quo
2892 3948 2984 4002 Dei
3013 3945 3249 4001 consilio
3266 3945 3583 4013 permissus
3622 3938 3805 3995 foedus

2225 4048 2314 4103 hic
2345 4056 2399 4101 et
2424 4044 2700 4100 infaustus
2735 4051 2975 4098 eventus
3001 4040 3189 4096 fuerit.
3220 4038 3360 4107 Quis
3394 4037 3540 4094 enim
3596 4049 3805 4106 cogno-

2225 4143 2304 4197 vit
2332 4154 2557 4196 sensum
2590 4136 2853 4193 Domini?
2892 4136 3002 4191 Aut
3032 4133 3182 4202 quis,
3239 4140 3297 4187 ut
3335 4130 3438 4187 Job
3486 4128 3586 4194 ait,
3629 4144 3807 4200 usque

2227 4236 2293 4291 ad
2328 4224 2551 4289 ultimos
2583 4231 2708 4301 eius
2743 4228 3027 4300 sapientiae
3046 4225 3307 4299 pervenit
3336 4222 3603 4281 terminos
3623 4221 3648 4276 ‘l
3672 4220 3806 4276 Nam

2231 4345 2382 4386 mera
2410 4327 2619 4382 fortuiti
2648 4323 2959 4382 temeritate
2982 4337 3272 4386 occursus,
3300 4321 3439 4375 citra
3491 4318 3658 4373 ullam
3681 4331 3805 4372 cer-

538 4414 839 4482 vetitisque
866 4413 949 4467 bis
975 4421 1126 4466 terve
1156 4412 1435 4468 similibus
1470 4412 1646 4483 plagis
1679 4413 1943 4468 miserum
1978 4422 2121 4470 ster-
2151 4445 2193 4497 ι)
2226 4433 2312 4479 tos
2341 4429 2661 4491 sequentem
2695 4418 2831 4473 ﬂues
2885 4416 3140 4471 Numinis
3189 4422 3387 4470 cuncta
3422 4412 3667 4482 regentis
3698 4411 3809 4482 78

536 4521 616 4563 ιιι
638 4509 971 4563 exanimem.
1016 4504 1097 4561 Ad
1130 4505 1395 4561 facinoris
1422 4505 1767 4561 atrocitatem
1804 4507 2028 4566 subitis.
2060 4515 2119 4563 ut

536 4603 622 4664 tit,
686 4600 1027 4657 clamoribus
1107 4607 1387 4655 momento
1443 4598 1742 4671 divulgatis
1807 4599 2121 4655 confluxere

538 4691 722 4746 statim
758 4688 1003 4761 plurimi,
1033 4689 1253 4745 ctinter
1292 4690 1392 4746 hos
1415 4691 1617 4747 cohors
1674 4692 2119 4762 securigerorum

539 4784 819 4839 excubare
852 4776 918 4839 ad
956 4783 1160 4856 regiam
1195 4774 1379 4839 solita.
1423 4785 1487 4840 lii
1531 4795 1764 4839 cruento
1806 4786 2121 4855 spectaculo

541 4875 779 4937 nerculsi
816 4884 1102 4931 auctorem
1133 4874 1299 4931 credis
1335 4861 1579 4938 nefariae.
1646 4877 1726 4931 ira
1764 4891 1982 4932 onmem
2025 4880 2125 4932 mi—

542 4971 861 5027 sericordia:
884 4986 1107 5026 sensum
1142 4971 1432 5036 obruente,
1486 4969 1785 5025 crudeliter
1836 4971 2122 5027 securibus

543 5061 927 5117 conciderunt.
961 5058 1145 5117 Talem
1176 5072 1371 5117 nactus
1408 5061 1568 5118 linem
1607 5069 1695 5117 est
1726 5061 1870 5118 (ilius
1890 5060 2122 5117 Joannis

546 5158 1037 5224 sebastocratoris,
1077 5174 1239 5229 quem
1285 5159 1445 5230 longe
1474 5158 1835 5214 dissentanea
1872 5157 2120 5213 mollitiei

548 5252 869 5324 principalis
927 5251 1280 5307 educationis
1329 5252 1614 5321 sepultura
1683 5251 1765 5307 sic
1845 5260 2123 5306 mortuum

545 5351 782 5415 t-xcepit,
819 5348 989 5401 humo
1022 5356 1225 5401 temere
1252 5344 1447 5414 injecta
1504 5344 1707 5409 obiter,
1743 5344 2128 5415 contemptim-

546 5442 1013 5512 quetumulatum
1046 5442 1171 5495 loco
1202 5440 1435 5510 profano
1480 5449 1636 5495 extra
1687 5438 1899 5503 urbem,
1960 5452 2129 5508 prape

548 5536 803 5607 paludem
838 5550 955 5604 quac
987 5533 1189 5603 dicitur
1223 5537 1516 5602 Argentea.
1579 5532 1699 5586 llaec
1742 5531 1951 5601 prolata
1978 5532 2127 5586 velut

552 5629 606 5681 in
636 5626 915 5697 specimen
950 5627 1059 5680 sint
1086 5625 1347 5681 vanitatis
1380 5640 1702 5695 pomparum
1725 5626 2123 5691 humanarum;

552 5736 675 5795 qua:
717 5728 867 5779 recte
902 5720 1027 5794 quis
1045 5720 1348 5787 astimans,
1401 5736 1509 5776 non
1546 5719 1670 5790 plus
1708 5728 1917 5789 reputet
1966 5717 2130 5776 clari-

2225 4510 2652 4586 providentiam,
2687 4509 2801 4565 fieri
2854 4506 3122 4578 cernique
3153 4505 3337 4578 qualia
3384 4518 3506 4558 mox
3560 4502 3803 4558 referam

2223 4604 2319 4676 qui
2356 4601 2568 4658 diceret
2632 4609 2729 4653 aut
2783 4598 3155 4663 existimaret,
3192 4596 3359 4666 hujus
3408 4593 3674 4665 equidem
3723 4592 3807 4648 vel

2225 4694 2643 4750 ullirmatiunem
2677 4691 2759 4765 vel
2808 4688 3141 4746 sententiam
3192 4688 3370 4743 ausim
3417 4686 3602 4753 dicere
3645 4685 3808 4757 juxta

2224 4789 2550 4849 Pindarum.
2585 4783 2728 4839 haud
2775 4784 2933 4853 longe
2966 4797 2993 4836 a
3034 4782 3220 4837 furore
3282 4781 3629 4851 discrepare.
3673 4777 3807 4833 Mihi

2226 4892 2505 4949 utcunque
2554 4876 2796 4932 insuavis
2854 4872 3058 4930 accidit
3114 4872 3570 4929 commemoratio
3622 4871 3812 4927 istius-

2228 4973 2374 5028 modi
2409 4977 2788 5027 monstrorum
2819 4963 3530 5037 inauspicata:.mentionis,
3565 4977 3676 5019 non
3723 4971 3811 5020 est

2227 5076 2408 5120 tamen
2461 5063 2716 5124 liberum.
2759 5072 2823 5113 ex
2882 5043 2996 5127 quo
3026 5056 3190 5112 istam
3232 5054 3378 5110 ultro
3425 5054 3808 5110 necessitatem

2228 5160 2397 5224 subii,
2434 5163 2689 5227 suscepta
2731 5152 3081 5225 professione
3132 5152 3543 5223 qualescunque
3573 5166 3667 5207 res
3716 5165 3810 5221 ge-

2228 5262 2343 5309 stas
2372 5245 2701 5319 exponendi,
2751 5245 2821 5299 ab
2871 5244 2960 5300 bis
3010 5244 3222 5313 scripto
3258 5243 3583 5297 mandandis
3637 5240 3815 5297 absti-

2229 5360 2377 5400 nere.
2415 5344 2474 5397 lu
2509 5356 2622 5411 quo
2654 5336 2929 5406 intrepide
2959 5335 3278 5392 afﬁrmandi.
3298 5334 3430 5391 facit
3457 5334 3675 5391 animos
3703 5334 3813 5391 evi-

2229 5436 2413 5494 dentia
2447 5433 2829 5491 testatissimae
2867 5430 3153 5499 veritatis;
3214 5445 3317 5487 nec
3345 5430 3584 5486 deterret
3609 5429 3811 5487 verisi-

2231 5531 2435 5585 militer
2491 5535 2827 5597 excepturus
2891 5518 3308 5581 narrationem
3353 5537 3532 5579 meam
3584 5523 3809 5593 quidam

2231 5625 2429 5679 horror
2457 5618 2842 5674 auditurorum
2885 5631 2953 5671 ex
3014 5631 3105 5671 me
3143 5631 3334 5674 casum
3371 5617 3522 5673 dictu
3560 5614 3811 5688 fmdum;

2232 5717 2415 5789 qualia
2441 5712 2663 5771 delicati
2696 5709 2841 5785 genii
2868 5710 3103 5769 lectores
3126 5711 3269 5771 naud
3291 5710 3406 5769 fere
3432 5711 3570 5773 citra
3603 5709 3809 5769 indicit
