4086 6236
434 330 538 397 103

1642 334 1963 398 GEORGII
2000 334 2483 401 PACHYMERtE

3569 332 3669 398 lOi

427 444 828 518 προερχόμενον
883 444 947 497 ὲκ
994 442 1205 515 [ἰατρὸς
1262 441 1329 495 δι’
1364 441 1515 507 nos,
1573 444 1690 497 ἔστι
1723 445 1768 497 δ’
1802 436 1862 497 οὗ
1896 445 1989 498 καὶ
2018 450 2064 504 Α
2093 443 2278 512 ἆγιον;
2306 447 2418 515 Οὐχ
2447 446 2755 499 ὑπονοεῖται
2791 444 3012 515 Τριοετα
3065 442 3123 496 τὸ
3149 441 3558 513 συναγόμενονς
3592 438 3674 497 οὐ

427 538 559 607 παρ’
588 537 749 599 ἐνίοις
798 536 907 589 τῶν
946 536 1205 605 Πατέρων
1260 536 1716 606 ἐκπορευόμενον.
1746 538 1908 604 Λέγει
1939 537 1995 590 δὲ

426 630 522 682 καὶ
549 631 577 682 ὁ
610 628 780 697 μέγας
800 628 1154 721 Δαμασκηνὸς
1202 628 1458 698 Ἰωάννης
1497 647 1517 681 ι
1555 630 1649 681 καὶ
1698 627 1997 699 προδολεὺς

425 721 513 774 διὰ
543 721 714 788 Λόγου
744 721 1136 790 ὲκφαντορικοῦ
1164 720 1500 791 Πνεύματος.
1543 740 1562 773 ι
1600 721 1809 775 Ταυτὸν
1847 721 1903 774 δὲ
1937 723 1998 775 τὸ

426 813 758 881 προσολεὺς
784 812 859 882 τῷ
885 811 1042 882 αἰτίῳ
1080 812 1442 881 γινώσκομεν.
1476 813 1658 867 Αἴτιον
1679 812 1773 866 οὖν
1794 812 1857 865 οὔ
1890 830 1996 881 φα-

421 924 530 974 μεν
556 906 646 958 τὸν
671 906 800 958 Υἱὺν
829 906 922 957 ἐπὶ
950 910 1015 975 τῇ
1052 908 1115 957 ὲκ
1146 907 1363 971 [ἰατρὸς
1408 906 1621 976 προόδῳ
1660 904 1745 978 [Ρ.
1776 905 1869 979 58]
1903 905 1997 960 τοῦ

428 1000 764 1071 [1νεὺματος,
803 996 925 1051 οὔτε
966 998 1071 1069 μὴν
1106 998 1397 1062 συναίτιον,
1428 996 1563 1049 ἀλλὰ
1589 998 1680 1051 καὶ
1716 996 1997 1065 ἀναθεμα-

424 1092 648 1158 τίζομεν
682 1093 773 1145 καὶ
804 1090 1224 1159 ἀποδαλλόμεθα
1246 1092 1341 1142 τὸν
1369 1088 1513 1142 οὕτω
1536 1090 1782 1158 λέγοντα.
1812 1088 1913 1142 Τὸν
1940 1088 1997 1141 δὲ

426 1186 649 1254 Πατέρα
713 1183 884 1237 αἴτιον
922 1182 991 1235 δι’
1035 1182 1166 1235 Υίοῦ
1218 1182 1311 1234 τοῦ
1368 1181 1687 1252 Πνεῦματος
1744 1182 1995 1249 λέγομεν,

426 1275 657 1341 ἐπείπερ
691 1273 752 1327 τὸ
808 1273 1104 1341 προὸολεὺς
1154 1273 1233 1335 είς
1286 1271 1456 1323 αἴτιον
1508 1270 1936 1341 ἑκλαμῦἀνεται.
1972 1288 1991 1321 ι

430 1386 448 1417 ι
486 1369 590 1419 Καὶ
618 1366 755 1428 πῶς,
781 1358 825 1418 ὧ
848 1359 1015 1428 οὗτοι,
1051 1381 1070 1415 ι
1109 1366 1275 1432 φησιν
1297 1365 1324 1415 ὸ
1345 1363 1519 1429 μέγας
1539 1359 1851 1430 λογοθὲτης,
1890 1379 1909 1414 ι
1936 1362 1997 1415 οὐ

427 1462 631 1511 ποιεῖτε
656 1458 828 1510 αἴτιον
859 1457 945 1508 τὸν
972 1456 1102 1508 Υἱὸν
1136 1458 1225 1507 ἐπὶ
1254 1458 1318 1524 τῇ
1350 1456 1413 1506 ἐκ
1434 1454 1645 1523 Harpe;
1664 1454 1876 1524 προόδῳ
1902 1453 1997 1507 τοῦ

428 1550 762 1617 Πνεῦματος,
800 1548 1031 1619 ἐπείπερ
1058 1549 1145 1602 διὰ
1177 1548 1338 1614 λόγου
1367 1547 1539 1599 αἴτιον
1566 1546 1880 1616 ὁμολογεῖτε
1909 1546 1999 1601 τὸν

427 1645 647 1713 Πατέρα
675 1642 769 1695 τοῦ
798 1642 1145 1708 ῐινεύματοςς
1182 1641 1437 1692 Δείκνυτε
1468 1640 1575 1707 γὰρ
1612 1634 1763 1703 ἐξῶν
1788 1637 1996 1706 λέγετε,

426 1734 501 1795 ὡς
538 1734 639 1787 οὐκ
673 1733 735 1786 ἂν
763 1734 790 1787 ὁ
826 1731 1013 1799 Πατὴρ
1072 1729 1346 1801 προῦὄαλε
1398 1731 1645 1800 Πνεῦμα,
1675 1733 1723 1783 εί
1776 1730 1850 1800 μὴ
1872 1730 1998 1782 Υἱὸν

428 1786 645 1891 ἐγέννα.
678 1824 751 1878 Τὸ
782 1823 825 1875 δ’
848 1786 996 1876 ἐστὶν
1029 1786 1429 1891 ὲμςραινόμενον
1475 1786 1670 1877 αἴτιον.
1710 1841 1729 1874 ι
1773 1786 1913 1885 Σῒοὺς
1942 1822 1999 1876 δὲ
2032 1786 2074 1840 Β

429 1915 681 1979 θέλοντας
728 1915 1019 1983 ἐκφεύγειν
1068 1915 1127 1968 τὸ
1163 1915 1561 1985 ὑπονοούμενον
1601 1916 1803 1969 ἄτοπον
1834 1917 1999 1983 φάναι

431 2007 507 2069 ὡς
538 2007 708 2060 πολλὰ
739 2009 829 2061 ὲτὶ
856 2007 957 2077 τῆς
986 2006 1259 2075 Θεολογίας
1288 2007 1537 2074 λᾶγονται
1556 2007 1590 2062 ἃ
1612 2008 1676 2076 δὴ
1715 2007 1894 2079 μικρῷ
1930 2007 2005 2077 τῷ

433 2098 577 2168 λόγῳ
624 2099 696 2151 τὰ.
746 2100 954 2169 μεγάλα
1014 2097 1381 2168 σταθμώμενα
1422 2099 1751 2168 ἐμφαίνουσι
1782 2117 1835 2153 τι
1887 2104 2004 2166 ταῖς

430 2191 780 2262 χαμερπέσιν
803 2191 1035 2254 ἐννοίαις
1060 2194 1155 2243 καὶ
1181 2192 1383 2245 ἄτοπον
1411 2192 1547 2255 ὅλως
1571 2193 1664 2247 καὶ
1690 2192 1764 2264 μὴ
1798 2193 2005 2263 πρέπον

433 2283 575 2352 Θεῷ.
612 2301 631 2336 ι
673 2283 747 2336 Οὐ
778 2281 1027 2351 λέγομεν,
1058 2284 1276 2346 Τέλειος
1323 2283 1453 2347 Θεὸς
1480 2285 1508 2337 ὁ
1530 2284 1742 2355 Πατὴρ.
1771 2288 1888 2349 καὶ,
1908 2284 2008 2339 Τέ-

432 2377 576 2441 λειος
599 2376 731 2441 Θεὸς
764 2379 792 2430 ό
826 2376 976 2441 Υἱὸς,
1010 2377 1126 2443 καὶ,
1162 2376 1382 2441 Τέλειος
1416 2376 1549 2440 Θεὸς
1586 2377 1646 2431 τδ
1674 2378 1901 2449 Πνεῦμα
1948 2380 2008 2432 τὺ

431 2559 814 2630 productorem
854 2572 949 2626 per
998 2556 1233 2611 Verbum
1283 2556 1633 2611 enuntiatorii
1660 2554 1913 2626 Spiritus.
1950 2556 2009 2613 in

430 2665 568 2707 voce
617 2659 798 2705 autem
837 2649 1171 2718 productort‘x
1217 2647 1471 2717 principii
1517 2648 1679 2703 activi
1730 2650 2007 2704 notionem

434 2742 807 2810 agnoscimus.
842 2738 1076 2793 Causam
1106 2738 1276 2809 igitur.
1311 2752 1419 2792 non
1445 2737 1680 2793 dicimus
1726 2739 1925 2795 Filium
1956 2741 2009 2795 in

431 2849 530 2891 sua
565 2851 631 2889 ex
666 2832 827 2888 Patre
866 2834 1215 2901 processione
1241 2830 1414 2887 sancti
1447 2830 1710 2901 Spiritus,
1742 2848 1806 2889 ac
1836 2849 2013 2905 neque

430 2941 762 2982 eoneausam
791 2942 805 2979 :
838 2925 967 2995 quin
1004 2932 1058 2978 et
1089 2924 1615 2979 anathematizamus
1661 2935 1714 2979 et
1735 2925 2014 2995 rejieimus

2099 538 2351 607 λέγομεν.
2390 538 2717 609 Ἑγέννησεν
2746 539 2773 591 ὁ
2809 536 2995 609 Πατὴρ
3021 537 3111 590 τὸν
3143 536 3309 600 Υίόν;
3361 535 3474 590 Οὐκ
3496 535 3669 604 divam

2102 630 2340 700 Ἄρειος,
2366 630 2563 683 ἐννοῶν
2587 629 2753 700 ριπὴν
2783 629 2879 681 καὶ
2912 627 3116 695 ἄτομον
3154 626 3349 697 χρόνου
3380 626 3547 693 μέσον
3572 620 3671 678 τοῦ

2094 721 2392 790 γεννῶντος
2424 721 2518 775 καὶ
2551 720 2644 773 τοῦ
2684 719 3051 799 γεννῳμένου;
3077 718 3239 773 Ἀλλὰ
3268 718 3327 771 τὸ
3351 717 3673 787 βλάσφημον

2100 814 2509 883 ἀποφεύγομεν,
2543 812 2812 883 ίστάμεθα
2839 811 2896 865 δὲ
2931 811 3027 866 καὶ⁵
3064 811 3212 879 ὅροις
3240 810 3340 879 τῆς
3362 809 3671 874 εὐσεϐείας,

2099 907 2193 959 καὶ
2216 906 2277 958 τὸ
2305 905 2413 958 τῶν
2447 905 2683 974 Γραφῶν
2710 902 3101 974 ὁμολογοῦντες
3144 902 3241 955 καὶ
3265 902 3325 955 τὸ
3359 903 3674 970 κακεμφαῐο

2099 1014 2188 1050 νον
2216 998 2277 1051 οὐ
2331 997 2786 1069 παραδεχόμενοι.
2839 1014 2858 1049 ι
2911 994 3195 1049 Ἐντεῦθεν
3244 994 3272 1047 ὀ
3317 992 3707 1063 Μοσκάμπαρ.

2098 1091 2392 1162 Γεὼργιος.
2432 1091 2779 1163 χαρτοφύλαξ
2812 1090 2887 1144 ὢν
2918 1090 3017 1159 τῆς
3051 1086 3381 1157 Ἐκκλησίας
3412 1086 3557 1155 τότε,
3592 1085 3679 1139 νό-

2101 1184 2194 1238 θον
2219 1174 2369 1251 ἔλεγε
2408 1185 2469 1236 τὸ
2502 1184 2685 1253 ῥητόν.
2757 1182 2916 1236 Ἀλλὰ
2964 1182 3058 1235 καὶ
3093 1178 3230 1251 πρὸς
3260 1177 3472 1231 αὗτδνό
3501 1176 3677 1245 μέγας

2099 1273 2413 1344 λογοθέτης.
2474 1273 2605 1343 ἄγχι
2657 1277 2802 1342 σχὼν
2859 1272 3123 1342 κεφαλὴν,
3178 1270 3265 1323 ῑνα
3302 1269 3379 1339 μὴ
3413 1268 3695 1323 πυθοίατο,

2099 1366 2271 1431 ἄλλοι,
2298 1385 2318 1418 ι
2351 1369 2458 1420 Καὶ
2488 1366 2621 1429 πῶς,
2647 1360 2691 1419 ὧ
2713 1360 2886 1427 οὗτος,
2917 1383 2938 1418 ι
2964 1363 3149 1433 φησιν,
3180 1381 3198 1413 ι
3237 1359 3471 1433 εσχυρῶς
3495 1360 3679 1429 λέγειν

2098 1460 2325 1530 δόξομεν
2381 1458 2556 1519 οὕτως
2613 1456 3079 1528 ἁπολογούμενοις
3130 1456 3286 1509 Ἐπεὶ
3315 1456 3373 1507 ἑν
3403 1456 3468 1525 τῇ
3508 1453 3677 1524 βίσλῳ

2099 1552 2367 1621 τῆτῑερᾶς
2407 1549 2757 1620 Ὀπλοθήκης
2789 1548 2933 1602 κατὰ
2961 1548 3111 1620 ῥῆμα
3132 1550 3303 1602 κεῖται
3334 1545 3394 1600 τὸ
3418 1546 3580 1617 ρητδν
3600 1546 3679 1609 ὡς

2099 1644 2258 1710 ἁγίου
2297 1643 2459 1714 ῥητὸν
2489 1644 2583 1697 καὶ
2634 1641 2728 1695 τοῦ
2760 1641 2999 1711 μεγάλου
3028 1638 3417 1709 Δαμασκηνοῦ.
3449 1658 3467 1691 ι
3511 1637 3678 1693 Ἀλλὰ

2100 1736 2311 1808 τρανῶς
2336 1734 2471 1805 πρὸς
2498 1736 2622 1797 τοὺς
2655 1732 3035 1800 ἀντιλέγοντας
3065 1731 3249 1797 ἔλεγεν
3282 1729 3356 1794 ὡς
3394 1748 3412 1780 ι
3436 1728 3676 1801 Δέχομαι

2108 1829 2209 1899 μὲν
2241 1827 2300 1881 τὸ
2328 1829 2493 1896 ῥητὸν
2543 1826 2699 1895 ἁγίου
2749 1821 2911 1887 εἶναι,
2948 1823 3091 1891 πλὴν
3134 1824 3232 1894 οὐχ
3261 1823 3578 1893 ὁμολογήσω
3615 1822 3679 1875 τὸ

2106 1921 2329 1991 Πνεῦμα
2366 1920 2453 1975 διὰ
2504 1920 2678 1989 Λόγου
2735 1935 2793 1970 τε
2831 1919 2925 1971 καὶ
2976 1917 3107 1971 Υἱοῦ
3136 1917 3233 1986 τὴν
3256 1916 3437 1968 αἰτίαν
3490 1917 3552 1968 ἐκ
3580 1913 3675 1966 τεῦ

2109 2017 2340 2084 Πατρός.
2367 2014 2522 2067 Οὕτω
2572 2014 2682 2082 γὰρ
2701 2014 2797 2066 καὶ
2836 2008 3297 2080 παραϐολώτερον
3326 2010 3536 2077 εἴποιμι
3568 2006 3679 2060 τῶν

2108 2110 2170 2159 ἐκ
2198 2104 2410 2177 Πατρδς
2441 2105 2537 2156 καὶ
2572 2103 2703 2156 Υιοῦ
2754 2102 3019 2168 λεγόντων
3047 2102 3107 2155 τὸ
3143 2100 3370 2171 Πνεῦμα
3408 2101 3467 2152 τὸ
3523 2099 3681 2166 ἆγιον

2107 2198 2525 2269 ἐκπορεύεσθαι.
2561 2198 2692 2265 παρ’
2723 2197 2848 2249 ὅσον
2872 2196 2987 2248 ιω
3023 2196 3122 2265 μὲν
3150 2195 3251 2263 τῆς
3286 2195 3457 2264 αὐτῆς
3484 2193 3683 2262 προθέ-

2110 2308 2246 2353 σεως
2279 2275 2367 2342 in?
2400 2290 2523 2358 ἴσης
2556 2287 2815 2356 κειμένης
2844 2287 2938 2341 καὶ
2967 2290 3078 2349 τοῖς
3108 2287 3256 2353 δυσὶ,
3280 2285 3383 2340 κᾶν
3414 2285 3557 2338 κατὰ
3580 2286 3678 2351 τὴν

2113 2383 2385 2453 ἰσοτιμίαν
2435 2380 2521 2455 [Ρ.
2558 2380 2653 2453 59]
2706 2381 2815 2434 τῶν
2867 2381 3243 2442 ὖποστάσεων,
3266 2381 3326 2431 τὸ
3349 2380 3543 2443 ταυτὸν
3570 2376 3678 2433 τῶν

2111 2563 2286 2635 sequi,
2312 2562 2662 2633 repudiamus
2687 2574 2751 2616 ac
2791 2558 3124 2629 repeliimus.
3157 2577 3177 2611 ι
3214 2555 3313 2613 llic
3344 2556 3684 2627 Moscatnpar

2111 2654 2401 2723 Georgius,
2429 2652 2520 2722 qui
2550 2661 2681 2707 tunc
2696 2659 2813 2705 erat
2836 2650 3093 2705 Ecclesiae
3110 2646 3521 2721 chartopltylax,
3554 2665 3691 2719 spu-

2114 2748 2253 2802 rinm
2278 2755 2333 2802 et
2364 2744 2773 2816 snpposititium
2803 2758 2926 2798 esse
2960 2742 3248 2797 aﬂirmavit
3285 2743 3427 2797 istud
3457 2742 3689 2797 attribu-

2118 2851 2229 2893 tum
2267 2838 2622 2894 Damascenio
2660 2836 3058 2892 testimonium.
3089 2836 3287 2890 Verum
3318 2836 3386 2889 ad
3419 2836 3540 2905 ejus
3584 2848 3690 2889 au-

2113 2948 2229 2986 rent
2293 2932 2471 2998 capite
2527 2931 2774 2999 proxime
2846 2930 3090 2994 admoto,
3144 2942 3210 2982 ne
3260 2927 3350 2981 alii
3397 2927 3690 2991 audirent,

430 3020 513 3075 sic
538 3020 846 3087 loquentem
872 3034 886 3078 :
913 3017 1006 3072 sed
1035 3016 1244 3071 Patrem
1264 3031 1485 3072 causam
1508 3033 1603 3085 per
1620 3016 1816 3071 Filium
1838 3019 2012 3079 sancti
2123 3038 2356 3090 magnus
2385 3022 2663 3091 logotlteta
2693 3020 3059 3075 insusurravit
3086 3036 3099 3073 :
3123 3038 3140 3070 ι
3168 3016 3227 3071 Et
3250 3018 3546 3087 quomodo.
3571 3019 3691 3071 tin-

432 3114 668 3184 Spiritus
697 3110 1409 3180 dicimus,quandoquidem
1434 3112 1699 3166 vocabulo
1720 3112 2016 3181 προῦο).εύς
2047 3122 2087 3177 c
2123 3116 2339 3184 quiens,
2374 3132 2393 3166 ι
2441 3112 2685 3184 proferre
2720 3113 2784 3166 ad
2815 3111 3174 3167 evineeudum
3208 3110 3443 3167 elﬁcacia
3475 3111 3657 3167 videbi
3687 3140 3691 3144 -

436 3204 731 3275 prodttctor
779 3200 1030 3273 principii
1068 3202 1227 3255 activi
1261 3201 1598 3269 signitlcatus
1631 3200 1838 3255 subest.
1885 3220 1904 3253 ι
1946 3232 2012 3243 -
2120 3222 2265 3267 mur,
2292 3218 2397 3259 tam
2433 3206 2646 3258 intirnta
2701 3202 3015 3259 defensione
3068 3203 3319 3258 utentes?
3347 3203 3694 3273 quandoqui-

442 3314 461 3347 ι
509 3294 576 3350 Et
597 3295 891 3365 quomodo,
927 3296 1059 3348 hens
1082 3309 1197 3357 vos,
1228 3309 1333 3348 non
1364 3292 1544 3348 facitis
1575 3294 1770 3349 Filium
1804 3295 1856 3348 itt
1888 3311 2015 3364 pro.
2118 3298 2239 3352 dem
2270 3300 2373 3351 hoc
2398 3298 2601 3350 dictttm
2635 3313 2662 3347 a
2695 3308 2745 3349 te
2775 3295 3035 3364 rejeetum
3082 3303 3143 3349 ut
3176 3296 3571 3366 apocryphutn,
3607 3296 3691 3352 di-

437 3388 689 3441 cessione
720 3401 786 3441 ex
819 3385 977 3441 Patre
1012 3401 1235 3440 causam
1270 3386 1445 3441 sancti
1483 3386 1745 3454 Spiritus.
1771 3390 2020 3454 quando-
2117 3395 2263 3442 sorte
2296 3402 2360 3440 ac
2389 3386 2612 3456 syllabis
2651 3385 2875 3439 totideut
2906 3392 3083 3438 exstat
3119 3384 3173 3438 in
3204 3399 3360 3441 saera
3395 3384 3694 3455 Hoplotbc-

434 3480 652 3547 quidem
678 3493 775 3548 per
799 3478 1034 3532 Verbum
1056 3493 1273 3533 causam
1296 3478 1413 3547 ejus
1433 3478 1758 3547 proﬁtemini
1781 3476 2019 3534 Patrem!
2118 3495 2205 3545 ca,
2238 3480 2401 3542 libro,
2430 3487 2489 3533 ttt
2524 3480 2655 3539 scis,
2680 3476 3023 3533 auctoritatis
3042 3477 3190 3531 omni
3210 3479 3535 3547 exceptione
3572 3494 3695 3533 ma-

434 3567 733 3624 Ostenditis
762 3570 905 3624 enim
937 3584 1001 3623 ex
1054 3570 1136 3623 his
1179 3585 1300 3639 quae
1344 3569 1554 3631 dicitis,
1583 3568 2014 3639 haudquaquam
2115 3571 2273 3643 joris,
2308 3572 2567 3641 adjuncto
2595 3572 2763 3625 etiam
2809 3570 2957 3625 clare
3007 3570 3227 3624 nomine
3280 3566 3696 3641 magni'Dama.

436 3660 680 3715 futurum
717 3659 885 3715 fuisse.
915 3671 973 3713 ut
1007 3662 1166 3715 Pater
1220 3662 1542 3729 produceret
1596 3660 1858 3730 Spiritum
1896 3677 2023 3715 san-

435 3763 609 3821 ctum,
634 3753 739 3809 nisi
768 3764 1049 3823 generaret
1081 3752 1302 3818 Filium,
1334 3770 1400 3809 ex
1431 3770 1541 3824 quo
1577 3764 1801 3825 apparet
1835 3771 2018 3809 veram

435 3857 619 3897 causa!
649 3844 1031 3912 promit-tatem
1063 3842 1199 3897 Filio
1226 3843 1519 3896 convenire
1544 3854 1794 3912 respectu
1834 3842 2022 3910 Spiri-

440 3946 553 3993 tus.
593 3956 613 3989 ι
665 3935 743 3990 Ad
777 3950 839 3989 ea
890 3934 965 3987 illi
990 3934 1191 3987 vitandi
1216 3935 1449 3988 'ahsut‘di
1485 3934 1627 4001 quod
1685 3933 2023 3989 inferebatur

441 4030 584 4085 hinc
617 4027 882 4083 rationem
914 4027 1101 4080 iniere.
1149 4025 1412 4080 Dixerunt
1447 4027 1613 4079 multa
1660 4041 1782 4080 esse
1815 4025 1923 4095 92
1970 4028 2020 4079 in

450 4131 562 4176 tota
594 4119 957 4190 explicatione
992 4117 1186 4172 divinae
1216 4118 1522 4182 Trinitatis,
1552 4134 1669 4187 qure
1694 4120 1737 4172 si
1762 4119 1885 4186 quis
1914 4134 2029 4174 nte-

440 4216 608 4269 tiatur
638 4220 869 4281 angusto
916 4210 1135 4263 modulo
1193 4210 1418 4263 rationis
1446 4209 1711 4264 naturalis
1740 4219 1795 4265 et
1842 4211 1907 4263 ad
1951 4210 2022 4264 li-

442 4308 595 4361 bram
622 4302 922 4367 exiguitate
952 4316 1050 4355 sua
1077 4310 1185 4353 tam
1221 4300 1435 4371 magnis
1456 4301 1618 4355 rebus
1653 4302 2026 4370 ponderandis

443 4400 703 4467 imparem
727 4395 1025 4457 examinet,
1040 4392 1227 4462 utique
1242 4400 1566 4461 apparenter
1585 4392 1819 4446 inferant
1838 4391 2026 4459 absur,

2121 3665 2291 3728 sceni,
2319 3663 2438 3733 ejus
2469 3663 2733 3718 auctoris.
2765 3680 2783 3714 ι
2816 3660 3031 3729 Quibus
3081 3662 3350 3718 submisse
3374 3664 3698 3718 immurmu-

2126 3758 2283 3820 ratis,
2344 3757 2556 3811 sublata
2602 3755 2715 3825 jam
2772 3770 2905 3810 voce
2956 3754 3371 3824 archidiaconus
3423 3756 3695 3825 logotheta

2127 3849 2349 3905 intuens
2387 3867 2400 3903 :
2431 3867 2449 3903 ι
2475 3848 2742 3915 Admitto,
2762 3848 2858 3914 ait,
2885 3848 3353 3913 testimonium,et
3376 3850 3549 3904 sancti
3571 3864 3697 3904 esse

2122 3956 2246 3998 vere
2273 3940 2598 3997 Damasceni
2639 3955 2877 4010 agnoseo
2909 3958 2924 3996 :
2956 3950 3210 3995 ceterum
3242 3956 3351 3996 non
3405 3936 3694 3998 assentiar

2126 4034 2385 4104 Spiritum
2420 4050 2516 4104 per
2546 4032 2785 4088 Verbum
2819 4043 2869 4089 et
2903 4033 3102 4088 Filium
3138 4032 3404 4103 originem
3437 4049 3501 4088 ex
3536 4032 3701 4088 Patre

2124 4130 2361 4182 trahere:
2393 4127 2475 4182 sic
2508 4122 2651 4181 enim
2681 4126 2869 4181 dicens
2919 4126 3181 4181 audacius
3224 4127 3478 4196 loquerer
3530 4141 3695 4204 quam

2125 4217 2160 4271 ii
2188 4217 2280 4287 qui
2316 4216 2587 4271 aﬂirmant
2616 4230 2683 4271 ex
2713 4215 2877 4272 Patre
2925 4224 2981 4271 et
3031 4212 3181 4277 Filio
3212 4218 3495 4271 sanetum
3526 4216 3702 4285 Spiri-

2130 4320 2240 4363 tum
2289 4308 2604 4379 procedere,
2635 4307 2895 4379 quouiam
2945 4310 2999 4363 in
3034 4309 3137 4365 hoc
3170 4300 3514 4364 Latinorum
3549 4310 3700 4364 dicto

2130 4401 2237 4471 93
2266 4401 2578 4455 communia
2621 4398 3027 4470 praepositionis
3054 4416 3120 4455 ea:
3170 4390 3376 4471 pariter
3423 4401 3696 4473 adaptatte

443 4492 573 4543 dum
595 4498 650 4542 et
685 4485 851 4542 Deum
877 4484 1146 4539 dedecens
1186 4483 1460 4551 quidpiam
1490 4500 1506 4537 :
1545 4500 1563 4533 ι
1606 4481 1687 4537 An
1728 4498 1835 4537 non
1869 4483 2013 4538 enim
2058 4485 2100 4541 ι)
2130 4489 2275 4543 i‘atri
2305 4484 2555 4558 Filioque
2591 4488 2658 4542 ad
2684 4487 3048 4557 equalitatem
3079 4489 3433 4558 hypostasum
3470 4490 3611 4544 inter
3639 4505 3703 4546 se

443 4579 673 4648 exempli
703 4576 879 4649 gratia
911 4576 1145 4629 dicimus
1182 4590 1195 4628 :
1238 4574 1398 4628 Pater
1430 4582 1513 4629 est
1550 4572 1819 4642 perfectus
1859 4572 2022 4633 Deus.

448 4670 620 4725 Filius
643 4670 767 4724 item
790 4667 1062 4737 perfectus
1104 4662 1521 4732 Deus,Spiritus
1562 4679 1778 4733 quoque
1804 4675 2027 4719 sanctus

448 4773 503 4817 et
528 4762 643 4831 ipse
659 4760 929 4830 perfectus
952 4758 1092 4812 Deus
1113 4757 1135 4810 7
1155 4756 1303 4814 Unde
1331 4756 1451 4824 quis
1472 4770 1579 4810 nou
1610 4757 1751 4809 videt
1771 4770 2029 4825 apparere

450 4849 793 4905 inferendam
836 4848 1353 4914 admittendamque,
1393 4862 1556 4915 quam
1606 4855 1785 4899 tamen
1822 4848 2032 4913 respui-

452 4959 594 5004 mus,
612 4943 835 4997 deorum
858 4923 1172 4994 Trinitatem
1194 4940 1213 4991 ?
1234 4938 1625 4992 Situilitercum
1648 4939 1880 4993 dicimus
1900 4955 1912 4991 :
1931 4936 2032 4991 Ge-

449 5037 568 5091 nuit
602 5036 761 5089 Pater
794 5033 1011 5095 Filium,
1044 5048 1222 5085 nonne
1250 5034 1495 5086 videmur
1526 5033 1651 5083 dare
1681 5031 1808 5082 At-io
1841 5046 2027 5086 ansam

356 5168 359 5171 -
452 5128 757 5185 atlirmandi
784 5125 1164 5180 intercessisse
1185 5133 1515 5178 momentum
1538 5123 1752 5191 aliquod
1782 5133 2031 5192 autpun-

448 5234 595 5277 ctum
618 5220 877 5290 temporis
893 5219 1129 5272 medium
1162 5217 1302 5270 inter
1319 5226 1663 5286 generantem
1682 5224 1735 5269 et
1752 5216 2034 5285 genitum?

448 5319 646 5375 Verum
680 5317 783 5371 hoc
822 5326 1077 5383 tanquam
1107 5312 1484 5381 hlaspbemum
1538 5326 1879 5375 aversantur,
1906 5326 2030 5365 cum

450 5405 581 5459 illud
616 5404 760 5458 unde
802 5403 857 5457 in
893 5403 1124 5473 speciem
1156 5401 1527 5471 consequitur,
1557 5408 1813 5470 tanquam
1840 5402 2031 5455 ortho-

451 5498 654 5552 doxum
680 5484 1280 5570 tc'tteamus.Sie'igitur
1308 5494 1359 5546 in
1385 5494 1634 5563 praesenti
1659 5508 1873 5563 quoque
1902 5509 2034 5547 con-

452 5589 718 5643 troversia
750 5588 1002 5652 facimus,
1037 5597 1243 5643 stantes
1280 5588 1416 5639 intra
1450 5588 1711 5640 terminos
1737 5586 2031 5669 religionis,

448 5692 497 5736 et
523 5682 834 5751 proﬁtentes
851 5684 1067 5751 quidem
1094 5679 1237 5750 quod
1258 5679 1457 5733 diserte
1477 5678 1690 5747 scriptis
1704 5680 2034 5734 anthenticis

446 5789 765 5842 expressum
796 5775 1109 5830 cernimus:
1141 5771 1283 5842 quod
1310 5786 1373 5824 ex
1411 5771 1475 5825 iis
1506 5771 1716 5825 videtur
1735 5771 2031 5827 absurdum

2130 4580 2477 4634 astruendam
2510 4578 2683 4649 magis
2705 4581 3008 4648 quadrans,
3040 4580 3285 4635 audacia:
3314 4580 3574 4636 invidiam
3594 4580 3703 4637 nisi

2129 4673 2290 4740 plane
2335 4671 2515 4729 diluit,
2550 4670 2797 4725 emollire
2850 4678 2999 4725 certe
3051 4671 3344 4739 plurimum
3399 4680 3611 4741 potest.‘
3640 4674 3681 4729 lt

2130 4766 2235 4817 alia
2267 4776 2395 4817 vero
2439 4762 2710 4816 sententia
2742 4762 2870 4816 dum
2921 4760 3158 4829 Spiritus
3184 4777 3246 4815 ex
3284 4762 3447 4817 Patre
3480 4782 3571 4834 per
3602 4762 3699 4821 ιη-

2131 4854 2262 4908 lium
2302 4854 2569 4907 asseritur
2604 4854 2919 4922 procedere,
2964 4854 3051 4906 illa
3090 4854 3383 4909 diversitas
3442 4857 3704 4924 preposi—

2132 4945 2339 4997 ti:ntum
2365 4943 2508 4997 Patri
2542 4942 2791 5011 Filioque
2822 4946 3359 4999 accommodatarum
3388 4947 3697 5015 emphasim

2135 5037 2516 5105 nescioquam
2582 5037 2840 5090 absonam
2902 5036 3221 5090 diﬂerentia:
3277 5039 3551 5092 immiscut
3610 5040 3704 5094 uni

2134 5129 2490 5198 simplicique
2523 5128 2864 5197 processioni
2892 5129 3065 5183 sancti
3100 5128 3340 5196 Spiritus
3393 5145 3458 5183 ex
3512 5130 3704 5185 thear-

2131 5220 2737 5289 ehicishypostasihus,
2776 5221 2921 5273 velut
2962 5220 3322 5275 subindicans
3379 5221 3525 5275 aliud
3583 5238 3707 5278 esse

2134 5312 2304 5367 sancti
2332 5311 2569 5381 Spiritus
2617 5312 2942 5381 principium
2972 5314 3231 5377 activum,
3285 5313 3523 5381 Patrem,
3556 5315 3703 5369 aliud

2134 5404 2377 5471 ejusdem
2418 5403 2743 5471 principium
2810 5403 3070 5468 activum,
3126 5402 3365 5469 Filium:
3418 5421 3527 5475 quo
3573 5406 3706 5475 quid

2137 5496 2291 5563 pejus
2335 5494 2813 5563 damnabilinsque
2844 5494 2951 5547 diei
3022 5496 3241 5563 potest?
3312 5515 3333 5548 ι
3375 5496 3474 5552 Sic'
3511 5512 3711 5567 magno

2138 5588 2415 5659 lngntbela
2479 5587 2683 5650 locuto,
2736 5598 2792 5640 et
2845 5587 3027 5642 valide
3080 5603 3144 5641 ac
3196 5589 3617 5644 ineluetabiliter
3676 5607 3710 5645 α

2138 5678 2353 5733 cunctis
2394 5677 2709 5731 existimato
2751 5678 3085 5746 disputasse,
3143 5682 3519 5735 archidiaconi
3574 5683 3710 5737 nihil

2139 5768 2281 5841 quod
2346 5780 2535 5821 contra
2619 5771 2949 5823 sententiam
3014 5771 3288 5824 hiseerent
3344 5772 3596 5826 idoneum
3651 5773 3707 5826 in
