4094 6234
513 361 623 428 115

1693 366 2017 429 GEORGII
2056 369 2546 432 PACHYMER/E

3633 441 3636 444 _
3675 359 3781 432 1-16

506 476 751 560 δικαιοῦν
780 480 837 548 ιγ
850 498 936 534 νωο
976 481 1089 535 Καὶ
1110 481 1172 553 δὴ
1203 482 1341 554 πρὸς
1368 485 1427 538 τὺ
1462 488 1606 540 κατὰ
1628 486 1779 554 δεξιὰ
1809 487 2087 542 είσπλέον-
2117 496 2160 550 Α
2193 494 2259 561 τῇ
2300 490 2408 543 τῶν
2430 486 2785 556 Νικητιάτων
2822 488 2919 556 τῆς
2959 482 3267 554 Δακισύζης
3290 483 3553 555 φρουρίῳ,
3583 481 3680 537 καὶ
3699 485 3781 555 τῷ

506 587 561 625 τι
595 572 685 623 τὸν
735 572 1060 641 ’Δστακηνὺν
1096 573 1294 629 κόλπον
1342 567 1622 647 φρούρίον,
1670 579 1730 632 τὸ
1774 579 1916 633 οὕτω
1965 598 2083 643 πως

507 663 600 717 τοῦ
625 664 782 732 ἁγίου
814 665 1117 735 Γρηγορίου
1155 667 1560 739 ἐπιλεγόμενον,
1606 672 1939 742 προστάσσει
1965 671 2085 742 πλῷ

508 756 884 825 χρησαμένους
940 757 1271 826 ἀπάγεσθαι.
1328 751 1402 813 Οὗ
1431 759 1495 829 δὴ
1543 763 1639 815 καὶ
1681 761 2086 830 ὲγκλεισθέντες

511 847 616 899 ὑπὸ
640 850 894 919 φρουροῖς
938 850 1164 911 Κελτοῖς
1195 851 1290 907 καί
1314 869 1420 909 τινι
1450 852 1559 906 τῶν
1588 855 2086 926 ὲκπροκοιτούντων

507 937 584 1006 τῷ
620 936 830 1008 βασιλεῖ
865 940 1108 1007 ἀφεῖντο,
1132 941 1231 994 ὅσα
1274 940 1342 996 τὰ
1394 943 1472 1005 είς
1507 942 1695 1012 χρείαν
1743 941 1852 996 τῶν
1903 944 2087 1010 ἀναγ-

508 1027 682 1081 καίων
749 1029 1098 1099 ἀπρονόητοι,
1141 1030 1294 1083 οὐδὲν
1335 1031 1495 1085 πλέον
1553 1032 1886 1102 ἀπονάμενοι
1929 1030 2086 1099 βασι⁴

506 1117 666 1182 λᾶως,
691 1119 773 1173 ὅτι
803 1119 880 1191 μὴ
917 1123 1055 1190 μετὰ
1115 1123 1306 1190 καιρὸν
1367 1121 1456 1179 ἐπ’
1508 1121 1771 1190 ἀνατολῆς
1809 1123 2086 1192 ὁρμῶντος

508 1213 974 1285 πατριαρχοῦντος
1019 1214 1359 1282 Ἀθανασίου,
1394 1200 1485 1272 τον
1522 1233 1579 1270 τε
1615 1217 1757 1271 κατὰ
1800 1215 1896 1287 τὴν
1933 1216 2085 1270 Ἔλι-

508 1304 727 1358 νόπολιν
758 1306 1158 1376 περαιωθέντος
1190 1307 1455 1376 πορθμὸν,
1483 1306 1580 1361 καὶ
1606 1307 1696 1361 τὸν
1729 1307 1903 1377 μέγαν
1931 1307 2090 1373 λογοο

507 1395 671 1466 θέτην
701 1399 788 1450 ἐπ’
818 1400 1017 1462 αὐτοὺς
1059 1400 1394 1471 πέμψαντος,
1432 1400 1491 1454 ὃν
1535 1401 1630 1455 καὶ
1679 1402 1759 1463 είς
1809 1399 2087 1469 πρωτοστ-

510 1490 754 1558 στιάριον
785 1491 1127 1554 ἀνεϐίϐασεν,
1169 1494 1197 1545 6
1221 1493 1324 1562 μὲν
1367 1492 1562 1546 ἑκατὸν
1604 1491 1878 1562 χρυσίνοις
1905 1492 2088 1545 ὲνικα·

509 1581 688 1648 νοῦτο,
719 1582 833 1636 ὁδί
857 1600 918 1653 γε
969 1583 1380 1655 Μελιτηνιὼτης
1437 1587 1793 1655 πεντήκοντα.
1864 1583 1926 1636 '0
1976 1585 2086 1652 γὰρ

507 1671 691 1744 τρίτος
725 1677 753 1727 ὀ
780 1674 1086 1744 Με-τοχίτης
1131 1675 1217 1730 διὰ
1255 1676 1408 1728 νόσον
1462 1673 1820 1747 προκατηχϐη
1871 1675 1962 1727 ἐπὶ
2016 1675 2088 1728 τὰ

510 1768 650 1825 οἴκοι
689 1768 918 1834 ἐκεῖθεν,
947 1768 1204 1838 βασιλέως
1239 1768 1660 1841 προστάξαντος.

2190 583 2377 654 τυφλῷ
2423 583 2646 654 Ἰωάννῃ
2704 580 2977 651 συμμίξας
3025 578 3431 650 φιλοφρονεῖταί
3483 594 3540 631 τε
3575 577 3646 631 τὰ
3703 579 3781 632 εἰς

2189 674 2344 735 κότα.
2378 675 2470 726 καὶ
2494 674 2553 726 τὸ
2587 673 2666 737 εἰς
2698 674 2909 726 ἐκεῖνον
2938 670 3092 742 παρὰ
3149 667 3246 722 τοῦ
3295 669 3502 740 πατρὸς
3556 665 3780 737 γεγονὸς

2185 765 2349 829 αὐτὸς
2384 768 2642 837 ἐπειρᾶτο
2675 766 2965 836 μαλάττειν
3010 765 3131 835 ταῖς
3178 760 3585 822 ὑποπτώσεσιν,
3634 758 3778 818 ὥστε

2186 860 2281 913 καὶ
2308 857 2728 930 συγχωρηθῆναι
2757 857 2887 929 παρ’
2928 857 3140 911 ἐκείνου
3189 855 3288 911 καὶ
3338 849 3452 908 οἷον
3509 868 3778 923 κραταιω-

2188 948 2347 1018 θῆναι
2381 949 2518 1020 πρὸς
2544 948 2607 1002 τδ
2646 947 2951 1020 βασιλεύειν
2976 946 3036 1013 ἐξ
3067 945 3275 1015 ἀγαθοῦ
3291 942 3497 999 σκοποῦ
3527 943 3622 997 καὶ
3641 959 3782 1014 χρης

2188 1042 2318 1111 στῆς
2347 1039 2665 1104 διαθέσεως.
2698 1039 2870 1104 Αὐτὸς
2897 1040 2952 1094 δὲ
2975 1039 3087 1093 τῶν
3119 1041 3198 1102 είς
3217 1037 3431 1115 τρυφὴν
3459 1034 3656 1106 ἐκείνῳ
3681 1034 3780 1088 καὶ

2187 1132 2371 1188 ἄνεσιν
2400 1133 2710 1203 προνοήσας
2737 1130 3142 1185 ἀπαλλάττεται
3166 1130 3266 1200 τὴν
3293 1127 3584 1199 ταχίστην.
3638 1125 3777 1192 Τότε

2186 1227 2233 1279 δ’
2263 1225 2493 1288 ἐπιστὰς
2527 1224 2761 1288 ἰκτίνοις
2805 1225 2834 1277 ὁ
2885 1222 3405 1295 πρωτοσεστιάριος,
3457 1219 3779 1277 Ἀθανασίου

2188 1308 2674 1390 πατριαρχοῦντος,
2694 1317 2823 1386 περὶ
2837 1308 2898 1369 οὗ
2921 1316 3059 1385 μετὰ
3076 1312 3247 1368 ταῦτα
3264 1312 3659 1389 ρηθήσιταιλτὰ
3680 1313 3780 1379 μὲν

2187 1411 2558 1482 προγιγονότσ.
2579 1410 2674 1462 καὶ
2687 1409 2765 1461 διε
2775 1407 3035 1478 μάλαττε,
3059 1405 3156 1460 καὶ
3180 1403 3350 1468 πολὺς
3369 1404 3623 1472 ἐφαίνετο
3655 1402 3782 1461 τοὺς

2187 1504 2390 1573 ἄνδρας
2417 1503 2679 1558 θωπεύων
2692 1518 2752 1555 τε
2771 1502 2865 1556 καὶ
2884 1499 3331 1567 ὑποποιούμενος,
3347 1497 3441 1551 καὶ.
3456 1496 3522 1568 δὴ
3535 1495 3784 1567 τῆςπολ-

2188 1599 2289 1668 λῆς
2317 1598 2416 1664 μὲν
2430 1596 2668 1659 ἐκείνους
2695 1580 2937 1666 φρουρᾶς
2957 1593 3149 1664 ἀνῆκε,
3177 1591 3450 1662 φρουροὺς
3484 1589 3530 1644 δ’
3551 1591 3784 1660 dmpsit-

2187 1707 2270 1757 το,
2293 1690 2408 1746 ἐστι
2431 1688 2476 1743 δ’
2502 1688 2595 1752 οὓς
2620 1688 2715 1742 καὶ
2737 1687 3048 1757 mnam,
3074 1684 3169 1739 καὶ
3180 1682 3389 1752 ἀγαθὰς
3401 1681 3655 1737 ὑπέτεινε
3675 1681 3780 1743 τὰς

2193 1770 2437 1844 ἐλπίδας,
2486 1776 2578 1830 καὶ
2611 1776 2712 1846 τὴν
2750 1776 2902 1845 παρὰ
2920 1773 3185 1844 βασιλέως
3200 1772 3446 1843 ἠγγυᾶτο
3461 1769 3774 1839 εὐμένειαν.

511 1885 621 1952 λς’.
681 1887 910 1956 Ἀφιξις
957 1887 1066 1939 τοῦ
1117 1884 1424 1950 βασιλέως
1468 1886 1619 1954 πρὸς
1658 1881 1949 1952 Ἰωάννην
1985 1883 2094 1938 τὸν
2123 1858 2166 1914 Β
2199 1872 2432 1927 Ἔπειτα
2463 1871 2556 1926 καὶ
2581 1867 2730 1940 αὐτῷ
2766 1867 2974 1938 βασιλεῖ
3005 1865 3368 1936 καταχθὲντες
3390 1864 3485 1918 τοῦ
3517 1861 3782 1956 φρουρίου

1047 1957 1167 2014 ἀπὸ
1199 1957 1538 2026 βασιλέων.

597 2045 737 2101 Ἀλλ’
757 2049 784 2100 ὃ
816 2064 883 2116 με
903 2046 1147 2117 παρῆλθε
1209 2045 1411 2118 μικροῦ
1451 2044 1519 2118 [Ρ
1547 2044 1640 2119 66]
1701 2045 1966 2117 πρότερον
1996 2060 2094 2114 γει

517 2144 696 2216 τονος,
729 2141 985 2212 βασιλεὺς
1011 2140 1108 2211 τῆς
1147 2141 1352 2210 πόλεως
1385 2139 1726 2214 ἑξεληλακὼς
1763 2137 2092 2212 προσσᾴλλει

515 2416 839 2476 referemus.
866 2416 1101 2479 Veccum
1133 2430 1300 2488 porro
1329 2425 1384 2472 et
1411 2416 1592 2472 socios
1613 2413 1793 2472 soluto
1821 2422 2094 2470 conventu

516 2511 777 2567 Cosmidii
827 2511 1224 2566 monasterium
1259 2510 1503 2582 excepit,
1549 2517 1808 2566 caeterum
1847 2508 1961 2565 illic
1990 2508 2094 2565 sub

516 2604 626 2660 tida
671 2603 892 2659 habitos
941 2601 1239 2658 custodia:
1281 2616 1420 2672 quos
1461 2610 1516 2657 ct
1547 2599 1834 2658 dimittens
1862 2601 2097 2670 impera-

519 2708 627 2764 tor,
663 2705 724 2752 ut
756 2711 816 2753 se
846 2697 915 2752 ad
946 2710 1135 2766 pacem
1171 2695 1528 2762 inclinarent,
1556 2695 1770 2762 orabat,
1803 2704 1856 2751 et
1888 2694 2096 2751 omissa

518 2778 873 2862 pugnacitate
896 2790 1019 2859 jura
1052 2790 1272 2860 propria
1306 2789 1495 2846 tuendi
1535 2789 1762 2845 mallent
1789 2789 1987 2860 degere
2011 2801 2098 2842 se-

516 2900 650 2940 cure
689 2883 864 2953 gratia
901 2882 1148 2939 fruentes
1180 2883 1378 2956 ipsius,
1420 2883 1506 2939 sin
1530 2883 1586 2938 id
1634 2882 1866 2946 nollent,
1900 2882 2095 2938 exsilia

513 2989 572 3036 et
599 2994 874 3035 mrumnas
895 2977 1031 3048 ipsis
1051 2975 1377 3047 inﬂigendas
1400 2977 1784 3035 comminans:
1817 2992 1924 3031 non
1948 2976 2095 3032 enim

516 3087 579 3130 se
617 3087 906 3142 passurum
940 3071 1100 3126 aliter
1125 3086 1293 3141 quam
1321 3079 1489 3141 prout
1533 3069 1730 3127 fuisset
1778 3070 2094 3126 ordinatum

2197 1963 2452 2034 ἀσμένως
2482 1964 2662 2033 πάντη
2691 1961 2789 2015 καὶ
2813 1959 3150 2031 φιλοφρόνως
3180 1957 3487 2031 ὡμίλησαν.
3552 1956 3644 2020 Ὧς
3672 1953 3784 2025 γὰρ

2196 2055 2294 2110 καὶ
2324 2053 2394 2108 τὰ
2426 2055 2575 2127 παρὰ
2609 2052 2702 2107 τοῦ
2725 2052 3049 2124 Γρηγορίου
3068 2046 3563 2119 ἀπεδοκιμάζοντο,
3589 2045 3667 2112 ὡς
3687 2046 3786 2116 καὶ

2196 2146 2331 2201 αὐτὸ
2384 2144 2502 2218 μετ’
2550 2143 2732 2217 ὀλίγον
2771 2142 3028 2217 ἐροῦμεν,
3077 2143 3176 2198 καὶ
3230 2140 3333 2216 ἤδη
3372 2139 3463 2202 διὰ
3490 2139 3664 2200 ταῦτα
3693 2138 3785 2205 ἔν’

2200 2432 2351 2479 tatus
2383 2421 2513 2478 inde
2541 2420 2657 2491 jam
2687 2428 2813 2476 ante
2836 2419 2890 2475 in
2920 2432 3078 2475 suam
3120 2417 3350 2484 domum
3395 2413 3578 2471 fuerat
3620 2412 3784 2486 jussu

2200 2515 2580 2588 imperatoris.

2197 2629 2289 2686 56.
2325 2628 2595 2702 Profectio
2627 2627 2971 2702 imperatoris
3005 2625 3075 2681 ad
3112 2625 3376 2682 Joannem
3403 2624 3533 2679 olim
3559 2625 3789 2695 inaperio

2853 2699 3133 2770 defectam.

2273 2793 2380 2852 Sed
2417 2810 2507 2850 me
2553 2794 2899 2866 praeterierat
2929 2793 3077 2864 quod
3137 2793 3302 2863 paulo
3337 2792 3488 2864 prius
3522 2788 3792 2859 contigit,

2200 2889 2591 2959 imperatorem
2634 2887 2891 2942 videlicet
2927 2901 2992 2941 ex
3027 2886 3165 2944 urbe
3195 2885 3512 2955 profectum
3555 2898 3617 2940 se
3652 2897 3789 2938 cono

2204 2984 2398 3039 tulisse
2423 2981 2490 3037 ad
2535 2997 2717 3037 arcem
2762 2979 3159 3037 Nicetiatarum
3197 2979 3552 3052 Dacibyxam,
3598 2978 3787 3049 ibique

2200 3074 2539 3131 custoditum
2590 3072 2858 3130 Joannem
2885 3089 3088 3130 caecum
3125 3073 3466 3145 pet-ofﬁciose
3493 3071 3782 3142 salutasse,

519 3165 659 3225 ﬁeri.
701 3162 875 3220 Porro
907 3163 1057 3235 ipsos
1099 3171 1394 3234 coopertos
1422 3161 1649 3217 infamia
1701 3163 1844 3216 male
1887 3161 2094 3230 peritu-
2125 3206 2170 3266 ο
2202 3181 2614 3237 excusasseque
2637 3173 2697 3222 ut
2729 3165 2931 3234 potuit,
2955 3181 3022 3221 ac
3051 3165 3241 3221 multis
3270 3163 3523 3221 benevoli
3557 3163 3786 3222 allectus

521 3274 637 3326 ros,
694 3260 798 3315 nisi
833 3259 1404 3314 haetenus'actorum
1456 3258 1779 3329 paenitentia
1831 3263 2095 3326 concepta

521 3353 842 3411 conferrent
888 3354 1131 3408 animum
1187 3352 1255 3408 ad
1310 3367 1523 3422 pacem.
1578 3351 1732 3406 Talia
1775 3366 1900 3405 cum
1953 3363 2100 3420 saepe

519 3446 888 3519 significasset
954 3445 1280 3516 imperator,
1316 3445 1446 3501 etsi
1486 3445 1677 3500 audire
1722 3443 1938 3509 vellent,
1973 3457 2100 3513 pro-

515 3559 674 3614 spera
705 3550 852 3599 esset
878 3550 1076 3598 cuncta
1108 3539 1407 3612 pollicitus,
1428 3539 1509 3594 illi
1542 3554 1643 3593 nec
1673 3547 1818 3592 metu
1857 3537 2094 3592 tristium

517 3636 742 3694 adducti
791 3651 891 3692 nec
925 3632 1218 3706 promissis
1244 3632 1496 3692 laetorum
1549 3630 1780 3687 emolliti
1815 3638 1965 3694 sunt,
2000 3628 2098 3684 ob—

519 3736 782 3788 durantes
813 3745 873 3786 se
899 3731 1167 3784 adversus
1195 3736 1452 3798 utraque,
1487 3742 1657 3797 seque
1686 3734 1906 3797 paratos
1935 3724 2095 3779 exhi-

521 3828 711 3881 bentes
738 3826 803 3880 ad
840 3825 1059 3896 quidvis
1101 3822 1230 3878 mali
1276 3821 1623 3878 subeundum
1669 3820 1816 3891 quod
1853 3818 2098 3888 inﬂigere

521 3916 657 3984 ipsis
701 3913 966 3969 voluisset
1007 3913 1335 3984 imperator,
1387 3920 1448 3967 ut
1479 3913 1573 3982 qui
1609 3911 1835 3966 omnino
1884 3911 2096 3966 consti-

517 4009 756 4069 tuissent
787 4005 1096 4077 quamlibet
1130 4007 1316 4076 potius
1349 4006 1701 4062 acerbitatem
1736 4005 1892 4076 103
1928 4005 2099 4061 libert-

520 4111 602 4153 ter
633 4099 841 4170 perpeti
882 4114 1048 4169 quam
1083 4099 1197 4155 ullo
1223 4115 1349 4155 cum
1377 4100 1444 4156 iis
1471 4098 1682 4156 findere
1711 4100 1884 4165 coire,
1911 4099 2004 4168 qui
2036 4113 2097 4154 se

521 4197 628 4251 isto
680 4196 845 4251 modo
880 4196 1370 4253 condemnassent.
1419 4192 1536 4262 Qua
1580 4209 1769 4250 eorum
1817 4193 2096 4251 declarata

517 4290 890 4345 obstinatione
922 4304 1075 4359 spem
1119 4288 1326 4344 nullam
1362 4288 1711 4358 relinquente
1759 4288 2097 4360 resipiscen-

519 4384 609 4437 tize
645 4384 700 4437 in
735 4395 1042 4458 posterum,
1080 4383 1253 4452 magis
1280 4390 1334 4436 et
1373 4381 1430 4436 in
1461 4381 1612 4452 ipsos
1643 4382 1926 4452 magisque
1960 4397 2095 4437 con-

519 4478 724 4533 citatus
752 4478 1085 4547 imperator,
1127 4484 1182 4530 et
1214 4474 1351 4530 nihil
1392 4475 1600 4530 habens
1637 4475 1931 4544 reliquum,
1958 4491 2097 4530 cun-

2204 3259 2713 3329 signillcationibus
2768 3258 3321 3329 exhibitionibusqne
3363 3258 3594 3313 honoris
3641 3257 3789 3313 miti.

2204 3368 2336 3423 gare
2365 3363 2604 3408 tentasse
2633 3351 2893 3422 iniuriam
2938 3349 3041 3422 ipsi
3084 3367 3114 3406 a
3161 3361 3314 3421 patre
3366 3349 3789 3409 atrocissimam

2204 3446 2436 3511 illatam,
2477 3453 2539 3502 ut
2568 3446 2650 3501 sic
2681 3443 2938 3500 videlicet
2962 3459 3029 3499 ex
3049 3444 3472 3514 circumscripto
3504 3445 3790 3516 quondam

2203 3539 2418 3594 nefarie
2447 3538 2656 3610 pupillo
2689 3539 2940 3610 principe
2973 3539 3195 3595 eliceret
3240 3538 3613 3598 voluntariam
3643 3539 3794 3611 juris

2204 3635 2291 3689 sui
2346 3631 2653 3688 cessionem
2688 3643 2744 3688 et
2792 3647 3130 3688 consensum
3167 3633 3222 3687 in
3280 3633 3570 3703 imperium
3607 3633 3792 3703 ipsius

2203 3728 2530 3791 Andronici,
2565 3740 2677 3797 quo
2711 3742 3013 3792 consensu,
3064 3727 3209 3795 quod
3247 3725 3388 3783 forte
3421 3727 3523 3798 ipsi
3555 3727 3619 3782 ad
3651 3727 3791 3799 legi-

2204 3823 2393 3878 timam
2428 3822 2773 3892 principatus
2807 3823 3214 3892 possessionem
3265 3823 3472 3890 dee:at,
3502 3833 3792 3894 utcunque

2203 3906 2578 3986 suppleretur,
2618 3913 2779 3987 10‘.
2816 3927 2872 3970 et
2905 3923 3024 3970 rata
3050 3914 3106 3970 in
3143 3923 3426 3984 posterum
3462 3915 3790 3971 redderetur:

2203 4008 2465 4076 omnique
2496 4008 2664 4062 animi
2692 4007 2961 4087 religione
2997 4022 3062 4063 ac
3094 4010 3358 4079 scrupulo
3392 4009 3562 4064 libera
3597 4023 3698 4064 sua
3732 4009 3788 4064 in

2201 4101 2527 4174 dignitatem
2585 4103 2890 4172 Augustam
2949 4102 3254 4162 successio.
3297 4102 3419 4169 Quo
3469 4102 3784 4171 impetrato.

2199 4196 2354 4267 large
2411 4194 2661 4251 vicissim
2729 4195 3034 4265 assignatis
3094 4205 3461 4253 exauctorato
3545 4196 3787 4268 principi

2153 4320 2156 4322 η
2205 4290 2422 4345 abunde
2486 4291 2802 4355 suﬂecturis
2838 4288 2902 4343 ad
2947 4288 3154 4343 lautum
3208 4288 3414 4346 victum
3464 4290 3793 4361 cultumque

2206 4390 2492 4443 caeterum,
2527 4380 2693 4434 etiam
2715 4379 3038 4444 delicatum,
3065 4378 3356 4449 impensis,
3385 4379 3643 4435 celeriter
3663 4380 3795 4437 inde

2211 4492 2271 4532 se
2297 4474 2526 4546 recepit.
2562 4480 2692 4533 Post
2751 4475 2855 4529 hoc
2889 4474 3115 4528 deruunt
3149 4473 3223 4528 ita
3265 4474 3491 4534 factum.
3528 4485 3794 4545 protovc-

518 4586 603 4628 cra
639 4573 844 4629 frustra
880 4582 1164 4644 expertus,
1188 4587 1298 4643 quo
1327 4587 1385 4628 se
1417 4580 1666 4642 speraret
1689 4572 1850 4644 posse
1877 4572 2095 4627 illorum
2132 4569 2173 4623 D
2202 4569 2452 4631 stiarius,
2487 4570 2736 4622 mittente
2762 4565 3066 4621 Athanasio
3112 4567 3448 4638 patriarcha,
3482 4565 3550 4622 de
3572 4582 3697 4637 quo
3733 4577 3794 4622 et

522 4658 734 4736 animos
764 4669 999 4736 mollire,
1033 4669 1248 4723 tandem
1280 4667 1490 4722 exsiliis
1513 4668 1660 4738 ipsos
1686 4668 1949 4720 damnare
1971 4681 2101 4720 con-

527 4767 731 4820 stituit.
787 4765 953 4821 Jubet
1005 4765 1191 4836 itaque
1244 4779 1388 4819 nave
1430 4762 1710 4834 deportari
1751 4763 1802 4815 in
1857 4777 2100 4816 arcema

524 4850 736 4934 dextris
783 4857 1116 4930 ingredienti
1170 4859 1354 4912 sinum
1389 4858 1721 4913 Astacenum
1773 4857 1961 4918 sitam,
2011 4855 2100 4910 qui

525 4970 720 5010 nomen
753 4971 781 5011 a
815 4963 1009 5010 sancto
1041 4950 1312 5024 Gregorio
1336 4960 1438 5016 est,
1476 4951 1567 5006 ubi
1597 4950 1840 5005 conclusi
1873 4950 1976 5002 sub
2004 4965 2103 5003 cu-

523 5051 700 5106 studia
724 5025 1033 5112 Celtarum,
1063 5050 1151 5117 cui
1188 5057 1418 5118 prmerat
1457 5059 1602 5098 unus
1629 5059 1692 5098 ex
1726 5041 2101 5112 imperatoriis

521 5143 963 5207 excubitoribus,
990 5141 1165 5197 relicti
1194 5151 1325 5195 sunt
1354 5140 1472 5209 sine
1506 5140 1616 5208 ulla
1654 5138 1871 5207 interim
1907 5136 2099 5208 provi-

522 5241 680 5293 sione
710 5212 996 5308 pensionis
1031 5237 1096 5290 ad
1125 5235 1348 5304 victum,
1380 5235 1564 5310 inopia
1598 5234 1689 5287 ditt
1728 5232 1932 5286 frustra
1961 5245 2098 5311 prim

524 5333 722 5388 stolata
744 5319 1116 5388 necessarium
1136 5331 1202 5401 ab
1225 5330 1557 5397 imperatore
1570 5326 1899 5389 subsidium,
1921 5324 2100 5397 quoad

524 5413 810 5498 aliquanti.
845 5425 1122 5495 posterius
1160 5423 1513 5493 proficiscens
1562 5422 1614 5476 in
1661 5419 1942 5491 Orientem
2002 5434 2097 5489 pa-

523 5525 765 5577 triarcha
813 5504 1172 5584 Athanasius,
1229 5528 1279 5571 et
1341 5519 1404 5572 ad
1476 5517 1851 5586 Helenopolim
1900 5515 2100 5571 fretum

525 5617 831 5688 trajiciens,
859 5616 1011 5682 misit
1043 5614 1107 5669 ad
1129 5630 1225 5670 eos
1248 5629 1502 5683 magnum
1529 5613 1885 5681 logothctam,
1909 5623 2104 5681 postea

523 5710 1016 5784 protovestiarium
1054 5718 1322 5772 creatum,
1375 5711 1468 5777 qui
1506 5705 1684 5761 Vecco
1713 5707 1944 5776 quidem
1980 5720 2107 5773 ceu.-

527 5818 644 5861 tum
679 5818 901 5865 aureos,
942 5801 1292 5858 Melitcniotze
1331 5819 1459 5856 vero
1494 5799 1897 5871 quinquaginta
1933 5797 2107 5861 dona-

529 5899 626 5960 vit.
660 5893 794 5956 Nam
823 5894 1017 5952 tertius
1049 5891 1342 5952 ﬁetochita
1368 5902 1589 5967 propter
1620 5889 1878 5948 morbum
1903 5887 2104 5962 depor-

2205 4664 2327 4732 ejns
2361 4663 2704 4734 promotione
2737 4671 2858 4731 post
2887 4661 3006 4716 hazc
3044 4661 3280 4728 dicetur,
3321 4659 3560 4716 Veccum
3592 4671 3648 4717 et
3670 4661 3796 4732 eius

2205 4759 2418 4815 socium
2467 4758 2521 4811 in
2557 4771 2784 4812 carcere
2822 4755 3108 4810 convenit.
3164 4753 3266 4810 Hic
3315 4755 3486 4825 igitur
3535 4756 3664 4810 novi
3695 4772 3800 4827 pa-

2163 4837 2171 4844 ’
2208 4853 2471 4906 triarchae
2511 4848 2802 4905 Athanasii
2851 4849 3065 4919 legatus
3107 4849 3246 4904 duos
3281 4848 3532 4918 captivos
3569 4850 3798 4906 exsules

2207 4947 2482 5002 conSolari
2539 4945 2719 5001 modis
2748 4943 3011 4999 omnibus
3046 4953 3101 4999 et
3141 4943 3388 5014 priorum
3422 4942 3557 5013 ipsis
3588 4957 3800 5007 terum:

2205 5055 2403 5093 narum
2452 5037 2686 5094 delinire
2739 5038 3023 5094 tristitiam
3086 5037 3311 5104 sategit,
3377 5052 3445 5091 ne
3507 5035 3799 5092 blanditiis

2207 5132 2430 5202 quidem
2459 5141 2512 5185 et
2540 5130 3038 5194 assentationibus,
3069 5144 3180 5199 quo
3229 5129 3355 5184 illos
3387 5128 3793 5195 demereretur,

2209 5225 2511 5280 abstinens.
2549 5224 2847 5296 Angustias
2876 5237 3098 5293 quoque
3130 5221 3401 5276 custodite
3429 5221 3657 5287 laxavit,
3692 5236 3795 5276 cu-

2209 5320 2537 5388 stodnmque
2595 5318 2862 5385 quosdam
2920 5315 3150 5376 amovit,
3214 5314 3355 5370 alios
3390 5313 3839 5386 placidioribus.

2211 5413 2460 5475 mutavit,
2491 5411 2687 5465 melius
2709 5413 2874 5464 etiam
2907 5422 3130 5489 sperare
3153 5407 3207 5462 in
3234 5415 3512 5478 posterum
3561 5406 3794 5476 iubens,

2212 5507 2324 5561 imo
2355 5508 2486 5578 ipsis
2516 5505 2797 5577 spondens
2820 5521 2929 5562 non
2960 5505 3201 5574 vulgaris
3229 5504 3374 5574 apud
3399 5504 3792 5574 imperatorem

2213 5602 2393 5657 locum
2429 5602 2640 5673 gratiae.
2673 5601 2816 5666 Quin
2860 5610 2915 5654 et
2947 5599 3144 5662 deinde
3167 5599 3349 5652 educti
3375 5609 3601 5651 carcere
3628 5607 3800 5667 atque

2215 5696 2281 5750 ad
2323 5700 2629 5764 Angustum
2658 5693 3056 5768 admissiouem
3092 5691 3264 5756 nacti,
3297 5704 3423 5756 cum
3449 5689 3518 5744 ab
3551 5689 3644 5743 illo
3665 5701 3801 5746 sunt

2215 5791 2516 5845 honoriﬁce
2545 5788 2778 5859 accepti,
2814 5797 2926 5843 tum
2955 5798 3010 5841 et
3041 5785 3147 5855 ipsi
3181 5785 3430 5840 vicissim
3463 5781 3636 5837 multa
3667 5779 3800 5840 cum

2217 5883 2622 5960 significatione
2651 5883 2766 5940 veri
2793 5881 3022 5938 aﬂ‘eetus
3063 5878 3388 5954 ﬁduciteque
3421 5875 3609 5936 liberte
3633 5890 3803 5944 νομε-
