4094 6234
648 308 748 374 ll9

1873 325 2195 392 GEORGII
2237 334 2722 398 ΡᾹΕΗΥΜΕΒιΕ

3811 340 3914 406 120

641 429 702 479 θ’)
867 427 1090 526 gn?"
1140 431 1251 526 *1.“
1270 433 1470 502 μάχαις
1497 439 1799 511 εἰθισμένον
1830 444 2060 516 ἀνδρῶν,
2087 449 2216 502 ὑπο-
2246 460 2290 514 Α
2319 456 2686 526 ταδραμὸντες
2717 458 2814 511 σὺν
2846 458 3056 522 πολλοῖς
3087 454 3272 522 ἄλλοις
3306 460 3400 513 καὶ
3441 459 3604 514 τοῦτο
3630 459 3914 526 λαϐόντες.

639 519 867 572 πτευοὲν
893 520 971 582 είς
995 522 1319 593 αὐτομολίαν
1345 528 1421 590 ὡς
1454 532 1566 592 τοῖς
1589 531 1937 602 ἐξεληλακὸσι
1970 540 2062 592 καὶ
2085 539 2218 594 αὐτὸ

637 612 1133 682 προσπεσούμενον,
1161 621 1489 686 μετοικίζειν
1517 625 1604 676 ἐπ’
1630 628 1891 698 ἀνατολῆς
1917 630 2058 698 ἔγνω
2080 631 2219 686 κατὰ

635 707 734 774 τὴν
759 705 856 773 τῆς
883 707 1202 773 nutantes;
1231 713 1611 783 ἁντιπεραίαν,
1649 721 1787 792 πλὴν
1816 725 1907 777 καὶ
1933 726 2220 779 ταπεινοῦν

635 799 878 865 ζημίαις.
912 803 986 868 μή
1015 820 1131 865 πως
1161 805 1268 874 ἄρα
1291 810 1382 860 καὶ
1411 809 1805 882 ὑπερηφανοϊεν
1827 817 2017 888 πλήθει
2040 835 2100 871 τε
2128 820 2220 872 καὶ

633 890 857 956 δυνάμει
888 888 1236 961 θαρροῦντες.
1281 897 1388 950 Καὶ
1433 900 1586 953 ἔνθεν
1627 903 1727 970 μὲν
1778 904 2102 975 ἑζημιοῦντο
2150 908 2216 961 τὰ

638 979 889 1046 μέγιστα,
925 982 1080 1037 ἔνθεν
1123 985 1178 1038 δὲ
1217 990 1579 1060 μετῳκίζοντο
1612 995 1821 1050 ἅνοικτὶ
1846 1037 1861 1062 ,
1918 998 2015 1068 οὐχ
2055 994 2220 1072 ἦττον

635 1074 858 1142 ζημίας,
881 1075 1015 1130 ἀλλὰ
1045 1081 1140 1131 καὶ
1167 1080 1366 1149 μᾶλλον
1387 1085 1485 1154 τὴν
1511 1087 1829 1157 μετοίκησιν
1860 1088 2215 1162 λογιζόμενοι.

637 1163 760 1216 Ζὼα
813 1163 920 1234 γὰρ
977 1167 1158 1220 ἐκεῖνα
1197 1171 1288 1222 καὶ
1324 1173 1513 1240 κτῆσις
1563 1174 1648 1246 [Ρ.
1681 1173 1775 1247 08]
1825 1179 1976 1232 πᾶσα
2019 1179 2084 1232 τὰ
2120 1179 2221 1250 μὲν

637 1255 810 1306 εὖωνα
844 1256 1165 1327 προῠκειντο
1200 1265 1307 1324 τοῖς
1341 1265 1571 1330 πολλοῖς,
1606 1268 1672 1320 τὰ
1705 1269 1758 1322 δὲ
1797 1271 1890 1324 καὶ
1920 1272 2012 1325 τδν
2055 1274 2219 1326 τόπον

636 1346 935 1411 ἀλλάξαντα
954 1350 1129 1421 καιρῷ
1155 1355 1422 1421 χειμῶνος
1444 1355 1536 1409 καὶ
1559 1359 1678 1411 τότε
1697 1361 1975 1422 παντελῶς
1989 1362 2221 1431 διεφθεί-

641 1458 810 1505 ροντο.
851 1444 1052 1514 κτῆσις
1082 1445 1136 1498 δὲ
1169 1446 1372 1502 τούτων
1403 1451 1434 1520 ή
1473 1450 1572 1520 μὲν
1600 1451 1948 1523 διηρπάζετο,
1997 1457 2028 1525 ή
2065 1457 2120 1508 δέ
2153 1474 2216 1523 γε

637 1535 732 1586 καί
762 1537 1024 1604 περιοῦσα
1053 1541 1235 1602 κακῶς
1262 1542 1683 1612 παραπώλλυτο,
1713 1544 1855 1600 ὥστε
1891 1551 1966 1618 μὴ
1996 1549 2141 1612 οἴους
2169 1549 2217 1600 τ’

638 1622 775 1680 εἶναι
811 1629 1144 1700 ἐγχρονίζειν
1174 1635 1308 1698 ἐκεῖ,
1346 1635 1481 1690 ἀλλὰ
1508 1637 1601 1695 τοῦ
1632 1638 1802 1693 κακοῦ
1835 1641 2221 1712 παραδραμόν.-

637 1736 728 1782 τος
754 1719 948 1786 αὐτοὺς
969 1725 1063 1776 καὶ
1091 1721 1248 1789 αὖθις
1262 1727 1361 1797 τὴν
1385 1727 1519 1782 ίδίαν
1546 1730 1977 1801 ἀπολαμϐάνειν,
2005 1731 2218 1802 συχνῶν

639 1816 876 1880 χρυσίων
911 1815 1234 1883 καταϐολαῖς
1266 1819 1714 1890 ὲξωνησαμένους
1758 1823 1856 1895 τὴν
1911 1825 2216 1880 κατοικίαν.
2255 1820 2294 1875 Β
2325 1841 2536 1913 μαθὼν,

642 1905 774 1958 Ἱότε
803 1906 857 1959 δὲ
879 1907 1059 1970 δείσας
1088 1912 1181 1967 καὶ
1211 1913 1338 1982 περὶ
1383 1912 1460 1982 τῷ
1509 1913 1602 1967 τοῦ
1635 1913 1900 1985 βασιλέως
1933 1915 2143 1986 σώματι
2187 1919 2218 1970 ὁ

641 1999 878 2069 κρατῶν,
911 2000 986 2072 μὴ
1012 2000 1316 2069 ἐξελθόντες
1345 2005 1394 2059 οἱ
1429 2007 1631 2062 Σκύθαι
1661 2012 1754 2063 καὶ
1808 2010 1899 2066 τὸν
1931 2012 2094 2064 τόπον
2122 2027 2222 2064 και»

645 2189 939 2258 irrupturis
961 2192 1128 2267 (quod
1171 2194 1619 2266 exspectabatur)
1643 2196 1864 2270 Scythis
1893 2199 2036 2255 vires
2073 2199 2217 2255 haud

647 2284 894 2340 modicas
926 2285 1311 2359 adiungerent,
1353 2289 1406 2344 in
1443 2300 1626 2360 partes
1663 2307 1854 2348 eorum
1890 2293 2015 2348 vita:
2063 2294 2221 2350 simi-

649 2378 875 2433 litudine
893 2394 955 2434 ac
973 2379 1112 2436 forte
1135 2383 1362 2453 originis
1379 2389 1769 2443 communione
1791 2391 1950 2443 tracti
1976 2407 1991 2455 ;
2020 2391 2222 2460 quippe

646 2487 880 2539 quorum
899 2489 1009 2529 non
1038 2473 1196 2530 facile
1225 2479 1581 2533 numerabilis
1611 2482 1902 2537 multitudo
1927 2481 2221 2549 ferebatur,

643 2567 951 2637 juventntis
992 2570 1057 2626 ad
1105 2569 1355 2625 laborum
1397 2571 1718 2643 patientiam
1761 2575 1967 2632 duratae
2013 2580 2224 2630 incom-

653 2660 832 2717 modis
879 2663 1227 2719 educationis
1265 2665 1406 2722 baud
1451 2667 1660 2731 mollis,
1702 2669 1906 2739 quippe
1961 2670 2014 2725 in
2065 2670 2225 2734 locis,

650 2754 740 2808 ubi
777 2753 1012 2812 libenter
1043 2757 1268 2826 degunt,
1314 2762 1551 2829 asperis.
1600 2761 1709 2816 Nec
1740 2763 1970 2818 deerant
2017 2779 2149 2837 opes
2195 2777 2226 2819 e

647 2857 916 2916 proventu
943 2864 1170 2920 gregum
1216 2862 1267 2906 Cl
1296 2863 1703 2918 artnentoru'n,
1755 2870 1879 2926 quin
1917 2868 2223 2910 numerosa

649 2941 702 2995 iu
728 2939 864 2999 latis
899 2944 1122 3012 pascuis
1156 2944 1399 3000 aiebant.
1430 2945 1715 3002 Postremo
1739 2963 1840 3003 nec
1872 2947 2223 3004 inexercitati

648 3032 990 3090 habebantur
1025 3037 1361 3094 militaribus
1391 3037 1796 3106 functionihus,
1843 3055 2079 3109 quarum
2108 3055 2217 3094 non

649 3131 970 3190 rudimenta,
1033 3134 1214 3188 solum
1254 3147 1461 3202 ponere
1497 3133 1645 3189 soliti
1679 3143 1839 3190 erant
1883 3133 2223 3205 quotidianis

647 3225 940 3285 venatibus
985 3225 1252 3292 ferarum,
1281 3226 1378 3282 sed
1425 3227 1805 3298 experimenta
1839 3229 2008 3284 etiam
2058 3229 2223 3282 edere

648 3317 862 3376 crebris
890 3333 987 3375 nec
1019 3318 1333 3376 infelicibus
1366 3329 1559 3375 contra
1585 3321 1733 3376 viros
1770 3332 2013 3378 armatos
2041 3332 2225 3377 certa-

655 3410 916 3470 minibus.
945 3410 1084 3473 ﬂuic
1101 3413 1348 3484 periculo
1381 3414 1760 3483 praevertendo
1783 3413 1930 3470 iactu
1957 3415 2223 3485 optimum

649 3505 863 3573 putavit
919 3515 1137 3576 gentem
1177 3505 1338 3561 istam
1393 3521 1462 3562 ex
1509 3503 1752 3562 Occidua
1797 3508 2120 3562 continente
2171 3509 2262 3580 in,

647 3596 989 3657 Orientalcm
1021 3598 1344 3664 transferre,
1395 3599 1781 3671 collecareque
1817 3610 1970 3656 trans
2025 3601 2224 3655 fretum

651 3695 705 3747 in
741 3707 838 3746 ora
869 3690 1189 3763 Byzantina:
1232 3693 1465 3748 adversa
1490 3691 1724 3755 civitati,
1767 3693 1862 3749 sed
1907 3704 1962 3748 et
1999 3693 2228 3764 insuper

649 3795 951 3849 extenuare
976 3785 1168 3842 multis
1200 3795 1254 3842 et
1283 3786 1692 3844 extorsionibus
1725 3801 1856 3858 opes
1880 3789 2126 3852 illorum,
2160 3805 2229 3847 ne

652 3881 862 3936 conscii
891 3880 1090 3935 virium
1126 3879 1477 3950 pr0priarum
1511 3880 1598 3937 sui
1635 3895 1871 3938 numero
1903 3893 1957 3938 et
1993 3899 2230 3941 annonae

651 3974 811 4046 copia
873 3973 1243 4046 super-birent.
1306 3971 1626 4044 Utrumque
1683 3987 1911 4032 strenue
1969 3976 2223 4033 factum:

654 4072 783 4127 hinc
809 4070 954 4126 enim
991 4069 1245 4126 maximis
1275 4067 1452 4126 ail‘ecti
1491 4068 1709 4125 damnis
1737 4081 1868 4127 sunt
1903 4073 2228 4128 immanium

653 4163 853 4221 acerba
885 4163 1174 4218 exactione
1209 4163 1569 4227 tributorum,
1623 4174 1677 4218 et
1710 4165 2233 4222 immisericorditer

654 4259 834 4317 coacti
877 4257 1038 4312 sedes
1075 4267 1228 4314 trans
1269 4255 1682 4328 ilellespontum
1722 4258 1884 4312 ferre.
1933 4257 2089 4325 Quod
2124 4261 2233 4315 illis

654 4351 805 4408 omni
858 4350 1282 4418 contributionis
1334 4351 1535 4419 injuria
1597 4351 1883 4406 molestius
1937 4353 2170 4423 contigit
2213 4373 2227 4408 :

656 4461 782 4502 nam
852 4455 930 4526 et
999 4445 1290 4500 occasione
1363 4443 1887 4515 transmigrationis,
1970 4445 2236 4502 festinatae

2323 545 2390 617 ἣν
2426 550 2498 619 μή
2522 566 2606 612 τις
2640 550 2832 604 πολλοῦ
2863 551 3134 614 ὲξωνοῐτο,
3156 549 3234 613 ὡς
3263 551 3443 616 αὐτοῖς
3465 552 3607 618 δόξοι
3635 553 3918 625 βασιλικὸν

2325 640 2484 710 σῶμα
2515 641 2804 709 πωλοῦσιν,
2836 641 3134 713 αἰσχύνωσι
3166 643 3262 697 καὶ
3285 642 3655 714 λυμήνωνται.
3683 647 3910 718 πέμψας

2321 731 2421 803 τῆς
2453 733 2552 800 μὲν
2595 733 2724 804 περὶ
2763 737 2936 788 ἐκεῖνο
2973 734 3227 806 φυλακῆς
3281 735 3409 798 τοὺς
3451 736 3570 792 ἐκεῖ
3622 738 3784 804 ἀνίει,
3838 733 3926 795 ὧν.

2323 825 2541 891 πρῶτος
2565 821 2632 894 ἦν
2658 829 2684 881 ὁ
2710 826 2970 896 ἐκτομίας
2994 827 3379 899 Ἢονοπολίτης
3407 831 3501 882 καὶ
3524 829 3699 898 μέγας
3725 831 3920 901 δρουγο

2324 917 2536 986 γάριος,
2568 918 2627 984 ὃς
2659 920 2752 973 καὶ
2804 921 2898 973 τὸν
2930 921 3280 992 ἱερομὸναχον
3319 922 3642 996 Ἀθανᾴσιον
3673 927 3815 990 κατὰ
3845 926 3916 980 τὰ

2323 1011 2416 1063 τοῦ
2456 1011 2626 1064 Γάνου
2660 1011 2758 1084 ὅρη
2816 1011 3238 1084 ἐνδιατρίϐοντα,
3294 997 3561 1086 πρότερον
3589 1016 3668 1087 τῷ
3699 1033 3918 1088 noper-

2325 1107 2632 1176 ρογεννήτῳ
2659 1107 3009 1172 συσταθέντα,
3043 1109 3172 1179 παρ’
3204 1101 3265 1162 οὗ
3287 1127 3350 1178 γε
3372 1111 3469 1163 καὶ
3494 1109 3720 1164 πλεῖστα
3745 1113 3914 1182 εὺηρο

2323 1197 2538 1269 γὲτητο,
2562 1197 2638 1271 τῷ
2667 1199 2873 1270 βασιλεῖ
2903 1201 3147 1270 συνιστᾷ.
3177 1201 3323 1254 Τὸδέ
3353 1217 3415 1270 γε
3440 1202 3600 1267 σῶμα
3634 1204 3909 1271 προστάσσ

2325 1307 2406 1344 σει
2440 1291 2700 1359 φέροντας
2734 1293 2799 1362 τῇ
2831 1293 2971 1346 κατὰ
3013 1293 3322 1363 Σηλυϐρίαν
3351 1292 3446 1347 τοῦ
3482 1294 3737 1365 Σωτῆρος
3775 1299 3915 1366 μονῇ

2323 1382 2380 1433 ἐν
2420 1380 2569 1450 αὐτῷ
2601 1381 2677 1450 τῷ
2708 1381 2822 1451 ναῷ
2876 1383 3014 1453 αὐτῇ
3049 1383 3281 1453 λάρνακι
3318 1385 3659 1438 καταθεῖναι.
3710 1385 3823 1440 Καὶ
3855 1387 3918 1439 τὸ

2329 1472 2428 1542 μὲν
2449 1473 2619 1537 οὕτως
2653 1475 3021 1544 ἀνακομισθὲν
3042 1475 3134 1529 τοῦ
3151 1465 3622 1548 Βουλγαροκτόνου
3643 1477 3918 1549 βασιλέως

2325 1567 2611 1636 ἑτέρωθεν,
2648 1567 2707 1621 ὃν
2739 1571 2803 1621 ἐκ
2833 1569 2926 1623 τοῦ
2961 1570 3224 1642 Ἐὗδόμου
3258 1571 3719 1644 παρημελημένον
3749 1590 3920 1643 μεταο

2324 1661 2512 1729 γαγὼν
2551 1663 2758 1726 ἐκεῖνος
2806 1663 2984 1717 ἐκεῖσε
3024 1665 3190 1720 πάλαι
3225 1667 3506 1729 κατέθετο,
3564 1667 3774 1720 τίθεται
3820 1667 3922 1721 καὶ

2323 1752 2508 1814 αὐτός,
2554 1751 2613 1805 ’0
2645 1751 2828 1819 μέντοι
2857 1770 2919 1821 γε
2947 1754 3200 1824 βασιλεὺς
3231 1758 3297 1811 τὰ
3323 1757 3449 1827 περὶ
3473 1757 3564 1810 τοῦ
3597 1759 3921 1813 Ἀθανασίου

2571 1843 2671 1897 ὅσα
2692 1843 2755 1913 δὴ
2783 1846 2874 1896 καὶ
2894 1845 3066 1916 ,ἀρετῇ
3092 1849 3322 1919 χαίρων,
3344 1850 3440 1902 καὶ
3472 1849 3673 1921 μᾶλλον
3701 1852 3920 1905 πείθον-

2321 1949 2411 1996 τος
2441 1933 2534 1986 τοῦ
2571 1933 2786 2003 καιροῦ,
2821 1935 2917 2007 τὴν
2948 1937 3040 1990 τοῦ
3071 1938 3308 2006 μεγᾴιλου
3338 1941 3384 1991 oi
3411 1938 3777 2011 λογαριαστοῦ
3809 1935 3921 1995 τεα-

2321 2025 2478 2080 λαιὰν
2536 2025 2870 2097 προσνείμας
2921 2028 3089 2100 μονὴν
3147 2031 3278 2102 παρ’
3331 2032 3512 2103 ἐαυτῷ
3543 2027 3691 2102 εἶχεν
3727 2034 3920 2096 ὁσάκις

2327 2207 2457 2270 soli,
2514 2217 2672 2262 extra
2732 2207 2878 2278 quod
2929 2225 2987 2264 se
3037 2226 3276 2281 suasque
3323 2211 3561 2267 familias
3608 2214 3695 2268 vix
3758 2228 3920 2282 posse

2325 2303 2512 2358 vivere
2544 2303 2663 2371 ipsa
2694 2317 2788 2356 eos
2812 2305 3154 2372 experientia
3191 2305 3448 2362 docebat.
3512 2303 3630 2361 Sub
3664 2307 3807 2361 hanc
3867 2318 3918 2360 et

2323 2393 2430 2448 alia
2471 2410 2601 2449 cura
2651 2396 2878 2450 incessit
2911 2395 3316 2462 Andronicum,
3350 2407 3700 2468 reputantem
3736 2399 3790 2452 in
3841 2413 3906 2453 ea

2325 2489 2549 2557 regione
2589 2503 2754 2558 quam
2785 2505 2912 2544 mox
2945 2489 3266 2544 vastandam
3305 2489 3624 2544 incursione
3657 2490 3914 2560 Scythica

2325 2588 2505 2633 metus
2527 2588 2638 2634 erat
2679 2579 2912 2634 nimium
2945 2579 3304 2645 verisimilis,
3337 2580 3526 2650 jacere
3570 2593 3778 2649 corpus
3816 2576 3898 2633 Mi-

2324 2671 2532 2729 chaelis
2561 2674 2788 2743 Augusti
2827 2675 2998 2742 patris
3029 2673 3151 2741 sui;
3183 2675 3328 2744 quod
3365 2673 3663 2744 apparebat
3688 2687 3915 2744 rapaces

2326 2767 2588 2823 barbaros
2629 2782 2659 2820 a
2698 2768 2846 2822 inrito
2873 2765 3137 2834 facinore,
3165 2770 3310 2839 quod
3337 2777 3711 2838 quaestuosum
3751 2776 3912 2837 puta-

2328 2870 2475 2924 rent,
2510 2860 2895 2924 abhorrentes,
2926 2861 3232 2915 violaturos
3261 2868 3316 2915 et
3344 2869 3727 2929 asportaturos
3764 2859 3908 2919 inde,

2329 2962 2388 3007 ut
2413 2969 2479 3008 eo
2506 2953 2714 3008 scilicet
2749 2954 2972 3007 nomine
3000 2967 3028 3008 a
3068 2952 3310 3007 defuncti
3353 2951 3671 3007 memoriam
3721 2954 3908 3005 colen-

2329 3045 2476 3100 tibus
2513 3050 2773 3114 pcrunias
2805 3045 3204 3114 exprimerent.
3236 3045 3314 3100 Ex
3347 3061 3458 3115 quo
3489 3044 3718 3099 alterum
3764 3042 3902 3096 duo-

2329 3153 2451 3191 rum
2485 3138 2539 3192 in
2591 3153 2649 3192 se
2693 3138 3131 3192 redundaturum
3180 3146 3332 3193 esset
3374 3135 3814 3197 incommodum,
3844 3142 3904 3188 ut

2329 3242 2424 3285 aut
2483 3233 2760 3300 ingentem
2848 3234 3084 3294 superbo
3143 3231 3376 3286 arbitrio
3447 3230 3902 3285 avarissimorum

2328 3326 2604 3382 latronum
2641 3326 2932 3396 proﬂigare
2983 3326 3101 3380 auri
3164 3341 3456 3380 numerum
3509 3325 3733 3379 deberet
3769 3323 3916 3379 redi-

2331 3417 2529 3472 mendo
2562 3417 2741 3471 Patris
2771 3415 3010 3486 corpori,
3057 3425 3149 3471 aut
3185 3416 3418 3487 insignis
3450 3417 3555 3471 sibi
3600 3415 3745 3472 foret
3779 3415 3914 3471 sub-

2330 3515 2506 3566 eunda
2556 3508 2779 3563 infamia
2837 3508 3070 3579 neglecti
3129 3508 3290 3564 oflicii
3348 3520 3456 3563 tam
3503 3509 3600 3579 pii,
3663 3507 3913 3579 angustis

2335 3605 2582 3674 reliquiis
2607 3603 2910 3658 Christiani
2948 3602 3247 3673 principis,
3297 3604 3391 3676 qui
3426 3603 3529 3658 sibi
3580 3603 3704 3657 vitae
3749 3613 3914 3672 atque

2335 3699 2549 3766 imperii
2612 3705 2808 3751 auctor
2853 3696 3196 3760 exstitisset,
3247 3695 3302 3750 in
3352 3704 3628 3765 potestate
3671 3692 3920 3765 profanat

2333 3789 2627 3859 impieque
2701 3788 2974 3843 barbarici
3033 3790 3100 3844 ad
3158 3787 3457 3844 ludibrium
3508 3787 3927 3858 relinquendis.

2336 3883 2480 3939 Huic
2520 3897 2857 3938 occursurus
2888 3883 3056 3949 malo,
3091 3897 3232 3952 quos
3267 3881 3334 3936 ad
3367 3881 3541 3954 patris
3565 3880 3845 3936 tumulum
3871 3883 3926 3937 ei

2336 3975 2699 4032 custodiendo
2734 3974 3079 4044 praefecerat,
3109 3973 3177 4029 iis
3208 3984 3267 4028 ut
3321 3974 3559 4030 statione
3586 3973 3927 4030 decederent

2341 4067 2590 4123 indulsit.
2647 4065 2868 4122 Primus
2917 4075 3034 4121 erat
3092 4066 3289 4120 horum
3319 4065 3492 4133 spado
3537 4065 3924 4135 EonOpoiites,

2339 4176 2571 4234 magnus
2618 4160 2762 4215 idem
2813 4157 3181 4229 drungarius;
3233 4158 3326 4228 qui
3385 4167 3442 4212 et
3509 4157 3642 4213 inde
3701 4155 3927 4212 rediens

2339 4255 2832 4313 hieromonacbum
2877 4255 3241 4310 Athanasium
3285 4253 3436 4308 circa
3469 4251 3609 4310 Gani
3655 4265 3922 4307 montana

2339 4349 2795 4413 commorantem,
2832 4347 2910 4404 uti
2946 4348 3095 4418 prius
3129 4346 3601 4420 Porphyrogenito
3634 4361 3922 4403 commen-

2341 4445 2592 4508 daverat,
2623 4460 2651 4498 a
2683 4458 2793 4514 quo
2825 4442 3080 4497 maximis
3111 4451 3194 4497 est
3232 4441 3520 4496 beneficiis
3549 4438 3800 4506 affectus,
3839 4441 3928 4494 sic

656 4539 961 4611 praesertim
996 4537 1325 4609 urgentibus
1377 4537 1672 4606 implacide
1721 4537 2072 4603 satellitibus,
2120 4542 2235 4610 ple-
2269 4535 2315 4594 ι)
2342 4537 2660 4608 imperatori
2698 4551 2920 4608 quoque
2949 4532 3147 4590 obtulit
3175 4534 3230 4589 in
3263 4534 3498 4605 ejusque
3547 4535 3784 4605 gratiam
3830 4536 3926 4588 in-

658 4647 855 4702 rasque
905 4637 1352 4701 comparatarum
1387 4628 1547 4700 longa
1591 4643 1772 4696 mora,
1814 4631 1904 4685 ubi
1959 4631 2232 4700 vixerant,

656 4744 761 4781 non
810 4723 961 4797 parvi
1013 4725 1170 4805 pretii
1206 4739 1411 4805 rerum,
1461 4739 1600 4795 quas
1628 4729 2029 4792 Ltransportare
2084 4726 2232 4784 haud

655 4830 774 4881 erat
805 4820 986 4886 facile,
1036 4803 1234 4889 partim
1264 4818 1492 4890 perdere
1526 4818 1608 4876 vel
1645 4827 1838 4887 sponte
1868 4806 2236 4890 relinquendo

658 4917 736 4972 rei
765 4915 976 4986 rapinis
1017 4913 1431 4985 opportunitate
1462 4912 1736 4968 utentium
1775 4913 1989 4978 furum,
2032 4913 2231 4982 partim

655 5011 918 5071 damnose
975 5007 1134 5088 107
1185 5006 1420 5061 vendere
1449 5006 1634 5062 alieno
1668 5015 1935 5076 tempore,
1965 5005 2237 5062 vilissimo

656 5105 852 5172 pretio.
886 5102 1242 5172 cogebantur.
1274 5100 1582 5156 Accedebat
1611 5100 1756 5171 quod
1790 5102 1970 5170 rigore
2013 5100 2236 5165 hiemis,

658 5213 763 5267 una
792 5207 875 5252 est
897 5198 1011 5249 hare
1047 5204 1263 5268 peracta
1293 5195 1603 5261 translatio,
1628 5210 1880 5263 magnam
1903 5206 1955 5249 ct
1980 5197 2236 5251 miseram

659 5296 900 5356 stragem
957 5288 1041 5340 edi
1099 5286 1352 5358 contigit,
1389 5301 1513 5342 rum
1561 5287 1881 5350 hominum,
1912 5287 2238 5343 infirmioris

660 5382 962 5449 praesertim
1010 5382 1209 5449 aetatis,
1255 5390 1368 5434 tum
1423 5389 1622 5435 tenera:
1665 5381 1936 5451 pecudum
1991 5382 2236 5458 sobolis;

661 5476 806 5529 mnle
836 5476 1100 5529 damnum
1135 5474 1288 5543 iipsis
1335 5475 1729 5542 gravissimum
1777 5484 1861 5528 est
1897 5474 2144 5542 factum;
2177 5491 2241 5532 ac

661 5578 853 5624 neutro
885 5581 1085 5637 genere
1110 5581 1251 5621 novo
1280 5568 1420 5621 cmio
1457 5581 1780 5623 assoescere
1807 5569 2046 5634 valente,
2091 5584 2238 5623 mor-

661 5662 810 5721 tibus
855 5661 909 5714 in
956 5660 1077 5716 dies
1123 5660 1654 5725 increbescentibns,
1708 5662 2000 5719 consilium
2051 5679 2243 5720 neces-.-

661 5754 869 5818 5arium
895 5753 1179 5806 obtrusum
1217 5753 1467 5821 pluribus
1500 5768 1689 5806 eorum
1731 5754 2061 5810 redimendae
2089 5755 2243 5825 sigil-

665 5846 817 5912 laiint
872 5863 1065 5916 magna
1107 5849 1337 5917 pecuina
1402 5849 1677 5909 facultatis
1713 5851 1990 5928 repetendi
2046 5851 2242 5908 natalis

2340 4630 2604 4688 sinuavit.
2633 4628 2910 4684 Maudavit
2938 4637 3121 4682 autem
3150 4627 3231 4683 eis
3267 4637 3320 4681 ut
3352 4642 3540 4682 secum
3565 4626 3806 4681 ablatum
3841 4628 3934 4682 sui

2341 4725 2586 4799 parentis
2631 4723 2981 4794 imperatoris
3024 4722 3264 4778 cadaver
3302 4720 3611 4793 Selybriam
3660 4721 3937 4791 deportao.

2343 4830 2485 4885 rent,
2530 4818 2716 4888 ibique
2741 4817 2882 4887 apud
2919 4818 3318 4872 monasterium
3358 4814 3668 4872 Salvatoris
3700 4815 3753 4869 in
3791 4816 3930 4885 ejus

2345 4916 2549 4982 templo
2599 4913 2960 4981 deponerent,
3015 4919 3074 4965 ut
3118 4918 3262 4974 erat,
3307 4911 3422 4980 ipsa
3482 4908 3768 4966 conditura
3795 4924 3940 4964 arca

2341 5021 2464 5075 qua:
2497 5018 2692 5060 recens
2727 5013 3006 5060 mortuum
3039 5012 3353 5073 exceperat.
3376 5001 3469 5059 Sic
3500 5002 3764 5058 translata
3797 5018 3938 5057 ossa

2343 5097 2622 5155 Michaelis
2651 5098 2920 5154 collocata
2967 5107 3096 5152 sunt
3124 5113 3155 5153 e
3181 5099 3406 5169 regione
3437 5097 3676 5168 sepulcri
3729 5097 3944 5168 Bulga-

2347 5193 2559 5249 roctoni
2607 5191 2858 5263 Augusti,
2910 5193 3069 5262 cujus
3122 5193 3400 5263 neglectos
3458 5202 3511 5247 et
3559 5194 3948 5246 irreverenter

2350 5285 2512 5367 108
2560 5285 2780 5341 habitos
2807 5285 3023 5340 cineres
3052 5285 3180 5340 olim
3213 5285 3333 5356 ipse
3366 5283 3597 5342 Michael
3650 5299 3715 5338 ex
3777 5281 3950 5339 Heb-

2343 5379 2664 5438 domoilluc
2721 5373 3012 5436 transferri
3075 5378 3264 5449 ibique
3312 5377 3576 5432 tumulari
3611 5387 3950 5433 curaVerat.

2345 5471 2617 5530 Caeterum
2647 5471 2852 5527 auditis
2880 5471 3225 5526 Andronicus
3244 5472 3546 5541 imperator
3578 5486 3702 5542 quae
3731 5470 3950 5538 multa,

2348 5568 2611 5638 pleraque
2641 5568 2708 5621 de
2739 5567 2997 5623 monachi
3036 5567 3323 5629 Athanasii
3365 5566 3646 5631 laudibus,
3677 5563 3952 5636 Eonopo-

2349 5661 2445 5715 lita
2474 5661 2822 5727 memoravit,
2853 5677 2963 5732 qua
2990 5673 3184 5732 captus
3217 5661 3588 5716 admiratione
3614 5667 3786 5714 tanta:
3821 5661 3925 5715 vir

2347 5755 2504 5814 tutis.
2543 5770 2648 5824 qua
2677 5755 2780 5809 sibi
2824 5756 2989 5810 talem
3044 5757 3227 5812 virum
3261 5757 3316 5811 in
3373 5747 3474 5812 his.
3517 5755 3951 5812 dissensionum

2353 5851 2611 5909 Ecclesia:
2671 5851 2927 5921 procellis
2967 5866 3074 5908 non
3135 5851 3386 5908 inutilem
3451 5852 3567 5906 fore
3609 5860 3952 5917 autumans,
