4086 6236
424 402 525 466 l~23

1662 409 1990 472 GEORGII
2029 411 2517 479 PACHYMERIE

3577 406 3678 473 ιει

408 525 546 594 rrpr
577 525 821 598 Μαρῖνον
863 525 1182 597 παρίστησι,
1238 530 1300 581 τὸ
1355 529 1486 598 γοῦν
1533 528 1776 582 τοιοῦτον
1827 529 1991 613 ρητδν
2016 527 2070 591 Α
2094 529 2225 584 Υίοῦ
2249 532 2306 586 δὲ
2323 533 2384 585 οὐ
2401 532 2657 604 λέγομεν,
2683 550 2703 585 ι
2724 532 2830 606 ὃδὴ
2847 530 3276 602 συνεξαιρετσθαι
3297 531 3372 601 τῷ
3393 530 3678 599 κεφαλαίῳ

408 619 909 692 ἀντιπεριχώρησιν
959 623 1086 684 τοὺς
1133 621 1448 691 προθέσεων
1496 621 1662 693 φέρον
1716 621 1827 677 οὐδ’
1853 623 1994 687 ὅλως

406 712 669 782 ἐδέχοντο,
695 711 771 774 ὡς
796 710 869 784 μὴ
895 711 995 782 τῆς
1025 713 1315 784 ἐπιστολῆς
1334 713 1391 781 ἐξ
1413 712 1709 786 ὁλοκλήρου
1742 715 1994 786 εὑρισκο-

409 804 578 874 μένης
604 803 913 875 ὲνθβίϐλοις,
939 806 1072 858 ἀλλά
1101 823 1152 860 τι
1173 805 1339 875 μέρος
1368 807 1734 878 ἐκείνης’περὶ
1764 807 1872 860 τῶν
1899 808 1993 861 δύο

406 894 720 963 κεφαλαίων
749 897 1227 967 διαλαμϐάνονέιβ
1257 895 1338 962 οἷς
1361 900 1410 952 oi
1449 899 1549 971 τῆς
1581 897 1848 970 ἀνατολῆς
1877 897 1990 953 τῶν

404 987 635 1042 δυτικῶν
677 987 1022 1050 ἐπελάϐοντο,
1073 991 1194 1056 ὲνδς
1247 992 1343 1061 μὲν
1375 995 1472 1045 καὶ
1531 991 1752 1063 πρώτου
1785 990 1879 1046 τοῦ
1915 993 1990 1064 μὴ

405 1081 506 1150 τὴν
540 1082 865 1154 ἁμαρτωλὸν
901 1084 1080 1156 σάρκα
1118 1084 1412 1140 ἀναλαϐεῖν
1470 1084 1559 1158 [Ρ.
1609 1085 1709 1158 74]
1760 1088 1851 1141 τὸν
1895 1087 1990 1141 τοῦ

406 1174 544 1228 Θεοῦ
573 1177 745 1244 Λόγον
768 1195 827 1232 τε
851 1179 944 1232 καὶ
972 1178 1122 1241 Υἱδν,
1150 1179 1286 1233 ἀλλά
1324 1180 1422 1250 τὴν
1443 1182 1550 1251 πρὸ
1575 1180 1678 1251 τῆς
1702 1181 1990 1250 παρακοῆς

405 1268 500 1322 τοῦ
549 1269 725 1340 Ἀδὰμ
776 1271 1183 1342 ἀναμάρτητον,
1215 1271 1470 1344 δευτέρου
1505 1273 1564 1327 δέ
1613 1290 1675 1341 γε
1705 1273 1781 1336 ὡς
1810 1275 1990 1327 αίτίαν

405 1360 484 1431 τῷ
516 1363 814 1433 Μονογενεϊ
846 1366 1274 1437 προσαπτόντων
1302 1365 1396 1419 ἐπὶ
1423 1368 1488 1438 τῇ
1523 1365 1851 1433 ὲκπορεύσει
1892 1364 1988 1420 τοῦ

409 1455 546 1510 ἰῐνεύ
557 1474 724 1527 ματος
742 1477 756 1490 ο
791 1451 867 1514 ὧν
901 1459 1086 1529 τὸνμὲν
1109 1458 1166 1513 ἓν
1194 1462 1286 1513 καὶ
1310 1459 1531 1529 πρῶτον
1556 1458 1791 1524 συνόλως
1815 1459 1987 1530 ἠρνή-

409 1567 590 1608 σαντο.
626 1551 685 1604 τὸ
717 1551 776 1604 δέ
806 1568 868 1618 γε
910 1552 1182 1622 δεύτερον,
1217 1551 1376 1608 τοῦτο
1413 1552 1476 1623 δὴ
1509 1550 1570 1604 τὸ
1598 1552 1986 1621 προκείμενον,

408 1643 770 1712 ἐθεράπευον,
801 1644 876 1708 ὼς
912 1647 961 1699 εί
993 1647 1087 1699 καὶ
1131 1644 1339 1713 λέγοιεν
1370 1647 1432 1699 ὲκ
1472 1644 1690 1716 Πατρδς
1731 1647 1826 1698 καὶ
1857 1643 1988 1698 Υίοῦ

405 1736 465 1790 τὸ
497 1735 854 1805 Πνεῦμα,ούκ
887 1737 1061 1790 αἴτιον
1097 1738 1312 1799 πάντως
1346 1735 1604 1808 φρονοῦσι
1629 1735 1718 1789 τὸν
1742 1736 1987 1804 Μονογεο

406 1829 494 1897 νῆ,
529 1827 642 1882 ἀλλ’
682 1829 768 1883 ἴνα
792 1829 854 1882 τὸ
885 1829 1120 1900 συναφὲς
1148 1830 1242 1882 καὶ
1285 1815 1726 1897 ἀπαράλλακτον
1760 1829 1862 1897 τῆς
1897 1826 1988 1879 ού-

2096 619 2192 675 καλ⁵
2217 621 2404 694 σφόδρ’
2429 623 2764 680 ἐκινδύνευε.
2812 623 2912 676 Διὰ
2964 622 3124 676 τοῦτο
3155 621 3253 675 καὶ
3297 620 3581 691 δεχόμενοι
3617 619 3677 672 τὸ

2095 713 2392 782 κεφάλαιον
2421 715 2514 769 καὶ
2546 715 2621 779 ὠς
2643 717 2798 786 ἁγίου
2825 714 2920 786 τὴν
2944 713 3088 782 λέξιν
3128 714 3347 784 ἔχοντες
3384 712 3483 783 τὴν
3510 711 3677 783 θεραφ

2097 807 2259 860 πείαν
2300 807 2527 879 ἐζήτουν
2549 809 2692 863 κατὰ
2721 811 2781 864 τὺ
2807 808 2967 879 ὀρθὸν
3018 807 3114 862 τοῦ
3145 807 3439 876 δόγματος,
3465 807 3557 858 καὶ
3589 805 3681 858 τά·

2099 917 2199 969 μον
2225 900 2462 969 γράφειν
2488 902 2720 974 ᾑροῦντο
2743 902 2839 956 καὶ
2866 902 3231 972 λογογραφεῖν
3252 903 3352 970 τὴν
3373 898 3681 954 εὐσέϐειανέ

2096 991 2252 1061 Σοφῷ
2280 992 2410 1060 γοῦν
2437 993 2685 1047 δοκοῦντι
2713 993 2792 1064 τῷ
2843 995 3182 1066 πατριάρχῃ,
3219 993 3312 1046 καὶ
3369 991 3510 1060 ὑπὲρ
3547 991 3684 1044 πολ-

2095 1080 2223 1145 λοὺς
2247 1085 2366 1144 ταῖς
2394 1083 2678 1153 ἀληθείαις
2703 1084 2839 1146 ὄντι,
2873 1082 2973 1154 τὴν
2996 1084 3089 1137 τοῦ
3122 1083 3290 1156 τόμου
3314 1081 3535 1153 γραφὴν
3553 1079 3683 1136 ἑπέ-

2092 1189 2295 1244 τρεπον
2329 1175 2533 1246 στήλην
2571 1175 2668 1231 καὶ
2717 1176 3002 1237 εὐσεϐείας
3031 1174 3253 1231 ἔσεσθαι
3308 1175 3680 1247 νομιζομένην

2095 1265 2190 1317 καὶ
2213 1268 2310 1335 τῆς
2333 1266 2441 1321 τῶν
2465 1269 2949 1339 παρεγκλινάντων
2989 1267 3152 1338 δῆθεν
3181 1269 3380 1330 κακίας
3412 1271 3525 1330 τοις
3555 1266 3680 1335 ὀψι-

2095 1353 2293 1422 γόνοις.
2328 1356 2439 1409 Καὶ
2468 1357 2531 1428 δὴ
2561 1358 2661 1428 τὴν
2696 1359 2894 1428 πρᾶξιν
2927 1358 3169 1421 ὑποστὰς
3197 1360 3226 1413 ὀ
3257 1357 3683 1431 πατριαρχεύων

2093 1450 2345 1517 γενναῖον
2372 1452 2538 1520 τόμον
2570 1453 2875 1524 συντίθησι,
2921 1451 3160 1506 τοσοῖσδε
3200 1451 3519 1520 κεφαλαίοις
3562 1451 3683 1520 ἅμα

2099 1539 2197 1610 μὲν
2221 1541 2624 1612 ἐπειλημμένος
2651 1545 2758 1596 τῶν
2778 1543 3068 1612 λεγόντων.
3097 1545 3212 1614 ἅμα
3243 1544 3297 1596 δὲ
3332 1545 3425 1597 καὶ
3454 1543 3682 1606 τούτους

2093 1631 2267 1697 οὓτως
2291 1634 2514 1705 ἔχοντας
2535 1635 3000 1708 ἀποϐαλλόμενος.
3019 1637 3221 1690 Τοῦτον
3241 1634 3328 1690 ἐπ’
3349 1633 3683 1706 Ἐκκλησίας

2095 1727 2359 1798 πρότερον
2399 1727 2788 1795 ἀνεγίνωσκον,
2835 1731 2930 1784 καὶ
2979 1729 3066 1783 ἐπ’
3097 1729 3418 1800 ὁκρίϐαντος
3473 1727 3686 1790 ἀναϐάς

2092 1836 2177 1883 τις
2205 1819 2324 1872 καθ’
2355 1819 2587 1873 ἕκαστόν
2613 1838 2671 1872 τε
2703 1821 2999 1888 κεφάλαιον
3048 1821 3148 1892 τὴν
3182 1820 3455 1887 ἀποϐολὴν
3487 1819 3686 1890 ἐδήλου

408 1923 528 1986 σίας
560 1921 977 1990 παραστήσωσι.
1011 1921 1121 1994 Τὴν
1152 1921 1282 1989 γοῦν
1332 1918 1593 1990 τοιαύτην
1625 1917 1988 1987 ἀντιπεριχώ·
2017 1910 2063 1971 Β
2093 1911 2494 1982 μεγαλοφώνως
2538 1914 2656 1966 κατ’
2705 1914 2875 1982 ὄνομα
2924 1915 3032 1968 τῶν
3079 1913 3222 1967 οὕτω
3272 1913 3540 1980 λεγόντων
3589 1913 3688 1972 καλ

408 2030 566 2084 ρησιν
591 2015 690 2083 τῆς
723 2014 1058 2084 προθέσεως.
1094 2016 1216 2068 ἐπεὶ
1243 2015 1344 2068 οὒκ
1374 2012 1684 2084 ὲνεκρίνετο
1715 2012 1830 2075 τοῖς
1853 2026 1991 2080 γνη-

408 2106 544 2169 σίοις
573 2106 666 2159 τοῦ
718 2107 863 2162 θείου
898 2108 1152 2177 Μαξίμου
1195 2105 1257 2160 τὸ
1303 2105 1408 2179 τῆς
1445 2105 1742 2176 ἐπιστολῆς
1778 2105 1994 2174 ἐκείνης

405 2200 686 2270 τεμάχιον,
743 2199 1122 2268 ἀπαράδεκτον
1188 2196 1434 2265 ἔγνωσαν
1485 2196 1654 2268 ἔχειν.
1721 2197 1887 2267 Μόνῳ
1945 2194 1993 2248 δ’

2093 2004 2445 2070 δοξαζόντων.
2473 2006 2766 2074 μετέπειτα
2799 2006 2855 2059 δὲ
2887 2007 3043 2070 αὐτὸς
3089 2005 3346 2075 βασιλεὺς
3377 2005 3465 2058 διὰ
3499 2021 3686 2062 κιννα-

2096 2097 2312 2167 ϐάρεως
2340 2096 2757 2167 καθυπέγραφε,
2795 2093 2914 2151 εἶτα
2946 2097 3003 2151 δὲ
3043 2095 3392 2168 πατριάρχης
3425 2097 3522 2149 καὶ
3554 2097 3684 2163 ἐφε-

2094 2185 2194 2255 ξῆς
2220 2188 2272 2239 oi
2305 2187 2602 2258 ἀρχιερεῖς.
2627 2187 2750 2242 Ἐπὶ
2775 2187 2834 2243 δὲ
2865 2189 2992 2250 τοὺς
3015 2189 3116 2259 τῆς
3147 2187 3473 2258 Ἐκκλησίας
3505 2185 3694 2240 ἐλθόν-η

409 2290 651 2361 ιχρῶντο
679 2290 757 2343 τῶ
789 2288 884 2343 τοῦ
951 2286 1311 2359 Δαμασλόθιν
1341 2288 1578 2360 Πατρδς,
1609 2287 1686 2359 τῷ
1725 2306 1746 2341 ι
1778 2288 1875 2342 Ἐκ
1901 2286 1993 2342 τοῦ
2021 2313 2028 2319 -
2091 2294 2207 2344 τες,
2234 2280 2360 2332 ἐπεὶ
2392 2281 2680 2344 κάκείνους
2707 2279 3180 2351 ὑποσημαίνεσθαι
3210 2285 3303 2334 τὸν
3329 2281 3494 2352 τόμον
3513 2277 3691 2352 ἠϐού-

411 2465 564 2521 ribus
598 2481 824 2536 operum
853 2467 1031 2523 sancti
1068 2465 1324 2536 Maximi,
1359 2468 1454 2523 sed
1484 2475 1694 2533 partem
1727 2465 1994 2522 duntaxat

411 2558 826 2637 ejusaliquam
874 2563 983 2618 duo
1023 2559 1349 2616 Latinorum
1387 2575 1418 2614 a
1475 2558 1686 2615 Graecis
1734 2567 1994 2616 accusata

407 2652 646 2732 capitula
678 2665 1098 2710 memorantem.
1123 2653 1367 2722 Quorum
1399 2654 1554 2724 prius
1583 2653 1688 2709 hoc
1705 2661 1846 2716 erat,
1882 2667 1992 2708 non

408 2747 773 2819 peccatricem
805 2763 1029 2805 carnem
1057 2759 1397 2820 assumptam
1433 2749 1606 2804 fuisse
1632 2763 1663 2803 a
1695 2747 1791 2804 Dei
1810 2745 1994 2804 Verbo

405 2847 461 2894 et
511 2836 552 2891 F
559 2827 681 2902 ilio,
723 2839 818 2894 sed
869 2854 990 2893 eam
1044 2854 1167 2911 qua:
1213 2850 1360 2895 esset
1394 2838 1601 2910 peccati
1642 2853 1839 2910 expers
1871 2847 1997 2894 ante

372 2966 378 2974 ι
407 2932 835 2988 inobedientiam
865 2933 1062 2989 Adami
1103 2952 1118 3000 ;
1148 2934 1379 2988 alterum
1415 2943 1621 3001 autem,
1650 2947 1762 3004 quo
1789 2934 1998 2991 tribue-

406 3024 570 3077 batur
593 3022 885 3095 Unigenito
909 3023 1048 3079 ratio
1078 3039 1257 3080 causa:
1281 3024 1333 3080 in
1359 3025 1713 3094 processione
1727 3023 1993 3096 Spiritus.

405 3116 484 3171 Ac
510 3117 746 3185 primum
793 3117 1017 3188 quidem
1072 3117 1210 3172 illud
1266 3119 1496 3173 omnino
1542 3120 1833 3190 negabant.
1893 3122 1997 3177 Se-

407 3209 654 3264 cundum
711 3225 842 3266 vero
893 3210 1244 3281 expositione
1298 3213 1675 3283 temperabant
1737 3214 1790 3270 in
1849 3217 1996 3271 hunc

408 3303 631 3357 modum
663 3319 678 3356 :
717 3303 830 3357 Etsi
867 3304 1116 3359 dicerent
1142 3319 1210 3359 ex
1251 3304 1411 3359 Patre
1447 3303 1698 3381 Filioque
1727 3307 1994 3379 Spiritum

406 3395 723 3461 procedere,
743 3410 850 3452 non
882 3407 1062 3452 tamen
1099 3397 1265 3466 hujus
1290 3412 1516 3453 causam
1549 3415 1847 3468 agnoscere
1870 3401 2002 3458 Uni-

409 3486 684 3555 genitum,
713 3486 808 3541 sed
839 3486 912 3541 ita
944 3487 1093 3557 loqui
1134 3497 1194 3543 ut
1239 3488 1634 3545 cohaerentiam
1669 3491 1920 3548 intimam
1946 3503 2001 3549 et

409 3580 918 3636 immutabilitatem
951 3583 1209 3638 essentia:
1235 3583 1609 3642 adstruerent.
1642 3585 1798 3654 Quod
1833 3588 2000 3652 verba

412 3688 579 3743 porro
629 3675 888 3729 attineret
921 3676 1015 3729 illa
1061 3676 1266 3747 quibus
1301 3676 1682 3734 afﬁrmabatur
1733 3680 2000 3752 aquipol-

408 3765 577 3820 lentia
609 3780 659 3820 et
680 3769 1009 3838 synonymia
1049 3771 1459 3839 praepositionis
1484 3785 1549 3825 ex
1575 3787 1701 3826 cum
1731 3789 1846 3842 per,
1866 3789 2002 3844 quo-

410 3862 558 3915 niam
599 3864 970 3932 fragmentum
1010 3865 1278 3934 epistolae,
1316 3865 1369 3918 in
1395 3880 1505 3935 quo
1531 3865 1622 3920 illa
1651 3866 2000 3940 legebantur,

412 3969 520 4008 non
586 3956 985 4010 accensebatur
1030 3957 1286 4027 legitimis
1334 3958 1555 4028 scriptis
1610 3959 1761 4014 illius
1820 3959 2002 4014 sancti

414 4048 684 4112 doctoris,
717 4049 810 4104 sed
843 4051 1093 4118 spurium
1119 4060 1172 4106 et
1203 4051 1444 4107 afﬁctum
1471 4052 1794 4122 putabatur,
1817 4053 2007 4110 decre-

416 4152 615 4197 verunt
663 4145 985 4213 neutiquam
1022 4144 1238 4198 admitti
1274 4154 1529 4214 oportere
1560 4155 1615 4200 et
1647 4160 1750 4214 pro
1780 4145 2004 4203 indictis

411 4236 686 4294 habenda.
727 4236 857 4292 Solo
893 4237 1194 4293 utebantur
1242 4238 1571 4294 Damasceui
1623 4237 1805 4294 Patris
1839 4238 2004 4293 eﬂ‘ato

413 4331 528 4398 illo,
577 4347 610 4402 η
653 4354 685 4386 ι,
746 4333 790 4388 is
841 4332 1076 4403 negabat
1109 4348 1168 4390 se
1209 4333 1392 4391 dicere
1441 4333 1707 4404 Spiritum
1745 4350 1810 4389 ex
1840 4331 2004 4388 Filio.

416 4430 548 4496 Qum
600 4437 763 4484 verba
817 4431 922 4486 sibi
974 4431 1239 4496 faventia,
1289 4432 1416 4502 quia
1458 4429 1718 4485 videbant
1759 4427 2003 4498 capitulo

414 4526 606 4579 eodem
661 4526 932 4581 contineri
981 4541 1088 4596 quo
1119 4526 1223 4580 alia
1267 4526 1359 4581 illa
1401 4540 1431 4579 a
1468 4523 1647 4581 Veceo
1674 4523 1903 4594 iactata,
1939 4536 2004 4576 ac

2097 2458 2379 2532 sigillatim
2416 2463 2817 2532 expendentem
2848 2462 3030 2532 capita
3061 2469 3333 2519 motarum
3365 2471 3691 2519 controver-

2095 2557 2340 2624 siarum;
2388 2558 2442 2611 in
2495 2573 2607 2627 quo
2655 2558 2799 2614 baud
2853 2558 3095 2613 inolliter
3132 2557 3397 2628 carpebat
3431 2559 3691 2613 adversa-

2071 2649 2243 2718 ,rios,
2276 2659 2330 2706 et
2365 2649 2572 2708 diserte
2613 2652 2942 2722 reprobabat
2985 2651 3393 2723 abjiciebatque
3433 2661 3492 2706 ut
3536 2667 3691 2708 sane

2097 2742 2366 2800 doctrinm
2419 2747 2703 2802 contraria
2743 2754 2953 2803 asserta
3011 2745 3282 2816 ipsorum.
3324 2745 3692 2816 Conscriptus

2097 2838 2145 2895 is
2179 2847 2363 2894 tomus
2396 2841 2551 2910 prius
2605 2840 2658 2896 in
2715 2840 2949 2896 ecclesia
3023 2841 3201 2898 lectus
3230 2841 3334 2898 boc
3376 2840 3540 2897 modo
3579 2853 3689 2898 est.

2096 2931 2489 2990 Conscendens
2538 2935 2664 3004 quis
2718 2934 2773 2990 in
2825 2935 3119 3006 pulpitum,
3174 2935 3303 2991 inde
3352 2950 3692 3007 unoquoque

2097 3025 2342 3094 oapitnlo
2378 3023 2772 3097 recitato,'ejus
2799 3028 3068 3082 continuo
3120 3027 3532 3082 damnationem
3563 3042 3691 3095 pros

2100 3118 2391 3174 nuntiabat
2444 3134 2577 3174 voce
2636 3120 2744 3174 late
2794 3135 3016 3188 sonora,
3050 3122 3332 3190 expressis
3363 3121 3685 3176 nominibus

2100 3225 2288 3265 eorum
2319 3225 2462 3280 quos
2515 3210 2598 3266 sic
2640 3211 2787 3280 loqui
2825 3222 2876 3267 et
2911 3213 3120 3268 sentire
3151 3213 3358 3268 aiebat.
3404 3211 3538 3269 Post
3569 3212 3690 3268 hac

2105 3306 2220 3376 ipse
2253 3307 2554 3378 imperator
2585 3307 2807 3364 rubrica
2833 3308 3186 3378 subscripsit,
3223 3308 3418 3364 deinde
3449 3309 3688 3379 patriar-

2102 3399 2231 3466 cha,
2261 3407 2375 3453 tum
2405 3399 2601 3464 ordine
2632 3401 2915 3471 praesules.
2943 3398 3024 3455 Ad
3059 3402 3268 3457 clerum
3301 3400 3536 3457 subinde
3559 3415 3690 3457 ven~

2104 3503 2220 3550 tum
2255 3513 2269 3550 :
2311 3512 2438 3552 nam
2465 3496 3056 3555 etecclcsiasticorum
3095 3497 3323 3554 secundi
3366 3496 3575 3554 ordinis
3594 3497 3698 3552 οτη-

2105 3588 2244 3644 mari
2272 3589 2776 3660 subscriptionibus
2807 3599 3020 3646 tomum
3048 3592 3334 3657 volebant,
3371 3590 3482 3648 imo
3511 3590 3581 3646 ab
3603 3589 3694 3646 his

2103 3683 2378 3754 praecipue
2406 3684 2706 3756 cupiebant
2726 3684 3044 3756 approbari,
3075 3687 3341 3756 quoniam
3379 3701 3486 3740 non
3519 3699 3687 3749 vana,

2109 3774 2188 3828 uti
2212 3773 2458 3842 aiebant,
2483 3775 2730 3846 suspicio
2773 3776 3106 3832 eratborum
3148 3792 3262 3832 non
3295 3792 3502 3848 paucos
3531 3791 3560 3832 a
3585 3776 3688 3832 do-

2103 3868 2280 3923 ctrina
2317 3876 2468 3923 tomo
2524 3869 2774 3938 exposita
2822 3871 3143 3926 abhorrere.
3189 3868 3687 3944 Quocirca'expri-

2105 3958 2364 4016 mendum
2394 3960 2462 4016 ab
2493 3961 2580 4017 bis
2615 3963 3007 4018 existimabant
3032 3973 3246 4020 mature
3275 3979 3605 4021 consensum
3632 3961 3687 4019 in

2105 4053 2326 4110 decreta
2354 4057 2633 4110 communi
2665 4056 2876 4111 calculo
2908 4058 3242 4113 antistitum.
3280 4058 3350 4112 At
3388 4074 3498 4114 non
3527 4057 3688 4119 facile

2106 4148 2160 4204 id
2207 4147 2486 4220 negotium
2543 4165 2646 4203 usu
2683 4149 3087 4219 deprehensum
3129 4161 3214 4209 est
3241 4169 3260 4208 τ
3291 4165 3490 4226 prater
3537 4154 3689 4210 enim

2105 4256 2336 4313 paucos,
2387 4258 2527 4316 quos
2577 4253 2632 4301 et
2681 4247 3035 4302 observatum
3066 4256 3240 4304 estex
3273 4249 3343 4304 iis
3389 4249 3561 4305 fuisse
3591 4250 3689 4319 qui

2106 4334 2476 4392 secessionem
2525 4339 2678 4406 prius
2712 4337 2982 4405 fecerant,
3019 4356 3212 4397 omnes
3269 4342 3449 4397 caeteri
3500 4342 3692 4399 clerici

2108 4430 2282 4498 prima
2312 4431 2496 4484 statim
2528 4431 2970 4500 interpellatione
2999 4434 3064 4486 de
3095 4435 3498 4490 subscribendo
3529 4435 3691 4506 plane

2108 4523 2468 4578 ostenderunt
2497 4538 2555 4578 se
2586 4524 2961 4580 inllexibiliter
3008 4526 3332 4582 obﬁrmatos
3378 4528 3443 4583 ad
3489 4544 3690 4601 negan-

414 4629 816 4686 consequenter
880 4617 1182 4687 periclitari
1237 4631 1305 4672 ne
1350 4617 1652 4688 rejicienda
1707 4623 1895 4671 essent
1946 4624 2082 4710 utD
2109 4617 2233 4670 dam
2276 4615 2391 4671 sive
2424 4617 2893 4687 subscriptionem
2930 4619 3046 4673 sive
3091 4619 3253 4674 aliam
3307 4621 3560 4690 quamvis
3586 4638 3689 4678 no-

413 4712 623 4779 Spttria,
661 4712 704 4765 si
755 4711 1060 4780 capitulum
1116 4711 1275 4776 illudi
1313 4711 1731 4780 reprobaretur.
1765 4708 1904 4762 illud
1939 4722 1999 4763 se

414 4805 658 4873 recipere
692 4806 950 4860 dixerunt
983 4821 1044 4860 ac
1077 4819 1174 4872 pro
1206 4819 1338 4860 vero
1366 4804 1543 4859 sancti
1580 4801 1762 4858 Patris
1793 4799 2000 4869 scripto

417 4898 691 4965 venerari,
716 4909 970 4952 caeterum
1015 4897 1419 4966 expositionem
1453 4911 1706 4966 quaerere
1736 4911 1844 4966 qua
1876 4893 2002 4948 reli-

381 4984 384 4988 ’
415 5011 522 5064 qua
556 4995 643 5049 illa
678 4996 900 5050 duriora
931 4996 1212 5050 mollirent
1241 5005 1296 5049 et
1317 4993 1384 5048 ad
1415 5008 1638 5050 sensum
1668 4993 1999 5048 catholicum

416 5091 550 5145 recti
587 5091 861 5160 dogmatis
913 5091 1258 5159 adaptarent.
1297 5088 1477 5156 Quam
1519 5089 1574 5142 in
1625 5103 1740 5142 rem
1795 5087 2004 5142 consti-

418 5195 639 5240 tuerunt
680 5195 888 5238 tomum
923 5185 1168 5239 scribere
1203 5199 1267 5238 ac
1307 5183 1620 5238 doctrinam
1655 5196 1870 5237 sacram
1919 5179 2004 5234 fu-

413 5277 531 5332 sius
564 5278 717 5347 ιιι
753 5276 1315 5348 explicare.,Erudito
1349 5277 1517 5346 igitur
1547 5275 1865 5330 existimato
1901 5290 2001 5342 pa-

420 5371 675 5425 triarcha:
745 5371 821 5436 (et
877 5384 1066 5424 revera
1139 5369 1228 5424 ille
1259 5369 1512 5424 doctrina
1578 5383 1742 5437 supra
1797 5368 2002 5421 multos

417 5445 745 5535 excellebat)
791 5466 1144 5534 scriptionem
1198 5465 1328 5519 tomi
1377 5462 1804 5526 demandarunt,
1837 5475 2000 5530 quam

417 5574 658 5628 perenne
693 5559 836 5628 apud
857 5569 1106 5630 posteros
1135 5570 1554 5613 monumentum
1590 5556 1704 5611 fore
1736 5556 2004 5625 putabant

417 5664 472 5710 et
518 5654 798 5723 religionis
837 5654 1080 5724 ipsorum
1134 5653 1190 5710 in
1242 5652 1571 5708 rectitudine
1616 5651 1890 5721 dogmatis
1923 5659 2001 5705 te-

421 5749 600 5804 nenda
630 5758 682 5802 et
711 5751 919 5827 erroris
953 5751 1424 5816 adversariorum,
1457 5747 1550 5817 qui
1584 5745 1792 5801 scilicet
1819 5759 1846 5798 a
1875 5743 2002 5797 ﬁdei

421 5843 610 5913 regula
638 5842 1034 5917 declinassent.
1064 5843 1320 5898 Admissa
1359 5850 1723 5910 susceptaque
1767 5839 2005 5910 patriar-

418 5936 522 5993 cha
552 5938 855 6009 provincia,
892 5949 1102 5997 tomum
1146 5937 1388 5997 validum
1438 5934 1774 6006 ttmposuit,
1806 5941 1885 5989 tot
1910 5931 2005 5994 illa

2106 4723 2229 4764 vam
2253 4709 2679 4764 declarationem
2707 4725 2818 4764 suae
2850 4712 2916 4766 de
2948 4711 3034 4767 his
3067 4715 3376 4769 sententiis.
3411 4713 3599 4786 Neque
3621 4714 3692 4771 de

2106 4802 2207 4857 hac
2235 4801 2549 4858 inductione
2581 4804 2751 4858 animi
2785 4805 3067 4860 blanditiis
3111 4806 3310 4862 deduci
3345 4809 3495 4874 ullis,
3529 4824 3591 4865 ac
3621 4824 3692 4866 ne

2104 4894 2269 4949 minis
2297 4896 2520 4967 quidem
2553 4896 2820 4953 dimoveri
2855 4909 3105 4968 potuere.
3124 4899 3364 4956 Causam
3396 4903 3691 4962 recusandi

2104 4989 2500 5044 validissimam
2561 4991 2838 5048 ducebant
2902 5008 2964 5048 ex
3026 4994 3322 5064 aSperitate
3387 5011 3563 5066 nuper
3618 4999 3678 5052 in

2105 5083 2254 5154 ipsos
2308 5086 2572 5149 exercita,
2597 5087 2725 5140 dum
2764 5086 2917 5142 fuere
2951 5090 3300 5160 saerislla
3320 5091 3530 5146 exclusi
3565 5101 3689 5145 tan-

2107 5181 2272 5242 taque
2314 5172 2617 5243 ignominia
2667 5175 2926 5239 traduCti.
2989 5188 3155 5247 prout
3200 5180 3601 5236 narravinius.‘
3630 5179 3687 5235 Si

2106 5273 2276 5333 enim,
2332 5269 2574 5335 aiebant,
2637 5287 2760 5324 cum
2813 5286 2913 5326 nec
2966 5272 3217 5343 benignis
3265 5275 3692 5333 invitationibus

2109 5363 2293 5418 omnis
2348 5366 2570 5433 generis
2617 5381 2717 5420 nec
2769 5367 3320 5434 comminationibus,
3358 5388 3426 5424 ne
3466 5371 3692 5428 inﬂictis

2076 5457 2324 5527 .quidem
2354 5457 2534 5527 pmnis
2566 5459 2826 5529 gravibus
2859 5462 3090 5529 perpeUi
3122 5476 3281 5518 antea
3309 5465 3694 5534 potuisseinue

2109 5551 2174 5605 ad
2209 5551 2616 5621 subscriptione
2639 5553 2747 5606 ulla
2776 5558 3355 5613 nostraroborandnm
3388 5560 3687 5631 quidquam

2109 5661 2176 5702 ex
2236 5648 2304 5703 iis
2351 5647 2717 5724 quaepublice
2775 5653 3185 5715 statuebantur,
3250 5663 3429 5708 tamen
3497 5665 3691 5712 secuta

2111 5743 2456 5812 postmodum
2492 5744 2856 5800 conversione
2888 5763 3072 5802 rerum
3111 5757 3219 5804 tam
3251 5751 3536 5806 atrocibus
3562 5765 3693 5822 sup-

2113 5833 2292 5904 pliciis
2317 5835 2521 5896 luimus
2551 5852 2758 5896 meram
2789 5841 3223 5909 connivetniam,
3254 5845 3338 5898 bis
3362 5843 3499 5914 ipsis
3529 5843 3696 5912 judi~

2113 5929 2362 5986 cantibus
2408 5941 2459 5987 et
2497 5930 3009 5990 immisericorditcr
3072 5937 3496 6008 exsequentibus
3542 5936 3694 6015 iudi-f
