4086 6236
297 401 377 464 125
1139 406 1238 466 DE
1277 406 1733 469 ANDRONICO
1768 406 2240 471 PALJEOLOGO
2280 410 2428 472 LIB.
2461 410 2548 474 II.
3149 460 3153 464 -
3407 415 3518 477 126

293 516 434 578 λοντο,
465 529 550 567 και
602 515 806 585 μᾶλλον
834 515 1070 580 ἐκείνους
1102 517 1175 579 ὡς
1208 519 1709 590 ὑποπτευομένους,
1760 521 1834 582 ὡς
1869 525 1912 584 Α
1943 523 2218 595 συνεδρίου
2261 526 2486 596 ἀπήλων
2537 524 2627 579 καὶ
2681 525 2756 590 ὡς
2805 525 3034 598 ἐχθροὺς
3075 526 3310 597 ἔκρινον.
3348 531 3411 582 Ol
3459 531 3517 583 δὲ

292 610 465 674 ελεγον,
490 609 645 672 εὐθὺς
688 609 999 674 ἀνενδότους
1032 610 1286 678 εὕρισκον
1320 615 1413 665 καὶ
1451 613 1526 674 ὡς
1552 609 1699 682 είχον
1726 613 1838 665 ἐνι-
1941 615 2039 685 τὴν
2072 619 2189 685 μετ’
2214 619 2442 672 ἐκείνων
2469 618 2706 688 ὁμιλίαν,
2734 619 2962 673 τοιαῦτα
2998 619 3308 688 ζητούντων
3337 639 3397 674 τε
3425 622 3521 674 καὶ

292 702 577 774 σταμένους.
633 703 779 771 Πλὴν
804 703 912 774 γὰρ
937 704 1158 774 ὀλίγων,
1189 706 1280 758 καὶ
1313 707 1516 759 τούτων
1541 706 1654 758 ὅσοι
1679 706 1838 774 τυχὸν
1939 707 2230 775 λεγόντων,
2262 711 2497 782 ἐρημίαν
2539 711 2795 782 οἰόμενοι,
2834 713 2932 782 τὴν
2956 714 3000 767 δ’
3025 712 3261 784 ἐρημίαν
3293 713 3394 782 τὴν
3422 716 3522 768 ἀπ’

291 796 369 848 καὶ
397 794 696 864 σχιζᾷμενοι
749 795 1012 866 πρότερον
1051 797 1245 867 θερμοὶ
1295 798 1664 869 συλλήπτορες
1699 793 1841 869 ἦσαν

290 883 383 936 τῶν
409 883 648 952 ὕστερον,
702 885 750 937 οί
781 884 957 938 λοιποὶ
988 886 1190 950 πάντες
1240 887 1365 942 οὔτε
1399 889 1665 951 θωπείαις
1709 888 1839 941 καθ-

289 979 534 1047 υπήγοντο
560 976 674 1031 οὔτ’
702 980 952 1044 ἀπειλαῖς
979 981 1350 1047 ὑπεκλένοντο,
1379 983 1492 1037 ἀλλ’
1524 982 1743 1054 ἰσχυρὸν
1772 976 1841 1054 ἦν

289 1069 446 1137 σφίσιν
493 1071 576 1134 είς
607 1071 904 1141 ἀπολογίαν
956 1074 1026 1128 τὰ
1073 1074 1200 1145 χθὲς
1256 1075 1603 1130 τελεσθέντα.
1645 1077 1706 1129 Et
1733 1078 1842 1145 γὰρ

287 1163 433 1233 μηδὲν
458 1164 722 1227 ἑκουσίως
760 1166 879 1219 οὐδ’
903 1167 1223 1238 ἁρεσκείαις
1281 1172 1502 1231 πάσαις,
1539 1167 1654 1220 ἀλλ’
1681 1170 1842 1223 ἀπει-

283 1250 386 1313 λαῖς
408 1254 496 1304 καὶ
531 1252 819 1310 κολάσεσιν
853 1256 1275 1327 ὑπογράψαντες
1331 1259 1584 1313 τοσοῦτον
1618 1259 1843 1329 ἐπειράο

281 1343 434 1413 θησαν
475 1345 584 1400 τῶν
612 1346 822 1415 δεινῶν,
856 1349 1083 1404 ἐκείνων
1131 1351 1453 1422 κρινόντων,
1487 1351 1580 1405 καί
1627 1368 1690 1420 γε
1721 1367 1843 1404 πει-

281 1437 483 1512 ρῶνται,
513 1439 609 1493 καὶ
636 1439 807 1495 ταῦτα
837 1443 960 1511 μηδ’
983 1444 1074 1496 ἐπὶ
1102 1444 1370 1514 δόγμασιν
1398 1445 1844 1517 ὑπογράψαντες,

279 1532 406 1595 τίνες
429 1532 660 1602 γένοιντ’
690 1533 778 1606 [Ρ.
802 1535 893 1608 75]
927 1537 993 1590 ἂν
1023 1534 1202 1602 αὖθις,
1232 1538 1346 1608 εἴγε
1374 1539 1515 1604 δόξοι
1554 1541 1666 1593 τισὶ
1692 1541 1846 1611 (πολ-

280 1623 350 1678 λοὶ
383 1625 424 1679 δ’
454 1627 504 1679 oi
532 1626 818 1700 λοχῶντες)
854 1631 950 1683 καὶ
1002 1630 1091 1684 τὸν
1137 1631 1306 1702 τόμον
1356 1633 1802 1686 καταιτιάσαιντο
1829 1651 1845 1700 ;

279 1718 376 1772 Καὶ
401 1719 447 1773 εί
470 1719 647 1774 ταῦτα
681 1721 914 1791 γένοιτο,
957 1723 1039 1787 τίς
1071 1723 1137 1778 ἂν
1169 1724 1449 1792 ἐξελέσθαι
1484 1726 1652 1797 ἡμᾶς,
1689 1725 1843 1794 φασὶ,

275 1807 484 1875 δυνατὸς
518 1812 616 1882 τῆς
649 1813 871 1866 ἐκείνων
907 1813 1139 1885 κρίσεως
1166 1832 1179 1882 ;
1210 1817 1398 1869 Ταῦτα
1436 1820 1548 1881 τοῖς
1582 1818 1684 1887 τῆς
1722 1816 1849 1869 Ἐκα

1943 803 2170 855 ἐκείνων
2222 797 2334 856 οἷον
2410 803 2744 873 ἀσφάλειαν,
2809 807 3170 877 περιήρχοντο
3229 801 3522 876 πλανῆτες,

1944 892 2298 964 ἐστερημένοι
2349 895 2450 963 μὲν
2505 898 2689 966 τιμῆς,
2745 897 3100 969 ἐστερημένοι
3155 899 3211 952 δέ
3258 899 3525 966 προσόδου

1945 986 2144 1057 πάσης,
2181 988 2273 1041 καὶ
2295 988 2354 1040 τὺ
2383 990 2588 1044 εἰκαῖον
2616 992 2712 1062 τῆς
2741 992 3027 1062 διατριϐῆς
3074 993 3177 1061 τῆς
3203 994 3325 1046 καθ’
3357 992 3524 1047 αὑτοῦ

1945 1077 2153 1144 τάξεως
2208 1080 2646 1153 ἀνθαιρούμενοι.
2718 1083 2806 1148 Ὦς
2843 1085 2899 1139 δέ
2926 1087 3021 1140 καὶ
3059 1082 3216 1147 αὖθις
3248 1102 3527 1154 προσεκα-

1945 1169 2132 1224 λοῦντο
2160 1173 2251 1226 καὶ
2277 1173 2623 1244 ἀνεκρίνοντο
2657 1177 2750 1230 καὶ
2801 1177 2961 1231 πάλιν
2994 1177 3173 1242 αὖθις,
3201 1178 3296 1231 καί
3320 1195 3384 1245 γε
3411 1179 3528 1248 μῶ-

1951 1280 2050 1334 μον
2082 1264 2232 1332 optat
2269 1265 2362 1318 καὶ¹
2396 1266 2457 1318 τὸ
2481 1269 2594 1328 τοῖς
2629 1266 2920 1338 προτέροις
2955 1270 3314 1340 προσκεῖσθαι
3347 1271 3532 1338 δοκεῖν

1948 1357 2112 1408 κάκεῖ
2135 1355 2224 1409 τὸν
2258 1355 2384 1409 νοῦν
2419 1358 2561 1426 ἔχειν
2593 1360 2798 1428 ἐπῆγον
2845 1360 2919 1422 ὡς
2959 1363 3213 1432 ἔγκλημα
3251 1364 3530 1431 μέγιπον,

1949 1449 1996 1502 oi
2030 1449 2130 1519 μὲν
2175 1450 2283 1502 οὐδ’
2320 1448 2493 1514 οὕτως
2555 1452 2744 1523 ἤθελον
2798 1454 3181 1508 ὑποκλίνεσθαι
3210 1498 3223 1517 ,
3275 1455 3533 1509 ὑπόνοιαν

1950 1542 2324 1594 ἀνυπόστατον
2364 1543 2742 1613 προτιμῶντες
2779 1546 3091 1615 προφανοῦς
3132 1546 3422 1618 ὀρρωδίας,
3458 1547 3556 1617 μὴ·

1949 1633 2196 1704 ἀκριϐῶς
2241 1635 2439 1698 εἰδότες
2464 1636 2490 1688 ὅ
2517 1653 2568 1689 τι
2614 1637 2706 1690 καὶ
2753 1638 3145 1708 ὑπογράψοιεν.
3196 1635 3306 1695 Ἦν
3334 1639 3443 1708 γὰρ
3477 1641 3536 1691 ὲν

1951 1725 2027 1795 τῷ
2055 1726 2207 1796 τόμῳ
2235 1726 2371 1796 πρὸς
2402 1729 2514 1791 τοῖς
2544 1727 2725 1792 ἄλλοις
2758 1730 2852 1782 καὶ
2878 1732 2909 1799 ἡ
2942 1730 3035 1783 τοῦ
3067 1730 3233 1800 ῥητοῦ
3265 1730 3360 1784 τοῦ
3389 1731 3536 1783 θείου

1953 1818 2313 1887 Δαμασκηνοῦ
2353 1820 2609 1891 ἐξήγησις
2669 1821 2843 1886 οὕτως
2896 1823 3126 1892 ἔχουσα·
3195 1842 3212 1874 ι
3243 1824 3302 1876 El
3340 1823 3397 1876 δέ
3439 1823 3540 1877 καὶ

277 1899 487 1971 κλησίας
522 1902 745 1970 λέγουσι
772 1882 956 1958 πολλοί
1002 1906 1102 1973 μέν
1134 1899 1276 1970 τινες
1303 1902 1443 1976 ἦσαν
1470 1882 1670 1961 ἐκεῖνοι
1702 1909 1849 1976 γινόο
1882 1882 1923 1936 Β
1959 1882 2109 1981 παρὰ
2143 1882 2220 1981 τῷ
2265 1882 2709 1985 θεολογικωτάτῳ
2760 1882 3107 1986 Δαμασκηνῴ
3138 1917 3197 1966 τὸ
3232 1915 3322 1967 διὰ
3362 1913 3540 1982 Λόγου

279 2010 416 2062 μενοι
436 1997 537 2066 τὴν
591 1997 857 2069 διαφορὰν
902 2000 1300 2068 ὰντεπάγοντες
1351 2001 1460 2055 τῶν
1512 1995 1855 2073 πραγμάτων

276 2089 515 2158 καὶπρὸς
566 2090 667 2160 τὴν
728 2090 1052 2162 ὑπογραφὴν
1115 2092 1493 2164 ἐρεθίζοντεςο
1552 2094 1626 2156 ὠς
1661 2093 1706 2147 δ’
1754 2094 1855 2147 οὐκ

274 2182 473 2245 ἔπειθον
504 2185 711 2253 συχνὰς
757 2185 1068 2255 προσϐολὰς
1121 2185 1458 2257 ποιούμενοι,
1505 2187 1587 2250 ei;
1613 2185 1852 2254 ὑποψίαν

272 2273 625 2346 ἐμϐάλλοντες
646 2271 723 2332 ὧν
754 2277 855 2330 οὐκ
884 2276 1106 2348 ᾔδεισαν
1141 2277 1257 2331 ποτ’
1291 2279 1512 2345 ἐκεῖνοι,
1538 2277 1632 2332 τοῦ
1667 2276 1851 2332 κοινοῦ

269 2471 402 2527 cata,
449 2461 586 2534 quid
637 2477 748 2519 non
801 2473 1048 2519 metuere
1102 2462 1264 2534 longe
1323 2463 1502 2518 dirius
1559 2462 1848 2526 debemus,

269 2567 558 2628 postquam
588 2557 765 2613 altero
798 2559 1183 2628 reciprocante
1229 2556 1640 2614 dissensionum
1683 2556 1852 2611 ﬂuctu

268 2648 501 2706 rescindi
573 2649 691 2705 haec
749 2665 871 2719 qua:
920 2651 1246 2706 sciscuntur
1304 2648 1614 2720 coeperint?
1664 2649 1854 2719 Neque

268 2742 404 2798 enim
440 2744 564 2800 haec
608 2742 841 2798 firmiori
867 2743 1184 2800 durationis
1226 2744 1575 2798 inconcussa:
1625 2757 1721 2812 spe
1763 2752 1856 2796 aut

269 2836 600 2899 certioribus
656 2845 789 2893 ratae
857 2837 1210 2893 auctoritatis
1275 2835 1541 2904 auspiciis
1608 2834 1854 2889 inchoari

268 2939 423 2996 quam
464 2925 657 2996 priora
706 2925 798 2980 illa
831 2927 1015 2996 primo
1039 2927 1226 2984 statim
1264 2940 1458 2981 eversa
1511 2934 1663 2979 motu
1705 2927 1855 2982 orbis

268 3018 588 3090 reipublicae
627 3020 792 3075 solita
823 3020 1188 3076 instabilitate
1214 3020 1472 3075 rotantis.
1510 3018 1711 3074 Multos
1740 3021 1854 3075 haec

266 3115 561 3171 observare
589 3116 658 3170 de
686 3116 958 3172 censoriis
988 3116 1253 3187 speculis,
1305 3117 1513 3172 multos
1541 3115 1680 3172 clam
1717 3115 1856 3171 insi-

267 3206 424 3275 diari,
452 3209 770 3265 coorituros
796 3207 992 3265 infeste
1032 3209 1090 3265 in
1121 3213 1538 3266 accusationem
1576 3212 1708 3264 tomi
1754 3210 1856 3265 Int-

260 3299 369 3372 jus,
403 3301 581 3358 simul
610 3316 746 3356 aura
787 3301 925 3372 ipsis
970 3301 1260 3371 benignior
1302 3300 1607 3367 albaverit;
1645 3315 1676 3356 a
1719 3317 1859 3371 quo-

266 3408 382 3450 rum
411 3395 776 3452 severissima
802 3394 1158 3450 damnatione
1195 3393 1321 3464 quis
1362 3394 1499 3451 satis
1527 3403 1721 3464 potens
1754 3409 1858 3448 nos

263 3494 607 3556 protegeret,
658 3484 704 3541 si
745 3500 848 3540 nos
879 3483 1250 3555 chirographo
1295 3500 1422 3541 reos
1469 3493 1745 3548 tenerent,
1803 3491 1860 3540 et

267 3569 556 3650 nominum
606 3577 754 3633 ultro
805 3577 1070 3648 sulIi-agio
1117 3585 1437 3632 nostrorum
1496 3577 1769 3631 munitum
1826 3591 1858 3632 a

265 3672 426 3738 nobis
462 3686 698 3740 exosum
728 3671 892 3726 istum
924 3671 1030 3725 sibi
1065 3679 1274 3724 tomum
1322 3669 1655 3724 cernerent?
1707 3669 1859 3723 Talia

265 3765 666 3824 ecclesiasticis
697 3764 1081 3828 causantibus,
1116 3777 1224 3817 non
1251 3762 1476 3816 deerant
1511 3762 1731 3832 quidem
1754 3763 1858 3816 sibi

265 3858 519 3928 partiarii
543 3854 899 3928 patriarclrm,
923 3857 1054 3926 quin
1078 3856 1265 3910 multis
1283 3855 1578 3910 ostendere
1593 3870 1862 3909 conaren-

268 3962 353 4005 tur
386 3953 565 4006 latam
595 3951 737 4005 inter
765 3952 879 4012 haec
910 3950 976 4011 ad
1003 3964 1124 4018 qua:
1147 3949 1540 4004 subscribenda
1569 3948 1865 4002 invitaren-

267 4055 374 4114 tur,
398 4057 454 4102 et
481 4049 577 4101 illa
599 4048 670 4102 ob
695 4062 817 4117 qua:
842 4046 1006 4101 tacite
1030 4046 1358 4102 transmissa
1377 4045 1592 4101 multati
1620 4047 1863 4117 graviter

265 4156 474 4209 essent,
515 4143 951 4214 discrepantiam
983 4143 1363 4208 intercedere;
1396 4156 1632 4212 moxque
1665 4142 1867 4198 acriter

261 4251 293 4301 tt
323 4252 385 4293 se.
419 4238 780 4293 decretorum
806 4234 1265 4305 subscriptionem
1297 4234 1634 4303 ﬂagitarent.
1661 4230 1864 4287 Verum

264 4329 372 4386 illis
409 4338 604 4402 empta
635 4345 755 4385 sese
786 4328 1090 4398 pertinacia
1133 4328 1563 4388 involventibus,
1593 4336 1646 4381 et
1673 4339 1865 4380 omnes

262 4424 632 4481 eludentibus
684 4432 918 4478 conatus
971 4422 1122 4492 ipsos
1153 4419 1656 4490 quomodocunque
1710 4417 1865 4472 inﬂe-

260 4531 415 4581 ctere
445 4521 519 4572 ad
551 4516 659 4572 sibi
693 4525 878 4586 optata
913 4513 1382 4576 contendentium,
1428 4513 1483 4567 bi
1511 4514 1867 4581 desperantes

1957 2002 2185 2072 εὕρηται
2218 2003 2538 2073 προϐολεὺς,
2565 2007 2626 2058 οὐ
2657 2009 2755 2076 τὴν
2775 2008 2852 2069 είς
2885 2007 2944 2059 τὸ
2973 2002 3109 2059 εἶναι
3160 2006 3417 2076 καθαρῶς
3440 2006 3537 2059 τοῦ

1958 2095 2279 2167 Πνεύματος
2332 2098 2560 2168 πρόοδον
2606 2100 2640 2169 ἡ
2674 2099 2820 2166 λέξις
2851 2098 3047 2169 δηλοῦν
3093 2098 3365 2169 βούλεται,
3402 2098 3541 2153 ἀλλὰ

1953 2189 2054 2257 τὴν
2105 2189 2184 2252 είς
2213 2188 2383 2242 ἀΐδιον
2431 2189 2715 2258 ἐκφανσιν.
2748 2209 2768 2242 ι
2815 2190 2986 2242 Τοῦτο
3017 2190 3061 2243 δ’
3098 2191 3126 2242 ὃ
3152 2207 3204 2243 τι
3259 2189 3539 2260 σημαίνοι,

1954 2282 2057 2336 οὐκ
2087 2282 2230 2355 ἔχειν
2256 2282 2453 2337 εἰδέναι
2484 2284 2744 2354 ἔφασκον,
2775 2285 2868 2340 καὶ
2894 2285 2995 2356 τὴν
3017 2284 3282 2358 διαφορὰν
3313 2283 3543 2356 ἐζήτουν

1956 2462 2206 2518 arbitrati
2235 2461 2326 2530 qui
2357 2461 2653 2530 ejcccrant,
2687 2478 2906 2518 rursum
2939 2479 3034 2519 eos
3065 2474 3309 2530 vocatos,
3343 2465 3542 2536 ecquid

1957 2555 2339 2624 resipuisscnt,
2369 2554 2803 2626 interrogabant.
2829 2557 2905 2610 Ac
2927 2570 3052 2611 cum
3079 2557 3288 2612 crebris
3312 2555 3544 2625 percon-

1957 2649 2256 2704 tationibus
2328 2647 2640 2703 istiusmodi
2701 2664 2865 2702 unam
2914 2664 3131 2718 semper
3186 2649 3548 2718 eamdemque

1958 2744 2174 2798 invictae
2209 2742 2441 2796 indicem
2472 2741 2794 2797 constantiae
2847 2743 3260 2810 responsionem
3305 2757 3550 2813 oppone-

1956 2845 2098 2899 rent,
2126 2835 2318 2889 adesse
2351 2847 2564 2905 tempus
2641 2843 2903 2890 extremae
2956 2835 3192 2906 denique
3248 2836 3316 2890 iis
3377 2850 3551 2906 expu-

1958 2927 2188 2996 gnandis
2210 2927 2562 2981 admovenda:
2603 2928 2866 2982 machina:
2897 2928 2990 3000 qui
3039 2928 3308 2984 hactenus
3340 2927 3547 2984 frustra

1916 3068 1919 3071 .
1959 3029 2235 3075 tentarant
2268 3021 2393 3084 rati,
2425 3013 2825 3074 denuntiarent
2855 3021 3145 3076 minaciter
3205 3021 3361 3091 ipsis,
3395 3023 3545 3075 vide-

1957 3123 2079 3168 rent
2101 3112 2263 3166 etiam
2296 3122 2460 3182 atque
2483 3114 2643 3167 etiam
2666 3114 2795 3183 quid
2824 3122 3244 3185 agerentqnove
3278 3124 3501 3169 ruerent
3530 3135 3544 3170 :

1881 3229 1925 3286 ο
1958 3220 2066 3260 non
2104 3207 2384 3262 enimtam
2423 3206 2686 3274 pertinaci
2721 3207 3064 3262 recusatione
3090 3209 3314 3278 paremli
3374 3209 3546 3263 solam

1964 3311 2061 3352 eos
2091 3297 2478 3353 inobedientiae
2509 3299 2725 3366 culpam
2765 3299 3071 3358 incurrere.
3134 3307 3228 3354 sed
3281 3299 3546 3354 indicium

1961 3391 2208 3462 praabere
2249 3391 2506 3444 idoneum
2539 3390 2788 3445 criminis
2837 3390 3011 3445 multo
3065 3391 3357 3460 gravioris.
3411 3389 3550 3447 Hinc

1963 3484 2176 3540 scilicet
2205 3498 2472 3552 apparere
2501 3483 2795 3548 persistere
2822 3482 3004 3538 adhuc
3062 3483 3187 3537 illos
3220 3485 3276 3537 in
3322 3483 3390 3538 iis
3422 3500 3546 3553 quae

1959 3587 2169 3646 statuta
2201 3578 2405 3632 dudum
2432 3593 2606 3644 nuper
2649 3576 2883 3632 rescissa
2923 3576 3164 3641 fuerant,
3202 3585 3256 3631 et
3311 3591 3434 3632 cum
3489 3592 3549 3632 se

1966 3670 2225 3725 recedere
2276 3671 2345 3724 ab
2379 3671 2445 3723 iis
2481 3669 2772 3739 redireque
2820 3670 2885 3722 ad
2949 3668 3351 3738 professionem
3410 3671 3553 3723 anti-

1964 3778 2127 3832 quam
2148 3761 2574 3833 significassent,
2620 3762 2756 3818 falso
2790 3761 2842 3817 id
2866 3764 3180 3828 simulasse,
3217 3779 3353 3819 voce
3405 3763 3552 3819 dun-

1964 3865 2117 3910 taxat
2172 3856 2353 3924 pravis
2402 3855 2640 3910 decretis
2692 3856 3097 3922 renuntiantes,
3147 3856 3347 3926 quibus
3408 3870 3554 3909 nunc

1965 3950 2146 4005 adhuc
2166 3965 2289 4004 cum
2321 3950 2557 4004 maxime
2605 3959 2718 4003 tato
2755 3949 2940 4004 animo
2973 3941 3265 4004 hatrerent.
3302 3948 3433 4014 Quae
3461 3964 3550 4004 res

1971 4056 2189 4116 quantae
2219 4044 2438 4098 invidiae
2467 4043 2770 4114 quantique
2799 4055 2946 4100 esset
2984 4044 3237 4112 periculi,
3279 4026 3552 4097 mstimare

1970 4138 2120 4206 ipsos
2145 4149 2360 4192 maturo
2386 4137 2595 4207 judicio
2635 4152 2731 4204 par
2754 4151 2899 4192 esse.
2927 4136 3006 4191 Ne
3053 4136 3166 4191 inec
3195 4136 3416 4205 quidem
3445 4135 3552 4188 illis

1969 4229 2314 4286 inﬂecteudis
2347 4231 2584 4284 valuere.
2621 4229 2817 4284 Audita
2878 4231 3079 4299 quippe
3130 4228 3555 4282 comminatione

1969 4324 2071 4380 ista
2092 4325 2308 4388 ultima,
2340 4324 2690 4379 declararunt
2731 4323 2891 4377 malle
2947 4338 3006 4376 se
3065 4322 3348 4390 subiacere
3393 4320 3552 4372 inno-

1972 4416 2097 4471 xios
2124 4415 2424 4484 suspicioni
2453 4414 2809 4468 fundamento
2838 4411 3067 4475 carenti,
3101 4426 3263 4480 quam
3300 4413 3550 4476 apertum

1975 4507 2257 4562 horrorem
2318 4504 2592 4562 manifesti
2661 4503 2841 4559 delicti
2889 4501 3034 4556 ultro
3093 4496 3438 4554 consciscere
3488 4500 3552 4552 iis

258 4612 513 4684 iratique
558 4610 630 4666 ad
672 4575 984 4665 ert-tremum
1021 4607 1281 4678 gravibus
1316 4621 1412 4662 eos
1445 4622 1512 4662 ex
1543 4605 1864 4674 suspicione
1896 4575 1947 4634 Β
1974 4601 2371 4655 subscribendo
2406 4614 2527 4669 quae
2559 4599 2896 4667 ignorarent.
2930 4596 3054 4648 Erat
3083 4593 3226 4647 enim
3279 4592 3419 4646 inter
3445 4593 3548 4645 alia

259 4703 763 4764 criminationibus
803 4699 1146 4765 detulerunt,
1184 4709 1240 4754 et
1277 4715 1402 4770 qua:
1432 4714 1462 4753 a
1513 4697 1860 4751 conscientia

249 4797 724 4868 -c0gitationeque
779 4792 1030 4862 ipsorum
1078 4791 1268 4860 procul
1311 4805 1528 4859 semper
1573 4786 1865 4844 abfue'rant

262 4893 672 4962 appingentes,
707 4886 990 4942 communi
1043 4899 1139 4939 eos
1178 4898 1440 4938 consessu
1483 4883 1782 4950 abegerunt
1813 4889 1868 4934 et

257 4986 523 5042 hostium
555 4980 837 5036 habendos
883 4979 1002 5033 loco
1048 4977 1387 5048 iudicarunt.
1443 4976 1521 5030 llli
1561 4990 1690 5029 vero
1740 4991 1871 5032 con...

259 5080 483 5134 victum
536 5076 984 5143 colloquiumque
1013 5072 1304 5127 hominum
1349 5071 1476 5124 talia
1521 5068 1861 5138 loquentium

257 5182 314 5228 ct
348 5169 714 5245 pasee‘ntium
743 5166 944 5238 quavis
975 5165 1220 5220 tristiora
1250 5163 1546 5218 solitudine
1575 5163 1863 5227 ducentes,

260 5271 406 5340 quin
441 5275 502 5320 et
538 5264 592 5317 in
618 5261 914 5318 solitudine
947 5261 1266 5313 inventuros
1291 5272 1349 5310 se
1374 5255 1584 5326 asylum
1615 5270 1872 5309 securum

267 5362 342 5418 ab
381 5353 653 5416 istorum'
688 5351 1183 5424 importunissimis
1225 5350 1525 5406 insultibus
1566 5356 1874 5417 sperantes,

265 5451 667 5512 circumibant
707 5443 1001 5503 errabundi
1037 5445 1258 5501 deserta
1285 5443 1424 5505 loca,
1461 5441 1659 5510 privati
1695 5439 1875 5509 digni-

267 5547 414 5614 tate,
435 5541 664 5617 spoliati
683 5548 954 5612 proventu
975 5539 1148 5603 omni,
1171 5546 1352 5592 tamen
1377 5536 1523 5589 illam
1550 5533 1876 5604 ignominio-

263 5655 395 5700 sam
423 5635 740 5693 nuditatem
767 5641 821 5687 et
846 5632 1151 5701 neglectum
1180 5633 1284 5684 hoc
1304 5629 1721 5696 obscurumque
1748 5625 1873 5684 vita;

268 5747 464 5805 genus
483 5724 770 5797 splendori
785 5722 1084 5796 quantovis
1098 5737 1161 5777 ex
1183 5723 1456 5776 honorum
1473 5736 1596 5774 cum
1616 5720 1736 5773 istis
1751 5734 1882 5774 con-r

271 5827 464 5884 sortio
527 5819 684 5892 113
747 5817 1148 5888 prtelrabentes.
1193 5813 1324 5870 Post
1388 5815 1625 5882 aliquam
1681 5814 1734 5866 in
1797 5813 1881 5866 his

276 5913 566 5987 aerumnis
621 5928 828 5971 moram
896 5910 1164 5968 emollitos
1225 5907 1558 5982 experientia
1613 5907 1878 5963 malorum

1972 4695 2025 4749 in
2082 4703 2232 4749 tomo
2286 4693 2379 4762 qui
2465 4689 2894 4746 subscribendus
2945 4685 3078 4756 ipsis
3160 4682 3555 4737 obtrudebatnr

1971 4786 2216 4857 quaedam
2253 4785 2526 4854 expositio
2560 4783 2845 4837 sententiae
2867 4779 3019 4848 prius
3069 4785 3387 4856 memoratae
3442 4775 3553 4853 djvi

1973 4878 2317 4945 Damasceni,
2351 4881 2431 4934 sic
2487 4894 2546 4933 se
2585 4877 2792 4930 habens
2832 4891 2847 4928 :
2889 4893 2907 4926 ι
2947 4872 3004 4927 Si
3057 4879 3211 4927 vero.
3255 4886 3283 4923 a
3337 4884 3556 4923 summo

1973 4974 2230 5044 tlieologo
2267 4971 2606 5025 Damasceno
2630 4969 2938 5038 reperiatur
2963 4965 3144 5020 dictus
3181 4962 3342 5017 Pater
3381 4962 3554 5016 sancti

1975 5068 2215 5138 Spiritus
2264 5064 2562 5136 προῦολεύς
2609 5060 2904 5131 productor
2964 5075 3060 5129 per
3087 5057 3351 5116 Verbum.
3417 5056 3559 5110 haud

1974 5163 2135 5231 plane
2163 5161 2267 5215 iSta
2298 5158 2498 5213 locutio
2555 5156 2865 5225 signiﬁcare
2925 5153 3041 5207 vult
3094 5151 3274 5206 sancti
3321 5149 3561 5218 Spiritus

1979 5253 2384 5325 processionem
2406 5251 2456 5303 in
2476 5249 2825 5312 exstantiam,
2846 5247 2936 5302 sed
2958 5247 3012 5299 in
3032 5253 3291 5300 aeternam
3310 5243 3530 5325 exsplen
3557 5273 3565 5280 -

1982 5323 2336 5404 descentiam;
2369 5365 2384 5395 ι
2419 5345 2534 5399 Hoc
2564 5354 2745 5397 autem
2799 5341 2930 5412 quid
2980 5339 3085 5395 sibi
3131 5339 3314 5402 vellet,
3357 5323 3560 5405 nequa--

1981 5456 2145 5512 quam
2179 5451 2236 5494 se
2266 5452 2458 5506 capere
2521 5435 2759 5498 aiebant,
2798 5432 3225 5504 querebantque
3269 5428 3556 5482 monstrari

1983 5534 2085 5589 sibi
2103 5531 2396 5587 discrimen
2420 5527 2784 5598 processionis
2802 5537 2855 5579 ct
2871 5537 3088 5580 teternre
3107 5521 3563 5591 exsplendescen-

1983 5629 2090 5691 tiae,
2120 5626 2274 5680 utsic
2305 5638 2496 5677 earum
2518 5637 2711 5677 vocum
2738 5623 2962 5674 alteram
2983 5619 3306 5687 abjicerent,
3334 5614 3557 5669 alteram

1984 5723 2466 5792 amplecterentur.
2499 5716 2652 5770 Nunc
2687 5717 2832 5770 enim
2889 5713 3049 5784 plane
3115 5725 3382 5781 apparere
3427 5708 3560 5775 ipsis

1985 5815 2086 5867 ista
2121 5811 2386 5865 vocabula
2419 5817 2609 5862 mutuo
2642 5803 3072 5875 mquipollentia,
3131 5817 3233 5856 nec
3273 5801 3396 5867 plus
3461 5797 3561 5847 nii~

1991 5923 2161 5973 nusve
2180 5902 2490 5976 signiﬁcare
2515 5896 2810 5972 quidquam
2840 5896 3246 5969 processionem
3267 5894 3320 5946 in
3341 5898 3530 5945 castan
3546 5916 3558 5928 -
