4086 6236
376 197 472 268 133

1213 209 1313 270 DE
1357 193 1807 270 ANDRON‘tco
1846 198 2317 275 mmetoco
2360 208 2512 277 Lm.
2546 208 2625 276 It.

3528 222 3629 291 13L.

371 314 759 372 ἀποϐάλλεσθαι
794 315 870 380 ὡς
902 316 1088 380 κακῶς
1115 317 1239 389 ἕχον
1265 320 1361 374 καὶ
1388 320 1681 392 τολμηρῶς
1705 322 1766 375 τὸ
1796 321 1935 393 σύμ·
1964 341 2007 392 Α
2038 306 2288 396 διορθοῦν
2317 328 2378 381 τὸ
2418 327 2622 398 σφαλὲν
2671 317 2855 393 αὑτὸς,
2895 330 2950 381 ἐν
3002 322 3161 401 δεινῴ
3201 331 3524 402 ποιούμενος
3566 340 3627 393 τδ

370 427 491 465 παν.
523 406 686 484 Ταύτ⁹
734 409 951 464 ἐκείνου
985 408 1443 481 διευλαϐούμενον
1477 412 1606 483 περὶ
1651 412 1718 465 τὰ
1750 411 1939 483 γράμ-

372 518 507 574 ματα
524 501 598 565 ὡς
611 497 674 554 τδ
692 500 951 571 μέγιστον
970 502 1163 573 ἔχοντα
1188 503 1415 575 σφάλμα
1432 504 1564 575 περὶ
1584 503 1651 557 τὰ
1668 504 1936 575 δόγματα,

364 595 452 648 τὸν
478 592 867 666 Φιλαδελφείας
899 593 1100 650 αὐτίκα
1130 594 1225 649 τὸν
1267 595 1437 665 τόμον
1463 593 1792 664 ἐξενεγκεῖν,
1817 593 1937 661 καὶ,

360 705 390 750 λι
423 687 488 741 Τί
523 704 582 754 γε
615 687 781 752 ἀλλο,
814 707 833 741 ι
871 689 1076 759 φάναι,
1128 705 1146 738 ι
1177 688 1327 741 δοκεί
1362 702 1445 741 σοι
1484 686 1621 757 πρὸς
1676 685 1851 741 ταῦτα
1877 686 1941 740 τδ

367 779 517 850 παρά
540 778 634 833 τοῦ
664 779 1007 853 πατριάρχου
1028 780 1324 852 λεγόμενον
1345 797 1392 848 ;ι
1427 777 1492 852 [Ρ
1512 773 1604 851 80]
1639 778 1939 848 Ἑπέστησε

362 873 610 938 κάκεῖνος
642 874 804 938 εὐθὺς
833 878 900 948 τῇ
929 874 1096 942 λέξει,
1128 875 1226 930 καὶ
1258 875 1327 929 ea
1350 872 1494 928 αὐτά
1523 870 1818 943 ὡμολόγει,
1845 873 1941 928 καὶ

282 962 285 963 ⁷
357 965 579 1035 ἀγνοίας
619 967 710 1020 τὸν
766 966 1117 1039 πατριάρχην
1155 966 1420 1037 μεγίστης
1474 962 1772 1038 ἐγράφετο.
1827 964 1939 1043 καὶ

357 1058 416 1112 τὸ
445 1062 679 1131 πρᾶγμα
717 1059 877 1131 δῆλον
919 1050 1038 1124 τοῖς
1087 1060 1303 1123 πολλοῖς
1352 1058 1584 1129 γεγονὸς
1633 1056 1799 1129 μέχρι
1841 1057 1940 1135 καὶ

358 1152 534 1206 αὐτῶν
555 1152 667 1208 τῶν
699 1152 998 1221 βασιλικῶν
1024 1153 1205 1208 ἀκοῶν
1232 1153 1461 1207 ἄνεισιν.
1493 1151 1551 1205 ’0
1572 1152 1626 1204 δὲ
1650 1151 1739 1203 acati
1772 1149 1938 1213 αὐτὸς

356 1245 660 1317 ἐπιστήσας
681 1247 793 1310 τοῖς
814 1245 1151 1316 λεγομένοις,
1179 1246 1273 1299 καὶ
1296 1243 1522 1315 πολλοὺς
1545 1244 1641 1296 καὶ
1666 1242 1937 1312 μεγάλους

358 1340 570 1408 βλέπων
603 1341 728 1405 τοὺς
749 1342 1241 1410 καταιτιωμένους,
1266 1340 1377 1392 δεῖν
1408 1338 1551 1407 ἔγνω
1580 1336 1825 1409 διορθοῦν
1844 1336 1936 1391 τὸν

354 1432 510 1501 λόγον
546 1432 689 1504 πρὸς
719 1433 746 1486 ὅ
777 1451 831 1486 τι
889 1432 986 1487 καὶ
1034 1431 1178 1497 δόξοι
1223 1432 1283 1486 τὸ
1335 1430 1763 1509 εὐσεϐέστατον·
1799 1429 1934 1501 μηδὲ

354 1527 462 1596 γὰρ
491 1519 631 1579 εἶναι
664 1524 831 1580 καλὸν
884 1526 1082 1589 αὐτοὺς
1117 1524 1299 1586 ἄλλοις
1332 1523 1706 1592 ἐγκαλοῦντας
1754 1511 1936 1593 παρα-

356 1619 551 1683 ϐασίας
592 1618 723 1690 περὶ
754 1619 823 1672 τὰ
855 1617 1101 1686 δόγματα
1152 1608 1437 1689 ὲνὲχεσΘαί
1472 1634 1537 1685 γε
1578 1616 1676 1670 καὶ
1712 1616 1935 1679 τούτους

2045 418 2273 488 σφάλμα
2310 418 2594 488 ὁμολογεῖν
2649 420 2706 472 ὲν
2757 423 2871 486 τοῖς
2924 422 3091 476 αὑτοῦ
3145 424 3491 495 γράμμασιν,
3526 429 3629 484 οὐκ

2043 512 2315 575 traiecto,
2350 499 2487 569 ἀλλά
2541 516 2637 567 καὶ
2686 514 3105 584 προσωργίζετο
3137 516 3528 587 ὐπερηφανῶν.
3556 520 3629 573 Τδ

2040 602 2087 657 δ’
2120 603 2378 659 ἐντεῦθεν
2408 604 2725 675 προσιόντες
2760 607 2972 676 βασιλεῖ
3001 609 3306 679 πεισμονῆς
3337 612 3628 666 ἐνεκάλουν

2040 696 2137 750 καί
2166 697 2217 766 γ’
2251 698 2540 768 αἱρέσεως,
2566 699 2659 751 καὶ
2679 699 3039 769 ἀπεσχίζοντο
3066 700 3187 754 κατ’
3208 702 3388 770 ὀλίγον
3416 704 3627 758 ἐκείνου

2039 788 2116 853 ὡς
2148 789 2223 860 μὴ
2263 790 2457 863 ἀγνοίᾳ
2500 791 2659 862 δῆθεν
2706 792 2801 844 καὶ
2848 792 3171 867 ξυναρπαγῇ
3211 798 3626 867 περιπεσόντος.

2034 877 2179 937 ’ἀλλά
2211 886 2303 936 καὶ
2331 885 2549 957 γνώμῃ.

2039 1004 2101 1052 ε’.
2141 996 2217 1052 Τὰ
2259 995 2605 1074 κατὰ-’τοὺς
2648 1005 3042 1074 πατριάρχας,
3095 1008 3205 1062 τόν
3256 1024 3322 1061 τε
3356 1005 3629 1071 Ἀλεξαν-

2393 1072 2597 1141 δρείας
2628 1075 2726 1129 καὶ
2764 1072 2874 1130 τὸν
2900 1072 3280 1148 Ἀντιοχείας.
3346 1142 3349 1143 ν

2041 1161 2119 1230 ς’.
2150 1165 2565 1237 Ἀναχώρησις
2612 1167 2680 1242 ex
2732 1168 2840 1223 τοῦ
2896 1175 3321 1242 πατριαρχείου
3367 1175 3475 1231 τοῦ
3518 1193 3631 1232 πα-

2507 1237 2789 1309 τριάρχου
2812 1237 3165 1312 Γρηγορίοὺζ

2111 1349 2191 1404 Τὰ
2231 1350 2341 1420 γὰρ
2366 1351 2471 1422 πρὸ
2502 1350 2597 1405 τοῦ
2625 1351 2856 1421 ἤπειγον
2904 1353 3130 1419 τούτους
3178 1357 3459 1424 τοιούτους
3488 1356 3629 1416 εἷναί

2036 1460 2095 1497 τε
2127 1444 2219 1497 καὶ
2256 1444 2568 1510 φαίνεσθαι.
2622 1444 2704 1498 Τὰ
2744 1446 2789 1497 δ’
2823 1442 2965 1517 ἦσαν
2992 1431 3216 1519 πρῶτον
3272 1450 3371 1521 μὲν
3423 1454 3483 1506 τὸ
3531 1454 3627 1508 τοῦ

2038 1535 2462 1606 ,Ἀλεξανδρείας
2506 1526 2856 1601 Ἀθανασὶου,
2901 1521 2971 1592 ’ὃν
3030 1541 3246 1605 πολλοῖς
3277 1539 3498 1616 ὑπῆγον
3517 1549 3630 1611 τοῖς

2038 1626 2299 1695 χαλεποῖς
2341 1627 2633 1697 πρότερον,
2658 1628 2721 1699 [P
2762 1627 2854 1699 8|]
2888 1629 3053 1701 μέχρι
3086 1633 3180 1684 καὶ
3213 1633 3385 1704 αὐτῆς
3412 1628 3631 1706 sapiat;

292 1782 298 1787 γ
353 1711 441 1764 καὶ
472 1711 633 1781 κακῷ
664 1710 722 1763 τὸ
756 1709 925 1763 κακὸν
963 1710 1146 1764 ἰᾶσθαι
1202 1710 1401 1765 δοκεῖν.
1435 1708 1623 1763 Ταῦτα
1652 1710 1765 1771 τοῖς
1811 1709 1941 1777 περὶ
1978 1707 2017 1763 Β
2048 1721 2405 1790 περιστάντες
2443 1721 2539 1791 τὴν
2584 1721 2889 1792 δριμύτητα
2942 1723 3051 1777 τῶν
3091 1727 3317 1789 κακῶν,
3353 1728 3439 1796 ἐφ’
3464 1722 3506 1795 ᾧ
3536 1726 3631 1781 τὸν

352 1802 442 1855 τὸν
464 1802 925 1874 πατριάρχηνούκ
950 1799 1020 1874 ἦν
1044 1803 1286 1871 ἀγοοείν,
1308 1800 1447 1860 ἀλλὰ
1469 1802 1725 1864 κάκεῖνος
1746 1799 1940 1855 ἀκούει

351 1896 410 1948 τδ
443 1896 653 1967 δρᾶμα,
701 1896 797 1950 καὶ
835 1897 938 1950 οὐκ
990 1896 1237 1960 ἀνεκτῶς
1295 1895 1648 1967 ὑϐριοπαθῶν
1678 1888 1859 1966 εἶχεν,
1892 1897 1940 1950 εί

352 1986 598 2051 τοιοῦτος
632 1985 708 2042 ὢν
743 1989 802 2043 ὲν
823 1987 1031 2055 λογίοις
1062 1989 1158 2041 καὶ
1178 1987 1420 2053 τοιοῦτος
1446 1987 1621 2041 δοκῶν
1652 1987 1711 2040 ὲν
1737 1987 1943 2057 δογμά-

352 2098 459 2134 των
490 2081 778 2152 ἐπιστήμῃ
810 2074 1160 2151 παραὸασίας
1191 2078 1290 2132 καὶ
1316 2079 1480 2142 αὐτὸς
1508 2078 1817 2147 ὲγκαλοῖτο,
1844 2080 1940 2132 καὶ

349 2178 446 2247 τῆς
497 2176 805 2248 μεγίστης,
842 2175 919 2241 ὡς
955 2175 1195 2230 ἔπειθον.
1259 2174 1425 2230 Ὅθεν
1478 2177 1574 2229 καὶ
1616 2172 1937 2245 ἀξιούμενος

357 2358 661 2431 reprobate
686 2366 744 2414 ut
779 2356 983 2414 malum
1006 2363 1061 2413 et
1090 2357 1472 2414 temerarium.
1499 2357 1617 2425 Qua
1645 2357 1698 2410 in
1715 2370 1941 2426 expres-

353 2454 511 2508 sione
545 2450 948 2521 indignationis
986 2466 1098 2506 suae
1129 2452 1397 2507 adversus
1433 2452 1693 2505 audacem
1728 2449 1941 2506 novita-

354 2554 486 2607 tem.
528 2541 916 2621 exardescenti
951 2557 1053 2598 suo
1087 2558 1241 2598 more
1269 2542 1568 2598 ferventius
1605 2543 1897 2612 logothetae
1919 2580 1937 2605 ,

354 2644 667 2708 opportune
713 2643 932 2705 arrepto
971 2633 1474 2705 Philadelphiensis
1526 2643 1807 2704 tempore,
1854 2644 1938 2688 to-

356 2745 509 2785 mum
538 2743 570 2784 a
612 2729 930 2799 patriarcha
963 2728 1170 2783 editum
1200 2728 1429 2795 obtulit,
1454 2742 1629 2798 eoque
1660 2726 1746 2781 illa
1774 2727 1941 2783 verba

352 2824 486 2895 legit
520 2839 649 2894 qua
675 2822 913 2878 similem
934 2822 1205 2880 damnata:
1229 2821 1341 2892 jam
1378 2822 1430 2876 in
1456 2822 1617 2876 Marci
1641 2822 1781 2875 libro
1812 2834 1940 2889 pra-

349 2918 503 2971 vitati
534 2915 864 2971 sententiam
892 2953 907 2979 ,
946 2912 991 2968 si
1016 2921 1165 2969 recte
1194 2912 1658 2983 intelligerentur,
1686 2909 1940 2965 contine-

350 3006 523 3072 bant;
562 3006 711 3075 quod
755 3005 837 3061 sic
877 3006 1060 3075 reipsa
1109 3021 1170 3060 se
1202 3004 1405 3059 habere
1443 3003 1647 3057 efﬁcaci
1689 3003 1941 3055 oratione

2040 1811 2207 1881 τόμον
2248 1811 2738 1883 καθυπογράψειε,
2802 1814 2909 1867 κᾶν
2957 1814 3166 1879 ἐκεῖνος
3234 1818 3371 1886 μετᾶ
3425 1818 3626 1882 πολλὰς

2041 1904 2310 1981 επηρεὲας
2340 1906 2430 1958 τὸν
2463 1906 2563 1976 μὲν
2587 1908 2775 1975 τόμον,
2812 1907 2885 1970 ὡς
2922 1911 2996 1978 μὴ
3032 1910 3354 1979 δοκιμάζειν
3382 1911 3523 1981 ἔχων
3549 1912 3627 1976 ὡς

2042 1977 2335 2066 ἀλλοεθνῆς
2366 1990 2594 2051 καὶ-τῶν
2612 1998 2901 2070 ἡμετέρων
2927 1977 3099 2053 δοκῶν
3122 1977 3374 2066 ἀξύνετος
3397 1977 3630 2057 δήτοσοῧο

2040 2108 2132 2154 τος
2167 2090 2265 2161 τὴν
2292 2091 2497 2159 γνῶσιν
2518 2092 2932 2164 ελπαρεθεώρει,
2981 2094 3153 2164 ἀλλην
3185 2095 3243 2150 δέ
3280 2114 3403 2152 τινα
3436 2098 3631 2168 ὁμολο-

2043 2182 2167 2251 γίαν
2219 2184 2277 2252 ἐξ
2312 2185 2511 2239 ἑαυτοῦ
2552 2184 2767 2257 ἔγραφε
2823 2187 2920 2242 καὶ
2959 2188 3304 2262 ὑπέγραψεν,
3348 2193 3517 2265 αὐτὴν
3561 2194 3627 2267 δὴ

2045 2365 2099 2420 in
2134 2373 2286 2421 tomo
2318 2367 2441 2438 ejus
2477 2368 2675 2424 vitiose
2731 2372 2997 2441 scriptum
3045 2380 3183 2431 erat.
3220 2372 3503 2443 pra'l‘racte
3533 2390 3629 2430 ne-

2051 2458 2197 2528 gavit
2253 2475 2581 2532 agnoscere,
2614 2478 2673 2518 se
2710 2465 3008 2534 quidquam
3048 2466 3099 2517 in
3148 2482 3249 2523 suo
3296 2476 3445 2522 tmno
3485 2470 3628 2539 quod

2043 2553 2328 2607 emendari
2354 2569 2495 2624 opus
2525 2566 2692 2616 esset,
2721 2557 2787 2611 de
2820 2559 3087 2625 petitione
3112 2559 3337 2630 insuper
3372 2561 3461 2616 illa
3490 2562 3629 2632 ipsa,

2045 2639 2125 2694 uti
2160 2641 2227 2695 de
2252 2641 2490 2711 irrogata
2520 2643 2621 2697 sibi
2654 2646 3010 2708 contumelia,
3043 2662 3408 2715 conquerens,
3440 2649 3631 2720 iraque

2044 2746 2110 2786 ex
2160 2730 2302 2787 fastu
2354 2749 2460 2788 non
2515 2734 2727 2788 modica
2767 2737 3022 2791 saeviens.
3051 2738 3143 2793 Sic
3177 2740 3378 2807 repulsi
3414 2741 3506 2809 qui
3539 2756 3636 2811 pa-

2045 2826 2346 2881 triarcbam
2380 2826 2629 2881 adierant
2656 2867 2671 2892 ,
2713 2828 3032 2895 imperatori
3089 2831 3477 2886 renuntiarunt
3520 2847 3629 2887 non

2046 2918 2211 2972 modo
2245 2932 2426 2986 prava:
2464 2927 2655 2971 contra
2688 2916 2809 2972 ﬁdei
2855 2919 3052 2989 dogma
3100 2922 3492 2989 persuasionis,
3532 2924 3630 2979 sed

2047 3010 2233 3064 addita
2274 3011 2400 3064 huic
2436 3010 2743 3077 pervicacia
2778 3009 2943 3065 etiam
2976 3012 3249 3068 haereseos
3285 3026 3629 3090 compertum

350 3100 688 3157 declaravit.
720 3100 819 3155 Hie
860 3101 1163 3171 logotheta,
1200 3099 1347 3155 velut
1406 3098 1612 3171 apertis
1666 3098 1769 3153 s‘thi
1806 3112 1938 3152 ocu-
1966 3071 2012 3134 Ο
2046 3117 2167 3155 cttm
2204 3101 2399 3155 teneri.
2454 3100 2836 3173 Deincepsque
2881 3104 3084 3160 sensim
3139 3104 3363 3173 plurimi
3415 3071 3483 3161 ab
3513 3087 3632 3175 ejus

348 3197 444 3259 lis,
466 3196 628 3267 prius
649 3211 759 3251 non
785 3193 1226 3250 animadversam
1248 3194 1470 3250 intuens
1488 3195 1687 3256 labem,
1714 3200 1937 3263 aspectu

349 3292 601 3355 resiliit,
639 3290 907 3361 verbique
963 3290 1184 3345 insidiis
1251 3299 1502 3360 opertum
1559 3290 1762 3343 malum
1812 3301 1936 3341 cum

350 3383 599 3454 primum
629 3391 957 3453 agnosceret
977 3383 1241 3438 detestari
1274 3396 1333 3437 se
1360 3380 1665 3451 professus,
1688 3385 1940 3439 maxima:

349 3481 724 3551 patriarcham
786 3477 1019 3533 inscitiae
1066 3476 1390 3536 damnavit:
1429 3491 1538 3531 nec
1594 3475 1768 3530 abfuit
1806 3478 1937 3547 quin

353 3579 654 3644 propagata
700 3584 765 3626 ea
802 3585 891 3625 res
943 3568 1000 3624 in
1035 3568 1283 3624 notitiam
1334 3568 1631 3621 multorum
1680 3566 1829 3620 brevi
1870 3569 1936 3622 ad

354 3683 522 3724 aures
579 3664 929 3735 imperatoris
971 3662 1306 3733 perveniret,
1343 3660 1437 3732 qui
1479 3671 1537 3715 et
1570 3661 1685 3728 ipse
1719 3661 1773 3715 in
1814 3677 1942 3716 sen-

353 3778 475 3818 sum
521 3774 727 3816 arcane
787 3761 1018 3828 pravum
1051 3755 1345 3812 verborum
1387 3756 1522 3809 tomi
1555 3756 1939 3823 ambiguorum

354 3852 522 3909 facile
564 3859 646 3907 tot
670 3851 787 3922 jam
841 3849 1257 3921 agnoscentium
1292 3847 1576 3903 admonitu
1622 3856 1940 3917 penetrans,

355 3948 675 4016 multosque
712 3958 777 3999 ac.
831 3936 1065 4014 magnos
1100 3939 1251 3996 viros
1298 3954 1533 3995 cernens
1585 3943 1637 3993 in
1668 3940 1942 4010 culpando

357 4040 491 4096 torni
529 4041 675 4102 loco,
726 4036 935 4092 clarius
975 4050 1005 4089 a
1063 4033 1248 4089 Marco
1284 4048 1614 4103 expressam
1650 4034 1943 4092 obscurius

359 4144 647 4191 astruente
679 4132 1037 4196 sententiam,
1071 4128 1319 4184 unanimi
1354 4143 1586 4183 assensu
1621 4126 1939 4194 convenire,

359 4226 609 4284 decrevit
653 4240 779 4280 eum
838 4232 1095 4294 oportere
1159 4235 1401 4291 congrua
1454 4221 1840 4276 emendatione
1884 4222 1941 4276 in

360 4336 584 4377 sensum
610 4317 931 4373 orthodoxa:
955 4314 1221 4370 doctrinae
1244 4327 1410 4384 quam
1434 4300 1943 4368 accommodatissi-

362 4424 511 4463 mum
540 4405 834 4461 reformari
864 4419 881 4459 :
911 4420 1017 4460 non
1040 4406 1188 4459 enim
1213 4418 1336 4459 esse
1364 4410 1817 4468 consentaneum,
1848 4401 1943 4474 qui

362 4501 504 4557 alios
533 4498 859 4556 deiectionis
883 4512 914 4553 a
951 4512 1078 4551 vera
1108 4496 1213 4552 fide
1241 4502 1593 4561 accusarent,
1626 4494 1745 4565 ejus
1771 4496 1945 4565 ipsius

360 4594 535 4649 teneri
589 4592 883 4647 convictos
938 4588 1223 4653 criminis;
1269 4596 1434 4658 atque
1485 4586 1623 4641 adeo
1678 4587 1767 4642 isti
1800 4588 1945 4643 malo

360 4687 608 4741 curando
638 4686 690 4739 id
723 4684 987 4738 adhibere
1014 4696 1115 4753 pro
1141 4682 1409 4744 remedio,
1435 4681 1581 4751 quod
1614 4682 1790 4751 ipsum
1824 4696 1947 4736 esse

365 4783 572 4840 malum
607 4778 1132 4849 deprehenderetur.
1170 4772 1323 4830 Talia
1357 4772 1485 4829 dum
1537 4774 1713 4843 primo
1749 4775 1947 4829 mussi-

360 4879 633 4933 tarentur,
661 4866 861 4923 deinde
898 4867 1105 4922 sensim
1165 4864 1627 4929 inereheseerent,
1673 4866 1814 4917 hami
1851 4866 1947 4919 ditt

364 4970 597 5033 potuere
649 4959 918 5015 occultari
964 4957 1311 5029 patriarchae.
1350 4957 1518 5010 Audit
1557 4957 1667 5011 cito
1705 4974 1818 5012 rem
1866 4970 1948 5014 to—

368 5062 507 5117 tam,
543 5064 598 5109 et
626 5052 759 5123 quid
797 5062 1084 5122 pararetur
1117 5050 1479 5119 intelligens,
1517 5048 1570 5101 in
1601 5050 1948 5105 contumelia:

365 5158 478 5200 non
527 5141 835 5199 tolerabilis
874 5149 1029 5211 parte
1078 5139 1390 5194 numeravit
1424 5138 1695 5194 ise'tanta
1742 5155 1805 5194 ex
1836 5149 1944 5195 tam

367 5236 542 5291 multo
597 5234 918 5304 theologicae
981 5232 1140 5303 120
1205 5232 1471 5287 doctrinae
1536 5232 1947 5288 existimatione

369 5316 663 5385 subnixum
716 5326 969 5381 accusari
1012 5325 1376 5379 aberrationis
1406 5340 1434 5378 a
1470 5324 1728 5395 dogmate
1754 5315 1945 5379 ortho-

370 5420 536 5481 doxo,
581 5417 840 5487 ejusque,
868 5427 926 5470 ut
977 5417 1060 5470 sui
1094 5415 1312 5486 quidem
1366 5416 1667 5471 adversarii
1715 5430 1945 5485 persua-

372 5514 502 5564 dere
522 5518 882 5576 conarentur,
923 5508 1083 5579 longe
1113 5508 1454 5577 gravissima:
1486 5523 1551 5564 ac
1590 5511 1943 5579 turpissimae.

372 5590 578 5669 Quare.
608 5602 677 5658 ad
736 5602 886 5658 hunc
946 5602 1035 5656 tali
1080 5600 1454 5671 indignatione
1492 5611 1941 5671 praeoccupatum

376 5708 499 5750 cum
534 5694 928 5767 venissentqui
955 5705 1210 5766 rogarent
1238 5704 1296 5751 ut
1327 5696 1445 5766 ipse
1478 5696 1775 5767 corrigeret
1795 5694 1939 5766 quod

2044 3194 2437 3249 communione
2487 3209 2548 3248 se
2611 3194 3053 3259 abscindebant,
3109 3209 3167 3252 ut
3228 3198 3469 3255 hominis
3521 3216 3628 3256 non

2043 3287 2352 3357 ignorantia
2403 3287 2614 3344 scilicet
2650 3287 2813 3359 lapsi,
2854 3301 2947 3343 aut
2978 3290 3032 3343 in
3077 3299 3233 3358 raptu
3279 3290 3477 3347 mentis
3518 3292 3629 3349 alio

2047 3390 2275 3436 attenta:
2305 3396 2453 3437 caeco
2478 3395 2575 3451 per
2605 3381 2876 3437 lubricum
2904 3382 3139 3451 impulsu
3168 3384 3220 3438 in
3255 3386 3467 3441 ruinam
3495 3402 3631 3457 pra:-

2044 3473 2279 3541 cipitati,
2306 3473 2400 3528 sed
2429 3483 2579 3530 certa
2614 3473 2844 3529 scientia
2876 3473 3095 3544 ﬁxaque
3123 3474 3292 3530 animi
3327 3478 3628 3547 pertinacia

2046 3580 2291 3620 errorem
2331 3567 2700 3637 amplexantis
2731 3582 2919 3623 suum.

2044 3679 2178 3745 5,6.
2242 3682 2315 3736 De
2366 3682 3119 3749 patriarchis-Alexandrino
3178 3696 3227 3740 et
3282 3686 3624 3747 Antiocheno.

2154 3750 2390 3807 διεσεσίο
2441 3753 2765 3821 patriarcha
2801 3754 3045 3823 Gregorii
3096 3773 3124 3809 e
3164 3758 3516 3825 patriarcht‘o.

2119 3845 2245 3900 Haec
2279 3845 2605 3915 patriarcha!
2642 3848 2991 3902 contumaria
3023 3856 3082 3901 ut
3108 3850 3322 3905 cunctis
3349 3850 3628 3908 videretur

2044 3937 2466 4001 intolerabilion
2493 3937 2765 3992 faciebant
2787 3955 2909 4009 quae
2935 3940 3099 4009 paulo
3127 3943 3284 4011 prius
3317 3942 3368 3997 in
3399 3960 3628 4001 summa:

2045 4031 2325 4100 dignitatis
2378 4033 2839 4102 anetoritatisque
2879 4048 3147 4102 personas
3182 4036 3537 4091 severissime
3572 4039 3626 4093 in

2044 4123 2149 4178 hoc
2187 4139 2388 4193 gruere
2423 4125 2507 4194 agi
2541 4140 2735 4179 omnes
2776 4126 3045 4181 viderant.
3081 4126 3136 4181 In
3184 4131 3388 4183 recenti
3426 4131 3629 4200 quippe

2051 4215 2317 4269 memoria
2375 4215 2700 4270 versabatur
2756 4232 2918 4283 quam
2974 4218 3122 4271 nulla
3181 4218 3380 4274 fuisset
3444 4220 3627 4273 habita

2046 4308 2187 4363 ratio
2210 4308 2452 4373 virtutis,
2472 4290 2735 4363 doctrinae
2759 4310 3070 4379 gradusque
3093 4311 3397 4379 conspicui,
3432 4312 3635 4381 quibus

1974 4422 2023 4484 ο
2050 4400 2525 4469 Constantinopoli
2566 4402 2921 4470 peregrinans
2974 4400 3254 4456 eminebat
3294 4402 3632 4462 Athanasius

2048 4493 2457 4549 Alexandrinus
2499 4495 2841 4565 patriarcha,
2894 4510 3019 4549 cum
3058 4495 3210 4550 illum
3263 4498 3630 4556 ecclesiastici

2046 4587 2264 4642 volente
2326 4588 2653 4658 imperatore
2705 4588 3192 4645 vehementissime
3245 4604 3504 4647 ursorum
3562 4593 3630 4649 ad

2045 4678 2513 4748 Subscriptionem
2547 4680 2703 4740 tomi,
2734 4680 3082 4749 gravissimis
3109 4680 3331 4738 inﬂictis
3357 4687 3632 4742 recusanti

2046 4773 2247 4837 poenis,
2294 4787 2470 4838 usque
2513 4772 2579 4825 ad
2630 4774 2803 4841 ipsam
2858 4774 3187 4842 ejectionem
3242 4776 3297 4829 in
3349 4777 3629 4833 exsilium.

2047 4864 2258 4930 Quibus
2288 4864 2379 4917 illc
2413 4863 2579 4918 minis
2612 4866 2884 4935 malisque
2918 4881 3026 4920 non
3069 4877 3375 4936 pertractus
3407 4872 3626 4941 quidem

2048 4970 2278 5027 prorsus
2327 4966 2410 5010 est
2447 4970 2512 5010 eo
2563 4971 2673 5024 quo
2712 4955 3095 5023 impellebatur
3139 4973 3156 5014 :
3196 4968 3377 5015 tamen
3435 4962 3629 5018 acerba

2047 5049 2283 5117 plurima
2340 5064 2656 5119 perpessus,
2698 5052 2918 5105 tandem
2971 5051 3160 5121 aliquo
3210 5055 3376 5109 modo
3412 5056 3633 5112 satisfa-

2047 5155 2172 5197 cere
2200 5143 2439 5206 curavit,
2477 5143 2712 5214 allegata
2739 5145 3100 5200 excusatione
3145 5148 3446 5217 plausibili,
3481 5151 3629 5205 haud

2048 5248 2209 5288 suum
2242 5248 2383 5297 esse,
2416 5236 2656 5290 hominis
2686 5235 2844 5307 longe
2874 5253 3033 5313 asua
3065 5239 3305 5296 Ecclesia
3333 5244 3497 5296 vitam
3534 5261 3632 5313 pe-

2048 5342 2206 5397 regre
2256 5328 2521 5397 privatam
2555 5329 2865 5395 actitantis,
2901 5332 3171 5402 scriptum
3216 5336 3468 5403 praesidis
3511 5339 3631 5407 ejus

2049 5420 2203 5473 urbis
2226 5420 2279 5474 in
2308 5436 2414 5489 qua
2456 5422 2568 5491 ipse
2598 5422 2799 5492 hospes
2832 5423 3075 5495 degeret,
3126 5425 3339 5495 judicio
3367 5443 3469 5483 suo
3498 5429 3632 5484 sub-

2044 5511 2239 5579 jicere,’
2270 5512 2415 5580 quod
2454 5514 2707 5569 {acturus
2741 5516 3049 5584 videretur,
3097 5519 3142 5573 si
3191 5534 3353 5573 suum
3395 5520 3535 5577 illia
3573 5538 3633 5577 se

2048 5603 2191 5657 lecto
2218 5604 2571 5665 subscribere
2604 5625 2803 5665 nomen
2840 5619 3137 5669 attentaret
3159 5612 3212 5667 in
3255 5613 3471 5681 signum
3500 5629 3631 5669 sen-

2051 5701 2231 5755 tentia:
2270 5700 2336 5755 de
2366 5701 2487 5773 ipso
2514 5720 2646 5774 suae,
2682 5707 2987 5777 praesertim
3009 5724 3131 5765 cum
3166 5707 3399 5777 probare
3432 5708 3632 5763 librum
