4094 6234
584 267 722 333 "I39

1807 264 2135 327 GEORGII
2184 264 2480 327 PACHYM
2496 268 2661 328 ΕΗίΕ

3777 265 3878 333 M0

612 384 681 461 ἦν
735 389 984 460 άπαντᾷν
1022 388 1101 452 εἰς
1153 386 1355 459 κρίσιν.
1389 386 1553 441 Ὅθεν
1594 387 1687 440 καὶ
1743 385 1946 458 ὥριστο
1998 385 2102 455 μὲν
2155 387 2187 453 ἠ
2222 387 2267 446 Α
2296 389 2394 458 τὴν
2426 388 2723 457 ὁμολογίαν
2760 387 2861 457 τῆς
2919 386 3155 457 φύσεως.
3190 386 3265 451 ὡς
3314 385 3500 458 έχουσι
3536 387 3885 457 φαινομένων

613 483 815 554 ἡμέρα,
847 481 1051 554 ὥριστο
1078 483 1120 536 δ’
1159 484 1187 536 ό
1214 482 1397 545 τόπος·
1427 483 1455 536 ὁ
1488 481 1532 535 δ’
1555 478 1624 553 ἦν
1653 480 1712 533 τὸ
1741 480 1885 551 μέγα
1913 479 2009 533 τοῦ
2035 479 2193 550 βασι-

610 574 745 637 λέως
770 574 1059 627 παλάτιον.
1112 573 1428 627 Ἐτάττοντο
1459 574 1506 626 οἱ
1546 572 1758 641 κριταὶ,
1791 572 1840 625 οί
1873 571 2195 641 κατηγορη-

598 653 794 729 ’σοντες
823 664 1204 735 ἡτοιμάζοντο·
1232 662 1280 715 οἱ
1308 661 1352 715 δ’
1376 658 1517 734 ἦσαν
1543 663 1591 716 οί
1620 660 1933 733 σχισθέντες
1952 660 2191 723 ἐκείνου.

606 760 720 812 ὅσοι
767 775 827 812 τε
880 759 990 811 τῶν
1017 756 1323 827 άρχιερέων
1357 757 1451 809 καλ⁸
1482 756 1598 810 ὅσοι
1632 755 1743 808 τῶν
1776 753 2081 826 κληρικῶν.
2110 752 2194 808 Τὰ

609 854 772 908 πάντ’
801 851 1069 924 εὐτρεπῆ,
1098 852 1206 905 ἔδει
1232 849 1287 905 δὲ
1318 849 1594 904 συνελθεῖν
1624 850 1717 903 καὶ
1750 848 1933 919 μόνονε
1972 848 2060 911 Ὠς
2084 847 2128 901 δ’
2158 849 2192 916 ἠ

612 948 775 1018 κυρία
804 947 1058 1017 παρέστη
1089 946 1185 999 καὶ
1211 946 1459 1016 άπαντᾷν
1487 944 1594 996 εδει
1629 944 1708 1006 εἰς
1734 941 1930 996 ταυτὸν
1962 940 2190 1004 πάντας,

604 1039 671 1114 [Ρ
703 1040 796 1114 84]
830 1040 993 1104 αὐτὸς
1029 1040 1249 1109 σύναμα
1288 1041 1403 1100 τοῖς
1448 1038 1585 1109 ἀμφ’
1617 1037 1781 1091 αὐτὸν
1820 1034 2192 1106 πρωῖαίτερον

608 1133 958 1207 ἑτοιμασθεὶς
997 1132 1235 1202 tutum;
1262 1132 1359 1185 σὺν
1390 1131 1649 1199 ὲφίπποις
1687 1130 1823 1201 πρὸς
1848 1128 1910 1183 τὸ
1933 1129 2193 1182 παλάτιον

576 1228 846 1299 -ἁπαντᾷ,
884 1225 979 1282 καί
1017 1242 1124 1280 που
1184 1224 1475 1294 ἱστάμενος
1526 1223 1631 1289 ἔξω
1661 1223 1737 1286 ὡς
1794 1221 1983 1293 ἔτυχεν
2028 1220 2190 1291 ἔχων,

604 1322 776 1392 δήλην
815 1319 894 1391 τῷ
955 1318 1173 1390 βασιλά
1194 1316 1295 1389 τὴν
1329 1318 1599 1388 σφετέραν
1651 1314 1980 1387 ποιούμενος
2009 1311 2193 1381 ἄφιξιν

602 1416 857 1486 άπαντᾷν
886 1414 985 1481 τὴν
1011 1414 1276 1484 ταχίστην
1328 1410 1425 1465 καὶ
1472 1410 1667 1482 κριτὰς
1712 1410 1808 1462 καὶ
1847 1407 2194 1479 κατηγόρους

605 1506 785 1579 ἠξίου.
841 1506 897 1561 Ὅ
953 1506 1259 1576 μέντοιγε
1318 1501 1573 1573 βασιλεὺς
1619 1501 1934 1571 σοφώτερον
1995 1518 2047 1553 τι
2100 1498 2200 1552 καὶ

608 1600 908 1673 βαθύτερον
944 1598 1167 1663 ἐννοῶν,
1201 1598 1275 1663 ὡς
1306 1597 1596 1666 γεγονυίας
1625 1594 1727 1665 τῆς
1765 1593 2052 1657 διαλέξεως
2101 1591 2195 1644 οὐ-

605 1696 695 1751 δὲν
724 1694 863 1758 δλως
888 1694 1131 1765 χωρήσει
1152 1690 1273 1746 κατ’
1297 1689 1461 1763 ὀρθὸν
1483 1691 1545 1743 τὸ
1572 1688 1827 1759 πρᾶγμα.
1861 1686 1935 1750 ὡς
1966 1685 2197 1754 θάτερον

2301 482 2406 534 καὶ-
2431 480 2505 553 μὴ
2535 483 2609 546 ὡς
2650 480 2919 549 λέγονται,
2954 479 3130 534 ταῦτα
3173 481 3461 549 σκοπήσας
3484 517 3499 541 .
3540 478 3641 533 καὶ
3676 481 3883 550 μᾶλλον

2298 575 2379 625 ὅτι
2408 575 2521 635 τοῖς
2553 573 2954 626 καταδαλοῦσιν
2986 573 3087 627 οὐκ
3131 573 3212 636 είς
3240 572 3485 640 ἀσφαλές
3516 573 3696 643 πάντη
3728 590 3889 644 περι-

2302 664 2460 736 σταίη
2511 668 2578 721 ἂν
2611 667 2671 720 τὺ
2705 665 2949 741 πραχθὲν
3008 666 3083 729 ὡς
3136 667 3217 729 είς
3266 664 3561 743 ὀϐελισμὸν
3596 667 3893 737 ἀγομένοις
3936 715 3938 718 ,

2299 754 2385 809 διὰ
2437 756 2535 827 τὴν
2575 756 2669 810 τοῦ
2699 756 3079 828 χειροτονητοῦ
3113 756 3489 825 παραὸασίαν,
3527 757 3628 810 καὶ
3686 754 3895 825 μᾶλλον

2298 852 2379 905 ὅτι
2412 853 2508 906 καὶ
2541 849 2602 903 τὸ
2632 850 2937 922 ἐπισφαλὲς
2970 849 3369 920 ὁμολογοῦντες
3404 849 3755 920 ὑπέγραψαν,
3789 850 3897 902 οὐκ

2299 946 2511 1017 ἔκρινεν
2557 947 2638 1009 εἰς
2674 946 2952 1016 συμφέρον
3006 945 3263 1015 γενέσθαι
3309 946 3410 1014 τὴν
3465 945 3677 1016 κρίσιν,
3726 944 3900 998 Ὅθεν

2299 1038 2394 1090 καὶ
2447 1036 2673 1107 πέμψας
2711 1038 2938 1109 ἀπήρτα
2970 1037 3070 1108 τὴν
3098 1037 3460 1092 διαδικασίαν.
3493 1038 3604 1091 Καὶ
3635 1035 3746 1106 γὰρ
3798 1038 3901 1088 καὶ

2298 1130 2345 1184 οἱ
2376 1128 2646 1183 ἀντίθετοι
2676 1129 2853 1201 τούτῳ
2888 1129 3107 1200 εὐφυῶς
3132 1129 3513 1200 ἀπεκρούοντο
3541 1129 3611 1181 τὰ
3635 1129 3735 1197 τῆς
3763 1129 3900 1197 κρί-

2300 1238 2458 1288 σεως,
2483 1222 2585 1276 οὐκ
2611 1223 2691 1286 είς
2729 1224 3010 1294 συμφέρον
3041 1222 3262 1276 ἔσεσθαι
3295 1223 3428 1280 τοὺς
3457 1222 3651 1289 λόγους
3682 1220 3903 1273 πολλῶν

2302 1316 2637 1386 κινηθέντων
2690 1316 3207 1387 διαϐεϐαιούμενοι,
3267 1315 3489 1369 ἔπειθον
3545 1315 3603 1368 δὲ
3664 1313 3901 1385 βασιλέα

2303 1408 2546 1479 πέμπειν
2574 1410 2667 1462 καὶ
2692 1407 2879 1474 ἀξιοῦν
2914 1409 3175 1480 παρέχειν
3201 1407 3449 1462 λίδελλον
3474 1408 3897 1478 παραιτήσεως.

2301 1502 2452 1573 Μηδὲ
2483 1501 2595 1572 γὰρ
2631 1504 2711 1565 είς
2744 1502 3026 1574 συμφέρον
3060 1501 3285 1557 ἔσεσθαι
3326 1502 3426 1573 τὴν
3461 1500 3735 1569 ἐξέτασιν,
3791 1502 3901 1554 αὖ·

2301 1597 2427 1660 τοὺς
2453 1595 2498 1649 δ’
2530 1595 2785 1650 ἐντεῦθεν
2816 1597 3103 1664 ὁμολογεῖν
3157 1596 3382 1665 εὐσεϐῆ,
3419 1596 3514 1649 καὶ
3562 1593 3765 1665 μηδένα
3801 1595 3900 1647 τὸν

2303 1688 2599 1759 δισταγμδν
2645 1688 2738 1742 ἐπὶ
2775 1690 2894 1752 ταῖς
2928 1691 3070 1753 σαῖς,
3110 1689 3265 1759 φησὶ,
3304 1687 3497 1759 φέρειν
3534 1686 3741 1752 δόξαις.
3801 1689 3904 1757 μέ-

609 1786 815 1856 ἀμφοῖν
846 1764 1127 1853 γενέσθαι,
1155 1782 1189 1854 ἢ
1213 1782 1422 1835 ὶκεῖνον
1451 1779 1691 1849 φανέντα
1713 1776 2197 1848 κακὸνησυχάζειν
2228 1764 2271 1819 Β
2302 1800 2389 1835 νον
2429 1781 2485 1836 δὲ
2518 1781 2978 1852 σκανδαλισοῆναι
3002 1782 3092 1835 διὰ
3132 1781 3195 1834 τὸ
3220 1781 3315 1836 τοῦ
3346 1781 3579 1852 Μάρκου
3624 1781 3897 1851 γράμμα,

605 1882 639 1955 ἢ
696 1879 937 1943 ἐκείνους
984 1876 1255 1938 διαδολεῖς
1294 1872 1607 1943 ὁμολογεῖν,
1659 1872 1798 1925 ἀλλὰ
1850 1872 2196 1941 παραμένειν

607 1976 704 2029 καὶ
728 1969 886 2038 αὖθις
917 1972 978 2025 τὸ
1010 1969 1328 2036 σκάνδαλον,
1362 1968 1583 2037 φύσεως
1613 1966 1846 2038 ἑχόντων
1879 1967 1991 2019 τῶν
2023 1964 2199 2033 λόγων

604 2068 785 2140 λόγοις
844 2064 1137 2138 μάχεσθαι,
1192 2064 1267 2128 ὡς
1303 2062 1649 2133 πραγμάτων
1683 2062 1777 2116 καὶ
1827 2060 2005 2131 μόνοιν
2055 2054 2198 2114 εἰναι

603 2252 829 2321 dignum
863 2248 957 2320 qui
990 2246 1190 2302 throno
1242 2245 1661 2315 subrogarctur.
1713 2238 1950 2296 Admisit
2000 2255 2200 2311 propo-

606 2344 866 2404 sitionem
897 2342 1219 2410 imperator,
1260 2347 1314 2391 et
1347 2336 1535 2390 missis
1570 2333 1637 2389 ad
1677 2332 2003 2403 Gregorium
2034 2332 2199 2387 certis

608 2412 931 2492 hominibus
967 2434 1018 2488 ei
1052 2431 1383 2503 signiﬁcavit
1427 2428 1559 2496 quid
1604 2428 1725 2495 ejus
1769 2427 2069 2481 adversarii
2106 2441 2202 2495 po—

609 2541 847 2587 scerent.
873 2530 988 2584 lloc
1012 2526 1105 2582 ille
1125 2528 1365 2598 cognito.
1383 2524 1817 2595 qualemcunque
1831 2520 2198 2590 arripiendaiu

605 2624 957 2681 occasionem
1022 2618 1611 2694 putans’tu‘rpissimaa
1655 2617 1851 2671 inustas
1895 2630 1999 2671 suo
2045 2613 2200 2682 prius

606 2719 714 2774 late
749 2718 955 2789 inclon
987 2714 1202 2772 nomini
1237 2708 1587 2769 labissemel
1646 2710 1918 2773 eluendae,
1953 2718 2203 2779 prompte

605 2812 827 2873 admisit
850 2814 995 2882 quod
1017 2809 1382 2872 oll‘erebatur,
1411 2806 1937 2878 paratissimumque
1964 2820 2024 2859 se
2050 2802 2203 2856 exhi-

606 2910 725 2964 buit
767 2907 1085 2963 vadimonio
1120 2903 1388 2962 sistendo.
1436 2902 1559 2960 Dies
1613 2903 1740 2957 inde
1790 2902 1934 2957 dicta
1986 2899 2202 2970 judicio

606 3012 711 3067 est,
746 3002 1175 3071 designatusque
1201 2998 1357 3055 locus
1384 3012 1640 3069 magnum
1666 2997 1931 3068 palatium
1962 2996 2203 3065 impera-

581 3096 763 3152 -toris.
800 3093 1169 3149 Nominantur
1202 3092 1442 3163 iudices,
1477 3100 1833 3146 accusatores
1868 3104 2200 3161 comparan-
2228 3127 2272 3183 ε

605 3201 717 3246 tur.
765 3190 936 3245 Erant
967 3188 1023 3245 hi
1060 3176 1337 3259 quotquot
1379 3202 1445 3243 ex
1478 3184 1758 3257 episeopis
1798 3194 1852 3241 et
1882 3185 2101 3240 clericis
2142 3200 2201 3240 se

606 3284 784 3355 palam
810 3299 839 3339 a
870 3281 1141 3355 Gregorio
1167 3281 1545 3337 absciderant.
1571 3280 1762 3334 Parata
1789 3289 1987 3335 cuncta
2014 3290 2199 3345 erant,

606 3379 662 3433 in
717 3377 1004 3447 procinctu
1060 3373 1315 3444 proximo
1374 3380 1701 3427 conventus.
1764 3372 1932 3428 Adest
1994 3382 2203 3428 statuta

587 3471 750 3537 salies,
778 3484 885 3538 qua
925 3466 1295 3539 congregandi
1331 3479 1524 3521 omnes
1550 3465 1603 3518 in
1642 3465 1763 3519 loco
1802 3466 2205 3535 exspectaban-

607 3576 713 3619 tur.
748 3562 1047 3619 Universos
1075 3561 1351 3631 praavertit
1378 3562 1689 3629 patriarcha
1718 3573 1843 3614 cum
1873 3559 2016 3623 suis,
2048 3574 2207 3613 mane

608 3657 770 3730 125
796 3657 909 3728 jam
946 3666 1062 3712 tum
1120 3654 1308 3724 primo
1350 3649 1523 3722 eques
1572 3654 1687 3723 ipse
1720 3668 1847 3707 cum
1880 3652 2043 3707 sociis
2077 3654 2204 3706 item

602 3751 890 3822 equitibus
935 3750 1002 3804 ad
1052 3761 1313 3816 maguum
1352 3745 1618 3816 palatium
1656 3745 1948 3815 expeditus
1996 3760 2195 3799 occur-

607 3854 757 3896 rens.
796 3840 877 3894 Ac
910 3838 1000 3893 ubi
1040 3837 1279 3906 primum
1332 3834 1605 3905 palatinos
1660 3835 1943 3889 ministros
1975 3833 2204 3904 reperit,

605 3934 943 3997 consistens,
970 3929 1407 3998 nuntiarejussit
1447 3918 1768 4000 imperatori
1810 3943 1970 3982 suum
2007 3928 2207 3982 adven-

609 4038 745 4092 tum,
807 4038 1108 4095 rugareque
1158 4038 1189 4078 a
1230 4039 1289 4078 se
1341 4030 1399 4075 ut
1440 4021 1655 4089 iudices
1690 4020 2102 4089 quamprimum
2154 4030 2208 4074 et

608 4129 957 4175 accusatores
1000 4118 1152 4171 coire
1188 4132 1318 4172 suos
1359 4116 1537 4170 vellet.
1575 4114 1771 4170 Verum
1809 4115 2109 4185 imperator
2151 4130 2208 4169 re

615 4191 883 4267 attentius
920 4208 1269 4265 considerata
1297 4220 1604 4262 mutaverat
1649 4209 1999 4263 sententiam.
2034 4208 2208 4276 ltepe-

522 4338 526 4343 ο
608 4316 735 4360 teris
772 4303 935 4356 enim
999 4300 1263 4354 memoria
1321 4313 1640 4353 successum
1695 4300 1894 4353 similis
1946 4299 2205 4369 colloquii

608 4412 736 4452 cum
782 4391 962 4450 Vecco
1020 4393 1214 4455 habiti,
1266 4407 1329 4446 ex
1377 4408 1487 4461 quo
1538 4391 1853 4446 nihil.utile
1901 4395 1964 4444 ad
2021 4408 2209 4462 pacem

2300 1874 2328 1928 δ
2351 1877 2444 1930 καὶ
2471 1874 2632 1939 αὐτὸς
2668 1878 2732 1929 σὺ
2763 1874 2977 1944 φθάσας
3014 1874 3278 1939 πολλάκις
3311 1876 3434 1938 ταῖς
3471 1872 3769 1935 άποδολαῖς
3805 1873 3898 1926 δέ-

2299 1966 2477 2029 δωκας
2503 1965 2578 2030 ὡς
2606 1967 2761 2037 παρὰ
2799 1966 2861 2020 τὸ
2896 1966 3057 2036 ὀρθὸν
3094 1965 3351 2020 συντεθὲν
3379 1965 3480 2035 τῆς
3508 1963 3699 2035 κοινῆς
3723 1961 3901 2032 δόξης

2299 2060 2399 2132 τῆς
2446 2060 2797 2133 Ἕκκλησίας,
2826 2063 2920 2115 καὶ
2944 2060 3035 2114 διὰ
3062 2060 3237 2115 ταῦτα
3258 2059 3474 2115 δίκαιον
3506 2052 3648 2113 εἶναι
3678 2056 3905 2129 βασιλεῖ

2302 2248 2612 2319 loquacitas
2670 2247 3063 2319 scaturigincrn
3118 2260 3336 2317 semper
3376 2250 3639 2317 suggeret
3684 2252 3903 2299 aeterno

2304 2340 2569 2411 proﬂuvio
2603 2339 2982 2406 suffecturam,
3011 2356 3117 2395 una
3145 2341 3289 2415 sola,
3317 2339 3411 2395 sed
3445 2340 3653 2395 dudum
3688 2338 3900 2408 ubique

2302 2435 2587 2504 desperata
2645 2432 2962 2487 conditione
3011 2443 3176 2489 certae
3228 2432 3380 2504 pacis
3436 2432 3579 2486 inter
3636 2430 3900 2485 homines

2304 2528 2604 2597 proposita,
2642 2525 2686 2580 si
2722 2536 2911 2596 posset
2940 2526 3077 2582 edici
3110 2535 3170 2581 ut
3210 2528 3278 2581 de
3306 2526 3473 2583 rebus
3504 2534 3670 2597 prout
3701 2538 3898 2579 revera

2303 2631 2451 2684 sunt,
2495 2634 2602 2673 non
2637 2629 2817 2689 prout
2853 2618 3160 2689 pinguntur
3219 2619 3471 2685 dicendo,
3523 2618 3896 2687 judicaretur.

2254 2746 2257 2747 ν
2305 2714 2549 2782 Denique
2593 2709 3050 2767 adversariorum
3113 2710 3391 2782 Gregorii,
3443 2711 3730 2766 hominum
3788 2710 3897 2764 sibi

2304 2806 2623 2872 charorum,
2670 2821 2841 2861 causa
2895 2813 2949 2860 et
3002 2804 3250 2876 periculo
3308 2804 3555 2860 maxime
3592 2803 3900 2873 imperator

2306 2900 2630 2955 movebatur
2676 2899 2741 2956 ad
2773 2897 3052 2954 vitandam
3097 2900 3271 2953 aleam
3317 2898 3511 2970 judicii
3557 2898 3624 2952 de
3670 2896 3898 2953 nomine

2306 3010 2467 3065 quem
2500 2993 2607 3064 ipsi
2640 2992 3010 3065 patriarcham
3050 2991 3336 3058 fecissent,
3379 2993 3542 3064 cujus
3571 2992 3895 3055 tomo'sub-

2306 3090 2682 3159 scripsissent,
2716 3089 3061 3145 instituendi.
3092 3086 3230 3143 Nam
3254 3090 3360 3144 hoc
3383 3090 3687 3144 secundum
3726 3101 3893 3142 accu-

2308 3182 2550 3238 santium
2596 3196 2723 3251 spes
2769 3194 2834 3235 ac
2866 3190 2995 3235 vota
3033 3180 3314 3246 damnato,
3361 3177 3546 3235 statim
3596 3178 3895 3249 apparebat

2306 3288 2524 3328 errasse
2560 3273 2682 3329 illos
2710 3282 2765 3328 et
2814 3272 3056 3343 pessime
3094 3270 3362 3328 Ecclesia
3392 3270 3759 3335 consuluisse,
3795 3270 3890 3341 qui

2307 3371 2423 3426 suis
2455 3381 2663 3426 temere
2694 3369 2975 3440 sullragiis
3015 3379 3291 3442 suspecta:
3325 3366 3593 3425 doctrinae
3627 3368 3800 3422 virum
3831 3367 3884 3419 in

2309 3466 2566 3520 thronum
2592 3465 2926 3529 evexissent,
2958 3465 3105 3520 unde
3128 3474 3319 3536 postea
3347 3462 3690 3535 deprehensa
3719 3463 3834 3531 ejus
3854 3474 3885 3515 a

2308 3560 2413 3614 tide
2449 3568 2594 3613 recta
2624 3559 2931 3615 delectione
2956 3558 3301 3629 dejiciendus
3330 3557 3646 3614 necessario
3673 3557 3887 3611 fuisset.

2308 3652 2621 3724 Apparebat
2677 3661 2732 3708 et
2780 3654 2989 3708 erroris
3025 3654 3096 3706 ob
3129 3668 3291 3723 quem
3341 3652 3388 3707 is
3418 3652 3715 3706 damnatus
3746 3659 3895 3705 esset

2311 3744 2454 3799 haud
2487 3742 2657 3799 fuisse
2692 3745 2962 3801 immunes
2995 3746 3241 3809 eosdem,
3270 3753 3457 3815 utpote
3490 3744 3584 3815 qui
3613 3743 3778 3800 verba
3806 3743 3898 3797 illa

2308 3848 2590 3908 suspecta.
2627 3838 2731 3893 sub
2754 3837 2959 3908 quibus
2992 3837 3219 3891 latuisse
3251 3837 3501 3893 haeresim
3534 3836 3896 3908 postmodum

2310 3935 2411 4006 ipsi
2447 3936 2840 4003 agnovissent,
2891 3934 3052 4005 126
3100 3948 3198 3988 sua
3244 3933 3599 3989 festinassent
3645 3934 3899 3989 subscri—

2311 4030 2498 4098 ptione
2518 4029 2990 4084 inconsultissime
3008 4030 3243 4082 ﬁrmare.
3267 4026 3389 4094 Quo
3415 4030 3900 4098 utroquenominc

2252 4147 2257 4152 -
2298 4122 2441 4192 quin
2471 4138 2658 4191 poenas
2698 4122 2958 4178 Ecclesia:
2980 4122 3261 4184 deberent,
3296 4128 3405 4176 non
3434 4122 3709 4201 videretur
3730 4137 3901 4192 posse

2311 4217 2573 4271 dubitari.
2638 4214 2735 4271 llis
2795 4216 3054 4271 secunst
3104 4216 3535 4287 cogitationibus
3590 4215 3657 4270 de
3722 4217 3899 4286 priori

2313 4320 2444 4365 tunc
2490 4309 2723 4365 consilio
2769 4311 3051 4365 detractus
3090 4309 3461 4375 Andronicus,
3491 4324 3615 4363 cum
3658 4309 3900 4364 tnisisSt-t

2313 4404 2405 4474 qui
2442 4403 2637 4473 judicii
2676 4414 3003 4473 apparatum
3036 4402 3379 4471 disjicerent,
3414 4401 3555 4457 haud
3593 4401 3827 4477 multum
3865 4403 3903 4457 ii

611 4491 886 4545 Ecclesiae'
903 4487 1268 4559 provenisset,
1302 4484 1823 4554 facileintellig-bat
1850 4486 1991 4539 haud
2034 4486 2200 4555 majo-
2238 4502 2287 4563 ι)
2316 4508 2682 4565 repugnantes
2739 4494 3067 4548 invenerunt
3132 4507 3481 4548 accusatores
3541 4493 3901 4563 patriarchae.

611 4602 724 4639 rem
766 4580 1073 4655 exspectari
1131 4580 1331 4635 debere
1366 4588 1669 4634 conventus
1714 4580 1881 4645 hujus
1938 4578 2207 4634 fructum.

610 4681 854 4733 Alterum
891 4676 1037 4731 enim
1071 4672 1381 4729 necessario
1408 4682 1751 4735 secuturum,
1788 4683 1845 4726 ut
1876 4685 1970 4727 aut
2001 4672 2207 4743 Grcgo-
2228 4688 2242 4705 ί

613 4776 726 4828 rius
761 4784 1021 4841 peccasse
1060 4769 1341 4837 judicatus
1374 4767 1609 4836 indeque
1652 4768 1909 4822 redactus
1964 4768 2014 4820 iu
2055 4770 2205 4821 ordi-

613 4884 740 4923 nent
772 4864 1021 4935 privatus
1057 4862 1287 4922 viveret,
1319 4868 1415 4914 aut
1454 4859 1624 4929 ipsius
1660 4860 1839 4929 palam
1887 4862 2201 4915 innocentia

613 4967 901 5030 ιιιτι-ενεοια
922 4956 1047 5025 ejus
1074 4953 1377 5009 adversarii
1405 4950 1651 5007 infamia:
1686 4968 1750 5007 ac
1777 4956 1955 5022 pinnis
1988 4956 2201 5009 calum-

612 5055 893 5107 niatorum
966 5049 1338 5118 subjacerent.
1398 5043 1683 5101 Utrumvis
1742 5056 1923 5100 autem
1984 5048 2202 5100 contiu-

612 5157 784 5218 geret,
821 5158 1140 5199 mansurum
1180 5140 1544 5195 nihilominus
1578 5137 1835 5195 Ecclesia:
1859 5139 2202 5206 scandalum,

613 5258 713 5295 nec
749 5238 1037 5295 remissius
1067 5234 1325 5292 saevitura
1364 5234 1665 5288 rixantium
1694 5232 1898 5303 jurgia,
1930 5248 2054 5287 cum
2080 5249 2199 5287 ser-
2248 5278 2251 5279 ν

615 5348 807 5391 mones
843 5346 1119 5401 opponere
1152 5328 1523 5391 sermonibus,
1562 5339 1613 5380 et
1649 5339 1848 5381 natura
1883 5338 2196 5397 pruinptunt

610 5438 663 5479 et
705 5441 804 5477 usu
850 5439 914 5476 ac
958 5421 1178 5475 licentia
1218 5419 1489 5472 inlinitum
1538 5418 1628 5482 sit,
1679 5419 1952 5488 siquidem
1993 5420 2079 5472 ubi
2114 5436 2199 5473 res

616 5519 766 5585 ἡμων,
818 5530 936 5583 quat!
985 5512 1391 5568 controversias
1430 5512 1607 5580 palam
1660 5512 1917 5567 exhibita:
1958 5512 2197 5577 linirent,

616 5629 722 5665 non
770 5608 1124 5680 proferuntur
1178 5608 1279 5660 nisi
1338 5608 1557 5660 larvata:
1600 5606 1815 5675 lortnis,
1869 5606 2067 5675 quibus
2107 5624 2199 5661 eas

562 5741 566 5745 -
615 5705 1001 5759 disserentium
1033 5701 1209 5755 oratio
1237 5699 1464 5763 lucavit,
1499 5698 1646 5752 nulla
1675 5715 1799 5767 spes
1829 5708 1993 5761 restat
2020 5701 2193 5754 litium

616 5801 1001 5864 {inicit-larum,
1058 5796 1256 5866 quibus
1311 5796 1636 5849 inexhausta
1698 5793 1948 5848 humanm
2005 5795 2199 5866 lingua:

2312 4585 2374 4640 Hi
2405 4588 2550 4641 enim
2590 4601 2751 4641 suum
2786 4601 3007 4657 qunque
3048 4587 3289 4655 ipsorum
3331 4586 3386 4640 in
3428 4586 3517 4640 tali
3554 4601 3720 4641 causa
3756 4588 3905 4642 verti

2310 4668 2619 4747 periculum
2654 4678 3064 4743 intellexerant,
3103 4677 3259 4732 veriti
3296 4693 3363 4733 ne
3406 4678 3590 4741 motis,
3625 4687 3683 4731 ut
3724 4677 3807 4744 tit,
3838 4694 3904 4732 ca

2308 4772 2605 4827 occasione
2649 4771 2839 4825 tnultis
2879 4771 3082 4841 aliquid
3113 4772 3484 4842 detegeretur,
3537 4771 3680 4847 quod
3732 4789 3907 4843 grave

2305 4867 2442 4934 ipsis
2477 4867 2736 4918 damnum
2785 4875 3116 4920 accerseret.
3154 4864 3565 4922 Conlirmarunt
3615 4882 3747 4937 ergo
3800 4884 3903 4921 cu-

2306 4960 2429 5028 pide
2464 4958 2856 5027 imperatorem
2900 4960 2951 5012 in
2996 4974 3134 5013 nova
3184 4959 3461 5014 sententia
3498 4958 3688 5029 judicii
3733 4965 3905 5016 omit-

2304 5052 2478 5116 tendi,
2516 5053 2972 5123 auctoresqueilli
3005 5052 3159 5107 fuere
3192 5052 3443 5107 mittendi
3472 5056 3537 5107 ad
3569 5052 3904 5124 Gregorium

2303 5144 2396 5214 qui
2437 5144 2685 5201 libellum
2725 5146 3095 5200 abdicationis
3147 5146 3295 5200 sedis
3344 5146 3414 5201 ab
3460 5162 3543 5202 eo.
3576 5157 3907 5217 puscerent,

2306 5246 2571 5308 prmlextu
2611 5238 2792 5309 ipsius
2843 5238 3001 5293 fama:
3038 5237 3381 5294 consulendi.
3427 5239 3563 5295 Cum
3602 5242 3749 5294 enim
3784 5242 3911 5296 sint

2304 5333 2567 5400 ancipites
2601 5334 2933 5400 judiciorum
2966 5337 3165 5397 exitus,
3204 5334 3389 5388 videre
3431 5332 3676 5403 profecto
3708 5335 3905 5405 ipsum

2305 5443 2467 5495 quam
2525 5427 2662 5481 foret
2719 5430 2828 5481 sz'b'r
2872 5437 3029 5497 turpe
3074 5428 3349 5481 damnari.
3409 5408 3665 5484 Victoria:
3702 5440 3905 5494 autem

2301 5523 2521 5574 incerta!
2554 5524 2793 5575 t‘ructum
2826 5534 3037 5575 certum
3076 5523 3187 5593 jam
3230 5539 3384 5577 nunc
3420 5523 3570 5578 citra
3605 5532 3905 5581 certarum

2300 5614 2482 5669 otl‘erri
2514 5634 2527 5668 :
2568 5619 2961 5685 promittebant
2987 5617 3212 5688 quippe,
3244 5619 3406 5672 simul
3439 5621 3509 5673 ab
3546 5634 3611 5673 eo
3648 5620 3914 5687 κουρὴν

2301 5725 2325 5763 s
2364 5721 2422 5762 ιιι
2461 5711 2729 5763 cessionis
2774 5697 3171 5780 syngrapham,
3211 5727 3269 5766 se
3322 5711 3569 5766 vicissim
3610 5712 3685 5765 illi
3736 5713 3916 5767 testi-

2300 5808 2546 5858 monium
2582 5807 2961 5860 antlicnticum
3007 5807 3257 5874 daturos,
3294 5823 3402 5879 quo
3438 5810 3481 5864 is
3514 5807 3671 5878 plane
3703 5806 3911 5863 ortho-
