4068 6232
348 252 452 323 229

1277 253 1376 318 DE
1413 251 1861 324 ANDRQNICO
1900 252 2366 325 PAL/EOLOGO
2406 253 2552 318 LIB.
2599 253 2720 319 ΠΙ.

3501 253 3606 319 230

349 365 626 438 συμβάσης
668 366 764 427 καὶ,
795 366 889 421 τὸν
951 365 1240 435 Ὑάκινθον
1289 366 1424 429 ὅλως
1483 362 1605 436 μεθ’
1651 361 1880 433 ἑαυτῶν)
1903 399 1918 428 ,
1952 368 1996 441 Α
2026 379 2129 431 γας
2155 367 2266 429 τοῖς
2297 365 2356 418 ιν
2397 368 2519 438 ταῖς
2544 365 2764 437 ἄκραις,
2817 365 3105 434 ἡγεμόνων
3135 363 3195 419 τ’)
3231 365 3390 420 πλέον
3438 369 3608 422 κακά’

345 461 564 521 τούτους
594 459 812 530 κρατῶν
842 459 1035 530 ἀφίησι
1067 457 1447 529 παραγγείλας
1474 455 1801 528 ἡσυχάζειν,
1823 448 1921 508 ’τὸν

344 547 388 604 δ⁴
437 551 721 606 Ὑάκινθον
758 551 915 615 αὖθις
948 551 1184 619 ἐγκλείει
1223 552 1288 623 τῇ
1331 550 1570 622 φυλακῇ.
1597 548 1704 603 Τὸν
1734 548 1922 618 μέντοι

344 632 759 716 Ταρχανειώιην
779 645 874 715 τῆς
901 629 1148 714 φυλακῆς
1171 643 1458 713 ἐξαγαγὼν
1478 641 1753 713 εἰρηνικὸν
1776 637 1922 712 εἶχεν

340 737 534 799 ἄλλως.
574 737 622 788 εί
653 738 746 788 καὶ
785 737 857 805 μὴ
890 736 976 788 ἐπ’
1005 734 1304 804 ἐκκλησίαν
1329 734 1620 804 συνήγετο.
1653 733 1806 800 tesi;
1823 731 1922 786 καὶ

341 821 420 899 τῇ
437 828 658 899 συζύγῳ
677 829 935 899 δεσποίνῃ
963 826 1208 892 εὐμενῶς
1224 828 1272 879 οἱ
1291 827 1435 897 ἔχειν
1457 827 1551 879 καὶ
1567 824 1918 897 θεραπεύειν,
1974 827 1978 830 ’

338 921 413 986 ὡς
443 917 636 993 αίροῖτ⁶
666 920 732 975 ἂν
760 923 1002 990 ρκείνος,
1029 919 1097 973 τὰ
1123 918 1333 990 εξκότα.

339 1031 406 1105 η’.
447 1032 586 1102 Περὶ
640 1029 752 1101 τῆς
797 1030 948 1086 κατὰ
993 1031 1272 1155 (irrier
1308 1023 1771 1098 ἐξασθσνήσδεως
1800 1021 1920 1093 τῶν

1013 1118 1198 1155 aratro)
1242 1140 1258 1155 .
1767 1148 1771 1152 .
1901 1120 1903 1123 ·

1013 1118 1258 1156 κοινων.
1767 1148 1771 1152 ,
1901 1120 1903 1123 ’

403 1190 490 1264 ,Τά
523 1196 621 1265 μὲν
653 1189 748 1251 οὖν
786 1194 886 1266 τῆς
931 1187 1256 1267 Ἐκκλησίας
1289 1189 1373 1267 [Ρ.
1409 1191 1536 1267 ηε]
1577 1195 1668 1248 καὶ
1695 1196 1752 1259 ἐς
1777 1197 1921 1250 ὲκεί-

337 1302 433 1355 νην
477 1284 583 1354 τὴν
633 1285 848 1357 ἡμέραν
880 1287 937 1349 ἐς
974 1285 1091 1339 τόδε
1140 1285 1327 1360 τέλους
1360 1287 1692 1356 κατηντήκει
1714 1327 1730 1350 ,
1762 1289 1831 1342 τὰ
1860 1287 1918 1340 δὲ

335 1363 431 1440 τῆς
489 1369 794 1444 Ῥωματδος
846 1374 1201 1447 ἐξησθενήκει
1261 1374 1465 1431 τέλεον.
1517 1371 1919 1449 ’Πλεονέκτημα

333 1470 439 1540 γὰρ
463 1469 597 1539 ἡμῖν
622 1469 837 1537 ἐγένετο
859 1471 983 1530 τοὺς
1016 1468 1300 1539 παρόντας,
1321 1469 1551 1540 χρόνους
1587 1469 1781 1536 μισθοῦ
1803 1472 1913 1533 τοῖς

335 1561 686 1630 μεσιτεύουσι
720 1563 813 1615 καὶ
858 1560 1166 1632 λημμάτων
1212 1562 1280 1616 τὰ
1332 1561 1502 1615 πολλά
1552 1561 1912 1632 πράττεσθαι.

332 1651 504 1706 Τοῦτο
547 1651 762 1716 πολλοῖς
797 1652 896 1721 μιν
943 1655 1051 1715 τοῖς
1083 1655 1138 1716 ἐς
1172 1653 1346 1725 ἀρχὴν
1400 1653 1712 1723 εὐδοκιμοῖ-ς
1767 1654 1797 1725 ἦ
1837 1655 1937 1724 μὴ’

333 1743 789 1814 καταδεχομένως
824 1743 1186 1796 καταϐάλλειν
1218 1743 1421 1814 (πολλῴ
1448 1725 1683 1814 γὰρχούχ
1709 1724 1912 1814 ἥκιστα
1947 1724 1985 1778 Β

331 1835 510 1901 τοῦτο,
544 1837 656 1906 ὅσῳ
684 1833 1026 1900 καϊάξιοῦσι
1057 1837 1375 1908 λαμϐάνειν)
1419 1835 1456 1908 ἢ
1491 1837 1563 1906 μὴ
1596 1837 1917 1904 δυναμένοις
1971 1841 1974 1845 “

333 1924 460 1989 ἴσως
490 1926 716 1980 ἐκόλουε
750 1914 848 1990 τὰς
881 1926 1068 1994 τιμὰς.
1105 1925 1284 1989 ἄλλοις
1313 1926 1370 1979 δὲ
1399 1926 1714 1998 παρρησίαν
1745 1925 1916 1978 ἐδίδου

330 2019 587 2084 διδοῦσιν,
616 2020 690 2082 ὡς
723 2018 866 2085 ἕξειν
915 2020 1220 2083 ἐλπίζουσι.
1256 2017 1522 2090 Δεύτερον
1570 2021 1662 2092 ἐπὶ
1705 2018 1916 2083 τούτοις

302 2111 423 2189 ,παὶ
457 2113 520 2166 τὸ
550 2113 787 2177 ἐλλιπῶς
804 2107 918 2178 ’τὰς
948 2113 1402 2184 άποτεταγμένας
1434 2112 1787 2167 ἀποδίδοσθαι
1819 2112 1912 2184 ῥό-

332 2294 378 2349 is
444 2293 720 2352 Ecclesiae
767 2295 1082 2367 adjunctus,
1132 2297 1459 2368 permittens
1502 2293 1740 2350 dominre
1801 2310 1914 2350 suae

331 2391 558 2461 coniugi
599 2399 657 2446 ttt
704 2391 907 2446 faveret
940 2391 1015 2444 illi
1047 2391 1368 2462 prolixeque
1411 2389 1821 2460 gratificaretur
1857 2390 1910 2445 in

331 2484 398 2539 iis
446 2500 578 2554 qua:
628 2485 828 2539 rationi
870 2493 1242 2540 consentanea
1297 2483 1457 2538 vellet
1491 2493 1587 2536 aut
1640 2492 1914 2552 posceret.

330 2600 398 2655 8.»
419 2600 492 2656 De
533 2599 900 2653 debilitatione
926 2597 1228 2664 reipublirae
1257 2613 1284 2649 e
1317 2595 1516 2650 dudum
1543 2596 1911 2652 inualescenti-

621 2671 716 2740 bus
751 2670 1060 2740 corruptelis
1097 2670 1388 2724 necessario
1421 2677 1623 2720 scruta.

401 2765 453 2820 is
499 2771 682 2820 status
720 2762 790 2818 ad
823 2764 965 2818 banc
992 2761 1138 2827 diem
1186 2761 1690 2816 ecclesiasticarum
1729 2776 1910 2814 rerum

332 2859 457 2921 fuit,
503 2855 856 2926 politicarum
885 2860 1070 2908 autem
1108 2851 1265 2921 longe
1298 2851 1592 2921 pessimus,
1631 2849 1910 2920 republica

332 2945 622 3003 Romaniae
669 2957 975 3014 extremam
1021 2942 1132 3014 jam
1190 2946 1243 2997 in
1285 2942 1620 2997 debilitatem
1666 2943 1907 2996 redacta.

2015 472 2167 522 τητι,
2216 456 2483 511 θελόντων
2530 455 2664 533 τοῖς
2693 455 2942 512 ιντεῦθεν
2996 459 3365 529 ὑπερημέρως
3430 463 3608 528 πάντη

2021 547 2317 620 διδομένοις
2340 545 2808 622 στραγγεύεσθαι,
2841 551 2916 613 ὡς
2945 553 3302 622 κερδαίνοιεν.
3337 550 3524 607 Ταῦτα
3543 556 3609 625 δὴ

2023 642 2115 695 ἐπὶ
2173 644 2339 697 ταυτδ
2392 643 2754 714 συναχθέντα.
2804 644 2878 699 Τὸ
2922 645 3030 716 γάρ
3083 648 3178 700 τοῦ
3227 627 3610 717 βασιλεύοντος

2022 731 2282 806 εὐσταθὲς
2312 734 2406 792 καὶ
2438 737 2497 790 τὸ
2533 738 2685 806 πρὸς.
2722 737 2932 808 κρίσεις
2963 756 3018 791 τε
3055 741 3147 792 καὶ
3176 741 3430 798 κολάσεις
3465 753 3606 809 συμέ

2022 827 2328 899 παθητικόν
2364 843 2425 883 τε
2475 831 2569 883 καὶ
2595 830 2806 901 ἥμερον
2839 832 2984 901 μέγα
3008 849 3061 884 τι
3086 835 3146 885 τὸ
3180 827 3345 886 κακδν
3379 833 3471 887 καὶ⁵
3501 835 3606 887 οὐκ

2020 922 2199 974 οἰστὸν
2247 922 2383 987 ὅλως
2431 924 2544 988 τοῖς
2575 923 2844 978 παθοῦσιν
2900 925 3208 994 εἰργάζετο.
3256 927 3406 989 Τέως
3450 921 3495 980 δ’
3529 921 3634 1003 ὡς.

2020 1009 2230 1087 εῐχενὴ
2269 1013 2365 1069 τοῦ
2399 1017 2664 1086 βασιλέως
2692 1019 2860 1089 ὁρμὴ.
2905 1019 3006 1088 τῆς
3049 1020 3331 1090 δυνάμεως
3371 1021 3601 1092 ἐνούσης

2020 1107 2101 1161 ιτι
2131 1108 2238 1163 τῶν
2259 1110 2467 1182 νεύρων
2492 1111 2581 1182 (τὰ
2605 1112 2649 1166 δ’
2676 1108 2816 1183 ἦσαν
2840 1113 2908 1166 τά
2937 1115 3222 1185 χρήματα)
3251 1116 3484 1187 πέμπων
3505 1119 3604 1181 τὰς

2017 1201 2113 1270 τῆς
2135 1201 2455 1270 ὀλομελείας
2476 1205 2719 1275 κινήσεις
2737 1205 2841 1276 τῆς
2870 1205 3172 1276 Ῥωμαῖδος
3195 1210 3603 1280 εὐρωστοτέρας

2020 1293 2194 1345 ποιεῖν
2219 1294 2317 1347 οὐκ
2347 1295 2611 1349 ἀπῶκνει.
2644 1297 2776 1350 Κατ’
2804 1297 2986 1365 ὀλίγον
3007 1297 3063 1352 δὲ
3090 1299 3345 1354 τὸδεινὺν
3367 1300 3602 1366 ὲπαῦξον

2019 1383 2304 1437 ἀνέστελλε
2343 1387 2716 1456 πεμπομένων
2754 1389 2844 1441 καὶ
2883 1389 2993 1442 τῶν
3024 1391 3103 1452 είς
3147 1390 3391 1458 κεφαλάς
3433 1392 3601 1459 ἀξίων

2018 1477 2111 1527 καὶ
2140 1477 2215 1538 ὡς
2241 1471 2352 1533 οἶόν
2398 1479 2445 1530 τ’
2477 1475 2545 1549 ἦν
2577 1479 2761 1548 σφίσιν
2791 1480 3152 1550 ἀντεχόντων,
3186 1483 3600 1552 προσκειμένων

2019 1566 2112 1619 καὶ
2141 1566 2248 1619 τῶν
2279 1569 2341 1620 ὲκ
2372 1569 2597 1640 Κρήτης
2626 1574 2882 1640 μαχίμων
2925 1573 3045 1634 ταῖς
3081 1575 3336 1638 τυπικαῖς
3363 1575 3596 1646 δυνάμε-

2020 1676 2124 1724 σιν,
2158 1659 2249 1722 οὓς
2278 1661 2563 1733 Κρήτηθεν
2615 1665 3115 1734 προσχωρήσαντας
3166 1665 3378 1738 βασιλεί
3413 1668 3486 1730 ὼς
3523 1669 3598 1741 μὴ

2022 1754 2487 1824 καταδεχομὲνους
2540 1755 2638 1826 τὴν
2689 1759 2753 1810 ἐκ
2803 1757 2910 1812 τῶν
2954 1759 3168 1813 Ἰταλῶν
3217 1762 3596 1831 ἐπικράτειαν.

2021 1845 2108 1900 ἐπ’
2143 1848 2406 1918 ἀνατολῆς
2437 1850 2757 1914 κατοικίσας
2783 1851 2879 1904 καὶ
2915 1852 3101 1922 ρόγαις
3129 1852 3365 1924 ἐτησίοις
3399 1856 3595 1910 ἀποτε·

2022 1941 2321 2008 ταγμέναις
2353 1940 2621 2004 ὲξικανῶν
2648 1941 2728 2004 ὡς
2767 1946 2979 2008 πιστοῖς
3019 1947 3330 2018 συμμάχοις
3374 1949 3593 2019 ἐχρῆτο.

2018 2023 2128 2082 Ἦν
2159 2030 2216 2084 δὲ
2251 2032 2440 2102 συχνὸν
2467 2034 2530 2087 τὸ
2557 2035 2655 2104 τῆς
2690 2035 2972 2102 συνδοσίας
2997 2038 3085 2091 διὰ
3128 2041 3231 2111 τὴν
3272 2043 3465 2095 σπάνιν
3489 2044 3598 2098 τῶν

2019 2123 2339 2195 χρημάτων,
2372 2125 2447 2190 ὡς
2472 2127 2682 2196 ἔλεγον,
2711 2131 2916 2204 etiam
2943 2133 3285 2203 τελούμενον.
3329 2135 3403 2188 Τὸ
3433 2137 3477 2188 δ’
3501 2135 3591 2206 ἦν,

2019 2272 2138 2345 ejus
2172 2289 2201 2330 a
2239 2285 2429 2334 tenore
2457 2278 2724 2338 dimoveri
2763 2285 3191 2356 allegationibus
3231 2285 3357 2346 ullis
3384 2293 3594 2361 nescia,

2019 2368 2260 2440 buicque
2285 2370 2542 2442 adjuncta
2581 2377 2840 2446 segnities
2875 2381 3199 2449 castigandi,
3247 2387 3424 2442 noxia:
3456 2391 3592 2444 leni-

2017 2465 2148 2521 tatis
2191 2462 2528 2538 indulgentia
2558 2469 2723 2542 209
2765 2471 2933 2530 fraena
2977 2476 3170 2533 laxans
3207 2481 3509 2537 sceleribus
3539 2493 3594 2538 et

2019 2568 2224 2612 metunt
2254 2560 2502 2617 aditneus
2527 2565 2916 2633 peccantibus;
2949 2571 3094 2626 unde
3123 2573 3324 2628 malum
3353 2576 3592 2631 immane

2017 2663 2286 2722 quantum
2337 2655 2532 2726 ingens
2586 2675 2685 2713 nec
2729 2659 2841 2728 jam
2884 2664 3120 2732 amplius
3164 2667 3444 2724 tolerabile
3472 2673 3593 2740 ζορ-

1968 2756 1971 2757 '
2020 2761 2240 2816 pressos
2289 2748 2357 2802 ab
2405 2749 2626 2820 impune
2689 2757 3065 2822 grassantibus
3133 2762 3384 2834 urgebat.
3441 2761 3591 2819 Inter

2018 2848 2168 2893 tanta
2203 2840 2554 2897 incommoda
2586 2847 2896 2901 sustinebat
2928 2864 2988 2902 se
3019 2860 3257 2906 ert-ctum
3315 2865 3589 2925 utcunque

1969 2935 1971 2938 ’
2016 2948 2080 2987 ac
2112 2936 2311 2989 stantis
2346 2936 2540 2991 saltem
2573 2937 2814 3007 speciem
2853 2949 3141 2998 ostentans
3180 2959 3383 3015 corpus
3419 2949 3589 3019 impe-

326 3041 502 3098 Causa
550 3039 652 3094 fuit
683 3037 890 3094 abusus
951 3052 1020 3092 ex
1058 3036 1225 3102 facili,
1263 3033 1485 3105 pellacia
1549 3035 1687 3089 lucri
1738 3036 1980 3132 utrin-C
2018 3026 2328 3132 rii,.qtload
2384 3027 2526 3082 intus
2579 3032 2634 3085 ei
2707 3048 2812 3087 non
2866 3032 3038 3089 defuit
3096 3038 3250 3105 quasi
3303 3043 3588 3111 sanguinis

329 3151 434 3206 que
461 3132 771 3210 praesentis,
814 3131 1123 3187 inolescens
1161 3145 1256 3200 per
1295 3129 1412 3182 haec
1447 3136 1718 3198 tempora,
1761 3143 1908 3182 mer-
1943 3120 1979 3132 ⁷
2014 3120 2168 3187 copia
2200 3136 2263 3176 ac
2308 3123 2457 3177 nervi
2510 3124 2660 3179 velut
2707 3126 2934 3196 quidam
2979 3132 3224 3196 pecunia:
3255 3133 3589 3189 abundantis

327 3220 462 3285 cede
509 3243 578 3283 ac
625 3211 785 3280 donis
831 3223 1047 3280 emendi
1098 3222 1318 3292 quidvis
1370 3221 1606 3292 quisque
1663 3220 1821 3275 vellet
1877 3234 1908 3276 ο

329 3325 577 3396 principe
612 3337 640 3376 a
671 3319 948 3392 primariis
973 3318 1095 3389 ejus
1125 3317 1178 3371 in
1207 3316 1478 3388 regimine
1506 3315 1793 3370 ministris.
1824 3311 1907 3369 Ob

329 3418 432 3472 boc
484 3413 648 3470 multi
692 3411 937 3481 alioquin
988 3403 1097 3480 apti
1135 3409 1545 3479 magistratibus
1578 3405 1833 3476 gerendis
1875 3422 1906 3461 a

332 3485 614 3580 republica
637 3505 991 3571 arcebantur,
1024 3504 1310 3575 quodnon
1341 3489 1670 3558 inducerent
1697 3504 1752 3556 in
1787 3502 1907 3557 ani-

330 3619 478 3659 mum
536 3609 819 3670 sumptum
864 3598 1068 3662 facere,
1113 3597 1278 3665 vulgo
1325 3599 1535 3653 scilicet
1588 3599 1907 3654 hominibus

325 3689 528 3754 natura
566 3694 921 3764 pronioribus
957 3695 1023 3745 ad
1057 3689 1440 3760 accipiendum
1475 3705 1640 3760 quam
1673 3690 1741 3744 ad
1771 3689 1906 3746 dan-

323 3795 474 3849 dum.
515 3791 644 3846 Vice
678 3804 840 3857 porro
895 3785 1192 3858 praborum
1234 3799 1651 3855 gnavorumque
1692 3784 1773 3841 sic
1802 3801 1902 3840 ex-

324 3890 606 3944 clusorum
641 3880 1016 3945 functionibus
1045 3879 1283 3950 publicis
1314 3893 1409 3950 per
1439 3878 1578 3933 tales
1608 3877 1904 3933 utilissime

322 3980 601 4052 gerendis,
635 3974 1019 4033 subintrabant
1039 3988 1104 4027 eo
1135 3989 1244 4027 non
1273 3979 1383 4024 tam
1408 3971 1662 4025 industrii
1688 3979 1902 4026 actores

325 4090 482 4144 quam
523 4069 676 4126 avari
705 4077 1066 4130 mercatores,
1099 4062 1386 4136 profligata
1419 4064 1471 4116 in
1506 4063 1555 4116 id
1589 4072 1901 4134 qumstuose

324 4168 538 4223 modica
605 4162 836 4235 pecunia
878 4159 1158 4214 licentiam
1203 4159 1307 4213 sibi
1361 4166 1622 4227 parantes
1674 4157 1901 4227 impune

324 4260 654 4318 corradendi
679 4271 788 4327 quo
813 4255 1073 4311 damnum
1105 4251 1254 4322 large
1281 4259 1722 4322 compensarem.
1753 4249 1904 4304 Alter

327 4355 442 4410 fons
485 4348 864 4409 enervationis
920 4337 1152 4417 imperii
1193 4345 1297 4399 fuit
1350 4346 1690 4414 parcimonia
1739 4344 1900 4415 plene

2014 3228 2112 3284 per
2155 3214 2287 3268 illud
2323 3228 2727 3285 commeantes,
2779 3221 2921 3276 unde
2968 3223 3183 3278 interim
3237 3228 3591 3295 vegetabatur

2012 3321 2077 3361 ac
2108 3308 2377 3373 ciebatur,
2422 3311 2564 3365 baud
2608 3323 2860 3368 cessante
2888 3352 2904 3378 ,
2950 3331 3046 3386 pro
3091 3331 3192 3371 sua
3236 3321 3585 3385 strenuitate,

2009 3401 2253 3474 Augusto
2293 3403 2360 3458 ad
2418 3405 2602 3458 omnia
2640 3405 2869 3476 impigre
2896 3424 3222 3467 occurrere.
3270 3411 3353 3466 Ad
3401 3425 3583 3470 extre.

2012 3509 2159 3548 mum
2202 3495 2333 3566 quin
2391 3497 2578 3560 etiam,
2611 3499 2706 3554 sed
2735 3499 2848 3569 jam
2882 3515 3028 3566 sero,
3062 3503 3249 3559 auctis
3281 3507 3486 3559 sensim
3529 3510 3582 3560 in

2013 3587 2210 3642 molem
2261 3591 2688 3658 insuperabilem
2734 3593 2916 3655 malis,
2967 3610 3245 3664 opponere
3290 3599 3458 3652 nimis
3489 3601 3584 3656 diu

1955 3670 1968 3679 ”
2010 3679 2272 3732 omissam
2312 3680 2661 3735 severitatem
2715 3693 2799 3737 est
2829 3693 3082 3754 conatus,
3135 3696 3190 3741 et
3231 3688 3446 3759 publica
3495 3693 3582 3762 in-

2009 3770 2294 3826 commoda
2341 3781 2660 3844 retorquere
2696 3775 2747 3828 in
2798 3777 2980 3847 capita
3015 3789 3329 3847 auctorum,
3373 3786 3582 3841 meritis

2007 3878 2104 3917 eos
2157 3863 2500 3933 subiiciendo
2547 3867 2852 3937 suppliciis,
2904 3873 3147 3928 tentavit.
3202 3874 3470 3933 Utebatur
3513 3882 3580 3934 ad

2007 3956 2113 4010 hoc
2146 3971 2268 4010 cum
2296 3957 2418 4011 aliis
2448 3973 2582 4028 quas
2621 3959 2855 4017 habebat
2891 3963 2957 4018 ad
3006 3979 3229 4022 manum
3257 3971 3429 4040 c0piis
3466 3982 3579 4028 tum

2007 4051 2283 4122 pnecipue
2312 4050 2525 4105 Cretice
2566 4051 2760 4108 militia
2789 4057 3146 4124 praesidiariis
3176 4066 3577 4130 provinciarum

2006 4144 2262 4199 admista.
2295 4142 2428 4199 Nam
2467 4148 2672 4201 multos
2705 4164 2736 4202 e
2765 4147 2922 4203 Creta
2955 4151 3153 4216 insula,
3199 4157 3401 4211 servire
3435 4158 3582 4214 Lati-

2006 4238 2236 4294 nis-illic
2272 4238 2385 4308 jam
2418 4238 2850 4297 ineluctabiliter
2875 4246 3301 4315 praevalentilus
3350 4265 3457 4304 non
3489 4269 3581 4308 sn-

2005 4334 2275 4388 stinentes
2297 4373 2312 4398 ,
2338 4332 2635 4404 imperator
2664 4337 2716 4391 in
2749 4345 2956 4394 tractus
2979 4338 3284 4397 Orientales
3323 4342 3580 4402 invitatos

326 4447 706 4502 solvendarum
749 4457 814 4496 ex
853 4441 956 4496 [ide
1005 4437 1358 4510 pensionum.
1394 4453 1514 4508 quae
1542 4438 1898 4509 praesidiariis
1931 4425 1975 4484 ο
2005 4426 2056 4480 in
2106 4427 2241 4482 ’θεῖε
2298 4443 2411 4483 803’-
2456 4429 2684 4484 δίιίοηίε
2734 4431 3124 4501 οο¹¹⁰ε³νθηιν
3177 4438 3579 4510 ρεηεῑοηεείιιιθ

327 4541 533 4596 arcium
586 4539 643 4594 in
683 4537 856 4592 limite
892 4537 1124 4590 sitarum
1156 4512 1549 4587 olim‘statutze
1591 4532 1809 4587 fuerant
1843 4532 1900 4586 in

328 4634 635 4688 mercedem
697 4643 879 4700 opera:
932 4626 1186 4682 militaris
1236 4625 1373 4680 adeo
1405 4625 1519 4679 illic
1551 4625 1616 4678 ad
1650 4640 1899 4680 commu-

329 4703 445 4780 nem
479 4725 707 4779 tutelam
741 4720 1088 4776 necessarias.
1123 4717 1216 4773 Hae
1245 4712 1490 4791 maligne
1523 4734 1668 4774 nunc
1698 4734 1900 4787 suppe-

329 4821 644 4875 ditabantur
694 4816 924 4872 avaritia
960 4813 1340 4886 praefectorum
1389 4813 1693 4885 erogationi
1736 4828 1902 4880 pecu-
1959 4875 1969 4883 ,

330 4916 428 4968 nia:
459 4913 709 4984 publicae,
745 4924 978 4980 quorum
1015 4907 1394 4976 apponebatur
1430 4906 1601 4959 lucris
1631 4906 1776 4973 quod
1804 4921 1902 4973 per

331 5017 536 5063 astutas
579 5005 998 5060 frustrationum
1046 5009 1191 5055 artes
1226 4999 1577 5053 diffundenda
1614 4999 1898 5068 prmtexti-
1950 5071 1967 5077 ,ἢ

334 5103 430 5157 bus
453 5097 620 5153 vafris
669 5091 958 5150 solutionis
997 5093 1086 5147 die
1135 5092 1351 5146 miseris
1383 5089 1649 5144 militibus
1684 5091 1903 5146 subtra-

334 5191 555 5246 hebatur
597 5189 832 5260 pretium
870 5186 1132 5240 sudorum
1171 5200 1235 5237 ac
1270 5183 1580 5252 sanguinis.
1622 5182 1720 5238 His
1765 5182 1900 5237 duo-

332 5277 432 5342 bus
462 5285 727 5350 malis,ne
758 5283 813 5336 in
843 5296 1010 5335 unum
1031 5278 1285 5334 coeuntia
1313 5274 1658 5330 exundarent
1684 5273 1735 5328 in
1771 5289 1898 5345 per-

334 5378 516 5432 niciem
550 5376 846 5448 publicam,
886 5385 1052 5428 unum
1091 5383 1212 5424 esse
1254 5377 1507 5437 potuerat
1556 5365 1752 5420 efﬁcax
1812 5380 1898 5418 re-

335 5472 562 5527 medium
611 5472 680 5526 ab
725 5466 1068 5536 imperatoris
1101 5463 1431 5517 auctoritate
1467 5475 1703 5526 summa,
1746 5458 1790 5514 si
1847 5459 1895 5513 is

335 5562 507 5618 delato
539 5536 976 5632 corruptelarum
1012 5557 1150 5628 quas
1203 5555 1634 5608 memoravimus
1686 5551 1896 5606 indicio

337 5657 398 5709 ad
431 5654 523 5711 eas
565 5652 899 5712 coercendas
949 5632 1150 5704 adduci
1204 5645 1496 5716 potuisset.
1539 5644 1644 5700 Sed
1695 5660 1760 5698 ne
1794 5646 1896 5699 hoc

336 5747 660 5822 contingeret
717 5752 812 5801 aut
865 5751 1185 5814 speraretur
1232 5740 1487 5796 obstabat
1526 5736 1890 5801 immobilitas

2006 4521 2074 4576 iis
2109 4521 2427 4577 decreverat
2463 4538 2698 4587 annuas,
2729 4524 2831 4578 lida
2867 4525 3080 4582 illorum
3127 4536 3286 4584 utens
3328 4534 3382 4585 in
3421 4532 3578 4586 bellis

1958 4605 1964 4611 ’
2005 4629 2194 4683 opera.
2247 4613 2446 4670 Verum
2495 4625 2554 4670 ut
2601 4617 2715 4671 haec
2777 4618 2887 4673 illis
2933 4620 3208 4692 stipendia
3239 4639 3482 4680 summas
3523 4624 3575 4678 iu

2002 4707 2268 4763 immanes
2290 4710 2662 4765 excrescentia
2689 4711 3116 4777 conficerentur,
3141 4715 3576 4774 contributiones

1999 4809 2118 4854 erat
2163 4816 2385 4855 necesse
2435 4801 2670 4858 subditis
2715 4803 3107 4859 acerbissimas
3154 4807 3433 4876 indicere;
3481 4816 3573 4880 qui

2001 4896 2358 4964 quantumvis
2395 4912 2499 4950 non
2551 4896 2688 4953 falso
2716 4908 3078 4966 quererentur
3105 4899 3171 4954 de
3205 4903 3448 4970 pecunia
3489 4919 3578 4956 ra-

2003 4989 2164 5041 ritate
2190 4987 2243 5040 in
2278 4987 2344 5043 iis
2373 4991 2616 5056 partibus
2651 4991 2856 5044 dudum
2888 5006 2982 5059 per
3013 4993 3358 5062 erogationes
3385 4994 3578 5050 immo-

2002 5081 2153 5136 dicas
2179 5080 2484 5147 exhaustis,
2521 5091 2698 5137 tamen
2726 5081 2873 5150 quod
2920 5084 3125 5137 nullam
3163 5088 3571 5142 excusationem

2003 5174 2307 5240 necessitas
2345 5174 2696 5236 admitteret,
2727 5176 3087 5232 nihilominus
3137 5180 3374 5246 pendere
3404 5197 3577 5250 quan-

1959 5257 1961 5259 ’
2001 5275 2113 5320 tum
2147 5268 2467 5337 exigebatur
2496 5269 2854 5337 cogebantur.
2889 5269 3141 5325 lnstituta
3175 5275 3330 5342 prius
3372 5277 3571 5342 fuerat,

2001 5367 2060 5412 ut
2112 5358 2374 5423 diximus,
2430 5359 2657 5414 collatio
2716 5359 3052 5415 decimarum
3099 5377 3130 5416 e
3176 5365 3572 5434 pensionibus,

1999 5467 2139 5521 quas
2171 5452 2406 5521 quisque
2431 5451 2705 5522 stipendia
2743 5456 3072 5510 merentium
3106 5466 3200 5511 aut
3232 5459 3299 5512 iis
3333 5459 3575 5530 legitimo

1961 5537 2247 5614 tempore
2300 5547 2460 5602 factis
2520 5549 2879 5602 emeritorum
2934 5552 3223 5621 percipere
3285 5567 3498 5606 annuas
3543 5570 3576 5608 ο

2000 5641 2218 5711 publico
2246 5642 2464 5697 soleret.
2496 5641 2603 5697 Sed
2643 5658 2768 5696 cum
2798 5644 2912 5714 jam
2960 5644 3121 5714 longo
3150 5646 3352 5700 haustu
3387 5647 3576 5700 exina-

2001 5737 2132 5790 nitis
2166 5745 2221 5791 et
2262 5736 2539 5794 enervati:
2589 5737 2820 5807 exprimi
2865 5739 3013 5808 quod
3042 5754 3180 5807 Opus
3213 5747 3329 5793 erat
3373 5742 3564 5809 ncqui-
