4064 6234
306 409 393 475 273

1124 417 1226 477 DE
1268 418 1723 479 ANDRUNiCO
1767 420 2237 482 PAI.:EOI.OGO
2278 420 2423 481 LIB.
2465 420 2585 482 ΙΠ.

3441 410 3550 474 27‘

303 512 489 595 μητρὸς
509 523 605 592 τῆς
641 522 970 596 Ἐκκλησίας
998 522 1238 597 Χριστοῦ
1270 530 1297 581 ὁ
1320 528 1545 597 Νύσσης
1576 533 1851 599 εςηγεῖται
1882 537 1925 588 Α
1959 529 2211 599 βασιλεὺς
2241 528 2646 597 πλατυνομένου
2681 524 2777 580 τοῦ
2813 523 2993 593 λόγου,
3028 521 3121 581 καὶ
3162 522 3237 585 ὡς
3276 518 3427 585 εἰκὸς
3456 535 3553 575 πε·-

299 613 407 676 τοὺς
433 614 712 685 δαίμονας,
744 615 820 681 ὡς
851 618 918 671 ἂν
946 619 1011 672 ὲκ
1040 619 1141 689 τῆς
1166 620 1338 692 αὐτῆς
1374 623 1465 674 καὶ
1513 622 1646 692 μιᾶς
1677 620 1849 681 atria;

297 700 345 774 (ἡ
371 702 411 757 δ’
441 703 602 767 ἔστιν,
645 701 829 777 οἶμαι,
865 708 1023 779 ήτοῦ
1062 705 1199 764 Θεοῦ
1256 710 1556 779 ἁγαθότης,
1588 711 1732 783 ἀρχή
1774 730 1849 773 τις

300 796 546 867 γενομένη
576 801 690 864 τοῖς
722 800 798 872 μὴ
829 794 981 855 οὖσιν
1013 805 1092 866 εἰς
1123 802 1372 873 δντωσιν)
1399 804 1621 869 τούτους
1667 820 1732 859 τε
1760 805 1829 859 κά

293 894 484 957 κείνους
511 895 585 955 ὼς
620 899 681 950 ἐκ
717 899 810 952 τοῦ
838 900 1006 957 αὐτοῦ
1035 901 1249 972 Hatrpr
1274 902 1544 974 προῆχθαι
1574 903 1669 959 καὶ
1695 921 1845 974 ποιη-

290 984 372 1039 τοῦ
422 1005 441 1040 ι
461 988 632 1043 Τοῦτο
672 991 801 1055 ἴσως
825 993 921 1049 καὶ
943 992 1083 1049 κατά
1106 996 1163 1047 το
1199 995 1359 1067 τυχὸν
1379 995 1455 1067 τῷ
1478 998 1687 1065 εἰπόντι
1718 1014 1828 1068 παρ

289 1078 546 1151 ἔρριπται,
575 1084 631 1149 ἐξ
670 1086 898 1140 εἰκότων
938 1087 993 1141 δὲ
1025 1086 1217 1156 γέγονε
1264 1088 1407 1159 μέγα
1453 1090 1548 1144 καὶ
1579 1091 1657 1153 εἰς
1690 1107 1845 1145 σκανο

286 1170 431 1225 δήλου
463 1175 738 1245 πρόφασιν
777 1179 983 1236 ἱκανόν.
1027 1179 1085 1234 Ὀ
1118 1180 1228 1252 γὰρ
1266 1183 1571 1255 Δυρραχίου
1609 1184 1851 1251 Νικήτα.;

287 1262 369 1315 τον
419 1265 578 1333 λόγον
635 1268 875 1335 ἀκούσας
906 1271 1007 1325 οὐκ
1056 1274 1286 1327 ἀνεκτὸν
1329 1272 1521 1340 ἀκοαῖς
1575 1274 1856 1328 εὐσεὸέσιν

286 1358 520 1428 ἡγήσατο
555 1360 806 1432 πάμπαν,
860 1366 908 1418 εἰ
955 1364 1228 1432 δαιμόνων
1259 1367 1657 1436 ἀντικειμένων
1711 1368 1854 1437 Θεῷ.

286 1450 551 1522 ἄνθρωποι
607 1455 839 1524 ὑπήκοοι
893 1457 972 1527 τῷ
1024 1459 1245 1531 Χριστῷ
1306 1464 1400 1516 καὶ
1450 1461 1855 1528 υἱοθετηθέντες

282 1543 388 1619 Θεῷ
409 1544 496 1599 διὰ
512 1545 609 1599 τοῦ
626 1546 1027 1619 βαπτίσματος,
1063 1552 1284 1620 ἀδελφοὶ
1314 1553 1577 1621 λέγοιντο.
1607 1556 1855 1624 Γνησίοις

282 1636 401 1705 γοῦν
428 1639 520 1692 διὰ
577 1640 752 1694 ταῦτα
790 1641 881 1696 τὸν
910 1644 1142 1698 εἰπὸν-τα
1190 1644 1409 1716 βλέπειν
1461 1647 1705 1719 ὄμμασιν
1758 1650 1856 1701 οὐκ

278 1728 549 1800 ἠνέσχετο,
591 1732 729 1786 ἀλλὰ
760 1733 981 1799 πολλοῖς
1009 1736 1243 1791 διελάλει
1274 1739 1366 1791 τὸν
1398 1738 1561 1807 λόγον
1601 1740 1696 1795 καὶ
1728 1738 1857 1810 βλα-

280 1823 516 1893 σφημίαν
560 1824 757 1879 τοῦτον
804 1828 863 1880 οὐ
896 1829 1127 1903 μετρίαν
1164 1830 1369 1903 ἔκρινε.
1418 1832 1609 1889 Ταῦτα
1640 1835 1857 1901 πολλοῖς

281 1912 374 1981 μὲν
401 1916 562 1987 ἐπῄει
609 1916 894 1985 χλευάζειν
925 1924 1018 1975 καὶ
1049 1924 1139 1975 τὸν
1178 1923 1334 1993 λόγον
1380 1924 1642 1990 ἐπιεικῶς
1674 1926 1749 1991 ὡς
1788 1927 1863 1983 ἰὸν
1893 1904 1941 1964 Β

282 2009 496 2079 πικρίας
531 2011 631 2065 καὶ
656 2011 834 2081 δφεων
861 2014 1308 2088 ἀποστρέφεσθαι
1387 2020 1665 2075 ἐπέπυστο
1693 2020 1749 2075 δὲ
1775 2025 1868 2076 καὶ

281 2188 361 2244 alii
390 2188 498 2246 alia
530 2190 804 2255 dicerent.
830 2205 884 2251 et
912 2196 1083 2253 variis
1105 2213 1169 2254 ex
1206 2208 1452 2271 tempore.
1483 2218 1580 2275 pro
1618 2218 1677 2260 se
1709 2204 1867 2275 quis-

277 2298 377 2355 que
406 2286 717 2357 allegandis
754 2292 912 2361 quasi
951 2292 1209 2351 hebetare
1264 2306 1579 2368 satagcront
1613 2299 1863 2357 aculeum

278 2390 383 2448 quo
424 2380 537 2435 alte
580 2381 748 2438 inﬁxo
815 2386 1162 2459 pungeliatur
1200 2389 1428 2445 nimium
1487 2403 1673 2450 tenera
1727 2410 1869 2465 pene

286 2474 664 2541 superstitiosi
706 2480 1043 2534 conscientia
1079 2481 1362 2552 principis,
1414 2483 1868 2557 l"hiladelphien-

278 2565 349 2622 sis
382 2563 725 2639 Tlicoieptns
753 2572 1079 2640 palmarium
1117 2590 1177 2632 se
1223 2578 1432 2647 putavit
1473 2595 1503 2634 e
1533 2582 1711 2640 sacris
1740 2600 1867 2638 ora-

277 2659 409 2717 culis
440 2670 830 2732 argumentum
866 2666 1155 2737 reperisss,
1189 2664 1300 2742 quo
1350 2660 1631 2732 evinceret
1657 2678 1863 2736 licitam

285 2751 474 2821 istam,
509 2772 616 2813 nec
645 2757 737 2813 ulli
766 2760 1054 2815 obnoxiam
1083 2778 1333 2821 censura:
1361 2768 1547 2826 haberi
1568 2771 1768 2831 debere
1791 2776 1869 2831 lo-

282 2848 484 2917 quendi
518 2864 583 2905 ac
622 2851 900 2908 scribendi
926 2852 1241 2912 formulam.
1275 2858 1410 2930 Ejus
1438 2863 1540 2917 hoc
1579 2880 1610 2919 e
1639 2867 1867 2923 canoni-

281 2942 356 2996 cis
397 2942 712 3026 Scripturis
748 2938 998 3003 astruere
1051 2952 1305 3008 conantis
1367 2955 1482 3011 htec
1541 2956 1710 3015 ferme
1767 2961 1866 3017 fuit

279 3035 455 3092 oratio
488 3054 505 3091 :
541 3054 562 3088 ι
599 3035 1061 3103 Quid'enimvero
1102 3054 1309 3100 tantum
1340 3047 1540 3117 piaculi
1581 3053 1651 3107 sit
1686 3054 1865 3126 Baby-

278 3126 437 3184 lonia“:
466 3129 750 3186 sultanem
790 3132 1016 3193 fratrem
1043 3139 1383 3206 nominasse,
1424 3142 1472 3198 si
1507 3158 1698 3206 sancto
1746 3148 1870 3219 Spi-

276 3219 407 3331 ritu,
437 3221 775 3293 quitsacros
822 3227 995 3316 libros
1020 3230 1285 3301 dictavit,
1333 3247 1558 3293 auctore
1599 3240 1866 3301 discimus
1891 3267 1937 3331 ρ

277 3313 437 3371 malis
488 3315 638 3387 ipsis
667 3313 1010 3378 daemonibus
1044 3339 1155 3381 non
1203 3333 1418 3383 tantum
1463 3331 1714 3391 homines
1751 3350 1871 3391 oni-

276 3420 396 3472 nes,
452 3409 562 3467 sed
607 3413 770 3469 etiam
821 3415 1172 3476 Christianos
1223 3420 1461 3479 fraterna
1490 3427 1727 3496 quadam
1771 3446 1869 3487 ne-

276 3500 630 3558 cessitudine
682 3505 981 3579 conjungi?
1019 3508 1226 3568 Vincat
1272 3529 1401 3586 ergo
1452 3528 1593 3574 ratio
1646 3520 1869 3579 inanem

276 3602 488 3649 metum
516 3611 538 3662 ;
569 3602 623 3650 et
667 3610 788 3651 cum
819 3613 908 3655 res
939 3598 1125 3673 exigat
1168 3607 1454 3663 conveniri
1480 3611 1750 3668 sultanem
1784 3614 1873 3671 lit-

277 3684 437 3751 tet-is,
485 3692 552 3742 et
578 3686 777 3744 barum
811 3689 1232 3764 inscriptionem
1262 3709 1512 3767 oporteat
1553 3706 1716 3760 talem
1749 3723 1874 3766 esse

278 3781 463 3851 qualis
488 3779 614 3852 jam
645 3782 773 3839 olim
804 3788 1070 3857 exemplis
1094 3790 1406 3862 prim-ipum
1432 3796 1648 3866 piorum
1683 3813 1735 3856 et
1764 3818 1873 3859 usu

278 3874 856 3953 hactenuscontinuo
893 3880 1190 3940 informata
1240 3896 1348 3952 est,
1390 3890 1551 3945 detur
1599 3908 1765 3964 opera
1817 3904 1875 3952 ut

279 3970 425 4038 quod
459 3971 792 4027 necessario
822 3970 1136 4031 faciendum
1159 3987 1266 4045 est,
1299 3980 1417 4036 ﬁeri
1442 3983 1677 4039 libenter
1704 4002 1875 4059 appa-

278 4072 449 4119 reat:
480 4062 699 4145 alioqui
748 4065 1042 4126 enimnon
1099 4070 1328 4129 haberet
1383 4077 1613 4148 gratiam
1669 4082 1874 4147 meriti,

283 4157 429 4227 quod
465 4156 524 4212 vi
564 4172 884 4227 expressum
911 4162 1145 4232 quadam
1179 4174 1234 4222 et
1268 4177 1544 4226 extortum
1582 4172 1650 4228 ab
1695 4175 1879 4235 invitis

280 4251 601 4309 videretur.
637 4249 818 4309 Locus
848 4255 1151 4327 Scriptura:
1182 4272 1293 4330 quo
1317 4255 1489 4317 fretus
1512 4264 1630 4321 hanc
1658 4266 1880 4339 loquor,

284 4342 376 4400 hic
420 4355 542 4403 est.
577 4343 790 4416 Sponsa
827 4348 882 4403 in
912 4347 1145 4408 Cantico
1185 4353 1266 4409 sic
1292 4352 1371 4408 ait
1408 4370 1424 4409 :
1473 4375 1491 4408 ι
1530 4356 1653 4414 Filii
1688 4363 1883 4420 matris

284 4452 421 4494 mea:
486 4450 876 4509 pugnaverunt
927 4453 1119 4500 contra
1177 4461 1264 4501 me
1298 4449 1336 4503 '.
1388 4468 1405 4502 ι
1462 4449 1539 4505 lbi
1596 4452 1881 4523 Nyssenus

1971 623 2273 693 ριαλγήσας
2324 622 2420 676 καὶ
2474 620 2587 675 τῶν
2634 601 2982 691 πραγμάτων
3037 614 3468 680 καταπενάξας,
3499 614 3549 667 et

1969 717 2045 783 μὲτ
2074 715 2234 786 μόνον
2264 718 2376 780 τοῖς
2413 713 2777 786 σχιζομένοις,
2811 712 2948 779 ἀλλά
2992 710 3090 765 καὶ
3119 710 3304 774 αὐτοῖς
3338 709 3400 780 δὴ
3432 710 3551 773 τοῖς

1968 809 2267 879 ἡνωμένοις
2295 809 2363 862 τὰ
2394 808 2501 861 τῶν
2548 807 2695 861 ιδίων
2729 804 3110 877 χλευάζονται,
3159 803 3379 859 σύνοδον
3415 819 3552 868 συγ-

1967 906 2172 972 κροτεῖ,
2205 905 2298 958 καὶ
2327 901 2570 956 διαλαλεῖ
2596 902 2733 956 πᾶσι
2766 900 2836 954 τὰ
2866 900 3003 963 τέως
3032 898 3313 970 λεχθέντα,
3349 896 3444 951 καὶ
3476 895 3551 959 ὡς

1966 990 2033 1065 ἦν
2066 996 2204 1048 κατά
2238 995 2301 1049 τὸ
2348 995 2497 1060 εἰκὸς
2544 994 2670 1058 τοὺς
2704 994 2899 1062 λόγους
2950 990 3233 1055 διευθετεῖ,
3273 990 3552 1051 ικσάλλων

1967 1086 2204 1156 utcf/{av
2239 1087 2479 1157 ματαίαν
2513 1088 2577 1140 ἐκ
2623 1084 2863 1155 καρδιῶν
2889 1085 3197 1141 ἀκουόντων
3237 1083 3555 1154 ὲνσκιρρου-

1970 1178 2137 1249 μένην
2162 1180 2261 1250 ἤδη
2293 1179 2370 1249 τῷ
2404 1179 2724 1250 θεολήπτῳ.
2761 1176 2937 1241 Αὐτὸς
2964 1176 3022 1230 δὲ
3053 1174 3323 1245 πειράσας
3348 1172 3555 1228 κακοῦν

1965 1276 2055 1326 τον
2086 1273 2184 1344 τὴν
2223 1272 2318 1328 τοῦ
2353 1272 2654 1328 σκανδάλου
2690 1271 2967 1340 πυρκαϊὰν
3008 1268 3373 1337 eammeam
3416 1268 3560 1323 αἰδοῖ

1968 1364 2057 1417 τοῦ
2090 1364 2280 1437 ἀνδρὸς
2329 1365 2596 1435 εἴργεται,
2632 1365 2692 1418 τὸ
2726 1364 2843 1434 μὲν
2882 1363 2971 1417 διὰ
2999 1364 3098 1431 τὴν
3147 1360 3357 1416 ἐκείνου
3390 1357 3560 1416 κατά-ἑ

1970 1474 2163 1510 statuti:
2194 1453 2282 1529 (ἦν
2314 1458 2422 1530 γὰρ
2448 1460 2567 1521 ταῖς
2606 1456 2885 1527 ἀληθείαις
2923 1454 3160 1523 εὐλαϐὴς
3197 1454 3227 1505 ὁ
3266 1452 3423 1524 ἀνὴρ,
3460 1451 3559 1504 καὶ

1967 1552 2025 1601 οὐ
2064 1553 2391 1624 κακουργίᾳ,
2440 1551 2558 1605 ἀλλ’
2606 1549 2866 1622 εὐλαϐείᾳ.
2910 1546 3369 1620 παρακεκίνητο),
3405 1544 3467 1599 τὸ
3501 1543 3561 1597 δὲ

1967 1644 2062 1695 καὶ
2086 1644 2175 1697 διὰ
2200 1644 2263 1697 τὸ
2293 1644 2525 1716 ἀρθῆναι
2551 1643 2727 1698 θέλειν
2747 1644 2888 1715 μέγα
2918 1642 2980 1696 τὸ
3024 1640 3315 1697 σκάνδαλο.
3370 1642 3434 1694 εκ
3462 1637 3559 1693 τοῦ
3598 1688 3599 1691 η

1966 1736 2056 1789 τὸν
2089 1738 2480 1809 ὑπομνήσαντα
2514 1738 2879 1794 κινδυνεῦσαι.

1969 1845 2067 1905 κδ’.
2102 1849 2239 1917 Περὶ
2289 1849 2407 1903 τῶν
2447 1850 2931 1919 ἀποτεθειμένων
2965 1852 3225 1920 χαρτίωι·
3261 1849 3357 1904 καὶ
3402 1849 3565 1915 ὅπως

2584 1921 2948 1992 εὑρέθησαν.
3393 1926 3396 1930 “

2043 2011 2223 2065 Astu-3v
2256 2012 2312 2066 δὲ
2347 2011 2519 2078 πάθος
2551 2012 2805 2069 ἐντεῦθεν
2836 2014 3012 2085 εἰσῄει
3049 2012 3137 2088 [Ρ.
3179 2013 3300 2085 ltiti}
3333 2013 3423 2068 τὸν
3457 2030 3567 2067 πα·

1970 2193 2077 2249 iem
2111 2194 2212 2266 piis
2243 2195 2471 2253 auribus
2498 2196 2801 2253 orationem
2842 2200 3078 2263 censuit,
3117 2212 3222 2267 qua
3279 2199 3563 2254 rebellium

1970 2288 2082 2344 Deo
2135 2288 2445 2365 daemonum
2486 2286 2707 2348 Christo
2754 2289 2987 2357 subjecti
3042 2290 3311 2352 homines.
3377 2307 3404 2345 ιι
3450 2290 3569 2348 Deo

1972 2397 2067 2451 per
2097 2382 2430 2453 baptismum
2480 2384 2534 2439 in
2573 2382 2711 2442 filios
2752 2384 3016 2456 adoptati,
3057 2384 3259 2441 fratres
3313 2386 3566 2457 dicereu-

1974 2480 2083 2529 tur.
2117 2473 2315 2547 IEquis
2342 2476 2511 2549 igitur
2535 2477 2711 2534 oculis
2750 2486 3000 2549 spectare
3032 2480 3114 2535 sic
3166 2479 3409 2534 locutmn
3448 2492 3565 2535 non

1971 2569 2237 2626 sustinuit
2263 2566 2283 2626 ι
2307 2570 2488 2627 sedet
2509 2572 2695 2629 verbis
2728 2573 2992 2629 continuo
3021 2572 3271 2644 plurimis
3307 2573 3560 2647 impiam.

1973 2672 2031 2717 ut
2060 2662 2307 2733 putabat,
2364 2663 2697 2723 mentionem
2753 2674 3063 2729 aversatus,
3113 2664 3162 2719 ei
3215 2680 3319 2720 suo
3352 2663 3567 2735 judicio

1968 2754 2325 2831 blasphemiae
2355 2772 2463 2813 non
2496 2758 2784 2814 mediocris
2807 2767 2991 2813 notam
3019 2758 3241 2813 inussit.
3271 2758 3426 2815 Ducti
3450 2773 3565 2814 non

1968 2851 2131 2922 pauci
2163 2852 2491 2907 auctoritate
2513 2850 2716 2907 Nicetae
2745 2852 2950 2907 amaris
2990 2852 3344 2909 irrisionibus
3387 2850 3568 2906 Theo-

1970 2946 2173 3017 leptum
2203 2948 2587 3017 traducebant,
2614 2931 2850 3022 ejusque
2889 2952 3427 3007 sentcntiam‘nihilo
3451 2965 3568 3006 mo-

1969 3035 2213 3098 deratius
2245 3056 2408 3112 quam
2436 3052 2644 3110 pestem
2689 3049 2742 3097 et
2775 3056 3043 3098 venenum
3076 3042 3380 3112 viperinum
3410 3056 3568 3098 aver-

1970 3136 2256 3194 sabantur.
2289 3136 2559 3193 Cmterum
2589 3137 2893 3207 Augustus,
2919 3136 3019 3207 .qtti
3050 3138 3331 3193 orationes
3359 3136 3572 3194 utrius-

1970 3244 2078 3299 que
2103 3228 2414 3304 contrarias
2470 3240 2713 3296 praesens
2769 3226 2928 3297 plene
2988 3226 3216 3282 auribus
3278 3226 3566 3305 hauserat,

1973 3322 2065 3379 ubi
2113 3322 2262 3395 quod
2296 3320 2423 3378 inde
2474 3335 2570 3393 per
2600 3320 2863 3392 populum
2921 3320 2976 3376 in
3018 3316 3561 3391 Philadelphiensem

1972 3432 2225 3474 murmur
2274 3418 2532 3490 glisceret
2561 3420 2750 3490 postea
2808 3426 3085 3489 cognovn,
3142 3430 3308 3489 aegre,
3366 3423 3569 3483 utpar

1973 3513 2113 3579 erat,
2148 3527 2302 3568 novae
2344 3527 2513 3582 super
2537 3513 2778 3571 totralias
2811 3511 3135 3569 oli'ensionis
3185 3520 3436 3567 exortum
3476 3522 3566 3569 tu-

1974 3605 2077 3675 litf;
2112 3615 2167 3664 et
2209 3594 2503 3663 miseratus
2549 3616 2752 3662 sortem
2789 3604 3268 3677 publicain,quod
3312 3605 3426 3677 jam
3457 3619 3568 3662 non

1975 3699 2154 3757 Solum
2178 3700 2481 3756 schismate
2524 3690 2747 3769 abrupti
2791 3714 2916 3755 cum
2950 3692 3324 3770 perstantibus
3359 3701 3419 3757 in
3470 3700 3572 3756 Ec-

1977 3794 2160 3870 clesiae
2182 3792 2393 3850 unitate
2424 3793 2842 3858 contenderent,
2889 3791 2989 3848 sed
3025 3793 3077 3847 hi
3120 3809 3342 3864 quoque
3368 3794 3571 3866 jurgiis

1977 3888 2295 3955 mutnisque
2333 3885 2582 3943 ludibriis
2618 3886 3114 3951 committerentur,
3149 3895 3453 3947 convocata
3478 3903 3571 3957 sy-

1956 3979 2123 4034 ‘nodo
2170 3976 2434 4035 disseruit
2487 3977 2557 4032 de
2622 3977 2865 4033 suborto‘
2914 3978 3370 4050 Dyrrachiensem
3428 3980 3573 4036 inter

1979 4071 2622 4143 Philadelphiensemqne
2670 4068 2997 4135 certamine,
3050 4056 3344 4142 hujusque
3396 4072 3569 4129 verba

1982 4165 2036 4221 in
2072 4167 2397 4222 sententiam
2425 4166 2679 4234 exposuit
2710 4164 3079 4227 commodam,
3126 4179 3344 4220 omnem
3396 4166 3573 4223 abeo

1982 4260 2167 4316 minus
2195 4273 2344 4315 sanae
2364 4258 2628 4315 doctrinae
2668 4265 2763 4312 aut
2799 4255 3262 4328 .‘reprebensibilis
3310 4259 3573 4332 novitatis

1984 4352 2356 4422 suspicionem
2408 4350 2628 4405 inanem
2689 4350 2982 4415 amoliens,
3047 4350 3159 4405 imo
3215 4350 3413 4406 animis
3454 4350 3571 4429 jam

1987 4446 2287 4499 multorum
2335 4442 2580 4498 inclitam
2628 4442 2881 4511 stirpitus
2917 4441 3181 4497 avellens.
3234 4440 3413 4511 Atque
3458 4440 3572 4508 ille,

286 4529 573 4601 Sponsam
625 4548 749 4602 quae
814 4534 897 4590 sic
960 4537 1205 4608 loquitur
1286 4555 1411 4599 esse
1472 4543 1633 4601 docet
1700 4546 1889 4605 Eccle-
1919 4553 2101 4612 θίιυο
2131 4537 2407 4592 ferebatur
2440 4551 2606 4592 ruens
2648 4535 2833 4591 studio
2889 4536 2956 4589 ad
3008 4532 3436 4591 exstinctionem
3466 4534 3575 4590 "in-

285 4624 427 4679 siam
463 4623 704 4681 Christi.
758 4626 884 4684 Haec
919 4644 950 4684 a
986 4633 1182 4690 matris
1238 4648 1354 4690 suae
1411 4635 1538 4693 filiis
1574 4643 1879 4711 oppugnari

289 4730 350 4772 se
392 4718 680 4788 queritur,
724 4718 827 4775 hoc
876 4731 980 4789 est,
1015 4724 1207 4780 eodem
1266 4726 1433 4800 248
1480 4730 1803 4802 interprete,
1855 4750 1887 4789 a

291 4809 458 4865 malis
502 4810 874 4880 daemonibus,
911 4818 1005 4886 qui
1038 4820 1231 4875 matris
1263 4820 1437 4893 ipsius
1468 4823 1559 4879 lilii
1606 4827 1887 4889 dicuntur.

292 4903 575 4972 quoniam
609 4915 719 4959 tam
770 4906 1016 4965 Ecclesia
1059 4928 1226 4981 quam
1270 4914 1549 4972 daemones
1578 4934 1646 4975 ex
1696 4921 1888 4977 eadem

293 5011 467 5052 causa
515 5007 571 5053 et
601 4998 871 5069 principio
898 5012 1025 5058 sunt
1051 5006 1182 5070 orti,
1224 5008 1409 5063 divina
1440 5011 1700 5067 nimirum
1732 5012 1893 5068 boni-

292 5098 411 5145 tate
458 5091 736 5146 creatrice
789 5093 1198 5161 universorum,
1255 5115 1353 5168 per
1382 5104 1542 5172 cuius
1596 5106 1890 5161 fecundam

304 5180 735 5239 beneﬁcentiam
778 5194 976 5243 cuncta
1005 5205 1071 5244 ex
1101 5191 1274 5247 nihilo
1306 5195 1357 5249 in
1390 5198 1719 5253 exstantium
1766 5191 1898 5270 pro—

299 5281 479 5329 tracta
511 5284 664 5330 sunt.
700 5274 828 5333 llaec
858 5292 1049 5336 omnes
1083 5281 1260 5340 bonos
1280 5286 1435 5355 juxta
1475 5288 1762 5357 malosque
1795 5304 1893 5343 an-

301 5363 458 5432 gelos
488 5371 586 5416 aut
619 5363 871 5421 homines
904 5382 1014 5422 uno
1048 5372 1248 5445 pariter
1273 5380 1603 5429 cunctorum
1638 5374 1801 5432 Patre
1831 5392 1896 5433 ac

298 5452 608 5511 Couditore
630 5456 835 5528 genuit.
875 5476 895 5529 φ
930 5459 1083 5517 Talia
1130 5464 1311 5519 minus
1361 5466 1504 5522 forte
1549 5468 1896 5537 praemedita-

309 5550 402 5599 tus
427 5547 593 5617 quasi
655 5546 1151 5619 Philadelphiensis
1206 5554 1437 5624 projecit
1498 5556 1554 5612 in
1614 5558 1895 5625 medium;

310 5653 437 5708 quae
470 5640 652 5708 gravis
697 5641 882 5697 statim
919 5644 1164 5703 scandali
1204 5658 1258 5701 et
1293 5638 1513 5704 invidiae
1544 5650 1596 5704 in
1652 5645 1778 5706 eum
1809 5664 1899 5707 oc-‘

314 5731 601 5787 casionem
650 5744 781 5790 sunt
845 5737 958 5794 visa
1015 5742 1318 5811 praebuisse
1371 5743 1735 5813 plausibilem.
1786 5744 1901 5799 iloc

319 5824 467 5877 enim
500 5816 692 5881 audito
735 5826 1149 5902 Dyrrachiensis
1203 5836 1422 5894 Nicetes
1454 5838 1597 5894 haud
1649 5839 1899 5895 tolerabi-

437 5949 454 5980 ⁸
489 5945 645 6004 Cant.
679 5964 718 6015 Ι,
750 5951 806 6008 5.

1988 4629 2147 4685 vidiae
2175 4628 2341 4699 249
2367 4635 2573 4682 temere
2620 4626 2675 4681 in
2714 4625 3382 4695 Tlieoleptumccensae,
3416 4625 3578 4681 facile

1988 4720 2169 4775 obiter
2215 4719 2544 4773 incitaretur
2599 4715 2654 4770 in
2692 4719 2950 4785 impetum
3005 4729 3147 4785 aegre
3210 4716 3451 4772 vicissim
3494 4715 3577 4771 fa-

1990 4811 2165 4868 ciendi
2192 4810 2310 4880 ejus
2341 4809 2721 4882 reprehensuri
2752 4806 2979 4873 Nicetae,
3010 4809 3102 4877 qui
3138 4808 3257 4863 face
3282 4822 3418 4880 rogo
3443 4807 3577 4864 sub-

1988 4904 2321 4975 jecta-causa
2355 4900 2597 4956 incendii
2635 4899 2850 4964 fuisset,
2896 4899 3005 4956 nisi
3053 4898 3122 4955 ab
3157 4898 3264 4955 isto
3303 4913 3428 4954 eum
3479 4915 3575 4953 cn-

1992 5005 2121 5054 natu
2143 4996 2427 5051 cohiberet
2441 4994 2676 5064 primum
2698 4994 2873 5063 pudor
2902 4991 3001 5047 viri
3024 4994 3195 5046 multa
3224 4994 3493 5063 gravitate
3512 5006 3577 5046 ac

1992 5089 2257 5159 religione
2291 5086 2637 5154 venerabilis,
2673 5100 2776 5141 nec
2799 5093 2914 5152 tam
2945 5084 2997 5139 in
3026 5084 3130 5139 hoc
3164 5086 3285 5155 ipso
3325 5084 3580 5154 maligni-

1996 5190 2106 5238 tate
2141 5181 2248 5235 ulla
2291 5195 2455 5251 quam
2488 5179 2587 5235 zeli
2612 5179 2848 5249 quadam
2898 5178 3266 5248 imprudentia
3311 5178 3577 5248 prolapsi,

1996 5277 2195 5332 deinde
2228 5281 2409 5329 metus
2444 5288 2513 5328 ne
2557 5272 2772 5343 qualem
2805 5286 2871 5327 ex
2912 5271 3255 5327 traductione
3303 5270 3580 5345 Philadel-

1998 5368 2241 5442 phiensis
2302 5366 2659 5423 oli'ensionem
2722 5364 3055 5419 formidarat
3097 5364 3395 5435 publicam,
3453 5366 3578 5420 talia

2001 5472 2285 5533 tantaque,
2315 5475 2379 5515 ac
2407 5474 2513 5516 nec
2565 5459 2748 5513 minus
2780 5458 2863 5514 vel
2913 5458 3218 5528 periculosa
3270 5458 3349 5512 vel
3392 5457 3576 5521 noxia,

1998 5571 2031 5613 e
2057 5550 2473 5626 Dyrrachiensis
2500 5548 2910 5621 impugnatione
2944 5558 3287 5619 sequeretur.

2001 5666 2092 5721 24.
2137 5662 2214 5716 De
2261 5658 2457 5714 chartis
2500 5656 2553 5713 in
2578 5655 2787 5739 occulto
2823 5656 3132 5739 reconditis,
3180 5666 3231 5712 et
3268 5666 3323 5709 ut
3356 5672 3429 5710 ea:
3474 5657 3579 5709 sint

2667 5738 2911 5785 invenite.

2076 5830 2188 5888 Sub
2220 5830 2331 5884 haec
2373 5824 2557 5898 gravis
2604 5824 2827 5897 quidam
2885 5825 3059 5882 anxia
3090 5817 3603 5896 religionisatstuat
