4068 6232
517 328 627 398 275

1708 338 2031 401 GEORGlI
2063 320 2542 405 menmium

3669 340 3777 404 276

509 442 785 515 τριάρχην
807 442 1083 517 Ἰωάννην,
1115 448 1207 501 καὶ
1237 448 1364 519 ἤλυε
1395 448 1583 514 δεινῶς
1611 450 1682 504 δι’
1703 450 1990 506 εὒλάὄειαν
2016 446 2076 512 ἐξ
2106 450 2148 506 Δ
2178 451 2571 523 Μρασυρέντα
2599 447 2721 505 καθ’
2758 443 2934 521 οὗπερ
2982 444 3128 521 ἦσαν
3154 448 3248 504 καὶ
3274 450 3330 503 αί
3361 448 3519 522 ἀραί.
3557 450 3671 505 Καὶ
3708 448 3775 520 δὴ

456 555 465 563 ·
513 537 696 597 stiria;
714 537 952 595 τοιᾶσδε.
985 539 1143 603 Τινὲς
1177 539 1284 613 γὰρ
1311 541 1421 598 τῶν
1446 543 1678 607 ἐκείνου,
1694 537 1775 608 οἷς
1797 544 1936 606 νέοις
1960 540 2083 596 οὖσι

512 622 748 700 ζώγρεῖν
776 627 935 700 ἐπῄει
966 630 1307 701 περιστερῶν
1336 634 1595 696 νεοσσοὺς
1616 631 2085 703 νεοκομουμένους

512 722 572 773 ὲν
598 723 714 785 rei;
771 724 1277 793 κατηχούμενείοις,
1336 726 1651 794 ἐφίστανται
1708 728 1801 780 καὶ
1837 725 1915 796 τῷ
1944 725 2084 779 κίονι

510 810 640 868 ἔνθα
672 814 739 868 τὰ
792 814 1107 885 δηλωθέντα
1134 817 1245 870 τῶν
1280 821 1627 891 γραμμάτων
1684 818 1989 889 ἐκπώματα
2022 819 2083 871 ἐν

509 907 696 977 κρυφῇ
731 905 960 971 κείμενα
987 902 1130 977 ἦσαν
1179 908 1515 981 (Γαμηλιὼν
1563 909 1611 963 δ’
1636 911 1942 981 ἐνειστήκει
1975 909 2083 977 μὴν

510 996 631 1051 καθ’
658 997 717 1051 ὃν
751 997 909 1053 ταῦτ’
931 1000 1264 1073 ἐπράττετο)
1298 1001 1361 1057 ἐν
1382 1004 1693 1075 ἀριστεροῖς
1716 1005 1827 1065 τοῖς
1850 1002 2082 1055 εἰσιοῦσι

509 1092 989 1166 κατηχούμενείοις
1023 1095 1117 1148 τοῦ
1142 1099 1489 1167 περιωνύμου
1524 1096 1674 1152 ναοῦ.
1706 1098 1813 1150 Καὶ
1843 1097 1966 1151 ἐπεὶ
1985 1113 2083 1149 πε-

504 1184 807 1255 ριστερεὼν
838 1182 905 1258 ἦν
948 1189 1097 1259 τῇδε,
1148 1190 1242 1243 καὶ
1294 1190 1400 1245 ἔδει
1447 1192 1549 1244 οὐκ
1608 1190 1739 1256 ίξοῖς
1766 1193 1859 1244 καὶ
1888 1189 2077 1255 λίνοις,

510 1272 643 1328 ἀλλὰ
698 1277 859 1348 χερσὶ
914 1280 1009 1332 καὶ
1050 1279 1244 1349 μόναις
1278 1281 1540 1344 νεοσσοὺς
1595 1282 1844 1351 ἀπτῆνας
1879 1283 2076 1352 αἱρεῖν,

509 1365 755 1429 κλίμακά
782 1386 839 1422 τε
874 1370 1182 1437 ὲπιτιθεῖσι,
1209 1371 1301 1425 καὶ
1324 1366 1405 1437 εἷς
1429 1371 1639 1436 ἀναϐὰς
1666 1373 1889 1426 ἐκείνων
1922 1390 2078 1425 νεοσ-

509 1458 635 1521 σοὺς
664 1460 763 1539 μέν
809 1462 1049 1525 ἐκείνους
1076 1463 1180 1517 ύπδ
1229 1466 1419 1535 χεῖρας
1463 1460 1629 1534 εἶχεν,
1670 1464 1999 1531 ὑπεφαίνετο
2030 1465 2078 1516 δ’

508 1549 709 1614 εὐθέως
734 1553 828 1604 καὶ
860 1554 920 1605 τὸ
949 1556 1009 1608 ἐν
1064 1554 1221 1625 μυχῷ
1240 1555 1340 1619 τῆς
1366 1555 1503 1626 ὀπῆς
1530 1556 1803 1624 κείμενον.
1838 1551 1911 1607 Τὸ
1937 1555 1981 1607 δ’
2011 1550 2079 1625 ἦν

509 1638 567 1701 rb
599 1650 1041 1720 συνεπτυγμένον
1069 1650 1178 1704 τῶν
1211 1651 1363 1721 ἀρῶν
1393 1650 1681 1721 ὄστρακον.
1742 1649 1829 1712 Ὠς
1855 1648 1900 1702 δ’
1944 1650 2079 1702 divae

2187 541 2280 595 τὸν
2316 543 2547 613 ἀδελφὸν
2575 541 2801 614 πέμψας
2826 542 3112 608 Μεθόδιον,
3137 542 3295 615 ἠξίου
3328 542 3559 615 βασιλέα
3594 558 3774 615 παρα-

2186 635 2441 705 γενέσθαι
2465 637 2517 689 οί
2535 651 2550 666 ·
2593 635 2730 707 μηδὲ
2758 637 2871 707 γὰρ
2895 635 3042 709 ἔχειν
3073 637 3327 708 ἀπαντᾷν
3371 639 3510 707 παρ’
3539 640 3773 691 ἐκεῖνον.

2196 727 2539 798 ’Δπήγγελλι
2565 727 2625 784 δέ
2644 727 2740 784 καὶ
2771 729 2871 799 τὴν
2900 728 3104 796 αἰτίαν,
3121 727 3203 793 ὡς
3229 726 3427 783 ἔλαθον
3457 728 3551 782 ἐπὶ
3575 726 3779 782 τοσοῦ-

2182 834 2278 872 τον
2310 817 2560 890 φρικτῶν
2583 819 2734 890 ἀρῶν
2756 819 3016 881 εὐθύναις
3042 817 3118 883 ὡς
3148 819 3250 874 οὐκ
3271 819 3485 874 οἴδασιν
3514 818 3779 890 ἐνεχόμε-

2182 927 2285 975 νοι,
2318 912 2415 964 καὶ
2443 911 2519 974 ὡς
2538 912 2875 975 ἀπεναντίας
2896 911 2996 981 τῆς
3023 912 3192 968 πάλαι
3224 912 3584 987 περιστερᾶς,
3614 910 3777 965 λύσιν

2184 998 2687 1077 εὐαγγελιζομένης
2741 1004 3160 1075 κατακλυσμοῦ,
3220 1007 3255 1076 ἡ
3288 1005 3385 1059 ἐπὶ
3427 1002 3526 1057 τοῦ
3588 1005 3776 1068 κίονος

2182 1096 2363 1167 ἐκείνη
2396 1096 2670 1166 φαίνεται,
2701 1096 2833 1168 παρ’
2861 1100 2988 1163 ὅσον
3019 1097 3122 1151 οὐκ
3151 1097 3435 1167 εὐλογίας,
3468 1096 3606 1151 ἀλλὰ
3633 1114 3777 1150 κατα

2181 1188 2325 1262 ἁρας
2375 1191 2471 1243 καὶ
2498 1189 2829 1260 ἁφορισμῶν
2865 1189 3142 1263 μηνύτρια
3163 1191 3382 1261 γέγονε.
3416 1188 3529 1245 Καὶ
3559 1190 3623 1243 τδ
3647 1188 3735 1260 χεί
3753 1216 3772 1229 -

2182 1299 2390 1352 ριστον,
2421 1283 2495 1344 ὡς
2522 1282 2648 1336 τότε
2691 1283 2793 1353 μὲν
2823 1284 2850 1336 ό
2884 1282 3021 1336 δέων
3062 1283 3415 1355 πατριάρχης
3440 1276 3509 1351 ἦν
3536 1281 3632 1334 καὶ
3665 1281 3771 1351 τὴν

2179 1376 2271 1429 τοῦ
2294 1376 2404 1428 δεῖν
2432 1374 2686 1440 ἐξουσίαν
2711 1376 2807 1429 τοῦ
2835 1375 3153 1446 πνεύματος
3180 1376 3371 1445 ἔφερε.
3398 1375 3495 1431 νῦν
3524 1374 3573 1429 δ’
3605 1375 3635 1429 ό
3668 1373 3775 1427 καὶ

2180 1468 2311 1530 ἴσως
2362 1467 2512 1521 λύειν
2564 1467 2793 1539 μέλλων,
2844 1471 2894 1523 εί
2921 1468 3060 1534 τέως
3096 1468 3193 1523 καὶ
3220 1467 3363 1531 λύοι.
3396 1467 3773 1539 ἐστερημένος

2178 1559 2277 1631 τῆς
2325 1556 2420 1613 τοῦ
2470 1559 2623 1613 λύειν
2672 1559 2921 1626 ἐξουσίας
2953 1558 3295 1629 εὑρίσκεται.
3332 1559 3446 1612 Καὶ
3468 1556 3557 1611 διὰ
3590 1555 3773 1611 ταῦτα

2177 1651 2252 1714 ὡς
2287 1649 2487 1721 πολλῆς
2505 1636 2617 1722 ’τῆς
2652 1650 2940 1713 δυσκολίας
2974 1649 3144 1719 οὔσης
3181 1650 3292 1722 χρὴ
3324 1651 3548 1720 κοπιᾷν,
3581 1648 3767 1717 ἔλεγε.

512 1741 839 1804 urticam-:5;
886 1743 1298 1813 κατεμάνθανον
1348 1743 1376 1796 ὅ
1426 1760 1480 1795 τι
1534 1739 1741 1815 ποτ’ἧν
1793 1742 1992 1803 ἐκεῖνο,
2018 1743 2077 1794 ἐν
2111 1801 2149 1816 __
2181 1745 2278 1797 καὶ
2313 1744 2712 1816 συμϐουλεύειν
2766 1745 2827 1798 τὸ
2883 1745 3160 1815 ποιητέον,
3196 1745 3271 1809 ὡς
3325 1742 3774 1813 ἐμϐραδύνουσιν

508 1833 747 1901 θαύματι
778 1801 854 1896 ὡς
888 1801 1037 1900 εἰκὸς
1058 1830 1198 1907 ἦσαν
1220 1836 1315 1891 καὶ
1353 1835 1647 1906 διηπόρουν
1681 1801 1709 1888 ἐ
1738 1852 1789 1888 τι
1826 1834 1917 1888 καὶ
1946 1801 2074 1905 δρά-
2110 1801 2151 1856 Β
2180 1836 2309 1901 ἴσως
2340 1801 2416 1909 pi;
2450 1837 2633 1904 σφίσιν
2664 1836 2951 1891 ἀκίνδυνον
2972 1801 3053 1891 ὃν.
3084 1801 3269 1890 Ταῦτα
3311 1801 3571 1905 βασιλεὺς
3591 1835 3773 1889 ἁκού-

509 1945 686 1982 σουσι.
707 1928 857 1992 Τέως
878 1927 925 1982 δ’
952 1928 1319 1998 ἀπαγγέλλειν
1347 1927 1446 1997 μὲν
1478 1932 1814 1998 πατριάρχῃ,
1836 1926 1920 1997 [Ρ.
1946 1924 2071 1998 ΠΟ]

506 2018 835 2090 Ξγχιειριζειν
858 2020 913 2075 δέ
944 2020 1037 2074 καὶ
1058 2020 1266 2092 χάρτας
1285 2022 1377 2074 καὶ
1410 2020 1653 2091 ὄστρακα
1685 2019 1953 2089 ἔγνωσαν.
1986 2019 2072 2082 Ὠς

506 2110 637 2181 γοῦν
664 2114 741 2177 εἰς
763 2116 952 2184 χεῖρας
986 2114 1013 2166 ὁ
1043 2115 1389 2183 πατριάρχης
1441 2107 1554 2181 εἶχε
1606 2112 1698 2165 καὶ
1740 2108 1985 2164 κατενόει
2014 2108 2075 2162 τὸ

505 2203 709 2273 δρᾶμα,
751 2202 1196 2273 προσαναφέρειν,
1251 2201 1391 2269 ἔγνω
1440 2202 1508 2254 τὰ
1556 2200 1685 2271 περὶ
1733 2199 1925 2253 τούτου
1979 2198 2075 2252 καὶ

506 2296 740 2366 βασιλεῖ,
796 2295 880 2350 ὅτι
910 2296 1003 2348 καὶ
1048 2294 1243 2348 οὐδένα
1276 2293 1437 2349 ἄλλον
1478 2292 1512 2364 ἢ
1544 2291 1706 2347 αὑτὸν
1735 2290 1951 2345 ὑπενόει
1982 2289 2074 2343 τὸν

507 2474 858 2529 vehementer
895 2472 1125 2545 agitavit
1172 2471 1415 2528 animum
1471 2471 1699 2529 Joannis
1750 2472 2077 2545 patriarcha

503 2569 792 2623 occasione
843 2582 1005 2638 quam
1065 2567 1151 2621 hic
1207 2566 1463 2622 referam.
1520 2565 1749 2633 Quidam
1790 2581 1823 2623 e
1866 2566 2072 2623 familia

502 2665 656 2719 illius
682 2663 1076 2730 adolescentes,
1107 2660 1412 2733 Septembri
1445 2675 1653 2725 mense,
1681 2658 1951 2732 pullorum
1983 2674 2075 2715 co-

500 2756 871 2815 lumbinorum
934 2756 988 2810 in
1071 2754 1216 2812 nidis
1286 2752 1678 2824 capiendorum
1737 2752 2074 2822 cupiditate,

496 2861 664 2921 prout
696 2850 784 2904 illa
844 2850 947 2904 fert
976 2857 1131 2915 tetas,
1162 2847 1406 2904 instincti
1455 2845 1879 2903 catechumenea
1915 2860 2075 2902 scru-

495 2947 776 3010 tabantur,
807 2944 987 2999 locum
1043 2943 1097 2998 in
1132 2941 1317 3012 templi
1374 2940 1555 3011 magni
1607 2946 1758 3012 parte
1794 2939 2077 3009 superiore

497 3037 566 3091 ad
593 3038 780 3093 laevam
830 3034 1282 3104 ingredientibus,
1322 3032 1473 3088 cavis
1501 3046 1599 3101 per
1637 3047 1824 3088 muros
1872 3033 2071 3102 passim

2177 1946 2275 1994 σας
2304 1927 2635 2000 διευλαὸήθη
2660 1929 2798 1993 τέως
2828 1931 2927 1999 τὴν
2958 1928 3159 1998 πρᾶξιν
3193 1929 3289 1982 καὶ
3317 1928 3458 1999 πρδς
3481 1929 3573 1980 τὸν
3600 1927 3771 1996 λόγον

2176 2021 2504 2094 ἐθορυϐήθη,
2535 2022 2634 2075 καὶ
2658 2022 2733 2084 ὡς
2760 2016 2909 2091 εἶχεν
2939 2021 3145 2084 εὐθέως
3180 2021 3331 2092 παρὰ
3357 2020 3453 2075 τὸν
3486 2020 3773 2092 πατριάρ-

2176 2131 2280 2186 χην
2303 2114 2535 2183 γίνεται.
2575 2115 2663 2177 Ὦς
2682 2114 2739 2168 δέ
2768 2114 2839 2167 τὰ
2861 2114 3171 2184 γράμματα
3198 2109 3330 2179 εἶδε,
3361 2112 3458 2168 καὶ
3478 2113 3615 2167 ὅπου
3646 2112 3770 2165 κεί-

2179 2221 2321 2275 μενα
2350 2207 2445 2260 καὶ
2477 2206 2628 2271 ὅπως
2672 2206 2979 2278 εὑρέθησαν
3036 2205 3330 2271 πέπυστο,
3370 2208 3433 2262 ἐν
3466 2206 3657 2278 ἀπόρῳ
3691 2203 3771 2277 ἦν

2175 2295 2271 2351 καὶ
2300 2299 2361 2351 τὸ
2394 2298 2647 2369 ποιητέον
2668 2298 2930 2351 ἐσκόπει·
2965 2296 3027 2352 τὸ
3058 2297 3167 2369 γὰρ
3203 2296 3559 2368 πατριάρκην
3601 2297 3770 2353 Ἀθα-

2177 2474 2299 2532 dem
2346 2475 2703 2548 insuperabili
2742 2475 3031 2531 obstaculo
3072 2475 3482 2545 prohiberetur,
3528 2477 3771 2537 haberet

2175 2579 2359 2626 autem
2413 2584 2534 2636 quae
2584 2585 2707 2626 cum
2748 2569 2869 2636 ejus
2905 2567 3190 2638 majestate
3248 2585 3433 2626 coram
3482 2580 3537 2629 et
3570 2574 3766 2628 statim

2177 2664 2399 2717 tractari
2427 2670 2727 2733 oporteret,
2754 2677 2948 2735 nempe
2978 2668 3040 2717 ut
3069 2665 3480 2734 quamprimum
3507 2681 3773 2721 commu-

2176 2759 2320 2811 niter
2354 2757 2600 2811 viderent
2633 2771 2741 2827 quo
2776 2771 2835 2811 se
2868 2765 3093 2826 possent
3122 2765 3281 2825 pacto
3304 2756 3568 2828 expedire
3617 2758 3766 2815 diris

2178 2849 2417 2908 vinculis
2460 2850 2865 2908 horrendorum
2916 2851 3351 2917 anathematum,
3408 2852 3612 2922 quibus
3662 2853 3771 2908 hs-

2178 2955 2378 3001 ctenus
2429 2945 2780 3026 ignorassent
2814 2957 2873 3000 se
2902 2946 3075 3019 teneri
3105 2944 3459 3000 constrictos.
3496 2943 3770 3001 Declara-

2180 3048 2292 3094 tnm
2333 3047 2513 3093 autem
2546 3037 2649 3093 hoc
2683 3050 2833 3092 nunc
2880 3035 3015 3109 ipsis
3062 3036 3269 3093 indicio
3308 3037 3599 3100 columbae.
3633 3054 3771 3110 quae

496 3129 779 3185 hiantibus
816 3136 1123 3198 pertusum.
1152 3140 1325 3195 eoque
1369 3140 1494 3180 cum
1533 3125 1765 3181 istarum
1817 3123 2065 3180 nidiﬁcio
2094 3138 2141 3200 ο
2173 3133 2330 3202 longe
2363 3131 2579 3186 diverso
2611 3145 2640 3184 a
2674 3130 2843 3186 sacris
2882 3128 3158 3185 celebrata
3188 3128 3416 3187 Litteris
3444 3131 3636 3188 nuntia
3675 3132 3768 3189 di-

496 3224 782 3276 volucrum
843 3229 957 3275 tum
1017 3220 1226 3275 ludicro
1278 3218 1513 3289 aucupio
1546 3215 1855 3272 vacantium
1905 3230 2069 3285 opere

499 3315 796 3388 nrgentiori
831 3330 1126 3387 puerorum
1154 3321 1543 3383 opportunum,
1578 3314 1778 3383 quippe
1811 3311 1923 3375 ubi,
1950 3311 2071 3367 sine

498 3410 765 3467 laciniosa
800 3416 1067 3481 apparatu
1103 3407 1404 3463 venatoria:
1456 3402 1834 3475 supellectilis,
1868 3405 2067 3461 retium

498 3506 607 3563 aut
645 3504 977 3561 calamorum
1009 3501 1162 3558 visco
1209 3500 1553 3572 perlitorum,
1602 3514 1767 3555 mann
1818 3499 2071 3555 cominus

495 3599 641 3653 nuda
676 3596 1016 3653 eolumbulos
1047 3596 1232 3652 adhuc
1264 3595 1556 3665 implumes
1588 3594 1641 3647 in
1674 3594 1870 3649 nativis
1919 3593 2067 3648 (mhi.

497 3692 643 3748 libus
675 3690 1095 3762 prehenderent.
1122 3689 1257 3745 Dum
1288 3688 1418 3748 huic
1449 3687 1727 3743 iuhianter
1762 3686 1945 3742 studio
1989 3686 2073 3741 in-

495 3788 629 3842 tenri
660 3793 856 3842 cuncta
886 3784 998 3842 illic
1029 3782 1306 3838 ioramina
1340 3783 1631 3845 rimantur,
1666 3795 1811 3835 unus
1836 3795 1900 3833 ex
1935 3777 2071 3848 ipsis

494 3880 787 3936 observato
827 3890 992 3947 supra
1045 3875 1353 3929 columnam
1413 3873 1662 3928 altiorem
1716 3886 1872 3939 cavo,
1910 3872 2072 3927 scalis

496 3976 628 4031 illuc
670 3974 903 4029 admotis
957 3978 1179 4027 evectus
1234 3969 1418 4037 pullos
1445 3967 1692 4037 quidem,
1734 3978 1791 4022 ut
1828 3967 2066 4032 volebat,

493 4069 696 4140 reperit
718 4076 773 4124 et
800 4067 942 4139 cepit
972 4084 986 4120 :
1019 4065 1113 4122 sed
1160 4064 1301 4119 idem
1345 4062 1575 4118 ulterius
1608 4077 1826 4133 quoque
1848 4063 2072 4139 conspi-

494 4174 649 4220 catus
706 4160 890 4216 nescio
948 4158 1079 4229 quid
1138 4156 1338 4213 ibidem
1392 4155 1720 4226 profundius
1767 4163 2069 4226 repostum,

493 4272 658 4312 manu
690 4253 913 4310 attraxit
952 4266 1080 4308 vasa
1115 4250 1228 4307 duo
1271 4256 1438 4304 testea
1486 4248 1779 4304 commissa
1814 4248 2071 4303 invicem.

494 4346 630 4401 Tum
655 4344 983 4401 curiositate
1006 4342 1201 4414 puerili
1232 4341 1363 4413 quid
1404 4341 1514 4394 illic
1550 4341 1747 4395 lateret
1786 4348 2066 4404 scrutans,

492 4442 713 4497 chartas
754 4446 1001 4509 repertas
1028 4444 1082 4490 et
1142 4436 1259 4505 ipse
1307 4433 1437 4503 legit
1489 4442 1543 4487 et
1586 4432 1754 4488 sociis
1804 4430 2068 4486 ostendit.

2172 3225 2305 3280 invii
2335 3224 2611 3280 cessantis
2639 3223 2893 3293 augurio,
2928 3237 3037 3277 non
3087 3236 3273 3293 pacem
3321 3236 3387 3278 ac
3420 3223 3766 3281 benedictio-

2173 3334 2297 3373 nem
2349 3325 2409 3372 ut
2438 3315 2554 3380 illa,
2588 3314 2681 3370 sed
2731 3315 3041 3386 piaculares
3074 3314 3254 3371 nodos
3306 3307 3635 3373 terribilium
3665 3334 3765 3373 ex-

2173 3408 2749 3466 communicationum
2781 3423 2813 3465 e
2846 3408 3117 3464 columna:
3143 3408 3368 3480 fastigio
3393 3411 3648 3468 eminens
3666 3413 3760 3468 de

2173 3502 2471 3565 nuntiaret,
2507 3512 2673 3571 atque
2721 3501 2796 3556 ita
2822 3499 3044 3572 quidem
3073 3502 3241 3573 (quod
3270 3512 3392 3558 erat
3440 3504 3756 3575 pessimum)

2175 3604 2235 3649 ut
2276 3594 2439 3651 simul
2481 3595 2707 3651 doceret
2763 3609 2888 3649 eum
2936 3594 3031 3662 qui
3078 3593 3304 3665 laqueos
3356 3594 3492 3651 istos
3544 3605 3760 3652 atroces

2174 3695 2439 3743 nexuerat
2475 3697 2531 3744 et
2591 3687 2925 3753 intenderat,
2962 3696 3097 3742 tunc
3153 3702 3277 3742 cum
3333 3688 3388 3744 id
3436 3689 3548 3759 egit
3588 3688 3766 3748 fuisse

2178 3779 2575 3851 patriarcham,
2620 3779 2724 3833 hoc
2754 3787 2838 3834 est
2879 3778 3105 3834 minime
3145 3778 3367 3834 dubiam
3409 3779 3613 3852 ligandi
3666 3782 3770 3840 ba-

2176 3873 2365 3928 buisse
2396 3880 2718 3943 potestatem
2754 3888 2768 3925 :
2800 3887 2953 3927 nunc
2993 3879 3177 3927 autem
3230 3872 3502 3943 privatum
3537 3874 3767 3943 degere,

2173 3979 2278 4020 nec
2329 3962 2536 4020 clavem
2569 3963 2804 4033 amplius
2839 3975 3024 4020 tenere
3075 3978 3181 4036 qua
3242 3964 3418 4037 possit
3471 3979 3766 4024 carcerem

2174 4059 2413 4129 pandere
2449 4058 2506 4113 in
2537 4072 2697 4129 quem
2736 4059 2887 4129 ipsos
2938 4068 3099 4115 antea
3129 4060 3416 4131 coniectos
3449 4060 3767 4119 incluserit.

2172 4152 2306 4220 Quae
2354 4168 2476 4209 cum
2530 4152 2605 4206 ita
2646 4150 2780 4219 sint,
2814 4151 2927 4207 acri
2980 4168 3121 4223 opus
3168 4167 3295 4209 esse
3340 4153 3767 4225 deliberatione,

2174 4260 2296 4315 quae
2324 4246 2442 4301 vias
2480 4254 2696 4301 mature
2736 4244 3033 4315 investiget
3101 4245 3441 4303 extricandte
3479 4248 3767 4317 perplexi-

2175 4341 2271 4394 tati
2319 4339 2600 4397 lethalium
2650 4345 2706 4395 et
2750 4337 2944 4395 fauces
3001 4338 3394 4409 stringentium
3458 4341 3777 4413 nodorum,

2175 4448 2408 4506 quorum
2446 4432 2696 4487 cassibus
2733 4429 2942 4487 haerere
2977 4431 3277 4500 implicitus
3309 4448 3376 4488 ne
3403 4432 3470 4487 ad
3512 4449 3769 4491 momen-

493 4537 665 4589 Erant
688 4548 762 4588 σε
799 4547 935 4603 quas
965 4528 1209 4584 diximus
1242 4528 1329 4581 tali
1368 4526 1490 4581 loco
1536 4526 1604 4580 ab
1646 4522 1946 4579 Athanasio
1971 4524 2068 4580 ab.
2101 4509 2145 4563 υ
2174 4539 2288 4581 tum
2322 4525 2542 4595 quidem
2577 4524 2854 4580 sustineat
2892 4523 2986 4594 qui
3020 4524 3363 4596 gravitatem
3391 4526 3621 4605 periculi
3669 4542 3772 4582 ur-

493 4628 822 4684 dicationem
855 4624 1256 4695 patriarcbatus
1280 4622 1576 4676 meditante
1595 4619 1912 4684 abstrusas;
1947 4618 2075 4688 qui-

494 4722 597 4775 bus
629 4720 793 4774 simul
817 4733 939 4788 qua!
976 4716 1186 4771 inarata
1220 4714 1436 4770 fuerant
1473 4714 1719 4768 dirarum
1755 4712 2074 4767 anathema-

495 4821 724 4880 tumque
762 4807 1019 4864 terricula
1054 4822 1161 4863 non
1206 4806 1324 4863 sine
1370 4807 1604 4861 horrore
1642 4804 1880 4875 quodam
1920 4804 2073 4872 pueri

497 4905 771 4967 viderunt,
816 4902 1137 4957 dubitantes
1188 4900 1321 4969 quid
1364 4899 1432 4954 iis
1462 4899 1727 4961 facerent,
1756 4898 1919 4969 25o
1950 4906 2073 4968 post

495 4997 733 5067 aliquam
764 4993 1219 5049 deliberationem
1255 5002 1656 5047 consenserunt
1691 4990 1986 5046 deferenda
2017 4998 2074 5044 ut

495 5096 652 5147 erant
679 5090 742 5144 ad
780 5089 1147 5160 patriarcham
1182 5099 1404 5141 cuncta.
1436 5084 1665 5153 Moxque
1700 5101 1755 5139 re
1780 5085 1876 5141 illi.
1912 5093 2067 5153 prout

496 5185 826 5255 contigerat,
888 5188 1129 5247 narrata,
1181 5178 1370 5234 ﬁctilia
1409 5194 1535 5233 cum
1586 5176 1814 5231 inclusis
1868 5175 2076 5231 chartis

498 5279 836 5334 obtulerunt.
875 5274 969 5329 His
1018 5274 1329 5343 patriarcha
1388 5272 1443 5326 in
1488 5285 1681 5324 manus
1726 5270 1959 5338 sumptis
1997 5279 2078 5321 at-

500 5379 755 5440 tenteque
806 5366 1085 5435 perlectis,
1140 5364 1298 5433 plane
1343 5360 1674 5416 intellectam
1735 5375 1844 5413 rem
1905 5366 2072 5413 totam

494 5463 698 5519 referre
748 5460 815 5513 ad
868 5461 1253 5527 imperatorem
1315 5454 1608 5521 statuit,in
1641 5469 1801 5523 quem
1854 5452 2076 5521 potissi.

496 5570 643 5607 lllllm
671 5554 877 5608 intenta
928 5550 1243 5617 intortaque
1276 5548 1362 5599 illa
1399 5547 1858 5613 imprecationum
1892 5544 2069 5600 horri-

502 5649 691 5701 bilium
740 5644 965 5698 fulmina
1004 5642 1375 5696 existimabat.
1433 5622 1601 5694 Misso
1632 5640 1797 5709 igitur
1846 5639 1911 5693 ad
1946 5654 2071 5694 eum

503 5755 603 5793 suo
628 5738 797 5792 fratre
826 5736 1121 5801 Methodio,
1168 5734 1377 5802 rogavit
1429 5750 1495 5788 ne
1540 5745 1861 5804 gravaretur
1888 5734 2072 5788 venire

505 5837 570 5888 nl
602 5850 679 5899 se,
720 5834 979 5903 quoniam
1012 5832 1127 5903 ipse
1154 5832 1217 5884 azl
1256 5831 1510 5900 palatium
1537 5830 1757 5898 tendere
1793 5840 1921 5885 tunc
1954 5830 2075 5900 qui-

2176 4619 2356 4690 gentis
2387 4627 2479 4672 aut
2510 4616 2696 4686 potius
2738 4616 3027 4687 prasentis
3051 4616 3205 4672 exitii
3237 4618 3538 4687 perniciem
3565 4634 3628 4674 ea
3660 4634 3768 4676 ex-

2177 4713 2375 4785 pendat
2410 4711 2730 4767 christiana;
2757 4710 3064 4782 prudentia
3097 4712 3323 4779 trutina,
3357 4726 3463 4784 qua
3520 4713 3768 4784 quisque

2176 4807 2492 4877 prmhabere
2515 4804 2850 4873 quibuslibet
2881 4803 3047 4859 rebus
3095 4805 3287 4860 debeat
3320 4815 3523 4861 statum
3558 4806 3767 4862 animse

2176 4913 2241 4953 ac
2266 4896 2461 4951 salutis
2493 4906 2713 4951 aeterna:
2759 4896 3023 4951 rationes.
3061 4894 3157 4949 His
3201 4896 3507 4967 imperator
3554 4898 3767 4953 auditis

2177 4991 2318 5045 haud
2345 5006 2532 5060 parum
2567 4991 2927 5045 conturbatus
2972 4989 3040 5043 ad
3069 4989 3446 5058 patriarcbam
3495 4992 3764 5061 accurrit,

2178 5084 2336 5155 251
2378 5084 2642 5153 lectisque
2678 5084 2895 5149 libellis,
2926 5092 2980 5138 et
3029 5084 3121 5138 ubi
3155 5098 3335 5151 quove
3383 5099 3515 5139 casu
3554 5087 3763 5154 reperti

2181 5180 2415 5235 fuissent
2439 5180 2685 5248 cognito,
2715 5177 3244 5247 disquirebatanxio
3270 5175 3595 5246 incertoque
3622 5192 3767 5231 con-

2177 5270 2283 5323 silii
2321 5272 2505 5324 animo
2538 5285 2702 5341 quem
2745 5270 2909 5329 iniret
2951 5271 3173 5324 modum
3202 5268 3290 5329 his
3322 5285 3448 5327 sese
3485 5270 3765 5340 angustiis

2178 5366 2512 5437 explicandi.
2562 5362 2697 5419 Nam
2758 5380 3043 5420 recurrere
3088 5364 3154 5419 ad
3210 5364 3650 5435 erpatriarcham
3706 5376 3768 5420 et

2179 5473 2392 5512 merum
2429 5474 2574 5512 nunc
2614 5456 2943 5512 monachum
2984 5456 3370 5518 Athanasium.
3411 5464 3472 5514 ut
3519 5456 3764 5512 solveret

2180 5551 2324 5621 quod
2356 5552 2472 5621 ipse
2504 5551 2637 5606 dum
2671 5562 2815 5607 esset
2862 5552 2920 5606 in
2949 5552 3219 5621 dignitate
3252 5550 3583 5612 nodaverat,
3614 5565 3764 5621 ντες

2181 5651 2263 5699 ter
2302 5642 2553 5699 ueterani
2594 5643 3175 5713 intempestivitatem,
3219 5643 3387 5700 etiam
3434 5643 3633 5699 inutile
3664 5657 3765 5698 va-

2180 5750 2421 5804 numque
2454 5734 2765 5797 videbatur,
2797 5734 3089 5791 deﬁciente
3124 5736 3238 5805 iam
3277 5735 3329 5791 in
3368 5737 3487 5806 ipso
3512 5734 3579 5791 ad
3606 5734 3757 5790 istud

2180 5834 2469 5897 potestate.
2516 5826 2833 5881 Accersitus
2874 5841 3004 5898 ergo
3052 5824 3214 5898 jussu
3256 5827 3492 5899 Augusti
3552 5827 3757 5897 raptim
