4068 6232
293 295 372 359 277
1099 300 1199 361 DE
1242 299 1683 372 ANDRONICO
1720 308 2187 376 PAL/EOLOGO
2208 308 2353 372 LIB.
2395 307 2513 371 III.
3369 294 3476 358 επ

287 412 438 464 νάσιον
472 410 649 465 δέοντα
682 413 869 484 ἀξιοῦν
925 415 1315 473 ίδιωτεύσαντα
1346 420 1496 474 λύειν
1525 420 1623 492 οὐχ
1662 421 1812 493 εὖρι-
1840 425 1886 482 Α
1910 424 2003 479 τὸν
2036 427 2245 481 ἐκεῖνον
2295 425 2734 495 καταγινώσκειν
2794 423 2895 494 τῆς
2961 414 3237 490 πράξεως.
3290 404 3400 475 Ἧς
3435 409 3499 477 δὴ

284 507 389 557 σχον
421 502 700 593 αὔταρκες.
737 500 901 561 Ὅθεν
932 509 1026 564 καὶ
1052 510 1370 584 συνέρχεται
1409 512 1507 582 μὲν
1538 513 1723 581 σφίσιν
1752 515 1818 569 ἐκ
1922 519 2402 591 καταγνωσθείσης
2435 519 2525 593 [Ρ.
2553 516 2678 590 171]
2710 515 2805 570 καὶ
2832 513 2971 585 παρ’“
2993 510 3484 576 ὲκείνου,προκατ·

281 595 565 667 προσωγῆς
617 592 645 650 ὀ
718 596 1150 671 ’Δλεξανδρείας,
1194 605 1517 675 συνέρχεται
1549 603 1607 660 δὲ
1639 605 1666 658 ὁ
1720 606 1821 675 τῆς
1919 611 2266 680 εγνωσμὲνον
2314 592 2531 675 πάντως
2556 610 2775 670 καὶτοῖς
2793 600 3237 677 τῆςἚκκλησίας
3256 596 3472 660 κανόσι.

288 688 484 754 Ἐφέσου
528 685 805 764 Ἰωάννης.
871 688 1048 759 οὕτως
1082 697 1268 768 ἀργῶς
1320 698 1417 767 τῆς
1456 698 1623 769 τιμῆς
1653 697 1818 771 ἔχων,
1923 702 1998 775 μὴ
2022 703 2179 756 λύσιν
2206 705 2373 776 ἄλλην
2399 705 2613 775 ζητεῖνο
2641 703 2709 758 τά
2734 701 2844 772 γὰρ
2873 699 3101 759 δικαίως
3128 694 3223 750 κειἱ
3247 692 3352 747 ὕπ’)
3384 706 3483 744 κα⁶

276 780 485 853 συνῆσαν
520 782 575 837 δὲ
608 787 701 838 καὶ
735 785 845 841 τῶν
902 784 1205 858 ἀρχιερέων
1256 790 1306 842 οἱ
1358 789 1817 861 παρευρεθέντες.
1920 796 2037 850 νόσι
2074 796 2358 867 δεδεμένα,
2410 796 2595 851 ἐκεῖνα
2642 795 2736 849 καὶ
2786 790 3009 847 λύεσθαι
3050 785 3187 843 εἶναι
3221 781 3495 853 ἀνάγκηνς

272 879 353 930 καὶ
383 878 527 946 κοινῇ
583 877 773 948 σκέψει
808 878 870 932 ἰδ
906 881 1141 951 πρᾶγμα
1187 881 1455 935 ἐδίδοσαν.
1483 883 1695 944 Κοινῶς
1726 881 1821 935 οὖν
1918 889 1988 943 τὰ
2019 888 2065 942 δ’
2090 888 2149 953 ἐξ
2176 889 2353 960 ἀρχῆς
2387 889 2740 943 ἀνυπόστατα
2794 884 2996 957 μόχθον
3032 878 3287 951 περιττὸν
3323 876 3515 939 ἄλλως

273 969 613 1038 κατεστόγουν
632 969 895 1037 ἅπαντες.
917 972 1013 1026 καὶ
1036 970 1133 1045 τῆς
1151 966 1404 1044 πράξεως
1425 974 1517 1027 τὸν
1537 966 1821 1045 πράξαντα
1920 976 2059 1034 εἶναι
2084 982 2179 1034 καὶ
2209 980 2394 1051 ζητεῖν
2426 979 2675 1037 λύεσθαι.
2707 980 2772 1035 Ei
2805 977 2850 1031 δ’
2878 975 2993 1042 οὖν,
3025 974 3139 1029 ἀλλ’
3170 971 3372 1026 αὐτίκα
3403 968 3503 1022 καὶ
3585 1024 3590 1030 .

271 1062 321 1115 ὲν
341 1062 395 1114 ού
428 1060 619 1128 καλαῖς
661 1060 944 1128 ὑπονοίαις
974 1060 1108 1137 ἦγον
1132 1082 1147 1098 ·
1196 1066 1257 1119 οὐ
1289 1066 1398 1135 γὰρ
1431 1066 1562 1121 ἄλλο
1594 1084 1671 1131 τι,
1705 1065 1820 1121 ἀλλ’
1924 1073 2271 1143 πατριάρχην
2302 1066 2443 1127 εἶναι
2474 1072 2567 1126 καὶ
2600 1071 2817 1125 σύνοδον
2841 1071 2919 1131 εἰς
2942 1066 3097 1120 λύσιν
3126 1067 3227 1137 τὴν
3252 1063 3360 1118 ἀπὸ
3386 1059 3497 1114 τῶν

270 1154 428 1225 ἑαυτῷ
477 1156 570 1209 καὶ
626 1154 791 1212 πᾶλιν
844 1160 1148 1228 περιποιεῖν
1194 1158 1295 1230 τὴν
1343 1160 1528 1231 τιμὴν,
1561 1159 1820 1227 ἀφύκτως
1921 1166 2165 1220 κανόνων
2195 1166 2414 1221 δικαίαν
2452 1164 2826 1232 ἀξιοπίστους.
2883 1161 3061 1216 Αὑτὸν
3088 1159 3145 1215 δὲ
3173 1155 3503 1226 καὶμᾶλλον

268 1239 393 1343 Otii“)
422 1248 512 1302 καὶ
542 1249 717 1304 ταῦτα
762 1248 821 1304 δν
871 1252 972 1305 οὒκ
1004 1251 1172 1323 ἐχρῆν
1203 1251 1549 1321 ,δεσμοῦντα-
1580 1252 1729 1313 Τέως
1758 1269 1821 1321 γε
1923 1257 2015 1343 ὐιέ
2054 1257 2239 1324 αἰτίας
2286 1256 2502 1322 δικαίας
2534 1256 2773 1327 ἀχθέντα
2817 1252 3121 1314 κανονικῶς
3150 1241 3505 1303 εὐθύνεσθαι.

270 1339 431 1409 μέντοι
460 1340 571 1405 τοῖς
601 1342 702 1411 μὲν
751 1340 927 1398 ἐδόκει
975 1345 1136 1399 αὑτὸν
1191 1342 1378 1410 ἀξιοῦν
1407 1344 1578 1409 λύειν,
1612 1346 1728 1407 τοῖς
1763 1340 1821 1398 δὲ
1921 1337 1994 1402 Th
2017 1350 2121 1419 γὰρ
2156 1349 2349 1403 ἑαυτὸν
2374 1348 2628 1419 συνιστᾷν
2660 1344 3033 1415 ύπονοηθέντα
3068 1342 3135 1395 τὰ
3159 1339 3413 1410 χείριστα
3445 1337 3511 1388 ἐν

267 1430 367 1487 ἀλλ’
392 1433 625 1489 ἀδύνατα
655 1437 839 1504 ἀξιοῦν
869 1440 961 1492 καὶ
1000 1439 1178 1503 ἄλλως
1229 1440 1505 1509 ἀπᾴδοντα
1551 1440 1822 1508 κατεφαί-
1921 1440 2102 1511 ὅρκοις
2126 1458 2185 1493 τε
2213 1439 2306 1493 καὶ
2337 1442 2495 1510 ἀραῖς
2520 1442 2638 1503 ταῖς
2659 1437 2779 1491 καθ’
2799 1434 3129 1500 αὑτοῦ,τίνα
3155 1431 3312 1499 λόγον
3338 1429 3506 1499 ἔχεινδ

268 1544 393 1594 vero,
420 1522 581 1599 εἴπερ
611 1524 828 1601 ἰδιώτης
852 1532 927 1584 ὣν
950 1532 1043 1585 καὶ
1069 1530 1172 1601 τῆς
1216 1532 1493 1602 ίερατεεας
1526 1548 1821 1602 γεγυμνωο
1922 1532 2079 1602 ειπερ
2124 1533 2218 1586 καὶ
2240 1533 2385 1586 τοῦθ’
2413 1531 2599 1586 ἱκανὸν
2618 1531 2697 1594 εἰς
2724 1528 2938 1583 τελείαν
2967 1527 3074 1579 τῶν
3116 1524 3281 1592 ὲγκλη
3319 1522 3506 1591 μάτων

271 1619 411 1688 μένος
434 1620 609 1675 ἄλυτα
642 1622 797 1676 λύοι·
830 1620 924 1676 τοῦ
959 1621 1070 1695 γὰρ
1103 1617 1246 1677 εἶναι
1274 1627 1369 1677 καὶ
1396 1624 1455 1677 τὸ
1492 1623 1717 1695 σκέμμα
1743 1621 1820 1694 τῷ
1924 1605 2243 1693 ἀποφυγήνς
2281 1624 2395 1678 Οὐκ
2420 1623 2642 1695 ὀμνύειν
2672 1622 2801 1692 γὰρ,
2827 1620 2942 1675 ἀλλ’
2976 1615 3373 1689 ἀποτρίϐεσθαι
3407 1612 3507 1682 τὴν

267 1714 583 1783 πεπραγότι.
642 1714 743 1769 Διά
791 1714 961 1770 ταῦτα
990 1716 1204 1788 ἑτέροις
1238 1717 1438 1780 ἐδόκει,
1493 1718 1588 1771 καὶ
1621 1717 1821 1789 μᾶλλον
1859 1779 1894 1789 _
1926 1716 2262 1785 κατηγορίαν
2299 1718 2389 1771 διὰ
2422 1715 2629 1770 πιστῶν
2658 1714 3061 1786 παραστάσεων
3083 1711 3322 1778 ὠλογον.
3361 1706 3433 1760 Τὸ
3452 1705 3508 1758 δὲ

264 1779 667 1877 τοῖς-ἀκριϐέσι,
702 1804 845 1875 Τμηδ*
899 1779 1259 1872 ἀξιοῦν-ὅλως»
1300 1779 1443 1860 κατά
1477 1779 1653 1873 λύσιν,
1686 1807 1821 1863 ἀλλὰ
1855 1779 1896 1834 Β
1920 1779 2430 1871 τοὺς-κατειπόντας
2456 1808 2489 1879 ἢ
2515 1790 2640 1869 τοὺς
2668 1779 3155 1877 συναρπασθέντος
3182 1803 3342 1871 ἀραῖς
3374 1800 3511 1852 ὑπο-

264 1897 456 1968 κρίνειν
488 1899 643 1962 ὅπως
678 1898 736 1951 ὲν
767 1897 949 1970 ἀδήλῳ
982 1899 1052 1954 τὰ
1083 1898 1289 1972 φρικτά
1323 1900 1575 1971 πράξειε,
1606 1902 1701 1957 καὶ
1741 1903 1823 1964 είς
1922 1897 2136 1952 ϐάλλειν
2160 1898 2263 1953 ποῦ
2289 1899 2495 1953 δίκαιον
2512 1898 2604 1952 καὶ
2626 1900 2761 1959 ὅλως
2779 1896 3063 1951 κανονικὸν
3086 1895 3179 1948 καί
3199 1892 3308 1946 τῶν
3330 1891 3511 1961 νόμων

264 1979 545 2055 ἀπολογίαν
573 1982 835 2058 καθιστᾷν
872 1988 978 2041 ὑπὸ
1025 1988 1323 2059 Ῥωμαίοις
1353 1990 1519 2042 πᾶσιν
1542 1990 1690 2052 ὅπως
1730 1986 1824 2040 καὶ
1922 1994 2021 2063 τῆς
2059 1993 2417 2063 Ἐκκλησεας;
2455 1991 2713 2055 Βασιλεὺς
2755 1990 2809 2044 δὲ
2861 1987 3169 2058 σοφώτερόν
3215 2004 3268 2041 τι
3316 1982 3510 2045 ποιῶν.

265 2081 698 2145 ποίοιςκανόσιν
754 2082 1020 2152 ἑπόμενος
1074 2081 1397 2155 ἀνθρώπους
1462 2081 1825 2154 Χριστιανοὺς
1926 2084 2000 2150 ὡς
2055 2084 2233 2139 ἐδόκει
2299 2086 2391 2137 καὶ
2448 2084 2535 2137 ἀεὶ
2591 2086 2690 2148 τὰς
2749 2085 2808 2147 ἐς
2870 2081 3098 2153 εἰρήνην
3166 2077 3510 2149 αἱρούμενος.

264 2172 528 2247 ἀφορίσειε
560 2175 733 2247 μηδὲν
756 2174 1147 2246 γινώσκοντας,
1176 2176 1269 2231 καὶ
1298 2174 1443 2231 οὕτω
1477 2176 1707 2248 συνελᾷν
1730 2176 1828 2229 αύ-
1929 2177 2277 2232 συνεϐούλευε
2324 2178 2566 2247 πέμπειν
2619 2176 2714 2230 καὶ
2754 2176 2966 2248 ἐρωτᾷν
3013 2172 3358 2239 Ἀθανάσιον,
3407 2172 3509 2223 καὶ

267 2352 765 2410 estAlexandrinus
789 2355 1139 2424 patriarcha;
1172 2364 1400 2413 vocatus
1424 2355 1630 2427 pariter
1652 2356 1831 2428 Ephe—
1928 2361 2565 2421 excommunicationum
2640 2359 2800 2425 diris,
2881 2357 3221 2413 clanculario
3289 2354 3498 2424 scripto

265 2448 403 2503 sinus
434 2445 703 2513 Joannes,
734 2449 861 2503 licet
890 2448 1026 2503 citra
1059 2464 1218 2504 usum
1251 2448 1582 2520 pontiﬁcalis
1619 2450 1677 2504 in
1707 2464 1825 2504 eam

265 2534 552 2596 Ecclesiam
587 2540 968 2605 auctoritatis,
995 2538 1155 2597 titulo
1187 2540 1454 2596 duntaxat
1487 2548 1647 2599 tenus
1681 2551 1827 2599 esset

270 2634 579 2704 episcopus.
615 2632 813 2688 Cancri
848 2649 1089 2704 quoque,
1125 2637 1396 2706 quotquot
1430 2635 1574 2691 forte
1607 2646 1740 2691 tunc
1774 2635 1831 2691 iu

269 2726 391 2781 urbe
421 2727 844 2795 reperiebantur
873 2727 1177 2793 antistites,
1209 2728 1381 2800 rogati
1413 2730 1671 2784 similiter
1695 2744 1831 2784 con-

268 2822 583 2873 currerunt.
612 2817 674 2870 Hi
701 2816 1098 2883 deliberatitine
1124 2819 1489 2874 cummuniter
1514 2819 1647 2874 inita
1670 2836 1832 2890 super

267 2914 475 2982 negotio
509 2913 802 2984 proposito
843 2912 1080 2983 primum
1115 2927 1312 2982 magno
1345 2927 1617 2968 consensu
1679 2914 1832 2967 dete-

265 3005 541 3061 stabantur
574 3000 804 3067 factum.
844 3013 899 3060 et
936 3004 1065 3060 iacti
1097 3014 1380 3061 auctorem
1412 3006 1651 3077 graviter
1678 3005 1831 3059 incu—

1932 2454 2267 2514 tentaverit?
2290 2454 2511 2510 Auditis
2542 2451 2738 2508 deinde
2765 2466 2886 2523 quae
2916 2452 3005 2506 ille
3052 2447 3423 2519 respondebit,
3456 2455 3512 2501 et

1931 2549 2074 2623 quod
2104 2548 2337 2617 allegare
2362 2546 2497 2602 nihil
2523 2546 2627 2601 nisi
2657 2544 2910 2599 frivolum
2940 2544 3159 2614 poterit,
3190 2536 3351 2597 facile
3385 2554 3510 2594 mox

1933 2641 2243 2709 redargutis
2274 2655 2338 2696 ac
2363 2639 2658 2706 convictis,
2689 2640 2797 2693 rite
2826 2637 3005 2709 ipsum
3027 2632 3507 2690 condemnandum

1934 2732 2003 2787 ad
2041 2730 2325 2787 fatendum
2365 2729 2420 2785 in
2456 2728 2679 2798 publico
2718 2737 2989 2783 conventu
3027 2722 3397 2780 Romanorum
3444 2736 3513 2780 se

1934 2839 2218 2897 perperam
2266 2830 2323 2877 et
2366 2824 2510 2877 ultra
2546 2836 2709 2893 quam
2773 2821 3048 2875 debuerat
3090 2826 3184 2872 aut
3234 2824 3510 2888 potuerat,

1935 2917 2065 2972 dum
2097 2916 2190 2971 illa
2237 2914 2523 2979 scriberet,
2581 2914 2785 2985 egisse.
2822 2911 2962 2966 Hinc
3002 2924 3194 2966 omnes
3220 2924 3317 2978 pro
3351 2908 3515 2978 plane

1935 3010 2243 3065 frustranco
2273 3018 2326 3064 et
2349 3008 2554 3063 nullius
2588 3006 2804 3063 roboris
2836 3004 3112 3060 habebunt
3145 3001 3195 3057 id
3218 3002 3361 3074 quod
3397 3001 3514 3074 ipse

267 3096 473 3160 sabant,
527 3098 689 3152 malm
741 3097 939 3152 mentis
986 3097 1260 3153 exstantia
1316 3097 1385 3152 iis
1435 3095 1748 3153 scribendis
1779 3105 1904 3190 etC
1937 3103 2029 3175 qui
2079 3102 2231 3167 fecit,
2285 3116 2344 3158 se
2393 3110 2585 3157 contra
2636 3098 2744 3167 fas,
2788 3100 2907 3157 sine
2947 3095 3188 3168 legitima
3243 3104 3512 3165 potestate

267 3189 669 3247 abscondendis
702 3188 910 3245 chartis
933 3188 1138 3245 indicia
1167 3190 1455 3245 trahentes
1485 3190 1549 3244 ad
1581 3191 1742 3244 laevas
1764 3188 1832 3244 de

266 3282 379 3354 ipso
421 3285 801 3355 suspiciones,
835 3281 991 3353 quasi
1028 3282 1267 3338 artiﬁcio
1301 3282 1409 3337 isto
1456 3276 1659 3352 ligandi
1712 3297 1836 3353 quae

264 3393 416 3434 nemo
450 3383 656 3449 preter
684 3378 861 3447 ipsum
897 3386 1082 3447 posset
1112 3376 1347 3441 solvere,
1377 3375 1661 3430 ambitioni
1704 3374 1837 3430 veli-

265 3470 448 3528 ﬁcatus
481 3472 744 3544 propriae,
783 3469 1171 3526 necessitatem
1218 3469 1499 3537 imponere
1530 3467 1839 3524 studuisset

267 3568 340 3622 sui
389 3566 720 3624 restituendi
756 3567 810 3621 in
854 3582 979 3621 eum
1020 3565 1165 3621 unde
1204 3563 1412 3619 invitus
1460 3565 1838 3620 descendisset

268 3662 538 3725 thronum.
579 3659 738 3717 Circa
767 3656 1144 3716 definitionem
1181 3660 1304 3728 ejus
1340 3659 1481 3728 quod
1516 3658 1658 3714 facto
1692 3668 1837 3716 esset

266 3758 523 3827 optitnu‘rm
549 3747 645 3809 illo
664 3752 897 3810 articulo
924 3768 1128 3817 rerum,
1149 3752 1371 3823 quidam
1398 3752 1838 3822 defungebantur

268 3850 603 3905 consulendo
667 3857 726 3904 ut
791 3848 1129 3904 Athanasius
1222 3847 1531 3904 libellorum
1602 3849 1839 3917 scriptor

272 3938 530 4007 adiretur,
566 3941 636 3996 ab
665 3955 840 4013 eoque
859 3949 1141 4013 peteretur
1174 3940 1446 3997 absohitio
1479 3950 1837 3995 censurarum

272 4031 322 4087 in'
374 4032 441 4090 iis
500 4030 860 4089 inﬂictarum.
907 4030 1004 4085 His
1056 4030 1147 4085 alii
1190 4032 1567 4102 repugnabant
1611 4037 1838 4084 conten-

268 4126 468 4193 dentes,
512 4136 883 4197 prteterquam
924 4126 1215 4193 absonum,
1273 4124 1441 4179 etiam
1502 4122 1718 4178 irritum
1782 4122 1837 4178 id

270 4217 422 4285 fore:
454 4235 585 4275 nam
619 4226 675 4273 et
697 4233 823 4274 esse
854 4218 1252 4274 inconveniens
1278 4216 1589 4273 insidiatori
1628 4226 1833 4284 astuto,

268 4324 555 4386 postquam
600 4314 721 4384 ejus
775 4313 933 4368 dolos
982 4311 1430 4382 deprehenderis,
1465 4311 1657 4367 fraude
1691 4328 1841 4382 qua:-

268 4409 424 4463 situm
454 4409 603 4463 ultro
640 4407 882 4462 tribuere
924 4420 1284 4472 successum;
1324 4404 1467 4476 quod
1501 4406 1653 4461 fieret
1686 4421 1832 4460 nunc

1938 3203 2241 3251 attentasse
2277 3194 2567 3250 confessus
2617 3193 2793 3265 palam
2846 3190 3035 3246 fuerit.
3086 3187 3245 3245 Unde
3298 3186 3513 3244 cunctis

1938 3288 2222 3361 apparebit
2244 3302 2353 3344 non
2379 3302 2500 3344 esse
2529 3304 2669 3358 opus
2697 3285 3043 3343 absolutione
3068 3284 3199 3351 ulla,
3235 3282 3509 3354 siquidem

1937 3400 1999 3439 ea
2044 3392 2258 3436 tantum
2309 3382 2578 3437 canonica
2610 3380 2883 3436 solutione
2931 3376 3199 3449 indigent,
3256 3391 3377 3446 quas
3411 3375 3513 3431 ritc

1937 3489 2001 3530 ac
2026 3473 2295 3529 canonica
2350 3472 2677 3527 auctoritate
2714 3478 2840 3527 sunt
2881 3469 3061 3539 ligata.
3124 3468 3179 3525 Si
3220 3483 3325 3538 qua
3375 3482 3515 3539 prae-

1939 3565 2195 3621 damnata
2248 3564 2552 3620 canonihus
2603 3571 2656 3618 et
2705 3562 2773 3618 ab
2828 3554 2985 3617 initio
3039 3576 3199 3617 cassa
3246 3559 3523 3631 irritaque

1937 3658 2113 3714 fuisse
2145 3664 2384 3722 constat,
2420 3670 2483 3711 ea
2511 3670 2755 3726 quaerere
2787 3654 3246 3726 quemadmodum
3289 3653 3513 3708 solvan-

1938 3759 2051 3815 tur,
2080 3764 2526 3819 supervacaneus
2557 3749 2629 3804 sit
2669 3749 2839 3803 labor.
2879 3745 3024 3813 Quin
3057 3749 3139 3801 vel
3181 3749 3225 3802 si
3278 3747 3529 3818 fingatur

1938 3844 2241 3915 periculum
2276 3842 2506 3898 subesse
2541 3842 2835 3911 quodpiam
2877 3856 2945 3897 ne
2977 3840 3158 3896 valida
3199 3841 3270 3897 sit
3303 3846 3357 3896 et
3389 3854 3515 3895 vere

1938 3938 2070 4008 liget
2101 3935 2605 3991 cxcommunicatio
2637 3920 2729 3990 sic
2752 3936 2885 3999 lata,
2921 3949 3023 3989 nec
3054 3934 3132 3989 sic
3164 3940 3345 3988 tamen
3372 3947 3512 4003 opus

1938 4029 2104 4085 fuerit
2120 4029 2186 4084 ad
2208 4045 2329 4084 eum
2351 4043 2635 4086 recurrere
2654 4028 2747 4098 qui
2770 4029 2977 4095 tulerit,
3006 4029 3263 4099 quoniam
3291 4028 3515 4099 quando

1940 4122 2249 4191 patriarcha
2290 4134 2482 4179 contra
2537 4138 2775 4180 canones
2828 4131 3042 4193 peccat,
3090 4122 3528 4193 patriarchalemn

1939 4214 2205 4270 adversus
2266 4230 2389 4270 eum
2445 4223 2769 4285 potestatem
2831 4216 3073 4287 synodus
3126 4216 3357 4280 obtinet,
3419 4216 3517 4271 cui-

1937 4313 2222 4381 propterea
2255 4308 2349 4379 jus
2399 4309 2621 4379 plenum
2655 4308 2918 4379 competit
2961 4317 3073 4362 tum
3113 4308 3431 4364 absolvendi
3478 4323 3525 4364 at

1940 4402 2187 4457 censuris
2208 4411 2412 4457 temere
2446 4402 2511 4456 ab
2529 4417 2594 4456 eo
2632 4401 2774 4467 latis,
2811 4412 2924 4455 tum
2964 4402 3124 4455 etiam
3153 4402 3302 4455 illum
3332 4401 3403 4455 ob
3453 4400 3521 4457 id-

270 4498 643 4556 couveniendo
672 4499 994 4564 Athanasio,
1029 4513 1187 4565 quem
1224 4498 1345 4552 ideo
1378 4497 1515 4552 clam
1546 4498 1837 4568 scripsisse
1869 4495 1912 4550 ι)
1942 4495 2119 4565 ipsum
2167 4495 2430 4549 canonice
2483 4491 2765 4564 jutlicandi
2825 4503 2877 4549 et
2939 4494 3115 4564 ptenis
3177 4494 3524 4564 subjiciendi

269 4592 362 4651 bus
407 4594 623 4651 libellos
669 4584 1055 4664 intelligimus,
1120 4603 1180 4645 ut
1209 4591 1390 4646 redire
1442 4606 1541 4646 nos
1588 4593 1655 4645 ad
1715 4606 1839 4645 sese

270 4697 504 4757 cogeret.
559 4697 612 4741 et
673 4686 756 4740 vel
809 4685 856 4739 si
906 4690 1174 4738 annueret
1228 4683 1276 4739 is
1324 4684 1471 4754 quod
1525 4690 1833 4752 rogaretur,

272 4774 467 4836 frustra
500 4782 592 4834 ille
633 4785 889 4841 tentaret,
926 4792 1027 4832 nos
1064 4792 1201 4831 vane
1230 4779 1616 4847 'speraremus,
1649 4775 1837 4845 utique

272 4889 386 4931 cum
439 4878 517 4932 sit
574 4875 938 4930 indubitatum
996 4872 1206 4927 homini
1270 4873 1572 4942 pontificali
1635 4882 1838 4927 nuuato

272 4978 560 5039 potestate.
589 4970 816 5041 jamque
847 4983 1012 5038 supra
1046 4968 1319 5037 privatum
1353 4964 1655 5036 quemlibet
1696 4965 1832 5019 nihil

262 5059 512 5127 habenti,
561 5060 879 5117 facultatem
921 5076 1028 5115 non
1080 5060 1262 5115 inesse
1292 5060 1675 5114 solvendorum
1704 5072 1839 5112 ana-

274 5144 525 5213 thematis
550 5170 815 5211 nexuum.
847 5152 1078 5224 Propter
1102 5153 1217 5208 hac
1238 5153 1496 5216 aliorum,
1531 5160 1584 5207 et
1614 5152 1837 5222 quidem

276 5262 453 5303 eorum
491 5247 604 5303 fere
657 5249 748 5320 qui
775 5246 919 5319 juris
953 5249 1207 5304 canonici
1250 5246 1620 5303 consultiores
1684 5254 1839 5314 puta-

276 5339 483 5407 bantur,
531 5339 649 5396 haec
678 5347 796 5396 erat
855 5339 1156 5404 sententia,
1206 5334 1341 5393 nihil
1394 5338 1446 5391 in
1495 5351 1739 5405 praesens
1772 5336 1839 5390 de

280 5428 541 5487 solutione
573 5429 938 5486 anathetnatis
964 5430 1294 5496 curandum,
1333 5429 1426 5483 sed
1455 5426 1735 5483 citandum
1771 5425 1836 5480 ad

282 5523 509 5578 tribunal
580 5518 838 5581 Ecclesia:
908 5519 1288 5587 Athanasium,
1352 5520 1537 5589 ibique
1605 5520 1672 5574 ab
1744 5519 1837 5573 illo

283 5612 659 5687 exquirendum
702 5607 864 5688 252
901 5631 1037 5685 quas
1069 5614 1138 5670 ob
1171 5628 1391 5677 causas,
1426 5611 1658 5681 etjuxta
1697 5627 1836 5681 quos

288 5722 532 5780 canones,
569 5710 905 5770 christianos
953 5709 1207 5765 homines
1238 5706 1401 5763 nullis
1439 5705 1600 5762 minis
1621 5708 1838 5776 praeviis

290 5798 575 5861 admonitos
606 5812 661 5859 et
699 5799 946 5857 funditus
989 5800 1210 5873 ignaros
1253 5798 1463 5869 illigare
1500 5797 1837 5852 horribiliter

1941 4586 2172 4642 meritis.
2207 4588 2391 4658 Neque
2424 4589 2476 4642 in
2516 4588 2765 4658 subjecto
2799 4603 2925 4641 casu
2970 4586 3266 4658 quidquam
3315 4587 3515 4644 suifra-

1940 4678 2055 4746 gari
2089 4677 2392 4731 Athanasio
2427 4692 2588 4748 posse
2618 4679 2682 4731 ad
2716 4677 3056 4732 amoliendas
3083 4693 3112 4731 a
3160 4693 3238 4743 se,
3273 4694 3509 4747 quarum

1942 4784 2161 4825 causam
2187 4770 2386 4839 praebet
2410 4770 2639 4839 justam,
2665 4770 3007 4837 suspiciones
3044 4769 3332 4839 pessimas,
3364 4773 3515 4840 quod

1940 4862 2045 4917 sibi
2080 4863 2370 4928 horrenda,
2416 4864 2460 4917 si
2500 4864 2674 4927 fallat,
2712 4866 3021 4934 imprecaris
3057 4866 3293 4921 alienum
3340 4882 3399 4922 se
3444 4865 3516 4921 ab

1940 4957 2086 5009 omni
2129 4956 2359 5011 crimine
2404 4956 2610 5026 dejerat
2663 4976 2675 5011 :
2730 4973 2837 5011 non
2890 4959 3032 5012 enim
3074 4958 3407 5029 juramentis
3457 4966 3513 5014 et

1940 5048 2417 5103 exsecrationibus
2446 5049 2782 5111 istiusmodi,
2812 5050 2905 5105 sed
2932 5050 3144 5107 idoneis
3162 5052 3511 5124 argumentis

1940 5155 2004 5197 ac
2043 5140 2378 5197 testimoniis
2429 5142 2849 5198 criminationes
2898 5143 3147 5214 impacta;
3202 5154 3329 5201 sunt
3377 5160 3522 5215 pur--

1939 5233 2127 5305 ganda:
2154 5234 2307 5304 juxta
2338 5245 2612 5306 receptum
2639 5245 2693 5291 et
2717 5238 2911 5294 rationi
2941 5253 3243 5295 consonum
3274 5256 3507 5295 morem.

1940 5326 2109 5381 Multo
2139 5335 2319 5382 autem
2354 5344 2479 5384 esse
2513 5330 2715 5400 pejoris
2758 5332 3013 5402 exempli,
3048 5336 3245 5404 quippe
3273 5332 3531 5387 asacris.

1941 5422 2144 5491 regulis
2192 5432 2246 5477 et
2296 5422 2503 5491 legibus
2541 5423 2798 5479 Ecclesia:
2827 5424 3248 5483 intolerabiliter
3279 5424 3504 5482 exorbi-

1940 5525 2082 5580 tans,
2110 5514 2256 5584 quod
2283 5513 2369 5567 hic
2395 5512 2519 5569 fecit
2546 5515 2902 5584 Athanasius,
2927 5517 3060 5571 diris
3096 5518 3505 5574 anathematum

1942 5608 1994 5661 in
2024 5608 2168 5661 solos
2204 5606 2308 5661 rite
2356 5603 2673 5675 torquendis
2715 5610 2955 5664 scienter
2981 5618 3272 5680 peccantes
3298 5620 3349 5663 et
3381 5627 3508 5680 prae

1942 5709 2089 5755 terre
2124 5710 2495 5767 contumaces,
2534 5700 2803 5770 subjicere
2833 5717 2891 5756 se
2922 5703 3073 5759 aiens
3097 5704 3258 5759 etiam
3287 5718 3379 5759 eos
3412 5703 3504 5773 qui

1940 5793 2150 5863 abrepti
2189 5792 2365 5847 aliena
2407 5789 2726 5851 seductione
2762 5796 3112 5869 prolapsique
3160 5813 3253 5868 per
3299 5797 3508 5867 impru-
