4064 6234
405 378 505 443 285

1348 387 1449 449 DE
1482 389 1931 453 ANDRONlCO
1976 393 2435 455 PALEOLOGO
2460 396 2605 458 LIB.
2647 396 2762 456 Ill.

3536 394 3643 456 285

400 492 577 548 πᾶσαν
623 492 856 563 σπουδὴν
891 492 1227 549 ἐνδείκνυται
1279 500 1549 569 καθιστᾷν
1592 502 1691 571 μὲν
1735 501 1805 554 τὰ
1836 504 1960 574 τῇδε
1989 508 2041 568 Α
2071 521 2200 571 στης
2225 506 2652 574 ἀγανακτήσεως
2672 501 2766 578 ἦν,
2798 507 2889 561 καὶ
2917 505 3179 571 πολλάκις
3213 508 3641 579 προσαναφέρων

399 584 560 656 μέρη,
619 584 945 656 θεραπεύειν
994 585 1051 642 δὲ
1082 588 1177 642 καὶ
1210 585 1439 660 βασιλέα
1468 594 1589 657 ταῖς
1635 593 1760 647 καθ’
1798 595 1960 650 αὑτὸν

396 678 483 731 ἐπὶ
537 682 648 743 τοῖς
698 680 1022 751 πράγμασιν
1076 683 1415 755 οἰκονομίαις
1463 686 1557 739 καὶ
1604 684 1956 759 διοικήσεσιν.

407 768 619 837 Ἐπειδὴ
652 769 762 839 γὰρ
786 772 835 823 οἱ
869 771 966 842 μὲν
1001 771 1188 826 πολλοὶ
1226 774 1334 827 τῶν
1374 778 1721 847 στρατιωτῶν
1752 779 1962 847 καιρῶν

392 862 652 926 πολλάκις
679 863 970 933 λαϐόμενοι
999 867 1095 921 καὶ
1124 869 1436 939 προσηῦξον
1460 871 1558 935 τὰς
1587 872 1793 936 οἰκείας
1823 891 1963 945 προ-

388 959 538 1021 νοίας
571 959 664 1013 καὶ
687 960 872 1030 ἀργῶς
904 957 1050 1032 εἶχον
1090 964 1153 1016 ὲκ
1181 963 1273 1017 τοῦ
1308 965 1500 1035 δώροις
1530 968 1622 1018 καὶ
1648 966 1961 1032 δεξιώσεσιν

388 1047 722 1119 ὑπέρχεσθαι
771 1055 899 1117 τοὺς
930 1056 1381 1123 ήγεμονεύοντας,
1438 1059 1586 1113 ἄλλοι
1614 1060 1671 1114 δὲ
1700 1061 1962 1124 πολλάκις

388 1142 480 1195 καὶ
512 1145 668 1211 σφῶν
714 1145 998 1219 ἀξιώτεροι
1063 1148 1452 1205 ὲκλελοιπυιῶν
1502 1155 1612 1206 τῶν
1647 1154 1787 1207 κατὰ
1820 1156 1963 1221 σφᾶς

385 1237 708 1305 οἰκονομιῶν
740 1240 838 1309 τὴν
863 1241 1097 1311 ἀπορίαν
1125 1238 1271 1312 εἶχον
1301 1244 1397 1297 καὶ
1418 1245 1838 1317 προαιρούμενοι
1865 1246 1960 1300 τοῦ

387 1333 778 1400 στρατεύεσθαι
799 1334 1045 1415 κῴλυμα,
1078 1340 1171 1390 καὶ
1197 1335 1268 1410 ἦν
1296 1340 1686 1410 ἀμφοτέρωθεν
1705 1340 1779 1410 τῷ
1798 1338 1962 1409 κοινῷ

385 1420 581 1491 ζημία,
610 1428 761 1497 καὶὴ
795 1430 1044 1500 ἀνισότης
1076 1430 1214 1500 αὕτη
1246 1433 1419 1486 ἐδέετο
1442 1432 1767 1499 ὲξισώσεως,
1804 1434 1963 1495 αὐτὸς

383 1519 450 1570 τὰ
507 1519 999 1595 μεγάλοϋθαρῤὦν,
1039 1524 1111 1588 ὡς
1172 1529 1337 1597 πιστῇ
1367 1525 1560 1598 γνώμῃ
1625 1528 1716 1579 καὶ
1746 1528 1964 1599 καθαρᾷ

384 1611 520 1677 πρὸς
555 1611 785 1684 βασιλέα
810 1616 1102 1685 πράττοντι
1129 1618 1283 1673 οὐδὲν
1310 1620 1374 1673 ἂν
1408 1619 1711 1690 προσσταίη
1738 1621 1841 1671 τῶν
1862 1621 1962 1673 ὅσα

382 1707 476 1757 καὶ
536 1707 618 1770 είς
655 1708 909 1777 ἐμπόδιον
965 1711 1074 1781 εἴη,
1142 1714 1495 1783 μεταγγιξειν
1555 1713 1695 1783 ἔγνω
1733 1712 1867 1783 πρὸς
1894 1715 1962 1767 τὰ

380 1799 537 1854 κοινά
561 1800 631 1854 τὰ
658 1800 1006 1873 πληρέστατα
1038 1804 1136 1858 καὶ
1166 1804 1335 1868 οὕτως
1370 1803 1584 1871 ἐξισοῦν
1613 1809 1720 1867 τοῖς
1737 1806 1962 1875 ἀνδράσι

2064 598 2276 670 βασιλεῖ
2307 597 2774 671 προσωνειὸἱζετο,
2807 599 2861 652 εἴ
2891 617 2954 668 γε
3006 599 3146 671 ἀνὴρ
3181 600 3511 670 στρατηγοίη
3542 600 3644 670 οὐχ

2060 693 2207 755 ὅπως
2233 692 2400 763 μηδὲν
2420 691 2573 755 εἰδὼς
2598 694 2761 763 τιμᾴν
2778 692 3132 764 Ἐκκλησίαν,
3154 691 3291 747 ἀλλὰ
3313 694 3409 747 καὶ
3427 691 3644 754 πολλαῖς

2060 783 2189 849 τοὺς
2203 784 2375 854 αὐτῆς
2393 784 2602 838 πλύνων
2622 784 2833 855 ὖὸρεσι.
2853 785 3113 849 Βασιλεὺς
3126 785 3181 839 δὲ
3201 788 3265 857 τῇ
3286 784 3414 854 παρ’
3431 784 3641 838 ἐκείνου

2062 872 2332 946 θεραπείᾳ.
2355 874 2767 945 ὲνειλημμένος,
2789 875 2865 938 ὡς
2910 877 2966 929 αἱ
3017 878 3207 947 συχναὶ
3238 874 3449 939 πίστεις
3473 867 3641 943 εἶχον,
3678 885 3681 887 ·

2060 966 2306 1039 λογισμῷ
2323 968 2499 1031 διδοὺς
2526 968 2687 1021 πλέον
2711 968 2742 1038 ἢ
2772 969 2910 1039 ὀργῇ
2932 967 3021 1021 διὰ
3044 968 3148 1038 τὴν
3164 972 3227 1020 ἐκ
3251 967 3346 1022 τοῦ
3373 965 3645 1037 πατιράρ-

2063 1077 2159 1132 χον
2187 1060 2486 1132 ἀναφοράν,
2518 1062 2669 1115 οὐδὲν
2698 1052 2980 1133 περαίνέιν
3008 1063 3132 1115 κατ’
3178 1061 3385 1115 ἐκείνου
3412 1060 3642 1129 παρεῖχε

2061 1152 2188 1217 τοὺς
2205 1151 2327 1205 κατ’
2356 1153 2571 1207 ἐκείνου
2585 1153 2862 1221 λέγοντας,
2892 1151 3031 1207 ἀλλὰ
3052 1156 3148 1207 καὶ
3171 1152 3485 1224 προσάντως
3508 1152 3645 1221 μᾶλ-
3678 1160 3683 1166 ‘

2062 1238 2153 1299 λον
2174 1247 2389 1319 ἐδέχετο
2406 1247 2502 1310 τὰς
2522 1248 2858 1318 ὑπομνήσεις
2876 1245 2975 1319 τὴν
3002 1247 3096 1300 ἐπὶ
3113 1248 3224 1309 τοῖς
3249 1245 3640 1316 πραττομένοις

2066 1339 2444 1411 σταθηρότητα
2471 1339 2556 1410 ιΡ.
2594 1338 2720 1412 176]
2748 1339 3185 1411 βασιλικωτέραν
3210 1338 3413 1408 κρίνων
3443 1337 3645 1407 παλιμ-

2065 1431 2249 1496 ϐολίας
2263 1435 2357 1487 καὶ
2374 1432 2635 1496 άστασξας
2663 1434 2754 1486 ἐπὶ
2783 1435 2896 1497 τοῖς
2924 1431 3131 1497 δόξασι.
3164 1432 3311 1503 Πλὴν
3351 1430 3486 1501 μετὰ
3514 1447 3643 1483 και-

2065 1526 2274 1596 ρὸν,ὼς
2297 1526 2558 1598 ἁρμόζειν
2592 1526 2791 1580 αὐτίκα
2816 1526 3019 1594 λέγειν,
3049 1525 3385 1578 ἐπιτίθενται
3414 1525 3463 1576 οἱ
3495 1525 3642 1586 τινὲς

2063 1615 2173 1670 τῶν
2187 1618 2302 1672 ὅσοι
2332 1620 2426 1675 καὶ
2451 1618 2561 1672 τῶν
2590 1620 2911 1687 οἰκονομιῶν
2929 1621 2988 1672 τὸ
3018 1619 3268 1672 πλεῖστον
3290 1618 3645 1688 προσαφῃρέ-

2066 1711 2266 1782 θησαν,
2290 1712 2558 1782 προφάσει
2583 1712 2680 1781 μὲν
2708 1714 2774 1783 τῇ
2798 1712 2873 1774 εἰς
2896 1711 3120 1782 βασιλέα
3146 1710 3330 1763 πίστει
3358 1710 3645 1781 χρησάμε-

2067 1822 2145 1857 νοι
2168 1823 2179 1835 ι
2218 1806 2369 1860 οὐδὲν
2394 1805 2450 1858 δὲ
2478 1800 2641 1876 ἦττον
2684 1806 2920 1880 ἑαυτοῖς
2944 1805 3176 1874 ἀμύνειν
3207 1803 3420 1875 malev,
3461 1820 3643 1872 παρα-

379 1895 472 1945 καὶ
514 1894 612 1956 τὰς
645 1868 843 1965 ὁρμάς,
890 1896 1087 1961 ὲξισῶν
1143 1900 1254 1961 τοῖς
1286 1868 1629 1969 πράγμασιν.
1678 1868 1960 1955 Ἐντείιθεν
1993 1868 2033 1922 Β
2062 1891 2430 1965 λελυπημένοι
2468 1868 2549 1960 ei;
2579 1868 3029 1966 προσαφῄρηντο.
3090 1894 3199 1947 Καὶ
3230 1868 3314 1964 ’τῷ
3348 1868 3642 1963 Θεολήπτῳ

378 1988 472 2038 xxi
510 1989 745 2057 στρατὸν
794 1989 892 2057 μὲν
935 1989 1163 2044 συνίστα
1215 1990 1397 2056 πλέον,
1431 1995 1565 2064 νῆας
1602 1992 1960 2063 δ’ὲξητοιμά-

377 2074 528 2141 ζετο,
557 2080 651 2131 καὶ
677 2078 831 2134 διττὰ
860 2082 1107 2152 στρέφων
1138 2082 1290 2137 ἔνθεν
1319 2086 1417 2155 μὲν
1445 2086 1586 2139 κατὰ
1608 2086 1732 2157 γῆν,
1754 2085 1961 2139 ἐκεῖθεν

376 2169 433 2225 δὲ
458 2172 609 2224 κατὰ
644 2171 916 2226 θάλατταν
963 2174 1313 2245 διηυμάριζε,
1373 2177 1468 2231 καὶ
1500 2177 1680 2244 καλῶς
1730 2178 1962 2249 ἠκούετο

378 2262 670 2333 πράττων,
705 2268 799 2320 καὶ
833 2265 1047 2336 βασιλεί
1076 2269 1377 2332 ἀπόδεκτος
1414 2264 1504 2342 ἦν,
1538 2274 1587 2325 ei
1622 2272 1715 2325 καὶ
1745 2270 1823 2342 τῷ
1857 2291 1959 2325 πα-

374 2358 741 2427 τριαρχοῦντι
770 2357 997 2434 Ἰωάννῃ
1038 2361 1072 2431 ἡ
1121 2362 1333 2419 ἐκείνου
1362 2365 1666 2435 στρατηγία
1697 2365 1782 2419 διὰ
1811 2367 1964 2436 μεγί-

375 2542 741 2598 restituendis
793 2541 902 2601 illis
936 2546 1138 2601 misere
1183 2544 1382 2603 aﬂictis
1429 2546 1700 2619 partibus.
1740 2558 1852 2604 tum
1905 2546 1959 2604 in

375 2638 721 2694 demerendo
755 2637 1108 2710 imperatore,
1154 2644 1349 2710 suique
1383 2643 1525 2711 apud
1559 2658 1682 2698 eum
1723 2644 1961 2713 antiquis

373 2731 801 2803 suspicionibus
842 2735 1145 2806 purgandis
1185 2736 1359 2791 solida
1405 2735 1738 2791 exhibitione
1776 2746 1963 2806 grato-

374 2837 499 2876 rum
532 2822 643 2893 ipsi
687 2822 1102 2893 obsequiorum,
1154 2825 1258 2880 tida
1303 2825 1673 2896 prudentique
1726 2827 1962 2887 admini-

373 2914 656 2971 stratione
699 2916 981 2971 commissi
1028 2919 1131 2974 sibi
1164 2920 1430 2985 muneris,
1489 2935 1595 2989 qua
1642 2934 1702 2976 se
1736 2920 1961 2992 dignum

371 3007 647 3077 probaret
689 3008 987 3067 honoreac
1022 3011 1305 3068 beneﬁciis
1353 3012 1595 3068 collatis.
1639 3011 1779 3067 Hinc
1822 3028 1964 3083 quo-

370 3099 523 3154 niam
574 3097 812 3154 militum
858 3098 1125 3171 plurimos
1160 3102 1381 3158 videbat
1425 3102 1685 3167 corrasis,
1735 3116 1833 3173 per
1863 3117 1962 3173 op-

369 3187 757 3260 portunitates
797 3191 850 3246 in
912 3206 1052 3263 quas
1094 3193 1254 3250 avide
1316 3194 1700 3259 imminebant,
1754 3193 1962 3250 divitiis

368 3284 642 3339 maximis
672 3283 798 3339 inde
821 3285 1101 3357 segniores
1126 3288 1191 3341 ad
1225 3288 1469 3345 laborem
1508 3287 1645 3354 ﬁeri,
1673 3296 1960 3358 propterea

369 3374 556 3445 quod,
590 3374 889 3444 quamlibet
930 3388 1218 3433 cessarent
1251 3388 1302 3435 et
1334 3377 1511 3435 cilicio
1557 3377 1832 3445 deessent,
1857 3379 1961 3432 lm-

370 3480 522 3538 pune
554 3481 612 3523 sc
638 3468 848 3522 laturos
874 3469 1210 3525 conﬁderent
1231 3472 1300 3528 ob
1330 3470 1435 3527 sibi
1471 3479 1719 3543 paratam
1748 3471 1960 3529 crebris

372 3562 731 3627 muneribus,
768 3571 929 3631 prout
965 3562 1069 3617 illis
1115 3574 1233 3620 erat
1269 3562 1321 3616 in
1348 3572 1458 3617 tam
1508 3564 1691 3635 pingui
1738 3562 1958 3618 fortuna

369 3653 565 3717 facile,
588 3656 787 3709 ducum
813 3668 1037 3711 suorum
1061 3656 1317 3727 gratiam,
1341 3657 1561 3712 aliunde
1582 3667 1766 3711 autem
1787 3654 1961 3711 fortes

369 3744 700 3812 bellatores,
747 3748 893 3817 quod
938 3750 1121 3807 minus
1160 3751 1350 3805 attenti
1389 3750 1454 3805 ad
1498 3750 1711 3805 lucrum
1755 3748 1959 3813 forent,

368 3857 483 3898 non
532 3840 825 3909 superﬂuis
871 3843 1056 3911 modo,
1106 3860 1227 3912 qua:
1266 3845 1649 3918 impenderent
1690 3848 1745 3899 in
1793 3844 1957 3911 dona,

368 3935 465 3991 Sed
526 3936 696 3989 etiam
769 3937 1145 4002 necessariis,
1202 3935 1344 3991 unde
1398 3936 1501 3992 sibi
1561 3937 1957 3999 consulerent,

372 4035 640 4082 carentes
705 4041 772 4081 eo
820 4026 940 4096 ipso
1004 4027 1278 4083 tardiores
1323 4028 1390 4083 ad
1436 4027 1779 4082 militandum
1834 4030 1960 4084 red-

369 4120 679 4189 debantur,
726 4122 905 4192 inopia
962 4122 1332 4193 insuperabile
1383 4122 1697 4178 strtenuitati
1766 4136 1961 4192 quam-

366 4214 501 4270 libet
534 4215 676 4271 bene
710 4217 969 4271 animata:
996 4216 1341 4272 obstaculum
1374 4215 1702 4286 objectante,
1752 4218 1961 4272 incom-

366 4311 537 4364 modo
585 4311 865 4379 utrimque
910 4311 967 4366 in
1021 4310 1283 4366 damnum
1340 4310 1569 4381 publica:
1620 4312 1699 4367 rei
1755 4312 1958 4365 redun-

366 4400 536 4456 dante
554 4400 721 4470 259
744 4402 1004 4467 maximo,
1038 4403 1434 4472 iumqualitates
1470 4402 1604 4457 istas
1633 4403 1763 4466 sibi,
1801 4411 1959 4473 prout

364 4502 491 4548 erat
546 4503 679 4547 ante
731 4494 914 4548 omnia
961 4508 1225 4555 necesse.
1272 4503 1458 4549 mutua
1508 4494 1958 4564 compensatione

2062 1985 2444 2056 Φιλαδελφείας
2465 1985 2859 2058 προσελθόντες
2884 1985 2982 2049 τὰς
3011 1985 3146 2054 πρὸς
3179 1983 3401 2055 βασιλέα
3432 1983 3644 2042 πίστεις

2062 2082 2391 2155 ὴθετηκέναι
2423 2080 2516 2135 τὸν
2554 2081 2810 2150 Ἰωάννην
2834 2079 3045 2148 ελεγον,
3072 2080 3168 2133 καὶ
3196 2078 3354 2146 δῆλον
3385 2073 3549 2130 εἶναι.
3582 2074 3644 2141 ἐξ

2060 2170 2136 2231 ὧν
2166 2193 2229 2244 γε
2265 2173 2361 2229 καὶ
2418 2173 2670 2244 πράττοι,
2721 2172 2813 2227 τὸν
2858 2173 2956 2242 τῆς
3015 2170 3440 2240 ἁποστατὴσεως
3474 2168 3642 2223 κύὸον

2061 2266 2422 2338 ἀναρρίπτειν
2481 2251 2808 2336 ἀρξάμενον.
2867 2260 3054 2318 Ταῦτα
3104 2264 3355 2329 λέγοντες
3397 2261 3641 2326 ἔπειθον,

2064 2361 2160 2413 καὶ
2197 2358 2397 2432 μᾶλλον
2432 2359 2644 2430 είςρτὴν
2677 2356 2800 2413 κατ’
2855 2358 3066 2415 ἐκείνου
3113 2352 3413 2428 ἀπέχθειαν
3448 2354 3643 2425 ὡρμη-

2063 2542 2330 2615 marique,
2357 2555 2470 2600 rem
2503 2552 2611 2597 nan
2641 2541 2879 2611 impigre
2894 2540 3070 2595 solum
3101 2552 3165 2594 ac
3209 2530 3505 2610 prudenter
3542 2538 3637 2592 sed

2065 2637 2294 2694 feliciter
2321 2637 2486 2693 etiam
2520 2649 2709 2707 gerere
2740 2635 2849 2689 cito
2874 2631 3093 2687 auditus
3128 2640 3233 2699 est,
3258 2632 3637 2694 successibus,

2062 2728 2521 2802 quemadmodum
2563 2726 2676 2781 fere
2706 2725 2789 2791 tit,
2841 2725 3077 2779 fortunae
3131 2724 3407 2793 sapientiae
3452 2725 3639 2779 consi-

2062 2822 2257 2878 liorum
2295 2805 2775 2891 respondentibus.
2808 2814 2947 2871 Hinc
2971 2814 3170 2871 faustis
3209 2815 3275 2871 de
3330 2815 3431 2869 illo
3462 2815 3645 2869 incre-

2060 2913 2415 2971 bescentibus
2445 2911 2655 2967 nuntiis
2686 2909 2861 2981 magis
2894 2908 3177 2977 magisque
3205 2907 3644 2964 conﬁrmabatur

2062 3008 2118 3065 in
2150 3023 2250 3065 suo
2274 3006 2340 3063 de
2363 3022 2428 3062 eo
2466 3004 2677 3076 judicio
2730 3004 3051 3072 imperator,
3109 3000 3525 3073 impensiusque
3563 2999 3644 3057 ia-

2060 3116 2190 3157 vere
2221 3100 2472 3155 ministro
2498 3110 2609 3153 tam
2644 3096 2762 3152 utili
2804 3095 3101 3169 pergebat;
3149 3110 3325 3158 eoque
3383 3094 3646 3151 obfirma-

1986 3228 2031 3289 Ο
2066 3194 2176 3250 tius
2211 3192 2500 3263 rejiciebat
2556 3189 2844 3246 continuas
2897 3190 3166 3245 adversus
3212 3186 3637 3244 Tarcbaniotam

2063 3284 2527 3361 expostulationes
2547 3283 2875 3355 patriarchae
2899 3282 3150 3352 Joannis,
3177 3280 3271 3353 qui
3295 3295 3642 3352 concoquere

2064 3379 2207 3434 haud
2239 3392 2478 3450 unquam
2526 3377 2716 3433 valens
2745 3376 3006 3434 honorari
3038 3373 3356 3448 praefectura
3410 3374 3505 3429 tali
3537 3376 3643 3431 bo-

2067 3467 2266 3526 mlnem
2327 3468 2465 3526 adeo
2521 3482 2630 3533 non
2650 3469 2815 3528 thenc
2844 3467 3096 3524 affectum
3147 3481 3274 3539 erga
3311 3464 3638 3533 Ecclesium,

2063 3575 2125 3619 ut
2156 3564 2445 3635 plerosque
2481 3564 2979 3620 ecclesiasticarum
3029 3562 3249 3633 probris
3280 3561 3644 3616 conscindere

2062 3669 2173 3710 non
2198 3654 2510 3721 desisteret,
2542 3654 2780 3723 querelis
2809 3669 2874 3709 ea
2904 3653 2974 3708 de
3019 3669 3075 3709 re
3105 3646 3346 3709 assiduis
3392 3666 3493 3707 nec
3525 3651 3645 3707 sine

2064 3746 2351 3803 stomacho
2381 3748 2683 3818 Augustum
2742 3744 3111 3817 inquietabat;
3147 3745 3240 3816 qui
3264 3731 3445 3799 tamen
3496 3742 3634 3798 nihil

2064 3840 2153 3897 bis
2174 3849 2376 3905 motus,
2405 3840 2551 3917 quod
2599 3840 2958 3910 prasentibus
2992 3839 3172 3909 iisque
3205 3836 3387 3893 .certis
3426 3836 3646 3906 experi-

2062 3934 2263 3990 mentis
2294 3932 2469 3989 fidelis
2494 3932 2756 4001 utilisque
2804 3930 2907 3986 sibi
2961 3928 3343 3985 Tarcbaniotae
3392 3928 3643 3999 obsequii

2060 4026 2189 4098 plus
2210 4023 2461 4097 quotidie
2503 4024 2736 4096 plusque
2770 4023 3002 4095 obligari
3031 4039 3089 4079 se
3121 4023 3349 4079 sentiret
3381 4023 3447 4080 ad
3481 4023 3646 4078 bene-

2062 4119 2242 4174 volant
2270 4118 2327 4173 in
2353 4132 2477 4174 eum
2510 4126 2834 4190 gratamque
2866 4118 3220 4179 voluntatem,
3254 4116 3332 4171 sic
3364 4105 3523 4169 aures
3547 4129 3644 4168 nc-

2062 4209 2358 4281 quidquam
2399 4210 2680 4265 accusanti
2719 4209 3044 4278 patriarcha:
3072 4208 3254 4270 dabat,
3285 4214 3343 4261 ut
3396 4204 3638 4259 animum

2062 4319 2156 4360 reo
2190 4312 2453 4367 servaret,
2516 4301 2826 4371 rationique
2892 4301 3126 4370 amplius
3182 4313 3347 4369 quam
3404 4298 3498 4352 irae
3546 4297 3643 4351 tri-

2062 4396 2238 4453 buens
2269 4395 2461 4451 irritos
2504 4394 2765 4449 reddebat
2803 4408 2996 4448 omnes
3026 4394 3126 4463 ipsi
3163 4404 3363 4446 nocere
3389 4399 3643 4461 satagen-

2066 4489 2199 4541 tium
2228 4494 2481 4546 conatus,
2510 4485 2741 4540 libenter
2769 4492 2958 4538 contra
2984 4483 3327 4551 benigneque
3355 4479 3639 4549 excipiens

356 4581 620 4638 decrevit
646 4583 1031 4652 exaequandas,
1062 4583 1132 4637 ita
1170 4592 1225 4637 ut
1264 4599 1327 4637 ex
1376 4583 1710 4637 abundantia
1757 4596 1951 4649 super-
1984 4586 2029 4642 ο
2058 4575 2323 4647 quidquid
2369 4576 2438 4629 ab
2478 4575 2525 4630 ei
2580 4575 2891 4629 faventibus
2938 4581 3347 4644 suggereretur,
3398 4572 3642 4641 denique

364 4673 475 4731 ﬂue
500 4675 887 4746 opulentorum
942 4674 1347 4737 transferendo,
1401 4677 1546 4745 quod
1603 4674 1737 4728 satis
1783 4682 1950 4740 esset,

367 4765 421 4824 in
447 4777 723 4841 egestates
753 4770 1002 4838 inopum.
1040 4784 1140 4823 uec
1192 4769 1267 4822 illi
1302 4767 1626 4823 redundantl
1651 4768 1804 4835 cepta
1843 4779 1951 4820 tor-

368 4874 585 4930 pereut,
622 4877 722 4916 nec
752 4861 802 4916 hi
838 4862 1166 4917 necessariis
1188 4861 1430 4917 destituti
1457 4861 1715 4928 languere
1742 4848 1806 4914 ac
1852 4859 1953 4913 mi-

368 4956 539 5012 litiam
584 4957 837 5025 refugere
902 4963 1248 5025 cogerentur.
1314 4953 1501 5009 Tantae
1558 4954 1685 5009 huic
1712 4969 1776 5007 ac
1836 4964 1944 5007 tam

370 5048 585 5103 cunctis
627 5047 1017 5119 praevertenda:
1056 5048 1132 5100 rei
1157 5057 1267 5101 tum
1300 5047 1660 5116 suscipienda:
1694 5046 1946 5100 fiduciam

370 5149 482 5196 tum
534 5140 899 5209 exsequendas
949 5138 1259 5194 facultatem
1318 5138 1548 5208 prmbuit
1608 5138 1946 5193 conscientia

371 5237 642 5308 praecipue
680 5236 855 5291 ﬁdelis
883 5252 1009 5305 erga
1047 5234 1432 5303 imperatorem
1483 5235 1647 5288 studii
1683 5244 1736 5287 ct
1787 5236 1949 5303 hujus

315 5385 319 5388 .
369 5342 526 5386 certae
556 5328 660 5385 sibi
691 5326 1082 5383 benevolentia:
1123 5327 1321 5383 tiducia
1350 5340 1564 5381 secura.
1600 5325 1727 5381 inde
1760 5340 1945 5394 porro,

368 5422 505 5489 quod
538 5418 865 5491 palmarium
891 5416 1086 5473 fuitad
1142 5427 1463 5487 prmseutem
1521 5434 1701 5482 usum,
1758 5416 1808 5470 id
1861 5427 1945 5471 est

366 5509 512 5568 brevi
543 5521 905 5574 consecutus.
942 5520 1001 5566 ut
1025 5512 1329 5568 exercitum
1372 5511 1639 5567 conﬂaret
1669 5509 1803 5564 satis
1838 5525 1943 5563 nu-

366 5621 635 5663 merosum
672 5605 738 5661 ad
772 5608 1001 5661 classem
1044 5606 1205 5659 simul
1242 5605 1514 5660 maritima
1571 5605 1759 5660 militia
1788 5619 1943 5659 com-

364 5695 611 5765 piendum
639 5706 935 5767 castraque
967 5694 1325 5751 terrestribus
1366 5694 1581 5751 abunde
1622 5695 1944 5751 instruenda

367 5788 561 5854 copiis;
593 5803 703 5859 qua
736 5800 969 5859 utraque
1019 5786 1191 5844 fretus
1236 5787 1499 5857 potentis,
1558 5788 1790 5843 navibus
1834 5803 1945 5843 uno

369 5887 601 5951 tempore
638 5880 825 5939 multis
855 5881 1073 5954 egregie
1100 5881 1347 5946 armatis,
1381 5888 1526 5936 terra
1565 5894 1675 5936 uno
1705 5879 1941 5938 consilio

2054 4670 2311 4739 judicans
2337 4667 2387 4722 id
2425 4666 2691 4736 ejusmodi
2716 4682 2837 4722 esse
2872 4668 3177 4736 negotium,
3207 4664 3261 4719 in
3304 4676 3415 4735 quo
3467 4666 3641 4733 magis

2056 4764 2443 4831 imperatorem
2482 4759 2623 4828 regia
2676 4760 2930 4813 insistere
2982 4757 3293 4811 constantia
3326 4757 3493 4812 semel
3524 4770 3638 4812 caa-

2057 4858 2185 4926 ptis,
2220 4869 2380 4923 quam
2418 4851 2656 4907 instabili
2691 4850 3102 4919 desultoriaque
3152 4852 3313 4905 modo
3370 4851 3636 4906 aientium

2059 4964 2183 5001 mox
2216 4948 2529 5016 negantium
2559 4944 2912 4997 consiliorum
2942 4943 3160 4997 levitate
3180 4942 3637 5014 260ﬂuctoare

2054 5042 2339 5111 parloret.
2394 5038 2659 5093 Caeterum
2721 5037 3059 5109 periclitatus
3116 5039 3205 5093 hic
3258 5038 3556 5109 aliquando
3598 5051 3632 5092 a

2055 5136 2170 5190 suis
2207 5132 2677 5203 nppugtiatoribus
2744 5128 2877 5196 fuit;
2934 5130 3079 5201 quod
3130 5130 3231 5185 etsi
3289 5130 3473 5185 evenit
3528 5130 3633 5183 aii-

2052 5239 2319 5301 quautum
2360 5234 2480 5296 post
2508 5225 2611 5280 hoc
2640 5234 2854 5292 tempus
2910 5224 2964 5278 in
2999 5241 3105 5295 quo
3137 5224 3414 5280 narrando
3444 5237 3635 5280 versa-

2054 5338 2196 5384 mur,
2228 5328 2408 5374 tamen
2445 5318 2529 5372 hic
2562 5327 2782 5385 propter
2812 5320 3067 5373 materias
3100 5318 3502 5375 connexionem
3541 5332 3634 5373 re-

2052 5412 2196 5467 ferre
2229 5408 2528 5478 occupabo.
2560 5407 2801 5462 Conflata
2839 5408 2892 5463 in
2921 5423 3042 5463 eum
3069 5417 3153 5464 est
3186 5409 3356 5464 factio
3386 5407 3625 5464 militum

2050 5520 2241 5561 eorum
2265 5516 2431 5574 quos,
2465 5509 2522 5555 ut
2549 5502 2755 5555 dictum
2795 5510 2902 5565 est,
2930 5501 3441 5573 superﬂueldivltes
3475 5511 3633 5573 parte

2048 5602 2211 5670 opum
2236 5596 2578 5652 redundante
2609 5594 2953 5659 multaverat,
3010 5609 3113 5663 qua
3158 5596 3463 5666 indigentes
3518 5576 3628 5650 ca!-

2048 5698 2193 5744 teros
2242 5687 2479 5757 juvaret.
2518 5684 2580 5739 lli
2630 5684 2814 5741 studio
2870 5686 3103 5742 sincera:
3132 5687 3184 5741 in
3239 5687 3622 5756 imperatorem

2048 5782 2172 5836 ﬁdei
2201 5780 2405 5835 moveri
2435 5796 2495 5836 se
2527 5780 2872 5846 simulantes,
2931 5793 3057 5835 eum
3123 5792 3315 5832 revera
3367 5778 3620 5834 concita-

2049 5884 2234 5933 rentur
2260 5873 2768 5931 dolorcimminuta:
2825 5873 2959 5943 ipsis
2992 5872 3255 5936 pecunias,
3318 5872 3383 5927 ad
3441 5872 3619 5940 impo-
