4068 6232
464 398 577 467 287

1672 400 1996 463 GEORGll
2037 400 2518 464 PACIIYMERAB

3607 389 3715 457 288

469 518 630 587 μένον
656 514 825 570 πάλαι
881 513 978 570 ἄτα
1023 516 1113 570 καὶ
1173 517 1339 571 αὑτὸν
1373 516 1494 572 κατ’
1529 520 1739 576 ἐκείνου
1770 522 1839 575 τὰ
1870 519 2038 575 πολλά
2070 528 2109 582 Α
2141 520 2417 591 λοιδοριῶν
2468 519 2541 584 ὼς
2571 518 2795 584 δικαίως
2846 517 3177 586 ὲπεςιοῦσιν.
3232 516 3292 572 Ὀ
3317 502 3360 570 δ⁶
3384 513 3594 570 ἔνδοθεν
3623 509 3716 579 ἀφ’

468 606 850 678 μωμοὺμινον.
878 607 990 663 Καὶ
1013 609 1112 663 σὺν
1145 610 1296 680 σφίσι
1332 611 1433 678 τὴν
1458 613 1595 681 πρὸς
1631 614 1840 667 ἑκεῖνιν
1864 609 2040 683 (ἧν’δ’

467 696 678 752 ἐπὶτοῦ
705 698 942 769 πυργίου
980 698 1140 771 τότε)
1198 700 1541 769 ὴπείγοντο.·
1581 703 1641 757 '0
1666 702 1723 769 δι
1771 704 2038 777 προγνοὺς

468 790 567 861 τὴν
596 790 703 845 τῶν
731 793 992 845 ἐπιόντων
1016 791 1227 862 ιφοδον,
1252 795 1347 848 καὶ
1363 794 1438 858 ὡς
1463 795 1554 848 ἐπὶ
1577 799 1719 869 κακῇ
1752 800 1971 869 προῦπη
1981 814 2041 868 ρ-

468 882 639 954 γμένῃ
698 885 876 954 φήμῃ,
936 886 985 938 εί
1037 885 1129 938 καὶ
1176 885 1376 958 ψευδὴς
1408 882 1498 960 ἦν,
1552 889 1867 943 ἀπαντῶσιν
1911 890 2034 960 ἢδη,

469 974 728 1039 Θραύεται
756 979 855 1045 τὴν
881 978 1080 1049 ὁρμὴν,
1115 980 1205 1032 καὶ
1236 980 1491 1033 εἰσελθὼν
1528 974 1627 1053 τὴν
1663 983 1843 1039 {actius
1868 981 2038 1053 μονὴν

468 1072 561 1124 τοῦ
594 1072 650 1125 ἐν
684 1072 923 1145 μάρτυσι
969 1075 1227 1144 μεγίστου
1297 1077 1589 1147 Γεωργίου,
1636 1078 1737 1143 τὴν
1790 1076 1885 1129 τοῦ
1916 1077 2037 1139 Διὸς

471 1163 616 1235 ἱεροῦ
641 1165 832 1233 πάλαι,
867 1168 960 1221 τοῦ
992 1167 1269 1235 ἀσφαλοῦς
1305 1168 1480 1239 ἐαυτῷ
1537 1169 1809 1239 προύνόσι.
1854 1170 1963 1223 Καὶ
1988 1170 2038 1222 οἱ

470 1258 573 1327 μὲν
596 1259 913 1322 ἑπιστάντες
943 1260 1142 1325 ἔξωθεν
1192 1261 1638 1329 ὲπιξυγωθεισῶν
1695 1261 1803 1315 τῶν
1851 1260 2036 1315 πυλῶν

468 1352 566 1423 τῆς
597 1353 767 1422 μονῆς
821 1354 1276 1423 ἐσπουδασμένως
1336 1356 1404 1410 τὰ
1456 1356 1553 1426 τῆς
1582 1355 1769 1425 κωφῆς
1823 1356 2039 1428 ἐκείνης

467 1445 800 1515 κατηγορίας
830 1447 1178 1512 συνέπλεκον,
1203 1450 1297 1501 καὶ
1332 1449 1430 1500 οὐκ
1476 1448 1541 1500 ἀν
1570 1448 1757 1516 ἔλεγον
1781 1449 2037 1519 Ἰωάννην

468 1540 781 1608 περαιτέρω
806 1539 913 1590 τῶν
944 1540 1172 1593 ἐντολῶν
1201 1541 1308 1594 τῶν
1339 1542 1484 1611 παρὰ
1518 1540 1777 1610 βασιλέως
1807 1541 2040 1611 προελη-

469 1628 687 1686 λυθέναι
720 1631 815 1700 (τὸ
848 1626 900 1685 δ”
941 1628 1013 1702 ἦν
1035 1631 1095 1686 τὸ
1122 1635 1220 1704 τὴν
1262 1634 1440 1687 αὐτῶν
1472 1635 1835 1689 ὑπαλλάττειν
1871 1651 2040 1705 στρα-

468 1722 667 1789 τείαν),
689 1726 734 1776 εἰ
771 1726 843 1795 μή
880 1742 942 1793 γε
965 1726 1063 1779 καὶ
1086 1727 1188 1795 τῆς
1215 1728 1295 1789 είς
1324 1726 1549 1796 βασιλέα
1581 1728 2039 1798 καταφρονήσεως

469 1816 661 1887 ἄρχειν
692 1816 950 1885 ἐγνώκει.
970 1818 1044 1872 Τὸ
1073 1820 1117 1874 δ’
1146 1814 1215 1889 ἦν
1240 1819 1499 1889 ἄντικρυς
1541 1822 2037 1890 καταδημαγωγία,

467 1909 502 1966 .ti
523 1926 548 1973 ;
576 1910 825 1965 ἐντεῦθεν
855 1911 954 1983 τὴν
982 1913 1101 1965 κατ’
1150 1914 1314 1968 αὑτοῦ
1349 1916 1499 1984 optim
1546 1915 1753 1985 ἰσχύειν
1776 1916 2040 1979 Atridem),

471 2002 566 2058 κιὶ
596 2003 887 2077 πρόϐλημα
918 2001 986 2078 ἦν
1018 2007 1199 2071 αὐτοῖς
1231 2009 1455 2079 ἰσχυρὸν
1507 2008 1616 2062 τῶν
1669 2008 1793 2064 κατ’
1831 2008 2041 2062 ἐκείνου

470 2197 673 2244 tentem
702 2189 1050 2260 cupiditatem
1086 2190 1385 2248 ulciscendi
1421 2188 1660 2248 molestae
1686 2192 1843 2262 ipsis,
1870 2208 2045 2264 quan-

475 2284 681 2341 tumvis
711 2300 879 2355 :eqnte
931 2300 994 2340 ac
1030 2285 1243 2353 publice
1324 2287 1584 2343 salutaris
1641 2288 2044 2363 distributionis

473 2383 791 2440 auctorem,
838 2375 1198 2451 Tlteoieptom
1251 2378 1778 2452 Pliiladelpltiensem
1839 2399 2041 2439 conve-

477 2463 641 2519 niunt
668 2467 1015 2538 episc0pum.
1067 2470 1227 2539 eique
1258 2471 1511 2527 deferunt
1560 2474 1912 2530 manifestum
1964 2478 2037 2529 ri-

428 2550 429 2553 “
475 2556 591 2613 deri
624 2574 690 2614 ex
720 2560 789 2615 iis
823 2576 944 2630 qua!
976 2561 1336 2617 'l‘nrchaniota
1374 2575 1582 2635 ageret,
1620 2566 1870 2621 meditari
1919 2582 2041 2623 eum

468 2651 834 2710 defectionem
867 2654 936 2709 ab
962 2655 1312 2726 imperatore,
1338 2658 1633 2729 omniaque
1663 2658 1855 2714 sedqu
1892 2675 2044 2712 rom-

473 2761 665 2816 parare
700 2755 757 2800 ut
788 2761 909 2801 mox
946 2758 1135 2802 contra
1171 2748 1323 2802 illum
1360 2750 1536 2818 palam
1584 2750 1910 2822 insurgeret.
1948 2751 2045 2807 Fs-

469 2839 574 2894 cile
600 2839 647 2894 id
686 2839 763 2894 illi
797 2849 1195 2910 persuaserunt
1240 2841 1496 2902 antistiti,
1559 2842 1699 2897 male
1725 2843 1835 2914 jam
1886 2855 2043 2900 antca

460 2928 527 2983 .in
568 2926 1001 2985 Tarcltaniolam
1038 2930 1252 2997 affecto,
1306 2932 1509 3002 quippe
1547 2949 1576 2986 a
1618 2950 1727 3004 quo
1760 2944 2046 2991 contume-
2079 2934 2083 2939 ’

471 3024 610 3077 liose
654 3039 713 3077 se
758 3038 978 3095 quoque
1034 3026 1348 3080 traductum
1379 3037 1431 3081 et
1488 3029 1704 3082 irrisum
1746 3029 2045 3099 reprelien-

471 3129 706 3183 sumque
742 3115 1105 3172 meminisset.
1135 3117 1278 3188 Ergo
1314 3126 1367 3171 et
1415 3118 1505 3174 hic
1544 3118 1777 3177 ducibus
1814 3120 2041 3176 seditio-

2080 1866 2115 1920 fl

2148 614 2318 684 ὕψους
2348 613 2442 667 τοῦ
2467 611 2683 683 τείχους
2719 612 3031 685 ἑωραμένος
3063 612 3198 683 πρὸς
3234 610 3337 677 τὴν
3383 608 3720 679 κατηγορίαν

2146 702 2402 771 ἀσφαλῶς
2457 703 2665 769 ῖστατο,
2720 702 2949 773 καὶτῷ
2978 703 3230 775 ἀρχιερεῖ
3272 698 3717 771 προσωνείδιζεν,

2147 793 2335 857 ἀνοίας
2359 793 2585 864 κρίνων,
2615 796 2665 848 εί
2697 782 3180 866 συμπεπεισμένος
3202 797 3463 859 τοιούτοις
3492 793 3721 865 ἀνδράσι

2148 886 2325 939 ποιεῖν
2362 885 2430 940 τὰ
2463 888 2626 956 ὅμοια
2652 954 2653 957 η
2675 888 2817 957 ἔγνω
2850 888 3245 960 παραγεγονὼς
3263 889 3353 944 τὸν
3386 889 3521 960 μηδὲ
3562 889 3721 944 σκιὰν

2147 976 2405 1040 ἀπιστίας
2439 978 2640 1034 εἰδότα.
2669 980 2892 1034 Βασιλεῖ
2913 982 3021 1053 γὰρ
3052 984 3147 1037 καὶ
3199 980 3402 1052 μᾶλλον
3432 982 3722 1054 φυλάττειν

2147 1066 2332 1118 πίστιν
2387 1066 2482 1122 καὶ
2520 1066 2748 1137 βεϐαίαν
2772 1070 2960 1142 φέρειν
3006 1055 3106 1141 τίιν
3154 1072 3393 1140 εὖνοιαν,
3459 1071 3608 1143 αὒτῷ
3662 1070 3721 1125 δὲ

2145 1158 2464 1214 τούντεῦθεν
2488 1161 2581 1214 καὶ
2611 1161 2814 1231 μᾶλλον
2840 1166 2968 1235 μηδ’
3010 1164 3085 1227 ὡς
3117 1166 3371 1237 ἀρχιερεῖ
3401 1164 3720 1237 προσέχειν,

2144 1252 2193 1303 εἰ
2224 1252 2322 1321 τὴν
2356 1253 2490 1324 πρὸς
2538 1254 2700 1308 αὐτὸν
2754 1255 2845 1310 διὰ
2902 1256 3000 1327 τὴν
3032 1258 3128 1311 τοῦ
3191 1256 3486 1329 σχίσματος
3539 1259 3723 1312 αἰτίαν

2133 1344 2470 1424 ἀπέχθειαν,
2505 1345 2533 1399 ὃ
2554 1345 2618 1417 δὴ
2644 1350 2738 1400 καὶ
2778 1347 3032 1419 βασιλεὺς
3058 1346 3165 1404 οἶδε
3198 1352 3290 1405 καὶ
3323 1355 3595 1422 συγχωρεῖ
3626 1355 3691 1405 αὑ

2146 1438 2258 1499 τὸς,
2295 1442 2408 1502 τοῖς
2434 1440 2618 1493 οὐκέτ’
2646 1439 2766 1497 οὖσι
2789 1444 2932 1498 κατὰ
2961 1444 3224 1515 βασιλέως
3257 1447 3549 1517 αἰτιάματι
3581 1465 3708 1519 συμ·

2149 1524 2370 1585 πλέκειν
2415 1534 2588 1587 ἐθέλοι
2618 1538 2714 1589 καὶ
2760 1540 2875 1602 τοῖς
2906 1538 3119 1592 ἐπιοῦσι
3152 1542 3535 1611 συμπράττειν
3560 1542 3714 1611 φόκιο.

2152 1624 2321 1693 μηδὲν
2374 1626 2655 1697 προσῆκον
2701 1629 2788 1683 διὰ
2818 1629 2917 1699 τὴν
2946 1634 3045 1701 τῆς
3096 1632 3455 1704 συνειδήσεως
3484 1633 3715 1705 καθαρόο

2146 1732 2303 1783 τητα.
2360 1717 2550 1774 Ταῦτα
2596 1720 2771 1789 λέγων
2792 1724 3152 1795 ἀντιτεχνᾶτο
3193 1728 3467 1791 κάκεῖνος,
3499 1727 3594 1780 καὶ
3623 1730 3724 1800 τὴν

2146 1810 2331 1864 εἰκόνα
2362 1810 2457 1864 τοῦ
2515 1815 2796 1885 μάρτυρος
2843 1816 3024 1884 φᾶρων
3062 1818 3375 1888 ἐπευφήμει
3406 1822 3532 1884 τοὺς
3574 1820 3723 1883 Beato

2146 1902 2280 1962 λεῖς.
2309 1905 2421 1959 Καὶ
2451 1903 2640 1957 λοιπὸν
2676 1907 2957 1978 ἄπρακτον
2996 1910 3097 1975 μὲν
3146 1907 3216 1981 ἦν
3249 1895 3435 1977 αὐτοῖς
3464 1914 3524 1965 τὸ
3549 1916 3717 1984 ἐγχεί-

2148 2016 2319 2070 ρημα,
2356 1997 2444 2074 [Ρ.
2469 1999 2592 2075 177]
2620 2004 2860 2058 συνεῖναι
2908 2002 2954 2057 δ’
2983 2005 3217 2068 ἐκείνοις
3250 2006 3452 2076 ἣκιστα
3482 2009 3721 2076 ἀσφαλὲς

2146 2182 2400 2253 pessimis
2453 2184 2697 2249 annalis,
2764 2184 2992 2241 haberet
3044 2188 3340 2258 perduellis
3377 2190 3443 2244 ad
3504 2207 3724 2247 manum

2146 2291 2378 2346 quorum
2413 2276 2635 2332 lacertis
2686 2293 2750 2332 ac
2800 2280 3158 2337 mucronibus
3202 2283 3509 2351 Augustum
3546 2299 3723 2355 eppn-

2146 2376 2365 2439 gnaret,
2397 2372 2667 2441 Augusto,
2702 2372 2793 2441 qui
2823 2374 3002 2442 ipsum
3034 2372 3408 2441 defenderent,
3444 2378 3721 2434 deessent.

2147 2460 2275 2517 lmle
2302 2461 2439 2516 adeo
2471 2477 2627 2517 suam
2670 2463 2830 2525 hanc.
2882 2480 3047 2533 quam
3118 2467 3454 2523 intentarent
3511 2471 3721 2533 rebelli,

2148 2554 2294 2608 haud
2320 2568 2443 2608 esse
2482 2553 2739 2622 injustam
2773 2558 2905 2612 vim.
2940 2556 3036 2613 Pia
3070 2570 3372 2631 sanctaque
3402 2561 3456 2617 in
3509 2562 3723 2619 hostem

2145 2647 2334 2714 patriae
2369 2660 2489 2701 sese
2514 2660 2665 2699 arma
2704 2646 2989 2715 induisse;
3022 2665 3121 2705 nec
3144 2649 3253 2719 jam
3285 2654 3521 2721 privatas
3551 2654 3723 2710 ultum

2147 2737 2633 2804 irecontumelias,
2670 2756 2810 2810 quas
2836 2743 2948 2797 sint
3004 2743 3071 2797 ab
3127 2744 3243 2811 ipso
3295 2746 3562 2816 perpessi,
3626 2747 3725 2802 sed

2146 2838 2439 2903 tyrannum
2475 2836 2864 2888 exsecrabilem
2888 2835 3039 2905 justo
3069 2835 3212 2890 bello
3256 2838 3535 2909 persequi.
3568 2839 3727 2893 Talia

2147 2926 2440 2982 seditiosos
2479 2928 2855 2984 Vociferantes
2886 2929 3217 2998 despectans
3243 2946 3274 2986 e
3314 2926 3547 2987 summis
3579 2934 3725 2987 muri

2149 3018 2334 3085 pinnis
2364 3017 2754 3086 Tarcltaniola,
2790 3037 2905 3077 sua:
2950 3023 3338 3079 defensionem
3398 3026 3728 3081 innocentiae

2148 3126 2271 3165 cum
2307 3114 2551 3179 ipsorum
2604 3114 2960 3192 accusatione
3000 3115 3310 3173 insolentiae
3371 3119 3724 3187 conjunctam

474 3208 563 3260 nis
620 3205 898 3262 immistus
921 3207 1121 3263 infesto
1155 3224 1279 3263 cum
1334 3209 1441 3265 illis
1476 3210 1680 3279 impetu
1713 3212 1777 3265 ad
1807 3210 2043 3269 Tarelna~

2151 3219 2215 3259 ex
2249 3214 2364 3259 toto
2393 3204 2636 3285 disertus
2677 3207 2989 3278 perorabat,
3034 3208 3197 3263 etiam
3248 3209 3394 3266 ultro
3450 3208 3728 3267 Philadel-

474 3296 706 3365 niotam,’
736 3301 812 3355 uti
855 3301 998 3356 haud
1033 3301 1195 3358 dubie
1230 3302 1579 3359 rebellionem
1618 3309 2043 3375 utucltiuantem,

474 3394 840 3448 coercendum
895 3406 1006 3450 aut.
1052 3398 1622 3468 comprehendendum
1676 3401 1851 3458 vadit.
1917 3400 2047 3457 Erat

476 3498 609 3541 tunc
643 3488 688 3543 is
719 3488 773 3543 in
808 3490 942 3543 turri
970 3490 1226 3560 quadam,
1279 3492 1371 3545 ubi
1405 3492 1473 3548 de
1523 3493 1761 3549 coitione
1814 3510 2045 3565 prsimo-

475 3585 625 3638 nitus
654 3592 707 3638 et
734 3582 998 3652 imparem
1034 3600 1112 3649 se,
1150 3586 1269 3640 loco
1298 3586 1414 3649 tali,
1485 3596 1651 3641 tanta:
1710 3588 2047 3644 sustinenda:

474 3678 822 3745 intpressioni
854 3687 1031 3743 ratus,
1065 3678 1217 3733 illinc
1261 3694 1320 3735 se
1349 3681 1662 3748 proripiens
1717 3682 1771 3735 in
1811 3682 2045 3737 vicinum

473 3772 699 3827 ntnximi
772 3774 1030 3843 martyris
1105 3774 1323 3845 Georgii
1395 3776 1789 3830 monasterium
1847 3776 2046 3847 fugit,

474 3866 704 3936 ejusque
734 3864 943 3921 foribus
974 3867 1216 3922 occlusis
1244 3867 1354 3923 vim
1394 3882 1581 3923 eorum
1616 3867 1759 3924 fama
1794 3885 2047 3939 pr;ennu-

474 3956 662 4011 tiaram
697 3961 1003 4028 opperitur.
1033 3956 1233 4013 Fuerat
1270 3959 1379 4014 illic
1405 3958 1724 4015 olimJovis
1757 3965 2048 4033 templum,

474 4049 783 4105 christiano
854 4048 1051 4106 deinde
1107 4051 1211 4106 ritu
1265 4052 1538 4122 expiatum
1588 4064 1646 4108 et
1693 4053 1747 4108 in
1786 4055 2047 4110 honorem

475 4144 651 4198 sancti
701 4142 961 4215 martyris
1006 4142 1222 4216 Georgii
1254 4144 1591 4201 dedicatum.
1629 4146 1707 4203 Eo
1740 4148 2047 4219 ingressum

475 4232 661 4305 ibique
683 4234 935 4291 obductis
968 4251 1156 4293 secure
1191 4237 1399 4294 foribus
1427 4248 1603 4293 tutum
1638 4240 1886 4296 seditiosi
1918 4242 2052 4297 Tar-

481 4327 797 4384 chaniotam
834 4330 1119 4385 audientes
1150 4332 1321 4385 nibilo
1348 4332 1529 4388 secius
1558 4332 1698 4387 facta
1738 4349 1900 4389 manu
1930 4351 2053 4390 mo-

476 4422 722 4477 nasterio
748 4436 807 4477 se
840 4421 1151 4487 admovent,
1169 4434 1221 4477 et
1248 4430 1421 4489 extra,
1449 4431 1507 4477 ut
1529 4432 1705 4489 erant,
1730 4424 1942 4492 magnis
1963 4439 2059 4480 vo-

473 4513 630 4568 cibus
652 4513 832 4569 ﬁctam
859 4515 1007 4569 illam
1040 4516 1284 4588 cogitatae
1307 4515 1699 4585 perduellionis
1721 4516 2050 4571 calumniam

473 4597 768 4676 oggerunt,
803 4606 937 4660 falso
959 4607 1107 4661 illum
1134 4607 1375 4677 jactasse
1402 4606 1763 4663 vociferantes
1799 4622 1878 4672 se,
1920 4608 2048 4664 dum

479 4698 633 4769 ipsos
656 4699 938 4770 spoliaret,
975 4700 1203 4769 Augusti
1268 4700 1539 4755 mandatis
1572 4701 1824 4773 obsequi.
1863 4702 2050 4774 Longe

478 4791 683 4863 quippe
711 4779 849 4847 ultra
878 4793 1210 4848 voluntatem
1260 4808 1323 4849 ac
1356 4794 1778 4851 destinationem
1818 4810 2051 4851 omnem

480 4885 895 4941 clementissimi
931 4886 1190 4955 principis
1216 4887 1374 4941 istam
1406 4887 1524 4955 ejus
1554 4886 1829 4958 perfidiosi
1853 4902 1917 4942 ac
1956 4904 2051 4943 ra-

480 4980 759 5051 pacissimi
827 4980 1060 5035 ministri
1114 4979 1407 5035 violentam
1440 4980 1494 5035 in
1526 4980 1683 5051 261
1729 4996 1789 5038 se
1832 4997 2055 5052 grassa-

483 5074 1081 5143 tione‘mprocessisse.
1116 5072 1225 5128 Nec
1269 5071 1494 5128 dubium
1523 5074 1713 5141 [videri
1758 5073 1890 5144 quin
1951 5074 2054 5129 ltoc

480 5162 600 5233 ipse
626 5162 679 5218 id
712 5163 922 5234 agendo
956 5173 1275 5233 spectasset,
1308 5173 1367 5219 ut
1395 5178 1452 5219 se
1477 5178 1508 5219 a
1536 5162 1731 5218 militia
1764 5178 1859 5233 per
1891 5163 2050 5221 istam

482 5256 882 5311 intolerabilem
910 5256 1258 5326 spoliationis
1293 5256 1548 5322 iniuriam
1581 5256 1845 5326 depulsis,
1872 5256 2053 5326 praeda

484 5349 617 5418 ipsis
649 5357 860 5403 extorta
889 5350 1181 5405 Seditiosos
1215 5360 1551 5415 auctoraret,
1584 5364 1817 5419 quorum
1848 5349 1947 5405 sibi
1973 5350 2052 5403 sic

481 5442 552 5494 ob
579 5441 845 5495 noxiorum
879 5440 981 5495 ﬁda
1027 5456 1192 5510 opera
1248 5450 1496 5496 uteretur
1542 5442 1610 5496 ad
1672 5441 2051 5504 rebellionem,

481 5553 644 5606 quam
679 5536 987 5600 moliretur,
1016 5535 1071 5590 in
1105 5539 1486 5606 imperatorem
1513 5536 1941 5607 exsequendum.
1976 5537 2054 5591 Ad

483 5630 591 5685 hoc
615 5631 771 5700 plane
803 5629 1130 5698 pertinuisse
1163 5629 1308 5682 illam
1363 5629 1624 5684 allectata:
1672 5630 2054 5698 popularitatis

484 5723 749 5789 speciem,
787 5722 907 5775 illus
939 5735 1005 5775 ex
1037 5719 1215 5786 alieno
1249 5720 1588 5786 largitiones,
1650 5720 1772 5775 illas
1833 5718 2055 5773 eﬂ‘usio-

484 5828 585 5867 tres
620 5813 670 5866 in
706 5813 1029 5868 vilissimum
1064 5828 1334 5882 quemque
1394 5816 1638 5881 pecunia:
1670 5814 1888 5882 injuriis
1921 5830 2056 5867 con-

480 5901 642 5967 flata.
700 5906 905 5972 rapinis
931 5911 1197 5968 extortae,
1240 5918 1297 5957 ut
1357 5902 1673 5960 melioribus
1737 5901 2055 5971 debilitatis,

2151 3298 2430 3363 pitiensem
2474 3299 2788 3370 increpans,
2826 3300 2970 3371 quod
3002 3316 3126 3357 eum
3182 3298 3292 3357 non
3352 3304 3580 3373 puderet
3631 3319 3728 3361 sa-

2150 3401 2440 3447 crosancta
2470 3392 2748 3463 «insignem
2781 3392 3051 3465 dignitate
3078 3396 3445 3466 sanguinariis
3472 3412 3530 3453 se
3554 3398 3728 3465 latro-

2150 3485 2315 3539 nibus
2344 3484 2538 3542 ducem
2571 3487 2637 3542 ad
2663 3489 2845 3544 scelus
2879 3484 3019 3544 ferre
3047 3504 3062 3544 :
3097 3509 3118 3542 ι
3154 3488 3421 3565 Omittite,
3450 3492 3585 3548 heus
3605 3508 3721 3558 vos,

2151 3579 2450 3650 inquiebat,
2482 3582 2527 3636 si
2555 3582 2679 3653 quis
2724 3582 2899 3652 pudor
2933 3592 3041 3645 est,
3096 3585 3417 3642 mendacem
3468 3587 3725 3655 jactatio-

2153 3685 2276 3725 nem
2307 3682 2501 3728 vestra:
2528 3674 2582 3729 in
2614 3675 2919 3745 Augustum
2948 3676 3092 3740 ﬁdei,
3128 3681 3219 3747 qui
3248 3694 3357 3733 non
3384 3680 3567 3735 studio
3598 3694 3731 3752 erga

2152 3763 2453 3833 principem
2504 3767 2743 3829 sincero,
2770 3768 2862 3821 sed
2916 3768 3043 3823 odio
3092 3772 3354 3826 adversus
3406 3770 3729 3827 ﬁdissimum

2154 3855 2258 3925 ipsi
2287 3857 2623 3920 ministrutn,
2656 3859 2849 3915 ducem
2880 3864 3145 3927 vestrum,
3204 3878 3349 3917 saevo
3404 3864 3734 3933 nefarioque

2151 3948 2529 4003 concitantini.
2576 3950 2917 4009 llebellionis
2965 3968 3129 4025 quam
3182 3954 3381 4023 ﬁngitis
3414 3973 3479 4011 ne
3536 3958 3731 4013 umbra

2153 4044 2370 4113 quidem
2410 4053 2503 4098 aut
2528 4046 2705 4115 prima
2729 4046 2991 4118 cegitatio
3015 4046 3406 4104 conscientiam
3432 4048 3735 4106 maculavit

2153 4152 2354 4193 meam.
2416 4136 2601 4193 Fidem
2654 4140 2966 4211 imperatori
3018 4153 3178 4196 servo
3245 4141 3512 4213 integram
3578 4159 3737 4202 nunc

2156 4231 2428 4295 maxime;
2461 4231 2515 4285 in
2543 4230 2700 4302 cujus
2744 4233 3068 4305 obsequium
3127 4234 3325 4291 affectu
3374 4237 3736 4295 devotissimo

2156 4318 2358 4373 nemini
2408 4320 2667 4374 concedo.
2706 4319 2782 4378 Te
2822 4339 2974 4390 vero,
3017 4342 3034 4375 ι
3074 4322 3429 4396 Tlteolcptum
3486 4327 3733 4397 intuens,

2162 4430 2181 4463 ι
2217 4427 2495 4482 nunquam
2530 4414 2795 4485 episcopi,
2825 4416 2969 4484 quod
3004 4415 3146 4473 falso
3188 4420 3353 4491 geris,
3387 4421 3737 4490 compellabo

2159 4504 2399 4571 nomine,
2446 4516 2538 4561 aut
2578 4507 2761 4563 debita
2796 4509 2887 4564 isti
2931 4510 3121 4580 gradui
3150 4513 3506 4591 veneratione
3539 4529 3738 4583 prose-

2160 4600 2453 4669 quar.lsta
2501 4602 2704 4657 dudum
2762 4607 3093 4661 commercia
3153 4606 3296 4662 inter
3358 4623 3462 4666 nos
3512 4608 3741 4681 abrupit

2158 4698 2317 4746 vetus
2348 4692 2414 4747 de
2442 4692 2704 4762 religione
2756 4693 3067 4749 discidium.
3110 4694 3323 4750 Dudum
3351 4708 3438 4751 est
3495 4712 3617 4753 cum
3671 4708 3732 4755 tu

2154 4802 2242 4841 me
2272 4788 2705 4855 scltismaticum,
2756 4804 2857 4859 ego
2905 4792 2956 4844 te
3000 4790 3289 4861 profanum
3339 4807 3560 4850 censeo.
3604 4793 3738 4851 Haec

2157 4885 2262 4934 tua!
2285 4895 2313 4933 a
2348 4891 2453 4945 me,
2479 4896 2645 4949 quam
2682 4882 2813 4936 nihil
2842 4898 3046 4947 moror,
3074 4884 3381 4941 eversionis
3416 4901 3543 4942 vera
3566 4903 3734 4943 causa

2154 4981 2257 5027 est.
2303 4988 2401 5029 nec
2431 4974 2530 5029 ista
2577 4974 2762 5043 ignota
2817 4977 3073 5046 principi,
3105 4976 3262 5045 cujus
3294 4985 3347 5033 te
3378 4978 3498 5034 zelo
3549 4979 3736 5051 digni-

2158 5067 2287 5121 tatis
2316 5078 2373 5121 et
2406 5068 2699 5123 formidine
2729 5069 2957 5137 periculi
2995 5070 3202 5124 moveri
3247 5071 3518 5129 mentiris.
3574 5070 3735 5129 Tolle

2157 5158 2401 5227 fraudes,
2432 5176 2625 5215 amove
2658 5160 3043 5217 confictionem
3110 5163 3393 5218 vanissimi
3444 5164 3732 5221 criminis:

2158 5254 2329 5309 fatere
2366 5262 2418 5310 te
2450 5253 2640 5310 contra
2672 5255 2908 5311 ofﬁcium
2946 5256 3337 5313 ecclesiasticae
3361 5253 3625 5322 lenitatis,
3658 5258 3737 5314 si-

2159 5348 2380 5401 rientem
2413 5348 2516 5401 mei
2546 5349 2853 5417 sanguinis,
2885 5347 2953 5402 ab
2985 5347 3336 5416 iniquissima
3397 5348 3734 5418 minimeque

2158 5439 2440 5494 verisimili
2498 5440 2812 5505 suspicione
2868 5448 2974 5494 tute
3011 5440 3236 5496 immani
3285 5443 3595 5499 crudelitati
3633 5442 3738 5500 ob-

2161 5541 2371 5586 tentum
2409 5547 2678 5600 qnazrcre,
2738 5532 2956 5586 interim
3007 5531 3161 5599 dum,
3221 5535 3366 5603 quod
3424 5540 3742 5592 monstrum-

2160 5624 2215 5678 in
2242 5625 2527 5679 sacerdote
2575 5624 2666 5689 sit,
2728 5625 2973 5679 ementis
3034 5634 3085 5679 te
3126 5624 3341 5680 sicariis
3391 5614 3734 5695 immisceus,

2158 5730 2421 5789 quantum
2469 5728 2621 5789 potes
2652 5757 2665 5783 ,
2723 5718 3035 5787 cooperaris
3092 5718 3160 5776 ad
3210 5718 3413 5775 caedem
3470 5720 3735 5787 hominis.

2158 5824 2308 5879 purae
2336 5812 2480 5867 omni
2514 5812 2634 5867 labe
2651 5812 2813 5890 262
2836 5811 3184 5867 conscientia:
3211 5813 3387 5870 veraci
3417 5813 3737 5881 testimonio

2161 5903 2625 5961 innocentissimi.
2668 5922 2684 5956 ι
2718 5901 2871 5958 Talia
2902 5903 3144 5971 locutus,
3181 5892 3476 5963 utinfeszis
3522 5892 3734 5963 ntacbi~
