4068 6232
516 239 619 304 303

1720 233 2049 295 'GEORGH
2094 232 2581 295 ΡᾹΟΗΥΜΕΒιΕ

3670 225 3784 294 304

514 356 753 428 πρέπειν
816 353 967 422 ἔλεγε
1015 352 1127 416 τοῖς
1186 350 1440 425 μεγέθεσι
1498 348 1732 421 στοργὴν
1798 350 1937 421 πρὸς
2001 351 2096 411 τὰς
2124 348 2171 407 Α
2200 349 2378 423 κράλῃ
2421 350 2834 421 παρακεκινητο
2882 348 3103 423 φίλτρα,
3145 346 3241 403 καὶ
3274 344 3410 418 ὅλως
3450 338 3519 416 ἦν
3574 345 3787 403 ἐκεῖνος

518 447 867 509 συνοικούσας
903 445 1303 517 ἀμετακίνητον
1354 444 1441 518 [Ρ.
1476 444 1601 517 186]
1641 444 1843 515 μᾶλλον
1878 445 1911 515 ἢ
1944 445 2103 498 εὐκο-

514 541 638 596 λίαν
668 540 803 610 πρὸς
829 539 1209 611 ἀλλοτρίωσιν.
1261 539 1451 609 Ὅμως
1475 538 1518 591 δ’
1542 539 1664 592 ἐπεὶ
1715 540 1775 592 οὐ
1827 530 2003 607 μέλον
2034 534 2104 607 ἦν

514 634 688 705 ταύτῃ
737 632 830 685 τοῦ
860 632 1335 700 συναλλάγματος,
1365 634 1426 687 τὸ
1459 634 1598 703 πρὸς
1643 631 1743 695 τὰς
1771 630 1863 686 ἐπ’
1892 630 2104 696 ἀδόξοις

519 726 851 793 ἀναμνήσεις
889 724 1218 786 ἀταμίευτον
1249 721 1397 793 ἔχειν
1428 722 1532 791 τὴν
1565 720 1880 793 παρρησίαν
1910 738 2102 792 περισ-

524 818 617 871 σὸν
656 816 859 886 ἔκρινε,
888 818 982 867 καὶ
1012 818 1191 883 ἐσίγα.

520 927 622 984 λα’.
654 929 793 996 Περὶ
824 928 930 982 τοῦ
961 930 1112 994 πρὸς
1140 926 1374 995 κράλην
1412 928 1655 997 Σερὸίας
1690 920 1785 980 ἐπὶ
1824 925 1898 995 τῇ
1930 929 2106 996 θυγα-

890 1000 981 1067 τρὶ
1013 999 1239 1067 κήδους
1270 998 1376 1052 τοῦ
1400 998 1733 1065 βασιλέως.

607 1093 907 1160 Ἀπογνοὺς
955 1092 998 1144 δ’
1046 1092 1256 1144 ἐκεῖθεν
1308 1092 1335 1144 ὁ
1388 1090 1645 1161 βασιλεὺς
1691 1091 1793 1161 τῆς
1846 1091 1983 1159 μετὰ
2036 1094 2101 1160 τῇ

519 1184 724 1255 ἀδελφῇ
774 1185 994 1255 πείρας,
1054 1184 1143 1235 τὸν
1178 1183 1388 1254 κράλην
1436 1183 1670 1252 Σερὸίας
1713 1181 2032 1253 ἀδοξότερον
2067 1182 2101 1252 ἢ

522 1282 659 1351 πρὸς
700 1280 1015 1349 οἰκειότητα
1046 1278 1144 1348 τὴν
1176 1277 1234 1343 ἐξ
1268 1278 1404 1341 ἰδίας
1450 1278 1715 1349 θυγατρὸς
1746 1278 1952 1347 ἔκρινε,
1990 1278 2106 1349 μείο

522 1374 651 1436 ζονα
679 1372 723 1425 δ’
760 1370 917 1435 αὖθις
950 1372 981 1442 ἢ
1019 1371 1507 1441 καταφρονεῖσθαι.
1565 1370 1661 1423 Διά
1694 1370 1849 1422 τοῦτο
1882 1374 1974 1423 καὶ
2016 1371 2107 1424 τὸν

524 1469 719 1537 καιρὸν
771 1468 848 1537 τῷ
892 1468 1196 1519 ἐλλείποντι
1242 1465 1556 1537 προστιθεὶς
1604 1463 1903 1535 ἀξιώτερον
1935 1465 2107 1519 ἐποίει

525 1560 662 1630 πρὸς
718 1560 814 1629 τὴν
884 1559 977 1613 ἐπὶ
1038 1559 1274 1630 θυγατρὶ
1330 1558 1615 1625 συζυγίαν.
1666 1554 1776 1611 Ἤν
1832 1557 1923 1612 οὖν
1964 1558 2106 1611 πάνυ

523 1654 740 1706 ἀστεῖον
766 1651 927 1705 τοῦτο
954 1652 1015 1704 τὸ
1049 1651 1367 1721 θυγάτριον,
1394 1650 1549 1703 οὔπω
1581 1650 1671 1703 τὸν
1700 1649 1858 1703 ἕκτον
1893 1647 2106 1720 παραλ-

522 1744 715 1796 λάττον
746 1744 1015 1808 ἐνιαυτὸν,
1058 1741 1341 1811 ἀγαπητὸν
1370 1743 1471 1810 μὲν
1509 1741 1712 1807 ἑαυτῷ,
1747 1740 2034 1810 ἀγαπητὸν
2062 1739 2108 1792 δ’

524 1839 769 1899 ἐκτόπως
810 1836 903 1889 καὶ
933 1838 999 1907 τῇ
1034 1835 1225 1905 μητρί.
1267 1835 1392 1887 Ἐπὶ
1433 1833 1609 1905 τούτῳ
1639 1835 1698 1886 τὸ
1738 1833 1903 1903 κῆδος
1940 1832 2110 1904 ὴὸού-

524 1930 648 1980 λετο
675 1928 957 1997 ουνεστᾷν,
987 1927 1046 1978 οὐ
1081 1924 1221 1978 κατὰ
1248 1924 1440 1997 χρείαν
1475 1924 1685 1993 μᾶλλον
1724 1924 1756 1995 ἦ
1793 1923 1914 1977 κατ’
1941 1922 2110 1990 ἀνάγ.

524 2038 647 2089 κῖςν.
695 2019 834 2087 Ἤδη
898 2019 993 2087 μὲν
1046 2012 1139 2071 οὖν
1194 2017 1260 2069 τὰ
1316 2014 1452 2087 πρὸς
1500 2016 1597 2087 τὴν
1643 2014 1996 2070 συνοικοῦσαν
2036 2014 2112 2086 τῷ

528 2216 748 2267 rentur,
801 2211 1119 2273 compertus
1163 2217 1291 2257 rcus
1332 2201 1549 2257 violatce
1597 2201 1901 2272 conjugalis
1932 2201 2053 2257 ﬁdei
2092 2222 2107 2256 :

524 2315 651 2353 cum
706 2307 889 2352 tamen
945 2297 1113 2364 iiiagis
1152 2297 1318 2351 etiam
1360 2310 1587 2366 magnas
1628 2310 1892 2366 personas
1947 2312 2107 2366 quam

525 2392 707 2461 capita
754 2388 1003 2459 vulgaria
1055 2388 1253 2444 decere
1296 2388 1593 2444 videretur
1643 2387 2004 2443 immutabilis
2053 2388 2110 2443 in

523 2496 764 2540 uxorum
800 2497 985 2537 amore
1035 2481 1371 2538 constantia.
1418 2480 1744 2552 Quanquam
1781 2482 2123 2552 exceptione,

526 2576 793 2650 peculiari
829 2577 1162 2631 submovere
1192 2589 1351 2644 quem
1391 2573 1658 2632 oﬁ‘crreut
1689 2589 1978 2645 sponsum.
2012 2590 2111 2631 su-

524 2686 931 2744 pervacaneum
988 2684 1114 2726 esse
1148 2668 1251 2725 sibi
1290 2669 1529 2739 quidem,
1564 2668 1886 2741 qumsemel
1935 2683 2108 2739 spon-

528 2783 642 2831 sos,
714 2763 1135 2836 cuiusquemodi
1215 2762 1415 2829 forent,
1484 2778 1676 2820 omnes
1759 2759 2112 2818 irrevocabili

526 2861 811 2934 proposito
842 2860 1085 2915 colendae
1110 2873 1288 2929 usque
1326 2859 1395 2912 ad
1431 2857 1686 2913 ultimum
1736 2856 1993 2927 spiritum
2030 2854 2115 2911 vi-

526 2950 756 3010 duitatis
789 2953 1124 3009 abdicasset.

528 3075 616 3132 5|.
657 3073 723 3130 Ut
758 3076 1041 3141 imperator
1074 3070 1210 3125 crali
1244 3069 1445 3128 Serbiw
1471 3071 1744 3141 propriam
1807 3070 1979 3138 ﬁliam
2025 3069 2113 3123 de-

1185 3142 1453 3213 sponderit
1465 3180 1479 3197 .

604 3238 680 3292 Ea
718 3236 928 3295 sororis
957 3236 1143 3291 audita
1173 3234 1430 3291 oratione
1458 3233 1765 3305 imperator
1808 3234 1969 3303 plane
1994 3232 2107 3305 jam

533 3331 861 3402 desperans,
897 3344 1059 3398 quam
1096 3342 1204 3380 non
1243 3326 1436 3380 utilem
1472 3324 1674 3391 solum,
1698 3324 1792 3381 sed
1842 3333 1896 3379 et
1925 3340 2120 3381 neces-

535 3425 741 3479 sariam
778 3422 945 3478 rebus
985 3422 1101 3476 suis
1131 3419 1388 3484 ducebat,
1427 3434 1553 3473 cum
1587 3418 1757 3473 Serbo
1798 3418 2117 3474 afﬁnitatem

535 3534 629 3587 ριιι-
676 3515 976 3571 Eudociam
1032 3528 1196 3584 posse
1238 3511 1559 3576 succedere,
1600 3512 1861 3582 cogitavit
1902 3512 1968 3567 de
2027 3511 2119 3568 illa

535 3608 875 3664 conﬁcienda
937 3622 1031 3677 per
1084 3604 1351 3671 ﬁliolam,
1402 3620 1567 3676 quam
1622 3604 1856 3659 habebat
1915 3605 2119 3675 oppido

538 3702 822 3768 festivam,
863 3698 1107 3755 nondum
1142 3697 1372 3756 sexenni
1423 3695 1713 3767 majorem.
1773 3695 1876 3753 sibi
1914 3696 2127 3766 pariter

538 3807 592 3850 et
630 3794 792 3849 matri
853 3793 1017 3865 longe
1071 3790 1480 3848 charissimam.
1512 3791 1591 3844 Ac
1626 3788 1845 3844 videbat
1878 3788 1970 3844 ille
2000 3789 2127 3859 qui-

538 3887 661 3942 dem
702 3884 847 3940 haud
874 3900 997 3940 esse
1024 3885 1169 3939 hunc
1198 3882 1515 3955 dynastam,
1546 3882 1725 3951 gentis
1749 3894 1855 3935 non
1887 3881 2127 3937 maxime

538 3978 874 4049 conspicuae,
908 3976 1194 4046 dignitatis
1221 3974 1450 4031 omnino
1490 3973 1785 4043 adaequatas
1834 3972 1901 4027 ad
1950 3973 2126 4029 bono-

539 4088 658 4127 rem
716 4069 1036 4142 nuptiarum
1098 4084 1222 4124 cum
1284 4068 1392 4123 ﬁlia
1449 4068 1691 4139 legitima
1768 4068 2124 4139 imperatoris

539 4162 799 4233 Romani,
852 4161 1155 4237 praesertim
1194 4160 1357 4216 unica
1405 4178 1419 4216 :
1459 4168 1640 4215 tamen
1675 4159 1820 4231 quod
1858 4159 1908 4215 ei
1942 4159 2129 4214 deerat

546 4256 615 4312 ad
663 4258 766 4311 hoc
806 4253 987 4310 meriti
1038 4272 1068 4309 e
1110 4250 1334 4324 proprio
1388 4251 1708 4323 splendore,
1762 4249 2127 4322 supplendum

542 4365 605 4405 ac
639 4346 1117 4420 compensandum
1153 4346 1481 4401 existimans
1538 4360 1636 4415 spe
1692 4344 1826 4399 inde
1882 4343 2130 4399 secuturi

2204 444 2303 511 τῆς
2348 444 2441 495 ἐπὶ
2472 442 2687 512 βασιλεῖ
2736 443 3010 506 πίστεως·
3043 441 3104 496 τδ
3148 434 3198 495 δ’
3223 441 3317 494 ἐπὶ
3365 438 3575 507 ταύτην
3606 437 3786 491 εῑλκυο

2206 536 2406 606 σμένον
2434 535 2831 607 παλινδρομεῖν
2871 536 2929 603 ἐξ
2978 534 3302 597 ἀσυνθεσίας
3360 530 3534 586 δεινὸν
3583 526 3651 602 ἦν
3692 532 3791 584 καὶ

2210 630 2371 700 μόνον
2398 630 2871 702 κατανοοῦμενον·
2926 628 3225 683 ἐκλύεσθαι
3279 627 3388 699 γὰρ
3452 626 3670 694 ἀνάγκη
3728 623 3794 677 τδ

2206 725 2489 794 πρόθυμον
2517 724 2847 797 ἀποτυχόντι
2880 724 2992 777 τῶν
3022 722 3306 791 ὲλπισμῶν
3339 721 3433 779 καὶ
3462 717 3793 774 τούντεῦθεν

2206 818 2515 890 ὲχθραίνειν
2548 819 2751 887 μᾶλλον
2794 818 3202 883 ὐποκνισθέντι,
3234 814 3492 885 καὶπρὸς
3518 813 3585 868 τὰ
3617 812 3798 886 μείζω

2210 909 2285 979 μὴ
2321 908 2694 979 εὖοδούμενον.
2734 909 2923 963 Ταῦτα
2956 912 3057 981 τὴν
3086 908 3359 976 βασιλέως
3394 906 3615 962 ἔπειθον
3645 902 3797 972 γνώο

2212 1020 2318 1072 μην
2376 1002 2470 1055 καὶ
2502 1003 2657 1075 παρὰ
2709 1003 2775 1056 τὸ
2804 1001 2949 1066 εἰκὸς
2988 1000 3053 1073 [Ρ
3093 1000 3219 1074 187]
3272 996 3790 1071 πραγματεύεσθαι.

2210 1096 2317 1147 Καὶ
2352 1094 2414 1165 δὴ
2444 1094 2564 1148 ὅλον
2610 1094 2911 1151 οἰκειοῦται
2941 1094 3031 1149 ὁιά
3082 1094 3387 1165 πρεσϐείας
3421 1092 3515 1145 τὸν
3548 1090 3796 1159 νκράλην,

2213 1186 2456 1255 μαθόντα
2492 1187 2591 1257 τὴν
2620 1187 2714 1241 ἐπὶ
2752 1187 2984 1257 θυγατρὶ
3016 1188 3138 1243 ἀντὶ
3166 1190 3265 1257 τῆς
3307 1185 3547 1256 ἀδελφῆς
3573 1183 3669 1237 τοῦ
3700 1184 3800 1254 βα-

2213 1279 2407 1341 σιλέως
2441 1279 2767 1348 συγγένειαν
2790 1295 2805 1312 ν
2840 1280 2936 1332 καὶ
2965 1279 3124 1350 ὅρκοι
3150 1280 3210 1332 τὸ
3235 1277 3424 1331 λοιπὸν
3460 1274 3802 1346 προῦὅαινον

2209 1373 2302 1425 ἐπὶ
2336 1371 2549 1436 τούτοις
2589 1373 2690 1427 καὶ
2725 1370 3030 1437 συνθεσίαι,
3079 1374 3173 1427 καὶ
3209 1375 3242 1445 ἡ
3278 1372 3611 1435 δεσπόσυνος
3659 1370 3801 1443 κράο

2210 1466 2369 1519 λαινα
2394 1465 2750 1537 ὲπικέκλητο.
2783 1466 2962 1521 Μόνον
2990 1467 3035 1521 δ’
3062 1461 3130 1538 ἦν
3156 1468 3405 1539 ἀπαντᾷν
3427 1465 3614 1520 λοιπὸν
3650 1464 3798 1519 κατά

2209 1558 2306 1626 τὴν
2334 1556 2625 1609 Θεσσαλῶν
2665 1557 3001 1628 μητρόπολιν
3034 1557 3280 1628 βασιλέα,
3303 1557 3379 1622 ὼς
3403 1556 3815 1632 διαπρεσϐευο-⁶

2218 1652 2399 1718 μένοις
2434 1648 2735 1715 συνέκειτο,
2769 1652 2864 1705 καὶ
2893 1649 2954 1702 οὖ
2968 1668 3069 1715 τως
3092 1650 3272 1704 ἐλθεῖν
3303 1649 3537 1720 κράλην,
3571 1649 3669 1704 καὶ
3697 1648 3801 1719 τὴν

2213 1741 2307 1795 τοῦ
2334 1741 2581 1814 Τερτερῆ
2622 1742 2722 1812 μὲν
2772 1744 3132 1798 ἀποστέλλειν
3165 1744 3242 1816 τῷ
3273 1742 3506 1813 βασιλεῖ,
3550 1729 3816 1815 προδιδόυ⁷

2215 1850 2305 1887 ναι
2345 1834 2400 1887 δὲ
2433 1834 2528 1887 καὶ
2562 1834 2655 1889 τὸν
2705 1834 3069 1907 Κοτανίτζην,
3121 1835 3424 1907 λαμῦάνειν
3458 1835 3525 1904 δὲ,
3567 1835 3668 1907 τὴν
3699 1834 3800 1889 τοῦ

2216 1926 2480 1996 βασιλέως
2512 1929 2764 1997 γνησίαν,
2790 1928 2857 1999 ἢν
2878 1928 2943 1999 δὴ
2970 1929 3064 1982 καὶ
3088 1929 3363 1999 Σιμωνίδα
3382 1927 3802 2000 ὲκυριωνύμουν

2225 2018 2510 2090 Ῥωμαῖοι,
2548 2020 2644 2074 καὶ
2698 2018 2874 2085 οὕτως
2906 2022 3059 2093 αὐτῇ,
3080 2021 3457 2090 συνοικοῦντα,
3513 2022 3654 2095 πλὴν
3702 2024 3802 2076 τόν

2216 2204 2423 2274 pacisci
2465 2204 2903 2281 constantissimi
2930 2205 3042 2277 jam
3075 2206 3131 2263 in
3169 2207 3512 2280 designatum
3545 2223 3803 2265 socerum

2213 2302 2519 2369 Augustum
2555 2300 2803 2381 obsequii
2840 2299 3125 2369 dubitans,
3163 2310 3334 2357 totum
3369 2318 3428 2361 se
3482 2301 3717 2358 addebat
3748 2304 3805 2357 iu

2216 2400 2445 2449 conatus
2474 2392 2867 2463 persnadendm
2909 2409 3024 2451 sua
3062 2395 3453 2452 addictissimae
3480 2396 3805 2468 impcmtori

2215 2482 2535 2547 voluntatis,
2570 2483 2902 2543 inviolabilis
2936 2485 2992 2539 in
3029 2484 3134 2541 ﬁde
3156 2472 3575 2557 perseverantiae
3610 2502 3799 2557 quan-

2216 2576 2285 2633 tis
2316 2591 2451 2646 opus
2481 2576 2757 2633 videretur
2792 2579 3112 2649 pignoribus
3142 2578 3445 2635 ﬁrmandae.
3494 2580 3662 2652 276
3693 2576 3805 2634 Ta-

2216 2669 2294 2725 les
2316 2685 2346 2725 a
2369 2670 2649 2742 principe
2672 2682 2954 2742 suspectae.
2987 2672 3253 2732 hactenus
3297 2672 3534 2728 levitatis
3574 2671 3814 2742 ingemi-

2218 2762 2336 2819 nari
2376 2762 2485 2819 sibi
2539 2763 2985 2821 contestationes'
3024 2763 3415 2821 sincerissime
3451 2771 3506 2819 et
3552 2763 3621 2819 ab
3652 2763 3811 2819 omni

2215 2856 2465 2927 periculo
2497 2856 2879 2914 instabilitalis
2910 2855 3293 2914 remotissimae
3319 2857 3597 2914 ﬁdelitatis
3628 2844 3829 2913 libeno'

2218 2959 2301 3005 ter
2345 2951 2606 3007 audiebat
2658 2951 3004 3022 imperator;
3050 2951 3236 3022 iisque
3292 2959 3356 3008 ut
3404 2952 3700 3019 crederet,
3740 2967 3814 3008 eo

2141 3072 2186 3133 ε
2217 3042 2495 3100 efﬁcacius
2518 3042 2925 3113 adducebatur,
2960 3044 3109 3115 quod
3139 3043 3274 3101 satis
3306 3043 3648 3116 intelligebat
3681 3045 3815 3100 nul-

2221 3136 2328 3192 lam
2387 3136 2668 3192 undelibet
2727 3136 2918 3195 oﬁ'erri
2978 3136 3156 3194 Serbo
3208 3151 3374 3210 posse
3428 3138 3813 3196 conditionem

2222 3236 2453 3297 tantam,
2498 3244 2622 3301 qlia;
2656 3230 3089 3301 praeponderans
3141 3231 3453 3288 commodis
3481 3248 3546 3291 ex
3571 3232 3818 3303 impera-

2219 3320 2365 3377 torio
2396 3322 2749 3377 matrimonio
2801 3323 3041 3393 speratis
3093 3323 3245 3380 illum
3275 3325 3497 3382 eli-ceret
3538 3324 3595 3381 in
3644 3326 3814 3382 ullam

2221 3413 2610 3483 cogitationem
2668 3408 2956 3482 novitatis,
2989 3430 3096 3488 qua
3142 3416 3576 3492 irreparahiliter
3604 3434 3665 3475 se
3691 3434 3817 3475 cor-

2225 3514 2519 3576 rupturum
2576 3513 2686 3561 tam
2723 3507 2935 3578 amplas
2982 3518 3039 3564 et
3088 3520 3268 3567 certas
3299 3525 3425 3581 spes
3456 3511 3680 3569 haberet
3707 3513 3817 3569 evi-

2225 3599 2553 3656 dentissime
2609 3614 2983 3673 perspectum.
3045 3604 3228 3673 Quare
3294 3606 3399 3663 hoc
3486 3613 3823 3680 prepensius

2225 3695 2479 3750 incubuit
2536 3696 2591 3751 in
2633 3694 2805 3762 istud,
2841 3704 3118 3768 utcunque
3170 3700 3288 3757 suis
3333 3717 3445 3759 non
3497 3718 3697 3761 carens
3730 3706 3823 3761 iu-

2228 3788 2553 3857 commodis,
2594 3790 2894 3847 consilium
2942 3793 3067 3850 talis
3122 3795 3325 3866 negotii
3374 3796 3628 3869 urgendi,
3665 3798 3823 3869 quod

2224 3893 2285 3939 et
2322 3881 2449 3938 fecit
2494 3883 3063 3949 honoriﬁcentissima
3088 3887 3274 3944 statim
3300 3888 3635 3946 destinanda
3661 3890 3825 3965 lega-

2229 3976 2378 4031 tione
2427 3974 2501 4031 ad
2550 3975 2773 4040 cralem.
2811 3992 2919 4048 qua
2979 3978 3145 4035 ﬁliam
3201 3978 3479 4038 oﬁ‘erebat'
3527 3982 3583 4039 in
3634 3982 3825 4040 locum

2232 4070 2463 4137 sororis,
2498 4071 2943 4128 commendando
2976 4072 3141 4130 etiam
3174 4090 3271 4146 per
3301 4090 3360 4131 se
3396 4076 3823 4149 incbmparabili

2231 4162 2480 4219 muneris
2514 4162 2719 4235 pretio,
2770 4172 2878 4218 tam
2940 4164 3155 4223 blandis
3206 4167 3496 4240 exquisita:
3526 4168 3828 4227 charitatis

2234 4254 2481 4320 iudiciis,
2536 4265 2596 4312 ut
2646 4255 3047 4315 incredibiliter
3098 4260 3363 4319 delinitus
3419 4262 3491 4320 iis
3546 4263 3828 4321 barbarus

2235 4353 2424 4409 statim
2474 4352 2622 4408 ultro
2671 4353 2944 4423 juraverit
2989 4363 3252 4411 aeternam
3300 4367 3430 4411 cum
3490 4354 3833 4427 imperatore

541 4441 818 4499 commodi
854 4440 1061 4513 publici
1095 4454 1160 4494 ac
1186 4448 1331 4493 metu
1360 4445 1749 4495 secuturorum
1781 4438 1835 4492 in
1869 4448 2127 4507 magnum
2158 4443 2208 4504 Ι)
2236 4449 2584 4504 concordiam
2612 4465 2627 4515 ς
2690 4462 2753 4503 ex
2811 4462 2986 4518 eoque
3020 4449 3135 4521 jam
3193 4459 3442 4522 tempore
3471 4453 3831 4524 sponsalibus

542 4539 935 4593 detrimentum
986 4536 1064 4590 rei
1123 4532 1410 4598 Romanae,
1474 4532 1528 4587 ni
1589 4531 1670 4587 sic
1724 4538 2128 4595 averterentur,

544 4630 791 4703 gravium
823 4628 1115 4690 malorum,
1147 4626 1387 4696 denique
1419 4625 1474 4679 in
1518 4641 1640 4680 eam
1680 4634 1889 4696 partem
1922 4622 2131 4679 inﬂexit

546 4721 868 4793 aliquandiu
928 4719 1186 4775 libratam
1242 4717 1655 4773 deliberationis
1721 4718 1957 4782 lancem,
1994 4733 2133 4790 pra:—

548 4815 733 4870 sertim
792 4829 916 4869 cum
977 4817 1256 4881 reputaret
1308 4808 1581 4865 defectum
1640 4811 1809 4866 istum
1874 4812 1927 4866 in
1987 4811 2134 4866 crale

556 4908 817 4965 Elaritatis
852 4923 913 4962 ex
966 4905 1084 4977 pari
1116 4905 1501 4974 respondentis
1542 4905 1817 4960 nobilitati
1866 4906 2133 4975 Augusta:

554 5001 803 5070 virginis,
844 5001 1155 5055 necessaria
1210 5000 1278 5053 oh
1323 4997 1488 5069 hujus
1522 4998 1875 5053 immaturam
1926 4998 2136 5069 nuptiis

554 5103 765 5149 atatem
828 5090 1159 5148 matrimonii
1197 5090 1458 5145 dilatione
1514 5091 1659 5147 velut
1724 5090 2005 5160 expiatum
2072 5104 2137 5145 ac

560 5186 955 5257 quadamtenus
1013 5191 1303 5255 purgatum
1364 5184 1452 5250 iri,
1497 5182 1627 5237 dum
1670 5182 1892 5253 sperari
1950 5191 2138 5253 posset

556 5283 660 5335 ista
694 5293 845 5333 mora
898 5278 1044 5331 illum
1084 5276 1409 5331 aunisnrum
1468 5275 1861 5331 commendare
1897 5291 2041 5343 sese,
2076 5290 2139 5331 ac

556 5371 855 5443 majoribus
905 5368 1143 5431 meritis,
1186 5368 1414 5439 dignum
1458 5366 1688 5425 reddere
1722 5377 1830 5423 tam
1884 5366 2139 5423 sublimis

552 5464 875 5521 excellentia
932 5460 1214 5517 connubii.
1256 5461 1364 5517 ista
1413 5461 1518 5517 sibi
1573 5461 1853 5533 proposita
1900 5463 2140 5518 secunda

554 5556 893 5628 cogitatione
941 5554 1292 5623 imperatoris
1346 5553 1669 5609 mirabiliter
1711 5552 1918 5607 exarsit
1964 5554 2141 5607 crales

553 5650 608 5705 in
653 5649 991 5717 desiderium
1044 5641 1423 5705 tantillustris
1476 5657 1533 5703 et
1583 5661 1708 5716 spes
1751 5654 1997 5716 votaque:
2043 5660 2141 5699 sua

553 5742 738 5813 priora
762 5740 1077 5800 excedentis
1097 5753 1334 5811 sponsae,
1357 5755 1565 5813 proque
1591 5740 1681 5795 illa
1710 5740 1845 5794 nihil
1871 5740 2139 5795 continuo

2234 4534 2339 4590 rite
2371 4536 2648 4605 utrimque
2676 4535 2974 4607 Stipulatis,
3001 4553 3127 4609 quae
3162 4539 3312 4610 regia
3345 4541 3665 4614 virguncula
3701 4542 3831 4598 fue-

2234 4636 2319 4682 rat
2349 4636 2576 4685 eatenus
2622 4630 2955 4701 desposyna,
3005 4631 3111 4688 hoc
3138 4642 3225 4689 est
3252 4634 3654 4691 dominantium
3690 4635 3829 4705 ﬁlia,

2235 4731 2450 4787 vocata.
2482 4722 2721 4779 craltena
2769 4722 2898 4779 inde
2932 4739 2963 4780 a
3016 4726 3205 4797 sponsi
3237 4729 3508 4785 vocabulo
3543 4730 3831 4789 nominari

2237 4826 2418 4885 coepta
2453 4821 2559 4870 est.
2585 4813 2893 4873 Restabant
2921 4817 3098 4873 solum
3127 4822 3469 4876 exsecutioui
3502 4822 3834 4879 mandanda:

2236 4907 2488 4976 concepti
2526 4906 2811 4979 juratique
2854 4909 3136 4981 utrimque
3184 4926 3215 4965 a
3250 4911 3445 4985 legatis
3482 4916 3832 4986 imperatoris

2238 5009 2292 5054 et
2321 4999 2487 5055 cratis
2534 5001 2885 5057 conditiones
2938 5002 3184 5060 hederis.
3224 5006 3329 5062 Per
3376 5008 3473 5064 has
3521 5018 3641 5065 erat
3698 5026 3834 5082 pro-

2241 5093 2472 5149 missum
2507 5094 2713 5149 iturum
2748 5096 2805 5149 in
2843 5096 3237 5154 Thessalorum
3271 5102 3619 5173 metropolim
3646 5102 3835 5177 impe-

2244 5191 2510 5247 ratorem,
2564 5199 2742 5254 eoque
2793 5188 3037 5243 moxad
3082 5189 3239 5246 illum
3278 5202 3567 5250 venturum
3592 5196 3833 5263 cratem,

2242 5275 2525 5345 praemissa
2574 5277 2701 5349 ipsi,
2743 5292 2908 5347 quam
2955 5295 3105 5337 nunc
3145 5282 3265 5338 vice
3298 5282 3551 5355 conjugis
3579 5285 3837 5353 haberet,

2247 5367 2353 5421 ﬁlia
2384 5366 2627 5425 Terteris
2660 5387 2674 5436 ;
2710 5356 3021 5427 dedit‘urum
3057 5373 3219 5430 etiam
3263 5371 3443 5433 eidem
3483 5377 3836 5449 Cotauizam,
3878 5358 3881 5363 ι

2246 5475 2455 5530 proque
2510 5462 2618 5517 illis
2666 5463 2912 5518 vicissim
2957 5476 3312 5537 accepturum
3361 5470 3597 5542 Augusti
3641 5471 3836 5541 ﬁliam,

2244 5568 2410 5621 quam
2465 5550 2808 5610 Sunonidem
2860 5559 3083 5629 proprio
3137 5558 3377 5618 Romani
3413 5564 3636 5621 nomine
3671 5581 3838 5623 voca-

2249 5648 2413 5711 bant;
2450 5662 2571 5701 eam
2633 5648 2687 5702 in
2736 5648 2903 5706 domo
2949 5653 3120 5709 cratis
3174 5656 3515 5713 educandam
3557 5675 3737 5731 usque
3768 5662 3836 5718 ad

2249 5740 2488 5796 nubilem
2524 5750 2781 5805 aetatem;
2818 5753 2982 5801 atoue
3031 5748 3207 5819 ipsum
3252 5750 3472 5808 interim
3512 5762 3565 5810 et
3614 5771 3678 5811 cx
3709 5765 3836 5813 tunc
