4068 6232
298 340 387 411 305

1205 352 1301 415 DE
1324 352 1427 415 AN
1435 352 1773 418 DRONICO
1813 352 2283 416 PALIEOLOGO
2314 356 2467 420 LIB.
2510 353 2625 418 ΙΙΙ.

3428 347 3535 412 306

294 472 574 543 συναφείας
628 474 833 549 καιρὸν
856 472 1198 548 ἀναμένοντα
1221 520 1236 543 ,
1288 478 1346 532 ὲν
1391 478 1553 533 παισὶ
1590 476 1852 549 τετάχθαι
1882 478 1927 535 Α
1957 475 2154 546 ριετναι
2182 476 2402 529 κάκεῖνο
2428 472 2833 544 φυλαττόμενον
2858 467 3042 524 ἓνεκα.
3070 469 3133 522 Ὃ
3150 466 3211 539 δὴ
3232 466 3324 521 καὶ
3345 467 3541 538 γέγονε

290 569 376 622 καὶ
407 570 584 639 φίλοις
616 572 869 642 γνησίοις
901 569 979 643 τῷ
1005 571 1236 644 βασιλεῖ.

287 656 380 753 λβζ
410 685 546 753 Περὶ
588 678 707 753 τῆξ
746 670 1079 755 ὀνομασίας
1124 682 1238 755 τῆς
1286 687 1699 754 δεσποσύνου,
1730 683 1855 755 πῶς

733 841 737 844 .
797 760 1063 833 ,Σιμωνὶς
1086 757 1344 827 ἐκλήθη.
1690 762 1693 765 λ

350 848 423 906 οι
462 852 647 921 χεῖρον
679 849 726 902 δ’
765 850 896 915 ἴσως
944 852 1051 907 καὶ·
1084 849 1186 923 τὴν
1224 851 1323 921 τῆς
1344 848 1648 919 ὀνομασίας
1674 849 1857 903 αἰτίαν

285 944 453 998 εἰπεῖν
488 941 824 1013 ἱστοροῦσιν.
871 940 1096 997 Ἐλύπει
1140 942 1218 1014 τῷ
1258 942 1473 1013 βασιλεῖ
1505 941 1713 1002 παίδων
1760 940 1858 1011 θη-

282 1035 433 1092 λειῶν
465 1036 712 1108 ἀποϐολὴ
742 1035 876 1106 πρὶν
906 1036 1090 1100 καλῶς
1135 1036 1231 1091 καὶ
1262 1035 1519 1106 φανῆναι,
1561 1034 1878 1122 καὶτοῦτολ

280 1129 533 1183 intendi
568 1131 665 1185 καὶ
704 1130 854 1200 τρισὶ
904 1130 1077 1186 παισὶ
1105 1120 1352 1198 γέγονεν.
1396 1127 1645 1205 Ἐπεὶ-δὲ
1692 1128 1851 1201 καὶὴ

276 1223 450 1287 νεᾶνις
476 1221 621 1293 αὕτη
654 1222 999 1291 ἀπεγεννᾶτο
1044 1212 1156 1277 ’καὶ
1210 1222 1376 1291 φόϐος
1410 1208 1595 1285 δεινὸς
1640 1215 1708 1293 ἦν
1757 1221 1856 1278 καὶ

277 1317 400 1387 περὶ
424 1314 735 1387 αὐτῇλ,“τῶν
763 1333 850 1380 τις
885 1300 1163 1384 γυναικῶν
1185 1315 1498 1386 ἐμπείρων,
1526 1315 1644 1385 ἅμα
1670 1315 1728 1370 δὲ
1758 1314 1855 1369 καὶ

276 1402 511 1479 σεμνῶν,
544 1407 750 1478 βουλὴν
782 1407 1017 1481 εἰσάγει.
1048 1408 1190 1479 πλὴν
1228 1408 1329 1479 τὴν
1366 1409 1572 1478 συνήθη
1611 1402 1849 1473 πολλοῖς,

275 1502 392 1557 καθ’
417 1504 484 1576 ἢν
510 1502 575 1574 δὴ
597 1502 709 1558 καὶ-
727 1500 989 1568 σώζοιντο
1011 1503 1080 1563 τὰ
1100 1492 1439 1575 γεννήματα.
1470 1503 1583 1557 Καὶ
1606 1503 1641 1572 ἡ
1663 1485 1863 1575 βουλὴ,

273 1596 483 1660 εἰκόνας
539 1594 653 1649 τῶν
714 1594 1074 1665 προύχόντων
1149 1596 1208 1649 ὲν
1268 1592 1593 1658 ἀποστόλοις
1644 1591 1860 1648 δώδεκα

275 1692 580 1760 στήσαντας
612 1691 821 1763 κηροὺς
851 1690 1143 1761 ίσομήκεις
1166 1703 1223 1742 τε
1247 1690 1340 1742 καὶ
1367 1687 1729 1758 ῑσοστάθμους
1757 1686 1853 1740 καὶ

271 1784 361 1855 ἅμ’
398 1784 686 1857 ἡμμένους
724 1782 810 1838 ἀν’
848 1780 1091 1861 ἑκάστην
1122 1780 1421 1857 πήξασθαι,
1455 1780 1551 1839 καὶ
1581 1778 1725 1851 ὑπὲρ
1755 1778 1855 1834 τοῦ

1960 567 2081 623 τότε
2114 568 2387 639 βασιλέως
2404 566 2835 638 προστάξαντος,
2868 563 2962 617 καὶ
2988 562 3063 635 τῷ
3088 562 3293 632 Σίμωνι
3317 562 3346 615 ὀ
3370 561 3544 631 κηρὸς

1961 662 2325 729 ὶνελέλειπτο,
2370 662 2464 716 καὶ
2516 658 2753 730 Σιμωνὶς
2781 658 2825 732 ιτ
2855 656 3155 735 ἁρτιγενὴς
3190 655 3541 728 παρωνύμως

1960 750 2197 826 ἐκλήθη,
2219 756 2320 824 τὴν
2370 746 2669 823 ὀνομασίαν
2696 752 2790 805 τοῦ
2823 748 3125 805 ἀποστόλου
3160 750 3260 811 είς
3290 745 3537 818 φυλακὴν

1959 846 2228 919 φέρουσα.

2220 940 2324 1010 λγ¹έ
2358 938 2498 1010 Περὶ
2526 939 2633 994 τοῦ
2651 936 2943 1007 μεγίστου
2972 932 3280 1007 χειμῶνος.

2030 1035 2163 1090 Τότε
2185 1036 2366 1095 τοίνυν
2398 1036 2492 1090 καὶ
2522 1033 2728 1104 χειμὼν
2770 1032 3087 1104 ἐφειστήκει
3121 1030 3218 1084 καὶ
3249 1024 3540 1101 χειμώνων

1959 1130 2314 1199 ὀημέγιστος,
2353 1130 2447 1183 καὶ
2484 1127 2591 1181 τῶν
2626 1124 2897 1193 ἐξαισίων,
2939 1126 3028 1179 καὶ
3056 1124 3114 1177 ὃν
3148 1123 3278 1177 ἰδεῖν
3319 1119 3543 1175 πωλκαὶ

1958 1223 2336 1292 γηράσκουσιν
2391 1221 2645 1297 οὐδαμῶς
2688 1221 2984 1289 ἐξεγένετο.
3040 1217 3183 1287 Τόση
3230 1215 3342 1285 γὰρ
3399 1210 3536 1285 χιὼν

1957 1304 2377 1380 ὲπεστοίόαστο,
2429 1313 2505 1377 ὡς
2541 1312 2857 1385 κλεισθῆναι
2902 1311 3001 1382 μὲν
3035 1307 3226 1363 οίκιῶν
3255 1305 3363 1359 τῶν
3404 1305 3541 1377 χθα-

1960 1408 2148 1480 μαλῶν
2171 1406 2461 1473 διεξόδους.
2499 1407 2750 1477 σημείοις
2791 1405 2845 1458 δέ
2892 1421 3002 1469 τισι
3049 1402 3145 1457 καὶ
3174 1402 3385 1463 κοντοῖς
3421 1400 3535 1463 τοῖς

1958 1499 2058 1571 μὲν
2077 1498 2532 1568 στοχαζομένους,
2555 1499 2670 1566 τοῖς
2690 1494 2735 1549 δ’
2761 1495 3015 1567 ὀργάνοις
3037 1491 3355 1564 χρωμένους
3384 1489 3541 1552 τινὰς

1958 1592 2278 1661 ὑπανοίγειν
2322 1592 2436 1654 τοῖς
2476 1588 2840 1658 ὲγκλεισθεῖσι
2889 1589 2958 1641 τὰ
3004 1587 3267 1656 δώματα,
3316 1583 3411 1638 καὶ
3444 1581 3539 1649 ἐπὶ

1956 1683 2241 1747 πλείσταις
2274 1683 2506 1754 ἡμέραις
2564 1683 2767 1754 μηδένα
2804 1680 2908 1751 γῆν
2960 1679 2992 1753 ἢ
3056 1680 3184 1733 ίδεῖν
3232 1676 3265 1749 ἦ
3308 1677 3532 1739 πατεῖν,

1958 1776 2073 1832 ἀλλ’
2102 1777 2194 1829 ἐπὶ
2223 1775 2617 1846 πεπλησμένης
2661 1775 2840 1845 χιόνος
2877 1772 2951 1837 ὡς
2984 1771 3222 1844 στερρᾶς
3245 1768 3540 1839 γεγονυίας

270 1855 457 1932 νεωστί
512 1877 872 1949 γεννηθέντος
906 1874 971 1949 [Ρ
1016 1855 1141 1949 188]
1202 1856 1469 1929 ίκετεύειν
1518 1872 1849 1943 ψάλλοντος,
1882 1855 1929 1919 Β
1959 1871 2063 1943 γῆς
2099 1871 2260 1943 μέχρι
2288 1871 2387 1945 καὶ
2416 1870 2586 1939 ἐγγὺς
2624 1868 2787 1940 ἔαρος
2817 1868 2944 1931 τοὺς
2981 1865 3165 1929 ὀδίτας
3193 1862 3537 1934 διέρχεσθαι,

270 1969 561 2043 ἐπέχοντας
595 1969 697 2040 τὴν
721 1970 892 2041 εὐχὴν
922 1969 1088 2042 μέχρι
1125 1969 1218 2023 καὶ
1244 1969 1416 2040 αὐτῆς
1445 1966 1509 2039 δὴ
1541 1968 1640 2033 τῆς
1668 1964 1850 2022 ἐκοτοῦ

270 2065 435 2137 πυρὸς
461 2064 575 2120 τῶν
608 2064 799 2139 κηρῶν
826 2065 1209 2139 δαπανήσεως,
1257 2065 1352 2119 καὶ
1383 2053 1565 2133 ὲφόὖ
1590 2061 1654 2137 δὴ
1690 2062 1719 2116 ὀ
1756 2050 1855 2116 πε-

270 2151 617 2228 ριγενόμενος
662 2156 783 2211 τῶν
828 2156 1007 2211 ἄλλων
1053 2157 1189 2222 τέως
1230 2148 1645 2226 ἀφανισθέντων
1692 2152 1850 2225 ἔστη,

268 2249 447 2305 τούτου
485 2252 584 2306 καὶ
622 2245 864 2324 τοῦνομα
896 2251 965 2325 τῇ
1010 2251 1292 2325 ἀρτιγενεῖ
1333 2249 1581 2305 τίθεσθαι
1612 2246 1709 2304 τοῦ
1755 2240 1854 2303 περ

264 2429 355 2484 iilii
388 2427 791 2487 necessitudini
825 2442 879 2487 et
907 2428 1206 2486 individua:
1235 2430 1414 2488 intimi
1465 2431 1631 2488 amici
1672 2431 1852 2488 socie-

263 2524 353 2578 tati
377 2534 818 2579 consentaneum
850 2525 1041 2597 gratiis
1071 2525 1253 2581 locum
1284 2526 1431 2596 apud
1456 2525 1847 2597 imperatorem

270 2612 611 2693 habiturum.

263 2726 350 2792 5‘2.
396 2736 471 2792 De
528 2739 956 2811 nomenclatiouc
1015 2739 1374 2811 imperatoriis
1428 2738 1688 2811 virginis,
1758 2752 1853 2793 cur

434 2886 437 2887 ν
671 2812 830 2879 fuerit
867 2809 1112 2866 Simonis
1146 2811 1440 2882 appellata.

324 2903 447 2973 Non
508 2904 613 2959 abs
675 2921 753 2971 re,
792 2898 1019 2975 Opinor,
1056 2903 1225 2961 fuerit
1277 2906 1476 2975 docere
1519 2905 1611 2960 hic
1668 2906 1863 2963 obiter’

261 2992 518 3054 [celerem
555 3003 810 3068 quaenam
846 2998 983 3053 satis
1009 2997 1289 3052 inusitatae
1323 2998 1376 3051 in
1409 2999 1511 3067 hac
1556 2996 1704 3068 regia
1733 3000 1848 3053 vir-

263 3092 493 3160 guncula
546 3086 1013 3145 nomenclationis
1064 3087 1322 3144 inciderit
1382 3090 1635 3145 occasio.-
1678 3090 1843 3165 277

1958 1966 2054 2020 καὶ
2088 1965 2324 2035 μάταιον
2358 1959 2497 2031 εἶναι
2526 1960 2591 2015 τὺ
2640 1961 2725 2032 ἐφ’
2776 1960 2944 2015 ἵππου
2974 1957 3244 2029 ὀχεῖσθαι,
3275 1954 3419 2026 πλὴν
3442 1951 3538 2009 τοῦ

1957 2059 2054 2115 καὶ
2081 2058 2283 2129 μᾶλλον
2302 2050 2611 2124 ἐξολισθεῖν
2638 2055 2992 2110 κινδυνεύειν.
3023 2051 3212 2108 Ταῦτα
3236 2049 3300 2124 δὴ
3326 2050 3419 2108 καὶ
3443 2048 3543 2119 τὴν

1959 2150 2056 2205 τοῦ
2116 2150 2385 2221 βασιλέως
2412 2152 2506 2206 ἐπὶ
2555 2150 2965 2221 Θεσσαλονίκης
3007 2146 3371 2219 ἐκστρατείαν
3398 2144 3541 2200 ικώ-
3575 2158 3577 2160 ·

1901 2241 1904 2244 ’
1954 2244 2102 2299 λνεν.

1952 2429 2285 2501 imperatore
2315 2472 2329 2497 ,
2367 2440 2423 2486 et
2472 2430 2687 2486 cunctis
2746 2436 3053 2502 superstes
3084 2428 3276 2484 ardere
3314 2426 3539 2483 ultimus

1953 2532 2228 2582 cessasset
2261 2524 2516 2580 admotus
2543 2522 2716 2585 sancti
2759 2524 2995 2594 apostoli
3031 2521 3274 2578 Simonis
3305 2520 3539 2591 imagini

1953 2631 2167 2686 cereus,
2202 2631 2401 2673 nomen
2441 2618 2567 2673 inde
2614 2617 2810 2689 puellm
2862 2614 3135 2672 Simonidi
3178 2615 3382 2670 factum
3417 2626 3537 2680 est;

1954 2713 2252 2785 evenitque
2288 2712 2456 2769 litatis
2508 2712 2685 2779 vctis,
2744 2720 2804 2765 ut
2846 2719 3078 2781 patrono
3132 2708 3369 2781 indigete
3399 2722 3541 2779 pra:-

1960 2812 2144 2862 stante
2180 2805 2461 2862 infantilcs
2488 2808 2724 2862 eluctata
2767 2803 3083 2858 debilitates
3112 2803 3299 2871 puberi
3330 2817 3391 2857 se
3424 2801 3544 2857 feli-

1950 2899 2093 2957 citer
2124 2899 2270 2969 regia
2305 2899 2419 2953 haec
2469 2900 2651 2968 proles
2704 2896 3011 2951 admoverit
3056 2892 3463 2950 adolescentiae.

2412 3036 2502 3094 55.
2530 3034 2607 3090 De
2630 3035 2865 3090 maxima
2894 3034 3086 3089 hieme.

262 3178 423 3250 IEng
482 3180 812 3253 imperatori
859 3180 1039 3237 fuerat
1074 3180 1326 3235 subtrahi
1378 3182 1607 3251 pmcoci
1642 3184 1690 3237 ei
1732 3180 1844 3237 fato
1875 3214 1917 3272 ε
2027 3178 2127 3235 Hic
2171 3192 2334 3251 porro
2363 3192 2680 3248 anuusquo
2711 3176 2843 3255 inita
2877 3181 2978 3231 est'
3003 3173 3302 3272 cum‘crale
3330 3171 3539 3231 Scrbiae

262 3272 531 3329 feiitlneos
585 3272 756 3339 fetus,
806 3271 862 3327 in
908 3272 1029 3342 ipso
1086 3273 1274 3328 statim
1331 3274 1643 3329 exstinctos
1695 3282 1842 3332 ortu.

260 3361 554 3438 Postquam
594 3382 727 3437 ergo
779 3366 833 3420 id
882 3366 1080 3422 iterum
1136 3370 1190 3421 et
1235 3365 1419 3433 tertio,
1472 3368 1697 3423 totidem
1729 3354 1845 3425 ela-

259 3458 404 3515 tione
444 3470 787 3531 prmmatura
828 3465 1090 3514 natarum
1136 3458 1238 3529 ipsi
1274 3474 1303 3514 e
1343 3444 1575 3530 conjuge
1622 3462 1847 3532 puella—

258 3564 396 3617 rum,
431 3566 668 3623 passum
712 3562 772 3608 se
821 3551 1174 3608 Andronicus
1210 3552 1371 3607 haud.
1394 3552 1613 3610 modico
1654 3553 1863 3611 dolore'

258 3642 613 3710 meminerat,
644 3646 990 3702 ‘metueusiu
1036 3648 1141 3704 hac
1185 3664 1408 3719 quoque
1468 3657 1665 3719 quarto
1700 3648 1843 3704 edita

261 3738 443 3794 uxoris
498 3747 666 3798 partu
721 3735 960 3794 similem
1006 3739 1362 3795 acerbitatem
1419 3755 1583 3797 casus
1636 3739 1843 3808 infesti,

260 3829 491 3887 libenter
527 3831 745 3901 accepit
777 3832 1069 3887 consilium
1108 3847 1137 3886 a
1183 3834 1417 3907 quadam
1452 3833 1755 3888 venerabili
1789 3843 1846 3890 et

262 3924 445 3979 talium
477 3922 792 3994 experienti
838 3934 1087 3979 matrona
1126 3936 1464 3997 suggestum.
1510 3924 1635 3983 llaec
1666 3924 1847 4002 suasit

259 4018 500 4088 Augusto
554 4032 668 4070 rem
704 4032 805 4072 usu
841 4028 1139 4087 compertae
1172 4036 1198 4071 ιι
1240 4020 1426 4075 inultis
1458 4020 1509 4074 in
1548 4020 1664 4089 pati
1694 4021 1843 4076 cala-

263 4112 446 4165 mitate
498 4107 760 4177 utilitatis
798 4145 815 4172 ,
874 4123 1137 4163 sorcessu
1202 4120 1394 4165 secuto
1451 4109 1700 4165 vitalium
1762 4111 1845 4168 sic

262 4199 821 4285 reddendorutn,qui
879 4201 1032 4272 prius
1092 4202 1349 4271 pramori
1407 4188 1676 4267 solebant,
1720 4218 1843 4273 par-

257 4300 429 4358 tuum,
468 4292 733 4348 nimirum
783 4302 841 4348 ut
892 4292 1098 4348 circum
1135 4293 1328 4348 ordine
1362 4292 1577 4363 disponi
1624 4302 1842 4350 curaret

259 4378 537 4461 imagines
576 4386 882 4457 primorum
931 4384 1137 4441 Christi
1203 4388 1584 4456 apostolorum
1637 4387 1842 4444 duode-

260 4480 358 4533 cim
388 4497 403 4549 ;
434 4480 689 4551 singulos
718 4480 912 4533 barum
947 4480 1147 4548 cuique
1179 4494 1374 4535 cereos
1408 4480 1655 4547 adderet,
1691 4482 1840 4552 paris

1958 3272 2272 3338 conventio,
2305 3269 2537 3341 insignis
2590 3266 2692 3323 fuit
2748 3268 2934 3340 rigore
2983 3264 3180 3322 hiemis
3210 3280 3317 3320 non
3354 3268 3533 3321 solum

1952 3365 2213 3435 maxime,
2268 3363 2365 3419 sed
2426 3372 2500 3426 et,
2556 3368 2617 3415 ut
2663 3359 2748 3416 sic
2808 3362 3027 3430 loquar,
3059 3359 3536 3430 prodigiosissimo

1952 3460 2112 3515 facile
2143 3451 2723 3525 omnium,'quotquot
2778 3444 2940 3509 annis
3001 3461 3153 3522 retro
3206 3454 3375 3523 lapsis
3403 3468 3534 3525 pos-

1948 3558 2074 3608 sent
2130 3550 2340 3615 vidisse
2375 3530 2654 3604 recordari
2712 3546 2801 3617 qui
2863 3546 3270 3618 longaevissime
3306 3548 3533 3602 senuis-

1905 3678 1908 3682 λ
1950 3638 2094 3702 'sent.
2130 3644 2291 3699 Tanti
2322 3644 2525 3697 nivium
2560 3657 2790 3712 aggeres
2821 3656 2985 3711 supra
3027 3656 3189 3695 omne
3224 3641 3392 3712 278
3424 3640 3537 3709 late

1949 3738 2121 3794 solum
2154 3739 2523 3802 inrreveranl,
2557 3742 2615 3788 ut
2642 3734 2828 3789 aditus
2868 3734 3220 3788 obstruerent
3268 3736 3533 3791 domuum

1946 3830 2300 3887 humiliorem
2338 3838 2392 3885 et
2424 3831 2540 3899 ipsa
2584 3829 2851 3883 ostiorum
2889 3826 3335 3897 snperlimiuaria
3372 3841 3533 3881 cxce-

1948 3921 2141 3977 dentes
2199 3920 2467 3976 incertum
2530 3919 2706 3974 oculis
2758 3918 3135 3985 relinquerent
3192 3936 3299 3989 qua
3366 3928 3523 3991 parte

1948 4014 2163 4086 ingredi
2212 4014 2512 4086 egredique
2573 4014 2702 4069 inde
2760 4000 3105 4069 habitatores
3142 4023 3529 4069 consuessent.

1947 4109 2092 4183 Ergo
2125 4112 2298 4181 signis
2340 4111 2673 4182 quibusdam
2731 4117 2825 4164 aut
2878 4109 3165 4181 longorum
3222 4125 3319 4180 per
3350 4111 3533 4166 nivem

1947 4198 2389 4271 immissionibus
2433 4207 2736 4254 contorum
2796 4200 3123 4271 investigato
3175 4200 3283 4255 situ
3326 4200 3532 4272 ianuae.

1944 4291 2147 4361 quibus
2195 4304 2314 4348 erat
2366 4308 2497 4347 cura
2555 4297 2842 4363 suppetias
2900 4294 3065 4348 eundi
3103 4294 3239 4349 vivis
3275 4295 3531 4365 sepultis,

1944 4384 2085 4454 palis
2114 4385 2311 4442 deinde
2367 4386 2756 4456 similibusque
2793 4387 3175 4443 instrumentis
3220 4388 3531 4458 purgabant

1946 4476 2050 4531 iter
2098 4478 2164 4532 ad
2196 4477 2365 4543 fores,
2396 4490 2455 4533 ut
2485 4478 2565 4534 sic
2596 4490 2783 4549 portas
2815 4479 3189 4548 patefacerent
3211 4478 3530 4534 infelicibus

260 4562 399 4621 inter
437 4581 499 4623 se
536 4582 733 4623 omnes
783 4566 1051 4639 ponderis
1103 4576 1161 4622 et
1221 4568 1586 4639 longitudinis
1646 4581 1838 4631 exacte
1867 4575 1918 4635 D
1946 4571 2214 4628 obsessis.
2250 4572 2373 4626 Alia
2401 4571 2607 4628 ratione
2631 4588 2791 4643 quam
2827 4573 3172 4628 itadetracta
3206 4584 3366 4627 manu
3404 4571 3528 4629 nive

260 4655 490 4715 invicem
523 4659 793 4715 dimensa:
820 4676 835 4726 ;
888 4660 985 4717 bas
1018 4676 1204 4717 sacras
1232 4662 1420 4717 icones
1450 4670 1502 4717 et
1549 4662 1635 4718 bis
1668 4679 1841 4735 appo-

262 4750 393 4807 sitas
429 4753 689 4808 candelas
739 4754 1033 4822 impcrarct
1065 4754 1115 4807 ri
1164 4754 1283 4809 loco
1317 4754 1527 4809 circum
1578 4770 1841 4814 accensas

265 4845 449 4909 statui,
490 4846 547 4899 in
586 4860 694 4915 quo
728 4845 863 4901 certi
921 4845 1171 4900 homines
1223 4854 1451 4901 orantes
1508 4864 1607 4918 pro
1650 4864 1839 4904 recens

262 4946 383 4991 nata
421 4938 663 5009 puellula
702 4938 944 5007 psalmos
987 4946 1039 4993 et
1071 4940 1535 5009 supplicationum
1583 4942 1634 4996 id
1667 4958 1840 5014 genus

260 5023 523 5083 formulas
554 5030 861 5085 continenti
893 5038 1124 5084 eatenus
1157 5034 1446 5087 devotione
1480 5035 1841 5103 pronuntiare

263 5133 693 5189 perseverarent,
735 5122 917 5193 quoad
948 5123 1173 5193 depasta
1206 5126 1329 5195 igne
1357 5136 1679 5181 cunctorum
1714 5144 1839 5184 cera

267 5213 529 5273 funalium
581 5217 697 5273 haec
737 5220 948 5289 pariter
994 5218 1246 5274 universa
1301 5220 1485 5276 lucere
1521 5221 1836 5278 desiissent.

264 5305 674 5366 Observandum
735 5322 915 5365 autem
998 5324 1217 5366 cereum
1276 5328 1439 5381 quem
1496 5326 1837 5383 postremum

265 5404 601 5483 contingeret
630 5402 874 5469 absumi,
909 5412 961 5458 et
992 5403 1114 5473 ejus
1169 5405 1346 5459 sancti
1391 5407 1625 5477 apostoli
1678 5408 1837 5477 cujus

267 5493 453 5553 fuisset
506 5497 727 5568 imagini
779 5496 1075 5569 adjunctus
1111 5498 1216 5555 iste
1252 5514 1364 5568 prae
1418 5500 1632 5577 caeteris
1676 5501 1837 5557 vivax

267 5601 469 5656 cereus,
535 5591 1047 5661 nomen'puppulae
1102 5591 1407 5647 indendum
1454 5604 1469 5645 ξ
1525 5594 1620 5647 tali
1688 5594 1835 5649 enim

270 5679 462 5747 omine,
511 5683 585 5738 uti
623 5684 854 5755 pignore
904 5683 1034 5740 inde
1065 5684 1306 5740 adfuturi
1360 5688 1673 5755 patrocinii,
1713 5703 1838 5760 spe-

270 5770 372 5823 rari
416 5772 615 5842 prolem
655 5776 795 5837 hanc
828 5777 1175 5847 superiorum
1212 5779 1359 5845 tristi
1394 5780 1695 5837 conditioni
1722 5784 1838 5839 exi.

276 5867 510 5922 utendam
537 5869 1055 5941 proveliendamque
1096 5872 1317 5928 innoxie
1351 5874 1404 5927 in
1433 5875 1611 5928 aetatis
1640 5874 1837 5933 adultae

278 5957 627 6020 alubritat‘em.
689 5964 765 6019 Ea
804 5980 930 6021 cum
982 5973 1168 6022 essent
1219 5973 1349 6025 tunc
1413 5975 1535 6024 acta
1597 5968 1821 6028 iubente

1948 4680 2111 4722 nemo
2137 4667 2238 4721 sub
2269 4666 2359 4721 dio
2389 4666 2574 4720 multis
2606 4666 2801 4721 diebus
2836 4677 3035 4721 terram
3072 4664 3206 4724 vidit
3230 4672 3323 4730 aut
3350 4650 3525 4720 vesti-

1945 4762 2033 4833 gio
2084 4762 2303 4832 pressit,
2349 4761 2731 4833 gradientibus
2758 4760 2976 4817 cunctis
3022 4774 3187 4831 supra
3220 4760 3346 4831 gelu
3389 4775 3525 4816 oon-

1946 4864 2157 4909 cretum
2192 4866 2246 4909 et
2281 4854 2345 4909 ad
2384 4854 2740 4909 stabilitatem
2792 4854 2893 4908 soli
2937 4853 3223 4909 calcabilis
3277 4853 3523 4908 duratam

1946 4949 2289 5018 snperliciem
2326 4949 2500 5003 nivosi
2551 4948 2752 5017 campi,
2788 4948 2969 5001 telluri
3011 4948 3218 5017 ubique
3254 4948 3528 5017 “superin-

1944 5040 2114 5094 ducti.
2155 5040 2335 5109 Usque
2367 5042 2434 5095 ad
2470 5042 2720 5095 viciniam
2754 5043 3058 5109 proximam
3102 5054 3280 5094 vernae
3318 5050 3525 5109 tempe-

1944 5134 2102 5189 statis
2131 5136 2235 5188 ista
2283 5152 2451 5205 super
2491 5137 2642 5190 nives
2694 5132 2983 5190 incedendi
3022 5132 3325 5188 necessitas
3358 5135 3524 5187 dura~

1944 5226 2055 5293 vit;
2112 5224 2222 5297 quo
2286 5236 2399 5284 toto
2452 5222 2697 5298 tempore
2743 5229 2881 5283 dura
2942 5226 3188 5283 conditio
3244 5226 3516 5282 viatorum

1943 5324 2065 5392 fuit,
2131 5325 2364 5396 pedibus
2425 5326 2499 5377 uti
2562 5324 2801 5395 propriis
2843 5328 2925 5376 via
2992 5322 3297 5393 quamlibet
3356 5322 3519 5389 longa

1940 5425 2281 5469 coactorum.
2339 5415 2551 5485 Quippe
2596 5416 2846 5468 insanum
2904 5412 3101 5466 fuissc-t
3160 5412 3285 5483 equi
3347 5411 3518 5467 dorso

1944 5509 2079 5565 velle
2112 5508 2316 5575 invehi,
2366 5525 2491 5563 cum
2543 5509 2755 5578 pedites
2791 5506 2896 5577 ipsi
2929 5506 3219 5578 quantavis
3252 5504 3518 5561 sollicitu-

1940 5601 2071 5657 dine
2104 5613 2195 5657 ‘ac
2248 5601 2437 5672 lapsus
2474 5599 2819 5671 prmcavendi
2857 5606 3084 5664 conatu,
3133 5599 3312 5653 locum
3349 5599 3518 5653 vesti-

1940 5695 2045 5765 giis
2102 5696 2365 5765 legentes,
2419 5710 2699 5765 nunquam
2763 5694 2883 5751 sine
2930 5692 3369 5765 prtesentissimo
3420 5702 3517 5744 ca-

1940 5789 2102 5845 dendi
2138 5789 2383 5859 periculo
2427 5790 2619 5861 pedem
2661 5788 2715 5843 in
2774 5788 2994 5842 lubrico
3055 5792 3281 5857 possent
3321 5784 3518 5853 (igere.

1940 5880 2057 5935 Hoc
2099 5881 2414 5950 aliquandiu
2467 5884 2873 5936 incommodum
2909 5881 3144 5935 decreta:
3200 5876 3517 5945 imperatori

1938 5974 2389 6032 Thessalonicam
2435 5991 2626 6031 versus
2663 5973 3029 6040 expeditionis
3078 5972 3218 6027 diem
3268 5968 3512 6024 difiudit.
