4004 6228
597 336 703 411 363

1787 357 2119 421 GEORGII
2158 358 2641 427 PACHYMERB

3773 376 3879 443 36!.

592 462 790 525 αὐτοὺς
817 462 916 525 τὰς
946 463 1163 526 σπάθας
1200 465 1600 534 γυμνώσαντας
1650 473 2035 535 κατακόπτειν
2049 474 2178 538 τοὺς
2206 479 2252 534 Α
2282 476 2486 544 πλάτος
2516 480 2723 538 ἄϐατον
2773 482 3153 558 καταστήσας,
3182 487 3261 559 ὡς
3289 490 3353 544 ἐν
3382 492 3501 556 τοῖς
3527 491 3769 564 πρώτοις
3793 495 3877 549 te.

595 554 803 621 ίκέτας,
834 555 1047 611 ἐκείνου
1075 558 1136 612 τὸ
1172 557 1452 631 σύμϐολον
1490 556 2043 637 δόντοςείσπηδῶσιν
2073 568 2176 620 αὑ-

590 651 719 704 τίκα
753 648 850 704 καὶ
876 648 1068 705 ἀθλίαν
1123 651 1309 725 θοίνην
1349 657 1659 735 ἑκεῖνόνδτε
1710 660 1810 716 καὶ
1840 661 2036 717 παῖδας
2062 661 2172 716 δει-

590 742 770 799 κνῦσι.
797 744 971 799 Τοῦτο
1007 746 1087 817 τῷ
1106 744 1109 745 ⁷
1128 746 1260 821 Ἀλῇ
1306 751 1468 815 πόνος
1494 745 1566 821 ἦν
1595 756 1690 829 καὶ
1715 754 1832 811 τῶν.
1874 756 2176 827 συμφορῶν

589 839 623 909 ή
664 838 891 910 ἐσχάτη,
926 840 1079 894 παιδί
1110 857 1175 910 γε
1209 842 1324 896 δντι
1353 842 1450 897 τοῦ
1478 848 1947 919 κρεωργηθέντσς
1987 850 2079 903 καὶ
2113 848 2177 904 ἐκ

588 947 736 993 τινος
763 934 1433 1007 προνοίαςςπειιισωθέντι,
1462 940 1557 993 καὶ⁸
1577 939 1639 994 τὸ
1653 944 1766 1004 τοῖς
1793 942 2006 1013 ὁμοίοις
2033 944 2175 1015 άμύ-

590 1026 779 1079 νεσθαι
817 1027 1019 1099 ,πάσης
1046 1016 1650 1107 ἀσχολίαςῦπέρτερον
1682 1035 1983 1105 ἐλογίζετο.
2030 1035 2175 1093 ’ἰκα-

589 1122 714 1184 νοὺς
745 1121 802 1176 δὲ
828 1120 915 1175 διὰ
945 1121 1121 1177 ταῦτα
1145 1125 1624 1197 προσεταιρίζεται
1657 1128 2049 1203 τῶνιῙερσῶν,
2081 1135 2175 1188 καὶ

588 1214 790 1283 τρόπον
818 1214 1107 1291 ληΐστορος
1136 1214 1418 1290 περιθέει,
1472 1221 1725 1294 ἐμφανὴς
1754 1221 1831 1277 ὢν
1859 1224 1891 1297 ἢ
1929 1224 2174 1297 ἀμυνού-

589 1325 751 1376 μενος
777 1307 811 1383 ἢ
838 1309 1198 1387 πεσούμενος.
1236 1311 1325 1376 Ὠς
1345 1312 1405 1367 δὲ
1439 1315 1803 1388 κατατρέχων
1828 1316 2049 1391 ἠρήμου
2074 1318 2171 1386 τάς

583 1402 768 1474 χώρας
796 1384 901 1467 καί.¹
929 1402 1029 1474 τὴν
1057 1401 1426 1473 άνταγὼνισιν
1464 1384 1720 1474 ἔσπευδε,
1750 1409 1810 1463 τὸ
1846 1384 1956 1465 τοῦ-
1978 1384 2171 1484 Μελὴκ

584 1495 734 1565 λῆμα
765 1496 824 1550 τὸ
850 1496 1418 1568 μόρσιμονὲρεθίζει,
1450 1500 1547 1555 καὶ
1591 1499 1780 1556 τοῦτον
1806 1504 2001 1576 ἐκείνῳ
2026 1508 2173 1560 συνίμ-

585 1606 747 1660 στησι
800 1590 943 1647 κατά
982 1582 1248 1664 πόλεμονζ
1303 1587 1380 1651 Ob
1422 1595 1488 1668 δὴ
1522 1598 1895 1670 συρραγέντος
1942 1600 2171 1680 σφάλλει

581 1675 674 1736 τιν
708 1682 899 1755 Mem
926 1686 960 1759 ἡ
990 1684 1152 1759 τύχη,
1184 1688 1282 1743 και
1306 1689 1334 1742 ο
1368 1688 1535 1754 τππος
1563 1690 1669 1764 ὅλῳ
1699 1692 1899 1763 ῥυτῆρι
1928 1677 2169 1767 φερόμε-

582 1792 673 1840 νος
708 1772 1062 1848 συγκάμπτει
1093 1780 1173 1834 τὼ
1202 1781 1350 1847 πόδε,
1389 1781 1486 1836 καὶ
1513 1782 1604 1838 τὸν
1629 1783 1899 1859 ἐπιϐάτην
1934 1786 2057 1856 μεθ’
2086 1789 2168 1843 ὅτι

582 1868 846 1946 πλείστης
876 1873 974 1944 τῆς
993 1872 1289 1945 ῥύμηςέπὶ
1313 1874 1440 1943 γόνυ
1468 1880 1856 1953 συγκατασπᾷ,
1881 1881 1975 1935 καὶ
2004 1880 2168 1953 ἔργον

584 1966 785 2023 αὐτίκα
819 1953 1037 2037 σπάθης
1071 1971 1099 2023 ό
1123 1968 1308 2023 πεσὼν
1334 1970 1565 2040 γίνεται.
1613 1972 1800 2027 Ταῦτα
1863 1975 1959 2029 τὸν
2001 1973 2168 2045 Ἀλῆν

579 2065 786 2136 ἐπῆρεν
835 2066 913 2130 είς
971 2066 1137 2135 ὄγκον
1171 2066 1496 2137 Ἀμούριον,
1554 2066 1853 2124 κάντεῦθεν
1914 2070 2166 2139 συνάγων

584 2156 875 2221 πλείστους
907 2157 1093 2220 κακῶς
1126 2156 1255 2229 ἕδρα
1282 2157 1351 2212 τά
1395 2158 1701 2230 Ῥωμαίων.
1727 2158 1895 2215 Οὔπω
1931 2160 1988 2215 δὲ
2020 2162 2167 2233 μάλα

577 2246 643 2318 δὴ
671 2250 765 2301 καὶ
792 2247 848 2311 ἒς
875 2247 1050 2312 τέλος,
1090 2247 1198 2312 ἕως
1221 2240 1283 2304 οὗ
1321 2248 1601 2325 δαιμόνιόν
1634 2268 1686 2305 τι
1714 2252 1930 2324 μήνιμα
1964 2253 2165 2326 (τίγάρ

578 2339 647 2395 ἂν
672 2340 800 2395 άλλο
826 2338 919 2394 καὶ
950 2339 1097 2394 εἴποι
1125 2357 1213 2406 τις
1237 2341 1277 2410 ς)
1310 2340 1453 2395 κατὰ
1495 2340 1785 2414 Ῥωμαίων
1816 2344 2116 2415 ὲφύσησεν,
2138 2344 2167 2399 δ

579 2431 645 2503 δὴ
680 2432 772 2486 καὶ
802 2430 1039 2497 λέξεται.
1081 2429 1173 2497 Ὦς
1225 2431 1334 2505 γάρ
1365 2432 1546 2504 πέραν
1574 2434 1914 2509 Σαγγάρεως
1960 2437 2170 2509 διατρί-

582 2528 695 2581 ϐων
725 2528 839 2589 τοῖς
879 2526 986 2581 ἀνά
1012 2524 1518 2598 τοῦτοννφρουρίοις
1558 2529 1800 2601 ίσχυρῶς
1835 2529 2169 2602 άντεκρούε-

580 2635 663 2682 το.
693 2616 728 2673 ά
760 2616 977 2687 φθάσας
1002 2620 1031 2672 ό
1063 2617 1320 2689 βασιλεὺς
1340 2617 1609 2692 συνῴκισε
1634 2621 1855 2692 Μιχαὴλ
1879 2622 1975 2686 καὶ
2000 2641 2164 2679 σταυο

582 2714 699 2784 ροῐς
736 2710 1025 2780 μηκίστοις
1056 2711 1120 2764 ὲκ
1150 2709 1386 2783 δένδρων
1417 2711 1928 2783 ἀξινοκοπηθὲντων
1960 2715 2165 2794 μεταξὺ

578 2802 973 2876 κατωχύρωσε,
1030 2803 1192 2875 μέχρι
1244 2805 1339 2858 καὶ
1392 2803 1449 2868 ἐς
1490 2803 1689 2860 ἑκατὸν
1723 2805 1891 2872 πόδας
1919 2806 1982 2862 τὸ
2016 2808 2169 2872 ἐντὸς

580 2988 996 3046 dissimulanter
1030 2996 1085 3045 et
1117 2990 1328 3056 leviter,
1369 2990 1545 3047 donec
1595 3006 1725 3047 eum
1779 2992 1965 3050 divina
2014 3009 2167 3067 quie-

581 3077 708 3138 dam
742 3081 882 3137 ultio
902 3080 1036 3152 (quo
1055 3080 1201 3157 enim
1225 3081 1335 3137 alio
1358 3082 1485 3153 quis
1511 3084 1737 3141 nomine
1784 3100 1970 3142 casum
2034 3096 2168 3146 tunc

2282 588 2400 641 γοις
2422 573 2708 646 ἐλέγομεν,
2745 566 2841 632 καὶ
2865 572 2935 651 ἦν
2954 578 3033 649 τῷ
3058 580 3505 657 Πίρσηστερρὸν
3534 586 3791 641 ἐντεῦθεν
3818 588 3878 641 τὸ

2280 666 2387 738 τῆς
2409 668 2763 743 καταδρομῆς
2789 670 3041 743 κώλυμα,
3060 676 3312 747 ’Κρονίου
3348 679 3523 751 μηνὸς
3554 681 3619 735 ἐκ
3641 681 3737 735 τοῦ
3766 700 3875 736 πα-

2284 759 2548 832 ραχρῆμα
2576 762 2607 815 ό
2655 764 2904 834 ποταμὸς
2958 768 3377 840 μετοχετεύεται
3428 773 3526 826 καὶ
3574 771 3731 844 ζητεῖ
3777 774 3877 847 τὴν

2280 849 2524 907 παλαιάν
2547 852 2759 925 κοίτην,
2783 855 2908 910 καθ’
2923 856 3006 936 ᾖν
3026 859 3183 935 καὶὴ
3214 859 3650 933 Ἶουστινιάνειος
3681 885 3877 922 ποντο-

2278 940 2815 1023 γέφυρα.ρ”Υστερον
2841 948 2900 1004 δὲ
2931 954 3423 1033 μετοχετευθέντος
3468 956 3872 1033 τοῦτ’ποταμοῦ,

2276 1034 2369 1087 τδν
2397 1034 2455 1103 ιε
2486 1036 2696 1093 ικεινου
2723 1040 2947 1099 Μέλανα
2978 1030 3295 1117 ὑπεδέχετο,
3333 1047 3420 1122 [Ρ.
3450 1051 3582 1126 sas]
3616 1054 3676 1108 ού
3709 1030 3875 1109 τόσον

2277 1125 2428 1193 ὄντα,
2462 1128 2582 1183 ἀλλ’
2608 1132 2796 1188 ἱκανὸν
2824 1134 2965 1201 τέως
2990 1137 3088 1193 καὶ
3116 1139 3309 1195 τοῦτον
3343 1144 3408 1196 ὲκ
3441 1144 3643 1214 βάθους
3667 1130 3879 1217 αὐτάρ-

2276 1236 2407 1285 κους
2427 1221 2525 1294 τὴν
2550 1224 2662 1280 τῶν
2679 1225 2893 1299 ἐχθρῶν
2918 1229 3267 1288 ἀποκωλύειν
3295 1233 3508 1305 ἔφοδον.
3528 1238 3661 1293 Τότε
3686 1232 3874 1294 τοίνυν

2275 1311 2336 1379 ἐξ
2354 1312 2583 1385 ὄμϐρων
2609 1318 2639 1371 ό
2667 1319 2975 1393 Σαγγάριος
2999 1322 3107 1396 πλη
3116 1328 3417 1400 μμυρήσας
3441 1332 3541 1401 τῆς
3570 1333 3705 1398 ίδίας
3732 1352 3873 1403 μετ-

2279 1407 2421 1480 αίρει
2454 1412 2549 1465 καὶ
2577 1411 2737 1478 αὖθις
2763 1415 2978 1488 κοίτης,
3000 1412 3069 1492 ἧς
3099 1420 3163 1474 ὲκ
3213 1419 3447 1478 παλαιοῦ
3479 1425 3601 1479 ποτ’
3632 1426 3878 1496 ἐκκριτι-

2278 1500 2425 1565 σθεὶς
2447 1502 2768 1590 ξπελάϐετο,
2804 1508 2901 1564 καὶ
2936 1511 3074 1583 πρὸς
3117 1513 3220 1584 τὴν
3248 1517 3542 1589 προτέραν
3572 1519 3869 1590 ἀνότρεχε,

2276 1595 2370 1648 καὶ
2418 1588 2481 1649 οὗ
2514 1595 2617 1669 μὲν
2671 1598 2923 1673 ἀπέστη,
2968 1605 3333 1676 περαιοῦσθαι
3366 1588 3463 1663 καὶ
3511 1588 3875 1684 τῷτυήχόντι

2274 1688 2577 1761 παρεῖχεν,
2607 1684 2670 1745 οὗ
2698 1690 2746 1746 δ’
2786 1692 3092 1750 ἐπελάϐετο
3125 1698 3499 1779 πλημμυρῶν,
3552 1702 3627 1775 μὴ
3654 1704 3683 1758 δ
3715 1704 3771 1775 γ’
3804 1708 3871 1759 ἐκ

2271 1784 2372 1854 τῆς
2394 1782 2737 1858 πλημμύρας
2765 1785 2928 1857 βάθος
2976 1787 3149 1843 ἐδίδου
3180 1792 3258 1862 τῷ
3292 1793 3548 1866 ῥεύματι,
3576 1796 3715 1850 ά).λά
3763 1800 3865 1851 καὶ

2270 1876 2401 1949 χοῦν
2444 1879 2509 1932 ἐκ
2555 1866 2945 1954 μιλτοπαρῄων
2977 1881 3151 1954 ὁρέων
3180 1884 3443 1961 κατάγων
3486 1890 3583 1943 καὶ
3631 1878 3868 1962 χέρῖιδος

2274 1971 2459 2027 ἱκανὸν
2494 1972 2780 2046 προσέχων
2808 1975 2906 2030 καὶ
2927 1975 3097 2049 πόρον
3123 1977 3291 2033 ἐτίθει
3318 1979 3396 2052 τῷ
3427 1976 3603 2054 περᾷν
3626 1968 3865 2043 θέλοντι.

2273 2062 2362 2131 Τῷ
2383 2081 2468 2117 τοι
2494 2064 2590 2119 καὶ
2627 2066 2676 2119 oi.
2701 2066 2760 2121 ὲν
2785 2068 2899 2147 τοῖς
2929 2068 3110 2140 πέραν
3144 2070 3426 2143 φρουρίοις
3460 2076 3865 2160 συνῳκηκότες,

2270 2156 2374 2229 τὴν
2419 2156 2580 2228 ξένην
2631 2157 2854 2233 ίδόντεςΔ
2882 2162 3220 2232 μετάστασιν
3253 2165 3346 2235 καὶ
3378 2144 3598 2237 γνόντες
3648 2144 3708 2224 έν
3741 2144 3867 2243 χρῷ

2269 2249 2522 2304 κινδύνου
2554 2240 2859 2324 γενόμενοι,
2909 2255 3301 2319 ἀπανίσταντο.
3358 2260 3434 2313 Οὐ
3486 2261 3592 2333 μὴν
3626 2261 3675 2317 δ’
3702 2240 3866 2329 αὖθις

2270 2338 2361 2392 ἐπὶ
2387 2339 2523 2393 πολὺ
2554 2341 2614 2395 rb
2641 2342 2829 2413 σχῆμα
2846 2343 3005 2399 τοῦτο
3029 2346 3106 2418 τῷ
3129 2346 3361 2422 ποταμῷ
3380 2344 3472 2422 ἦν,
3490 2351 3605 2408 ἀλλ’
3624 2354 3683 2418 ἐς
3709 2355 3865 2428 μῆνα

2271 2431 2598 2503 προσχώσας
2635 2435 2797 2507 μόνον
2828 2436 3162 2512 ὑπέστρεφε.
3211 2444 3323 2499 Καὶ
3350 2442 3420 2517 ἦν
3450 2444 3484 2519 ἠ
3517 2448 3581 2501 ἐκ
3619 2450 3716 2503 τοῦ
3752 2470 3867 2505 πα-

2268 2520 2422 2576 λαιοῦ
2452 2523 2806 2597 ἀποχώρησις
2839 2529 2933 2582 καὶ
2961 2530 3072 2584 τῶν
3106 2533 3165 2586 ἐν
3196 2530 3312 2599 τοῖς
3361 2539 3641 2612 φρουρίοις
3676 2543 3866 2612 φυγῆς

2269 2614 2365 2669 καὶ
2391 2615 2493 2686 τῆς
2521 2616 2632 2671 τῶν
2654 2618 2867 2691 ἐχθρῶν
2888 2622 3342 2695 διαπεραιιῦσεως
3363 2623 3651 2705 προφανὴς
3683 2635 3861 2703 αἰτία,

2267 2707 2347 2779 τῷ
2375 2709 2551 2785 περιμ
2568 2710 2763 2783 ἀνόδην
2784 2715 2909 2779 τοὺς
2937 2714 3297 2786 βουλομένους
3316 2737 3333 2755 ο
3369 2724 3402 2796 ἡ
3433 2722 3477 2776 δ’
3507 2724 3569 2792 ἐξ
3616 2726 3866 2799 ὑπογύου

2268 2802 2492 2869 ἐσαῦθις
2520 2806 2926 2884 άνυποστροφὴ
2975 2814 3089 2878 τοῖς
3135 2816 3239 2870 κάν
3270 2815 3447 2890 τούτῳ
3478 2821 3727 2893 περῶσιν
3778 2828 3865 2879 se.

2269 2987 2595 3061 depressum
2633 2992 2933 3051 substravit
2971 2994 3229 3064 fundum,
3298 3017 3405 3073 qua
3442 3005 3647 3063 volenti
3700 3010 3864 3066 cuili-

2267 3079 2362 3138 bet
2388 3081 2628 3141 transire
2655 3085 2887 3156 pedibus
2916 3087 3140 3146 licebat.
3171 3090 3285 3149 Hac
3309 3095 3690 3169 animadversa
3725 3104 3861 3159 mira

585 3177 822 3233 maxime
847 3175 1077 3232 noxium
1135 3176 1423 3248 inopinato
1468 3176 1869 3233 incurrrentem
1934 3194 2170 3237 vocave-
2196 3195 2240 3256 ο
2279 3175 2591 3265 titillatione
2620 3178 2719 3251 (illi
2749 3180 3043 3239 υηετίοΐθε
3076 3200 3235 3244 θτθθε
3277 3190 3537 3257 Ρτεείάίο
3572 3196 3858 3265 tenebam.

578 3272 714 3341 rit?)
760 3269 1046 3327 tumefecit
1098 3268 1366 3325 adversus
1402 3270 1719 3338 Romanos;
1774 3286 1935 3341 quem
1973 3288 2163 3329 casum

578 3367 673 3422 hic
706 3365 963 3421 referam.
995 3360 1134 3418 Cum
1172 3362 1317 3417 enim
1352 3359 1524 3418 ilales
1561 3363 1792 3418 antehac
1847 3363 1990 3419 ultra
2029 3366 2165 3422 San-

576 3460 749 3534 garim
777 3442 1132 3516 commorans
1156 3456 1350 3527 positis
1376 3454 1489 3510 illic
1518 3456 1741 3513 arcibus
1780 3458 1957 3514 valide
1988 3460 2165 3528 repel-

576 3552 806 3616 leretur,
834 3564 971 3621 quas
1004 3563 1164 3604 arces
1202 3549 1502 3619 imperator
1548 3550 1870 3606 condiderat
1906 3551 2160 3622 Michael,

575 3658 632 3701 et
673 3654 831 3715 septo
863 3643 1107 3700 exterius
1137 3649 1406 3713 prmtento
1432 3640 1764 3700 decussatim
1819 3644 2159 3716 objectorum

576 3738 881 3807 ingentium
913 3734 1186 3805 stipitum,
1215 3747 1283 3789 ex
1333 3732 1628 3790 arboribus
1654 3736 1836 3792 securi
1867 3737 2158 3805 dedolatis,

580 3834 760 3903 perite
786 3828 1118 3895 muniverat,
1154 3828 1391 3899 spatium
1420 3828 1563 3884 ultra
1594 3830 1933 3888 munitiones
1957 3835 2157 3903 pedum

574 3916 796 3978 omium
824 3922 917 3977 illo
936 3920 1264 3977 antemurali
1293 3922 1456 3993 plane
1482 3922 1691 3979 invium
1725 3934 1779 3999 et
1811 3924 2155 3984 inaccessum

575 4015 825 4071 hostibus
858 4013 1091 4081 faciens,
1124 4014 1667 4086 quemadmodumin
1700 4015 1976 4086 prioribus
1999 4018 2157 4076 libris

573 4109 836 4171 diximus,
869 4116 921 4160 et
944 4116 1065 4161 erat
1100 4108 1202 4161 lioc
1240 4103 1422 4161 Persae
1448 4121 1513 4161 ex
1544 4122 1607 4161 ea
1651 4118 1807 4178 parte
1867 4111 2159 4182 insupera-

574 4203 682 4257 bile
716 4199 1095 4256 incursionum
1133 4199 1504 4265 obstaculum,
1560 4199 1758 4256 Martio
1786 4216 1915 4257 ecce
1965 4192 2156 4260 mense

552 4304 795 4365 repente
826 4292 1028 4347 ﬂuvius
1061 4292 1280 4346 alveum
1307 4292 1541 4345 mutavit
1591 4293 1929 4364 repetiitque
1974 4296 2155 4353 cubile

568 4389 882 4457 antiquum,
920 4386 987 4440 ad
1014 4384 1161 4455 quod
1198 4384 1328 4438 olim
1365 4383 1543 4439 fuerat
1602 4384 1983 4444 Justinianeus
2016 4404 2152 4458 pons

568 4476 938 4538 cnnStriictus.
1000 4476 1195 4533 Postea
1230 4476 1481 4533 traducto
1517 4477 1644 4534 inde
1696 4479 1854 4552 331
1921 4480 2147 4554 Sangari

2273 3271 2474 3338 territi,
2502 3264 2649 3342 quad
2680 3290 2741 3333 se
2772 3277 2921 3333 fossa
2955 3277 3250 3337 destitutos
3277 3282 3611 3357 invadabilis
3642 3295 3857 3360 amnis,

2267 3364 2518 3435 obiectos
2553 3366 3252 3442 deincepsincursionilms
3286 3378 3528 3436 hostium
3559 3382 3709 3440 haud
3735 3389 3853 3457 pari

2265 3456 2332 3510 ad
2366 3456 2732 3514 resistendum
2756 3477 3005 3529 numero,
3034 3466 3346 3525 certissimo
3361 3469 3561 3541 capitis
3583 3456 3843 3544 periculo,

2266 3546 2542 3618 viderent,
2577 3551 2911 3611 stationibus
2952 3556 3163 3615 relictis
3198 3559 3478 3618 abierunt.
3525 3566 3643 3621 Non
3664 3575 3843 3625 tamen

2264 3641 2357 3698 diu
2392 3645 2446 3699 in
2470 3660 2537 3701 eo
2569 3656 2715 3702 statu
2743 3645 3004 3720 Sangario
3027 3652 3246 3720 mansit,
3275 3656 3370 3711 sed
3404 3671 3528 3712 cum
3562 3675 3660 3731 per
3694 3676 3850 3717 men-

2263 3749 2377 3790 sem
2413 3735 2736 3795 inundasset
2775 3754 2971 3811 magna
3006 3750 3170 3799 terra:
3196 3760 3261 3800 ac
3290 3745 3386 3802 luti
3419 3748 3469 3803 vi
3506 3750 3693 3807 alveos
3749 3754 3851 3809 ob-

2264 3820 2485 3898 limans,
2523 3833 2816 3905 recepitse
2873 3837 2926 3890 in
2959 3850 3084 3891 eum
3137 3824 3285 3896 unde
3347 3856 3527 3914 nuper
3584 3846 3854 3918 migrarat

2262 3921 2503 3989 alveum,
2531 3926 2690 3995 quasi
2725 3926 2795 3982 ad
2829 3926 2934 3983 hoc
2960 3938 3173 3985 tantum
3204 3948 3264 3990 se
3295 3935 3576 4005 movisset,
3618 3946 3678 3994 ut
3709 3958 3857 4011 prae.

2260 4014 2504 4075 sidiariis
2538 4023 2826 4087 terrorem,
2853 4037 2963 4092 quo
2996 4025 3062 4079 ad
3089 4022 3271 4097 fugam
3311 4042 3652 4101 raperentur.
3680 4033 3852 4090 int-tr»

2258 4115 2419 4178 teret,
2460 4108 2717 4168 hostibus
2774 4124 2965 4170 contra
2997 4125 3051 4172 et
3099 4118 3356 4175 ﬁduciam
3412 4131 3470 4177 et
3524 4124 3845 4185 facultatem

2258 4202 2398 4259 intra
2423 4191 2673 4261 nostrum
2706 4205 3043 4280 irrumpendi
3074 4209 3301 4269 limitem
3350 4214 3523 4272 daret.
3575 4216 3713 4274 Nam
3747 4223 3850 4276 lna-

2257 4311 2377 4350 rum
2401 4299 2632 4353 duarum
2698 4312 2883 4355 rerum
2940 4316 3046 4358 una
3085 4303 3174 4358 illa
3222 4319 3390 4362 causa
3441 4307 3545 4363 fuit
3596 4312 3848 4368 [luminis

2257 4390 2450 4456 motio,
2485 4393 2929 4451 commoditatem
2967 4398 3143 4453 cuivis
3174 4401 3391 4457 obviam
3419 4405 3673 4473 praebens
3700 4414 3849 4466 ratio

2256 4486 2602 4542 transeundi.
2631 4485 2737 4544 Sed
2781 4506 2879 4546 nec
2927 4492 3047 4562 ejus
3095 4493 3149 4548 in
3190 4495 3431 4565 priorem
3484 4500 3700 4556 alveum
3756 4519 3849 4556 rei-

564 4577 733 4633 Melas
761 4575 899 4630 alter
931 4572 1131 4628 ﬂuvius
1163 4580 1534 4636 successerat,
1600 4586 1710 4632 non
1796 4574 1888 4629 ille
1922 4575 2144 4643 quidem
2174 4572 2227 4633 D
2252 4593 2475 4651 gressus
2509 4582 2656 4638 malo
2699 4583 3025 4641 medicinam
3076 4585 3228 4644 fecit.
3291 4589 3628 4648 Oblimatum
3688 4597 3838 4651 enim

566 4671 712 4725 mole
741 4682 1010 4738 aquarum
1053 4680 1152 4738 par
1173 4663 1370 4737 priori,
1417 4677 1678 4721 caeterum
1740 4667 1877 4721 satis
1936 4666 2147 4725 habens

565 4760 879 4817 altitudinis
931 4759 999 4813 ad
1066 4756 1452 4829 impediendos
1538 4758 1802 4814 incursus
1867 4758 2150 4816 hostium.

563 4854 721 4910 Tune
756 4851 918 4922 igitur
937 4866 1004 4906 ex
1031 4850 1205 4906 multo
1233 4849 1409 4906 imbre
1438 4850 1750 4907 redundans
1778 4850 2037 4924 Sangaris
2058 4867 2153 4906 cu-

564 4948 673 5004 bile
706 4948 903 5001 iterum
940 4944 1193 5010 mutavit,
1226 4959 1293 4999 ex
1330 4932 1399 4999 eo
1442 4944 1585 5013 quod
1617 4944 1705 4999 diu
1760 4960 1928 5000 manu
1980 4945 2151 5001 dedu-

564 5052 692 5097 ctus
732 5048 1123 5110 occupaverat,
1152 5039 1207 5094 in
1238 5038 1389 5110 prius
1426 5054 1757 5106 recurrens;
1783 5050 1982 5096 etcum
2026 5044 2149 5112 qui-

561 5133 683 5189 dem
709 5135 855 5190 unde
888 5134 1141 5203 migravit
1176 5133 1585 5203 alveum,aqua2
1614 5149 1909 5204 pauperem
1932 5142 1983 5190 et
2005 5136 2147 5189 vado

562 5227 743 5284 cuivis
778 5228 1062 5283 meabilem
1090 5226 1331 5297 reliquit,
1354 5241 1479 5283 eum
1505 5242 1663 5298 quem
1691 5227 1967 5286 inundans
1992 5245 2148 5300 repe-

562 5323 646 5379 tiit
678 5321 1102 5391 haudquaquam
1131 5320 1267 5376 adeo
1294 5320 1586 5392 complevit
1612 5362 1626 5387 ,
1650 5332 1705 5375 ut
1744 5337 1807 5377 ea
1850 5324 2142 5379 transitum

559 5416 896 5473 excluderet.
925 5415 1187 5472 Etsienim
1210 5416 1335 5469 illuc
1361 5416 1525 5469 traxit
1544 5430 1735 5485 agmen
1765 5414 1956 5486 ingens
1976 5432 2146 5487 aqua-

556 5528 703 5577 rum,
724 5526 830 5566 non
860 5510 925 5565 iis
956 5518 1135 5565 tamen
1159 5508 1307 5564 dedit
1338 5507 1693 5565 sufﬁcientem
1714 5508 2141 5579 profunditatem

561 5605 818 5675 trajectui
852 5604 1093 5676 peditum
1116 5610 1170 5658 et
1205 5603 1450 5673 equitum
1480 5603 1741 5657 arcendo.
1803 5601 1979 5658 Causa
2021 5604 2140 5670 ejus

556 5703 632 5755 rei
666 5700 787 5766 fuit,
831 5697 975 5769 quod
1012 5695 1178 5750 simul
1212 5694 1326 5749 limi
1356 5696 1650 5766 plurimum
1686 5706 1738 5750 et
1776 5704 1935 5751 terra:
1962 5698 2139 5753 rubrm

552 5812 616 5849 ex
656 5793 934 5859 argillusls
965 5789 1177 5845 derasa!
1214 5788 1494 5843 montibus
1525 5790 1751 5844 invexit.
1798 5792 1929 5857 Quae
1963 5804 2137 5847 mate-

550 5887 632 5941 ria
666 5884 957 5943 subsidens
983 5882 1266 5953 aquislate
1299 5883 1848 5953 superstaguantibus
1886 5901 1994 5942 non
2030 5885 2135 5942 alte

2257 4681 2547 4745 utrumque
2574 4691 2637 4731 ac
2680 4678 2915 4747 pedibus
2979 4682 3268 4738 meabilem
3330 4684 3548 4755 reliquit
3607 4684 3837 4744 ﬂuvium

2256 4767 2642 4839 magnitudine
2665 4774 2882 4842 aggeris
2920 4789 2985 4828 ac
3016 4776 3260 4831 materie
3283 4792 3379 4848 per
3402 4777 3638 4835 eluviem
3676 4781 3838 4843 iuve-

2252 4871 2375 4917 ctae.
2411 4859 2506 4918 His
2539 4861 2979 4933 inopinatissime
3013 4867 3093 4924 sic
3116 4872 3283 4940 gestis
3321 4882 3547 4942 repente
3601 4858 3843 4946 impera-

2252 4954 2354 5009 tori
2383 4955 2545 5027 332
2577 4959 2860 5015 nuntiatur
2878 4960 3039 5031 plena
3101 4979 3223 5021 esse
3284 4964 3687 5023 mediterranea
3732 4970 3840 5025 ho-

2251 5051 2442 5105 stium.
2502 5050 2637 5107 Nam
2674 5063 2955 5125 utcunque
2986 5055 3147 5113 Hales
3203 5059 3465 5118 Amurius
3503 5062 3558 5116 in
3602 5062 3835 5120 simula-

2249 5146 2398 5200 tione
2422 5146 2656 5216 quadam
2690 5150 2843 5219 pacis
2876 5166 2933 5204 se
2967 5151 3234 5209 hactenus
3258 5153 3548 5211 continens
3578 5155 3833 5224 quiesce-

2248 5238 2361 5304 bat,
2398 5248 2574 5294 tamen
2607 5240 2785 5297 efferri
2842 5243 2991 5298 brevi
3038 5246 3205 5317 cmpit
3261 5246 3617 5305 aemulatione
3661 5251 3831 5318 paulo

2249 5340 2370 5403 post
2431 5326 2745 5390 secutorum
2804 5352 3165 5409 successuum
3232 5340 3505 5409 Atmanis,
3566 5343 3826 5402 viciniam

2244 5424 2440 5481 Nicaeae
2474 5442 2735 5499 prospere
2792 5430 3153 5501 incursantis,
3199 5448 3307 5489 non
3340 5448 3570 5506 parvum
3625 5450 3687 5491 se
3720 5437 3828 5493 im-

2242 5521 2482 5589 peratori
2517 5521 2843 5577 beneficium
2906 5525 3209 5583 contulisse
3238 5537 3521 5597 reputans,
3596 5531 3643 5586 si
3677 5545 3739 5585 se
3771 5530 3827 5586 in

2246 5613 2396 5681 pacis
2448 5614 2800 5670 observantia
2859 5624 3070 5674 teneret
3115 5622 3359 5690 quandiu
3393 5622 3484 5678 alii
3534 5623 3589 5679 in
3644 5633 3827 5682 terras

2243 5705 2456 5777 imperii
2490 5722 2597 5763 non
2652 5708 3044 5781 irrumperent.
3102 5714 3241 5770 Illud
3292 5730 3426 5773 vero
3488 5719 3633 5786 exigi
3685 5733 3719 5774 ι
3766 5733 3827 5777 se

2234 5797 2387 5853 haud
2415 5810 2632 5870 equum
2670 5818 2813 5870 esse,
2874 5815 2935 5863 ut.
2995 5806 3190 5877 praedas
3252 5809 3549 5865 multorum
3602 5811 3824 5881 impune

2242 5890 2476 5947 aliorum
2515 5892 2722 5963 rapinis
2757 5894 2962 5953 abactae
2992 5909 3201 5969 partem
3246 5900 3362 5971 ipse
3393 5900 3497 5957 sibi
3532 5914 3639 5956 non
3688 5903 3822 5957 arri-
