4004 6228
302 348 413 421 383

1511 340 1837 416 GEORth
1866 348 2355 413 PACHYMERA!

3474 342 3582 409 εει

303 491 411 548 χην
469 471 790 529 τούντεῦθεν
828 474 930 534 καὶ
976 467 1119 530 εἶναι
1173 464 1272 531 καὶ
1296 461 1698 548 ὀνομάζεσθαι*
1727 474 1778 527 οἱ
1828 470 1885 524 δὲ
1914 474 1962 529 Δ
1996 474 2128 544 παρ’
2156 475 2365 527 ἐκεῖνον
2404 471 2640 544 ἀφίξεως
2662 460 2859 537 even,
2903 467 3251 541 συνέπεμπον
3286 468 3339 522 δέ
3370 472 3416 524 oi
3454 470 3578 534 τοὺς

304 568 525 640 βίϐλους
550 568 887 622 ἀνέπτυσσον
916 568 1008 622 καὶ
1031 571 1273 642 ἱστορίας
1307 560 1641 643 προέτεινον,
1669 567 1766 623 καὶ
1787 565 1891 621 ποῦ

303 662 408 731 μὲν
464 658 766 714 diludia.va
822 658 909 733 [Ρ.
960 658 1090 734 240]
1140 663 1422 735 προσῆγον
1474 663 1755 736 ὀμόσαντα
1794 661 1895 732 τὴν

301 752 637 821 χειροτονίαν
658 752 741 823 μὴ
773 752 1028 823 δέχεσθαι
1045 755 1143 809 καὶ
1172 754 1472 827 δεξάμενον
1510 755 1761 827 ὕστερον,
1789 750 1894 807 ποῦ

297 840 361 898 δε
411 844 503 897 τὸν
535 844 628 898 ἐπὶ
663 843 754 899 τοῦ
813 845 1053 915 μεγάλου
1086 847 1369 903 Βασιλείου
1419 847 1678 919 Βιάνορα,
1729 845 1898 917 Θερα-

300 937 622 991 πευσάντων
652 938 760 992 τῶν
793 922 966 1007 ἁγίων
992 941 1132 1003 ’τοὺς
1181 932 1408 996 ἐκείνων
1438 929 1642 1013 δρκους
1671 939 1899 1013 τρόποις

300 1028 613 1101 οἰκονομίας
670 1030 767 1084 καὶ
826 1035 1209 1103 πνευματικῆς
1267 1033 1678 1098 καταστάσεως.
1726 1029 1897 1087 Ταῦτ’

301 1120 494 1191 ελεγον
539 1122 1069 1195 διαγνωμονοῢντες,
1104 1122 1200 1181 καὶ
1243 1126 1340 1181 ἐπὶ
1381 1115 1659 1191 ’τούτοιςό
1705 1123 1898 1198 χρόνος

302 1202 571 1286 ὶτρίϐετο.
607 1218 779 1280 Μόλις
817 1220 957 1289 μετὰ
986 1221 1085 1292 τὴν
1115 1221 1318 1293 πολλὴν
1346 1208 1772 1293 διαφιλσνευιίαν
1801 1220 1898 1274 καὶ

302 1302 403 1379 τὴν
440 1310 546 1365 ὑπὸ
579 1310 789 1380 βασιλεῖ
814 1314 1061 1386 ἀκροατῇ
1093 1316 1158 1384 γε
1192 1316 1290 1371 καὶ
1318 1314 1650 1387 διαγνώμονι
1680 1314 1897 1370 συνδιά-

308 1401 531 1470 σκεψιν,
571 1404 695 1457 ἐπεὶ
726 1406 825 1459 οὐκ
856 1402 923 1478 ἦν
955 1406 1278 1478 συμϐαίνειν
1307 1408 1405 1473 τὰς
1432 1406 1659 1479 γνώμας
1695 1408 1896 1475 αὐτῶν,

308 1496 389 1560 εἰς
426 1495 563 1550 πολὺ
610 1497 703 1550 τοῦ
742 1498 940 1570 καιροῦ
976 1500 1460 1571 κατατεινομένου,
1493 1484 1747 1572 ἰγνωσαν
1780 1482 1899 1571 ἅμα

308 1584 554 1666 πέμπειν
609 1590 703 1644 καὶ
755 1593 966 1663 ἐρωτᾷν
1017 1593 1226 1645 ἐκεῖνον
1289 1593 1457 1647 αὐτὸν
1513 1582 1898 1666 πατριάρχην,

307 1676 457 1743 ὅπως
488 1680 602 1752 ἔχοι
632 1678 857 1753 γνώμης
909 1674 1003 1738 καὶ
1036 1685 1064 1739 ὅ
1094 1702 1145 1738 τι
1175 1684 1324 1755 λέγει
1353 1685 1447 1739 ἐπί
1492 1701 1553 1739 τε
1586 1689 1651 1757 τῇ
1689 1704 1894 1758 παραι-

311 1772 471 1843 τήσει
511 1774 603 1827 καὶ
626 1775 719 1827 ἐπὶ
748 1775 825 1845 τῷ
853 1770 1214 1849 φημιζομένῳ
1238 1779 1417 1849 ὅρκῳ·
1451 1778 1513 1832 τὸ
1539 1778 1648 1850 γὰρ
1671 1778 1895 1841 εὐλαϐὲς

312 1869 411 1922 καὶ
443 1868 650 1923 ἁπλοῦν
682 1869 774 1923 τοῦ
808 1871 1000 1943 ἀνδρὸς
1024 1871 1286 1943 ἐχέγγυον
1316 1870 1462 1945 εἶχον
1487 1873 1669 1944 λέγειν
1691 1877 1899 1929 ἐκεῖνον

309 1960 380 2024 τὰ
422 1962 602 2033 πάσης
635 1961 966 2029 ἀποδείξεως
994 1966 1249 2038 κρείττω,
1283 1968 1366 2037 ἐφ’
1392 1961 1473 2032 οἷς
1503 1968 1612 2040 ἄρα
1640 1969 1903 2039 Sequem-

313 2042 509 2123 ὄήτουν
558 2055 829 2125 ἀλλήλοις.
874 2058 983 2112 Καὶ
1150 2060 1359 2134 ἠξίουν.
1390 2060 1496 2131 μὲν,
1553 2060 1899 2132 πατριάρχην

328 2145 764 2220 ’Δλεξανδρεὶας,
800 2150 914 2203 ἐκεῖ
951 2150 1047 2205 καλ
1077 2141 1241 2206 αὑτὸν
1273 2141 1770 2227 προκαθεζόμενον.
1802 2154 1901 2224 τῆς

317 2322 696 2382 distinxerim.
759 2331 943 2400 Atque
990 2329 1043 2383 in
1100 2330 1203 2386 hoc
1254 2330 1344 2386 isti
1406 2329 1599 2386 obnixi
1660 2329 1900 2396 stabant,

319 2417 674 2475 contentione
714 2429 865 2475 certa
908 2404 1016 2475 non
1050 2421 1269 2486 cedere,
1306 2421 1433 2478 aliis
1485 2421 1661 2477 nihilo
1713 2423 1905 2478 remis-

317 2510 437 2566 sius
470 2512 927 2582 repugnantibus.
970 2509 1085 2568 Nec
1140 2528 1265 2584 spes
1314 2515 1611 2585 apparebat
1652 2514 1905 2572 finiendae

321 2605 720 2671 altercationis,
751 2621 875 2677 qua:
903 2605 1084 2666 minus
1110 2607 1259 2664 circa
1290 2607 1692 2664 abdicationem
1730 2610 1901 2680 ipsam

321 2713 488 2769 quam
514 2699 659 2761 circa
710 2699 876 2754 verba
929 2700 1019 2754 illa
1059 2701 1357 2770 iuramenti
1420 2701 1658 2773 speciem
1716 2701 1906 2772 praefe-

319 2790 498 2847 rentia
515 2801 821 2850 exarserat.
842 2790 1029 2863 quue
1053 2808 1139 2848 res
1150 2792 1467 2861 devenerat,
1492 2803 1550 2848 ut
1565 2808 1905 2865 quaereretur

319 2897 450 2937 uum
476 2883 693 2937 etiamsi
723 2882 866 2937 torte
900 2898 1021 2938 sese
1053 2884 1144 2938 ille
1174 2882 1571 2941 obstrinxisset
1618 2887 1908 2956 qualicun-

320 2991 430 3053 que
458 2976 794 3047 iuramento,
822 2976 960 3031 solvi
991 2992 1055 3032 ea
1090 2978 1359 3049 religione
1393 2978 1619 3033 deberet
1651 2979 1907 3053 adigique

324 3050 495 3123 nihilo
525 3070 711 3125 secius
735 3072 801 3123 ad
833 3072 1222 3129 resumendam
1258 3066 1466 3127 sedem.
1495 3069 1550 3125 In
1587 3086 1697 3140 quo
1735 3050 1909 3127 velte-

318 3156 541 3217 .tnenter
567 3164 1012 3218 adversabantur
1049 3163 1140 3239 qui
1193 3178 1318 3219 eum
1356 3164 1459 3219 rite
1495 3179 1559 3219 ac
1590 3165 1767 3221 valide
1817 3182 1900 3221 re-
1931 3184 1973 3239 ο

326 3256 608 3325 nuntiasse
639 3236 1075 3321 contendebant,
1132 3255 1405 3309 nefarium
1462 3267 1513 3310 et
1564 3259 1906 3315 exsecrabile

325 3332 764 3421 censetttes,'seu
780 3346 830 3402 el
865 3345 1091 3417 periurii
1133 3355 1497 3417 compertum,
1536 3350 1905 3423 patri‘arcltam

324 3434 526 3491 deinde
556 3446 765 3493 etesse
802 3446 857 3492 et
894 3438 1193 3511 nominari.
1216 3438 1425 3495 Contra
1463 3440 1557 3494 alii
1610 3440 1788 3497 libros
1826 3460 1914 3499 re-

328 3530 604 3601 plicabam
639 3541 876 3599 veteres,
913 3532 1286 3604 historiasqtt'e
1313 3532 1647 3603 allegabant.
1678 3534 1744 3589 Et
1768 3552 1913 3590 nunc

326 3622 547 3694 quidem
614 3622 948 3699 Flavianum.
998 3625 1395 3696 producebant,
1457 3627 1552 3696 qui
1622 3638 1910 3697 postquam

321 3715 570 3787 iurasset
606 3732 665 3773 se
721 3718 1125 3773 ordinationem
1187 3734 1297 3774 non
1347 3729 1727 3791 accepturum.
1790 3735 1910 3775 eam

321 3809 531 3870 deinde
621 3823 801 3866 tamen
877 3812 1199 3882 acreperit‘:
1277 3828 1401 3869 mox
1460 3814 1625 3870 etiam
1674 3824 1917 3884 tempore

329 3904 497 3979 349
525 3909 703 3978 magni
742 3907 926 3964 Basilii
962 3910 1111 3981 paria
1148 3910 1358 3968 dictum
1393 3906 1913 3983 egisse'Bianorem,

324 4003 543 4063 sauttis
568 4001 826 4058 videlicet
866 4004 1122 4061 Patribus
1161 4005 1312 4076 ipso
1356 4006 1622 4077 religione
1683 4008 1918 4079 iurisiu-

335 4096 491 4151 randi
522 4095 891 4161 liberantibus
929 4099 1443 4157 accommodatione
1466 4101 1639 4172 quieti
1673 4110 1808 4159 tunc
1835 4119 1921 4159 re.

336 4201 457 4241 rum
490 4201 792 4257 opportuna
842 4202 893 4245 et
926 4178 1079 4261 ipsis
1102 4186 1390 4264 inapirata'
1419 4193 1707 4251 divinitus.
1763 4193 1917 4251 Talia

336 4280 597 4350 uzrinque
648 4283 993 4337 irrevocabili
1024 4285 1324 4353 pertinacia
1365 4285 1762 4343 contendentes
1787 4286 1921 4341 alle-

337 4372 561 4441 gabant.
598 4377 772 4443 Atque
806 4374 1116 4445 huiusmodi
1148 4376 1352 4445 iurgiis
1400 4387 1614 4450 tempus
1670 4378 1925 4436 absume-

343 4466 525 4532 batur,
568 4467 747 4537 quoad
787 4467 872 4522 vix
906 4470 1125 4524 tandem
1148 4479 1271 4539 post
1312 4471 1538 4526 multam
1576 4471 1723 4527 illam
1760 4472 1923 4528 alter-

338 4560 613 4614 cationem
642 4574 695 4615 et
722 4561 1001 4619 indefesse
1031 4564 1249 4620 cunctis
1278 4566 1565 4635 prmaentis
1611 4578 1922 4638 cunctaque

337 4660 543 4705 attente
571 4652 846 4708 audientis
898 4666 1314 4725 cooperantem,
1374 4666 1538 4726 prout
1579 4668 1811 4729 poterat.
1852 4661 1921 4715 ad

339 4744 545 4816 a’iquid
580 4747 817 4816 denique
843 4748 1255 4805 decernendum
1314 4750 1770 4809 deliberationem
1812 4752 1917 4809 im-

340 4829 632 4910 peratoris,
686 4858 809 4894 cum
866 4842 1027 4897 aliter
1059 4843 1274 4899 infinite
1310 4832 1604 4901 discordes.
1630 4846 1686 4901 in
1749 4863 1919 4902 unum

339 4934 461 5002 (τοίιὶ
504 4918 1128 5016 sentetttizenequirent,
1158 4920 1497 4993 conventum
1530 4955 1758 4997 assensu
1791 4957 1927 4996 cun-

340 5038 553 5083 ctorum
592 5038 674 5082 est
705 5030 849 5085 tnitti
872 5041 1128 5100 oportere
1162 5031 1258 5102 qui
1290 5032 1472 5101 ipsum
1522 5033 1928 5104 interrogarent

342 5122 737 5193 patriam-ham,
772 5140 879 5195 quo
932 5125 1117 5179 animo
1158 5122 1568 5181 abdicationem
1616 5128 1927 5198 scripserit,

338 5215 582 5285 quidque
612 5226 796 5271 mente
824 5229 1067 5276 versaret
1100 5234 1225 5273 cum
1258 5219 1351 5275 illa
1408 5220 1777 5292 iurisiurandi
1817 5220 1927 5275 for-

344 5326 486 5364 mam
527 5308 876 5379 praeferentia
906 5311 1178 5381 proferret
1207 5313 1392 5367 verba.
1431 5312 1561 5367 Eant
1616 5314 1763 5368 enim
1795 5329 1931 5369 con-

338 5402 691 5457 stabatinter
738 5415 931 5457 omnes
984 5417 1108 5459 esse
1139 5402 1515 5457 sinceritatem
1572 5410 1627 5458 et
1658 5403 1930 5474 simplici-

342 5506 512 5553 tatem
545 5497 672 5558 viri.
702 5513 825 5568 quae
878 5497 1123 5567 pignoris
1180 5496 1303 5553 loco
1346 5483 1513 5553 esset.
1541 5498 1726 5553 idonei
1782 5494 1927 5556 baud

340 5592 488 5645 aliud
522 5592 700 5659 ipsum
729 5591 795 5645 de
840 5592 1006 5647 rebus
1030 5591 1112 5645 illi
1154 5591 1246 5645 uni
1280 5608 1347 5645 ex
1378 5591 1588 5648 intima
1639 5582 1928 5651 admonitu

341 5688 697 5743 conscientia:
737 5687 1224 5758 persimtissimis,
1278 5687 1345 5743 de
1370 5688 1575 5758 quibus
1612 5705 1758 5745 nunc
1807 5694 1930 5746 dis-

341 5792 674 5850 ceptaretur.
702 5797 1121 5852 responsurum,
1145 5796 1309 5851 quam
1362 5780 1509 5851 quod
1537 5797 1728 5840 revera
1754 5794 1923 5841 esset.

342 5873 529 5944 Itaque
581 5886 840 5946 rogarunt
874 5874 1240 5945 patriarcbam
1271 5872 1724 5942 Alexandrinum,
1753 5876 1847 5943 qui
1878 5885 1933 5933 et

1997 566 2362 637 συνεροῦντας
2395 568 2491 622 καὶ
2537 566 2631 622 δύο
2660 561 2961 639 ἀρχιερεῖς,
3009 565 3101 618 τόν
3140 578 3198 618 τε
3231 562 3454 633 Κρήτης
3482 564 3582 617 Νι-

1996 657 2238 727 κηφόρον
2264 659 2362 713 καὶ
2415 659 2510 713 τὸν
2549 659 2849 730 Περγάμου
2894 658 3190 731 ’Δρσένιον.
3228 654 3295 712 Oi
3337 656 3431 709 καὶ
3460 658 3583 708 tm-

1998 751 2221 816 στάντες
2245 757 2373 824 περὶ
2403 753 2502 823 τῆς
2538 757 2930 823 παραιτήσεως
2969 751 3067 805 καὶ
3094 750 3189 805 τοῦ
3224 750 3382 820 λόγου
3412 748 3489 814 ὡς
3516 752 3581 803 ἐκ

1996 844 2220 898 συνόδου
2249 846 2432 917 πάσης
2454 847 2550 901 καὶ
2574 845 2844 919 βασιλέως
2873 844 3315 901 διεπυνθάνοντο.

1996 961 2099 1035 λβ’.
2143 963 2286 1032 Περὶ
2323 963 2436 1034 τῆς
2470 964 2619 1035 πρὸς
2656 962 2946 1035 Ἰωάννην
2983 961 3088 1035 τοῦ
3129 960 3591 1035 Ἀλεξανδρείας

2193 1033 2450 1105 ἀφίξεως
2476 1034 2577 1089 καὶ
2616 1034 2726 1103 τῆς
2759 1033 3094 1107 ἀπολογίας
3124 1034 3389 1088 ἐκείνου.

2081 1121 2140 1182 '0
2167 1126 2224 1183 δὲ
2259 1128 2353 1181 τὸν
2378 1127 2646 1197 ἀπόλογον
2676 1129 2802 1181 ὅσον
2824 1122 2893 1198 ἦν
2923 1124 3229 1196 συντεμὼν,
3254 1126 3445 1198 γραφῇ
3486 1142 3587 1197 ση-

2001 1209 2179 1293 μήνας
2219 1220 2565 1276 ἀπέστειλεν.
2601 1214 2711 1273 Ἦν
2758 1214 2800 1273 δ’
2840 1219 2928 1273 ἐπ’
2954 1218 3127 1288 αὐτῆς
3155 1220 3331 1273 εἰπεῖν
3359 1218 3460 1289 τῆς
3490 1218 3582 1271 λι-

1998 1313 2138 1381 ξεως
2175 1313 2378 1385 ἔχουσα
2422 1312 2631 1378 οὕτως’
2666 1331 2684 1364 ι
2722 1312 2986 1380 Δέσποτά
3010 1311 3283 1383 {nomine
3336 1308 3580 1383 βασιλεῦ,

1998 1403 2367 1477 διιμηνύσατό
2412 1424 2502 1478 μοι
2529 1407 2564 1478 ἠ
2597 1406 2839 1479 κραταιὰ
2876 1405 2973 1460 καὶ
3018 1403 3156 1474 ἁγία
3190 1403 3439 1475 βασιλεία
3487 1420 3583 1458 σου

1999 1498 2096 1549 καὶ
2126 1499 2158 1569 ἡ
2192 1490 2313 1552 θεία
2357 1500 2448 1552 καὶ
2481 1493 2602 1569 ἱερὰ
2652 1480 2892 1563 σύνοδος,
2941 1499 3083 1569 μετὰ
3132 1498 3227 1551 τοῦ
3277 1497 3584 1568 άγιωτάτου

1999 1592 2203 1646 πάππα
2234 1594 2327 1648 καὶ
2356 1594 2698 1665 πατριάρχου
2744 1592 3155 1662 ’Δλεξανδρείας
3179 1592 3273 1647 καὶ
3306 1591 3445 1662 μετὰ
3476 1589 3585 1645 τῶν

1998 1686 2093 1740 δύο
2116 1686 2445 1757 ἀρχιερέων,
2467 1686 2553 1739 ἵνα
2583 1685 2967 1756 παραδηλώσω
2984 1684 3050 1755 τῇ
3078 1686 3317 1754 κραταιᾷ
3341 1683 3434 1737 καὶ
3458 1682 3589 1753 άγξᾳ

2004 1776 2253 1849 βασιλείᾳ
2285 1776 2373 1850 [Ρ.
2404 1774 2539 1849 ΞΜ]
2571 1793 2665 1829 σου
2718 1776 2867 1838 ὅπως
2901 1774 3011 1845 [χω
3050 1774 3290 1843 γνώμης.
3318 1776 3446 1845 περὶ
3489 1772 3585 1826 τοῦ

2005 1866 2316 1939 συμϐάντος
2348 1868 2429 1930 εἰς
2460 1865 2561 1936 ἐμὲ
2585 1864 2765 1934 λόγου,
2796 1865 2878 1917 ἔτι
2898 1865 2956 1918 δὲ
2988 1864 3083 1919 καὶ
3110 1863 3362 1935 περὶτῆς
3392 1878 3588 1932 παραι-

2003 1952 2214 2030 τήσεὼς
2244 1975 2365 2026 μου.
2418 1957 2523 2011 Καὶ
2554 1954 2663 2009 ἔδει
2694 1956 2769 2027 μὴ
2798 1955 2858 2009 τὸ
2890 1955 3151 2024 παράπαν
3182 1952 3585 2024 ἀποκρίνασθαί

2007 2068 2099 2122 με,
2139 2049 2242 2119 τῆς
2280 2048 2419 2119 ἐμῆς
2450 2047 2834 2119 παραιτήσεως
2883 2045 3066 2114 σαφῶς
3099 2044 3449 2113 παριστώσης
3488 2043 3586 2113 τὴν

2006 2136 2145 2218 ἐμὴν
2172 2144 2429 2216 βούλησιν
2451 2160 2464 2175 ο
2498 2140 2620 2196 επεὶ
2658 2140 2716 2195 δὲ
2745 2140 2898 2207 μόλις
2942 2138 3036 2193 νῦν
3070 2138 3381 2207 ὲρωτῶμαι,
3413 2135 3488 2197 ὡς
3529 2152 3587 2198 εν

2006 2335 2126 2403 ipse
2154 2330 2208 2386 in
2268 2331 2460 2403 primis
2516 2331 2638 2402 eius
2687 2343 2983 2386 consessus
3006 2322 3289 2385 subselliis
3338 2324 3592 2389 sedebat,

2007 2423 2159 2479 adire
2189 2424 2257 2478 ad
2289 2421 2557 2478 Joannem
2581 2438 2645 2478 ea
2684 2437 2847 2477 causa
2884 2436 2952 2476 ne
2978 2427 3320 2490 gravaretur.
3347 2413 3589 2471 Addide-

2007 2526 2136 2574 runt
2156 2512 2220 2573 ci'
2241 2516 2535 2589 legationis
2567 2510 2732 2589 hujus
2762 2516 2945 2571 socios
2974 2514 3113 2568 duos
3136 2511 3448 2582 episcopos,
3484 2505 3581 2561 Ni-

2008 2613 2313 2681 cephorum
2348 2610 2672 2668 Cretensem
2711 2616 2766 2664 et
2823 2606 3117 2663 Arsenium
3150 2604 3586 2674 Pergamenum;

2007 2706 2101 2776 qui
2125 2716 2179 2761 et
2214 2704 2443 2775 proiecti
2468 2704 2533 2758 ad
2565 2701 2825 2758 Joannem
2862 2701 2932 2757 ab
2969 2714 3036 2757 eo
3060 2699 3283 2753 nomine
3316 2696 3591 2751 universae

2006 2798 2200 2871 synodi
2234 2807 2288 2852 et
2332 2795 2686 2867 imperatoris
2738 2793 3095 2865 quaesierunt,
3137 2790 3266 2859 quid
3326 2788 3394 2844 de
3436 2787 3593 2841 abdi-

2007 2890 2225 2946 catione
2258 2904 2358 2944 sua
2384 2889 2563 2959 deque
2590 2885 2907 2951 verborum,
2932 2882 3137 2955 quibus
3175 2883 3392 2951 iurasse
3437 2879 3591 2934 visus

2008 2994 2174 3047 esset,
2208 2999 2335 3039 vera
2364 2981 2591 3037 nOtione
2619 2980 2736 3051 ipse
2762 2979 3018 3035 sentiret.

2010 3100 2100 3155 32.
2140 3096 2211 3153 De
2263 3094 2614 3152 Alexandrini
2660 3094 2728 3148 ad
2769 3093 3030 3148 Joannem
3078 3106 3287 3146 accessu
3328 3098 3379 3143 et
3428 3088 3592 3159 hujus

2668 3180 2916 3234 responsa
2927 3205 2939 3218 .

2081 3256 2177 3317 Ille
2210 3275 2340 3316 vero
2364 3258 2634 3331 quidquid
2676 3273 2844 3329 super
2870 3257 2955 3313 bis
3004 3254 3449 3325 respondendum
3494 3256 3592 3309 ha-

2012 3352 2166 3409 beret
2195 3353 2386 3425 paucis
2412 3352 2760 3422 complexus,
2787 3349 2996 3420 scripto
3028 3359 3411 3421 consignatum
3440 3350 3593 3404 misit

2014 3442 2168 3499 ltisce
2205 3443 2273 3498 ad
2301 3444 2545 3499 litteram
2574 3452 2839 3513 concepto
2899 3441 3125 3496 verbis:
3169 3460 3186 3491 ι
3238 3438 3464 3496 Domine
3514 3442 3590 3495 mi

2015 3547 2203 3591 sancte
2242 3537 2561 3606 imperator,
2595 3532 2942 3589 denuntiavit
2977 3533 3111 3585 mihi
3148 3542 3343 3601 potens
3381 3542 3437 3587 et
3464 3547 3594 3586 san-

2016 3637 2098 3685 sta
2128 3627 2384 3698 maiestas
2411 3634 2523 3693 tua,
2582 3641 2685 3682 nec
2758 3641 2867 3679 non
2904 3624 3089 3679 divina
3123 3624 3291 3695 350
3326 3634 3379 3680 et
3434 3639 3594 3679 saera

2019 3723 2279 3793 synodus,
2311 3736 2406 3789 per
2426 3719 2834 3776 sanctissimum
2876 3710 3077 3787 papam
3121 3727 3176 3772 et
3226 3720 3597 3788 patriarcltam

2017 3816 2385 3876 Alexandriae,
2418 3826 2470 3869 et
2498 3814 2638 3869 duos
2678 3808 2992 3882 episcopos,
3026 3820 3084 3866 ut
3108 3813 3447 3868 declararem
3498 3827 3600 3881 po-

2021 3908 2156 3965 tenti
2186 3924 2250 3963 ac
2306 3920 2509 3963 sanctae
2557 3907 2831 3975 maiestati
2871 3918 2978 3961 tua:
3033 3906 3163 3976 quid
3222 3906 3483 3960 sentirem
3530 3905 3601 3964 de

2019 4005 2206 4061 verbis
2262 4003 2593 4071 quibusdam
2630 4046 2644 4068 ,
2690 4018 2812 4074 qua:
2855 4002 2990 4056 mibi
3048 4003 3293 4071 proferre
3347 4004 3598 4073 contigit,

2022 4097 2263 4167 itemque
2304 4100 2368 4151 de
2392 4095 2737 4151 abdicatione
2770 4109 2911 4150 mea.
2951 4085 3025 4149 De
3048 4093 3138 4151 bis
3162 4110 3305 4166 opus
3337 4110 3446 4151 non
3481 4081 3602 4152 erat

2024 4189 2324 4261 quidquam
2352 4187 2582 4243 omnino
2604 4186 2924 4260 responderi
2951 4204 2983 4244 a
3014 4202 3123 4252 me,
3158 4203 3284 4242 cum
3311 4188 3445 4245 satis
3482 4205 3603 4245 ma-

2024 4282 2226 4341 nifeste
2259 4294 2494 4339 mentem
2532 4297 2596 4337 ac
2645 4284 2985 4339 veluntatem
3025 4298 3200 4339 meam
3244 4283 3381 4356 .ipsa
3414 4286 3602 4352 expri-

2026 4385 2140 4434 mat
2162 4375 2460 4432 abdicatio.
2492 4374 2763 4443 Quoniam
2796 4387 2977 4432 autem
3013 4392 3161 4433 nunc
3214 4393 3357 4447 aegre
3381 4379 3603 4449 tandem

2026 4471 2235 4542 incipio
2271 4469 2479 4541 rogari,
2509 4470 2751 4525 breviter
2798 4480 3001 4527 sanctae
3055 4486 3121 4526 ac
3173 4472 3384 4541 potenti
3436 4471 3609 4543 maie-

2029 4567 2158 4622 stati
2194 4576 2299 4621 tua:
2335 4566 2439 4622 hoc
2474 4563 2803 4636 respondeo.
2831 4563 2945 4635 Ego
2975 4580 3041 4619 ex
3076 4565 3261 4619 multis
3284 4566 3393 4639 iam
3444 4567 3608 4621 annis

2030 4660 2426 4715 constitueram
2463 4657 2609 4729 apud
2638 4673 2723 4713 me
2770 4674 2871 4714 nec
2907 4658 3097 4729 iurare
3133 4658 3250 4730 ipse
3293 4675 3396 4714 nec
3430 4661 3608 4732 iusin-

2022 4754 2263 4810 randum
2296 4754 2369 4809 ab
2415 4753 2523 4809 alio
2550 4751 2791 4823 exigere,
2840 4767 3020 4822 neque
3069 4753 3457 4806 contumeliam
3516 4768 3604 4807 re-

2019 4845 2400 4901 vnrehensione
2426 4846 2647 4918 dignam
2700 4860 2800 4901 ore
2846 4845 3120 4916 proferre,
3170 4845 3265 4901 sed
3326 4857 3377 4901 et
3431 4861 3606 4915 neque

2037 4936 2290 5007 cuiquam
2318 4935 2459 4989 male
2483 4933 2696 5004 precari
2726 4951 2741 4990 :
2768 4942 2824 4989 et
2856 4932 3141 4991 observavi
3169 4948 3343 5005 usque
3380 4933 3434 4987 in
3460 4934 3605 4988 hunc

2033 5028 2181 5083 diem
2210 5027 2415 5084 Christi
2442 5026 2546 5080 mei
2573 5024 2779 5095 gratia.
2809 5025 2952 5080 ldem
2986 5037 3165 5080 tamen
3216 5026 3283 5080 ad
3329 5036 3609 5081 asset/era-

2033 5122 2239 5178 tionem
2281 5120 2559 5176 dictorum
2617 5135 2867 5176 meorum
2921 5135 3192 5191 usurpare
3242 5136 3363 5177 sum
3415 5121 3610 5175 solitus

2033 5216 2278 5289 vulgaris
2326 5213 2732 5269 consuetudine
2763 5213 3055 5277 sermonis,
3096 5224 3156 5267 ut
3190 5208 3465 5284 simplicia
3512 5226 3612 5267 nec

2032 5310 2291 5381 cuiquam
2322 5309 2485 5364 nasia
2526 5316 2622 5364 aut
2651 5309 2950 5379 iuratnenti
3002 5307 3110 5362 vim
3140 5305 3420 5372 habentia,
3448 5306 3612 5364 verba

2032 5403 2188 5457 haec:
2224 5419 2244 5454 ι
2280 5401 2387 5457 Per
2442 5409 2712 5472 quantum
2764 5400 2944 5455 habeo
3000 5401 3438 5455 misericordiam
3476 5400 3612 5469 Dei,

2030 5512 2129 5566 per
2158 5505 2423 5567 quantum
2460 5510 2579 5550 sum
2608 5508 2802 5548 servus
2831 5490 2960 5560 Dei,
3009 5508 3106 5563 per
3140 5503 3405 5562 quantum
3457 5494 3611 5549 velim

2030 5593 2311 5664 pmnitens
2348 5590 2509 5644 mori.
2556 5608 2575 5640 ι
2632 5586 2825 5656 Itaque
2862 5594 2918 5639 et
2966 5584 3103 5639 illud
3138 5585 3282 5655 quod
3318 5600 3382 5640 ex
3445 5584 3615 5640 animi

2037 5684 2408 5743 amaritudine
2441 5682 2507 5738 ad
2541 5680 2735 5736 fratres
2793 5694 2943 5733 meos
2978 5679 3328 5750 pronuntiavi
3372 5678 3615 5747 eiusdem

2036 5778 2247 5843 formae,
2281 5791 2391 5831 non
2440 5782 2499 5829 ut
2527 5770 2827 5843 iuramenti
2889 5770 2998 5827 vim
3049 5770 3302 5827 obtinere
3355 5780 3621 5842 reputans

2033 5874 2171 5938 dixi,
2207 5869 2303 5928 sed
2330 5864 2681 5941 simpliciter,
2715 5873 2877 5936 prout
2914 5881 3016 5921 usu
3057 5864 3221 5932 longo
3248 5865 3397 5932 loqui
3430 5880 3621 5920 assue-
