3996 6230
337 345 429 407 389

1181 338 1277 400 DE
1320 333 1766 397 ANDRONICO
1797 332 2272 394 PALdiOLOGO
2312 333 2467 397 LIB.
2508 335 2608 397 iV.

3490 342 3603 407 390

336 464 431 536 χῶν
458 460 594 531 ὑπὲρ
620 459 845 521 τούτων,
884 456 976 509 καὶ
996 457 1072 509 ὅτι
1114 455 1289 517 ἄλλως
1314 454 1530 524 ἀνάγκη
1564 447 1632 523 ἦν
1662 454 1756 506 καὶ
1782 452 1897 523 τρί-
1929 454 1972 511 Α
2006 453 2374 518 περιποιοῖντο
2434 453 2494 505 ὲν
2552 454 2674 519 ταῖς
2733 469 2920 523 τιμαις
2977 454 3061 523 (τὸ
3109 453 3217 527 γὰρ
3270 456 3365 511 τοῦ
3405 459 3607 533 Ἰωσὴφ

336 574 409 610 ιον
444 558 531 608 ἐπὶ
560 552 686 606 δυσὶ
721 551 1071 627 πατριᾴρχην
1106 546 1573 619 ιπικηρύττεσθαι
1630 545 1798 603 αὑτοῦ
1842 562 1904 615 γε

331 644 753 719 παραιτουμένου
780 643 910 717 ἤδη,
963 644 1059 698 καὶ
1088 644 1151 699 es
1179 642 1425 713 ἀπρεπὲς
1462 636 1906 709 δυσωπούμενος,

326 757 454 809 εγνω
487 737 1040 811 προκαταλαμσάνειν
1101 736 1365 801 ὶκεῐνους,
1428 734 1519 789 καὶ
1562 734 1791 803 πέμψας
1848 735 1907 785 ἐν

324 834 644 907 ἀπορρήτοις
692 830 919 904 τὴνξὲκ
982 829 1316 897 Νοστόγγων
1390 826 1908 897 Ταρχανειώτισσαν

322 926 726 999 ὁμαιμονοῦσαν
752 925 829 997 τῷ
860 918 1132 996 Κομνηνῷ
1175 925 1398 997 Ἰωάννῃ
1420 921 1514 976 καὶ
1565 923 1634 974 τὰ
1679 920 1908 991 ἐκείνων

320 1022 373 1089 ἐξ
404 1024 575 1091 ἀρχῆς
602 1020 913 1091 φρονοῦσαν
948 1019 1075 1088 ἄγει
1115 1019 1245 1091 παρ’
1276 1016 1475 1087 ἐαυτῷ,
1508 1016 1602 1069 καὶ
1630 1013 1907 1069 κοινοῦται

323 1117 475 1187 ταύτῃ
507 1117 568 1169 τὸ
616 1114 885 1185 σκέμμα,
938 1115 1036 1169 καὶ
1083 1111 1221 1185 πρὸς
1265 1110 1510 1174 ἐκείνους
1558 1110 1649 1164 διὰ
1701 1110 1907 1178 ταύτης

317 1209 696 1282 πρεσϐεύεται,
731 1208 826 1263 καὶ
859 1209 1015 1278 ζητεῖ
1040 1209 1166 1271 τοὺς
1225 1204 1452 1260 ἐκείνων
1498 1203 1770 1275 πρώτους,
1812 1203 1906 1257 καὶ

317 1305 547 1375 μάλιστα
569 1305 696 1369 τοὺς
723 1301 979 1371 τυφλοὺς,
1024 1299 1278 1369 Δάξαρὸν
1327 1315 1387 1353 τε
1432 1299 1527 1352 τὸν
1583 1298 1907 1370 Γοριανίτην

313 1398 402 1451 καὶ
431 1399 522 1450 τὸν
563 1397 902 1467 Περιστέρην
933 1394 1243 1465 Μακάρων,
1276 1386 1423 1462 ὲφίἶι
1460 1391 1555 1446 καὶ
1600 1391 1729 1463 περὶ
1779 1390 1906 1444 τούς

312 1508 413 1543 των
438 1490 594 1559 σφίσι
620 1488 1146 1560 συνδιασκεψασθαι.
1188 1489 1297 1541 Καὶ
1323 1486 1389 1556 δὴ
1413 1487 1707 1557 ἐφίσταται
1742 1486 1838 1555 μὲν
1868 1486 1900 1554 ἡ

313 1584 517 1655 μοναχῆ
546 1582 721 1654 γραῦς
744 1581 1006 1653 ἀσμένοις
1037 1582 1149 1645 τοῖς
1179 1581 1454 1651 μοναχοῖς.
1500 1578 1818 1646 ἐκλέγονται
1848 1579 1904 1631 δὲ

310 1679 436 1746 παρ’
464 1674 653 1731 αὐτῶν
674 1677 787 1738 τοῖς
828 1674 1051 1743 τυφλοῖς
1084 1673 1302 1743 σύναμα
1336 1668 1386 1725 oi
1416 1673 1526 1726 τῶν
1571 1671 1748 1741 ἄλλων
1771 1688 1905 1742 rspo-

311 1773 548 1840 ἔχοντες,
584 1772 679 1825 καὶ
706 1772 788 1833 είς
812 1770 972 1824 πέντε
1009 1768 1353 1841 ποσωθέντες
1387 1766 1898 1833 ὲξαποστέλλονται.

308 1853 405 1915 Ὧν
430 1862 496 1934 δὴ
529 1859 683 1935 [244]
724 1862 819 1914 καὶ
871 1860 981 1913 τῶν
1010 1860 1221 1914 νυκτῶν
1262 1859 1402 1929 ἀωρὶ
1457 1858 1683 1929 μηδενὸς
1736 1859 1901 1914 ἄλλου

309 1955 614 2019 συνειδότος
652 1946 927 2022 ’προσόδου
967 1953 1103 2023 πρὸς
1146 1952 1372 2023 βασιλέα
1422 1952 1824 2022 τυγχανόντων,
1853 1957 1903 2009 οἱ

306 2050 435 2120 περὶ
455 2047 669 2103 τούτων
695 2047 971 2101 κινοῦνται
996 2046 1144 2115 λόγοι
1168 2062 1183 2076 ⁸
1206 2047 1300 2099 καὶ
1325 2045 1577 2117 βασιλεὺς
1604 2046 1755 2101 οὐδὲν
1777 2047 1905 2101 ἄλλο

305 2142 768 2213 προύργιαίτερον
798 2138 999 2213 ἔχωνῆ
1033 2141 1183 2203 ὅπως
1217 2140 1314 2209 μὶν
1344 2140 1404 2193 τὸ
1437 2140 1530 2193 ἐπὶ
1548 2142 1667 2205 ταῖς
1696 2140 1904 2212 πράξε-

308 2253 388 2289 σιν
419 2235 735 2307 ἀμώμητον
764 2230 981 2304 σχοῖεν,
1007 2234 1101 2287 ἐπί
1135 2251 1192 2287 τε
1224 2234 1529 2306 χειροτονίᾳ
1566 2233 1774 2306 δηλαδὴ
1800 2252 1907 2289 πα-

298 2330 570 2401 τριάρχου
631 2328 725 2382 καὶ
760 2329 872 2392 τοῖς
913 2326 1141 2391 λοιποῖς,
1194 2328 1344 2390 ὅπως
1394 2327 1453 2379 δὲ
1502 2327 1593 2381 καὶ
1627 2328 1904 2399 ἀρχιερεῖς

303 2511 524 2568 duobus
561 2509 746 2565 adhuc
804 2509 1161 2576 viventibus,
1224 2508 1523 2565 Athanasio
1572 2516 1627 2564 et
1677 2509 1902 2585 Joanni,

300 2604 679 2678 patriarcham
730 2604 1194 2671 superinducere,
1229 2605 1489 2673 quoniam
1522 2604 1612 2659 bic
1654 2605 1731 2659 illi
1767 2607 1902 2663 sub-

303 2707 538 2769 r0gatus
610 2699 723 2768 jam
782 2699 889 2753 rite
928 2698 1324 2760 renuntiasset.
1382 2698 1574 2770 reique
1634 2698 1905 2756 indecen-

300 2792 435 2848 tiatn
519 2794 775 2859 veritus,
844 2808 1232 2864 praeoccupare
1283 2808 1701 2865 provocareque
1755 2797 1901 2851 ultro

297 2888 369 2942 ad
430 2901 630 2957 pacem
700 2887 1023 2942 Arseniatas
1064 2889 1305 2955 statuit;
1348 2904 1663 2960 arcanoque
1726 2892 1901 2946 accita

302 2978 788 3045 Tarchaniotissa,
816 2996 883 3035 ex
934 2980 1139 3037 familia
1193 2980 1628 3053 Nostnngorum.
1662 2998 1901 3040 consan-

302 3074 503 3143 guinea
552 3069 781 3127 Joannis
806 3072 1100 3141 Comneni,
1134 3090 1301 3145 quam
1351 3077 1638 3132 mulierem
1688 3078 1900 3134 sciebat

2017 546 2361 613 μνημόσυνον
2398 547 2493 601 καὶ
2523 545 2882 617 προπέποτο),
2914 546 3079 609 πολὺς
3132 543 3203 619 ἦν
3256 550 3427 616 ἀξιῶν
3471 554 3609 623 πρὸς

2011 632 2207 694 ταῦτα,
2245 635 2319 705 μή
2353 652 2485 699 πως,
2523 636 2678 705 φησὶ,
2711 638 3207 706 καταπορεθέντος
3266 642 3468 712 μέρους
3514 645 3607 714 μέ-

2015 745 2105 795 ρος
2132 723 2289 793 αὖθις
2317 727 2640 785 ἀνασοόοῐτο
2669 731 2765 784 καὶ
2798 731 2961 786 πάλιν
3012 734 3262 807 ἀναζῷεν
3304 737 3373 791 τὰ
3436 740 3605 795 σκάνρ

2010 822 2165 889 δαλα,
2209 824 2325 881 ἀλλ’
2354 825 2449 896 ὅλη
2492 843 2574 889 τις
2607 830 2699 880 καὶ
2729 830 2814 897 ἐφ’
2843 829 2988 893 ὅλοις
3033 832 3225 905 είρήνη
3284 834 3603 908 ἐπισχεθείη

2011 916 2123 978 τοῖς
2155 914 2469 987 πράγμασι.
2497 916 2671 971 Τοῦτο
2702 919 2833 990 γὰρ,
2859 922 3016 991 φησι,
3052 923 3148 978 καὶ
3186 923 3247 977 τὸ
3308 924 3606 991 σπουδαζὸ·

2014 1022 2194 1076 μενον.
2226 1008 2497 1079 Οίημέντοι
2525 1026 2589 1078 γε
2623 1016 2842 1081 μοναχοὶ
2868 1013 2938 1066 rit
2989 1014 3087 1082 μὲν
3115 1016 3244 1087 περὶ
3287 1017 3394 1071 τοῦ
3441 1035 3607 1091 γενησ-

2012 1100 2241 1172 σομένου
2273 1100 2637 1173 πατριάρχου,
2665 1104 2812 1167 ὅπως
2851 1104 2916 1159 ἂν
2962 1106 3267 1182 ψηφισθείη
3318 1112 3415 1167 καὶ
3453 1113 3609 1178 ὅπως

2009 1196 2367 1264 χειρπονοῖτο
2425 1196 2517 1249 καὶ
2562 1197 2644 1263 τίς
2680 1192 2833 1265 οὗτος
2864 1200 2928 1273 δὴ
2955 1203 3049 1257 καὶ
3098 1205 3299 1269 ὁποῖος,
3341 1207 3433 1261 τὸν
3501 1207 3607 1277 μὲν

2009 1288 2155 1359 ἔχειν
2178 1288 2364 1357 ελεγον
2394 1290 2490 1343 καὶ
2528 1290 2799 1356 ἐπιεικῶς
2825 1295 2919 1348 ἐπὶ
2956 1296 3034 1365 τῷ
3080 1298 3367 1369 πράγματι
3426 1299 3611 1365 ἄξιον,

2008 1382 2106 1454 τὴν
2138 1381 2319 1453 ψῆφον
2344 1380 2573 1441 δῗαὺτοῦ
2626 1385 2719 1441 καὶ
2751 1385 2850 1457 τὴν
2901 1390 3242 1459 χειροτονίαν
3294 1392 3368 1465 μὴ
3430 1394 3614 1464 πράτ-

2008 1491 2122 1527 τειν
2146 1475 2280 1539 ὅλως
2311 1476 2584 1546 ἁπέλεγον
2616 1478 2742 1543 τοὺς
2772 1480 3082 1553 ἀρχιερεῖςο
3121 1485 3265 1555 μηδὲ
3306 1487 3414 1557 γὰρ
3454 1488 3604 1542 ὅσιον

2009 1562 2147 1621 εἶναι
2170 1570 2665 1639 κατασεσεισμένον
2695 1573 2755 1640 ἐξ
2804 1576 2981 1649 ἀρχῆς
3041 1578 3349 1634 ὑποτιθέναι
3385 1583 3474 1636 τὸν
3514 1584 3606 1637 Θέ-

2010 1659 2227 1731 μεθλον.
2275 1661 2415 1715 ’Δλλ’
2443 1664 2685 1729 ἐκείνους
2744 1668 2843 1737 μὲν
2879 1670 3202 1741 ,ἀπρακτεῖν
3256 1673 3315 1726 τὸ
3364 1675 3635 1755 πάμπαν

2010 1752 2105 1807 καὶ
2138 1754 2453 1826 ἡσυχάζειν,
2482 1756 2592 1811 ἔστ’
2623 1758 2689 1813 ἂν
2718 1762 3090 1837 καταστάντος
3120 1752 3462 1839 πατριάρχου
3514 1788 3601 1823 νο-

2010 1846 2183 1918 μίμου
2209 1848 2279 1902 τὰ
2304 1850 2426 1904 κατ’
2448 1852 2643 1915 αὐτοὺς
2663 1853 3020 1923 ὲξετάζοιντο,
3058 1858 3254 1922 αὐτοὺς
3294 1860 3348 1913 δὲ
3380 1861 3476 1915 καὶ
3502 1861 3601 1927 οὓς

2008 1944 2296 2009 κοινωνοὺς
2323 1938 2469 2016 εἶχον
2500 1946 2720 2017 ἑτέρους
2742 1947 3077 2019 ψηφίζεσθαι
3105 1968 3119 1985 ο
3162 1957 3488 2024 χειροτονεῖν
3538 1957 3597 2013 δὲ

2005 2036 2096 2089 τὸν
2120 2036 2227 2091 τῶν
2250 2038 2689 2110 Μαρμαριτζίων
2727 2041 3028 2098 ἐπίσκοπον
3084 2038 3499 2119 προσκληθέντα
3531 2052 3596 2103 ἐκ
3628 2092 3639 2102 .

2006 2127 2231 2197 δύσεως,
2278 2130 2445 2203 ἄνδρα
2504 2120 2739 2205 γηραιὸν
2791 2135 2893 2204 μὲν
2946 2138 3048 2210 ἢδη
3085 2140 3311 2211 καὶτῆς
3361 2144 3597 2206 παλαιᾶς

2004 2224 2221 2295 ἐκείνης
2248 2224 2599 2296 χειροτονίας,
2630 2227 2739 2281 οὐδ’
2764 2229 2899 2292 ὅλως
2950 2229 3007 2284 δὲ
3056 2235 3170 2296 τοῖς
3202 2236 3409 2302 μεταξὺ
3452 2253 3600 2307 πραο

2003 2314 2182 2388 χθεῖσι
2224 2320 2681 2388 κεκοινωνηκέναι
2725 2321 2974 2388 δόξαντα.
3029 2324 3342 2380 ’Υπέτεινον
3388 2328 3443 2381 δὲ
3500 2331 3595 2384 καὶ

2007 2503 2097 2558 nia
2125 2503 2179 2557 in
2209 2504 2314 2558 hoc
2368 2505 2590 2574 negotio
2621 2510 2909 2564 conveniri
2945 2517 3205 2577 oportere
3248 2514 3487 2582 primum
3524 2517 3594 2572 de

2004 2612 2237 2667 persona
2289 2600 2643 2669 promovendi
2711 2602 3076 2671 patriarcha,
3120 2614 3236 2661 tum
3299 2607 3365 2664 de
3418 2608 3593 2679 ipsius

2002 2692 2359 2756 electoribus,
2415 2688 2695 2763 pestremo
2731 2696 2800 2751 de
2832 2696 2925 2752 illo
2958 2713 2988 2752 a
3013 2714 3121 2768 quo
3166 2699 3216 2757 is
3245 2712 3396 2757 esset
3436 2703 3591 2758 ordi-

2004 2784 2243 2839 nandus.
2262 2784 2340 2840 Ac
2371 2785 2548 2840 virum
2574 2786 2793 2857 quidem
2816 2788 2883 2844 iis
2912 2788 3128 2845 abunde
3155 2801 3411 2847 ornatum
3442 2795 3590 2848 doti-

2007 2878 2109 2933 bus
2135 2886 2191 2933 et
2223 2878 2469 2933 moribus
2493 2880 2584 2950 qui
2622 2881 3045 2951 requirerentur
3070 2882 3125 2937 in
3170 2886 3487 2954 patriarcha
3516 2888 3585 2943 ad

2004 2971 2330 3039 Ecclesiam,
2361 2982 2524 3051 prout
2567 2989 2808 3045 presens
2839 2975 2959 3044 ejus
2984 2960 3161 3033 status
3187 2991 3456 3048 posceret,
3487 2979 3590 3051 opo'

2002 3068 2137 3124 time
2157 3066 2475 3137 regendam,
2513 3069 2715 3125 habere
2742 3084 2804 3141 se
2830 3070 2899 3125 ad
2932 3087 3177 3139 manum,
3199 3074 3360 3145 plane
3379 3073 3589 3131 honore

302 3163 389 3219 isti
440 3178 479 3219 a
539 3163 812 3233 principio
845 3174 1011 3221 sectae
1047 3165 1347 3224 adhaesisse
1398 3182 1673 3239 nosseque
1729 3170 1889 3241 ipsius

1996 3160 2096 3216 illo
2142 3159 2576 3233 dignissimum:
2631 3173 2889 3218 ueterum
2939 3166 3258 3236 neutiquam
3306 3166 3391 3224 ius
3439 3184 3583 3237 esse,

302 3257 528 3321 intima,
564 3257 615 3313 ei
658 3258 940 3329 colloquio
969 3272 1185 3314 secreto
1212 3262 1588 3316 cnmmuuicat
1634 3263 1766 3333 quid
1798 3280 1886 3319 co-

1999 3266 2181 3321 neque
2214 3252 2266 3307 id
2316 3268 2558 3325 unquam
2609 3270 2669 3309 se
2712 3270 3001 3324 passuros,
3050 3257 3216 3330 hujus
3256 3259 3584 3317 electionem

299 3351 528 3421 gitarct,
562 3366 735 3423 eaque
755 3352 1055 3422 interprete
1085 3368 1211 3408 cum
1247 3356 1590 3426 primoribus
1623 3360 1894 3415 Arsenia-

300 3452 482 3499 tarum
538 3445 671 3515 agit,
722 3447 883 3501 caecis
939 3446 1199 3517 pracipue
1240 3447 1481 3517 duobus,
1532 3447 1743 3507 Lazaro
1782 3452 1893 3508 Go-

299 3540 504 3596 rianitc
537 3548 593 3595 et
631 3540 869 3595 Macario
910 3539 1209 3605 Peristera,
1243 3552 1302 3598 ut
1337 3546 1605 3615 congredi
1641 3562 1704 3603 ac
1743 3547 1891 3603 deli-

299 3632 500 3689 berare
535 3648 723 3689 secum
747 3632 818 3689 de
851 3634 947 3689 tali
982 3636 1203 3706 negotio
1235 3636 1457 3693 vellent.
1495 3637 1698 3695 Laetum
1743 3641 1891 3699 hunc

293 3739 435 3782 anus
462 3726 736 3782 monacha
762 3728 1170 3799 gratulantibus
1203 3730 1493 3786 monachis
1523 3733 1713 3788 attulit
1740 3749 1887 3789 nun-

296 3822 457 3878 tium.
491 3821 785 3891 Eliguntur
814 3825 883 3878 ab
910 3825 995 3879 his
1019 3825 1203 3879 subito
1228 3834 1428 3897 praeter
1465 3826 1657 3883 ambos
1706 3842 1887 3884 caecos

294 3915 387 3971 alii
418 3932 449 3972 e
474 3925 644 3973 secta:
672 3914 1035 3989 principibus,
1059 3934 1365 3989 omnesque
1382 3922 1628 3992 quinque
1652 3938 1885 3979 numero

293 4012 637 4079 mittuntur;
667 4011 870 4083 quibus
891 4014 1217 4084 intempesta
1240 4023 1401 4068 nocte
1418 4015 1640 4071 nemine
1654 4016 1883 4071 conscio

291 4103 696 4160 admissionem
726 4104 793 4162 ad
831 4104 1132 4175 Augusrum
1171 4106 1372 4171 nactis,
1400 4106 1563 4178 355
1610 4102 1692 4178 agi
1724 4110 1792 4164 de
1824 4125 1882 4165 re

291 4197 583 4253 communi
606 4197 812 4255 mutuis
840 4199 1098 4269 utrinque
1122 4201 1471 4255 sermonibus
1511 4211 1750 4272 emptum
1775 4214 1875 4258 εει.

289 4288 347 4345 In
380 4288 490 4345 hac
518 4289 849 4347 tractatione
879 4292 1325 4360 antiquissimum
1357 4294 1489 4349 illttd
1523 4305 1576 4350 et
1607 4306 1735 4351 ante
1763 4311 1879 4351 om-

288 4380 377 4436 nia
430 4383 881 4439 commendatum
936 4382 1239 4455 imperator
1290 4386 1565 4453 obtinens,
1622 4395 1681 4441 ut
1726 4399 1873 4446 sarta

286 4480 549 4545 tectaque
581 4489 760 4530 rerum
794 4475 1013 4545 publice
1064 4476 1122 4531 in
1150 4475 1396 4533 Ecclesia
1441 4482 1869 4535 constitutarum

2001 3346 2244 3417 permittl
2286 3348 2567 3422 suﬂragiis
2610 3351 2999 3422 episcOporum
3050 3354 3145 3425 qui
3194 3370 3344 3411 nunc
3373 3370 3583 3426 essent,

1997 3444 2201 3514 quippe
2232 3444 2297 3498 ad
2331 3459 2499 3499 unum
2527 3445 2771 3501 omnium
2792 3449 3303 3505 contaminatorum
3330 3452 3415 3507 vel
3447 3468 3587 3507 con-

1996 3534 2230 3590 scientia
2283 3541 2339 3592 et
2382 3537 2807 3607 participatione
2854 3540 3239 3598 scandalorum
3299 3544 3383 3601 his
3432 3554 3582 3602 retro

1996 3629 2157 3683 annis
2186 3638 2530 3685 versatorum
2572 3632 2625 3685 in
2652 3631 2923 3699 Ecclesia,
2955 3634 3036 3691 vel
3061 3638 3391 3708 contagione
3421 3654 3578 3695 com-

1995 3721 2275 3779 munionis
2316 3737 2443 3777 cum
2481 3724 2807 3780 auctoribus
2844 3737 2936 3781 aut
2984 3729 3450 3799 approbatoribus
3484 3746 3580 3785 eo-

1995 3829 2155 3878 rum;
2190 3830 2221 3869 a
2252 3815 2510 3885 qualibus
2534 3816 2697 3873 etiam
2732 3819 2891 3874 electi
2937 3820 3186 3892 plerique
3217 3822 3577 3894 ordinatique

1990 3906 2195 3975 forent,
2226 3909 2351 3967 ideo
2380 3912 2575 3966 merito
2620 3913 2863 3969 universi
2897 3929 2927 3969 a
2959 3916 3085 3984 jure
3107 3917 3357 3991 suli'ragii
3391 3920 3444 3974 in
3471 3921 3575 3975 hac

1986 4004 2254 4059 electione
2274 4006 2613 4061 remouendi.
2647 4005 2783 4061 Cum
2815 4008 2958 4062 enim
2989 4012 3104 4065 haec
3145 4009 3572 4073 fundamentum

1986 4098 2188 4168 negotii
2229 4097 2402 4153 totius
2441 4100 2586 4167 quod
2622 4115 2767 4155 nunc
2796 4111 3054 4171 ageretur
3096 4104 3237 4159 haud
3268 4106 3434 4161 dubie
3477 4106 3572 4173 sit,

1987 4192 2278 4248 manifeste
2308 4207 2579 4263 apparere
2611 4208 2775 4265 quam
2801 4195 2873 4250 sit
2906 4210 3133 4252 necesse
3169 4196 3302 4254 dare
3347 4216 3567 4255 omnem

1983 4300 2204 4357 operam
2220 4294 2279 4341 ut
2296 4299 2356 4341 ea
2377 4302 2774 4359 usquequaque
2789 4296 2979 4345 sancta
2998 4298 3049 4345 et
3071 4290 3581 4362 irreprehensibilis

1982 4380 2075 4446 sit,
2099 4395 2166 4435 ne
2192 4379 2237 4435 si
2265 4382 2689 4452 exceptionibus
2727 4384 3033 4453 reperiatur
3062 4384 3325 4453 obnoxia,
3357 4386 3579 4441 caduca

1977 4480 2033 4526 ct
2062 4472 2359 4539 instabilis,
2391 4481 2584 4542 utpote
2614 4476 2667 4527 in
2699 4474 2819 4530 solo
2847 4475 3039 4531 mobili
3083 4471 3332 4540 fundata,
3369 4476 3575 4547 depre-

286 4568 600 4623 auctoritas
657 4579 928 4635 maneret,
974 4570 1115 4625 ratis
1160 4570 1871 4645 videlicetinculpatisque

1994 4560 2254 4621 tendatur
2294 4566 2549 4622 universa
2614 4578 2917 4623 structura.
2967 4569 3145 4636 Quare
3180 4571 3409 4624 omnino
3440 4585 3577 4625 esse

286 4659 561 4717 habendis
594 4660 942 4717 ordinatione
975 4663 1302 4731 patriarchae
1350 4664 1601 4733 actisque
1654 4667 1870 4724 caeteris

287 4762 398 4807 ttun
422 4754 579 4807 nulla
627 4754 893 4810 movenda
934 4756 1216 4826 episcopis
1248 4758 1356 4827 jam
1385 4758 1575 4813 electis
1604 4761 1873 4815 sacratis-

284 4860 399 4915 que-
421 4853 605 4901 status
635 4845 880 4916 ipsorum
912 4848 1308 4921 controversia,
1339 4864 1444 4903 nec
1475 4849 1871 4907 intercedendo

284 4938 583 5005 quominus
610 4938 736 5009 jure
774 4955 940 5009 quam
966 4942 1174 5010 optimo
1203 4942 1257 4995 in
1291 4956 1390 4996 sua
1418 4942 1656 5013 quisque
1684 4944 1869 5015 digni-

283 5036 394 5083 tate
423 5032 748 5099 persisterct
788 5031 938 5104 (nam
972 5032 1039 5088 de
1071 5037 1598 5092 commemoratione
1642 5035 1868 5105 .Iosephi

283 5136 404 5191 qua:
473 5122 679 5177 dudum
726 5134 1016 5182 exarserat
1062 5128 1361 5193 contentio,
1404 5129 1517 5199 jam
1551 5112 1869 5184 ‘evanuerat

284 5214 699 5287 deglutitusque
738 5216 920 5274 omnis
955 5217 1024 5274 de
1059 5218 1153 5274 illa
1192 5234 1248 5275 re
1280 5221 1578 5290 scrupulus
1608 5222 1774 5293 erat),
1810 5220 1865 5277 in
1916 5272 1917 5275 η

284 5304 399 5370 hinc
433 5313 495 5361 ut
538 5310 924 5365 consentirent
950 5312 1277 5376 Arseniatte.
1308 5314 1498 5369 multis
1530 5317 1715 5371 verbis
1747 5332 1865 5372 ma-

282 5414 498 5473 gnoque
538 5401 725 5458 studio
757 5406 1008 5477 urgebat,
1046 5407 1195 5463 ne'si
1227 5423 1387 5464 secus
1431 5411 1545 5476 ﬁat,
1584 5410 1858 5481 inquiens,

285 5496 524 5565 pacanda
567 5507 722 5567 parte
758 5515 865 5554 una
896 5514 1029 5570 pars
1059 5516 1255 5559 rursus
1302 5507 1473 5559 altera
1507 5505 1863 5575 perturbetur

283 5587 596 5661 iterumque
630 5592 966 5661 repullulant
994 5596 1275 5661 scandala,
1312 5614 1439 5653 cttm
1470 5598 1630 5655 nobis
1661 5616 1864 5655 curan-

284 5679 408 5735 dum
434 5682 506 5736 sit
534 5694 591 5737 ιιι
614 5686 942 5743 universalis
986 5692 1235 5758 quadam
1288 5702 1342 5746 et
1378 5694 1651 5751 universis
1677 5710 1860 5765 aequa-

289 5770 472 5828 biliter
505 5777 797 5845 superfusa
834 5794 937 5850 pax
970 5794 1166 5837 cuttcta
1225 5786 1620 5855 Complectalur
1676 5806 1691 5843 :
1749 5792 1855 5843 huc

289 5866 449 5936 enim,
503 5870 704 5941 aiebat,
761 5876 1117 5941 communia,
1170 5878 1389 5946 Opinor,
1444 5892 1691 5934 nostrum
1736 5896 1857 5936 om-

1981 4660 2355 4717 necessarium
2377 4674 2568 4715 omnes
2608 4663 2703 4731 qui
2728 4677 2878 4717 nunc
2923 4663 3233 4717 habeantur
3282 4664 3571 4719 antistites

1976 4768 2173 4809 vacare
2195 4752 2485 4825 otiarique,
2511 4770 2611 4810 nec
2640 4754 2760 4825 ejus
2791 4755 2928 4811 ullas
2975 4758 3218 4812 muneris
3243 4756 3409 4829 356
3438 4772 3572 4827 paro

1980 4858 2062 4903 tes
2084 4846 2375 4918 attingere,
2410 4847 2587 4917 quoad
2612 4849 2949 4903 constitutus
2970 4847 3023 4903 in
3053 4854 3248 4904 throno
3283 4852 3571 4921 legitimus

1977 4944 2390 5012 canonicusque
2420 4942 2734 5013 patriarcha
2763 4958 2963 4998 causas
2995 4957 3186 4998 eorum
3219 4958 3565 5013 cognoscere

1976 5033 2155 5104 deque
2187 5034 2255 5095 iis
2286 5048 2385 5105 pro
2417 5042 2692 5103 potestate
2737 5042 2903 5106 queat
2933 5033 3257 5091 decernere.
3295 5034 3565 5092 (Ltlculos

1974 5141 2139 5197 porro
2158 5127 2227 5181 ad
2258 5126 2420 5196 hujus
2457 5127 2784 5185 electionem
2816 5140 2945 5181 sese
2979 5141 3043 5181 ac
3071 5136 3360 5183 consortes
3394 5141 3554 5181 eom-

1973 5220 2256 5275 rnunionis
2302 5234 2488 5275 secum
2536 5220 2691 5290 ipsis,
2742 5220 2834 5291 qui
2866 5221 2974 5275 soli
3024 5236 3170 5275 nunc
3221 5221 3289 5277 ad
3338 5222 3388 5276 id
3438 5223 3563 5278 sint

1970 5315 2178 5380 idonei,
2212 5314 2457 5369 daturos.
2483 5314 2864 5369 Ordinatorem
2888 5329 3020 5369 vero
3056 5316 3133 5369 sic
3162 5313 3431 5385 designati
3458 5332 3555 5385 pa-

1972 5412 2229 5464 triarcha:
2264 5418 2459 5478 putare
2514 5423 2573 5461 se
2595 5408 2986 5463 accersendum
3024 5424 3089 5463 ex
3121 5409 3367 5465 Occiduo
3398 5419 3551 5463 truc-

1972 5513 2024 5558 ιιι
2048 5504 2345 5572 quemdam
2368 5503 2690 5573 episcopum
2714 5500 3242 5570 Marmaritziorum,
3265 5504 3559 5557 hominem

1969 5598 2123 5651 valde
2154 5612 2366 5662 senem,
2424 5605 2478 5650 et
2505 5594 2873 5652 ordinationis
2904 5597 3235 5667 antiquioris
3269 5614 3434 5666 quam
3491 5604 3557 5651 ut’

1967 5691 2110 5747 inlici
2142 5691 2384 5762 potuerit
2416 5690 2536 5745 labe
2567 5690 2675 5743 ulla
2706 5690 3109 5745 illaudabilium
3134 5704 3389 5747 actorum
3446 5706 3549 5761 po-

1963 5786 2167 5839 steritts
2194 5784 2370 5854 palam
2397 5785 2768 5841 ailmissnrum
2789 5804 2803 5850 ;
2828 5801 2857 5837 a
2880 5800 3113 5855 quorum
3143 5794 3196 5838 et
3220 5786 3336 5853 ipse
3362 5785 3515 5838 hacin
3552 5814 3555 5815 ν

1964 5894 2072 5933 nus
2123 5877 2549 5948 participatione
2592 5877 2743 5958 omini
2799 5892 2857 5931 se
2889 5893 3084 5948 purum
3114 5876 3427 5933 custodisse
