3996 6230
513 282 633 346 399

1707 283 2033 349 GEORGII
2074 278 2558 342 ΡΑΟΗΥΜΕΗιΕ

3648 273 3777 336 400-

525 395 663 459 ζειν.
697 395 841 467 Πλὴν
866 396 922 449 re
948 395 1222 471 μὲν-κήδε’
1248 399 1488 470 ἑῳῆφθαι
1540 399 1854 471 Ῥωμαίοις,
1887 397 2095 464 ἔλεγον.
2127 397 2170 454 Α
2200 391 2626 462 θαυμαστδςξμὲν
2645 388 2850 454 ἐκεῖνος
2869 382 3171 454 δόξειενᾶν,
3197 378 3517 456 μακαριστοὶ
3538 382 3752 457 ῘΡ.2501

519 489 623 544 καὶ
648 488 817 544 ταῦτα
847 489 916 543 τὰ
940 491 1173 564 μέγιστα
1206 486 1282 549 ῶν
1304 494 1442 565 ἀκοῇ
1488 493 1926 566 παρειλήφαμεν,
1979 487 2103 542 οὔτε

527 582 777 656 μάντεως
799 582 922 638 οὔτε
946 586 1058 656 μὴν
1083 588 1358 659 προφήτου
1387 589 1563 642 εἰπεῖν
1603 585 1873 658 χρῄζοιεν.
1941 581 2014 636 Τδ
2045 580 2103 635 δὲ

517 677 619 731 καὶ
651 675 834 745 θεόθεν
864 678 1242 751 ὀργιζομένου,
1277 681 1368 734 καὶ
1395 679 1462 741 ἃς
1494 678 1622 750 εἴπῃ
1647 696 1730 741 τις
1781 677 1847 732 ἂν
1899 676 2100 739 αἰτίας,

524 757 738 823 πολλῶν
765 787 829 839 γε
867 770 1062 837 οὐσῶν,
1092 772 1380 844 ἐξαίρομεν
1430 772 1616 843 μέντοι
1676 771 1771 824 καὶ
1817 769 2102 840 ἁμαρτίας

505 862 625 943 ,τὰς
672 862 769 928 τοῦ
819 864 942 918 καθ’
995 864 1242 933 ἕκαστον,
1295 864 1650 938 Χριστιανούς
1687 880 1752 942 γε
1796 861 1953 925 δντας
2010 858 2104 914 καὶ

525 956 927 1028 πρεσϐεύοντας
950 958 1205 1030 πρόνοιαν
1234 958 1382 1023 εικὺς
1415 959 1636 1021 ἐννοεῖν,
1681 938 1773 1011 καὶ
1814 956 1867 1010 el’
1909 955 1960 1024 γ’
2009 954 2104 1006 ἐπὶ

524 1050 732 1115 τούτοις
760 1052 794 1122 ή
838 1051 930 1106 ἐπὶ
957 1050 1050 1104 τοῦ
1091 1050 1339 1121 λιπαρῶς
1373 1047 1508 1122 Θεοῦ
1563 1048 1778 1104 δέεσθαι
1828 1045 2100 1118 συμϐουλή

521 1144 598 1208 ὡς
630 1141 966 1214 εὐμενίζοιτὸ
994 1160 1072 1197 τε.
1106 1143 1199 1197 καὶ
1250 1143 1421 1215 ξλεῴη
1481 1143 1720 1216 ¹ἵσταται,
1790 1139 2103 1211 θαυμαστὸν

519 1234 694 1288 οὐδέν.
727 1233 1047 1303 Τούναντίον
1077 1233 1175 1304 μὲν
1210 1233 1302 1287 οὖν
1336 1232 1400 1287 ἂν
1439 1231 1749 1303 θαυμαστὸν
1773 1231 1822 1282 si
1850 1230 2106 1301 εὐθηνοῦ-

522 1342 608 1380 σιν
627 1329 684 1390 ἐς
715 1325 860 1396 ἅπαν
892 1326 984 1380 καὶ
1010 1326 1161 1380 οὐδὲν
1194 1325 1374 1396 ἔχουσι
1402 1324 1646 1395 λυπηρὸν
1695 1323 1952 1394 προέλεγὲ
2021 1337 2105 1386 τις

484 1418 489 1423 ’
519 1419 592 1474 τὰ
617 1419 842 1505 φοϐερὰ,
880 1417 946 1474 ἂν
974 1417 1109 1479 τέως
1143 1417 1456 1482 ἀπέϐαινον,
1489 1417 1637 1470 ὅπου,
1663 1433 1727 1485 γε
1786 1414 1881 1471 καὶ
1920 1414 2128 1486 Ἰωνᾶς

523 1503 876 1576 ὑπωπτεύετο
900 1503 1206 1572 Νινευτταις
1232 1509 1478 1580 τρυφῶσι
1529 1509 1691 1581 μέχρι
1759 1507 1856 1563 καὶ
1911 1506 2101 1576 ἀκοῆς,

522 1605 726 1668 ἁλλ’,οὑ
761 1606 977 1675 πείρας,
1006 1602 1310 1677 σταθέντων
1332 1601 1436 1655 τῶν
1466 1601 1750 1672 λυπηρῶν.
1782 1601 1846 1654 El
1899 1599 1956 1654 δὲ
2006 1599 2109 1656 καὶ

526 1697 861 1771 προφητείας
893 1696 1089 1768 aetate
1127 1713 1209 1760 τις
1259 1695 1350 1750 ἐπὶ
1393 1693 1472 1766 τῷ
1509 1694 1692 1749 πλέονι
1737 1693 1844 1749 τῶν
1894 1692 2099 1758 κακῶν,

527 1883 901 1940 admonebant
945 1882 1056 1948 alii,
1103 1894 1542 1953 magnopereque
1573 1893 1730 1935 secus
1771 1875 2103 1948 suspicando

527 1977 922 2033 incumbebant
972 1975 1038 2028 ad
1089 1975 1487 2046 reprobandam
1532 1981 1700 2029 totam
1745 1988 1895 2041 rem;
1938 1985 2101 2042 quam

526 2085 632 2125 nec
685 2068 1009 2137 dubitabant
1052 2067 1326 2138 appellare
1374 2066 1752 2138 operationem
1804 2063 2104 2120 adversarii

528 2161 776 2234 spiritus,
816 2152 911 2216 Dei
949 2159 1184 2230 gloriam
1219 2158 1477 2226 fut-antis,
1517 2174 1577 2215 ea
1617 2157 1877 2232 quaqueo
1902 2172 2104 2214 conve-

534 2257 695 2310 niunt
737 2251 1131 2326 przaripiendo,
1161 2261 1218 2306 ut
1248 2267 1480 2324 magnus
1508 2252 1660 2325 loqui
1695 2252 1907 2310 solebat
1932 2253 2106 2306 Anto-

530 2347 678 2407 nius.
746 2335 867 2402 Non
930 2345 1158 2413 deerant
1208 2346 1300 2418 qui
1355 2345 1612 2401 humanis
1670 2344 1974 2416 disciplinis
2038 2360 2106 2399 ex

533 2440 922 2511 observatione
951 2439 1285 2494 naturalium
1325 2437 1603 2510 signorum
1643 2437 1914 2509 ejusmodi
1943 2453 2111 2495 even-

527 2541 622 2589 tus
646 2531 899 2604 praesciri
947 2545 1014 2586 ac
1059 2531 1279 2601 pradici
1311 2530 1656 2602 disputarent
1686 2545 1870 2602 posse.
1905 2531 2110 2591 Omnes

527 2637 716 2692 tamen
769 2625 1162 2698 requirebant,
1211 2624 1360 2680 velut
1423 2622 1841 2680 fundamentum
1897 2634 2107 2684 certum

531 2720 878 2777 stabilienda
908 2719 976 2775 de
1007 2719 1114 2774 hoc
1144 2717 1365 2791 negOtio
1390 2731 1535 2772 veras
1572 2719 1889 2783 sententiae,
1922 2719 2115 2789 cogni-

527 2817 737 2872 tionem
760 2829 1006 2888 personae
1028 2828 1090 2869 ac
1122 2800 1362 2868 nominis
1380 2811 1502 2882 ejus
1522 2827 1634 2884 quo
1657 2812 1725 2867 de
1746 2822 2109 2882 quaereretur,

532 2909 650 2966 rati
681 2909 930 2982 quandiu
981 2909 1030 2964 is
1083 2907 1150 2964 de
1212 2907 1351 2962 facie
1395 2905 1538 2962 foret
1590 2922 1656 2963 ac
1706 2908 1816 2962 vita
1867 2907 2111 2978 ignotus,

528 3011 760 3057 cunctas
777 3003 831 3056 in
855 3015 978 3057 eum
1002 2999 1303 3070 quamlibet
1324 2997 1583 3055 sinistras
1601 3007 1749 3053 recte
1769 2998 2112 3069 suspiciones

2131 1759 2179 1820 B

2200 483 2258 537 δὲ
2289 482 2381 537 καὶ
2409 484 2568 554 ήμεϊς
2592 478 2938 552 λογιζοξμεθα
2971 478 3046 542 ὡς
3074 478 3175 531 οὐκ
3203 477 3432 546 ἐκείνου,
3465 476 3577 531 ἀλλ’
3613 477 3755 548 ἡμῶν

2203 589 2267 643 γε
2295 573 2455 645 χάριν
2502 574 2602 645 τῆς
2632 561 2992 646 προρρήσεως
3056 568 3362 640 γεγονυίας.
3420 569 3756 640 Κρύπτεσθαι

2207 667 2303 738 μὲν
2330 661 2422 721 οὖν
2453 667 2655 720 ἐκεῖνον
2679 667 2773 718 καὶ
2795 663 2870 737 μὴ
2896 662 3299 734 φανερούμενον
3340 661 3666 733 ἐκφανεροῦν
3696 662 3757 716 τὰ

2204 758 2324 813 θεῖα
2349 758 2645 830 μυστήρια,
2676 756 2810 826 πρὸς
2843 756 2922 827 τῷ
2960 753 3032 827 μὴ
3059 748 3268 821 ἔνδοξον
3294 749 3429 807 εἶναι
3483 753 3619 807 κατὰ
3666 753 3758 824 τὴν

2203 850 2451 924 Γραφὴν,
2483 850 2576 902 καὶ
2609 847 2928 911 κινδυνῶδες
2961 845 3308 900 καθίσταται.
3333 843 3443 898 Καὶ
3479 846 3598 898 ὅσον
3620 845 3760 916 ἡμᾶς

2205 942 2352 997 δίκαι
2384 940 2828 1013 περιελεύσονται
2878 936 3402 1008 κατωλιγωρηκότας
3447 935 3671 1000 δίκαιαι,
3717 937 3760 989 si

2203 1035 2301 1100 τὰς
2329 1033 2510 1097 αἰτίας
2537 1034 2744 1094 ἐκεῖνος
2776 1030 2924 1099 λέγει
2979 1030 3073 1083 τοῦ
3126 1027 3405 1097 δαιμονίου
3450 1027 3760 1099 μηνίματος,

2203 1127 2376 1191 οὕτως
2407 1126 2600 1196 ἐκείνῳ
2631 1126 2917 1197 σιγήσαντι
2950 1124 3010 1177 τὸ
3035 1122 3124 1176 διὰ
3168 1121 3494 1193 κηδεμονῖαν
3539 1133 3780 1194 προορα-’

2207 1222 2295 1277 θὲν
2317 1221 2557 1284 κίνδυνος
2579 1220 2992 1293 περιστήσεται.
3023 1217 3096 1271 Τὸ
3126 1216 3172 1270 δ’
3216 1217 3308 1270 ἐπὶ
3362 1198 3571 1280 τούτοις
3625 1217 3763 1287 ιστᾷν

2203 1313 2265 1367 τὸ
2323 1311 2506 1385 θαῦμα
2570 1311 2643 1383 μὴ
2685 1311 2782 1374 τὰς
2832 1309 3010 1374 αξτίας
3043 1308 3290 1377 λέγοντα,
3343 1309 3440 1362 καὶ
3481 1306 3678 1369 ταύτας
3707 1308 3762 1360 οὺ

2204 1406 2392 1468 κοινὰς
2424 1402 2519 1457 καὶ
2551 1402 2805 1474 συνήθεις
2827 1401 2904 1472 τῷ
2929 1401 3140 1472 κόσμῳ,
3168 1401 3284 1454 ἀλλ’
3319 1399 3449 1463 ἴσως
3493 1398 3626 1463 ιδίας
3679 1401 3766 1452 καὶ

2205 1498 2553 1567 καινοφανείς
2610 1490 2903 1567 ⁴ἄντικρυς,
2970 1493 3044 1565 μὴ
3074 1478 3189 1547 ’καὶ
3239 1492 3416 1563 ἑαυτῷ
3474 1482 3574 1556 τις
3607 1491 3779 1560 λέγων·

2204 1589 2430 1645 τοιαῦτα
2459 1590 2770 1660 περιποιοίη
2811 1588 2904 1642 τὸν
2949 1588 3275 1658 θαυμασμον
3305 1586 3661 1658 συναρπάζων
3683 1587 3770 1658 μό-

2204 1702 2295 1740 νον
2327 1683 2422 1740 καὶ
2444 1682 2604 1749 δόξαν
2641 1681 2973 1755 θηρώμενος.
2998 1680 3182 1735 Ταῦτα
3209 1680 3462 1749 λέγοντες
3507 1680 3652 1750 δῆλοι
3679 1679 3772 1747 μὲν

2207 1871 2368 1932 ιῑιιιιε,
2408 1844 2850 1925 denuntiatorem
2902 1863 3078 1923 cladis
3115 1876 3398 1933 extremae,
3447 1878 3572 1934 quae
3621 1878 3767 1920 aures

2207 1969 2385 2024 solum
2423 1967 2543 2024 sine
2575 1964 2684 2022 ullo
2714 1964 3069 2037 experientiae
3109 1979 3276 2020 sensu
3308 1965 3626 2035 perculerit,
3662 1978 3772 2020 sese

2209 2068 2437 2132 repente
2495 2060 2766 2130 objecisse
2834 2050 3114 2115 Nini'vitis.
3188 2057 3488 2113 Enimvero
3552 2057 3598 2114 si
3661 2057 3771 2127 quis

2207 2155 2374 2211 nobis
2428 2167 2560 2210 vero
2611 2152 2917 2224 prophetia:
2962 2152 3159 2223 spiritu
3203 2152 3492 2207 seafilari
3542 2152 3771 2208 evidenti

2207 2245 2582 2318 experimento
2614 2247 2771 2302 fidem
2803 2245 3029 2310 faceret,
3058 2260 3171 2302 rem
3201 2245 3395 2316 utique
3422 2245 3773 2302 manifestans-

2211 2340 2718 2412 humanoingenio
2745 2338 3157 2396 inscrutabilem
3196 2355 3209 2392 :
3258 2352 3488 2394 causam
3533 2336 3773 2392 videlicet

2210 2434 2410 2490 divina:
2451 2435 2509 2488 in
2560 2449 2662 2488 nos
2709 2431 2851 2494 irae,
2880 2443 3003 2504 quae
3046 2445 3318 2487 summum
3369 2430 3642 2486 malorum
3685 2433 3781 2485 nos'

2212 2527 2520 2600 urgentium
2552 2541 2746 2582 revera
2795 2528 2999 2581 malum
3031 2533 3135 2590 est,
3169 2525 3330 2580 hunc
3359 2523 3518 2594 justa
3570 2523 3772 2595 quidem

2211 2620 2578 2677 admiratione
2639 2634 3104 2692 prosequeremur
3149 2634 3165 2674 :
3215 2620 3309 2674 sed
3345 2621 3410 2674 'et
3469 2618 3634 2674 simul
3690 2631 3776 2673 nos

2214 2705 2406 2770 beatos
2461 2721 2874 2784 reputaremus,
2927 2727 3160 2786 quorum
3215 2712 3428 2769 scilicet
3467 2713 3521 2767 in
3557 2712 3774 2783 gratiam

2213 2824 2278 2864 ac
2333 2807 2571 2863 fructum
2623 2807 2977 2878 peculiarem,
3031 2821 3142 2862 non
3194 2815 3375 2861 autem
3420 2806 3481 2862 in
3515 2807 3776 2878 propriam

2211 2903 2300 2961 sui
2344 2902 2692 2973 jactantiam,
2733 2901 3009 2971 ejusmodi
3059 2912 3220 2976 esset
3245 2916 3312 2957 ex
3359 2902 3478 2958 alto
3527 2902 3776 2973 inspirata

2215 2995 2571 3066 praedictione
2605 2995 2947 3065 perfunctus.
2975 2993 3254 3050 Abscondi
3281 3009 3410 3050 vero
3443 2995 3622 3067 ipsum
3647 3004 3697 3052 et
3720 3010 3778 3051 ex

530 3095 746 3152 cadere.
775 3095 1070 3160 Caeterum,
1102 3092 1354 3148 nonnulli
1381 3092 1626 3158 aiebant,
1657 3094 1761 3171 hac
1792 3102 2115 3163 tempestate
2141 3125 2185 3185 Ο
2216 3089 2439 3144 occulto
2455 3102 2645 3144 vocem
2668 3097 2905 3154 mittere,
2931 3083 3294 3160 praeterquam
3319 3088 3606 3156 indecens,
3628 3084 3778 3146 etiam'

532 3186 1030 3257 adintelligendum
1049 3184 1454 3254 dicendumque
1477 3183 1800 3255 ingruerein
1821 3184 1984 3257 364
2005 3182 2113 3238 Ro‘
2150 3179 2183 3185 ⁷
2211 3179 2370 3252 juxta
2436 3180 2808 3236 testimonium
2859 3180 3162 3252 Scriptura:
3205 3180 3367 3253 365
3419 3183 3777 3253 periculosum

526 3291 730 3336 manes
757 3275 1082 3342 infortunia,
1109 3286 1165 3332 et
1192 3291 1254 3332 ea
1282 3276 1506 3350 quidem
1531 3275 1775 3332 omnium
1800 3292 1927 3348 quae
1947 3277 2113 3333 fando

532 3371 848 3429 audivimus
894 3359 1154 3436 maxima,
1201 3383 1306 3425 nec
1355 3377 1480 3424 vate
1524 3382 1624 3423 nec
1663 3369 1928 3438 propheta
1975 3351 2116 3440 opus

533 3463 837 3526 habemus,
890 3455 1227 3531 experientia
1267 3459 1488 3531 publica
1544 3459 1598 3516 ἶ]
1651 3458 1849 3530 cuique
1893 3459 2114 3516 abunde

534 3563 899 3615 monstrante.
943 3554 1001 3610 in
1044 3568 1111 3610 eo
1160 3554 1340 3610 solum
1393 3565 1528 3622 usus
1571 3561 1721 3610 esset
1762 3541 1816 3606 et
1849 3551 2025 3607 mirus
2059 3557 2116 3607 et

535 3639 800 3724 optabilis
828 3649 1113 3706 monitoris
1141 3647 1407 3704 divinitus
1437 3646 1624 3711 amati,
1651 3646 1695 3701 si
1717 3645 1843 3717 quis
1863 3629 2115 3717 indigna;

538 3744 706 3800 tionis
756 3743 850 3799 Dei
905 3740 1211 3798 manifesta:
1235 3741 1347 3813 jam
1380 3740 1435 3797 in
1467 3755 1566 3797 nos
1597 3753 1833 3795 arcanas
1866 3745 1922 3795 et
1952 3738 2115 3796 nobis

535 3839 701 3894 noxie
742 3838 1022 3907 ignoratas
1056 3851 1086 3892 e
1121 3834 1261 3891 caelo
1301 3834 1532 3890 edoctus
1582 3833 1851 3906 indicaret
1891 3819 2114 3889 causas.

534 3926 741 4001 Nempe
770 3930 826 3985 in
859 3943 1055 4001 genere
1090 3927 1312 3998 quidem
1355 3932 1588 3989 scimus,
1621 3935 1894 3998 quotquot
1923 3925 2117 3982 imbuti

536 4025 872 4086 Christianis
905 4021 1218 4093 disciplinis
1252 4021 1632 4078 administrari
1665 4019 1929 4075 mundum
1960 4032 2118 4089 aequa

535 4128 593 4176 et
631 4117 866 4190 sapienti
903 4117 1249 4190 providentia
1288 4108 1778 4187 persuasissimum
1829 4111 2117 4177 habemus,

535 4213 778 4287 peccatis
809 4213 1019 4282 utique,
1050 4210 1236 4281 qualia
1269 4208 1517 4280 quotidie
1547 4207 1780 4277 plurima
1812 4211 2119 4275 patrantur,

537 4309 674 4365 iram
717 4305 808 4360 Dei
835 4311 1027 4360 contra
1063 4302 1314 4357 homines
1349 4299 1592 4355 armari:
1624 4299 1904 4368 quodnam
1934 4303 2119 4352 tamen

536 4398 886 4471 potissimum
920 4396 1170 4463 nostrum
1206 4394 1415 4448 crimen
1445 4392 1558 4446 haec
1592 4390 1696 4445 sub
1727 4389 1932 4459 quibus
1961 4386 2123 4443 hodie

2215 3282 2322 3331 est.
2354 3275 2432 3329 Ac
2462 3285 2668 3345 quanto
2697 3289 2799 3330 nos
2823 3274 2986 3344 plecti
3018 3274 3225 3347 justius
3249 3277 3518 3332 immissis
3542 3276 3780 3331 divinitus

2217 3367 2470 3423 cladibus
2507 3367 2863 3422 manifestum
2897 3367 3068 3434 fieret,
3101 3366 3193 3422 ubi
3220 3367 3504 3422 declarata
3541 3385 3637 3437 per
3673 3384 3780 3424 eum

2217 3463 2378 3516 nobis
2431 3465 2592 3531 culpa
2646 3469 2838 3516 nostra
2879 3461 3162 3532 quapiam,
3195 3475 3317 3532 quae
3344 3459 3590 3518 divinam
3615 3462 3666 3516 in
3696 3476 3782 3516 nos

2215 3552 2654 3622 indignationem
2704 3554 3048 3618 concitaret,
3095 3568 3193 3609 nos
3242 3553 3298 3608 in
3356 3569 3418 3609 ea
3477 3553 3784 3628 corrigenda

2218 3665 2414 3720 segnes
2469 3635 2740 3716 essemus,
2793 3657 2943 3705 tanto
2996 3648 3080 3705 illi
3131 3633 3246 3704 rem
3288 3634 3506 3705 tantam
3551 3658 3603 3706 et
3654 3651 3783 3705 scitu

2219 3742 2459 3799 maxime
2491 3741 2678 3798 utilem
2713 3741 2934 3807 celanti,
2971 3733 3242 3813 siquidem
3277 3743 3379 3797 scit
3413 3734 3585 3814 (seire
3613 3745 3778 3797 autem

2220 3837 2400 3907 ipsum
2433 3844 2673 3906 oportet,
2708 3833 2751 3891 si
2782 3835 3046 3906 propheta
3091 3835 3164 3891 sit
3206 3851 3222 3889 :
3272 3849 3400 3890 nam
3456 3836 3560 3892 hoc
3600 3852 3785 3892 nomen

2220 3929 2417 3985 mereri
2462 3929 2578 3984 sola
2633 3927 3052 3983 denuntiatione
3094 3942 3274 3983 rerum
3324 3944 3450 3998 quae
3494 3944 3529 3999 ,α
3581 3931 3788 3985 nemine

2221 4024 2547 4095 ignorantur
2599 4021 3020 4091 haudquaquam
3070 4020 3294 4091 potest),
3331 4031 3510 4088 tanto,
3551 4021 3785 4092 inquam,

2222 4116 2314 4174 isti
2349 4115 2594 4174 reticenti
2619 4114 2765 4185 quod
2791 4114 3136 4185 potissimum
3173 4116 3488 4185 publicasse
3511 4116 3786 4181 debuerat,

2223 4211 2445 4280 gravius
2488 4210 2737 4264 imminet
2767 4207 3066 4278 periculum
3099 4211 3324 4265 rationis
3368 4225 3435 4265 ex
3476 4211 3596 4280 ipso
3626 4227 3654 4265 a
3689 4209 3788 4263 Deo

2224 4303 2531 4372 repetendas
2583 4302 2726 4356 male
2771 4301 2912 4373 gesti
2971 4301 3287 4358 ministerii.
3339 4301 3578 4359 Tantum
3635 4305 3790 4376 igitur

2226 4395 2489 4451 absumus
2536 4409 2566 4448 a
2605 4392 2928 4465 judicando,
2970 4394 3136 4450 istum
3191 4394 3510 4465 quicunque
3559 4405 3662 4463 est,
3702 4397 3789 4466 qui

539 4493 808 4562 gemimus
826 4491 1037 4562 ﬂagella
1061 4487 1415 4552 ulciscantur,
1449 4495 1511 4539 ut
1532 4486 1933 4554 incompertum
1963 4481 2122 4536 nobis
2157 4495 2200 4552 ι)
2231 4486 2340 4556 peti
2375 4501 2474 4542 nos
2501 4487 2820 4546 ςωιεειίὺιιε
2851 4481 3106 4557 flagellis,
3139 4485 3282 4558 quod
3312 4488 3490 4546 cuivis
3519 4499 3602 4547 est
3631 4489 3792 4547 netis-

542 4593 650 4643 est.
705 4582 778 4635 ita
831 4587 982 4636 esset
1027 4577 1380 4633 utilissimum
1435 4573 1646 4630 doceri.
1690 4572 1785 4627 Sic
1833 4572 2002 4636 enim,
2054 4585 2121 4624 eo

539 4672 908 4738 emendando,
948 4670 1074 4726 fons
1108 4670 1382 4724 malorum
1426 4674 1617 4737 posset
1652 4663 1886 4720 obstrui.
1927 4662 2124 4744 Consi-

542 4768 676 4820 lium
730 4779 864 4818 sane
911 4761 1019 4817 Deo
1061 4759 1434 4830 supplicandi,
1469 4769 1527 4812 ut
1557 4755 1845 4829 propitiari
1885 4769 1946 4810 se
1978 4745 2124 4810 sinat

542 4869 596 4914 et
645 4857 817 4910 nostri
871 4855 1227 4918 misereatur,
1276 4851 1346 4907 iis
1398 4858 1713 4920 suggestum
1747 4848 1840 4918 qui
1870 4848 2125 4903 vindicta:

544 4951 742 5005 divinae
761 4947 937 5019 plagis
963 4962 1108 5001 nunc
1136 4945 1373 5000 maxime
1395 4940 1838 5014 ﬂagrantissimis
1863 4949 2121 5005 uruntur,

547 5043 684 5098 nihil
719 5042 883 5096 habet
913 5039 1167 5095 mirabile
1193 5052 1259 5091 ac
1287 5035 1597 5107 prudentiae
1626 5033 1868 5105 vulgaris
1903 5032 2122 5087 modum

544 5135 845 5190 excedens.
903 5130 1143 5202 Agnosci
1192 5129 1412 5201 quidem
1477 5129 1619 5182 forte
1676 5134 1867 5196 posset
1922 5125 2123 5194 suspici

543 5229 767 5300 dignum
799 5226 1002 5294 aliquid
1032 5233 1085 5280 et
1113 5232 1274 5294 captu
1295 5222 1550 5293 superius
1583 5220 1821 5274 humano
1853 5218 1908 5273 in
1938 5233 2001 5274 eo
2031 5218 2122 5286 qui

466 5351 470 5356 -
547 5319 763 5377 consilii
789 5320 912 5374 talis
942 5317 1258 5387 inopinatus
1291 5324 1484 5368 auctor
1515 5319 1836 5382 exsurgeret
1863 5311 1916 5364 in
1951 5312 2126 5365 medio

547 5391 728 5486 populi
770 5412 942 5467 felicis
976 5423 1028 5465 et
1071 5409 1285 5465 cunctis
1325 5418 1531 5461 natura:
1577 5420 1640 5460 ac
1675 5405 1909 5459 fortuna
1944 5405 2124 5468 bonis,

545 5509 665 5562 sine
701 5506 805 5559 ulla
855 5502 1021 5558 sortis
1066 5502 1306 5554 adversae
1355 5497 1671 5561 formidine,
1704 5495 2122 5562 ﬂorentissimi;

545 5601 760 5676 qualem
809 5598 1123 5665 accepimus
1156 5591 1348 5646 Jonam
1393 5591 1734 5660 prophetam,
1769 5604 1798 5643 e
1824 5587 2125 5658 longinquo

544 5693 611 5745 atl
664 5692 714 5744 id
775 5688 1113 5757 proiectum,
1174 5684 1309 5738 nihil
1357 5684 1541 5737 minus
1604 5682 2015 5748 suspicantibus
2069 5686 2125 5733 et

549 5788 701 5842 beata
734 5783 888 5853 copia
924 5796 1102 5838 rerum
1136 5779 1379 5834 omnium
1415 5792 1627 5835 summa
1673 5777 1724 5832 in
1769 5791 1900 5846 pace
1937 5774 2123 5829 fruen-

2228 4579 2453 4647 simum,
2482 4578 2795 4643 denuntiat,
2835 4576 2992 4633 illud‘
3012 4589 3192 4635 autem
3224 4590 3393 4650 tacet,
3413 4583 3697 4652 quodnam
3727 4581 3792 4636 ob

2226 4682 2480 4728 nostrtIm
2524 4671 2704 4728 scelus
2733 4670 2897 4740 vulg’o
2927 4671 3332 4742 incompertum
3372 4689 3470 4730 nec
3497 4689 3606 4729 non
3636 4673 3792 4729 forsi-

2230 4753 2323 4842 tan
2374 4750 2813 4836 insuspicabile,
2862 4758 2925 4820 ac
2985 4765 3080 4820 ubi
3136 4765 3547 4838 manifestatum
3599 4767 3788 4830 fuerit,

2229 4872 2430 4912 novum
2485 4855 2890 4927 appariturum,
2935 4855 3030 4911 illa
3076 4855 3396 4923 dcsreviant,
3438 4857 3792 4914 admiratione

2229 4946 2453 5015 dignum
2492 4961 2634 5010 esse,
2681 4953 2740 5000 ut
2793 4955 2981 5001 contra
3012 4949 3198 5016 potius
3235 4948 3618 5006 existimemus
3646 4947 3791 5003 illum

2230 5038 2481 5093 affectata
2511 5039 2617 5094 ista
2650 5039 3028 5096 occultatione
3055 5040 3139 5096 sui
3165 5040 3381 5112 justam
3405 5043 3562 5098 nobis
3590 5053 3794 5097 movere

2230 5127 2605 5201 suspicionem
2665 5130 2875 5186 callida:
2929 5142 3368 5204 quaestuosaeque
3433 5132 3791 5205 arrogantiae,

2229 5236 2460 5277 examen
2508 5222 2724 5292 quidem
2769 5237 2835 5276 ac
2879 5223 3280 5280 convictionem
3320 5225 3638 5288 metuentis,
3671 5224 3793 5279 sise

2226 5316 2334 5384 jam
2369 5329 2511 5367 nunc
2545 5311 2884 5378 ostenderet,
2915 5314 3167 5383 plausum
3202 5331 3332 5370 vero
3360 5316 3792 5370 admirationem-

2229 5420 2334 5474 que
2363 5408 2682 5476 popularem
2718 5421 2843 5472 suo,
2877 5398 2970 5462 ubi
3003 5407 3492 5474 maturumlfuerit,
3524 5409 3577 5464 in
3610 5407 3790 5480 vulgus

2230 5496 2444 5552 edendo
2475 5499 2687 5553 nomini
2717 5500 2820 5555 sub
2849 5500 3163 5556 artiﬁciosis
3193 5501 3314 5557 istis
3340 5502 3556 5556 interim
3583 5502 3790 5556 latebris

2231 5587 2500 5655 parantis.
2555 5587 2678 5643 Haec
2712 5588 2790 5641 illi
2826 5589 2906 5645 sic
2947 5590 3284 5646 disserentes
3318 5591 3458 5648 haud
3497 5593 3702 5656 molles,
3742 5601 3792 5643 ut

2229 5678 2408 5748 palam
2445 5690 2583 5744 erat,
2614 5698 2671 5736 se
2706 5684 2974 5749 putabant
3008 5683 3298 5740 admovere
3350 5686 3669 5757 imperatori
3705 5684 3790 5737 sti-

2232 5774 2406 5829 mulos
2455 5776 2521 5830 ad
2561 5776 2943 5847 proferendam
2981 5779 3311 5836 nominatim
3349 5781 3617 5838 hactenus
3643 5777 3790 5834 dissi-
