3996 6230
611 318 715 384 627

1803 316 2129 378 GEORGII
2165 314 2522 376 PACHYME
2535 317 2648 376 RxE

3731 321 3822 387 428

608 437 815 490 ϐαίνειν
847 434 1184 507 εἰργόμενοι.
1209 435 1433 489 Βασιλεῖ
1471 433 1529 487 δὲ
1555 433 1677 488 οὐδὲ
1718 432 1940 502 διωρίαν
1987 430 2183 506 βουλῆς
2218 436 2259 490 Λ
2291 431 2545 502 κλησίαις
2575 432 2804 497 καὶ⁰τοῖς
2828 432 3044 502 βασιλεῖ
3074 431 3536 504 παρασπίζουσιν,
3560 436 3822 504 ἀφεικότας

595 532 861 602 παρεῖχον
917 528 1295 604 ἀγγελλόμενα
1339 530 1411 587 τὰ
1443 511 1614 584 δεινά.
1649 529 1764 584 Καὶ
1812 528 1874 582 τὸ
1916 528 2015 598 μὲν
2066 525 2178 598 γὰρ

593 621 955 676 ἀνθίστασθαι
1011 624 1105 678 καὶ
1157 623 1553 696 ἀντιπαράγειν
1606 621 1842 684 ἐκείνοις
1904 619 2176 691 στρατεύ-

593 736 740 790 ματα
794 718 1001 790 ἄπορον
1049 713 1138 790 ἦν.
1197 718 1264 772 Ai
1298 717 1534 790 μὲνγὰρ
1569 716 1882 787 Ῥωμαϊκαὶ
1910 713 2179 782 δυνάμεις

591 816 692 887 οὐχ
722 815 871 880 ὅπως
925 813 1272 886 ἐξησθένουν,
1327 811 1464 867 ἀλλὰ
1516 811 1610 866 καὶ
1648 809 1906 880 προνοίας
1963 802 2181 861 ἀπολω·

593 901 836 976 λσκότες,
871 909 1138 978 ἀνατολὴν
1197 905 1495 977 φεύγοντες
1547 906 1640 958 ἐπὶ
1690 902 1897 966 δύσεως
1931 902 2175 974 ὥρμων,

594 1002 1048 1075 περιποιούμενοι
1083 1003 1299 1065 ἑαυτοῖς
1360 999 1521 1071 μόνον
1568 996 1629 1052 τὸ
1684 997 1819 1070 ζῇν)
1863 997 2088 1067 ἐτέρους
2133 993 2180 1050 δ’

591 1095 928 1167 ὲγκαθιστᾷν
965 1094 1060 1149 ἐπὶ
1094 1095 1281 1165 ῥητοῖς
1305 1092 1536 1164 γέρασιν
1561 1090 1845 1162 ἀμήχανον
1874 1081 1965 1159 ἦν.
2005 1087 2180 1157 Θεραο

593 1188 784 1243 πεύειν
802 1187 848 1264 δ’
874 1184 1037 1254 αὖθις,
1063 1185 1381 1257 ὁμολογίαις
1404 1183 1466 1236 τὸ
1500 1181 1770 1253 Περσικὸν
1798 1179 1925 1235 οὔτε
1957 1179 2017 1235 τὸ
2042 1179 2174 1250 πρέ-

594 1301 694 1336 πον
732 1281 928 1346 ἐδίδου,
980 1281 1076 1336 καὶ
1101 1280 1280 1344 ἄλλως
1320 1278 1528 1348 ἄπορον
1561 1271 1631 1347 ἦν
1668 1276 1843 1330 τόσων
1873 1275 2049 1329 ὄντων
2081 1271 2177 1326 καὶ

594 1375 871 1448 διαφόρων
921 1374 1020 1439 τὰς
1065 1371 1317 1444 γνώμας,
1350 1371 1446 1424 καί
1475 1369 1528 1438 γ’
1563 1369 1658 1424 ἰπὶ
1687 1367 1942 1444 τοσοῦτον
1973 1363 2179 1436 ἡγεμό-

592 1488 700 1526 νων
731 1469 1092 1540 ἐγνωσμένων
1126 1467 1240 1529 τοϊς
1282 1465 1463 1528 ἄλλοις
1505 1465 1591 1533 ἐφ’
1637 1461 1763 1516 ὅσον
1797 1459 2082 1515 σκυλεύειν
2113 1475 2173 1512 τε

587 1564 685 1620 καὶ
712 1563 1017 1634 κερδαίνειν
1040 1562 1154 1625 τοίς
1181 1557 1646 1629 ὑποτεταγμένοις
1674 1555 1824 1626 ὲξῆν.
1862 1555 1930 1625 ἢν
1963 1553 2024 1606 δὲ
2069 1569 2172 1606 που

587 1659 685 1712 καὶ
711 1655 1009 1726 καθυφοῖτο
1039 1655 1066 1708 ὁ
1087 1653 1238 1721 ἄγων
1277 1651 1310 1724 ἢ
1335 1651 1529 1722 δώροις
1553 1649 1584 1720 ἢ
1617 1650 1825 1721 χάρισι,
1856 1645 2174 1717 ζητούντων

586 1753 780 1820 ἕτερον
810 1751 902 1805 τὸν
955 1748 1154 1812 αὐτοὺς
1203 1746 1400 1813 ἄξοντα
1453 1745 1546 1798 ἐπὶ
1586 1742 1914 1821 σκυλευμοῖς
1966 1759 2026 1794 τε
2077 1741 2174 1794 καὶ

2287 524 2399 577 τῶν
2429 523 2708 583 δεσποτῶν
2728 567 2743 592 ,
2776 526 2991 581 τάττειν
3021 529 3101 589 είς
3138 527 3548 596 στρατιωτικὸν,
3581 529 3705 601 πλὴν
3740 534 3824 588 καὶ

2290 616 2696 688 μονοκελλικδν,
2734 614 3078 684 ξύμπαντας,
3107 619 3181 681 ὡς
3222 616 3469 672 ἐντεῦθεν
3492 619 3672 684 αὐτοὺς
3699 623 3826 675 ὲκεί-

2285 729 2400 776 νοις
2419 710 2561 785 ὑπὲρ
2579 711 2689 764 τῶν
2723 711 2872 766 ίδίων
2896 710 3312 782 προσμένοντας
3338 711 3619 781 μάχεσθαι.
3638 714 3828 768 Ἐστέλ-

2282 804 2408 858 λετο
2432 802 2727 874 τοιγαροῦν
2762 805 2859 858 καὶ
2886 805 3035 875 παρὰ
3068 803 3414 873 πατριάρχου
3448 802 3628 866 Θαλλὸς
3665 805 3827 870 ἐλαίας

2281 896 2600 969 ἀναυδήτως
2629 896 2706 968 τῷ
2733 896 2950 963 ἄνακτι,
2987 895 3112 950 ὅθεν
3140 896 3235 950 καί
3259 913 3311 950 τι
3351 896 3570 969 θαρρεῖν
3599 892 3704 967 εἷχε
3731 900 3824 952 τῶν

2281 991 2508 1060 ἀγαθῶν
2536 992 2599 1046 ὲκ
2625 992 2724 1061 τῆς
2748 992 2880 1062 περὶ
2901 991 3068 1044 αὐτόν
3091 990 3141 1044 οἱ
3170 992 3436 1060 μεγίστης
3463 989 3825 1061 πληροφορίας.

2282 1083 2365 1136 Τὰ
2395 1083 2438 1136 δ’
2469 1078 2608 1153 ἦσαν
2644 1084 2702 1136 ὲν
2744 1082 2934 1153 μόναις
2966 1082 3209 1154 βουλαῖς·
3249 1079 3405 1136 οὔπω
3431 1080 3538 1152 γὰρ
3569 1083 3829 1150 ἐφίσταντο

2279 1169 2362 1240 οἷς
2389 1170 2456 1246 ἦν
2498 1176 2932 1245 ἐπιτεταγμένον
2972 1175 3149 1230 ταῦτα
3184 1174 3470 1245 πράττειν,
3508 1174 3602 1226 καὶ
3626 1175 3682 1226 τὸ
3710 1169 3827 1247 ηερ.

2281 1270 2432 1324 σικδν
2488 1269 2821 1340 πολλαχόθεν
2874 1267 3301 1330 ἑπεισῦαλόντες
3359 1268 3486 1331 τοὺς
3545 1267 3641 1337 μὲν
3689 1267 3828 1337 ἔργον

2279 1363 2568 1417 καθιστᾶσι
2601 1363 2904 1434 μαχαίρας,
2949 1363 3064 1417 ὅσοι
3102 1361 3159 1414 δέ
3194 1377 3258 1430 γε
3305 1361 3402 1414 καὶ
3434 1362 3649 1433 ἴσχυσαν
3681 1363 3826 1428 ἐκυρο-

2279 1458 2416 1527 γεῖν,
2433 1455 2514 1526 τῷ
2532 1457 2630 1527 τῆς
2653 1457 2898 1522 Κυζίκου
2920 1455 3289 1526 ἐπιτειχισμῷ
3313 1455 3440 1526 ἄρτι
3459 1455 3576 1508 τότε
3603 1457 3826 1508 συστάντι

2278 1549 2433 1620 παρὰ
2452 1548 2543 1604 τοῦ
2568 1551 2626 1603 ὲν
2646 1550 2784 1621 αὐτῇ
2808 1548 3074 1621 προέδρου
3094 1547 3372 1619 Νίφωνος,
3405 1545 3592 1615 ἀνδρὸς
3620 1547 3828 1616 δραστη-

2279 1642 2398 1716 ρίου
2433 1644 2531 1697 καὶ
2587 1640 2846 1710 γνώσεως
2891 1639 3162 1711 ιπηὸόλου
3209 1639 3307 1693 καὶ
3352 1638 3415 1691 ού
3454 1637 3648 1708 μᾶλλον
3683 1653 3828 1690 πνευ-

2283 1737 2536 1806 ματικοῖς
2562 1735 2598 1807 ἢ
2625 1736 2918 1806 κοσμικοϊς
2951 1732 3217 1804 τρίϐωνος
3245 1730 3332 1806 [Ρ.
3367 1730 3500 1802 2711
3539 1731 3822 1801 πράγμασι,

587 1803 978 1917 ΫΚαὶ
1001 1842 1090 1896 διὰ
1128 1803 1304 1895 ταῦτα
1335 1839 1394 1893 ἓν
1431 1837 1540 1892 τῶν
1571 1803 1906 1906 ἀναγκαίων-
1922 1835 2070 1899 ἔδοξε
2095 1833 2174 1903 τῷ
2204 1803 2253 1864 Β
2283 1803 2543 1902 ιρέροντες
2584 1803 2819 1894 -ἒαυτοὺς
2846 1830 2944 1883 καὶ
2974 1803 3266 1896 γυναέκαςν
3288 1829 3388 1882 καὶ
3421 1827 3587 1882 τέκνα
3618 1825 3708 1878 καὶ
3734 1825 3829 1889 ζῶα

588 1939 768 2012 καιρῷ
789 1936 886 1992 καὶ
911 1937 1026 2000 τοῖς
1069 1934 1339 2003 ἐφεστῶσι
1369 1931 1688 2014 πράγμασι,
1727 1929 1788 1982 τὸ
1821 1928 2173 1998 περιλειφθὲν

584 2032 749 2098 τὲως,
783 2030 906 2086 ὅσον
934 2031 990 2084 ἒν
1027 2025 1308 2100 προνοίαις
1342 2025 1596 2079 ἐτάττετο
1630 2025 1825 2093 μοναίς
1854 2039 1915 2076 τι
1947 2020 2047 2076 καὶ
2083 2023 2173 2075 ὲκ-

592 2317 714 2361 rurn
753 2309 945 2376 pectus
995 2300 1140 2371 capit
1195 2297 1469 2368 planeque
1527 2309 1594 2350 ex
1652 2291 1798 2346 Orco
1850 2288 2028 2344 alllata
2089 2287 2172 2343 in-

585 2399 777 2457 stincti
809 2394 1042 2452 audacia
1075 2404 1128 2449 ct
1158 2390 1389 2456 ferocia,
1419 2388 1531 2442 ritu
1564 2391 1728 2441 vento
1757 2381 1976 2453 impulsi
2004 2381 2170 2437 vehe-

587 2493 790 2551 mentis
856 2486 1119 2552 incendii.
1177 2492 1379 2542 cuncta
1438 2478 1812 2550 corripiebant
1876 2490 2173 2533 consume-

589 2589 832 2657 bantque
896 2580 1079 2647 obvia,
1145 2577 1286 2632 mari
1347 2575 1502 2647 solo.
1543 2587 1614 2628 ne
1669 2571 1816 2626 ultra
1876 2570 2170 2625 tenderent

586 2680 810 2738 retenti.
881 2676 1086 2732 Horum
1124 2686 1257 2728 ausa
1317 2678 1374 2723 et
1428 2677 1550 2723 acta
1585 2679 1685 2723 nec
1736 2669 2014 2718 momento
2045 2675 2168 2717 ces-

583 2774 843 2832 santibus
881 2770 1274 2840 imperatorem
1332 2759 1624 2818 obruentia
1653 2755 1869 2814 nuntiis
1903 2770 1972 2809 ne
2003 2755 2170 2810 breve

583 2866 806 2940 quidem
855 2862 1100 2935 spatium
1135 2857 1186 2914 ei
1221 2856 1288 2912 ad
1319 2850 1746 2912 consultandum
1783 2847 2168 2918 relinquebant

583 2939 844 3019 liberum.
899 2957 1092 3024 Atque
1166 2950 1300 3006 huic
1358 2947 1582 3019 quidem
1646 2940 1887 2999 exeundi
1947 2939 2164 2997 obviam

583 3047 839 3109 barbaris
894 3041 1323 3117 opponendique
1375 3039 1448 3096 iis
1480 3038 1662 3110 justos
1708 3032 1986 3088 exercitus
2019 3030 2166 3086 nulla

580 3155 812 3216 prorsus
841 3139 1073 3196 facultas
1109 3134 1321 3192 aderat.
1358 3131 1494 3186 Nam
1538 3128 1804 3184 Romanae.
1833 3124 2008 3216 copize
2049 3138 2162 3216 non

583 3235 881 3292 debilitata:
942 3240 1156 3286 tantum
1218 3235 1400 3291 erant,
1462 3221 1558 3282 sed
1616 3221 1806 3276 fracta:
1858 3231 1921 3272 ac

584 3329 859 3392 funditus,
893 3323 1116 3380 amissis
1175 3326 1230 3377 et
1258 3315 1520 3373 domibus
1559 3320 1614 3370 et
1640 3309 1950 3380 stipendiis.
1978 3308 2167 3374 Itaque

583 3440 650 3481 ex
711 3421 939 3480 Oriente
1000 3417 1293 3486 fugientes,
1357 3406 1564 3480 passim
1619 3401 1908 3462 ordinibus
1969 3398 2168 3454 solutis

583 3528 686 3588 pro
761 3527 824 3568 se
880 3509 1117 3582 quisque
1161 3506 1216 3560 in
1255 3502 1606 3560 Occidentem
1669 3493 2063 3568 properabant,
2111 3491 2167 3546 in

587 3612 740 3666 lucro
784 3611 1055 3680 ponentes
1080 3599 1227 3672 quod
1255 3595 1433 3654 solum
1455 3595 1722 3656 viverent,
1757 3596 1813 3647 et
1840 3602 1940 3659 pro
1964 3589 2167 3642 misero

585 3675 800 3773 spiritui
823 3695 1095 3754 trahendo
1131 3691 1266 3750 nihil
1298 3685 1503 3761 pacisci
1531 3682 1845 3739 recusaturi
1889 3675 2168 3734 servitutis

586 3813 650 3853 ac
703 3791 1015 3852 dedecoris.
1057 3787 1244 3844 Novus
1305 3781 1512 3838 habere
1546 3777 1787 3833 delectus
1815 3773 2171 3845 praemiisque

584 3886 882 3964 promissis
915 3884 1056 3940 alios
1105 3879 1331 3935 allicere
1357 3873 1460 3932 sub
1493 3871 1646 3943 signa
1685 3869 1888 3924 milites
1942 3881 2168 3937 prorsus

585 3961 755 4056 supra
779 3981 926 4038 vires
950 3984 1087 4041 erat,
1131 3988 1256 4029 cum
1292 3984 1392 4026 nec
1431 3974 1557 4039 apta
1586 3963 1796 4020 militiae
1844 3961 1908 4015 ad
1944 3974 2173 4016 manum

582 4052 846 4146 juventus
883 4069 1096 4126 adforet
1127 4073 1182 4122 et
1235 4061 1418 4119 aerarii
1476 4058 1658 4131 palam
1691 4054 1951 4112 exhausti
1973 4052 2165 4110 conci-

584 4145 756 4223 discet
805 4164 961 4219 fides.
1025 4157 1292 4214 Restabat
1345 4162 1405 4209 ut
1443 4151 1524 4207 vel
1582 4148 1761 4220 turpis
1791 4158 1846 4203 et
1902 4145 2169 4201 damnosa

584 4279 688 4335 pax
725 4255 1003 4314 adulando
1035 4252 1168 4307 indu
1184 4247 1374 4306 cendis
1399 4245 1466 4301 ad
1493 4254 1781 4300 assensum
1811 4241 1865 4295 in
1897 4239 2171 4296 conditio-

583 4333 686 4410 nes
721 4351 882 4408 nobis
917 4347 1244 4418 probrosas,
1278 4339 1417 4411 ipsis
1445 4336 1679 4409 amplas,
1717 4333 1897 4389 Persis
1921 4345 2166 4401 quomo—

583 4450 874 4513 docunque
928 4445 1257 4496 tentaretur.
1282 4432 1377 4490 Ad.
1397 4431 1450 4487 id
1474 4429 1765 4485 consilium
1793 4434 2162 4497 praeterquam

1979 3212 2168 3269 deleta
2193 3183 2241 3246 θ

2284 1923 2378 1975 καὶ
2419 1921 2658 1992 ὓπαρξιν
2687 1920 3138 1988 ἐγκατέκλεισαν.

2281 2284 2588 2351 necessitas
2619 2283 2671 2338 in
2700 2289 2945 2339 extrema
3001 2282 3245 2338 omnium
3279 2281 3596 2351 reipublicae
3635 2278 3831 2334 calami-

2282 2365 2392 2434 tate
2445 2384 2727 2448 utcunque
2779 2375 3068 2431 tolerabile
3124 2383 3491 2440 monstraret,
3521 2389 3641 2430 sese
3671 2372 3833 2429 consi«

2281 2472 2427 2527 lium
2450 2468 2724 2526 oll'erebat
2778 2467 2891 2528 tale
2937 2466 3236 2538 quoddam,
3297 2475 3356 2521 αι
3387 2468 3679 2539 pensiones
3731 2481 3832 2536 quae

2280 2563 2463 2620 adhuc
2527 2579 2566 2619 e.
2629 2562 2771 2617 fisco
2813 2561 3164 2617 solverentur
3218 2574 3418 2616 omnes
3451 2561 3680 2616 omnino
3727 2561 3833 2629 qui-

2276 2657 2488 2723 busvis,
2547 2653 2898 2711 monasteriis
2948 2655 3122 2710 etiam
3170 2662 3225 2710 et
3276 2654 3555 2722 ecclesiis,
3603 2661 3832 2708 auctori»

2278 2757 2570 2818 meritaque
2600 2746 2746 2802 adeo
2779 2747 2894 2817 ipsa
2938 2743 3404 2814 praetorianorum
3472 2746 3832 2812 imperatorem

2277 2839 2728 2903 custodientium,
2768 2837 2935 2893 unico
2988 2851 3055 2893 ex
3116 2836 3377 2892 omnibus
3441 2845 3674 2906 accepto
3705 2835 3828 2903 quod

2277 2930 2701 2988 mouoceilicum
2751 2928 3050 2999 appellant,
3081 2927 3322 2983 dominis
3354 2940 3506 2982 nunc
3543 2935 3596 2982 et
3636 2939 3832 2998 posses-

2274 3026 2494 3082 soribus
2543 3037 2742 3080 eorum
2785 3024 2857 3077 ad
2893 3032 3108 3092 tempus
3133 3019 3476 3088 cedentibus,
3518 3028 3834 3076 verterentur

2276 3119 2330 3173 in
2357 3115 3165 3189 stipendiaconquirendorum
3199 3113 3568 3185 undecunque
3600 3112 3833 3175 militum,

2272 3227 2409 3281 quos
2439 3212 2540 3281 quia
2564 3209 2659 3265 sic.
2700 3209 2909 3262 alerent
2941 3205 3178 3277 propriis
3243 3205 3296 3260 in
3335 3220 3434 3262 eos
3499 3204 3834 3275 pensionibus

2273 3303 2578 3368 translatis,
2639 3316 2832 3357 eorum
2915 3299 3022 3356 sibi
3098 3298 3533 3355 substitutorum
3605 3297 3834 3353 manibus

2271 3411 2539 3470 pugnare,
2567 3396 2696 3452 licet
2748 3393 2894 3450 domi
2929 3402 3236 3457 manentes.
3281 3399 3336 3447 et
3372 3399 3487 3447 tam
3539 3387 3834 3448 necessario

2270 3499 2520 3560 tempore
2546 3488 2689 3543 tueri
2720 3502 2830 3542 rem
2858 3493 2914 3540 et
2935 3484 3296 3560 publicampt
3316 3485 3590 3556 privatam
3621 3485 3834 3556 quisque

2271 3598 2429 3639 suam
2458 3580 2802 3645 viderentur,
2837 3578 3034 3635 solatio
3070 3577 3302 3648 iacturas
3334 3585 3388 3632 et
3439 3579 3508 3634 ad
3544 3575 3721 3634 damni
3752 3591 3838 3646 pa.

2269 3675 2515 3731 tientiam
2572 3674 2854 3730 incentivo
2902 3688 3019 3727 non
3073 3671 3314 3728 modico.
3374 3671 3640 3728 Annuere
3667 3669 3749 3725 his
3791 3677 3838 3722 et

2269 3766 2503 3837 probare
2557 3767 2706 3838 quod
2763 3765 2845 3821 ad
2883 3781 2944 3820 se
3001 3764 3282 3830 attineret,
3317 3774 3589 3836 quantum
3640 3774 3752 3817 crat
3776 3763 3838 3816 de

2272 3861 2624 3917 monasteriis
2699 3867 2756 3916 et
2824 3859 3080 3916 ccclesiis
3139 3859 3459 3922 decretum,
3537 3858 3838 3931 signiﬁcare

2267 3954 2418 4010 visus
2474 3953 2920 4022 patriarchaest,
2981 3951 3156 4009 misso
3215 3952 3285 4007 ad
3345 3954 3655 4025 Augustum
3716 3952 3838 4005 clem

2270 4061 2446 4112 ramo,
2475 4046 2628 4102 nullo
2656 4045 2823 4101 verbo
2849 4045 3060 4100 addito.
3093 4045 3346 4115 ldquod,
3381 4045 3715 4117 provingenti
3739 4057 3842 4113 qua

2267 4147 2682 4212 praeoccupatus
2737 4137 3091 4194 Andronicus
3151 4147 3269 4193 erat
3305 4137 3596 4192 Atltansii
3654 4135 3838 4190 existi-

2268 4233 2512 4288 matione
2545 4247 2609 4288 ac
2640 4232 2967 4299 reverentia,
3020 4231 3268 4304 mysterii
3301 4231 3423 4285 loco
3491 4231 3562 4285 ab
3593 4244 3662 4286 eo
3688 4227 3837 4282 babi-

2269 4334 2383 4380 tum
2431 4325 2571 4383 etin
2623 4340 2742 4380 eam
2801 4325 3016 4382 scilicet
3076 4322 3592 4395 interpretationem
3631 4331 3838 4391 raptum

2265 4427 2371 4486 est,
2415 4430 2473 4475 ut
2509 4419 2661 4474 brevi
2705 4427 3023 4475 secuturam
3073 4433 3140 4475 ex
3195 4417 3360 4488 hujus
3396 4416 3602 4473 ellectu
3631 4411 3837 4471 consilii

583 4507 802 4611 imperii
861 4535 1042 4590 honor
1111 4539 1167 4586 et
1235 4523 1470 4581 Romani
1525 4521 1768 4576 nominis
1823 4516 2164 4577 existimatio
2193 4526 2587 4607 Dprosperam
2648 4527 2861 4582 pacem,
2895 4527 3004 4566 non
3064 4510 3280 4567 modico
3322 4509 3375 4566 in
3431 4511 3562 4566 sinu
3625 4507 3834 4579 gaudio,

587 4640 855 4689 hactenus
916 4638 1026 4683 tam
1085 4629 1318 4693 augusta
1372 4616 1686 4686 respuebat,
1724 4614 1885 4668 etiam
1921 4617 2157 4681 quanto-

585 4720 803 4798 cunque
857 4727 1060 4777 conatu
1094 4719 1501 4786 capesseretur,
1536 4721 1793 4763 successu
1832 4707 1988 4773 plane
2015 4702 2160 4757 cari-

585 4836 764 4878 turum
799 4819 977 4890 palam
1033 4820 1173 4876 erat,
1210 4807 1469 4878 quoniam
1502 4811 1557 4858 et
1604 4812 1685 4859 tot
1725 4808 1903 4855 essent
1939 4808 2160 4867 tamque

585 4909 1029 4982 discrepantibus
1077 4901 1367 4961 sententiis
1421 4899 1590 4953 duces
1643 4894 1734 4949 isti
1769 4894 2156 4954 barbarorum,

584 5018 645 5064 ut
693 5014 749 5060 et
806 5003 1097 5057 universos
1150 4993 1355 5068 pariter
1410 5005 1515 5046 una
1577 4987 1948 5046 conventione
1999 4999 2160 5053 posse

585 5093 978 5170 comprehendi
1030 5105 1195 5161 supra
1255 5100 1405 5156 spem
1465 5091 1636 5147 esset,
1688 5089 1743 5137 et
1789 5080 1833 5134 si
1893 5079 2158 5148 quosdam

585 5198 802 5245 tantum
837 5178 1223 5244 demerereris,
1263 5175 1399 5233 nihil
1426 5188 1656 5245 ageres:
1701 5171 1902 5229 milites
1959 5170 2160 5243 quippe

584 5284 831 5354 ipsorum
888 5290 1084 5330 omnes
1135 5269 1337 5342 praedis
1389 5265 1666 5321 inhiantes
1717 5261 2058 5326 avidissime,
2091 5264 2161 5316 ab

584 5390 650 5429 eo
682 5371 996 5440 quicunque
1053 5376 1238 5434 pacem
1295 5358 1533 5422 fecisset,
1578 5356 1644 5411 ad
1681 5355 1820 5410 alios
1877 5369 1905 5405 a
1961 5354 2159 5424 quibus

582 5466 748 5540 390
803 5471 1018 5530 raptum
1085 5455 1581 5521 latrocinatumque
1636 5448 1990 5520 ducerentur!
2037 5463 2162 5504 sese

585 5556 934 5630 aggregaturi
993 5552 1178 5607 statim
1237 5547 1437 5612 forent,
1494 5544 1772 5601 eteadem
1831 5541 1993 5597 nobis
2022 5542 2161 5600 duce

584 5661 794 5708 mutato
834 5651 1036 5702 damna
1090 5640 1316 5697 illaturi.
1358 5639 1481 5693 Haec
1509 5648 1706 5692 cuncta
1764 5633 2161 5691 consideranti-

584 5747 685 5800 bus
714 5758 881 5796 unum
912 5740 1198 5797 duntaxat,
1229 5746 1393 5800 grave
1413 5729 1548 5785 illud
1574 5727 1790 5799 quidem
1816 5724 2157 5795 etiniquum,

587 5837 683 5893 sed
736 5834 882 5905 quod
936 5830 1053 5888 sola
1113 5826 1310 5882 victrix
1372 5825 1550 5893 legum
1615 5819 1894 5890 ctjurium
1965 5833 2160 5877 secura

2265 4605 2583 4660 confideret.
2641 4601 2842 4660 Verum
2877 4604 2993 4660 haec
3044 4604 3191 4660 haud
3223 4605 3364 4659 ultra
3399 4603 3830 4674 designationem

2263 4697 2650 4769 procedebant,
2684 4699 3003 4754 absentibus
3035 4697 3214 4754 adhuc
3261 4699 3371 4753 illis
3398 4697 3605 4767 quibus
3664 4695 3832 4748 fuerat

2262 4794 2426 4851 istius
2460 4793 2663 4849 decreti
2717 4795 2999 4849 exsecutio
3048 4792 3330 4849 mandata.
3376 4792 3602 4847 Interim
3660 4795 3830 4842 autem

2263 4887 2443 4942 Persae
2493 4886 2860 4958 undecunque
2916 4885 3212 4952 irruentes,
3272 4899 3412 4957 quos
3466 4883 3690 4955 quidem
3744 4895 3833 4933 ηο⁴

2264 4986 2502 5034 strorum
2534 4981 2757 5050 assequi
2787 4988 3036 5050 potuere,
3071 4987 3424 5050 peremerunt
3466 4977 3689 5050 gladio;
3723 4973 3831 5035 alii.

2264 5068 2464 5143 quibus
2519 5073 2664 5128 vires
2719 5074 2787 5128 ad
2849 5073 3032 5144 fugam
3074 5089 3179 5128 non
3214 5072 3462 5136 defuere,
3516 5073 3837 5140 receperunt

2263 5182 2385 5223 sese
2440 5168 2583 5221 intra
2613 5168 2950 5224 munitiones
2982 5168 3191 5239 Cyzici,
3218 5183 3356 5239 quas
3408 5182 3603 5223 rccens
3637 5163 3835 5218 validas

2264 5272 2512 5317 erexerat
2536 5263 2656 5332 ejus
2685 5261 2836 5318 urbis
2864 5277 3067 5332 praeses
3097 5261 3340 5334 Niphon,
3377 5264 3457 5314 vir
3493 5273 3757 5316 strenuus
3787 5265 3837 5310 et

2266 5353 2318 5406 in
2359 5355 2548 5420 parmis
2583 5353 2777 5419 solers,
2803 5370 2906 5410 nec
2934 5357 2987 5409 in
3025 5354 3412 5426 spiritualibus
3446 5352 3624 5420 magis
3675 5361 3832 5419 quam

2264 5444 2622 5499 sacularibus
2651 5445 2888 5516 negotiis
2921 5462 3032 5501 usu
3067 5460 3266 5517 magno
3318 5446 3502 5501 tritus.
3539 5446 3690 5498 Intra
3726 5441 3836 5496 haec

2262 5553 2393 5609 ergo
2424 5538 2762 5593 munimenta
2790 5536 3021 5593 Romani
3055 5555 3178 5596 cum
3212 5555 3271 5596 se
3307 5539 3456 5609 ipsos
3482 5552 3549 5592 ac
3579 5534 3844 5603 conjuges-

2264 5633 2601 5703 liberosque,
2638 5642 2750 5688 tum
2782 5634 3044 5688 animalia
3080 5643 3134 5688 et
3168 5633 3430 5704 reliquias
3489 5630 3571 5685 rei
3608 5626 3838 5682 famdia-

2265 5729 2362 5792 ris,
2394 5741 2752 5797 quascunque
2784 5727 3108 5784 subtrahere
3128 5727 3304 5783 furori
3329 5723 3629 5783 barbarico
3654 5721 3835 5776 value-

2263 5829 2405 5884 rant,
2438 5819 2851 5876 concluserunt.
