4004 6228
559 343 665 410 431

1732 344 2085 408 GEORGII
2130 345 2625 410 PACHYMERzE

3681 353 3823 441 ¹432

557 465 647 517 ια’.
686 458 825 531 Περὶ
861 456 984 513 τῶν
1014 458 1362 544 γέγοῖὀτωη
1376 456 1654 544 σεισμῶν
1682 461 1751 515 ἐν
1772 458 1854 527 τῷ
1877 461 1977 516 διὰ
2016 460 2137 516 Ῥό-
2171 469 2215 524 Α
2247 464 2663 535 συμπσσοῦντος
2693 466 2755 520 τὸ
2780 430 3119 541 στράτευμα.
3141 468 3283 524 Ἀλλ’
3314 468 3344 524 δ
3376 467 3477 541 μὲν
3499 439 3713 544 Τζιμῆς
3734 470 3823 526 si»

600 596 603 597 ν
764 529 774 531 ⁷
1095 529 1099 530 ⁷
1140 529 1250 586 δου
1287 530 1547 612 κλίματι.

534 695 538 699 .
621 645 707 723 [P.
732 643 874 720 275]-
906 646 1118 718 Ὸλίγον
1152 645 1208 700 δὲ
1255 645 1387 714 πρὶν
1429 645 1462 717 ἢ
1493 644 1668 701 ταῦτα
1724 648 2005 717 γενίσθαι,
2034 648 2139 704 Πο-

2243 557 2406 629 vavi};
2429 553 2520 631 ἦν,
2554 559 2648 613 καὶ
2673 555 2926 641 οὓς.ἦγεν
2959 562 3122 627 ίδίους
3147 561 3283 643 εἶχε,
3307 566 3400 618 καὶ
3427 564 3627 636 ἁκλητὶ
3651 582 3826 636 παρα-

2242 650 2456 720 γέγονε,
2516 656 2896 725 συμμαχήσων
2931 655 3028 709 iret
3055 658 3183 721 τοὺς
3228 656 3467 729 Πέρσας,
3500 659 3552 711 εί
3582 656 3823 729 βούλοιτο

541 741 837 806 ὲηιδεῶνος
893 742 1064 810 μηνὸς
1093 738 1277 815 ὀγδόῃ.
1323 740 1553 813 σεισμὸς
1611 743 1947 815 ἐνσκήπτει,
1998 743 2141 799 κατὰ
2244 740 2521 813 βασιλεὺς,
2542 744 2683 817 πλὴν
2715 747 2809 800 ἐπὶ
2836 744 2991 818 ρητῷ
3007 746 3087 820 τῷ
3117 750 3319 821 μισθῷο
3343 752 3371 805 ό
3400 750 3459 803 δέ
3481 765 3545 819 γε
3579 750 3826 816 Ῥοντζί-

551 839 651 909 μὲν
683 837 753 890 τὰ
777 834 1013 890 δνταῦθα
1044 834 1190 907 μέρη
1236 835 1520 904 ἄγνωστος
1557 837 1673 899 τοῖς
1698 846 1699 849 ‘
1720 835 1962 902 πολλοῖς,
1994 835 2139 892 ὥστε

547 930 684 1002 μηδὲ
707 930 952 1000 σημῆναι
971 930 1063 984 τὸν
1086 930 1299 995 κλόνον,
1326 929 1468 983 κατὰ
1483 929 1541 984 δὲ
1565 929 1625 983 τὸ
1640 928 1727 983 διὰ
1754 928 1937 985 Ῥόδου
1962 930 2138 1000 κλῐμα

545 1024 643 1077 καὶ
683 1023 873 1092 πρόσω
898 1020 1158 1092 λαμπρὸς
1188 1022 1283 1075 καὶ
1313 1020 1423 1075 τῶν
1452 1020 1677 1075 πώποτε
1721 1018 2137 1094 μνημονευομέ-

520 1134 657 1187 νων.
705 1118 734 1171 ὸ
793 1114 1201 1189 χαλεπώτατος.
1239 1113 1407 1170 Ὅθεν
1463 1115 1558 1170 καὶ
1620 1111 1804 1179 Ῥόδος
1863 1114 1964 1188 μὲν
1994 1116 2136 1190 αὑτὴ

542 1211 698 1265 πᾶσα
744 1209 802 1275 ις
836 1209 898 1263 τὸ
928 1209 1197 1275 παντελὲς
1230 1207 1663 1282 ἀνατέτραπται,
1723 1208 1959 1280 {prouoco
1984 1209 2042 1264 δέ
2071 1226 2137 1279 γε

542 1306 642 1360 καὶ
676 1309 805 1377 περὶ
835 1304 1247 1374 Ἀλεξανδρείας
1282 1303 1381 1357 καὶ
1429 1302 1539 1357 τῶν
1586 1303 1645 1370 ἐξ
1687 1303 1805 1357 ῐσου
1846 1301 2030 1375 ταύτῃ
2064 1303 2135 1359 τὰ

544 1398 823 1455 πάνδεινα.
858 1397 1093 1471 Κορώνη
1128 1398 1187 1452 δὲ
1208 1398 1304 1452 καὶ
1336 1396 1583 1467 Μεθώνη
1603 1399 1698 1453 καὶ
1730 1397 1800 1451 τὰ
1832 1395 2009 1451 πολλὰ
2031 1397 2131 1467 τῆς

543 1490 984 1562 Πελοποννήσου,
1026 1489 1126 1543 οὐκ
1158 1487 1441 1560 ἐλάχιστον
1467 1488 1525 1544 δὲ
1557 1489 1724 1561 μέρος
1755 1487 1850 1542 καὶ
1883 1488 2129 1559 Κρήτης,

546 1580 776 1655 σεισμοῦ
808 1583 1066 1653 γεγόνασι
1096 1582 1502 1654 παρανάλωμα.
1829 1579 1832 1582 ’

546 1700 633 1770 ιβ’-.
668 1696 809 1768 Περὶ
844 1678 980 1754 ¹τῶν
1011 1698 1079 1753 ἐκ
1123 1696 1563 1770 προσκλήσεως
1601 1696 1907 1753 ἐλθόντων
1954 1694 2132 1753 Aur!-

934 1787 1078 1838 νων,
1108 1770 1206 1824 καὶ
1241 1770 1419 1823 ὁποῖα
1454 1768 1745 1838 ἔδρασαν.

2244 850 2369 905 pte;
2391 836 2467 891 ἐκ.
2488 838 2880 910 προσκλήσεως
2903 842 3135 908 ἄνεισιν,
3154 845 3299 914 ἀνὴρ
3323 841 3444 907 νέος
3463 843 3563 915 τήν
3586 843 3821 915 ἡλικίαν,

2240 927 2554 998 γοργωπδς,
2585 931 2757 1000 ταχὺς
2790 928 2869 995 είς
2901 931 2932 985 δ
2964 932 3144 1005 ῥέψοι,
3177 936 3273 988 καὶ
3302 932 3405 998 τὰς
3441 934 3673 1006 πράξεις
3702 934 3825 1007 ϐιρ-

2243 1018 2365 1089 μός.
2397 1019 2537 1087 Περὶ
2582 1013 2645 1074 οὗ
2697 1022 2906 1093 βραχέα
2957 1024 3221 1097 βούλομαι
3273 1026 3562 1097 προειπεῖν
3608 1024 3686 1087 ὡς
3735 1025 3826 1077 πιέ-

2240 1125 2483 1181 πυσμαι·.
2519 1114 2570 1166 εί
2610 1114 2666 1168 δέ
2695 1130 2759 1182 γε
2799 1114 2899 1184 τῆς
2918 1115 3180 1186 ἀληθείας
3223 1117 3254 1170 ό
3292 1115 3451 1185 λόγος
3498 1117 3821 1173 ὲκκλίνειεν,

2237 1200 2338 1270 οὐχ
2370 1202 2397 1254 ὁ
2433 1201 2683 1274 γράφων,
2733 1202 2919 1278 ἀλλ’-ή
2968 1208 3127 1279 φήμη
3178 1208 3280 1279 τὴν
3329 1206 3543 1278 μέμψιν
3587 1208 3822 1279 φερέτω.

2240 1285 2413 1357 Οὗτος
2444 1297 2511 1366 τῇ
2548 1295 2693 1350 κατὰ
2721 1296 2923 1370 Συρίαν
2946 1298 3305 1370 Πτολεμαΐδι,
3332 1298 3413 1353 ὃτή
3444 1301 3505 1355 ἐν
3530 1302 3643 1363 τοῖς
3672 1300 3825 1354 οὖσιν

2238 1377 2305 1454 ἦν
2338 1386 2435 1440 καὶ
2488 1385 2551 1440 τὸ
2583 1387 2923 1460 περίπυστον
2954 1392 3012 1445 ιν
3038 1390 3265 1446 πόλεσιν
3292 1387 3430 1464 εἶχε,
3466 1391 3545 1464 τῷ
3583 1393 3825 1465 Τέμπῖοῳ

2239 1480 2382 1535 κατὰ
2415 1482 2679 1553 φρερίους
2712 1471 3005 1557 amomo.
3054 1484 3144 1551 Ὣς
3186 1485 3231 1539 δ’
3264 1487 3452 1559 ἐκείνη
3477 1486 3609 1559 παρ’
3639 1488 3824 1542 Δίθιόυ

2236 1590 2356 1627 πων
2394 1573 2672 1643 ἡλίσκετο,
2727 1576 2802 1642 ὡς
2833 1579 2893 1631 ὲν
2937 1582 3052 1644 τοῖς
3100 1579 3279 1641 ἄνωθι
3313 1581 3497 1650 λόγοις
3541 1581 3823 1651 ἐλέγομεν,

2236 1667 2339 1738 καὶ,
2368 1670 2531 1723 τάκεῖ
2555 1669 2963 1743 κατέστραπτο,
2993 1673 3256 1745 χρήματα
3296 1674 3699 1745 νοσφισάμενος
3718 1676 3824 1744 ’τῆς

2236 1760 2408 1829 μονῆς
2456 1763 2554 1815 καὶ
2602 1766 2825 1835 μακρόες
2862 1762 2946 1837 [Ρ.
2992 1763 3123 1843 274]
3175 1767 3655 1838 συσκευασάμενος
3690 1769 3825 1830 vis;

617 1861 776 1917 Κατὰ
824 1861 916 1915 τδν
970 1862 1064 1917 ἐπὶ
1106 1862 1282 1932 τούτῳ
1335 1861 1671 1935 Γαμηλιῶνα
1721 1861 1820 1933 τῆς
1865 1859 2122 1931 δευτέρας
2228 1851 2448 1923 ἐπεῖχεν
2488 1852 2837 1927 Ἀγαρηνοῖς,
2882 1856 2980 1913 καὶ
3024 1840 3292 1931 πειρατὴς
3336 1859 3827 1930 βιαιότατοςπολ-

542 1952 928 2024 ὲπινεμήσεως
955 1946 1096 2007 εἶδεν
1127 1953 1160 2023 ή
1192 1952 1613 2025 Κωνσταντίνου
1651 1953 1746 2006 καὶ
1776 1951 2131 2005 τδνΛατῐνον

558 2041 916 2115 Ῥοντζέριον,
947 2043 1022 2108 ὡς
1065 2044 1141 2115 μή
1171 2042 1403 2115 ὤφελεν,
1433 2042 1549 2115 ἃμα
1583 2043 1779 2097 ναυσὶν
1810 2044 1969 2108 ἰδίαις
1992 2040 2133 2097 ἑπτὰ

545 2135 1012 2209 καὶνσυμμαχικῷ
1064 2136 1237 2206 στόλῳ
1282 2138 1351 2191 ὲκ
1383 2134 1719 2191 Κατελάνων
1751 2137 1851 2208 και
1874 2137 2132 2207 Ἂμογα-

544 2230 731 2301 ὀάρων
785 2230 1063 2302 πλείστῳ,
1096 2229 1179 2295 είς
1220 2227 1539 2302 χιλιοστύας
1582 2228 1733 2283 ὀκτὼ
1763 2230 2127 2299 ποσουμένῳ,

546 2325 914 2396 προλαϐόντος
952 2328 1162 2383 ἐκεῖνον
1213 2327 1311 2382 καὶ
1347 2325 1444 2381 τοῦ
1495 2325 1749 2398 Φαρέντα
1803 2325 1992 2397 Τζιμῆ
2036 2326 2133 2379 καὶ

545 2510 637 2567 Η.
673 2509 750 2565 De
793 2518 951 2564 terra
994 2508 1222 2579 motibus
1280 2509 1374 2580 qui
1435 2508 1769 2580 contigerunt
1819 2505 1873 2561 in
1923 2501 2133 2579 climate

962 2600 965 2601 ν
1202 2579 1451 2653 Rhodio.

617 2691 795 2752 Paulo
840 2704 1028 2752 autem
1084 2694 1242 2766 prius
1277 2707 1446 2765 quam
1484 2692 1601 2748 haec
1647 2691 1859 2753 ﬂerent,
1900 2687 2135 2759 Augusti

539 2789 808 2847 videlicet
851 2790 941 2846 die
983 2778 1199 2851 Octava,
1240 2800 1402 2843 terrae
1435 2795 1617 2841 motus
1669 2785 1905 2848 exstitit,
1939 2783 1995 2838 in
2047 2782 2134 2839 bis

535 2882 771 2956 quidem
817 2882 1071 2954 partibus
1107 2896 1209 2937 sua
1241 2880 1490 2935 exilitate
1525 2875 1803 2950 plerisque
1856 2894 1962 2933 non
2009 2877 2134 2934 ani-

547 2975 901 3041 madver’sus,
950 2989 1016 3031 eo
1070 2972 1220 3045 quod
1269 2972 1421 3029 nullo
1468 2973 1761 3028 admodum
1814 2971 1993 3027 iudice
2046 2970 2132 3027 sui

545 3069 874 3139 proderetur
905 3070 1141 3138 strepitu
1170 3083 1185 3123 :
1217 3065 1367 3122 circa
1398 3080 1525 3121 vero
1565 3066 1725 3121 clima
1759 3062 2041 3119 Rhodium
2076 3071 2136 3119 et

2235 1943 2360 2010 λούς
2389 1946 2436 1999 τ’
2459 1945 2600 2018 ἔχων
2627 1950 2951 2020 αἱρετιστὰς
2994 1953 3280 2026 νεωτέρων
3317 1953 3667 2025 πραγμάτων
3700 1955 3828 2005 ἀντ-

2234 2038 2436 2111 είχετο.
2473 2040 2699 2114 Πλούτῳ
2747 2043 2805 2097 δὲ
2831 2046 2927 2098 καὶ
2967 2048 3149 2119 τρυφῇ
3184 2046 3283 2101 σὺν
3327 2048 3443 2111 τοῖς
3476 2044 3616 2117 ἁμφθ
3657 2045 3827 2100 αὐτὸν

2237 2123 2608 2203 ὑπερηφανῶν
2642 2136 2707 2189 ὲκ
2730 2135 2839 2191 τῶν
2874 2138 3274 2209 σκυλευμάτων
3298 2119 3408 2193 τῶν
3440 2137 3585 2192 κατά
3620 2136 3829 2192 θαλασ-

2237 2244 2337 2281 σαν
2354 2227 2518 2295 ’τάξιν
2553 2230 2769 2303 ἐκείνην
2804 2232 2916 2286 τῶν
2959 2234 3203 2306 φρερίων
3235 2234 3331 2287 καὶ
3366 2232 3556 2304 σχῆμα
3590 2231 3825 2304 χαίρειν

2236 2324 2323 2396 ἐᾷ,
2360 2325 2456 2379 καὶ
2493 2326 2589 2379 ἐπὶ
2641 2327 2803 2382 ναυσὶ
2850 2328 3222 2398 κραταιωϐεὶς
3259 2328 3473 2382 πλείοσι
3502 2327 3581 2401 τῷ
3613 2333 3673 2384 ἐκ
3727 2326 3826 2383 τοῦ

2238 2505 2445 2579 inclyta
2478 2506 2885 2574 celebraretur,
2928 2510 3071 2565 inter
3103 2508 3325 2565 Frerios
3353 2508 3577 2566 sodales
3608 2506 3827 2581 Templi

2238 2602 2534 2658 militarem
2574 2602 2894 2674 religionem
2934 2602 3218 2673 professus
3269 2602 3474 2659 fuerat.
3519 2602 3824 2675 Postquam

2236 2706 2422 2749 autem
2454 2692 2527 2749 ab
2559 2691 2921 2766 EtbiOpibus
2960 2694 3258 2753 Ptolemais
3294 2705 3452 2765 capta
3484 2705 3591 2759 est,
3633 2705 3688 2750 ut
3728 2711 3827 2751 su-

2236 2785 2428 2856 perius
2460 2786 2728 2853 diximus,
2759 2795 2817 2842 et
2848 2787 3027 2843 deleta
3061 2787 3175 2842 illic
3195 2786 3445 2857 potentia
3472 2785 3827 2842 Christiano.

2237 2893 2385 2945 rum,
2416 2878 2673 2949 pecuniis
2700 2878 2841 2933 clam
2879 2893 2910 2934 e
2942 2892 3045 2933 suo
3069 2877 3145 2933 ibi
3177 2875 3436 2934 emnobio
3477 2876 3819 2942 subtractis,

2238 2971 2430 3042 longas
2480 2970 2646 3042 395.
2676 2983 2803 3025 cum
2867 2976 3123 3040 parasset
3168 2982 3361 3034 naves,
3410 2967 3499 3027 bis
3546 2967 3826 3023 infestans

2237 3068 2521 3136 Agarenos
2563 3066 2742 3136 pirata
2777 3063 2888 3119 late
2917 3062 3413 3120 formidatissimus
3435 3059 3649 3125 evasit;
3678 3062 3827 3114 mul-

546 3162 688 3217 ultra
719 3176 814 3231 per
840 3176 977 3217 sane
1015 3160 1198 3215 clarus
1221 3158 1347 3224 fuit,
1377 3158 1629 3229 idemque
1668 3156 1830 3229 393
1880 3157 2132 3211 omnium
2163 3206 2204 3231 η
2242 3169 2436 3230 tesque
2475 3158 2693 3214 interim
2724 3156 2950 3230 'sponte
2980 3156 3231 3213 addictos
3278 3172 3391 3213 suae
3442 3155 3827 3224 qualicunque

546 3269 690 3324 quos
720 3253 832 3308 vivi
861 3251 1247 3308 meminissent
1272 3250 1615 3307 dirisslmus.
1642 3249 1796 3306 Unde
1825 3259 1880 3303 et
1909 3248 2135 3307 Rhodus

547 3347 768 3416 quidem
795 3347 909 3417 ipsa
935 3354 1045 3400 tota
1062 3344 1222 3414 plane
1248 3343 1520 3400 subversa
1549 3352 1655 3399 est.
1688 3343 1889 3398 Audita
1914 3358 2137 3414 quoque

549 3443 615 3493 de
652 3439 980 3495 Alexandria
1013 3446 1067 3495 et
1103 3436 1239 3503 locis
1271 3438 1422 3508 paris
1468 3452 1595 3493 cum
1629 3452 1689 3492 ea
1742 3437 1883 3494 situs
1920 3438 2136 3507 gravis-

548 3535 692 3590 sima
727 3550 822 3603 per
851 3534 1026 3589 illum
1088 3532 1156 3589 iis
1210 3531 1503 3602 importata
1546 3531 1687 3586 tnala
1732 3541 1883 3588 sunt.
1920 3532 2137 3589 Corone

549 3644 681 3683 vero
711 3638 767 3683 et
800 3625 1056 3682 Methone
1101 3640 1167 3681 ac
1201 3624 1567 3695 Peloponnesi
1613 3624 1899 3695 pleraque,
1943 3631 1998 3681 et
2028 3639 2135 3679 non

550 3721 769 3777 modica
815 3734 947 3792 pars
977 3720 1176 3785 Cretae,
1235 3719 1427 3774 eodem
1476 3718 1581 3774 hoc
1633 3717 1811 3774 obiter
1860 3731 2134 3774 concussa

550 3826 709 3871 terrae
742 3822 896 3869 motu
925 3813 1069 3870 haud
1101 3813 1221 3870 sine
1252 3811 1469 3869 damnis
1505 3810 1661 3868 luere
1691 3812 1973 3869 maximis.

552 3931 639 3987 12.
681 3930 759 3986 De
809 3928 1020 4003 Latinis
1072 3929 1164 4001 qui
1205 3928 1377 4011 uocati
1427 3927 1787 3995 advenerunt,
1846 3936 1897 4001 et
1926 3926 2133 3999 qualia

1086 4012 1091 4019 '
1228 4011 1452 4069 egerint.
2090 4024 2095 4028 ι

620 4093 871 4150 lusecuto
903 4109 1028 4148 mox
1055 4091 1365 4163 Septembri
1391 4090 1651 4147 secundae
1681 4089 2005 4149 indietionis
2047 4093 2132 4149 vi-

549 4190 631 4242 dit
666 4188 832 4260 (quod
861 4186 1071 4242 utinam
1104 4201 1209 4240 non
1238 4183 1480 4256 fuisset),
1514 4186 1674 4252 vidit,
1706 4184 1961 4255 inquam,
1987 4186 2134 4243 Con-

550 4278 948 4348 stantinopolis
983 4276 1243 4332 Latinum
1294 4275 1777 4347 Rontzeriumﬂ),
1840 4278 2131 4348 appulsam

557 4386 683 4426 cum
731 4370 976 4441 propriis
1007 4373 1243 4423 navibus
1268 4376 1481 4437 septem
1507 4376 1563 4421 et
1594 4366 1790 4422 sociali
1825 4367 2001 4433 classe
2039 4381 2133 4424 co-

551 4464 702 4533 piosa
734 4464 896 4533 plena
925 4462 1122 4517 militia
1146 4478 1174 4517 e
1207 4460 1489 4517 Catelanis
1517 4467 1570 4515 et
1591 4458 1977 4531 Amogabaris,
2007 4470 2133 4516 octo

2244 3253 2526 3310 ﬁrmandae
2576 3252 2841 3323 potentia:
2892 3266 2957 3307 ac
2996 3260 3162 3308 certae
3209 3250 3279 3306 ad
3340 3259 3650 3306 extremum
3696 3246 3827 3302 ﬁdei

2240 3348 2438 3404 adesse
2457 3347 2565 3403 sibi
2591 3346 2837 3403 asseclas
2869 3344 3138 3409 sentiens,
3166 3343 3325 3401 novis
3351 3341 3604 3399 inhiabat
3626 3341 3824 3402 rebus,

2240 3458 2375 3514 opes
2403 3452 2460 3499 et
2493 3441 2799 3497 dominium
2832 3440 3031 3497 stabile
3082 3439 3603 3509 uspiam'quaeren's,
3655 3436 3829 3506 idque

2234 3534 2365 3606 jure
2411 3552 2481 3591 an
2530 3534 2733 3603 injuria
2796 3540 3110 3603 pararetur,
3152 3528 3296 3590 haud
3348 3542 3481 3585 sane
3520 3526 3825 3583 sollicitus.

2238 3628 2464 3686 Interim
2494 3638 2678 3683 autem
2712 3626 2920 3683 divitiis
2950 3637 3007 3683 et
3040 3627 3173 3681 luxu
3218 3639 3343 3681 cum
3398 3620 3697 3678 comitibus
3732 3636 3828 3675 su-

2237 3721 2522 3791 perbiens,
2553 3720 2967 3775 abundantibus
3001 3716 3067 3773 ad
3102 3718 3208 3774 hoc
3239 3733 3302 3771 ex
3329 3714 3509 3785 praeda
3539 3710 3827 3767 latrocinii

2236 3814 2501 3869 maritimi
2531 3813 2730 3883 copiis,
2773 3812 3029 3868 Ordinem
3069 3810 3223 3867 illum
3269 3806 3589 3863 Freriorum
3623 3811 3680 3859 et
3718 3803 3826 3859 ha-

2238 3910 2415 3965 bitum
2445 3908 2631 3969 valere
2664 3906 2823 3978 jubet
2855 3924 2871 3972 ;
2911 3902 3417 3976 pluribusquejam
3468 3897 3715 3964 navibus
3764 3897 3821 3949 in

2236 4016 2493 4073 magnam
2552 4000 2865 4070 potentiam
2898 3998 3171 4063 ﬁrmatus,
3230 3993 3583 4051 Theudorico
3629 3990 3828 4058 nepoti

2214 4095 2509 4151 'Manfredi
2549 4094 2802 4149 Siciliam
2838 4092 3211 4156 obtinentl,et
3258 4086 3420 4159 quasi
3461 4085 3824 4141 haereditaria

2236 4189 2500 4260 illiusque
2530 4189 2756 4261 propria
2787 4186 3007 4259 generis
3033 4182 3387 4241 contumacia
3416 4182 3686 4237 adversus
3720 4178 3829 4233 Ec-

2235 4280 2462 4337 clesiam
2491 4277 2708 4342 rebelli,
2756 4280 3157 4348 proptereaque
3211 4272 3580 4330 bellumacre
3612 4272 3831 4341 pugnis

2237 4372 2602 4429 commissum
2646 4371 2860 4428 crebris
2899 4378 3094 4425 contra
3143 4366 3404 4423 Carolum
3466 4365 3721 4429 habenti,
3766 4379 3833 4419 se

2239 4464 2494 4538 adiunxit
2522 4464 2757 4531 socium,
2794 4478 2859 4518 ac
2883 4462 3019 4517 certi
3050 4462 3308 4529 pactione
3362 4457 3648 4528 stipendii,
3688 4472 3827 4512 cum

552 4556 784 4610 millium
844 4570 1134 4612 numerum
1198 4554 1473 4624 explente.
1548 4552 1916 4609 Praecesserat
1980 4554 2129 4609 hunc
2156 4552 2211 4614 Ι)
2238 4559 2438 4630 quibus
2478 4563 2713 4627 praeerat
2746 4552 2920 4624 copiis
2966 4552 3290 4608 auxiliarem
3324 4551 3375 4606 ei
3404 4549 3495 4604 diu
3525 4548 3831 4605 navalibus

553 4648 870 4705 Pharendas
902 4649 1146 4714 ’l‘zimes,
1204 4649 1366 4717 cujus
1413 4646 1587 4718 copiae
1616 4648 1736 4719 ejus
1786 4663 1948 4719 quem
2014 4647 2165 4704 dixi'

548 4739 763 4796 numeri
792 4755 919 4811 pars
975 4748 1152 4796 erant.
1190 4739 1460 4795 Caeterum
1499 4740 1591 4794 hic
1654 4738 1872 4795 Tzimes
1928 4740 2132 4797 nobilis

547 4840 686 4899 erat,
720 4841 773 4888 et
819 4847 958 4902 quos
999 4819 1242 4886 'ducebat
1272 4846 1302 4884 e
1342 4833 1445 4886 sibi
1489 4830 1729 4887 subditis
1764 4840 2119 4898 armaverat;

549 4936 888 4997 veneratque
923 4940 1033 4981 non
1085 4934 1338 4989 vocatus,
1366 4925 1577 4980 auxilio
1610 4924 1878 4979 Romanis
1930 4932 2127 4980 contra

548 5017 750 5075 Persas
787 5018 1028 5087 futurus,
1054 5019 1101 5074 si
1134 5016 1297 5073 vellet
1323 5016 1644 5088 imperator,
1677 5016 1729 5072 id
1761 5025 1941 5073 tamen
1975 5026 2128 5073 certa

548 5119 705 5181 pacta
746 5111 1021 5167 mercede.
1060 5110 1397 5167 Rontzerius
1436 5125 1569 5166 vero
1610 5109 1939 5169 nominatim
1994 5125 2127 5166 evo-

546 5212 705 5261 catus
736 5207 951 5263 aderat.
1004 5207 1098 5263 Vir
1126 5220 1248 5261 erat
1296 5207 1359 5259 ’in
1414 5207 1597 5261 aetatis
1650 5204 1806 5271 ﬂore,
1864 5204 2130 5261 terribilis

547 5310 799 5369 aspectu,
856 5298 1011 5354 velox
1040 5315 1374 5371 quocunque
1414 5310 1686 5371 vergeret,
1731 5316 1794 5354 ac
1833 5300 1885 5352 in
1916 5301 2131 5371 agendo

545 5391 769 5449 ardens.
798 5390 873 5446 De
905 5408 1015 5462 quo
1058 5408 1229 5462 pauca
1259 5390 1498 5462 praefari,
1524 5403 1684 5461 prout
1715 5392 1920 5457 audivi,
1959 5391 2121 5460 volo;

545 5500 668 5555 qua:
698 5485 742 5540 si
779 5485 1139 5541 abhorrerea
1164 5500 1292 5539 vero
1314 5485 1685 5554 reperiantur,
1720 5500 1826 5540 non
1858 5486 2121 5555 scriptor,

546 5579 665 5646 sed,
700 5594 808 5649 qua
840 5587 925 5633 est
960 5594 1095 5635 usus
1132 5587 1380 5644 auctore,
1416 5577 1564 5632 fama
1597 5580 1865 5648 culpetur.
1900 5577 1951 5634 ls
1975 5577 2122 5647 apud

2238 4650 2441 4725 praeliis
2484 4649 2712 4705 navavit
2753 4662 3003 4719 operam.
3038 4645 3337 4716 Postquam
3392 4651 3574 4697 autem
3616 4641 3836 4698 idbel-

2238 4747 2347 4801 lum
2384 4743 2620 4800 cessavit
2672 4748 2726 4796 et
2779 4740 3119 4812 nuptialibus
3183 4736 3671 4803 conventionibus,
3721 4738 3826 4806 qui

2234 4845 2464 4893 eatenus
2492 4834 2725 4890 invicem
2754 4834 2941 4889 infesti
2986 4832 3352 4896 bellaverant,
3380 4844 3596 4901 pacem
3636 4829 3828 4884 fecere

2234 4930 2384 5001 (nam
2409 4929 2754 4984 Ecateriuam
2787 4926 3063 4982 connubio
3094 4926 3197 4981 sibi
3219 4923 3405 4995 iunxit
3437 4923 3579 4992 regis
3603 4924 3775 4976 frater
3807 4939 3823 4985 ;

2232 5038 2397 5096 quem
2426 5032 2485 5089 et
2532 5036 2669 5093 papa
2728 5020 3023 5085 declarans
3071 5020 3458 5089 imperatorem
3516 5016 3636 5071 sine
3667 5024 3825 5068 terra

2231 5118 2529 5173 commovit
2555 5116 2631 5171 illi
2657 5130 2809 5186 spem
2828 5112 3383 5183 Constantinopoleos
3403 5122 3700 5178 reCuperau
3713 5110 3824 5173 dre,

2232 5227 2294 5266 ex
2318 5211 2443 5282 jure
2474 5210 2619 5281 quod
2654 5208 2868 5266 scilicet
2903 5206 3149 5262 traheret
3182 5220 3210 5258 a
3239 5216 3440 5274 sponsa
3490 5210 3655 5271 nepte
3688 5198 3826 5255 Ba!-

2234 5304 2439 5373 duini),
2469 5318 2567 5372 per
2597 5302 2716 5357 haec
2743 5310 2905 5371 pacta
2949 5314 3077 5355 cum
3134 5296 3302 5355 etiam
3339 5294 3670 5353 conciliatus
3711 5292 3828 5350 Ec-

2234 5398 2418 5451 clesiae
2449 5391 2831 5449 Theodericus
2866 5389 3085 5453 fuisset,
3121 5386 3272 5462 misit
3296 5385 3360 5440 ad
3394 5398 3516 5439 eum
3542 5393 3679 5451 papa
3718 5378 3824 5449 qui

2235 5488 2358 5545 dedi
2394 5486 2498 5544 sibi
2534 5485 2602 5540 ab
2648 5484 2750 5539 illo
2778 5481 3139 5538 Rontzerium
3186 5488 3499 5549 poscerent,
3546 5490 3575 5529 a
3619 5487 3730 5544 quo
3770 5472 3827 5527 is

2230 5577 2493 5634 nimirum
2518 5582 2769 5645 repetere
2795 5587 2995 5643 pmnas
3026 5571 3189 5627 vellet
3217 5565 3528 5631 conculcati
3568 5561 3822 5631 religiosi

547 5669 940 5725 Ptolemaidem
975 5669 1173 5739 Syriae,
1212 5670 1341 5725 dum
1373 5670 1466 5725 illa
1507 5670 1637 5728 urbs
1684 5680 1856 5726 staret
1910 5680 1965 5728 et
2014 5671 2122 5727 late
2224 5671 2458 5729 habitus
2504 5680 2559 5727 et
2590 5682 2761 5725 sacra:
2790 5664 3180 5738 professionis
3232 5663 3401 5736 impie
3458 5668 3677 5731 spretae.
3736 5658 3821 5711 At

617 5855 693 5927 (l)
720 5854 841 5923 ΔΙιῐιο
872 5854 1218 5910 Rodzerittm.
