4004 6228
263 285 350 350 437

1164 283 1264 346 DE
1307 278 1760 345 ANDRONICO
1799 280 2272 344 PALAZOLOGO
2311 282 2460 344 LIB.
2491 286 2563 347 V.

3387 281 3494 346 438

255 395 454 458 πλῆθος,
517 397 613 452 καὶ
655 397 899 468 χρήμασι
952 397 1048 450 καὶ
1101 396 1354 469 σώμασιν
1397 397 1760 467 ίκανούμενον
1789 435 1803 461 ,
1834 397 1884 457 Α
1908 394 2084 465 τηρίῳ
2113 393 2792 465 χρωμένων,ῐ”εννου⁴ίτ·ὦν
2816 381 2874 448 δὲ
2903 394 3132 450 αὐτόθεν
3175 393 3300 448 κατ’
3329 396 3518 463 αἰγια-

246 489 480 561 ιφέλκειν
509 490 634 555 τοὺς
654 491 876 562 Πέρσας
902 491 1144 562 ἀνάγκῃ,
1170 487 1254 555 οἷς
1277 491 1374 544 καὶ
1393 489 1504 544 δεῖν
1529 490 1617 545 διὰ
1643 488 1815 543 ταῦτα

244 580 780 652 κατακεκλεισμένοις
809 581 1134 653 συμμαχίας
1165 581 1357 653 ῷοντο.

239 741 308 798 ιδ’.
345 740 520 812 Μάχη
549 743 915 820 Kelth
933 745 1474 820 ualfsrrovttéw,
1500 751 1598 804 καί
1623 749 1815 820 φόνος

582 814 690 869 τοῦ
721 815 998 886 μεγάλου
1030 815 1450 890 δρουγ-γαρίου.

288 947 354 1022 [Ρ
379 947 510 1022 9.77]
557 949 648 1014 Ὠς
679 949 812 1020 γοῦν
836 950 1166 1022 ἐξηρτύοντο
1200 955 1294 1010 καὶ
1315 955 1416 1028 ήδη
1453 958 1591 1028 πρὸς
1611 958 1817 1027 ιξόδοις

227 1037 373 1111 ἦσαν,
405 1044 860 1100 ἑπισυνίστανται
896 1047 1210 1104 Γεννουῖται
1235 1050 1286 1104 oi
1314 1051 1454 1105 κατὰ
1489 1053 1644 1107 πόλιν
1669 1055 1812 1120 τέως

227 1136 510 1202 ζητοῦντες
541 1139 603 1192 τὸ
633 1139 793 1210 χρέος
840 1158 854 1173 ·
887 1136 1117 1212 βασιλέα
1150 1144 1260 1217 γὰρ
1295 1146 1554 1202 ἀπαιτεῖν
1599 1151 1809 1220 ἑτέροις

224 1230 574 1296 δανείσαντας
607 1232 710 1286 οὑκ
761 1233 934 1306 ᾤοντο
965 1236 1098 1292 δεῖν.
1153 1238 1217 1293 Oi
1244 1239 1301 1294 δὲ
1352 1239 1423 1294 τὰ
1469 1241 1565 1296 τοῦ
1612 1243 1810 1314 χρέους

225 1323 355 1394 βάρη
401 1326 833 1396 προσανετίθουν
859 1327 939 1400 τῷ
976 1330 1192 1401 βασιλεῖ
1225 1332 1301 1398 ὡς
1349 1319 1516 1389 αὐτού
1562 1352 1626 1404 γε
1671 1354 1810 1410 χρη-

223 1418 445 1483 σάμενοι
478 1417 667 1473 ἕνεκα.
710 1421 820 1474 Καὶ
856 1420 1111 1492 βασιλεὺς
1143 1425 1282 1490 τέως
1317 1427 1418 1482 οὐκ
1451 1428 1805 1500 ἀνεχόμενος,

221 1507 330 1561 ἀλλ’
358 1505 454 1563 οὖν
482 1513 628 1582 θπριις
658 1514 720 1566 τὸ
753 1515 1065 1572 ἀποδιδόναι
1097 1521 1380 1588 κατένευε,
1416 1513 1509 1578 καὶ
1532 1525 1621 1580 διὰ
1648 1527 1808 1582 τοῦτο

216 1604 304 1657 καὶ
343 1603 691 1670 φιλονεικίαν
719 1611 902 1664 πᾶσαν
954 1612 1395 1686 ὑποτεμνόμενος
1439 1617 1657 1689 ἔπεμπε
1711 1622 1805 1677 τὸν

216 1684 560 1761 Μουζάλωνα
585 1702 886 1773 Στέφανον,
916 1707 1094 1776 μέγαν
1119 1684 1485 1784 δρουγγὰριον
1509 1684 1604 1768 τοῦ
1639 1715 1810 1771 πλωϊ-

219 1799 313 1859 μου
376 1795 539 1862 δντα,
599 1799 1042 1857 καταστελοῦντα
1073 1803 1166 1858 τὸν
1215 1805 1468 1876 θόρυϐον.
1513 1808 1575 1866 ’0
1607 1810 1663 1864 δὲ
1711 1828 1808 1864 το-

215 1884 397 1941 σοῦτον
429 1889 627 1960 ἐδέησε
661 1890 756 1945 τοῦ
790 1893 966 1949 ταῦτα
996 1898 1173 1949 ποιεῖν
1201 1897 1342 1951 ὥστε
1389 1902 1484 1955 καὶ
1523 1903 1802 1976 κατεκόπη

214 1967 445 2043 σπάθαις
477 1980 635 2053 αὐτῷ
672 1999 735 2052 γε
778 1984 954 2058 ἵππῳ.
1001 1988 1112 2042 Καὶ
1143 1987 1261 2060 ἔρις
1301 1991 1556 2069 ἐντεῦθεν
1587 1967 1799 2068 μεγάλῆ

213 2073 411 2143 μεταξὺ
447 2075 609 2145 σφῶν
638 2077 970 2148 ὠροθύνετο,
1015 2082 1126 2137 τῶν
1165 2069 1268 2155 μὲν
1303 2085 1532 2151 ξενικῶν
1576 2091 1675 2157 τὴν
1707 2092 1803 2146 τοῦ

210 2164 511 2236 Κοσμιδίου
551 2171 973 2231 καταλαϐόντων
1012 2177 1203 2251 μονὴν,
1246 2177 1480 2254 κάκείνῃ
1516 2183 1591 2249 ὡς
1619 2188 1802 2259 ὀρμη-

208 2363 290 2404 sas
350 2365 464 2406 non
543 2363 757 2424 posset,
818 2358 1211 2421 verisimiliter
1248 2368 1675 2441 exspectabatur
1737 2390 1801 2431 eo

208 2453 436 2501 cunctos
461 2445 618 2515 ipsos
655 2450 920 2521 impetum
956 2471 1219 2516 versuros
1258 2477 1274 2515 :
1305 2477 1431 2518 nam
1488 2467 1645 2523 avari
1698 2469 1796 2525 ha-

210 2534 471 2595 bentibus
528 2539 768 2609 inhiant,
821 2554 877 2601 et
938 2547 992 2602 in
1046 2549 1164 2607 loca
1210 2557 1492 2625 congestis
1538 2561 1797 2630 opulenta

208 2630 349 2727 gazis
395 2631 602 2702 cupida
656 2637 800 2692 Solet
859 2642 1135 2711 rapacitas
1177 2645 1422 2704 incitari.
1486 2651 1616 2708 Urbi
1670 2671 1800 2727 ergo

206 2719 496 2816 ilyzicena‘:
551 2727 726 2796 plenae
783 2740 915 2788 tunc
975 2742 1029 2789 et
1081 2735 1295 2796 divitiis
1343 2751 1396 2796 et
1452 2719 1798 2816 hominibus,

208 2813 443 2888 ideoque
496 2821 585 2875 vel
629 2820 744 2891 iam
807 2826 1057 2885 obsessae
1110 2829 1197 2888 vel
1228 2833 1351 2890 mox
1411 2836 1731 2896 obsidenda:

210 2907 484 2980 barbaris,
523 2913 671 2971 mitti
717 2916 1010 2990 suppetias
1044 2937 1221 2985 novos
1253 2928 1418 2984 hosce
1449 2932 1630 2988 socios
1687 2936 1802 3005 pla-

209 3005 338 3060 cuit.

213 3167 294 3222 Η.
328 3167 526 3242 Pugna
573 3170 955 3231 Catelunoruin
1008 3188 1057 3232 et
1100 3179 1477 3250 Cannensium,
1538 3196 1589 3242 et
1632 3191 1800 3246 caedes

731 3251 912 3319 magni
942 3250 1248 3323 drungarii.

278 3375 375 3433 liis
400 3386 592 3435 autem
623 3382 844 3452 pransis
888 3387 1094 3455 paratis
1145 3387 1198 3442 in
1251 3388 1535 3460 procinctu
1569 3391 1636 3448 ad
1693 3393 1803 3451 hoc

211 3468 332 3533 iter,
366 3486 434 3530 ac
471 3473 742 3547 urbeiam
768 3479 1208 3550 egredientibus,
1237 3497 1364 3539 ecce
1406 3487 1805 3554 Superveniunt

211 3567 298 3633 qui
347 3570 402 3620 in
441 3560 583 3623 urbe
633 3580 792 3624 erant
826 3587 854 3626 e
904 3572 1096 3628 Genda
1132 3574 1450 3634 creditores
1486 3575 1801 3646 Rontzcrii,

211 3674 348 3728 quos
409 3660 530 3716 dixi
551 3675 576 3733 λς’
643 3665 848 3721 ethoc
881 3674 1121 3724 exeunte
1174 3668 1393 3726 brevem
1447 3677 1798 3733 occasionem

215 3753 315 3804 rati
355 3754 650 3824 repetendi
690 3749 883 3823 debiti.
913 3757 1042 3813 dum
1083 3760 1228 3814 intra
1259 3760 1799 3835 Constantinopolim

212 3837 257 3892 is
289 3840 476 3897 adhuc
528 3853 697 3910 esset,
730 3861 853 3902 cum
883 3849 1260 3906 sollicitudine
1302 3869 1366 3908 ac
1414 3858 1652 3912 tumultu
1698 3858 1806 3913 cir-

214 3936 557 3991 cumsistunt
611 3929 910 4008 hominem,
963 3944 1100 3999 solv‘i
1131 3947 1318 4000 statim
1357 3949 1505 4018 quod
1559 3951 1800 4008 debebat

215 4022 550 4097 ﬂagitantes.
605 4031 740 4087 Cum
793 4049 900 4092 eos:
947 4036 1014 4091 ad
1060 4038 1449 4108 imperatorem
1489 4045 1802 4102 remitteret

217 4117 577 4191 itotttzerius,
635 4127 878 4198 allegans
931 4129 1282 4202 imperatoris
1351 4133 1457 4193 lide
1505 4140 1798 4207 pecuniam

215 4222 529 4284 acceptam,
567 4213 622 4271 in
650 4218 771 4288 ejus
821 4221 1086 4291 obsequia
1132 4222 1462 4295 impensam,
1514 4237 1566 4285 et
1606 4246 1806 4285 nume-

216 4315 336 4357 rare
375 4307 566 4374 ipsum
597 4317 850 4376 paratum
883 4309 1124 4383 (adirent
1153 4313 1337 4380 modo,
1377 4316 1568 4372 statim
1605 4335 1804 4374 cumu-

216 4395 319 4452 late
355 4397 529 4453 laturi
555 4400 704 4469 quod
767 4405 1113 4475 poscerent),
1164 4405 1244 4460 illi
1281 4405 1398 4461 bzee
1455 4409 1660 4482 ed'ugia
1700 4415 1805 4467 rati

1926 487 2052 552 λοὺς
2089 488 2334 561 βούτζοις
2367 490 2462 545 καὶ
2491 489 2735 562 τάρπαις
2768 489 2866 544 καὶ
2895 490 3110 545 σανίσιν
3143 488 3518 560 ἀσφαλισθέν-

1924 598 2034 637 των
2062 581 2272 652 κύκλῳ,
2306 582 2611 639 κάντεῦθεν
2638 583 2715 646 ὡς
2741 582 2850 638 ἀπὸ
2879 585 3090 656 τείχους
3125 583 3428 661 βαλλόντων
3454 597 3513 636 τε

1923 676 2020 729 καὶ
2053 675 2423 747 βαλλομένων,
2467 677 2544 740 ὡς
2575 676 2672 731 καὶ
2695 676 2926 742 πολλοὺς
2963 679 3153 732 πεσεῖν
3184 676 3512 748 ἀμφοτέρων

1922 767 2036 824 θεν.
2066 768 2239 829 Μόλις
2276 770 2370 823 τὸν
2401 769 2632 840 θόρυϐον
2673 769 2942 840 βασιλέως
2982 769 3513 841 καταστορέσαντος,

1919 859 2017 916 ἐπὶ
2053 862 2299 929 Κυζίκου
2333 863 2413 926 εἰς
2460 863 2914 936 παραχειμασίαν
2945 863 3246 919 ἀπέπλεον.
3298 865 3512 920 Ἐκεῖσε

1919 951 1965 1006 δ’
1997 954 2327 1019 ἐπιστάντες
2383 955 2536 1009 πόλλ’
2589 955 2723 1011 ἄττα
2751 956 2861 1011 τῶν
2896 957 3150 1029 χαλεπῶν
3204 950 3513 1030 κατεπράτ-

1917 1061 2098 1112 τοντο,
2130 1046 2282 1111 ἐντὸς
2312 1046 2408 1101 τοῦ
2451 1049 2668 1120 τείχους
2694 1044 3032 1120 καθήμενοι.
3051 1051 3318 1122 χρήματα
3349 1051 3511 1104 ἐκλέ-

1919 1156 2130 1210 γοντες,
2161 1141 2312 1212 βίους
2346 1142 2712 1214 ἁρπάζοντες,
2745 1145 2998 1214 γυναιξὶν
3036 1145 3343 1217 ἀνθρώπων
3394 1148 3500 1199 ὲπι·

1917 1231 2260 1304 χειροῦντες,
2297 1237 2392 1288 καὶ
2417 1235 2527 1289 τῶν
2558 1237 2800 1292 ἐποίκων
2829 1239 2930 1293 ὅσα
2959 1239 3055 1293 καὶ
3087 1239 3312 1311 ὼνητῶν
3346 1255 3515 1294 καταο

1920 1324 2281 1396 κυριεύοντες
2325 1327 2553 1384 δούλων.
2586 1329 2735 1395 Τέως
2771 1333 2799 1385 ό
2848 1333 2947 1401 μὲν
2993 1333 3238 1405 Φαρέντα
3269 1331 3508 1404 Τζιμῆς,

1918 1417 2235 1487 αἰσχυνθεὶς
2268 1412 2380 1474 οἷον
2411 1418 2482 1474 τὰ
2528 1419 2809 1492 δρώμενα,
2843 1423 2935 1476 καὶ
2976 1423 3236 1488 πολλάκις
3277 1424 3511 1494 ἐλέγξας

1916 1509 2049 1564 οἴων
2076 1509 2176 1581 μὲν
2203 1512 2532 1583 ἀπήλαυσαν
2556 1513 2846 1584 βασιλέως,
2872 1510 2960 1570 οἷα
2985 1515 3040 1570 δὲ
3067 1519 3390 1587 πράττουσι,
3413 1516 3510 1570 καὶ

1920 1602 1997 1675 μὴ
2021 1602 2216 1668 πείσας
2247 1604 2555 1679 βαρϐάρους
2588 1608 2770 1673 ὄντας,
2797 1610 2890 1662 καὶ
2918 1607 3086 1663 αὑτοῦ
3113 1609 3509 1675 κατεξανιστα-

1918 1695 2085 1768 μένου
2107 1697 2198 1752 τοῦ
2221 1699 2447 1767 ἄγοντος
2467 1700 2728 1771 ἀπαίρειν
2747 1700 2911 1770 ἔγνω.
2937 1700 3106 1758 Ὅθεν
3131 1703 3225 1757 καὶ
3243 1719 3510 1758 συσκευα-

1917 1792 2155 1860 σάμενος
2190 1791 2306 1861 ἅμα
2333 1795 2528 1847 ναυσὶν
2557 1793 2716 1859 ίδίαις
2749 1796 2845 1850 καὶ
2869 1796 3059 1868 οἰκείῳ
3087 1795 3202 1868 λαῷ
3227 1796 3314 1850 ἐπ’
3351 1796 3503 1850 οῖκου

1913 1885 2234 1955 πορεύεται.
2279 1886 2506 1940 Ἐκεῖνοι
2560 1885 2620 1941 δὲ
2675 1889 2770 1942 καὶ
2822 1888 2902 1942 ἑτι
2954 1889 3034 1960 τῷ
3083 1889 3224 1945 κατὰ
3261 1888 3506 1954 Κύζικον

1913 1979 2363 2050 προσκαθήμενοι
2397 1979 2568 2052 τείχει
2618 1983 2714 2036 καὶ
2761 1984 2884 2046 ταῖς
2925 1982 3076 2052 σφῶν
3108 1981 3290 2038 αὐτῶν
3319 1984 3505 2054 {vapu-

1911 2070 2121 2140 φῶντες
2181 2072 2570 2139 ἀτασθαλίαις.
2635 2074 2742 2146 ὅπη
2811 2077 2908 2129 καὶ⁵
2981 2075 3204 2147 λήξειαν
3271 2077 3502 2134 τοιαῦτα

1909 2162 2266 2235 πράττοντες,
2322 2161 2390 2237 ἦν
2461 2167 2635 2233 οὐδεὶς
2704 2169 2951 2237 ἀγνοῶν⁸
3016 2168 3324 2243 Ῥωμαίους
3389 2171 3503 2247 γὰρ

1911 2348 2221 2419 peregrinis
2259 2349 2482 2420 quidem
2523 2352 2799 2411 militibus
2822 2354 3048 2412 obvium
3079 2355 3352 2418 Cosmidii
3380 2372 3499 2414 uto-

1906 2441 2210 2497 nasterium
2236 2444 2664 2513 accupantibns,
2688 2460 2864 2518 eoque
2891 2449 3181 2504 utentibus
3209 2464 3309 2519 pro
3332 2463 3483 2514 arce,

1910 2548 1978 2587 ex
2010 2549 2119 2604 qua
2155 2545 2538 2606 erumperent,
2573 2553 2686 2608 quo
2725 2554 2785 2596 se
2827 2538 3181 2610 reciperent;
3235 2539 3497 2597 Genuen-

1905 2626 2061 2681 sihus
2091 2631 2275 2682 autem
2307 2629 2445 2696 illic,
2486 2630 2578 2704 ubi
2607 2630 2754 2688 forte
2787 2641 2923 2689 sunt
2959 2633 3163 2705 reperti
3223 2648 3318 2704 per
3339 2633 3497 2688 litto-

1907 2722 2082 2775 ralem
2133 2729 2314 2787 oram,
2347 2723 2492 2778 vallo
2523 2733 2738 2788 ,contra
2770 2732 2824 2780 'et
2876 2737 3085 2797 aggere
3116 2740 3242 2780 sese
3273 2724 3499 2783 munire

1908 2814 2316 2886 satagentibus,
2359 2818 2727 2890 certatimque
2772 2817 2841 2873 ad
2891 2819 2941 2873 id
3011 2817 3499 2890 comportantibus

1909 2906 2084 2972 dolia,
2114 2917 2273 2963 scuta
2305 2909 2583 2982 praelonga
2641 2919 2694 2966 et
2733 2911 2972 2973 tabulas,
3027 2910 3229 2981 quibus
3269 2920 3499 2968 externo

1905 3000 2218 3054 commissis
2251 3000 2516 3072 intusque
2557 3014 2725 3060 arena
2759 3012 3022 3076 congesta
3077 3004 3355 3069 roboretis
3400 3018 3496 3061 ca-

1907 3097 2020 3145 stra
2077 3091 2230 3147 velut
2279 3104 2380 3149 sun
2427 3095 2668 3165 circum
2698 3096 3065 3166 obvallnrent,
3121 3106 3182 3154 ut
3242 3107 3355 3154 tum
3385 3098 3520 3154 isto”

1904 3187 2064 3256 quasi
2103 3196 2262 3242 mum
2305 3195 2741 3259 extemporaneo
2780 3192 2887 3248 t'ela
2914 3193 3156 3250 hostium
3193 3195 3245 3249 in
3275 3194 3493 3266 objecta

1911 3281 2138 3334 materia
2173 3281 2339 3336 ictum
2394 3281 2685 3352 perdentis
2721 3283 3145 3351 frustrarentur,
3181 3293 3299 3342 tum
3323 3300 3391 3340 ex
3424 3296 3493 3338 eo

1905 3385 2148 3444 superne
2200 3373 2447 3430 vicissim
2506 3371 2912 3447 iacularentur.
2959 3377 3082 3444 Quo
3123 3376 3227 3436 diu
3267 3386 3496 3434 strenue

1906 3467 2221 3536 inresteque
2247 3467 2521 3535 factitata,
2547 3467 2744 3526 cadere
2777 3471 3040 3543 utrinque
3069 3471 3338 3543 plurimos
3358 3485 3498 3527 con-

1909 3561 2056 3634 tigit,
2094 3559 2275 3631 quoad
2311 3548 2840 3621 tandemexanditis
2876 3565 2999 3622 sine
3023 3566 3131 3622 line
3160 3563 3382 3622 iteratis
3422 3563 3492 3620 ab

1906 3653 2242 3725 imperatore
2284 3654 2570 3712 mandatis
2595 3656 2828 3713 sedatus
2871 3657 3172 3728 aliquando
3222 3657 3492 3713 tumultus

1905 3761 2014 3815 est,
2049 3767 2112 3806 ac
2151 3759 2286 3824 pace
2313 3750 2458 3808 facta
2491 3752 2880 3809 Rontzerianat
2935 3768 3059 3810 eum
3093 3767 3195 3809 suo
3229 3751 3368 3809 duce
3395 3767 3495 3809 co;

1905 3847 2012 3919 piae
2035 3847 2360 3904 conscensis
2402 3844 2636 3904 navibus
2671 3845 3024 3904 hibernatum
3065 3845 3343 3920 Cyzicum!
3375 3847 3492 3902 ive-

1907 3948 2061 3996 runt.
2094 3938 2283 4012 Cyzici
2322 3939 2416 3996 ubi
2447 3939 2625 4005 fuere,
2673 3941 2907 3997 admissi
2954 3944 3102 4004 intra
3153 3939 3496 3996 munitiones

1910 4032 2082 4090 multa
2111 4033 2334 4090 miseris
2366 4032 2481 4090 illic
2514 4032 2846 4106 degentibus
2889 4049 3074 4105 gravm
3129 4048 3231 4091 nec
3272 4032 3494 4088 mitiora

1911 4126 2203 4183 hostilibus
2243 4127 2515 4188 iecerunt.
2549 4127 2812 4198 pecunias
2843 4135 3268 4198 extorquentes,
3307 4126 3490 4180 anno-

1913 4233 2037 4275 nam
2071 4218 2426 4292 diripientes,
2478 4235 2676 4276 uxores
2708 4219 2912 4275 civium
2954 4220 3165 4278 violare
3202 4227 3492 4283 conantes,

1911 4329 2021 4368 uno
2054 4313 2244 4380 verbo,
2277 4312 2527 4369 collectis
2564 4313 2727 4368 isthic
2776 4310 3042 4368 Romanis
3095 4313 3244 4368 velut
3291 4312 3494 4383 emptis

1912 4403 2203 4477 mancipiis
2249 4405 2657 4477 superbissimo
2686 4407 2976 4462 dominatu
3036 4406 3350 4471 abutentes,
3381 4415 3490 4460 tam

215 4507 335 4549 esse
360 4495 634 4552 debitoris
673 4496 846 4564 inﬁdi,
879 4501 950 4554 ab
988 4515 1054 4553 eo
1079 4515 1140 4557 se
1179 4508 1434 4573 repetere
1489 4506 1679 4561 dixere
1710 4510 1797 4562 cui
1839 4495 1882 4551 D
1913 4498 2256 4556 intoleranda
2298 4499 2520 4571 quidem
2553 4500 2800 4567 licentia,
2840 4510 2900 4554 ut
2948 4498 3238 4554 Pharenda
3274 4497 3495 4554 Tzimes

217 4586 527 4652 dedissent,
566 4604 685 4643 cum
714 4589 1049 4662 imperatore
1082 4595 1184 4650 sibi
1224 4597 1360 4650 nihil
1396 4613 1516 4652 esse
1548 4592 1753 4670 negotii
1783 4619 1800 4670 ;

217 4679 361 4736 inter
416 4696 544 4752 quae
585 4680 908 4740 ardescente
951 4685 1164 4759 jurgio,
1207 4699 1429 4744 ventum
1482 4692 1548 4746 ad
1583 4706 1801 4748 manum

219 4783 317 4829 est.
352 4775 666 4847 Imperator
701 4779 900 4848 raptim
931 4778 1251 4836 admonitus
1286 4787 1561 4855 expedivit
1616 4787 1806 4842 conie-

232 4859 353 4924 slim
385 4881 701 4941 opportuna
727 4873 860 4928 rixae
885 4873 1212 4930 dirimenda:
1240 4893 1253 4942 ;
1292 4893 1462 4948 seque
1489 4880 1802 4950 professus,

225 4963 347 5018 licet
371 4965 424 5020 id
463 4973 610 5036 ante.
634 4967 930 5034 renuisset,
959 4983 1190 5024 summa:
1223 4984 1255 5025 a
1298 4970 1681 5030 Genuensibus
1716 4992 1804 5029 ru-

225 5057 403 5128 petitaa
444 5055 771 5128 debitorem,
810 5076 906 5117 eos
942 5061 1085 5118 uitro
1132 5063 1198 5118 ad
1235 5066 1371 5119 satis
1417 5067 1802 5135 accipiendum

224 5154 364 5221 quod
397 5152 602 5209 vellent
634 5155 888 5210 evocavit
923 5156 988 5210 ad
1031 5172 1113 5222 se,
1153 5159 1327 5213 misso
1369 5161 1433 5215 ad
1472 5160 1524 5215 id
1582 5164 1804 5218 turbas-

227 5259 328 5314 que
397 5245 813 5317 componendas
885 5247 1170 5318 Stephano
1244 5248 1536 5309 Muzalone
1602 5268 1805 5324 magno

227 5339 529 5410 drnngario
567 5342 649 5396 rei
683 5341 916 5398 navalis.
949 5343 1086 5399 Atis
1124 5352 1338 5400 tantum
1375 5347 1550 5402 abfuit
1575 5363 1602 5402 a
1640 5350 1808 5404 nimis

226 5431 333 5500 jam
365 5432 555 5488 adulta
617 5434 896 5491 seditione
936 5441 1370 5508 compescenda,
1415 5450 1474 5495 ut
1519 5443 1635 5512 ipse
1682 5457 1808 5497 cum

232 5541 335 5594 quo
364 5527 664 5585 vehebatur
690 5522 836 5601 equo
867 5532 1126 5589 concisus
1160 5533 1215 5587 in
1248 5533 1423 5589 frusta
1454 5534 1619 5591 fuerit
1655 5538 1812 5592 ensi-

235 5624 330 5677 bus
384 5623 494 5692 }am
539 5624 791 5680 cominus
834 5624 1212 5683 dimicantium
1270 5630 1811 5699 irrevocabiiiterque

237 5721 677 5776 commissorum.
715 5717 853 5774 Hinc
890 5718 1002 5790 jam
1056 5721 1392 5778 inﬂammata
1444 5725 1722 5779 contentio
1756 5725 1807 5779 in

241 5813 464 5878 praebuit:
515 5815 775 5885 utrinque
843 5811 1264 5873 infestissimum
1327 5817 1493 5890 399
1535 5817 1805 5884 eﬂ'erbuit,

1910 4597 2162 4666 pudenda
2223 4595 2556 4666 iniuriarum
2617 4595 2943 4666 indignitate
2984 4602 3316 4658 commotus,
3366 4609 3492 4648 cum

1910 4690 2263 4759 petulantiam
2295 4688 2698 4744 intolerandam
2737 4687 2942 4755 frustra
2979 4687 3382 4743 nontzerianos
3405 4687 3492 4740 in.

1911 4781 2190 4851 crepando
2221 4794 2282 4835 ac
2315 4778 2580 4834 beneficia
2609 4779 2918 4848 meritaque
2942 4778 2994 4831 in
3015 4793 3111 4832 eos
3142 4779 3494 4848 imperatoris

1911 4873 2390 4928 commemorando
2433 4873 2730 4942 reprimere
2774 4882 2918 4940 smpe
2964 4869 3335 4940 nequidquam
3374 4878 3496 4924 ten-

1912 4977 2100 5029 tasset,
2144 4967 2419 5030 barbaris,
2479 4966 2622 5021 duCe
2669 4967 2802 5036 ipsis
2857 4964 3083 5035 pr0prio
3129 4963 3493 5029 assentiente,

1915 5060 2117 5114 monita
2151 5057 2543 5121 irridentibus,
2579 5057 2795 5112 otiosus
2828 5071 2951 5112 esse
2983 5055 3142 5111 testis
3171 5056 3492 5111 immanium

1913 5153 2181 5215 scelerum
2227 5168 2336 5208 non
2367 5151 2722 5213 sustinuerit,
2755 5150 2853 5204 sed
2886 5164 3017 5205 suas
3068 5165 3197 5204 vasa
3236 5149 3496 5218 coiiigere

1914 5249 2335 5317 copiasjussas,
2375 5248 2494 5302 suis
2531 5245 2824 5314 impositas
2873 5245 3108 5298 navibus
3145 5243 3371 5298 domum
3411 5256 3496 5296 rc-

1914 5340 2150 5396 duxerit.
2180 5339 2299 5406 Quo
2353 5339 2582 5395 liberius
2608 5340 2805 5399 deinde
2841 5340 3194 5395 liontzeriani
3251 5341 3497 5412 tyranni-

1913 5438 2034 5492 dem
2078 5437 2218 5491 intra
2248 5436 2430 5506 Cyzici
2457 5448 2645 5489 muros
2672 5437 2791 5490 sine
2833 5434 3277 5504 interpellatione
3319 5434 3494 5488 diram

1913 5539 2301 5593 exercuerunt,
2323 5527 2635 5597 rapacitati,
2653 5527 2939 5599 ingluviei,
2959 5527 3288 5582 libidinibus
3312 5527 3378 5580 ad
3402 5541 3493 5601 sae

1916 5625 2162 5679 tietatem
2197 5622 2576 5693 indulgentes;
2613 5637 2710 5673 nec
2753 5623 2990 5676 obscure
3019 5621 3070 5675 id
3108 5621 3371 5685 ferentes,
3400 5619 3494 5674 sed

1918 5720 2119 5774 famam
2163 5731 2586 5789 quoquoversus
2615 5717 2681 5770 de
2717 5719 2803 5772 his
2839 5718 3086 5787 ipsorum
3141 5717 3364 5785 ﬂagitiis
3407 5715 3494 5769 dt-

1916 5815 2086 5868 ditam
2129 5813 2485 5868 securissime
2515 5820 2963 5876 contemnentes,
2992 5809 3195 5864 frustra
3231 5810 3494 5878 iungenti--
