4004 6228
534 238 642 308 439

1727 249 2050 313 GEORGII
2095 253 2289 316 PACH
2303 257 2401 318 YM
2415 259 2508 317 un
2521 259 2582 319 ΛΞ

3674 263 3768 329 iii)

530 362 878 434 πανταχόθεν
919 363 984 416 τὰ
1013 363 1164 418 δεινά
1212 363 1504 436 περιέστη,
1535 364 1632 418 καὶ
1679 365 1976 434 διεφώνουν
2010 365 2108 421 πά-
2145 371 2192 429 Α
2223 371 2477 442 ἡμμένην
2528 372 2791 442 λαμπάδα
2839 390 2935 429 και
2975 375 3414 446 περιερχομένην
3456 375 3514 429 τὸ
3547 376 3769 449 πόλισμα

527 473 770 528 σχοντες.

530 573 610 629 ιε’.
645 577 783 644 Περὶ
824 580 931 631 τοῦ
977 577 1293 644 κατὰ-τὴν
1342 580 1709 646 Μαγνησίαν
1758 580 2114 650 τεραστικοῦ

1168 651 1490 719 θαύματος.
1955 669 1963 675 ·

619 742 770 810 Ἐμοὶ
797 742 851 794 δὲ
883 743 1072 795 λοιπὸν
1099 743 1192 797 καί
1216 761 1269 796 τι
1309 743 1416 797 τῶν
1444 745 1778 810 Θαυμαστῶν
1809 728 1933 799 καθ’
1961 748 2113 818 ἡμᾶς

529 837 782 890 τελεσθὲν
811 839 1069 902 ἐξειπεῖν,
1105 837 1341 908 φοόερδν
1371 855 1472 909 μεν
1496 841 1694 904 είπεῖν,
1731 840 1796 912 [Ρ
1823 839 1955 913 278]
1981 841 2111 895 ἄπι-

531 949 657 984 στον
687 930 732 983 δ’
759 932 1012 996 ἀκοῦσαι,
1045 926 1088 1000 ᾧ
1119 933 1183 1004 δὴ
1209 935 1306 988 καὶ
1333 932 1494 996 αὐτὸς
1521 933 1858 1004 διηπίστησα
1888 934 1978 999 ἂν,
2007 934 2110 988 κᾶν

532 1025 600 1076 δι’
633 1026 764 1079 abte
797 1026 889 1078 xci.
923 1026 1248 1096 παρέλιπον,
1285 1026 1332 1080 εί
1387 1028 1460 1098 μή
1492 1044 1556 1095 γε
1605 1027 1795 1080 πολλοὶ
1822 1028 1924 1093 μὲν
1954 1028 2004 1081 οἱ
2033 1030 2112 1082 el-

533 1126 729 1183 πόντες
757 1123 850 1173 καὶ
875 1120 1206 1184 ἀξιόπιστοι,
1235 1120 1433 1190 δεῖγμα
1460 1120 1517 1172 δὲ
1553 1120 1810 1190 προνοίας
1832 1120 1948 1190 ἔχει
1972 1120 2110 1174 Θεοῦ

535 1216 628 1267 καὶ
657 1215 754 1282 τῆς
780 1215 908 1282 περὶ
952 1213 1013 1267 τὸ
1059 1213 1400 1283 ἀνθρώπινον
1433 1213 1512 1267 ἔτι
1549 1215 1707 1283 γένος
1755 1213 2108 1283 κηδεμονίας.

531 1308 633 1359 κᾶν
692 1307 869 1371 ἄλλως
917 1307 1128 1376 βαθέως
1162 1307 1257 1360 καὶ
1286 1308 1429 1376 ὑπὲρ
1477 1309 1626 1378 ἡμᾶς
1655 1309 1988 1377 ὲνεργῶνται
2041 1308 2111 1368 τὰ

532 1404 652 1454 θεῖα
716 1401 1061 1473 βουλήματα,
1122 1401 1218 1456 καὶ
1257 1402 1374 1471 ἄμα
1425 1401 1520 1456 καὶ
1568 1401 1837 1471 βασιλέως
1870 1398 2107 1470 χρηστοῦ

532 1496 782 1562 δόξαντος
826 1495 1006 1561 δόξαν,
1057 1492 1194 1548 Θεοῦ
1250 1493 1534 1563 κρίνοντος
1567 1493 1787 1555 πάντως
1828 1492 1968 1561 μετά
1997 1489 2108 1548 τῶν

533 1589 1059 1660 ὲπιτετηδευμένων,
1100 1588 1195 1642 καὶ
1225 1587 1312 1654 ἐφ’
1349 1581 1438 1650 οἷς
1473 1589 1567 1640 καὶ
1608 1587 1793 1656 μόνοις
1817 1583 2108 1656 ἐπιτηδεύ-

532 1706 677 1752 ουσι,
703 1687 766 1740 τὸ
810 1686 922 1738 τῶν
953 1683 1259 1755 ἀνθρώπων
1293 1679 1518 1752 σφάλμα
1559 1681 1590 1751 ἢ
1625 1679 1723 1736 ut
1751 1678 2108 1751 κατόρθωμα.
2139 1720 2183 1780 Β

536 1781 675 1853 Ἤδη
723 1780 824 1851 μὲν
854 1779 946 1832 οὖν
978 1777 1291 1846 φθάσαντες
1335 1776 1688 1845 ἐδηλώσαμεν
1727 1774 1844 1838 πῶς
1878 1774 2109 1842 Μαγνη-

534 1881 657 1942 σίας
709 1877 810 1946 τῆς
861 1877 1002 1930 κατὰ
1037 1873 1250 1944 Ἕρμον
1297 1873 1552 1942 βασιλεὺς
1591 1870 1840 1944 ἀπαίρει.
1893 1869 2111 1941 Ταύτης

536 1974 637 2042 μὲν
666 1972 1014 2042 προέστησαν
1031 1967 1214 2038 ἕτεροι
1240 1965 1507 2037 βασιλέως
1529 1965 1845 2036 ἀπηρκότας
1874 1963 2108 2026 ἐκεῖθεν,

534 2061 600 2139 ἦν
630 2065 687 2119 δὲ
713 2063 808 2117 καὶ
840 2064 868 2116 ὁ
897 2063 993 2116 ἐπὶ
1015 2058 1298 2131 τραπέζης
1326 2055 1808 2127 Φιλανθρωπηνδς,
1844 2055 1985 2125 ἀνὴρ
2017 2055 2111 2108 εθ-

536 2157 724 2227 γενεὶᾳ
746 2155 844 2210 καὶ
876 2157 1025 2227 γήρᾳ
1058 2152 1274 2207 συνέσει
1303 2169 1361 2206 τε
1389 2150 1486 2206 καὶ
1513 2149 1834 2222 ἐμπειρίαις
1865 2165 2110 2219 στρατη-

536 2251 720 2316 γικοῖς
751 2250 808 2312 ις
853 2249 1000 2307 ἅπαν
1032 2246 1432 2318 κοσμούμενος.
1481 2244 1569 2308 Ὠς
1597 2242 1727 2310 γοῦν
1765 2243 1828 2298 τὸ
1865 2243 2112 2310 πόλισμα

536 2341 952 2414 καστροφύλακι
1007 2340 1392 2410 ἐπετέτραπτο
1438 2337 1533 2392 καὶ
1583 2338 1685 2410 ἢδη
1730 2339 1788 2391 ὲν
1833 2337 2112 2406 ¹φυλακαῖς

536 2441 743 2502 ἐκεῖνος
770 2434 1122 2507 διαγρυπνῶν
1161 2429 1232 2506 ἦν
1273 2433 1372 2504 ὀψὲ
1419 2433 1530 2486 τῶν
1567 2432 1802 2496 νυκτῶν,
1851 2430 2114 2494 πολλάκις

536 2618 642 2674 bus
669 2618 846 2674 ethoc
871 2616 1138 2673 malorum
1189 2614 1354 2689 400
1398 2611 1647 2668 auctario
1687 2619 1796 2666 tam
1833 2623 1980 2666 cavo
2006 2623 2108 2664 ex-

539 2722 714 2768 trema
743 2713 855 2781 jam
889 2709 1343 2766 consternatione
1390 2703 1876 2764 extabescentibus
1914 2702 2106 2759 denlo-

538 2804 834 2860 ratissimis
871 2801 1159 2858 Romanis.

728 2951 815 3010 i5.
849 2950 923 3012 De
947 2949 1081 3005 miro
1112 2949 1256 3020 apud
1289 2946 1616 3020 Magnesiam
1653 2943 1915 3014 prodigio.

2220 464 2494 535 καθεώρα.
2531 466 2704 521 Τοῦτο
2735 467 2816 529 δὶς
2846 468 2941 522 καὶ
2973 470 3096 538 τρὶς
3133 470 3358 538 γεγονὸς
3387 469 3589 534 ἐννοίας
3614 474 3770 542 έπῆγε

2213 560 2305 611 τὸν
2331 560 2786 632 καστροφύλακα.
2826 561 2891 613 ‘0
2942 560 3005 631 δὴ
3044 561 3136 614 καὶ
3181 563 3299 624 τοῖς
3339 562 3622 633 προέχουσι
3646 564 3774 617 κατὰ

2215 653 2275 706 τὸ
2315 653 2464 716 είκὸς
2520 654 2932 724 κοινωσάμενος
2980 654 3270 720 κάκείνους
3319 657 3399 717 είς
3447 656 3542 726 τὴν
3599 655 3774 725 ὁμοίαν

2219 749 2414 816 ἐνῆγεν
2445 747 2729 818 ἔκπληξινε
2765 749 2911 812 Τέως
2949 748 3143 819 μαθεῖν
3173 748 3470 821 ἠϐούλοντο
3500 749 3552 802 τί
3592 749 3654 804 ἃν
3691 749 3775 802 καὶ

2208 840 2295 910 εῐη
2325 841 2503 898 τοῦτο.
2553 843 2660 897 Καὶ
2692 843 3004 912 πέμπονται
3039 842 3138 912 μὲν
3187 843 3282 898 καὶ
3324 842 3476 898 ἄλλοι
3522 860 3776 897 κατασκο-

2217 936 2507 1006 πήσοντες,
2541 936 2700 991 οὐδέν
2737 937 2794 991 δὲ
2825 937 2988 992 πλέον
3015 935 3111 990 τοῦ
3147 938 3526 1009 πραττομένου
3565 937 3777 1000 ἐκείνοις

2214 1029 2663 1087 ἀπεκαλύπτετο.
2698 1032 2803 1083 Σῦν
2829 1031 3046 1093 πολλοῖς
3073 1033 3130 1086 δὲ
3151 1033 3262 1094 τοῖς
3290 1031 3474 1094 ἄλλοις
3495 1031 3777 1101 ἀπέρχεται

2214 1122 2310 1175 καὶ
2343 1123 2368 1173 ὁ
2405 1121 2494 1176 τοῦ
2542 1123 2998 1194 καστροφύλακος
3039 1125 3294 1195 ἀδελφὸς.
3330 1124 3394 1178 ὃν
3422 1125 3517 1178 καὶ
3553 1126 3780 1178 ἐκκεκω-

2213 1213 2485 1284 φευμένον
2532 1219 2596 1268 ὲκ
2633 1218 2858 1287 γενετῆς
2910 1220 2958 1270 oi
3019 1220 3224 1281 πάντες
3255 1218 3477 1290 ᾔδεσαν.
3539 1219 3642 1271 Καὶ
3677 1219 3782 1281 τοῖς

2217 1306 2316 1375 μὲν
2343 1308 2436 1369 τοῦ
2475 1307 2744 1375 συνήθους
2775 1309 2940 1362 πλέον
2962 1311 3064 1366 οὐκ
3088 1305 3158 1382 ἦν
3189 1311 3509 1381 μανθάνειν,
3545 1310 3621 1382 τῷ
3649 1311 3701 1364 δὲ
3728 1310 3783 1362 τδ

2213 1398 2530 1469 θαυμαστὸν
2557 1403 2734 1454 έκεῖνο
2763 1402 2864 1455 καὶ
2895 1403 3211 1474 ἀπόρρητον
3247 1404 3430 1473 θέαμα
3461 1402 3785 1457 ὲκκαλύπτε·

2210 1509 2322 1548 ται.
2368 1495 2478 1547 Καὶ
2528 1495 2560 1566 ἡ
2604 1497 2784 1558 πίστις
2835 1496 3141 1568 προσετέθη
3194 1496 3270 1566 τῷ
3305 1499 3429 1551 κατ’
3459 1498 3620 1551 αὑτὸν
3660 1497 3784 1552 θαύ-

2215 1603 2347 1654 ματι
2368 1602 2381 1616 ·
2411 1586 2438 1638 ὁ
2471 1587 2576 1657 γὰρ
2614 1587 2790 1640 λαλῶν
2826 1589 2881 1653 ἐξ
2917 1590 3101 1644 ὲννεοῦ
3130 1590 3222 1644 καὶ
3255 1591 3444 1658 κωφοῦ
3475 1590 3664 1645 πιστόν
3691 1589 3776 1661 [Ρ.

2212 1674 2342 1749 279]
2401 1694 2458 1730 τε
2509 1679 2603 1731 καὶ
2647 1679 3045 1753 ἀναντίρρητον
3096 1682 3123 1735 ὃ
3159 1697 3210 1734 τι
3250 1680 3318 1735 ἂν
3360 1683 3509 1736 εἷποι
3543 1680 3783 1736 καθίστα.

2213 1771 2408 1827 eum:
2436 1765 2530 1826 οὖν
2560 1774 2768 1836 ἐκεῖνος
2793 1775 3119 1845 προσμένων
3141 1777 3202 1829 ού
3232 1776 3496 1844 λαμπάδα
3518 1775 3782 1846 ἡμμένην.

2211 1861 2326 1916 ἀλλ’
2353 1862 2526 1935 ἄνδρα
2560 1863 2866 1934 βασιλικῶς
2895 1867 3262 1937 ἐσταλμένον,
3318 1868 3419 1933 τὰς
3468 1871 3570 1938 μὲν
3622 1868 3786 1923 αὐτῶν

2213 1957 2464 2024 φυλακὰς
2496 1951 2610 2012 οἷον
2639 1957 3047 2025 έξουθενοῦντα,
3083 1962 3245 2016 αὐτὸν
3275 1962 3332 2014 δὲ
3370 1961 3468 2032 τὴν
3497 1963 3599 2031 τῆς
3623 1961 3786 2030 φυλα-

2213 2048 2316 2117 κῆς
2352 2050 2657 2122 ἐπιτροπὴν
2691 2050 2839 2121 ἔχειν
2867 2051 3121 2121 λέγοντα.
3158 2055 3269 2108 Καὶ
3307 2053 3424 2121 ἅμα
3457 2057 3684 2108 εἰπόντα
3715 2053 3786 2116 ὡς

2215 2142 2356 2214 πρὸς
2384 2144 2654 2198 ἀκούοντα
2686 2144 2867 2213 λέγειν
2888 2163 2905 2180 ο
2936 2147 3032 2202 καὶ
3064 2148 3174 2217 γὰρ
3218 2151 3246 2204 ὁ
3285 2148 3472 2220 κωφὸς
3503 2151 3671 2219 ἦκουε
3696 2165 3789 2201 πα-

2216 2235 2471 2304 ραυτίκα.
2508 2235 2888 2306 Προστάσσειν
2919 2237 2978 2293 δὲ
3010 2238 3111 2312 τὴν
3148 2242 3335 2310 φωνὴν
3384 2242 3604 2312 μεγάλη
3648 2241 3786 2310 φωνῇ

2213 2329 2330 2391 τοῖς
2360 2325 2592 2395 φύλαξιν
2627 2330 2990 2399 ἐπαγγέλλειν
3022 2333 3400 2404 ἐγρηγορότας
3423 2332 3502 2397 ὡς
3529 2333 3607 2386 ἔνι
3639 2332 3786 2402 μάλιο

2218 2409 2325 2473 στα
2349 2421 2450 2490 τῆς
2475 2422 2753 2494 σωτηρίας
2777 2423 3186 2494 ἐπιμελεῖσθαι.
3220 2426 3330 2479 Καὶ
3365 2425 3555 2495 θαῦμα
3588 2442 3786 2496 παραυ·

2217 2614 2276 2660 ut
2307 2603 2532 2660 fortuita
2576 2605 2660 2661 vel
2713 2605 3106 2665 aherrantibus
3160 2607 3428 2666 illudente
3474 2611 3659 2667 oculis
3696 2627 3789 2668 ne-

2216 2698 2420 2768 glecta,
2475 2710 2766 2768 postquam
2808 2701 2998 2758 eadem
3041 2703 3152 2774 jam
3209 2718 3271 2760 se
3297 2703 3461 2759 tertio
3505 2706 3794 2774 conspicue

2216 2799 2474 2859 ostentat,
2509 2791 2668 2874 401
2706 2795 2851 2851 haud
2879 2805 3032 2851 ratus
3065 2795 3531 2852 contemnendam
3565 2797 3792 2852 advoca-

2219 2885 2289 2943 tis
2324 2883 2648 2943 ductoribus
2677 2888 2932 2944 ordinum
2961 2889 3244 2961 primariis
3274 2882 3564 2962 indigitat,
3595 2905 3792 2962 eosque

2221 2981 2276 3034 in
2310 2995 2494 3050 parem
2537 2995 2731 3037 secum
2764 2981 3194 3040 admirationem
3239 2986 3537 3042 manifeste
3564 3001 3790 3042 cernen-

611 3088 716 3146 Sed
744 3087 875 3144 mihi
906 3087 999 3144 diu
1029 3095 1263 3157 ρει-ιωεο
1298 3085 1682 3141 narrationum
1718 3082 2110 3147 infaustarum,
2145 3087 2188 3146 ο
2224 3086 2303 3132 tes
2355 3075 2591 3132 inducit.
2643 3077 2826 3133 Placet
2877 3079 3098 3136 cunctis
3157 3079 3291 3136 dare
3339 3095 3568 3151 operam
3615 3090 3674 3138 ut
3709 3083 3798 3138 hoc

538 3177 772 3237 offertur
817 3192 948 3234 ecce
996 3184 1305 3247 opportune
1354 3173 1807 3232 commemoratio
1855 3173 2116 3244 auspica-

539 3273 652 3330 tior
690 3270 815 3327 mirl
853 3270 995 3340 apud
1044 3284 1146 3325 nos
1179 3268 1280 3324 visi
1319 3267 1574 3340 prodigii.
1615 3266 1772 3333 Quod
1799 3266 2008 3332 dicam,
2040 3266 2117 3330 ita

540 3365 788 3424 terribile
827 3365 979 3421 dictu
1023 3373 1130 3429 est,
1167 3364 1245 3418 ita
1283 3361 1607 3418 incredibile
1653 3359 1868 3425 auditu,
1903 3369 1964 3418 ut
2015 3373 2117 3421 nec

542 3460 651 3530 ipsi
685 3459 777 3514 ditt
832 3457 964 3512 mihi
1005 3455 1170 3513 tidem
1209 3455 1423 3521 fecerit,
1459 3462 1517 3510 et
1560 3454 1877 3510 emissurus
1909 3465 1966 3508 nl
2001 3469 2117 3508 rem

543 3549 959 3608 lnverisimilem
993 3548 1210 3612 fuerim,
1247 3547 1352 3602 nisi
1415 3553 1681 3602 constans
1719 3544 2016 3602 affirmatio
2063 3554 2121 3601 et

541 3645 911 3717 plurimorum
945 3651 1001 3700 et
1051 3643 1382 3698 idoneorum
1447 3641 1670 3698 testium
1727 3640 1943 3696 tandem
1991 3639 2120 3695 reli-

543 3734 760 3805 gionem
805 3733 1108 3789 incussiset
1147 3731 1457 3788 inofficiosa
1508 3731 1792 3800 premendi
1845 3731 2122 3786 oblivione

542 3822 709 3888 facti,
745 3823 799 3877 tn
829 3837 941 3893 quo
975 3829 1031 3878 et
1073 3828 1460 3892 argumentum
1488 3828 1668 3875 exstat
1700 3820 1911 3875 clarum
1947 3819 2121 3874 divini

545 3914 804 3971 Numinis
843 3915 894 3970 in
931 3930 1019 3970 res
1049 3914 1320 3969 humanas
1349 3911 1736 3983 providentiae,
1776 3913 1831 3968 in
1863 3928 1963 3970 nos
1997 3929 2123 3983 pro-

547 4007 842 4087 tectionis,
887 4017 1168 4078 utcunque
1201 4006 1658 4065 inscrutabilibus
1690 4005 1758 4061 de
1794 4007 1978 4064 causis
2000 4007 2121 4076 ejus

547 4104 603 4157 in
636 4117 738 4164 nos
772 4101 994 4158 eosdem
1045 4099 1258 4172 ﬂagella
1291 4100 1617 4168 deszeviant,
1658 4099 1897 4170 denique
1933 4099 1986 4156 in
2012 4116 2124 4172 quo

545 4195 794 4250 cernitur
830 4193 1033 4250 illustri
1062 4193 1335 4248 vindicata
1365 4192 1700 4250 documento
1732 4193 1877 4256 fama
1913 4201 1967 4249 et
1991 4210 2123 4252 San-

547 4291 713 4346 ctitas
744 4289 1013 4344 dominatt
1056 4288 1218 4344 nobis
1258 4287 1388 4341 olim
1422 4303 1548 4342 cum
1601 4288 1915 4344 clementiae
1958 4289 2123 4344 laude

546 4382 810 4456 principis
832 4423 846 4446 ,
877 4381 1026 4440 circa
1058 4397 1220 4450 quem
1268 4381 1438 4437 libere
1481 4379 1798 4437 hominibus
1827 4381 1977 4435 varia
2005 4382 2125 4450 epi-

2219 3170 2352 3242 quid
2386 3171 2458 3226 sit
2510 3170 2821 3227 addiscant.
2859 3171 3152 3229 Mittuntur
3180 3174 3249 3230 ab
3284 3174 3369 3231 his
3406 3176 3504 3246 qui
3556 3178 3796 3233 cominus

2219 3262 2547 3319 accedentes
2573 3263 2641 3318 ad
2675 3265 2729 3320 id
2766 3264 2946 3322 lumen
2987 3269 3214 3338 propius
3243 3268 3536 3337 explorent
3569 3285 3634 3326 ac
3659 3283 3801 3326 com-

2220 3367 2376 3427 perta
2408 3355 2675 3412 referant.
2709 3357 2806 3412 lsti
2832 3358 2967 3414 nihil
3013 3359 3134 3430 plus
3165 3361 3513 3417 admovendo
3553 3377 3614 3420 se
3641 3376 3800 3433 prope

2221 3465 2385 3520 quam
2429 3451 2623 3520 procul
2672 3450 2938 3508 intuendo
2988 3453 3341 3524 detegebant,
3387 3455 3566 3512 solam
3618 3466 3671 3513 et
3706 3454 3800 3526 ipsi

2222 3543 2528 3613 lampadem
2558 3544 2829 3612 videntes,
2867 3547 3046 3616 quoad
3101 3562 3229 3603 cum
3285 3550 3473 3604 multis
3510 3565 3578 3622 e9
3608 3550 3803 3604 missus

2224 3635 2465 3690 accurrit
2507 3635 2676 3692 frater
2727 3637 2975 3695 custodis
3031 3642 3205 3706 arcis,
3265 3657 3425 3710 quem
3476 3653 3693 3697 mutum
3754 3650 3802 3694 et

2224 3731 2454 3786 surdum
2488 3746 2555 3786 ex
2584 3742 2773 3787 ventre
2803 3733 2992 3788 matris
3027 3749 3222 3788 omnes
3247 3743 3465 3790 norant.
3498 3735 3684 3807 Atque
3708 3737 3797 3790 htt-

2222 3823 2314 3893 jus
2346 3824 2645 3881 comitibus
2674 3825 2812 3880 nihil
2853 3841 3020 3894 supra
3071 3827 3222 3897 prius
3253 3830 3458 3885 missos
3494 3828 3801 3900 conspicari

2225 3915 2505 3986 contigit:
2541 3914 2633 3970 uni
2670 3927 2822 3971 muto
2853 3916 2954 3982 illi,
2990 3917 3379 3988 mysteriorum
3443 3918 3610 3987 quasi
3644 3917 3800 3972 valvis

2228 4009 2740 4076 reseratis,"uovum
2763 4018 2846 4064 est
2873 4009 3244 4080 spectaculum
3277 4010 3554 4078 oblatum,
3591 4022 3645 4067 et
3679 4009 3804 4064 θάνε

2227 4100 2350 4156 viso
2379 4115 2477 4170 per
2511 4101 2838 4155 miraculum
2881 4101 2936 4154 in
2961 4111 3161 4171 epopta
3193 4102 3556 4158 manifestum
3605 4103 3804 4172 constiv

2229 4193 2294 4250 tit
2333 4211 2346 4247 :
2393 4194 2520 4264 quis
2570 4197 2720 4250 enim
2756 4204 2912 4250 muto
2950 4195 3196 4266 loquenti
3226 4198 3450 4254 credere
3485 4198 3640 4269 quod
3676 4196 3789 4252 aﬂir

2228 4287 2412 4344 mabat
2458 4286 2860 4342 cunctaretur?
2888 4285 3006 4354 {Hic
3065 4286 3292 4356 igiture
3329 4287 3514 4344 vicino
3571 4297 3806 4344 attentus

2229 4395 2558 4450 permanens
2605 4381 2754 4436 clare
2801 4379 2946 4436 videt
2992 4394 3100 4435 non
3143 4380 3453 4452 lampadem
3496 4383 3804 4444 ardentem,

547 4477 694 4532 natis
731 4485 786 4530 et
813 4475 1043 4541 locutis,
1076 4476 1292 4531 videtur
1318 4475 1483 4541 Deus,
1516 4477 1604 4533 cui
1639 4482 1768 4532 sunt
1799 4475 1894 4530 uni
1923 4477 2126 4544 optime
2160 4474 2204 4532 D
2235 4475 2328 4534 sed
2379 4477 2564 4530 virum
2603 4474 2955 4544 imperatoris
3001 4483 3259 4530 ornatum
3309 4475 3628 4546 insignibus
3654 4515 3670 4542 ,
3722 4475 3809 4544 qui

547 4582 874 4630 cunctorum
909 4570 1051 4626 bona
1079 4571 1288 4642 pariter
1321 4578 1373 4624 et
1398 4585 1565 4640 prava
1608 4585 1777 4641 Opera
1815 4581 2123 4641 perspecta,

547 4681 673 4722 eum
727 4663 900 4719 fuisse
948 4661 1403 4732 sibi.probatum
1447 4661 1649 4718 illustri
1684 4661 1930 4718 voluisse
1974 4665 2130 4719 testi-

548 4759 734 4813 monio
796 4763 1130 4811 monstrare.
1193 4753 1310 4812 lant
1373 4762 1534 4810 antea
1586 4753 1934 4809 narravimus
1992 4762 2050 4808 ut
2099 4769 2130 4812 ο

548 4852 822 4924 Magnesia
844 4851 910 4905 ad
940 4848 1200 4904 Hermum
1227 4849 1334 4903 sita
1367 4847 1597 4904 Michael
1623 4849 2130 4917 imperatorjunior

548 4946 860 5001 recesserit.
907 4944 1038 4999 Post
1068 4943 1189 5013 ejus
1230 4943 1535 4998 discessum
1583 4943 1744 5005 istius
1777 4945 2000 4998 munita:
2041 4943 2120 4998 ci.-

549 5041 738 5095 ~;itatis
771 5039 1041 5092 custodiae
1087 5035 1423 5107 pra-fuerunt
1453 5036 1565 5101 alii,
1597 5052 1734 5106 quos
1769 5036 1911 5091 inter
1946 5037 2050 5092 fuit
2076 5047 2130 5096 et

551 5149 754 5188 mensa:
798 5130 1678 5202 prmpusitus'Philanthropenus,
1705 5130 1784 5184 vir
1816 5130 2124 5196 nobilitate,

552 5234 856 5290 senectute,
888 5225 1182 5294 prudentia
1230 5235 1284 5277 et
1316 5223 1636 5280 bellicorum
1685 5232 1977 5277 eventuum
2030 5238 2131 5280 ex.

551 5322 870 5390 poriuientis
897 5335 1110 5374 summe
1133 5315 1574 5372 commendatus.
1608 5317 1743 5370 Cum
1793 5316 1918 5370 huic
1965 5315 2129 5386 igitur

552 5413 773 5468 custodi
818 5426 882 5464 ac
935 5410 1290 5480 praesidiaria:
1347 5409 1469 5462 duci
1518 5407 1728 5464 militiae
1777 5407 1988 5460 credita
2041 5406 2130 5460 illa

552 5507 751 5562 civitas
779 5513 944 5569 esset,
973 5520 1146 5571 eaque
1178 5504 1266 5559 ille
1294 5518 1424 5558 cura
1451 5501 1774 5571 fungeretur
1799 5502 2128 5570 intempesta

555 5598 838 5653 etettbans
878 5605 1038 5649 nocte
1072 5610 1133 5648 ac
1169 5595 1384 5666 vigilias
1429 5594 1662 5647 militqu
1702 5593 2018 5662 explorans,
2056 5593 2132 5646 vi-

551 5695 642 5750 det
685 5705 813 5745 ecce
865 5689 988 5756 plus
1047 5689 1166 5741 vice
1208 5683 1441 5757 simplici
1489 5702 1778 5741 accensam
1829 5686 2130 5755 lampadem

530 5787 994 5846 circumeuntem
1033 5798 1219 5846 muros
1271 5782 1443 5838 urbis.
1495 5780 1572 5842 Bc
1601 5781 1770 5845 semel
1825 5783 2132 5856 iterumque

2238 4585 2348 4642 prae
2373 4584 2431 4627 se
2466 4568 2646 4623 ferens
2677 4567 2921 4628 difﬁdere
2945 4585 3002 4625 se
3026 4568 3321 4624 custodum
3355 4569 3521 4625 castri
3559 4569 3810 4625 excubiis

2239 4671 2298 4726 ut
2341 4658 2796 4721 insutlicientihus
2830 4667 2886 4714 et
2918 4657 3176 4728 languide
3221 4656 3496 4721 remissis,
3530 4673 3658 4712 sese
3704 4659 3810 4711 aie-

2239 4754 2331 4808 bat
2379 4753 2559 4824 ipsutn
2616 4752 2769 4810 urbis
2811 4751 2916 4808 sibi
2977 4749 3194 4807 tuendae
3245 4765 3438 4806 curam
3502 4761 3810 4806 assumere.

2237 4846 2371 4914 Quae
2404 4848 2636 4916 loquens
2663 4846 2993 4904 audiebatur
3029 4861 3057 4899 a
3088 4845 3242 4916 prius
3265 4845 3438 4900 surdo
3470 4863 3483 4908 ;
3525 4844 3814 4913 eidemque

2239 4943 2506 4995 hactenus
2552 4941 2712 4994 etiam
2749 4949 2898 4994 muto
2933 4939 3242 5010 imperabat
3291 4949 3350 4993 ut
3377 4938 3736 5009 loqueretur,
3764 4942 3815 4991 et

2237 5035 2457 5105 quidem
2491 5049 2622 5090 voce
2648 5043 2928 5100 contenta,
2956 5035 3263 5091 admonens
3297 5032 3678 5102 praesidiarios
3720 5046 3816 5087 es-

2238 5127 2518 5192 cubitores
2570 5127 2735 5182 etiam
2777 5134 2941 5197 atque
3001 5127 3168 5182 etiam
3222 5123 3440 5197 vigilias
3487 5124 3814 5187 intendere,

2238 5223 2549 5293 acriterque
2580 5222 2899 5292 prospicere
2935 5220 3096 5275 saluti
3133 5218 3503 5290 periclitantis
3548 5218 3812 5274 civitatis.

2239 5317 2303 5371 Et
2332 5332 2458 5372 ecce
2503 5316 2826 5369 miraculum
2859 5315 3124 5368 miraculo
3179 5313 3427 5370 additum
3463 5331 3478 5368 :
3509 5315 3609 5383 qui
3666 5313 3807 5368 enim

2240 5410 2401 5463 modo
2455 5410 2688 5478 primum
2720 5407 2975 5463 audierat
3005 5407 3136 5463 .sibi
3187 5407 3618 5476 praecipientem,
3673 5419 3814 5462 nunc

2239 5501 2423 5565 etiam,
2469 5502 2598 5556 dum
2642 5504 2814 5570 jussis
2865 5502 3247 5569 obtemperat,
3301 5513 3520 5568 semper
3583 5500 3814 5560 antehac

2241 5603 2425 5650 mutus
2472 5596 2662 5665 incipit
2703 5595 2876 5665 loqui,
2919 5595 3178 5664 clareque
3221 5589 3579 5664 praesidiariis
3615 5608 3737 5648 cum
3786 5605 3815 5642 a

2241 5702 2299 5740 se
2342 5690 2454 5742 visa
2492 5701 2603 5741 tum
2664 5689 2801 5756 ipsis
2854 5688 3113 5742 mandata
3148 5685 3491 5758 pronuntiat,
3541 5684 3706 5740 ﬁdem
3737 5683 3816 5738 fa-

2241 5782 2344 5846 cile
2398 5782 2630 5854 prodigii
2690 5783 2915 5860 pignore
2975 5783 3170 5850 idoneo
3219 5783 3543 5864 impetrans.
3606 5776 3814 5848 Nemini
