4004 6228
308 256 390 320 441

1209 261 1309 323 DE
1352 263 1800 325 ANDRONICO
1825 263 2294 332 PAL/EOLOGO
2333 271 2478 334 LIB.
2517 271 2584 333 V.

3423 268 3530 336 ΗΞ

300 373 414 425 τίκα
463 369 823 438 ἐπηκολούθει
862 368 935 440 τῷ
975 371 1260 450 θαύματιο
1306 375 1334 428 δ
1380 375 1490 445 γὰρ
1531 375 1748 429 ἀκούων
1779 373 1866 442 ἐφ’
1897 377 1938 434 Α
1969 378 2177 451 χάρων,
2243 380 2319 444 ὡς
2373 379 2529 434 αὐτοὶ
2565 379 2722 448 φαῖεν
2771 379 2872 445 ἂν,
2924 380 3114 446 Κάνιν,
3173 380 3272 434 καὶ
3306 383 3555 450 γαμικὰς

300 467 325 519 ὃ
365 482 416 516 τι
456 463 647 533 πράξω.
696 464 796 534 ἢδη
850 465 944 518 καὶ
992 465 1188 533 φωνῶν
1221 466 1477 537 Ιίμιούεειτο,
1528 469 1621 522 καὶ
1647 466 1866 533 ,ἔδειξεν

299 559 499 622 ἐκεῖνος
546 557 725 610 λαλῶν
778 574 839 610 τε
899 557 1094 625 λόγους
1136 559 1389 623 πιστούς.
1446 559 1751 632 Προσπαίει
1812 559 1868 612 δὲ

299 651 644 721 πᾶσιν,δπερ
683 651 777 705 καὶ
818 651 1016 720 ἀληθὲς
1060 647 1203 724 ﬁmi)
1235 653 1618 724 τοῦβασιλὲως
1656 652 1868 706 ἐκείνου

296 745 386 799 τοῦ
420 744 717 816 ἑλεήμονος
763 745 1038 809 Ἰωάννου,
1078 743 1262 810 καθὼς
1296 746 1363 799 ἂν
1411 745 1439 797 δ
1495 746 1665 809 Λυδὸς
1703 746 1869 812 εῐποι,

295 836 607 898 ἑπιστασῖα,
635 837 693 889 ὲν
766 836 920 906 παρὰ
938 837 1074 890 Θεοῦ
1095 836 1466 908 φυλάττεσθαι
1497 837 1868 896 ὲπιστεύοντο.

298 939 389 996 ις’.
426 932 560 1000 Περὶ
599 929 708 986 τοῦ
741 932 889 987 κατὰ
916 933 1023 998 τὰς
1052 931 1318 999 Σάρδεις.
1332 931 1452 985 τῶν
1475 931 1780 1001 ἡμετέρων
1802 931 1874 987 ἐκ

642 1003 953 1070 περινοίας
981 1003 1535 1073 ἀνδραγαθήματος.

366 1107 472 1165 Ἦν
506 1113 608 1184 μὲν
632 1112 726 1166 οὖν
756 1112 827 1166 τὰ
855 1113 1143 1185 καθ’ἠμᾶς
1171 1114 1264 1168 καὶ
1291 1114 1410 1168 λίαν
1439 1112 1612 1179 δεινὰ,
1639 1113 1749 1168 τῶν
1773 1113 1876 1183 μὲν

295 1206 445 1270 tuo;
492 1206 705 1274 πόλεως
741 1207 895 1264 οὐδὲν
940 1207 1294 1262 ὑποστάντων
1347 1215 1447 1278 τὴν
1489 1207 1598 1262 τῶν
1648 1207 1876 1277 Περσῶν

293 1298 666 1353 ἀνυπόστατον
702 1299 907 1372 ῥύμην,
945 1300 1040 1354 καὶ
1071 1301 1164 1354 διὰ
1194 1299 1354 1355 τοῦτο
1378 1301 1488 1354 τῶν
1520 1302 1619 1369 μὲν
1650 1318 1877 1370 φονευοο

297 1391 493 1458 μένων,
523 1391 636 1444 τῶν
664 1391 711 1446 δ’
750 1392 1238 1464 ἁπανισταμένων,
1279 1395 1389 1448 τῶν
1438 1395 1536 1465 μὲν
1583 1397 1663 1458 είς
1698 1396 1881 1458 πόλεις

295 1484 388 1537 καὶ
419 1487 684 1556 φρούρια,
716 1487 904 1542 τῶνδ’
935 1490 1015 1552 είς
1044 1489 1265 1559 νήσους,
1293 1489 1469 1543 ἄλλων
1492 1488 1548 1541 δὲ
1585 1490 1676 1541 καὶ
1703 1489 1780 1550 εἰς
1811 1489 1879 1543 τὰ

295 1579 414 1630 κατ’
466 1580 837 1652 ἀντιπεραίαν
888 1581 1128 1651 ἀσφαλῆ,
1186 1583 1319 1636 ὅπου
1352 1583 1419 1636 ἂν
1476 1583 1569 1636 καὶ
1627 1582 1879 1645 σιυϐεῖεν,

1967 471 2260 541 ἐπιμιξίας
2297 467 2594 542 προτείνει,
2640 471 2734 526 καὶ
2770 472 3075 543 ἐπαμύνειν
3109 473 3396 543 προσαξιοῖ
3440 472 3557 537 τοῖς

1973 562 2082 616 τῶν
2128 562 2412 631 Ῥωμαίων
2450 564 2511 636 [Ρ
2545 565 2672 638 280]
2697 567 2946 637 ἐσχάτως
2981 566 3165 636 ἔχουσι
3201 567 3560 636 πράγμασιν.

1984 656 2044 710 Ὀ
2086 656 2140 710 δὲ
2191 657 2288 723 καὶ
2327 657 2426 728 τὴν
2478 659 2704 725 ἀξίωσιν
2749 658 2988 729 δέχεται,
3025 658 3210 713 καὶτὸ
3241 659 3402 728 κῆδος
3439 658 3557 725 (ἐπὶ

1973 754 2085 822 γὰρ
2113 755 2318 823 φυσικῇ
2354 750 2608 822 θυγατρὶ,
2645 749 2713 824 ἧς
2746 752 2912 815 αὐτὸς
2943 747 3198 822 βασιλεὺς
3230 752 3411 822 πατὴρ
3442 753 3560 803 ἑνο-

1981 847 2188 920 μίζετο,
2225 848 2548 921 συνεφώνει)
2585 849 3046 919 προσαπεδέχετο,
3090 847 3188 904 καὶ
3230 849 3556 919 ὑποσχέσεις

1977 940 2240 1006 ἀσφαλῶς
2297 940 2472 995 ἐδίδου
2553 941 2978 1012 μετελεύσεσθαι
3033 943 3160 1004 τοὺς
3225 942 3555 1010 ἀλάστορας·

1979 1033 2154 1088 Τοῦτο
2189 1036 2486 1106 φημισθὲν,
2535 1037 2613 1100 ὡς
2648 1037 2813 1101 είκδς,
2855 1039 2970 1099 τοῖς
3010 1037 3109 1107 μὲν
3149 1035 3357 1099 λοιποῖς
3384 1034 3559 1096 ἄλλως

1979 1126 2313 1198 ᾠκονομεῖτο
2340 1131 2370 1199 ἡ
2399 1130 2529 1204 περὶ
2552 1132 2652 1193 τὰς
2683 1131 2949 1192 συστολὰς
2974 1127 3202 1199 σπουδὴ,
3222 1129 3327 1183 κᾶν
3357 1131 3561 1199 ὴφρον-

1977 1223 2196 1276 τιστουν
2231 1223 2292 1276 τὸ
2324 1224 2461 1287 τέως
2483 1242 2497 1257 ο
2539 1226 2620 1278 ἐνὶ
2648 1225 2703 1278 δὲ
2729 1222 2935 1278 τούτων
2965 1226 3045 1296 τῷ
3093 1223 3294 1277 Ἀλάῖδι
3323 1224 3391 1274 τὰ
3418 1217 3563 1274 κατὰ

1980 1314 2078 1387 τὴν
2105 1315 2309 1372 Λυδίαν
2342 1318 2769 1389 καταδραμόντι,
2808 1319 2950 1373 ὥστε
2984 1302 3096 1373 ’καὶ
3147 1316 3298 1372 λείαν
3335 1314 3561 1379 Μυσῶν,

1981 1409 2043 1462 οὐ
2087 1410 2275 1464 Λυδῶν
2335 1411 2572 1481 φανῆναι
2604 1412 2782 1476 τάκεῖ,
2837 1411 3273 1478 κατασεισθὲντιη
3302 1412 3366 1480 τῇ
3407 1408 3567 1481 φήμῃ

1983 1500 2110 1562 τοὺς
2161 1499 2461 1570 λογισμοὺς
2507 1501 2652 1567 ἔδοξε
2707 1485 2985 1573 προνοεῖν
3013 1500 3194 1569 ἑαυτῷ
3237 1518 3295 1553 τε
3329 1500 3422 1554 καὶ
3451 1490 3566 1564 τοῖς

1990 1591 2139 1655 ίδέοις
2171 1592 2280 1646 τῶν
2305 1594 2366 1646 ὲκ
2394 1594 2646 1664 φυλακῆς
2680 1614 2742 1650 συ
2756 1595 3096 1666 μφερόντων.
3130 1593 3349 1664 Ἀμέλει
3371 1608 3453 1647 τοι
3472 1591 3570 1645 καὶ

295 1670 609 1780 βλεπόντων
673 1675 770 1726 καὶ
826 1673 1146 1745 ὁρμώντων,
1182 1675 1293 1727 τῶν
1346 1675 1390 1728 5’
1434 1675 1584 1738 ἐντὸς
1636 1675 1729 1729 καὶ
1760 1673 1883 1728 λίαν
1915 1722 1960 1780 Β
1990 1685 2101 1746 τοῖς
2130 1682 2270 1737 κατὰ
2302 1685 2363 1737 τὸ
2389 1683 2497 1737 τῶν
2516 1685 2768 1757 Σάρδεων
2801 1686 3063 1758 φρούριον
3093 1686 3290 1756 ὀχυρὸν
3319 1683 3492 1748 ἄλλως
3508 1681 3573 1749 δν¹

293 1764 492 1828 ἐνδεῶς
515 1767 754 1833 ἑχόντων
781 1766 893 1820 τῶν
923 1768 1244 1834 ἀναγκαίων
1267 1767 1353 1821 διὰ
1373 1768 1603 1838 τὴνῖτῶν
1628 1767 1884 1838 ἐξωτερι-

291 1861 406 1915 κῶν
438 1859 806 1926 ὲξαπώλειαν.
855 1861 1127 1922 Βασιλεὺς
1186 1862 1286 1931 μὲν
1330 1857 1425 1915 οὖν
1474 1861 1563 1916 διὰ
1607 1860 1780 1915 ταῦτα
1812 1859 1887 1923 ὡς

293 1948 404 2008 οἷόν
439 1953 492 2006 τ’
527 1947 598 2024 ἦν
643 1953 1184 2024 ἁντιπαλαμὼμενος
1233 1953 1372 2026 πρὸς
1417 1955 1511 2018 τὰς
1540 1954 1650 2007 τῶν
1695 1952 1888 2008 δεινῶν

296 2047 619 2119 ἐπιρροίας,
684 2046 929 2102 Ἀλανῶν
1008 2047 1108 2119 μὲν
1166 2049 1396 2102 ἐκείνων
1441 2048 1688 2103 καὶτῶν
1743 2048 1891 2103 ίδίων

291 2139 665 2208 ἀπεγνωκὼς,
698 2141 794 2195 ἐπὶ
827 2141 1055 2212 σαθροῖς
1104 2139 1162 2195 δὲ
1197 2141 1443 2196 σαλεύων
1474 2143 1586 2204 τοῖς
1633 2122 1888 2206 ξενικοῖς,

293 2235 512 2307 πέμπει
544 2233 802 2305 καὶπρὸς
844 2232 1109 2305 Καζάνην
1142 2235 1233 2289 τὸν
1263 2234 1376 2291 τῶν
1414 2235 1754 2291 ἀνατολικῶν
1793 2235 1894 2290 Ta-

291 2427 465 2486 porro
505 2412 598 2467 his
621 2410 983 2481 praesentium
1013 2409 1245 2467 dubium
1284 2410 1412 2477 fuit,
1443 2412 1496 2467 id
1530 2411 1678 2484 quod
1709 2413 1893 2483 reipsa

292 2522 490 2562 verum
538 2515 682 2570 erat,
727 2506 864 2576 quin
913 2520 1010 2576 per
1044 2505 1150 2560 ista
1199 2505 1581 2562 declararetur
1622 2504 1890 2561 Joannem

293 2600 452 2658 illum
493 2599 630 2654 olim
669 2600 1058 2671 imperatorem
1086 2638 1101 2663 ,
1152 2608 1525 2671 cognomento
1577 2599 1885 2663 Batatzam,

293 2698 582 2770 Optimum
618 2696 925 2767 principem
958 2704 1016 2750 et
1038 2696 1542 2765 eleemosynarium
1580 2711 1611 2749 a
1645 2695 1898 2766 largitio-

295 2793 466 2849 nibus
504 2791 563 2847 in
606 2790 770 2864 402
817 2805 1091 2862 pauperes
1123 2789 1336 2846 crebris
1362 2799 1418 2846 et
1445 2778 1657 2862 magnis
1703 2791 1898 2844 merito

293 2887 697 2946 nominatum.
741 2900 858 2941 sua:
925 2884 1196 2955 peculiari
1254 2898 1402 2940 cum
1466 2899 1529 2938 ac
1564 2885 1896 2955 protectiuni

297 2983 519 3054 (quam
551 2979 882 3048 ἐπιστασίαν
923 2976 1110 3049 Lydus
1157 2977 1412 3046 diceret)
1465 2975 1822 3032 commissam
1866 2990 1894 3029 a

1988 1774 2062 1839 ὡς
2096 1775 2334 1841 παλαιᾶς
2353 1776 2652 1847 ἀκρόπολιν
2679 1779 2904 1843 πόλεως,
2927 1779 3051 1834 καθ’
3086 1778 3144 1833 ἓν
3172 1778 3375 1833 ἄϐατον
3404 1775 3569 1849 μέρος

1991 1868 2084 1921 καὶ
2139 1869 2199 1923 τὸ
2246 1868 2433 1925 λοιπὸν
2490 1872 2870 1943 ἀπόκρημνον,
2919 1874 3007 1927 διὰ
3046 1875 3146 1943 τὴν
3184 1871 3315 1948 παρτ
3342 1870 3571 1947 ἐκείναιν

1990 1962 2465 2035 ἐγκεκλεισμένην
2495 1965 2744 2019 ἐπίθεσιν
2775 1966 3012 2036 πέμπων
3040 1966 3133 2020 ἐπὶ
3161 1961 3571 2037 ῥηταῖς-ὁμολο-

1990 2053 2142 2121 γίαις
2178 2056 2569 2127 συνέπραττεν,
2598 2056 2683 2126 ἐφ’
2725 2050 2770 2126 ᾧ
2803 2056 2896 2111 τοῦ
2929 2057 3198 2128 φρουρίου
3243 2057 3573 2126 διαμεμερι-

1994 2147 2194 2215 σμένου
2235 2149 2435 2219 μακρῷ
2468 2167 2573 2203 τινι
2607 2148 2778 2220 τείχει
2827 2151 2920 2204 καὶ
2970 2150 3206 2220 ἀσφαλεῖ
3249 2151 3422 2220 ἥμισυ
3452 2147 3573 2219 μὲν

1992 2239 2259 2310 ἐκείνους,
2290 2243 2463 2315 ἥμισυ
2504 2243 2548 2299 δ’
2580 2243 2976 2318 αὐτοὺςοέχειν,
3027 2242 3323 2298 κάντεῦθεν
3347 2242 3572 2311 δεσμοῖς

1996 2425 2328 2480 auctoritate
2389 2428 2442 2480 in
2493 2428 2664 2482 duces
2723 2425 2989 2485 barbarus.
3042 2424 3344 2482 Romanam
3408 2425 3575 2481 ditio-

1997 2533 2118 2571 nem
2147 2518 2539 2574 crudelissime
2564 2527 2871 2580 vastantes.
2905 2519 2986 2574 eis
3019 2529 3076 2572 ut
3110 2517 3180 2573 ab
3206 2517 3426 2589 injuriis
3476 2518 3577 2575 tle-.-

1997 2613 2198 2666 sistant
2222 2611 2476 2682 imperet,
2509 2627 2572 2666 ac
2598 2612 2651 2666 ni
2683 2611 2910 2672 faciant.
2937 2616 3177 2668 ulturum
3207 2625 3268 2666 se
3293 2605 3538 2667 minetur
3559 2654 3568 2668 η

1997 2704 2188 2772 sicque
2219 2717 2553 2757 succurrere
2606 2703 2865 2769 dignetur
2896 2712 3146 2758 extreme
3190 2701 3575 2758 laborantibus

1996 2811 2059 2848 ac
2085 2811 2221 2864 pene
2248 2795 2358 2863 jam
2397 2793 2624 2863 perditis
2658 2793 2932 2851 Romanis
2975 2795 3159 2849 rebus.
3214 2794 3370 2850 Talia
3403 2796 3578 2851 Caza-

1999 2905 2096 2945 nes
2121 2889 2359 2966 audiens
2383 2888 2526 2943 haud
2559 2897 2891 2960 aspernatus
2917 2888 3235 2944 aﬂiuitatem
3268 2896 3390 2955 est;
3424 2876 3578 2944 abla-

2000 2986 2192 3048 tasqne
2245 2978 2442 3048 puellae
2474 3019 2490 3044 ,
2545 2994 2667 3048 qua:
2712 2980 2895 3049 proles
2955 2979 3228 3034 naturalis
3274 2978 3576 3040 Andronici

298 3071 416 3129 Deo
473 3070 800 3127 custodisse
826 3083 889 3124 ac
950 3068 1148 3125 sedulo
1193 3067 1520 3124 defensasse
1565 3065 1898 3138 Magnesiam
1928 3076 1971 3134 ο
2002 3071 2230 3138 Augusti
2279 3071 2600 3143 putabatur,
2636 3071 2937 3129 admittens
2991 3072 3236 3144 nuptias,
3285 3055 3476 3142 ample.
3512 3087 3576 3128 ac

299 3165 618 3222 civitatem.

301 3258 394 3316 16.
425 3257 506 3315 De
532 3274 589 3312 re
614 3257 745 3313 bene
773 3272 865 3328 per
888 3253 1165 3309 solertiam
1194 3273 1228 3310 a
1246 3254 1455 3331 nostris
1473 3255 1613 3326 apud
1643 3252 1900 3312 Sardatea

1020 3339 1191 3400 gesta.

376 3448 559 3504 Erant
610 3459 775 3517 porro
816 3460 914 3514 per
956 3445 1073 3500 haec
1109 3454 1357 3514 tempora
1394 3458 1481 3501 res
1527 3453 1730 3498 nostrae
1764 3439 1906 3521 09n-

302 3535 677 3606 stantinOpoli
714 3533 1034 3608 degentium
1075 3537 1128 3589 in
1160 3535 1395 3590 summis
1435 3534 1733 3605 angustiis.
1767 3533 1900 3588 Nam

302 3636 400 3703 qui
470 3614 636 3690 extra
682 3633 876 3688 urbem
931 3631 987 3686 in
1027 3630 1176 3686 Asia:
1207 3629 1510 3686 continenti
1557 3629 1902 3687 domicilium

305 3728 616 3790 habebant,
660 3725 1076 3796 planeconscii
1133 3737 1198 3778 ac
1231 3725 1424 3779 multis
1457 3722 1904 3793 miserrimisque

304 3820 716 3892 experimentis
744 3820 1198 3890 quotidianarum
1239 3818 1500 3884 caedium,
1536 3817 1743 3888 quibus
1777 3832 1905 3888 pas—

305 3917 413 3974 sim
444 3914 626 3973 sterni
652 3913 998 3970 contribules
1028 3927 1164 3968 suos
1199 3927 1226 3965 a
1258 3911 1447 3968 Persis
1483 3911 1766 3975 videbant,
1790 3927 1907 3967 ma—

307 4007 522 4064 nifesto
555 4005 806 4077 persuasi
839 4005 1047 4060 nullam
1095 4005 1198 4061 sibi
1228 4006 1336 4060 vim
1363 4020 1490 4062 esse
1517 4005 1585 4061 ad
1619 4006 1901 4061 obsisten-

304 4101 439 4156 dum
472 4098 545 4154 iis
578 4097 852 4164 barbaris,
910 4097 1106 4168 partim
1145 4099 1199 4151 in
1236 4098 1403 4152 nrbes
1442 4106 1536 4151 aut
1584 4113 1742 4152 arces
1771 4112 1907 4151 con-

306 4192 634 4266 fugiebant,
689 4190 890 4262 partim
943 4191 1178 4246 salutem
1219 4191 1272 4246 in
1321 4189 1518 4245 insulis
1560 4191 1903 4261 quaerebant,

307 4287 513 4358 partim
564 4299 729 4352 quam
783 4292 1041 4354 poterant
1093 4282 1421 4354 longissime
1489 4298 1547 4339 se
1579 4301 1605 4337 a
1659 4284 1906 4353 periculo

309 4387 664 4452 removentes
729 4376 784 4433 in
835 4377 1043 4433 abditis
1102 4377 1349 4434 adversae
1380 4377 1718 4433 continentis
1766 4379 1902 4434 locis

309 4488 576 4530 securum
625 4469 887 4544 effugium
947 4472 1160 4538 trepide
1212 4473 1534 4541 captabant.
1572 4472 1752 4541 Ipsius
1800 4487 1902 4525 au-

310 4576 423 4624 tem
485 4581 699 4637 magna:
734 4565 890 4640 urbis
923 4565 1120 4620 incolae
1177 4579 1371 4635 magna
1411 4565 1561 4620 intus
1599 4580 1786 4620 rerum
1832 4567 1900 4620 ad

314 4663 527 4718 victum
549 4658 995 4716 necessariarum
1029 4660 1258 4730 penuria
1281 4658 1614 4728 urgebamur
1631 4658 1703 4715 ob
1722 4664 1905 4714 vasta-

315 4765 400 4810 tas
443 4755 655 4810 circum
712 4752 1110 4823 desolatasque
1163 4753 1456 4822 regiones,
1491 4751 1636 4814 unde
1691 4753 1757 4808 ad
1799 4767 1903 4809 nos

316 4845 535 4902 solebat
565 4858 782 4899 annona
809 4842 1073 4899 conferri.
1107 4844 1188 4897 Ad
1207 4843 1323 4899 hare
1353 4841 1697 4898 emendanda
1729 4859 1906 4914 quan-

321 4948 439 4992 tum
474 4945 695 5008 poterat
739 4950 872 4992 cura
921 4934 1272 5006 consilioque
1305 4935 1635 5010 incumbens
1664 4937 1904 5007 impera-

323 5041 432 5096 tor,
468 5045 612 5108 .cum
662 5015 872 5084 nullam
901 5026 1011 5100 jam
1074 5043 1230 5098 spem
1274 5027 1502 5084 haberet
1550 5029 1605 5083 in
1643 5027 1906 5085 Romanis

320 5123 520 5196 copiis.
578 5133 768 5178 extera
813 5136 945 5178 vero
992 5121 1252 5178 auxiliari
1286 5122 1474 5178 militia
1518 5134 1773 5199 proterva
1807 5140 1908 5180 ste-

321 5235 502 5290 vaque
537 5217 844 5289 eademque
874 5215 1053 5293 baud
1100 5218 1234 5274 satis
1282 5217 1384 5270 tida
1441 5226 1724 5285 uteretur,
1760 5221 1908 5276 unde

322 5327 429 5369 nec
457 5312 810 5382 acquiescere
837 5313 1024 5365 animo
1061 5316 1266 5381 posset,
1309 5312 1474 5366 vertit
1514 5313 1906 5382 cogitationem

324 5409 391 5463 ad
436 5407 644 5464 certius
681 5405 946 5460 auxilium
991 5420 1018 5458 a
1049 5404 1271 5460 Cazane
1300 5405 1676 5461 Tocharorum
1709 5406 1909 5464 Orien-

329 5503 515 5566 talium
556 5515 817 5572 supremo
867 5501 1114 5570 principe
1145 5500 1338 5568 (Canin
1377 5500 1480 5569 ipsi
1520 5499 1738 5570 vocant)
1802 5501 1910 5556 Ro-

329 5610 491 5651 mano
521 5593 754 5665 imperio
789 5593 1216 5648 conciliandum.
1275 5593 1436 5648 Mittit
1473 5610 1603 5665 ergo
1642 5597 1707 5649 ad
1761 5597 1910 5653 hunc

332 5689 421 5755 qui
464 5688 690 5744 imdcris
731 5701 920 5743 secum
972 5688 1342 5743 conditionem
1391 5688 1624 5760 nuptiali
1665 5690 1908 5746 necessi-

333 5779 518 5838 tudine
570 5779 823 5845 lirmandi
855 5780 1106 5851 offerant,
1167 5779 1436 5857 orentque
1471 5793 1526 5838 ut
1557 5799 1664 5855 qua
1692 5785 1908 5844 valebat

2004 3163 2325 3221 solemniter
2369 3163 2627 3233 promisit
2669 3179 2793 3220 sese
2839 3167 3240 3236 coerciturum,
3291 3175 3348 3222 et
3383 3165 3439 3220 ni
3480 3181 3580 3236 pa-

2011 3268 2218 3322 rerent,
2273 3257 2446 3313 armis
2497 3273 2888 3327 repressurum
2948 3261 3167 3330 iniquus
3219 3272 3579 3332 grassatores.

2002 3350 2169 3424 503
2210 3351 2323 3405 Hac
2355 3349 2499 3420 apud
2543 3350 2813 3406 barbaros
2849 3365 2943 3417 per
2974 3349 3301 3408 Romanlam
3357 3353 3584 3423 impune

2005 3443 2454 3498 latrocinantium
2504 3443 2673 3500 duces
2719 3444 2828 3499 late
2873 3443 3130 3508 Cazanis,
3184 3445 3345 3516 cujus
3393 3454 3587 3515 poten-

2007 3538 2137 3591 tiam
2191 3545 2426 3604 norant,
2471 3538 2898 3593 comminatione
2949 3539 3170 3611 vulgata
3213 3540 3344 3595 moti
3391 3554 3584 3598 omnes

2007 3640 2158 3697 sunt,
2195 3631 2240 3687 si
2275 3633 2458 3687 minus
2486 3632 2552 3686 ad
2596 3630 3016 3699 continendam,
3065 3631 3258 3688 saltem
3291 3632 3356 3688 ad
3396 3635 3584 3688 mode-

2008 3724 2230 3778 randam
2291 3723 2657 3795 timidiusque
2703 3725 2965 3795 deinceps
3014 3723 3376 3780 exercendam
3432 3725 3590 3780 smi-

2009 3818 2164 3871 tiam.
2199 3815 2334 3872 Nam
2368 3831 2396 3870 a
2429 3817 2713 3887 plerisque
2740 3820 2988 3887 ipsorum
3019 3832 3212 3887 parum
3243 3820 3376 3873 istas
3407 3818 3586 3872 minas

2007 3910 2358 3973 curantibus,
2396 3908 2748 3965 simulatione
2785 3921 2942 3965 tenus
2974 3911 3090 3967 sola
3129 3925 3228 3966 nec
3269 3925 3331 3964 ea
3387 3911 3544 3980 longa
3569 3948 3585 3973 ,

2007 4000 2249 4055 delatum
2308 3999 2490 4056 edicto
2540 4000 2708 4057 Canis
2750 4012 2833 4056 est
2882 4001 3072 4059 absisti
3124 4015 3153 4054 a
3208 3998 3584 4054 Romanorum

2011 4093 2365 4149 inl‘estatione
2415 4092 2682 4161 jubentis.
2745 4092 2918 4150 Unius
2973 4094 3119 4150 inter
3178 4095 3316 4150 istos
3379 4093 3588 4148 Alaidis

2010 4185 2176 4255 paulo
2219 4184 2358 4238 forte
2388 4184 2572 4241 minus
2605 4193 2984 4240 contumacem
3020 4186 3304 4239 audaciam
3342 4186 3454 4239 hzec
3486 4183 3583 4239 de-

2011 4277 2288 4332 nuntiatio
2340 4279 2646 4337 concussit.
2700 4279 2935 4337 istunc
2990 4277 3217 4350 Lydiam
3267 4278 3586 4343 incursans,

2011 4370 2168 4438 quasi
2207 4379 2447 4425 verteret
2488 4383 2645 4428 vetus
2698 4372 3073 4442 proverbium,
3112 4369 3389 4441 Mysorum
3424 4385 3454 4426 e
3481 4370 3585 4441 Ly-

2008 4463 2094 4517 dis
2129 4464 2459 4532 congerebat
2495 4465 2730 4534 pradas.
2769 4465 2928 4532 Quod
2966 4465 3098 4520 dum
3135 4464 3280 4534 agit,
3321 4465 3445 4519 novi
3482 4464 3592 4519 Ca-

2006 4560 2160 4611 zanis
2224 4574 2348 4612 cum
2415 4561 2748 4627 imperatore
2796 4556 3024 4613 hederis
3073 4555 3220 4612 fama
3285 4557 3589 4626 imprOViso

2006 4651 2172 4718 ictus,
2213 4653 2266 4706 in
2306 4654 2597 4722 quamdam
2636 4668 2750 4708 suae
2777 4666 2841 4706 ac
2871 4667 3097 4708 suorum
3129 4651 3414 4708 securitati
3456 4661 3590 4707 cani

2009 4745 2223 4801 sulendi
2293 4747 2720 4802 sollicitudinem
2779 4747 3100 4817 ingressus,
3164 4745 3310 4802 hanc
3365 4743 3584 4817 prazdar,

2008 4855 2170 4908 quam
2214 4839 2492 4911 ingentem
2535 4850 2824 4909 paraverat
2885 4849 2941 4894 et
2965 4839 3052 4895 cui
3105 4837 3455 4909 potissimum
3518 4839 3586 4892 ti~

2011 4935 2216 5000 ruebat,
2276 4934 2329 4988 in
2365 4941 2483 4988 tuto
2537 4934 2871 4988 collocandae
2910 4934 3180 4988 rationem
3221 4916 3584 5001 excogitavit.

2012 5026 2107 5083 Est
2147 5027 2265 5096 ejus
2304 5027 2625 5097 metmpolis
2666 5026 2964 5095 provinciae
3005 5027 3258 5098 antiqua~
3285 5025 3417 5081 urbs
3457 5024 3590 5080 Sar—

2010 5122 2128 5186 des,
2169 5121 2221 5174 in
2266 5136 2368 5189 qua
2415 5119 2522 5174 situ
2553 5121 2788 5175 validam
2819 5130 2872 5176 et
2901 5118 3032 5175 olim
3074 5119 3345 5174 munitam
3401 5133 3587 5173 arcem

2013 5222 2144 5269 tunc
2176 5214 2356 5268 adhuc
2385 5225 2702 5268 nostrorum
2741 5214 2966 5283 quidam
2995 5210 3349 5276 obtinebant,
3377 5211 3443 5266 ab
3479 5226 3586 5266 una

2012 5318 2164 5380 parm
2230 5310 2568 5364 inaccessam
2630 5310 2846 5379 objecti:
2908 5306 3411 5380 impcnetrabilium
3471 5321 3590 5361 mo-

2013 5402 2166 5467 lium,
2193 5419 2255 5457 ex
2283 5403 2457 5458 altero
2483 5404 2655 5459 latere
2681 5404 3018 5459 immanibus
3044 5400 3363 5472 precipitiis
3393 5397 3586 5454 defen-

2016 5513 2175 5562 sam;
2227 5498 2384 5566 cujus
2445 5497 2567 5553 ideo
2607 5497 2771 5552 etiam
2809 5512 2838 5552 a
2880 5496 3074 5564 paucis
3111 5505 3164 5551 et
3195 5494 3416 5565 prodire
3471 5508 3587 5548 non

2017 5592 2344 5648 audentibus
2401 5592 2627 5646 insessae
2661 5589 2881 5649 barbari
2934 5591 3064 5647 licet
3107 5604 3340 5645 numero
3375 5588 3589 5659 pollen-

2016 5697 2097 5742 tes
2125 5689 2586 5759 expugnationem
2614 5689 3020 5758 desperassent.
3057 5684 3233 5757 Hujus
3265 5683 3415 5739 Alais
3443 5682 3587 5753 prac-

2017 5783 2276 5842 sidiarios
2319 5781 2594 5854 colloquio
2647 5782 2900 5849 tentavit,
2955 5796 3154 5852 rogans
3213 5787 3271 5834 ut
3302 5777 3584 5849 quoniam
