  <div class='ocr_page' id='page_1' title='image "/cluster/home/n/w/nwhite01/storage/ocr_20150623/144/hvd.32044073502593/227.png"; bbox 0 0 3996 6230; ppageno 0'>
   <div class='ocr_carea' id='block_1_1' title="bbox 461 276 573 344">
    <p class='ocr_par' dir='ltr' id='par_1_1' title="bbox 461 276 573 344">
     <span class='ocr_line' id='line_1_1' title="bbox 461 276 573 344; baseline -0.018 0"><span class='ocrx_word' id='word_1_1' title='bbox 461 276 573 344; x_wconf 64' lang='grc'><strong>443</strong></span> 
     </span>
    </p>
   </div>
   <div class='ocr_carea' id='block_1_2' title="bbox 1549 275 2043 344">
    <p class='ocr_par' dir='ltr' id='par_1_2' title="bbox 1549 275 2043 344">
     <span class='ocr_line' id='line_1_2' title="bbox 1549 275 2043 344; baseline 0.01 -8"><span class='ocrx_word' id='word_1_2' title='bbox 1549 341 1552 344; x_wconf 51' lang='grc'><strong>,</strong></span> <span class='ocrx_word' id='word_1_3' title='bbox 1655 275 1986 338; x_wconf 68' lang='lat' dir='ltr'><strong>GEORGII</strong></span> <span class='ocrx_word' id='word_1_4' title='bbox 2024 280 2043 341; x_wconf 83' lang='grc'>1</span> 
     </span>
    </p>
   </div>
   <div class='ocr_carea' id='block_1_3' title="bbox 2149 275 3694 344">
    <p class='ocr_par' dir='ltr' id='par_1_3' title="bbox 2149 275 3694 342">
     <span class='ocr_line' id='line_1_3' title="bbox 2149 275 3694 342; baseline 0.003 -5"><span class='ocrx_word' id='word_1_5' title='bbox 2149 278 2513 339; x_wconf 67' lang='grc' dir='ltr'><strong>ἒΗΥΜΕΡυλΕ</strong></span> <span class='ocrx_word' id='word_1_6' title='bbox 3596 275 3694 342; x_wconf 72' lang='grc'><strong>444</strong></span> 
     </span>
    </p>
   </div>
   <div class='ocr_carea' id='block_1_4' title="bbox 461 384 3696 462">
    <p class='ocr_par' dir='ltr' id='par_1_4' title="bbox 461 384 3696 462">
     <span class='ocr_line' id='line_1_4' title="bbox 461 384 3696 462; baseline 0.001 -19"><span class='ocrx_word' id='word_1_7' title='bbox 461 391 713 460; x_wconf 74' lang='grc' dir='ltr'><strong>ὁμονοίας</strong></span> <span class='ocrx_word' id='word_1_8' title='bbox 748 386 1080 455; x_wconf 78' lang='grc' dir='ltr'>συνδεῖσθαι,</span> <span class='ocrx_word' id='word_1_9' title='bbox 1126 387 1222 442; x_wconf 73' lang='grc' dir='ltr'>καὶ</span> <span class='ocrx_word' id='word_1_10' title='bbox 1269 385 1463 458; x_wconf 76' lang='grc' dir='ltr'>ἀνέδην</span> <span class='ocrx_word' id='word_1_11' title='bbox 1510 386 1758 452; x_wconf 74' lang='grc' dir='ltr'><strong>ἐξιόντας</strong></span> <span class='ocrx_word' id='word_1_12' title='bbox 1794 389 2040 454; x_wconf 77' lang='grc' dir='ltr'><strong>ἐκείνους</strong></span> <span class='ocrx_word' id='word_1_13' title='bbox 2066 400 2116 461; x_wconf 70' lang='grc' dir='ltr'><strong>Α</strong></span> <span class='ocrx_word' id='word_1_14' title='bbox 2143 388 2347 461; x_wconf 55' lang='lat' dir='ltr'><strong>saepe;</strong></span> <span class='ocrx_word' id='word_1_15' title='bbox 2373 384 2521 459; x_wconf 80' lang='grc' dir='ltr'>είχον</span> <span class='ocrx_word' id='word_1_16' title='bbox 2550 389 2751 442; x_wconf 78' lang='grc' dir='ltr'>ἐκεῖνοι</span> <span class='ocrx_word' id='word_1_17' title='bbox 2773 386 2869 442; x_wconf 65' lang='grc' dir='ltr'>καὶ</span> <span class='ocrx_word' id='word_1_18' title='bbox 2890 389 3001 444; x_wconf 84' lang='grc' dir='ltr'><strong>τῶν</strong></span> <span class='ocrx_word' id='word_1_19' title='bbox 3025 387 3206 460; x_wconf 79' lang='grc' dir='ltr'>φόϐων</span> <span class='ocrx_word' id='word_1_20' title='bbox 3233 389 3458 451; x_wconf 78' lang='grc' dir='ltr'>ἑαυτοὺς</span> <span class='ocrx_word' id='word_1_21' title='bbox 3480 388 3696 462; x_wconf 72' lang='grc' dir='ltr'>ἀνελὰμο</span> 
     </span>
    </p>
   </div>
   <div class='ocr_carea' id='block_1_5' title="bbox 464 471 2042 555">
    <p class='ocr_par' dir='ltr' id='par_1_5' title="bbox 464 471 2042 555">
     <span class='ocr_line' id='line_1_5' title="bbox 464 471 2042 555; baseline -0.004 -18"><span class='ocrx_word' id='word_1_22' title='bbox 464 483 565 555; x_wconf 79' lang='grc' dir='ltr'>μὲν</span> <span class='ocrx_word' id='word_1_23' title='bbox 603 484 714 541; x_wconf 78' lang='grc' dir='ltr'>τοῖς</span> <span class='ocrx_word' id='word_1_24' title='bbox 750 480 904 545; x_wconf 79' lang='grc' dir='ltr'>ἰδίοις</span> <span class='ocrx_word' id='word_1_25' title='bbox 951 480 1134 552; x_wconf 76' lang='grc' dir='ltr'>ἔργοις</span> <span class='ocrx_word' id='word_1_26' title='bbox 1172 479 1538 553; x_wconf 82' lang='grc' dir='ltr'><strong>προσανέχειν</strong></span> <span class='ocrx_word' id='word_1_27' title='bbox 1591 477 1650 544; x_wconf 81' lang='grc' dir='ltr'>ἐξ</span> <span class='ocrx_word' id='word_1_28' title='bbox 1696 471 1772 533; x_wconf 81' lang='grc' dir='ltr'>ὧν</span> <span class='ocrx_word' id='word_1_29' title='bbox 1823 480 2042 551; x_wconf 81' lang='grc' dir='ltr'>τραφή-</span> 
     </span>
    </p>
   </div>
   <div class='ocr_carea' id='block_1_6' title="bbox 464 571 2041 637">
    <p class='ocr_par' dir='ltr' id='par_1_6' title="bbox 464 571 2041 637">
     <span class='ocr_line' id='line_1_6' title="bbox 464 571 2041 637; baseline -0.003 -10"><span class='ocrx_word' id='word_1_30' title='bbox 464 591 669 634; x_wconf 80' lang='grc' dir='ltr'>σονται,</span> <span class='ocrx_word' id='word_1_31' title='bbox 707 573 907 637; x_wconf 76' lang='grc' dir='ltr'>αὐτοὺς</span> <span class='ocrx_word' id='word_1_32' title='bbox 952 573 1007 626; x_wconf 84' lang='grc' dir='ltr'><strong>δέ</strong></span> <span class='ocrx_word' id='word_1_33' title='bbox 1044 573 1113 626; x_wconf 73' lang='grc' dir='ltr'>τὰ</span> <span class='ocrx_word' id='word_1_34' title='bbox 1151 573 1326 626; x_wconf 81' lang='grc' dir='ltr'>οἰκεία</span> <span class='ocrx_word' id='word_1_35' title='bbox 1361 573 1582 634; x_wconf 83' lang='grc' dir='ltr'>πάντως</span> <span class='ocrx_word' id='word_1_36' title='bbox 1628 573 1827 637; x_wconf 79' lang='grc' dir='ltr'><strong>ποιεῖν,</strong></span> <span class='ocrx_word' id='word_1_37' title='bbox 1861 571 2041 626; x_wconf 85' lang='grc' dir='ltr'>αὐτῶν</span> 
     </span>
    </p>
   </div>
   <div class='ocr_carea' id='block_1_7' title="bbox 467 663 2041 739">
    <p class='ocr_par' dir='ltr' id='par_1_7' title="bbox 467 663 2041 739">
     <span class='ocr_line' id='line_1_7' title="bbox 467 663 2041 739; baseline -0.002 -21"><span class='ocrx_word' id='word_1_38' title='bbox 467 669 587 739; x_wconf 76' lang='grc' dir='ltr'>μὲν,</span> <span class='ocrx_word' id='word_1_39' title='bbox 629 667 704 730; x_wconf 84' lang='grc' dir='ltr'><strong>ὡς</strong></span> <span class='ocrx_word' id='word_1_40' title='bbox 752 666 921 728; x_wconf 83' lang='grc' dir='ltr'>εἰκὸς,</span> <span class='ocrx_word' id='word_1_41' title='bbox 960 664 1286 736; x_wconf 79' lang='grc' dir='ltr'><strong>ἀπέχοντας,</strong></span> <span class='ocrx_word' id='word_1_42' title='bbox 1330 663 1510 728; x_wconf 74' lang='grc' dir='ltr'>ἄλλοις</span> <span class='ocrx_word' id='word_1_43' title='bbox 1552 663 1598 717; x_wconf 86' lang='grc' dir='ltr'>δ’</span> <span class='ocrx_word' id='word_1_44' title='bbox 1627 664 2041 735; x_wconf 73' lang='grc' dir='ltr'>ἐπιτιθεμένους</span> 
     </span>
    </p>
   </div>
   <div class='ocr_carea' id='block_1_8' title="bbox 463 752 2039 830">
    <p class='ocr_par' dir='ltr' id='par_1_8' title="bbox 463 752 2039 830">
     <span class='ocr_line' id='line_1_8' title="bbox 463 752 2039 830; baseline -0.001 -17"><span class='ocrx_word' id='word_1_45' title='bbox 463 761 524 826; x_wconf 81' lang='grc' dir='ltr'>ἐξ</span> <span class='ocrx_word' id='word_1_46' title='bbox 553 752 628 813; x_wconf 81' lang='grc' dir='ltr'>ὧν</span> <span class='ocrx_word' id='word_1_47' title='bbox 657 757 980 830; x_wconf 83' lang='grc' dir='ltr'>κερδανοῦσι</span> <span class='ocrx_word' id='word_1_48' title='bbox 1008 758 1100 811; x_wconf 82' lang='grc' dir='ltr'><strong>τὸν</strong></span> <span class='ocrx_word' id='word_1_49' title='bbox 1131 758 1330 811; x_wconf 82' lang='grc' dir='ltr'>οίκετον</span> <span class='ocrx_word' id='word_1_50' title='bbox 1368 757 1570 829; x_wconf 83' lang='grc' dir='ltr'>τρόπον</span> <span class='ocrx_word' id='word_1_51' title='bbox 1601 757 1697 809; x_wconf 80' lang='grc' dir='ltr'>καὶ</span> <span class='ocrx_word' id='word_1_52' title='bbox 1728 757 2039 828; x_wconf 75' lang='grc' dir='ltr'>λῃστρικόν.</span> 
     </span>
    </p>
   </div>
   <div class='ocr_carea' id='block_1_9' title="bbox 474 849 2044 924">
    <p class='ocr_par' dir='ltr' id='par_1_9' title="bbox 474 849 2044 924">
     <span class='ocr_line' id='line_1_9' title="bbox 474 849 2044 924; baseline -0.004 -16"><span class='ocrx_word' id='word_1_53' title='bbox 474 852 704 908; x_wconf 73' lang='grc' dir='ltr'>Ἐκεῖνοι</span> <span class='ocrx_word' id='word_1_54' title='bbox 735 852 834 924; x_wconf 75' lang='grc' dir='ltr'>μὲν</span> <span class='ocrx_word' id='word_1_55' title='bbox 858 851 952 906; x_wconf 77' lang='grc' dir='ltr'>οὖν</span> <span class='ocrx_word' id='word_1_56' title='bbox 979 851 1187 906; x_wconf 79' lang='grc' dir='ltr'>τοιαῦτ’</span> <span class='ocrx_word' id='word_1_57' title='bbox 1217 851 1424 921; x_wconf 75' lang='grc' dir='ltr'>ἠξίουν,</span> <span class='ocrx_word' id='word_1_58' title='bbox 1460 853 1551 905; x_wconf 77' lang='grc' dir='ltr'>καὶ</span> <span class='ocrx_word' id='word_1_59' title='bbox 1581 850 1827 922; x_wconf 64' lang='grc' dir='ltr'>λιπαρῶς</span> <span class='ocrx_word' id='word_1_60' title='bbox 1864 849 2044 904; x_wconf 75' lang='grc' dir='ltr'>ἀντείο</span> 
     </span>
    </p>
   </div>
   <div class='ocr_carea' id='block_1_10' title="bbox 466 942 2043 1018">
    <p class='ocr_par' dir='ltr' id='par_1_10' title="bbox 466 942 2043 1018">
     <span class='ocr_line' id='line_1_10' title="bbox 466 942 2043 1018; baseline -0.003 -18"><span class='ocrx_word' id='word_1_61' title='bbox 466 963 623 1018; x_wconf 83' lang='grc' dir='ltr'>χοντο</span> <span class='ocrx_word' id='word_1_62' title='bbox 666 945 762 1001; x_wconf 81' lang='grc' dir='ltr'>τοῦ</span> <span class='ocrx_word' id='word_1_63' title='bbox 804 945 1105 1017; x_wconf 74' lang='grc' dir='ltr'><strong>φρουρίου⁸</strong></span> <span class='ocrx_word' id='word_1_64' title='bbox 1156 948 1268 1009; x_wconf 85' lang='grc' dir='ltr'>τοῖς</span> <span class='ocrx_word' id='word_1_65' title='bbox 1315 944 1371 998; x_wconf 72' lang='grc' dir='ltr'>δὲ</span> <span class='ocrx_word' id='word_1_66' title='bbox 1424 946 1486 998; x_wconf 81' lang='grc' dir='ltr'><strong>τὺ</strong></span> <span class='ocrx_word' id='word_1_67' title='bbox 1540 945 1640 1015; x_wconf 87' lang='grc' dir='ltr'>μὲν</span> <span class='ocrx_word' id='word_1_68' title='bbox 1687 942 2043 998; x_wconf 82' lang='grc' dir='ltr'>ἀνθίστασθαι</span> 
     </span>
    </p>
   </div>
   <div class='ocr_carea' id='block_1_11' title="bbox 469 1034 2045 1109">
    <p class='ocr_par' dir='ltr' id='par_1_11' title="bbox 469 1034 2045 1109">
     <span class='ocr_line' id='line_1_11' title="bbox 469 1034 2045 1109; baseline -0.003 -18"><span class='ocrx_word' id='word_1_69' title='bbox 469 1038 702 1109; x_wconf 76' lang='grc' dir='ltr'>μάταιον</span> <span class='ocrx_word' id='word_1_70' title='bbox 729 1037 1036 1108; x_wconf 74' lang='grc' dir='ltr'>ἐνομίζετο,</span> <span class='ocrx_word' id='word_1_71' title='bbox 1061 1039 1120 1090; x_wconf 73' lang='grc' dir='ltr'>τὸ</span> <span class='ocrx_word' id='word_1_72' title='bbox 1147 1037 1192 1090; x_wconf 75' lang='grc' dir='ltr'>δ’</span> <span class='ocrx_word' id='word_1_73' title='bbox 1219 1037 1518 1100; x_wconf 77' lang='grc' dir='ltr'>εὐπειθεῐν,</span> <span class='ocrx_word' id='word_1_74' title='bbox 1551 1037 1601 1090; x_wconf 79' lang='grc' dir='ltr'><strong>εί</strong></span> <span class='ocrx_word' id='word_1_75' title='bbox 1632 1037 1723 1089; x_wconf 59' lang='grc' dir='ltr'><strong>καὶ⁸</strong></span> <span class='ocrx_word' id='word_1_76' title='bbox 1757 1034 1832 1106; x_wconf 77' lang='grc' dir='ltr'>μὴ</span> <span class='ocrx_word' id='word_1_77' title='bbox 1863 1035 2045 1103; x_wconf 78' lang='grc' dir='ltr'>σφίσιν</span> 
     </span>
    </p>
   </div>
   <div class='ocr_carea' id='block_1_12' title="bbox 384 1129 2057 1203">
    <p class='ocr_par' dir='ltr' id='par_1_12' title="bbox 384 1129 2057 1203">
     <span class='ocr_line' id='line_1_12' title="bbox 384 1129 2057 1203; baseline -0.003 -16"><span class='ocrx_word' id='word_1_78' title='bbox 384 1197 386 1200; x_wconf 18' lang='grc' dir='ltr'>ν</span> <span class='ocrx_word' id='word_1_79' title='bbox 467 1135 656 1196; x_wconf 75' lang='grc' dir='ltr'>αὐτοῖς</span> <span class='ocrx_word' id='word_1_80' title='bbox 683 1132 924 1203; x_wconf 76' lang='grc' dir='ltr'>ἀσφαλὲς</span> <span class='ocrx_word' id='word_1_81' title='bbox 954 1132 1043 1186; x_wconf 74' lang='grc' dir='ltr'>διὰ</span> <span class='ocrx_word' id='word_1_82' title='bbox 1063 1133 1164 1203; x_wconf 80' lang='grc' dir='ltr'>τὴν</span> <span class='ocrx_word' id='word_1_83' title='bbox 1194 1131 1304 1186; x_wconf 84' lang='grc' dir='ltr'><strong>τῶν</strong></span> <span class='ocrx_word' id='word_1_84' title='bbox 1338 1130 1550 1202; x_wconf 78' lang='grc' dir='ltr'><strong>ἐχθρῶν</strong></span> <span class='ocrx_word' id='word_1_85' title='bbox 1571 1129 2057 1203; x_wconf 66' lang='grc' dir='ltr'>γειτνίασιν“(οὑδέ.</span> 
     </span>
    </p>
   </div>
   <div class='ocr_carea' id='block_1_13' title="bbox 466 1221 2041 1297">
    <p class='ocr_par' dir='ltr' id='par_1_13' title="bbox 466 1221 2041 1297">
     <span class='ocr_line' id='line_1_13' title="bbox 466 1221 2041 1297; baseline -0.001 -18"><span class='ocrx_word' id='word_1_86' title='bbox 466 1227 578 1296; x_wconf 73' lang='grc' dir='ltr'>γὰρ</span> <span class='ocrx_word' id='word_1_87' title='bbox 607 1221 678 1297; x_wconf 77' lang='grc' dir='ltr'>ἦν</span> <span class='ocrx_word' id='word_1_88' title='bbox 707 1228 944 1297; x_wconf 76' lang='grc' dir='ltr'>ἀρνειοῐς</span> <span class='ocrx_word' id='word_1_89' title='bbox 990 1227 1088 1280; x_wconf 72' lang='grc' dir='ltr'>καὶ</span> <span class='ocrx_word' id='word_1_90' title='bbox 1124 1225 1316 1289; x_wconf 82' lang='grc' dir='ltr'>λύκοις</span> <span class='ocrx_word' id='word_1_91' title='bbox 1345 1224 1501 1278; x_wconf 70' lang='grc' dir='ltr'>κοινὰ</span> <span class='ocrx_word' id='word_1_92' title='bbox 1535 1223 1808 1295; x_wconf 81' lang='grc' dir='ltr'>ταμέσθαι</span> <span class='ocrx_word' id='word_1_93' title='bbox 1849 1225 1919 1277; x_wconf 74' lang='grc' dir='ltr'>τὰ</span> <span class='ocrx_word' id='word_1_94' title='bbox 1945 1224 2041 1294; x_wconf 84' lang='grc' dir='ltr'><strong>ὄρ-</strong></span> 
     </span>
    </p>
   </div>
   <div class='ocr_carea' id='block_1_14' title="bbox 468 1316 2043 1391">
    <p class='ocr_par' dir='ltr' id='par_1_14' title="bbox 468 1316 2043 1391">
     <span class='ocr_line' id='line_1_14' title="bbox 468 1316 2043 1391; baseline -0.003 -17"><span class='ocrx_word' id='word_1_95' title='bbox 468 1322 609 1391; x_wconf 85' lang='grc' dir='ltr'>κια),</span> <span class='ocrx_word' id='word_1_96' title='bbox 663 1321 828 1389; x_wconf 79' lang='grc' dir='ltr'>ὅμως·</span> <span class='ocrx_word' id='word_1_97' title='bbox 871 1319 957 1373; x_wconf 82' lang='grc' dir='ltr'>διὰ</span> <span class='ocrx_word' id='word_1_98' title='bbox 1007 1319 1109 1390; x_wconf 68' lang='grc' dir='ltr'>τὴν</span> <span class='ocrx_word' id='word_1_99' title='bbox 1158 1319 1476 1388; x_wconf 78' lang='grc' dir='ltr'>ἐφεστῶσαν</span> <span class='ocrx_word' id='word_1_100' title='bbox 1527 1318 1774 1388; x_wconf 72' lang='grc' dir='ltr'>ἀνάγκην</span> <span class='ocrx_word' id='word_1_101' title='bbox 1804 1318 1904 1372; x_wconf 77' lang='grc' dir='ltr'>καὶ</span> <span class='ocrx_word' id='word_1_102' title='bbox 1948 1316 2043 1371; x_wconf 79' lang='grc' dir='ltr'><strong>τοῦ</strong></span> 
     </span>
    </p>
   </div>
   <div class='ocr_carea' id='block_1_15' title="bbox 470 1412 2042 1484">
    <p class='ocr_par' dir='ltr' id='par_1_15' title="bbox 470 1412 2042 1484">
     <span class='ocr_line' id='line_1_15' title="bbox 470 1412 2042 1484; baseline -0.001 -18"><span class='ocrx_word' id='word_1_103' title='bbox 470 1412 796 1484; x_wconf 75' lang='grc' dir='ltr'>ὑδρεύεσθαι</span> <span class='ocrx_word' id='word_1_104' title='bbox 809 1432 866 1469; x_wconf 85' lang='grc' dir='ltr'><strong>τε</strong></span> <span class='ocrx_word' id='word_1_105' title='bbox 891 1416 988 1469; x_wconf 76' lang='grc' dir='ltr'>καὶ</span> <span class='ocrx_word' id='word_1_106' title='bbox 1007 1414 1399 1484; x_wconf 71' lang='grc' dir='ltr'>κατασπείρειν</span> <span class='ocrx_word' id='word_1_107' title='bbox 1418 1413 1583 1466; x_wconf 70' lang='grc' dir='ltr'>ἕνεκα</span> <span class='ocrx_word' id='word_1_108' title='bbox 1600 1412 1824 1466; x_wconf 69' lang='grc' dir='ltr'>ἀνεκτὸν</span> <span class='ocrx_word' id='word_1_109' title='bbox 1845 1413 2042 1479; x_wconf 81' lang='grc' dir='ltr'>ἐδόκει,</span> 
     </span>
    </p>
   </div>
   <div class='ocr_carea' id='block_1_16' title="bbox 468 1503 2047 1576">
    <p class='ocr_par' dir='ltr' id='par_1_16' title="bbox 468 1503 2047 1576">
     <span class='ocr_line' id='line_1_16' title="bbox 468 1503 2047 1576; baseline -0.002 -17"><span class='ocrx_word' id='word_1_110' title='bbox 468 1507 565 1559; x_wconf 71' lang='grc' dir='ltr'>καὶ</span> <span class='ocrx_word' id='word_1_111' title='bbox 589 1505 1043 1574; x_wconf 75' lang='grc' dir='ltr'>συγκατέϐαινον.</span> <span class='ocrx_word' id='word_1_112' title='bbox 1074 1505 1189 1561; x_wconf 74' lang='grc' dir='ltr'><strong>Καὶ</strong></span> <span class='ocrx_word' id='word_1_113' title='bbox 1222 1505 1290 1576; x_wconf 73' lang='grc' dir='ltr'>δὴ</span> <span class='ocrx_word' id='word_1_114' title='bbox 1315 1504 1548 1568; x_wconf 74' lang='grc' dir='ltr'>πολλούς</span> <span class='ocrx_word' id='word_1_115' title='bbox 1580 1521 1729 1567; x_wconf 84' lang='grc' dir='ltr'>τινας</span> <span class='ocrx_word' id='word_1_116' title='bbox 1763 1503 1869 1556; x_wconf 79' lang='grc' dir='ltr'><strong>τῶν</strong></span> <span class='ocrx_word' id='word_1_117' title='bbox 1909 1505 2047 1575; x_wconf 81' lang='grc' dir='ltr'>Περ-</span> 
     </span>
    </p>
   </div>
   <div class='ocr_carea' id='block_1_17' title="bbox 468 1599 2046 1675">
    <p class='ocr_par' dir='ltr' id='par_1_17' title="bbox 468 1599 2046 1675">
     <span class='ocr_line' id='line_1_17' title="bbox 468 1599 2046 1675; baseline -0.002 -19"><span class='ocrx_word' id='word_1_118' title='bbox 468 1601 582 1657; x_wconf 75' lang='grc' dir='ltr'>σῶν</span> <span class='ocrx_word' id='word_1_119' title='bbox 610 1602 964 1673; x_wconf 77' lang='grc' dir='ltr'>ὑποδέχονται</span> <span class='ocrx_word' id='word_1_120' title='bbox 999 1603 1235 1675; x_wconf 58' lang='lat' dir='ltr'><strong>(surpuit;</strong></span> <span class='ocrx_word' id='word_1_121' title='bbox 1282 1602 1339 1656; x_wconf 78' lang='grc' dir='ltr'>δὲ</span> <span class='ocrx_word' id='word_1_122' title='bbox 1395 1603 1693 1672; x_wconf 82' lang='grc' dir='ltr'>χρημάτων</span> <span class='ocrx_word' id='word_1_123' title='bbox 1736 1601 1936 1664; x_wconf 82' lang='grc' dir='ltr'>αὐτῶν,</span> <span class='ocrx_word' id='word_1_124' title='bbox 1970 1599 2046 1663; x_wconf 84' lang='grc' dir='ltr'><strong>ὡς</strong></span> 
     </span>
    </p>
   </div>
   <div class='ocr_carea' id='block_1_18' title="bbox 469 1692 2043 1765">
    <p class='ocr_par' dir='ltr' id='par_1_18' title="bbox 469 1692 2043 1765">
     <span class='ocr_line' id='line_1_18' title="bbox 469 1692 2043 1765; baseline -0.003 -15"><span class='ocrx_word' id='word_1_125' title='bbox 469 1697 642 1763; x_wconf 78' lang='grc' dir='ltr'>είκὺς,</span> <span class='ocrx_word' id='word_1_126' title='bbox 679 1699 777 1752; x_wconf 83' lang='grc' dir='ltr'>σὺν</span> <span class='ocrx_word' id='word_1_127' title='bbox 811 1698 996 1762; x_wconf 80' lang='grc' dir='ltr'>αὐτοῖς</span> <span class='ocrx_word' id='word_1_128' title='bbox 1031 1692 1140 1750; x_wconf 73' lang='grc' dir='ltr'>εἶδέ</span> <span class='ocrx_word' id='word_1_129' title='bbox 1185 1714 1272 1759; x_wconf 82' lang='grc' dir='ltr'><strong>τις</strong></span> <span class='ocrx_word' id='word_1_130' title='bbox 1325 1695 1437 1765; x_wconf 76' lang='grc' dir='ltr'>ἂν),</span> <span class='ocrx_word' id='word_1_131' title='bbox 1480 1697 1632 1764; x_wconf 81' lang='grc' dir='ltr'>παρὰ</span> <span class='ocrx_word' id='word_1_132' title='bbox 1679 1693 1932 1748; x_wconf 85' lang='grc' dir='ltr'>τοσοῦτον</span> <span class='ocrx_word' id='word_1_133' title='bbox 1981 1692 2043 1746; x_wconf 81' lang='grc' dir='ltr'>οὐ</span> 
     </span>
    </p>
   </div>
   <div class='ocr_carea' id='block_1_19' title="bbox 2144 479 3699 553">
    <p class='ocr_par' dir='ltr' id='par_1_19' title="bbox 2144 479 3699 553">
     <span class='ocr_line' id='line_1_19' title="bbox 2144 479 3699 553; baseline 0.003 -21"><span class='ocrx_word' id='word_1_134' title='bbox 2144 480 2331 546; x_wconf 87' lang='grc' dir='ltr'>ϐανον,</span> <span class='ocrx_word' id='word_1_135' title='bbox 2357 483 2414 533; x_wconf 79' lang='grc' dir='ltr'><strong>ὀί</strong></span> <span class='ocrx_word' id='word_1_136' title='bbox 2435 481 2572 544; x_wconf 84' lang='grc' dir='ltr'>τέως</span> <span class='ocrx_word' id='word_1_137' title='bbox 2606 481 2782 534; x_wconf 85' lang='grc' dir='ltr'>ίκέται</span> <span class='ocrx_word' id='word_1_138' title='bbox 2804 479 3014 534; x_wconf 77' lang='grc' dir='ltr'>ἑαυτῶν</span> <span class='ocrx_word' id='word_1_139' title='bbox 3041 480 3280 547; x_wconf 88' lang='grc' dir='ltr'>γίνονται</span> <span class='ocrx_word' id='word_1_140' title='bbox 3323 479 3414 532; x_wconf 78' lang='grc' dir='ltr'>καὶ</span> <span class='ocrx_word' id='word_1_141' title='bbox 3445 479 3546 534; x_wconf 82' lang='grc' dir='ltr'><strong>τῶν</strong></span> <span class='ocrx_word' id='word_1_142' title='bbox 3577 500 3699 553; x_wconf 82' lang='grc' dir='ltr'>προ-</span> 
     </span>
    </p>
   </div>
   <div class='ocr_carea' id='block_1_20' title="bbox 2143 572 3699 646">
    <p class='ocr_par' dir='ltr' id='par_1_20' title="bbox 2143 572 3699 646">
     <span class='ocr_line' id='line_1_20' title="bbox 2143 572 3699 646; baseline 0.003 -21"><span class='ocrx_word' id='word_1_143' title='bbox 2143 572 2318 642; x_wconf 85' lang='grc' dir='ltr'>τέρων</span> <span class='ocrx_word' id='word_1_144' title='bbox 2360 574 2875 646; x_wconf 78' lang='grc' dir='ltr'>ἀναμιμνήσκονται</span> <span class='ocrx_word' id='word_1_145' title='bbox 2915 576 3010 629; x_wconf 83' lang='grc' dir='ltr'>καὶ</span> <span class='ocrx_word' id='word_1_146' title='bbox 3057 574 3360 646; x_wconf 79' lang='grc' dir='ltr'>ἐπιχειρεῖν</span> <span class='ocrx_word' id='word_1_147' title='bbox 3398 576 3506 638; x_wconf 88' lang='grc' dir='ltr'>τοῖς</span> <span class='ocrx_word' id='word_1_148' title='bbox 3537 592 3699 643; x_wconf 86' lang='grc' dir='ltr'>γειτο-</span> 
     </span>
    </p>
   </div>
   <div class='ocr_carea' id='block_1_21' title="bbox 2145 663 3707 739">
    <p class='ocr_par' dir='ltr' id='par_1_21' title="bbox 2145 663 3707 739">
     <span class='ocr_line' id='line_1_21' title="bbox 2145 663 3707 739; baseline 0.003 -18"><span class='ocrx_word' id='word_1_149' title='bbox 2145 667 2296 721; x_wconf 86' lang='grc' dir='ltr'>νοῦσι</span> <span class='ocrx_word' id='word_1_150' title='bbox 2329 666 2700 737; x_wconf 82' lang='grc' dir='ltr'>βουλεύονται.</span> <span class='ocrx_word' id='word_1_151' title='bbox 2738 663 2846 723; x_wconf 53' lang='grc' dir='ltr'><strong>τΗν</strong></span> <span class='ocrx_word' id='word_1_152' title='bbox 2872 668 2928 721; x_wconf 76' lang='grc' dir='ltr'>δὲ</span> <span class='ocrx_word' id='word_1_153' title='bbox 2966 667 3075 739; x_wconf 79' lang='grc' dir='ltr'>ἄρα</span> <span class='ocrx_word' id='word_1_154' title='bbox 3107 669 3167 721; x_wconf 77' lang='grc' dir='ltr'>τὸ</span> <span class='ocrx_word' id='word_1_155' title='bbox 3209 668 3452 738; x_wconf 75' lang='grc' dir='ltr'>σόφισμα</span> <span class='ocrx_word' id='word_1_156' title='bbox 3479 668 3707 725; x_wconf 73' lang='grc' dir='ltr'>καθἀὑ-</span> 
     </span>
    </p>
   </div>
   <div class='ocr_carea' id='block_1_22' title="bbox 2143 755 3701 830">
    <p class='ocr_par' dir='ltr' id='par_1_22' title="bbox 2143 755 3701 830">
     <span class='ocr_line' id='line_1_22' title="bbox 2143 755 3701 830; baseline 0.004 -20"><span class='ocrx_word' id='word_1_157' title='bbox 2143 755 2289 811; x_wconf 69' lang='grc' dir='ltr'><strong>’τῶν⁹</strong></span> <span class='ocrx_word' id='word_1_158' title='bbox 2351 761 2409 823; x_wconf 81' lang='grc' dir='ltr'>ἐξ</span> <span class='ocrx_word' id='word_1_159' title='bbox 2467 760 2582 812; x_wconf 83' lang='grc' dir='ltr'>ίσου</span> <span class='ocrx_word' id='word_1_160' title='bbox 2623 761 2731 830; x_wconf 80' lang='grc' dir='ltr'>γὰρ</span> <span class='ocrx_word' id='word_1_161' title='bbox 2765 760 2858 813; x_wconf 73' lang='grc' dir='ltr'>καὶ</span> <span class='ocrx_word' id='word_1_162' title='bbox 2910 759 3174 830; x_wconf 78' lang='grc' dir='ltr'>Ῥωμαῖοι</span> <span class='ocrx_word' id='word_1_163' title='bbox 3240 759 3701 827; x_wconf 79' lang='grc' dir='ltr'>ἀντεπιϐουλεύειν</span> 
     </span>
    </p>
   </div>
   <div class='ocr_carea' id='block_1_23' title="bbox 2149 837 3703 925">
    <p class='ocr_par' dir='ltr' id='par_1_23' title="bbox 2149 837 3703 925">
     <span class='ocr_line' id='line_1_23' title="bbox 2149 837 3703 925; baseline 0.003 -22"><span class='ocrx_word' id='word_1_164' title='bbox 2149 851 2380 916; x_wconf 80' lang='grc' dir='ltr'>ἐκείνοις</span> <span class='ocrx_word' id='word_1_165' title='bbox 2431 851 2647 922; x_wconf 83' lang='grc' dir='ltr'>ἔχοντες</span> <span class='ocrx_word' id='word_1_166' title='bbox 2691 837 2829 922; x_wconf 73' lang='grc' dir='ltr'>πρὸς</span> <span class='ocrx_word' id='word_1_167' title='bbox 2876 854 3036 906; x_wconf 75' lang='grc' dir='ltr'>τοῦτο</span> <span class='ocrx_word' id='word_1_168' title='bbox 3086 852 3183 906; x_wconf 57' lang='grc' dir='ltr'><strong>καὶ⁸</strong></span> <span class='ocrx_word' id='word_1_169' title='bbox 3219 852 3554 918; x_wconf 76' lang='grc' dir='ltr'>διυπνίζοντο</span> <span class='ocrx_word' id='word_1_170' title='bbox 3584 853 3703 925; x_wconf 86' lang='grc' dir='ltr'>παρ’</span> 
     </span>
    </p>
   </div>
   <div class='ocr_carea' id='block_1_24' title="bbox 2145 944 3701 1018">
    <p class='ocr_par' dir='ltr' id='par_1_24' title="bbox 2145 944 3701 1018">
     <span class='ocr_line' id='line_1_24' title="bbox 2145 944 3701 1018; baseline 0.002 -20"><span class='ocrx_word' id='word_1_171' title='bbox 2145 945 2396 1012; x_wconf 85' lang='grc' dir='ltr'>ἐκείνων,</span> <span class='ocrx_word' id='word_1_172' title='bbox 2427 945 2492 1018; x_wconf 79' lang='grc' dir='ltr'><strong>[Ρ</strong></span> <span class='ocrx_word' id='word_1_173' title='bbox 2523 944 2652 1018; x_wconf 69' lang='grc'><strong>281]</strong></span> <span class='ocrx_word' id='word_1_174' title='bbox 2684 945 2743 1000; x_wconf 79' lang='grc' dir='ltr'>τὸ</span> <span class='ocrx_word' id='word_1_175' title='bbox 2771 946 2973 1018; x_wconf 78' lang='grc' dir='ltr'>φθῆναι</span> <span class='ocrx_word' id='word_1_176' title='bbox 2999 945 3206 1016; x_wconf 82' lang='grc' dir='ltr'>πρᾶξαι</span> <span class='ocrx_word' id='word_1_177' title='bbox 3238 946 3392 1018; x_wconf 71' lang='grc' dir='ltr'>παρὰ</span> <span class='ocrx_word' id='word_1_178' title='bbox 3426 947 3483 999; x_wconf 82' lang='grc' dir='ltr'>τὸ</span> <span class='ocrx_word' id='word_1_179' title='bbox 3524 948 3701 1002; x_wconf 78' lang='grc' dir='ltr'>παθεῖν</span> 
     </span>
    </p>
   </div>
   <div class='ocr_carea' id='block_1_25' title="bbox 2145 1040 3704 1114">
    <p class='ocr_par' dir='ltr' id='par_1_25' title="bbox 2145 1040 3704 1114">
     <span class='ocr_line' id='line_1_25' title="bbox 2145 1040 3704 1114; baseline -0.001 -20"><span class='ocrx_word' id='word_1_180' title='bbox 2145 1040 2583 1114; x_wconf 79' lang='grc' dir='ltr'>κερδαλεώτερον</span> <span class='ocrx_word' id='word_1_181' title='bbox 2631 1041 2995 1113; x_wconf 79' lang='grc' dir='ltr'>ἡγησάμενοι.</span> <span class='ocrx_word' id='word_1_182' title='bbox 3050 1041 3158 1095; x_wconf 80' lang='grc' dir='ltr'><strong>Καὶ</strong></span> <span class='ocrx_word' id='word_1_183' title='bbox 3223 1040 3287 1112; x_wconf 78' lang='grc' dir='ltr'>δὴ</span> <span class='ocrx_word' id='word_1_184' title='bbox 3356 1040 3704 1110; x_wconf 86' lang='grc' dir='ltr'>προλαϐόντες</span> 
     </span>
    </p>
   </div>
   <div class='ocr_carea' id='block_1_26' title="bbox 2145 1134 3705 1208">
    <p class='ocr_par' dir='ltr' id='par_1_26' title="bbox 2145 1134 3705 1208">
     <span class='ocr_line' id='line_1_26' title="bbox 2145 1134 3705 1208; baseline 0.002 -21"><span class='ocrx_word' id='word_1_185' title='bbox 2145 1134 2245 1206; x_wconf 76' lang='grc' dir='ltr'>τὴν</span> <span class='ocrx_word' id='word_1_186' title='bbox 2298 1135 2593 1208; x_wconf 75' lang='grc' dir='ltr'>ἐπιϐουλὴν</span> <span class='ocrx_word' id='word_1_187' title='bbox 2647 1137 2932 1208; x_wconf 88' lang='grc' dir='ltr'>πέμπουσι</span> <span class='ocrx_word' id='word_1_188' title='bbox 2988 1135 3124 1207; x_wconf 83' lang='grc' dir='ltr'>πρὸς</span> <span class='ocrx_word' id='word_1_189' title='bbox 3175 1135 3266 1190; x_wconf 82' lang='grc' dir='ltr'>τὸν</span> <span class='ocrx_word' id='word_1_190' title='bbox 3317 1137 3567 1205; x_wconf 81' lang='grc' dir='ltr'>τηνικάδε</span> <span class='ocrx_word' id='word_1_191' title='bbox 3604 1136 3705 1190; x_wconf 83' lang='grc' dir='ltr'>τῶν</span> 
     </span>
    </p>
   </div>
   <div class='ocr_carea' id='block_1_27' title="bbox 2159 1220 3706 1301">
    <p class='ocr_par' dir='ltr' id='par_1_27' title="bbox 2159 1220 3706 1301">
     <span class='ocr_line' id='line_1_27' title="bbox 2159 1220 3706 1301; baseline 0.001 -21"><span class='ocrx_word' id='word_1_192' title='bbox 2159 1228 2488 1298; x_wconf 84' lang='grc' dir='ltr'>Ῥωμαῖκῶν</span> <span class='ocrx_word' id='word_1_193' title='bbox 2518 1220 2812 1300; x_wconf 81' lang='grc' dir='ltr'>ταγμάτων</span> <span class='ocrx_word' id='word_1_194' title='bbox 2833 1231 3072 1301; x_wconf 76' lang='grc' dir='ltr'>ἄρχοντα</span> <span class='ocrx_word' id='word_1_195' title='bbox 3096 1229 3459 1300; x_wconf 86' lang='grc' dir='ltr'>πριμικήριον</span> <span class='ocrx_word' id='word_1_196' title='bbox 3479 1230 3534 1295; x_wconf 80' lang='grc' dir='ltr'>ἐξ</span> <span class='ocrx_word' id='word_1_197' title='bbox 3555 1227 3706 1294; x_wconf 79' lang='grc' dir='ltr'><strong>ἁξιώ-</strong></span> 
     </span>
    </p>
   </div>
   <div class='ocr_carea' id='block_1_28' title="bbox 2151 1320 3708 1394">
    <p class='ocr_par' dir='ltr' id='par_1_28' title="bbox 2151 1320 3708 1394">
     <span class='ocr_line' id='line_1_28' title="bbox 2151 1320 3708 1394; baseline 0.002 -20"><span class='ocrx_word' id='word_1_198' title='bbox 2151 1337 2322 1390; x_wconf 84' lang='grc' dir='ltr'>ματος</span> <span class='ocrx_word' id='word_1_199' title='bbox 2349 1321 2450 1389; x_wconf 77' lang='grc' dir='ltr'><strong>τῆς</strong></span> <span class='ocrx_word' id='word_1_200' title='bbox 2498 1321 2688 1394; x_wconf 84' lang='grc' dir='ltr'>αὐλῆς.</span> <span class='ocrx_word' id='word_1_201' title='bbox 2730 1323 2842 1375; x_wconf 74' lang='grc' dir='ltr'><strong>Καὶ</strong></span> <span class='ocrx_word' id='word_1_202' title='bbox 2889 1321 3085 1386; x_wconf 81' lang='grc' dir='ltr'>νυκτὸς</span> <span class='ocrx_word' id='word_1_203' title='bbox 3117 1323 3327 1383; x_wconf 78' lang='grc' dir='ltr'>ἐκεῖνος</span> <span class='ocrx_word' id='word_1_204' title='bbox 3372 1320 3495 1376; x_wconf 79' lang='grc' dir='ltr'>λαὸν</span> <span class='ocrx_word' id='word_1_205' title='bbox 3538 1321 3708 1377; x_wconf 72' lang='grc' dir='ltr'>ἱκανὸν</span> 
     </span>
    </p>
   </div>
   <div class='ocr_carea' id='block_1_29' title="bbox 2148 1414 3713 1487">
    <p class='ocr_par' dir='ltr' id='par_1_29' title="bbox 2148 1414 3713 1487">
     <span class='ocr_line' id='line_1_29' title="bbox 2148 1414 3713 1487; baseline 0.004 -23"><span class='ocrx_word' id='word_1_206' title='bbox 2148 1414 2652 1484; x_wconf 60' lang='grc' dir='ltr'>ἐξετοιμιασάμενος</span> <span class='ocrx_word' id='word_1_207' title='bbox 2710 1415 3043 1486; x_wconf 82' lang='grc' dir='ltr'>προσϐάλλει</span> <span class='ocrx_word' id='word_1_208' title='bbox 3080 1416 3158 1487; x_wconf 80' lang='grc' dir='ltr'>τῷ</span> <span class='ocrx_word' id='word_1_209' title='bbox 3194 1416 3464 1487; x_wconf 83' lang='grc' dir='ltr'>φρουρίῳ,</span> <span class='ocrx_word' id='word_1_210' title='bbox 3497 1417 3588 1470; x_wconf 83' lang='grc' dir='ltr'>καὶ</span> <span class='ocrx_word' id='word_1_211' title='bbox 3624 1419 3713 1486; x_wconf 84' lang='grc' dir='ltr'><strong>ὲμ-</strong></span> 
     </span>
    </p>
   </div>
   <div class='ocr_carea' id='block_1_30' title="bbox 2149 1504 3712 1581">
    <p class='ocr_par' dir='ltr' id='par_1_30' title="bbox 2149 1504 3712 1581">
     <span class='ocr_line' id='line_1_30' title="bbox 2149 1504 3712 1581; baseline 0.003 -21"><span class='ocrx_word' id='word_1_212' title='bbox 2149 1508 2322 1578; x_wconf 80' lang='grc' dir='ltr'>φανὴς</span> <span class='ocrx_word' id='word_1_213' title='bbox 2349 1504 2417 1578; x_wconf 75' lang='grc' dir='ltr'>ἦν</span> <span class='ocrx_word' id='word_1_214' title='bbox 2444 1511 2559 1573; x_wconf 74' lang='grc' dir='ltr'>τοῖς</span> <span class='ocrx_word' id='word_1_215' title='bbox 2599 1511 2702 1578; x_wconf 83' lang='grc' dir='ltr'>μὲν</span> <span class='ocrx_word' id='word_1_216' title='bbox 2731 1509 3209 1580; x_wconf 84' lang='grc' dir='ltr'>προσδοκώμενος,</span> <span class='ocrx_word' id='word_1_217' title='bbox 3247 1512 3358 1574; x_wconf 85' lang='grc' dir='ltr'>τοῖς</span> <span class='ocrx_word' id='word_1_218' title='bbox 3383 1511 3428 1564; x_wconf 83' lang='grc' dir='ltr'>δ’</span> <span class='ocrx_word' id='word_1_219' title='bbox 3456 1509 3712 1581; x_wconf 75' lang='grc' dir='ltr'><strong>ἁπροσδό⁴</strong></span> 
     </span>
    </p>
   </div>
   <div class='ocr_carea' id='block_1_31' title="bbox 2148 1600 3711 1674">
    <p class='ocr_par' dir='ltr' id='par_1_31' title="bbox 2148 1600 3711 1674">
     <span class='ocr_line' id='line_1_31' title="bbox 2148 1600 3711 1674; baseline 0.001 -21"><span class='ocrx_word' id='word_1_220' title='bbox 2148 1611 2332 1670; x_wconf 80' lang='grc' dir='ltr'>κητος.</span> <span class='ocrx_word' id='word_1_221' title='bbox 2372 1601 2534 1656; x_wconf 81' lang='grc' dir='ltr'>Ὅθεν</span> <span class='ocrx_word' id='word_1_222' title='bbox 2583 1604 2676 1656; x_wconf 79' lang='grc' dir='ltr'><strong>καὶ</strong></span> <span class='ocrx_word' id='word_1_223' title='bbox 2712 1604 2760 1656; x_wconf 85' lang='lat' dir='ltr'><strong>oi</strong></span> <span class='ocrx_word' id='word_1_224' title='bbox 2795 1602 2898 1674; x_wconf 82' lang='grc' dir='ltr'>μὲν</span> <span class='ocrx_word' id='word_1_225' title='bbox 2949 1603 3203 1674; x_wconf 83' lang='grc' dir='ltr'>ἀσμένως</span> <span class='ocrx_word' id='word_1_226' title='bbox 3237 1600 3482 1673; x_wconf 85' lang='grc' dir='ltr'>δέχονται</span> <span class='ocrx_word' id='word_1_227' title='bbox 3511 1601 3711 1669; x_wconf 82' lang='grc' dir='ltr'>τοῦτον,</span> 
     </span>
    </p>
   </div>
   <div class='ocr_carea' id='block_1_32' title="bbox 2147 1695 3712 1769">
    <p class='ocr_par' dir='ltr' id='par_1_32' title="bbox 2147 1695 3712 1769">
     <span class='ocr_line' id='line_1_32' title="bbox 2147 1695 3712 1769; baseline 0.002 -22"><span class='ocrx_word' id='word_1_228' title='bbox 2147 1696 2261 1758; x_wconf 84' lang='grc' dir='ltr'>τοῖς</span> <span class='ocrx_word' id='word_1_229' title='bbox 2313 1695 2358 1748; x_wconf 85' lang='grc' dir='ltr'>δ’</span> <span class='ocrx_word' id='word_1_230' title='bbox 2393 1695 2685 1765; x_wconf 82' lang='grc' dir='ltr'>ἐφίσταται</span> <span class='ocrx_word' id='word_1_231' title='bbox 2733 1699 3105 1769; x_wconf 82' lang='grc' dir='ltr'>κοιμωμένοις</span> <span class='ocrx_word' id='word_1_232' title='bbox 3152 1696 3328 1762; x_wconf 79' lang='grc' dir='ltr'>δεινὸς</span> <span class='ocrx_word' id='word_1_233' title='bbox 3361 1698 3590 1768; x_wconf 79' lang='grc' dir='ltr'>ὄνειρος,</span> <span class='ocrx_word' id='word_1_234' title='bbox 3625 1697 3712 1751; x_wconf 72' lang='grc' dir='ltr'>καὶ</span> 
     </span>
    </p>
   </div>
   <div class='ocr_carea' id='block_1_33' title="bbox 471 1783 3427 1862">
    <p class='ocr_par' dir='ltr' id='par_1_33' title="bbox 471 1783 3427 1862">
     <span class='ocr_line' id='line_1_33' title="bbox 471 1783 3427 1862; baseline 0 -18"><span class='ocrx_word' id='word_1_235' title='bbox 471 1791 848 1855; x_wconf 75' lang='grc' dir='ltr'>συνοικοῦντες</span> <span class='ocrx_word' id='word_1_236' title='bbox 896 1794 1010 1855; x_wconf 84' lang='grc' dir='ltr'>τοῖς</span> <span class='ocrx_word' id='word_1_237' title='bbox 1054 1789 1355 1861; x_wconf 81' lang='grc' dir='ltr'>είσαχθεῖσι</span> <span class='ocrx_word' id='word_1_238' title='bbox 1406 1790 1535 1860; x_wconf 73' lang='grc' dir='ltr'>παρ’</span> <span class='ocrx_word' id='word_1_239' title='bbox 1566 1790 1690 1843; x_wconf 74' lang='grc' dir='ltr'>ὅσον</span> <span class='ocrx_word' id='word_1_240' title='bbox 1735 1788 1798 1841; x_wconf 85' lang='grc' dir='ltr'>τὸ</span> <span class='ocrx_word' id='word_1_241' title='bbox 1836 1783 2039 1859; x_wconf 79' lang='grc' dir='ltr'>μεταξὺ</span> <span class='ocrx_word' id='word_1_242' title='bbox 2074 1799 2117 1852; x_wconf 77' lang='grc' dir='ltr'><strong>Β</strong></span> <span class='ocrx_word' id='word_1_243' title='bbox 2146 1787 2399 1843; x_wconf 79' lang='grc' dir='ltr'>ἐντεῦθεν</span> <span class='ocrx_word' id='word_1_244' title='bbox 2430 1790 2756 1844; x_wconf 84' lang='grc' dir='ltr'>διατεθείκει</span> <span class='ocrx_word' id='word_1_245' title='bbox 2799 1793 2938 1860; x_wconf 78' lang='grc' dir='ltr'>σφᾶς</span> <span class='ocrx_word' id='word_1_246' title='bbox 2971 1791 3042 1846; x_wconf 85' lang='grc' dir='ltr'><strong>τὰ</strong></span> <span class='ocrx_word' id='word_1_247' title='bbox 3071 1792 3427 1862; x_wconf 82' lang='grc' dir='ltr'>παγχάλεπα.</span> 
     </span>
    </p>
   </div>
   <div class='ocr_carea' id='block_1_34' title="bbox 467 1882 2041 1956">
    <p class='ocr_par' dir='ltr' id='par_1_34' title="bbox 467 1882 2041 1956">
     <span class='ocr_line' id='line_1_34' title="bbox 467 1882 2041 1956; baseline -0.004 -17"><span class='ocrx_word' id='word_1_248' title='bbox 467 1887 648 1954; x_wconf 73' lang='grc' dir='ltr'>τεῖχος</span> <span class='ocrx_word' id='word_1_249' title='bbox 683 1886 822 1954; x_wconf 79' lang='grc' dir='ltr'>σφᾶς</span> <span class='ocrx_word' id='word_1_250' title='bbox 859 1886 954 1939; x_wconf 79' lang='grc' dir='ltr'><strong>ἀπ’</strong></span> <span class='ocrx_word' id='word_1_251' title='bbox 989 1883 1233 1956; x_wconf 81' lang='grc' dir='ltr'>ἀλλήλων</span> <span class='ocrx_word' id='word_1_252' title='bbox 1269 1884 1496 1955; x_wconf 83' lang='grc' dir='ltr'>διεῖργε.</span> <span class='ocrx_word' id='word_1_253' title='bbox 1527 1884 1679 1938; x_wconf 80' lang='grc' dir='ltr'>Κατά</span> <span class='ocrx_word' id='word_1_254' title='bbox 1707 1899 1829 1936; x_wconf 84' lang='grc' dir='ltr'>τινα</span> <span class='ocrx_word' id='word_1_255' title='bbox 1856 1882 1913 1935; x_wconf 84' lang='grc' dir='ltr'>δὲ</span> <span class='ocrx_word' id='word_1_256' title='bbox 1939 1898 2041 1933; x_wconf 85' lang='grc' dir='ltr'>πυ-</span> 
     </span>
    </p>
   </div>
   <div class='ocr_carea' id='block_1_35' title="bbox 468 1974 2037 2052">
    <p class='ocr_par' dir='ltr' id='par_1_35' title="bbox 468 1974 2037 2052">
     <span class='ocr_line' id='line_1_35' title="bbox 468 1974 2037 2052; baseline -0.001 -22"><span class='ocrx_word' id='word_1_257' title='bbox 468 1975 590 2031; x_wconf 89' lang='grc' dir='ltr'>λίδα</span> <span class='ocrx_word' id='word_1_258' title='bbox 636 1978 735 2031; x_wconf 69' lang='grc' dir='ltr'>καὶ</span> <span class='ocrx_word' id='word_1_259' title='bbox 783 1981 1145 2052; x_wconf 83' lang='grc' dir='ltr'>συμμετεῖχον</span> <span class='ocrx_word' id='word_1_260' title='bbox 1183 1977 1436 2049; x_wconf 82' lang='grc' dir='ltr'>ἀλλήλοις</span> <span class='ocrx_word' id='word_1_261' title='bbox 1489 1977 1642 2044; x_wconf 83' lang='grc' dir='ltr'>ἔνιοι,</span> <span class='ocrx_word' id='word_1_262' title='bbox 1685 1976 1761 2040; x_wconf 84' lang='grc' dir='ltr'>ὡς</span> <span class='ocrx_word' id='word_1_263' title='bbox 1800 1974 2037 2043; x_wconf 79' lang='grc' dir='ltr'>ἐλέγετο.</span> 
     </span>
    </p>
   </div>
   <div class='ocr_carea' id='block_1_36' title="bbox 467 2067 2039 2149">
    <p class='ocr_par' dir='ltr' id='par_1_36' title="bbox 467 2067 2039 2149">
     <span class='ocr_line' id='line_1_36' title="bbox 467 2067 2039 2149; baseline -0.002 -25"><span class='ocrx_word' id='word_1_264' title='bbox 467 2069 656 2127; x_wconf 80' lang='grc' dir='ltr'>ταῦτα</span> <span class='ocrx_word' id='word_1_265' title='bbox 705 2068 834 2142; x_wconf 80' lang='grc' dir='ltr'>γοῦν</span> <span class='ocrx_word' id='word_1_266' title='bbox 877 2071 1018 2146; x_wconf 77' lang='grc' dir='ltr'>ἦσαν</span> <span class='ocrx_word' id='word_1_267' title='bbox 1067 2075 1166 2127; x_wconf 74' lang='grc' dir='ltr'>ἐπὶ</span> <span class='ocrx_word' id='word_1_268' title='bbox 1219 2074 1434 2145; x_wconf 85' lang='grc' dir='ltr'>χρόνον,</span> <span class='ocrx_word' id='word_1_269' title='bbox 1471 2074 1568 2125; x_wconf 77' lang='grc' dir='ltr'>καὶ</span> <span class='ocrx_word' id='word_1_270' title='bbox 1612 2070 1903 2140; x_wconf 80' lang='grc' dir='ltr'>ἀνακωχὴν</span> <span class='ocrx_word' id='word_1_271' title='bbox 1932 2067 2039 2149; x_wconf 82' lang='grc' dir='ltr'><strong>τῶν</strong></span> 
     </span>
    </p>
   </div>
   <div class='ocr_carea' id='block_1_37' title="bbox 468 2156 2041 2238">
    <p class='ocr_par' dir='ltr' id='par_1_37' title="bbox 468 2156 2041 2238">
     <span class='ocr_line' id='line_1_37' title="bbox 468 2156 2041 2238; baseline -0.002 -20"><span class='ocrx_word' id='word_1_272' title='bbox 468 2156 671 2220; x_wconf 73' lang='grc' dir='ltr'>κακῶν</span> <span class='ocrx_word' id='word_1_273' title='bbox 691 2167 837 2221; x_wconf 86' lang='grc' dir='ltr'>κατὰ</span> <span class='ocrx_word' id='word_1_274' title='bbox 867 2167 928 2220; x_wconf 84' lang='grc' dir='ltr'><strong>τδ</strong></span> <span class='ocrx_word' id='word_1_275' title='bbox 956 2166 1217 2238; x_wconf 77' lang='grc' dir='ltr'>φρούριον</span> <span class='ocrx_word' id='word_1_276' title='bbox 1239 2164 1411 2238; x_wconf 75' lang='grc' dir='ltr'>εἶχον.</span> <span class='ocrx_word' id='word_1_277' title='bbox 1448 2167 1600 2218; x_wconf 82' lang='grc' dir='ltr'>Ἐπεὶ</span> <span class='ocrx_word' id='word_1_278' title='bbox 1631 2165 1688 2218; x_wconf 83' lang='grc' dir='ltr'>δὲ</span> <span class='ocrx_word' id='word_1_279' title='bbox 1723 2165 1789 2218; x_wconf 76' lang='grc' dir='ltr'>τὰ</span> <span class='ocrx_word' id='word_1_280' title='bbox 1818 2163 1914 2232; x_wconf 82' lang='grc' dir='ltr'>μὲν</span> <span class='ocrx_word' id='word_1_281' title='bbox 1941 2161 2041 2231; x_wconf 83' lang='grc' dir='ltr'>τῆς</span> 
     </span>
    </p>
   </div>
   <div class='ocr_carea' id='block_1_38' title="bbox 436 2250 2064 2338">
    <p class='ocr_par' dir='ltr' id='par_1_38' title="bbox 436 2250 2064 2338">
     <span class='ocr_line' id='line_1_38' title="bbox 436 2250 2064 2338; baseline -0.013 -10"><span class='ocrx_word' id='word_1_282' title='bbox 436 2258 661 2338; x_wconf 69' lang='grc' dir='ltr'><strong>,φήμης</strong></span> <span class='ocrx_word' id='word_1_283' title='bbox 697 2260 806 2317; x_wconf 74' lang='grc' dir='ltr'>τῶν</span> <span class='ocrx_word' id='word_1_284' title='bbox 841 2250 1101 2334; x_wconf 76' lang='grc' dir='ltr'>Τοχάρων</span> <span class='ocrx_word' id='word_1_285' title='bbox 1132 2260 1256 2317; x_wconf 82' lang='grc' dir='ltr'>κατ’</span> <span class='ocrx_word' id='word_1_286' title='bbox 1295 2260 1477 2329; x_wconf 82' lang='grc' dir='ltr'>ὀλίγον</span> <span class='ocrx_word' id='word_1_287' title='bbox 1518 2259 1780 2330; x_wconf 59' lang='grc' dir='ltr'><strong>⁴ἠσθένουν</strong></span> <span class='ocrx_word' id='word_1_288' title='bbox 1814 2256 1910 2311; x_wconf 68' lang='grc' dir='ltr'><strong>καλ⁵</strong></span> <span class='ocrx_word' id='word_1_289' title='bbox 1938 2257 2064 2326; x_wconf 68' lang='grc' dir='ltr'><strong>ἥδη</strong></span> 
     </span>
    </p>
   </div>
   <div class='ocr_carea' id='block_1_39' title="bbox 465 2439 2042 2517">
    <p class='ocr_par' dir='ltr' id='par_1_39' title="bbox 465 2439 2042 2517">
     <span class='ocr_line' id='line_1_39' title="bbox 465 2439 2042 2517; baseline -0.004 -20"><span class='ocrx_word' id='word_1_290' title='bbox 465 2441 745 2512; x_wconf 80' lang='lat' dir='ltr'><strong>perampla</strong></span> <span class='ocrx_word' id='word_1_291' title='bbox 771 2451 822 2497; x_wconf 91' lang='lat' dir='ltr'><strong>et</strong></span> <span class='ocrx_word' id='word_1_292' title='bbox 852 2439 1110 2496; x_wconf 80' lang='lat' dir='ltr'><strong>bifariam</strong></span> <span class='ocrx_word' id='word_1_293' title='bbox 1152 2441 1326 2496; x_wconf 78' lang='lat' dir='ltr'><strong>divisa</strong></span> <span class='ocrx_word' id='word_1_294' title='bbox 1371 2440 1607 2496; x_wconf 89' lang='lat' dir='ltr'><strong>munitio</strong></span> <span class='ocrx_word' id='word_1_295' title='bbox 1654 2447 1796 2505; x_wconf 89' lang='lat' dir='ltr'><strong>erat,</strong></span> <span class='ocrx_word' id='word_1_296' title='bbox 1829 2445 2042 2517; x_wconf 84' lang='lat' dir='ltr'><strong>partem</strong></span> 
     </span>
    </p>
   </div>
   <div class='ocr_carea' id='block_1_40' title="bbox 470 2530 2041 2606">
    <p class='ocr_par' dir='ltr' id='par_1_40' title="bbox 470 2530 2041 2606">
     <span class='ocr_line' id='line_1_40' title="bbox 470 2530 2041 2606; baseline -0.002 -18"><span class='ocrx_word' id='word_1_297' title='bbox 470 2550 657 2602; x_wconf 89' lang='lat' dir='ltr'><strong>unam,</strong></span> <span class='ocrx_word' id='word_1_298' title='bbox 719 2534 865 2605; x_wconf 85' lang='lat' dir='ltr'><strong>quod</strong></span> <span class='ocrx_word' id='word_1_299' title='bbox 912 2545 1027 2590; x_wconf 90' lang='lat' dir='ltr'><strong>tuto</strong></span> <span class='ocrx_word' id='word_1_300' title='bbox 1076 2534 1555 2606; x_wconf 75' lang='lat' dir='ltr'><strong>possent&#39;l&#39;acere,</strong></span> <span class='ocrx_word' id='word_1_301' title='bbox 1615 2532 1719 2588; x_wconf 86' lang='lat' dir='ltr'><strong>sibi</strong></span> <span class='ocrx_word' id='word_1_302' title='bbox 1773 2530 2041 2587; x_wconf 80' lang='lat' dir='ltr'><strong>concede-</strong></span> 
     </span>
    </p>
   </div>
   <div class='ocr_carea' id='block_1_41' title="bbox 465 2627 2038 2707">
    <p class='ocr_par' dir='ltr' id='par_1_41' title="bbox 465 2627 2038 2707">
     <span class='ocr_line' id='line_1_41' title="bbox 465 2627 2038 2707; baseline -0.003 -23"><span class='ocrx_word' id='word_1_303' title='bbox 465 2638 612 2685; x_wconf 78' lang='lat' dir='ltr'><strong>rent.</strong></span> <span class='ocrx_word' id='word_1_304' title='bbox 653 2627 786 2685; x_wconf 77' lang='lat' dir='ltr'><strong>Nam</strong></span> <span class='ocrx_word' id='word_1_305' title='bbox 842 2639 1204 2707; x_wconf 75' lang='lat' dir='ltr'><strong>praeterquam</strong></span> <span class='ocrx_word' id='word_1_306' title='bbox 1260 2629 1311 2684; x_wconf 93' lang='lat' dir='ltr'><strong>id</strong></span> <span class='ocrx_word' id='word_1_307' title='bbox 1343 2629 1467 2684; x_wconf 91' lang='lat' dir='ltr'><strong>sine</strong></span> <span class='ocrx_word' id='word_1_308' title='bbox 1510 2639 1612 2684; x_wconf 85' lang='lat' dir='ltr'><strong>suo</strong></span> <span class='ocrx_word' id='word_1_309' title='bbox 1669 2627 1780 2681; x_wconf 92' lang='lat' dir='ltr'><strong>ullo</strong></span> <span class='ocrx_word' id='word_1_310' title='bbox 1835 2627 2038 2681; x_wconf 87' lang='lat' dir='ltr'><strong>damno</strong></span> 
     </span>
    </p>
   </div>
   <div class='ocr_carea' id='block_1_42' title="bbox 467 2719 2035 2791">
    <p class='ocr_par' dir='ltr' id='par_1_42' title="bbox 467 2719 2035 2791">
     <span class='ocr_line' id='line_1_42' title="bbox 467 2719 2035 2791; baseline -0.004 -13"><span class='ocrx_word' id='word_1_311' title='bbox 467 2721 717 2779; x_wconf 79' lang='lat' dir='ltr'><strong>facturos</strong></span> <span class='ocrx_word' id='word_1_312' title='bbox 767 2725 872 2779; x_wconf 88' lang='lat' dir='ltr'><strong>lide</strong></span> <span class='ocrx_word' id='word_1_313' title='bbox 903 2724 1009 2780; x_wconf 87' lang='lat' dir='ltr'><strong>illis</strong></span> <span class='ocrx_word' id='word_1_314' title='bbox 1042 2738 1246 2778; x_wconf 85' lang='lat' dir='ltr'><strong>cavere</strong></span> <span class='ocrx_word' id='word_1_315' title='bbox 1307 2721 1657 2779; x_wconf 80' lang='lat' dir='ltr'><strong>sanctissima</strong></span> <span class='ocrx_word' id='word_1_316' title='bbox 1712 2719 2035 2791; x_wconf 91' lang='lat' dir='ltr'><strong>spondebat,</strong></span> 
     </span>
    </p>
   </div>
   <div class='ocr_carea' id='block_1_43' title="bbox 469 2808 2041 2889">
    <p class='ocr_par' dir='ltr' id='par_1_43' title="bbox 469 2808 2041 2889">
     <span class='ocr_line' id='line_1_43' title="bbox 469 2808 2041 2889; baseline -0.003 -16"><span class='ocrx_word' id='word_1_317' title='bbox 469 2808 634 2889; x_wconf 83' lang='lat' dir='ltr'><strong>etiam</strong></span> <span class='ocrx_word' id='word_1_318' title='bbox 661 2827 854 2872; x_wconf 82' lang='lat' dir='ltr'><strong>contra</strong></span> <span class='ocrx_word' id='word_1_319' title='bbox 881 2817 1208 2888; x_wconf 72' lang='lat' dir='ltr'><strong>periurium,</strong></span> <span class='ocrx_word' id='word_1_320' title='bbox 1244 2817 1289 2872; x_wconf 89' lang='lat' dir='ltr'><strong>si</strong></span> <span class='ocrx_word' id='word_1_321' title='bbox 1314 2818 1458 2887; x_wconf 90' lang='lat' dir='ltr'><strong>quod</strong></span> <span class='ocrx_word' id='word_1_322' title='bbox 1482 2823 1890 2888; x_wconf 83' lang='lat' dir='ltr'><strong>suspectarent,</strong></span> <span class='ocrx_word' id='word_1_323' title='bbox 1922 2829 2041 2870; x_wconf 91' lang='lat' dir='ltr'><strong>cer-</strong></span> 
     </span>
    </p>
   </div>
   <div class='ocr_carea' id='block_1_44' title="bbox 467 2909 2038 2982">
    <p class='ocr_par' dir='ltr' id='par_1_44' title="bbox 467 2909 2038 2982">
     <span class='ocr_line' id='line_1_44' title="bbox 467 2909 2038 2982; baseline -0.002 -16"><span class='ocrx_word' id='word_1_324' title='bbox 467 2920 583 2966; x_wconf 88' lang='lat' dir='ltr'><strong>tum</strong></span> <span class='ocrx_word' id='word_1_325' title='bbox 634 2911 905 2968; x_wconf 87' lang='lat' dir='ltr'><strong>haberent</strong></span> <span class='ocrx_word' id='word_1_326' title='bbox 971 2913 1288 2982; x_wconf 70' lang='lat' dir='ltr'><strong>prtesidium</strong></span> <span class='ocrx_word' id='word_1_327' title='bbox 1349 2913 1491 2968; x_wconf 89' lang='lat' dir='ltr'><strong>muri</strong></span> <span class='ocrx_word' id='word_1_328' title='bbox 1544 2909 1870 2974; x_wconf 80' lang='lat' dir='ltr'><strong>firmissimi,</strong></span> <span class='ocrx_word' id='word_1_329' title='bbox 1928 2923 2038 2979; x_wconf 85' lang='lat' dir='ltr'><strong>quo</strong></span> 
     </span>
    </p>
   </div>
   <div class='ocr_carea' id='block_1_45' title="bbox 465 2996 2038 3076">
    <p class='ocr_par' dir='ltr' id='par_1_45' title="bbox 465 2996 2038 3076">
     <span class='ocr_line' id='line_1_45' title="bbox 465 2996 2038 3076; baseline -0.003 -15"><span class='ocrx_word' id='word_1_330' title='bbox 465 3006 608 3072; x_wconf 60' lang='lat' dir='ltr'><strong>dum,</strong></span> <span class='ocrx_word' id='word_1_331' title='bbox 645 2996 713 3062; x_wconf 78' lang='lat' dir='ltr'><strong>de</strong></span> <span class='ocrx_word' id='word_1_332' title='bbox 742 3006 940 3076; x_wconf 84' lang='lat' dir='ltr'><strong>quibus</strong></span> <span class='ocrx_word' id='word_1_333' title='bbox 972 3015 1056 3062; x_wconf 91' lang='lat' dir='ltr'><strong>est</strong></span> <span class='ocrx_word' id='word_1_334' title='bbox 1090 3007 1316 3069; x_wconf 86' lang='lat' dir='ltr'><strong>dictum,</strong></span> <span class='ocrx_word' id='word_1_335' title='bbox 1355 3006 1503 3062; x_wconf 88' lang='lat' dir='ltr'><strong>arcis</strong></span> <span class='ocrx_word' id='word_1_336' title='bbox 1539 3007 1710 3060; x_wconf 87' lang='lat' dir='ltr'><strong>unius</strong></span> <span class='ocrx_word' id='word_1_337' title='bbox 1748 3014 1941 3075; x_wconf 84' lang='lat' dir='ltr'><strong>partes</strong></span> <span class='ocrx_word' id='word_1_338' title='bbox 1970 3004 2038 3056; x_wconf 88' lang='lat' dir='ltr'><strong>ab</strong></span> 
     </span>
    </p>
   </div>
   <div class='ocr_carea' id='block_1_46' title="bbox 467 3099 2036 3159">
    <p class='ocr_par' dir='ltr' id='par_1_46' title="bbox 467 3099 2036 3159">
     <span class='ocr_line' id='line_1_46' title="bbox 467 3099 2036 3159; baseline -0.002 -2"><span class='ocrx_word' id='word_1_339' title='bbox 467 3102 701 3158; x_wconf 78' lang='lat' dir='ltr'><strong>invicem</strong></span> <span class='ocrx_word' id='word_1_340' title='bbox 731 3102 1195 3159; x_wconf 87' lang='lat' dir='ltr'><strong>discluderentur.</strong></span> <span class='ocrx_word' id='word_1_341' title='bbox 1235 3101 1312 3157; x_wconf 78' lang='lat' dir='ltr'><strong>Ea</strong></span> <span class='ocrx_word' id='word_1_342' title='bbox 1349 3103 1521 3157; x_wconf 89' lang='lat' dir='ltr'><strong>nostri</strong></span> <span class='ocrx_word' id='word_1_343' title='bbox 1557 3101 1850 3157; x_wconf 72' lang='lat' dir='ltr'><strong>audientes</strong></span> <span class='ocrx_word' id='word_1_344' title='bbox 1889 3099 2036 3155; x_wconf 89' lang='lat' dir='ltr'><strong>haud</strong></span> 
     </span>
    </p>
   </div>
   <div class='ocr_carea' id='block_1_47' title="bbox 2147 1899 3713 1973">
    <p class='ocr_par' dir='ltr' id='par_1_47' title="bbox 2147 1899 3713 1973">
     <span class='ocr_line' id='line_1_47' title="bbox 2147 1899 3713 1973; baseline 0.004 -21"><span class='ocrx_word' id='word_1_345' title='bbox 2147 1899 2232 1966; x_wconf 79' lang='grc' dir='ltr'>ιζ’.</span> <span class='ocrx_word' id='word_1_346' title='bbox 2266 1902 2403 1971; x_wconf 74' lang='grc' dir='ltr'>Περὶ</span> <span class='ocrx_word' id='word_1_347' title='bbox 2429 1900 2538 1971; x_wconf 82' lang='grc' dir='ltr'><strong>τῆς</strong></span> <span class='ocrx_word' id='word_1_348' title='bbox 2570 1904 2676 1958; x_wconf 82' lang='grc' dir='ltr'>τοῦ</span> <span class='ocrx_word' id='word_1_349' title='bbox 2696 1903 3005 1969; x_wconf 77' lang='grc' dir='ltr'>βασιλέως</span> <span class='ocrx_word' id='word_1_350' title='bbox 3029 1902 3272 1973; x_wconf 77' lang='grc' dir='ltr'>Μιχαὴλ</span> <span class='ocrx_word' id='word_1_351' title='bbox 3293 1906 3380 1971; x_wconf 75' lang='grc' dir='ltr'>εἰς</span> <span class='ocrx_word' id='word_1_352' title='bbox 3403 1903 3520 1972; x_wconf 81' lang='grc' dir='ltr'><strong>τὴν</strong></span> <span class='ocrx_word' id='word_1_353' title='bbox 3541 1905 3713 1958; x_wconf 73' lang='grc' dir='ltr'>πόλιν</span> 
     </span>
    </p>
   </div>
   <div class='ocr_carea' id='block_1_48' title="bbox 2698 1976 3262 2041">
    <p class='ocr_par' dir='ltr' id='par_1_48' title="bbox 2698 1976 3262 2041">
     <span class='ocr_line' id='line_1_48' title="bbox 2698 1976 3262 2041; baseline -0.002 -13"><span class='ocrx_word' id='word_1_354' title='bbox 2698 1976 3179 2041; x_wconf 77' lang='grc' dir='ltr'>ἑπανελεύσεως.</span> <span class='ocrx_word' id='word_1_355' title='bbox 3253 1993 3262 2027; x_wconf 73' lang='grc' dir='ltr'>ξ</span> 
     </span>
    </p>
   </div>
   <div class='ocr_carea' id='block_1_49' title="bbox 2228 2065 3713 2142">
    <p class='ocr_par' dir='ltr' id='par_1_49' title="bbox 2228 2065 3713 2142">
     <span class='ocr_line' id='line_1_49' title="bbox 2228 2065 3713 2142; baseline 0.002 -23"><span class='ocrx_word' id='word_1_356' title='bbox 2228 2065 2287 2119; x_wconf 85' lang='grc' dir='ltr'>Ὀ</span> <span class='ocrx_word' id='word_1_357' title='bbox 2329 2067 2513 2137; x_wconf 80' lang='grc' dir='ltr'>μέντοι</span> <span class='ocrx_word' id='word_1_358' title='bbox 2548 2085 2609 2136; x_wconf 86' lang='grc' dir='ltr'><strong>γε</strong></span> <span class='ocrx_word' id='word_1_359' title='bbox 2640 2067 2897 2139; x_wconf 84' lang='grc' dir='ltr'>βασιλεὺς</span> <span class='ocrx_word' id='word_1_360' title='bbox 2943 2070 3167 2141; x_wconf 81' lang='grc' dir='ltr'>Μιχαὴλ</span> <span class='ocrx_word' id='word_1_361' title='bbox 3216 2071 3415 2142; x_wconf 76' lang='grc' dir='ltr'>ῥαΐσας</span> <span class='ocrx_word' id='word_1_362' title='bbox 3446 2070 3541 2140; x_wconf 78' lang='grc' dir='ltr'>τῆς</span> <span class='ocrx_word' id='word_1_363' title='bbox 3565 2069 3713 2124; x_wconf 82' lang='grc' dir='ltr'>νόσου</span> 
     </span>
    </p>
   </div>
   <div class='ocr_carea' id='block_1_50' title="bbox 2143 2158 3715 2235">
    <p class='ocr_par' dir='ltr' id='par_1_50' title="bbox 2143 2158 3715 2235">
     <span class='ocr_line' id='line_1_50' title="bbox 2143 2158 3715 2235; baseline 0.003 -24"><span class='ocrx_word' id='word_1_364' title='bbox 2143 2158 2226 2211; x_wconf 69' lang='grc' dir='ltr'>ἔτι</span> <span class='ocrx_word' id='word_1_365' title='bbox 2258 2159 2357 2230; x_wconf 79' lang='grc' dir='ltr'>μὲν</span> <span class='ocrx_word' id='word_1_366' title='bbox 2396 2160 2549 2231; x_wconf 81' lang='grc' dir='ltr'>παρὰ</span> <span class='ocrx_word' id='word_1_367' title='bbox 2575 2163 2694 2225; x_wconf 84' lang='grc' dir='ltr'>ταῖς</span> <span class='ocrx_word' id='word_1_368' title='bbox 2728 2164 2942 2232; x_wconf 78' lang='grc' dir='ltr'><strong>Πηγαῖς</strong></span> <span class='ocrx_word' id='word_1_369' title='bbox 2977 2159 3064 2231; x_wconf 76' lang='grc' dir='ltr'>ἦν,</span> <span class='ocrx_word' id='word_1_370' title='bbox 3092 2164 3186 2217; x_wconf 75' lang='grc' dir='ltr'><strong>καὶ</strong></span> <span class='ocrx_word' id='word_1_371' title='bbox 3213 2163 3291 2233; x_wconf 90' lang='grc' dir='ltr'>τῷ</span> <span class='ocrx_word' id='word_1_372' title='bbox 3326 2163 3553 2235; x_wconf 77' lang='grc' dir='ltr'>μεγάλῳ</span> <span class='ocrx_word' id='word_1_373' title='bbox 3572 2163 3715 2218; x_wconf 82' lang='grc' dir='ltr'>δουκὶ</span> 
     </span>
    </p>
   </div>
   <div class='ocr_carea' id='block_1_51' title="bbox 2144 2254 3715 2329">
    <p class='ocr_par' dir='ltr' id='par_1_51' title="bbox 2144 2254 3715 2329">
     <span class='ocr_line' id='line_1_51' title="bbox 2144 2254 3715 2329; baseline 0.004 -22"><span class='ocrx_word' id='word_1_374' title='bbox 2144 2255 2500 2324; x_wconf 79' lang='grc' dir='ltr'>προσελθόντι</span> <span class='ocrx_word' id='word_1_375' title='bbox 2556 2258 2619 2311; x_wconf 87' lang='grc' dir='ltr'><strong>ἐκ</strong></span> <span class='ocrx_word' id='word_1_376' title='bbox 2677 2258 2772 2311; x_wconf 80' lang='grc' dir='ltr'>τοῦ</span> <span class='ocrx_word' id='word_1_377' title='bbox 2822 2258 2962 2312; x_wconf 81' lang='grc' dir='ltr'>κατὰ</span> <span class='ocrx_word' id='word_1_378' title='bbox 3008 2258 3108 2328; x_wconf 79' lang='grc' dir='ltr'>τὴν</span> <span class='ocrx_word' id='word_1_379' title='bbox 3157 2258 3400 2326; x_wconf 77' lang='grc' dir='ltr'>Κύζικον</span> <span class='ocrx_word' id='word_1_380' title='bbox 3435 2258 3546 2313; x_wconf 84' lang='grc' dir='ltr'>τῶν</span> <span class='ocrx_word' id='word_1_381' title='bbox 3581 2254 3715 2329; x_wconf 79' lang='grc' dir='ltr'>ἀμφ’</span> 
     </span>
    </p>
   </div>
   <div class='ocr_carea' id='block_1_52' title="bbox 2141 2435 3716 2511">
    <p class='ocr_par' dir='ltr' id='par_1_52' title="bbox 2141 2435 3716 2511">
     <span class='ocr_line' id='line_1_52' title="bbox 2141 2435 3716 2511; baseline 0.001 -19"><span class='ocrx_word' id='word_1_382' title='bbox 2141 2452 2256 2492; x_wconf 87' lang='lat' dir='ltr'><strong>rem</strong></span> <span class='ocrx_word' id='word_1_383' title='bbox 2303 2435 2544 2492; x_wconf 90' lang='lat' dir='ltr'><strong>venitur.</strong></span> <span class='ocrx_word' id='word_1_384' title='bbox 2599 2436 2983 2493; x_wconf 80' lang='lat' dir='ltr'><strong>Admittuntur</strong></span> <span class='ocrx_word' id='word_1_385' title='bbox 3033 2438 3086 2494; x_wconf 91' lang='lat' dir='ltr'><strong>in</strong></span> <span class='ocrx_word' id='word_1_386' title='bbox 3141 2447 3351 2511; x_wconf 81' lang='lat' dir='ltr'><strong>partem</strong></span> <span class='ocrx_word' id='word_1_387' title='bbox 3419 2437 3716 2494; x_wconf 26' lang='lat' dir='ltr'><strong>.Sardensis</strong></span> 
     </span>
    </p>
   </div>
   <div class='ocr_carea' id='block_1_53' title="bbox 2140 2530 3717 2605">
    <p class='ocr_par' dir='ltr' id='par_1_53' title="bbox 2140 2530 3717 2605">
     <span class='ocr_line' id='line_1_53' title="bbox 2140 2530 3717 2605; baseline 0.001 -21"><span class='ocrx_word' id='word_1_388' title='bbox 2140 2531 2288 2585; x_wconf 86' lang='lat' dir='ltr'><strong>arcis</strong></span> <span class='ocrx_word' id='word_1_389' title='bbox 2323 2530 2505 2588; x_wconf 70' lang='lat' dir='ltr'><strong>Persa:</strong></span> <span class='ocrx_word' id='word_1_390' title='bbox 2532 2548 2637 2586; x_wconf 90' lang='lat' dir='ltr'><strong>non</strong></span> <span class='ocrx_word' id='word_1_391' title='bbox 2677 2534 2858 2602; x_wconf 85' lang='lat' dir='ltr'><strong>pauci.</strong></span> <span class='ocrx_word' id='word_1_392' title='bbox 2894 2531 3005 2589; x_wconf 88' lang='lat' dir='ltr'><strong>llos</strong></span> <span class='ocrx_word' id='word_1_393' title='bbox 3035 2549 3062 2587; x_wconf 91' lang='lat' dir='ltr'><strong>a</strong></span> <span class='ocrx_word' id='word_1_394' title='bbox 3095 2530 3361 2588; x_wconf 79' lang='lat' dir='ltr'><strong>Romanis</strong></span> <span class='ocrx_word' id='word_1_395' title='bbox 3396 2533 3717 2605; x_wconf 87' lang='lat' dir='ltr'><strong>segregabat</strong></span> 
     </span>
    </p>
   </div>
   <div class='ocr_carea' id='block_1_54' title="bbox 2143 2626 3712 2697">
    <p class='ocr_par' dir='ltr' id='par_1_54' title="bbox 2143 2626 3712 2697">
     <span class='ocr_line' id='line_1_54' title="bbox 2143 2626 3712 2697; baseline -0.001 -15"><span class='ocrx_word' id='word_1_396' title='bbox 2143 2641 2334 2683; x_wconf 87' lang='lat' dir='ltr'><strong>murus</strong></span> <span class='ocrx_word' id='word_1_397' title='bbox 2383 2626 2600 2697; x_wconf 90' lang='lat' dir='ltr'><strong>longus,</strong></span> <span class='ocrx_word' id='word_1_398' title='bbox 2649 2635 2858 2689; x_wconf 89' lang='lat' dir='ltr'><strong>tamen,</strong></span> <span class='ocrx_word' id='word_1_399' title='bbox 2911 2636 2964 2682; x_wconf 90' lang='lat' dir='ltr'><strong>ut</strong></span> <span class='ocrx_word' id='word_1_400' title='bbox 2993 2626 3180 2692; x_wconf 83' lang='lat' dir='ltr'><strong>audio,</strong></span> <span class='ocrx_word' id='word_1_401' title='bbox 3235 2631 3457 2697; x_wconf 77' lang='lat' dir='ltr'><strong>posuco</strong></span> <span class='ocrx_word' id='word_1_402' title='bbox 3504 2626 3712 2696; x_wconf 85' lang='lat' dir='ltr'><strong>uspiam</strong></span> 
     </span>
    </p>
   </div>
   <div class='ocr_carea' id='block_1_55' title="bbox 2139 2714 3718 2790">
    <p class='ocr_par' dir='ltr' id='par_1_55' title="bbox 2139 2714 3718 2790">
     <span class='ocr_line' id='line_1_55' title="bbox 2139 2714 3718 2790; baseline -0.003 -17"><span class='ocrx_word' id='word_1_403' title='bbox 2139 2719 2385 2790; x_wconf 83' lang='lat' dir='ltr'><strong>pervius.</strong></span> <span class='ocrx_word' id='word_1_404' title='bbox 2413 2714 2580 2773; x_wconf 81' lang='lat' dir='ltr'><strong>Stetit</strong></span> <span class='ocrx_word' id='word_1_405' title='bbox 2612 2717 2725 2774; x_wconf 84' lang='lat' dir='ltr'><strong>haec</strong></span> <span class='ocrx_word' id='word_1_406' title='bbox 2749 2717 3068 2785; x_wconf 81' lang='lat' dir='ltr'><strong>aliquandiu</strong></span> <span class='ocrx_word' id='word_1_407' title='bbox 3096 2718 3352 2783; x_wconf 74' lang='lat' dir='ltr'><strong>societas,</strong></span> <span class='ocrx_word' id='word_1_408' title='bbox 3386 2717 3554 2786; x_wconf 83' lang='lat' dir='ltr'><strong>quam</strong></span> <span class='ocrx_word' id='word_1_409' title='bbox 3589 2729 3718 2771; x_wconf 78' lang='lat' dir='ltr'><strong>cou-</strong></span> 
     </span>
    </p>
   </div>
   <div class='ocr_carea' id='block_1_56' title="bbox 2139 2798 3722 2884">
    <p class='ocr_par' dir='ltr' id='par_1_56' title="bbox 2139 2798 3722 2884">
     <span class='ocr_line' id='line_1_56' title="bbox 2139 2798 3722 2884; baseline -0.001 -20"><span class='ocrx_word' id='word_1_410' title='bbox 2139 2798 2508 2884; x_wconf 79' lang='lat' dir='ltr'><strong>glutinaverat</strong></span> <span class='ocrx_word' id='word_1_411' title='bbox 2548 2811 2673 2865; x_wconf 91' lang='lat' dir='ltr'><strong>hinc</strong></span> <span class='ocrx_word' id='word_1_412' title='bbox 2696 2812 2919 2881; x_wconf 87' lang='lat' dir='ltr'><strong>quidem</strong></span> <span class='ocrx_word' id='word_1_413' title='bbox 2959 2820 3174 2883; x_wconf 75' lang='lat' dir='ltr'><strong>egestas</strong></span> <span class='ocrx_word' id='word_1_414' title='bbox 3207 2825 3434 2882; x_wconf 81' lang='lat' dir='ltr'><strong>urgens,</strong></span> <span class='ocrx_word' id='word_1_415' title='bbox 3467 2810 3596 2865; x_wconf 90' lang='lat' dir='ltr'><strong>inde</strong></span> <span class='ocrx_word' id='word_1_416' title='bbox 3630 2824 3722 2864; x_wconf 85' lang='lat' dir='ltr'><strong>au-</strong></span> 
     </span>
    </p>
   </div>
   <div class='ocr_carea' id='block_1_57' title="bbox 2141 2906 3717 2980">
    <p class='ocr_par' dir='ltr' id='par_1_57' title="bbox 2141 2906 3717 2980">
     <span class='ocr_line' id='line_1_57' title="bbox 2141 2906 3717 2980; baseline -0.001 -19"><span class='ocrx_word' id='word_1_417' title='bbox 2141 2919 2249 2964; x_wconf 92' lang='lat' dir='ltr'><strong>tem</strong></span> <span class='ocrx_word' id='word_1_418' title='bbox 2286 2916 2464 2964; x_wconf 89' lang='lat' dir='ltr'><strong>metus</strong></span> <span class='ocrx_word' id='word_1_419' title='bbox 2497 2909 2780 2980; x_wconf 78' lang='lat' dir='ltr'><strong>ingruens,</strong></span> <span class='ocrx_word' id='word_1_420' title='bbox 2816 2916 3028 2974; x_wconf 88' lang='lat' dir='ltr'><strong>neuter,</strong></span> <span class='ocrx_word' id='word_1_421' title='bbox 3062 2909 3106 2964; x_wconf 91' lang='lat' dir='ltr'><strong>sl</strong></span> <span class='ocrx_word' id='word_1_422' title='bbox 3135 2922 3196 2964; x_wconf 88' lang='lat' dir='ltr'><strong>se</strong></span> <span class='ocrx_word' id='word_1_423' title='bbox 3229 2909 3574 2974; x_wconf 88' lang='lat' dir='ltr'><strong>remiserint,</strong></span> <span class='ocrx_word' id='word_1_424' title='bbox 3598 2906 3717 2963; x_wconf 87' lang='lat' dir='ltr'><strong>diu-</strong></span> 
     </span>
    </p>
   </div>
   <div class='ocr_carea' id='block_1_58' title="bbox 2140 2997 3717 3070">
    <p class='ocr_par' dir='ltr' id='par_1_58' title="bbox 2140 2997 3717 3070">
     <span class='ocr_line' id='line_1_58' title="bbox 2140 2997 3717 3070; baseline 0.001 -17"><span class='ocrx_word' id='word_1_425' title='bbox 2140 2999 2287 3054; x_wconf 88' lang='lat' dir='ltr'><strong>turni</strong></span> <span class='ocrx_word' id='word_1_426' title='bbox 2349 2998 2612 3070; x_wconf 74' lang='lat' dir='ltr'><strong>magister</strong></span> <span class='ocrx_word' id='word_1_427' title='bbox 2656 2997 2839 3054; x_wconf 85' lang='lat' dir='ltr'><strong>olIicii.</strong></span> <span class='ocrx_word' id='word_1_428' title='bbox 2873 2997 3013 3068; x_wconf 83' lang='lat' dir='ltr'><strong>Ergo</strong></span> <span class='ocrx_word' id='word_1_429' title='bbox 3063 3013 3188 3056; x_wconf 90' lang='lat' dir='ltr'><strong>cum</strong></span> <span class='ocrx_word' id='word_1_430' title='bbox 3234 2999 3391 3070; x_wconf 86' lang='lat' dir='ltr'><strong>lapsu</strong></span> <span class='ocrx_word' id='word_1_431' title='bbox 3449 3001 3717 3070; x_wconf 85' lang='lat' dir='ltr'><strong>temporis</strong></span> 
     </span>
    </p>
   </div>
   <div class='ocr_carea' id='block_1_59' title="bbox 2145 3085 3720 3166">
    <p class='ocr_par' dir='ltr' id='par_1_59' title="bbox 2145 3085 3720 3166">
     <span class='ocr_line' id='line_1_59' title="bbox 2145 3085 3720 3166; baseline 0.002 -21"><span class='ocrx_word' id='word_1_432' title='bbox 2145 3090 2379 3147; x_wconf 77' lang='lat' dir='ltr'><strong>formido</strong></span> <span class='ocrx_word' id='word_1_433' title='bbox 2423 3106 2586 3162; x_wconf 88' lang='lat' dir='ltr'><strong>quam</strong></span> <span class='ocrx_word' id='word_1_434' title='bbox 2624 3092 2784 3147; x_wconf 65' lang='lat' dir='ltr'><strong>minae</strong></span> <span class='ocrx_word' id='word_1_435' title='bbox 2833 3092 3066 3147; x_wconf 85' lang='lat' dir='ltr'><strong>Cazanis</strong></span> <span class='ocrx_word' id='word_1_436' title='bbox 3094 3093 3270 3148; x_wconf 85' lang='lat' dir='ltr'><strong>Alaidi</strong></span> <span class='ocrx_word' id='word_1_437' title='bbox 3301 3099 3356 3148; x_wconf 92' lang='lat' dir='ltr'><strong>et</strong></span> <span class='ocrx_word' id='word_1_438' title='bbox 3396 3085 3528 3166; x_wconf 83' lang='lat' dir='ltr'><strong>ejus</strong></span> <span class='ocrx_word' id='word_1_439' title='bbox 3549 3093 3720 3148; x_wconf 84' lang='lat' dir='ltr'><strong>comi-</strong></span> 
     </span>
    </p>
   </div>
   <div class='ocr_carea' id='block_1_60' title="bbox 470 3160 3718 3277">
    <p class='ocr_par' dir='ltr' id='par_1_60' title="bbox 470 3160 3718 3277">
     <span class='ocr_line' id='line_1_60' title="bbox 470 3160 3718 3277; baseline 0 -26"><span class='ocrx_word' id='word_1_440' title='bbox 470 3196 564 3277; x_wconf 87' lang='lat' dir='ltr'><strong>illi</strong></span> <span class='ocrx_word' id='word_1_441' title='bbox 601 3197 820 3270; x_wconf 80' lang='lat' dir='ltr'><strong>quidem</strong></span> <span class='ocrx_word' id='word_1_442' title='bbox 875 3188 1108 3253; x_wconf 89' lang='lat' dir='ltr'><strong>multum</strong></span> <span class='ocrx_word' id='word_1_443' title='bbox 1151 3193 1394 3253; x_wconf 76' lang='lat' dir='ltr'><strong>ﬁdebant</strong></span> <span class='ocrx_word' id='word_1_444' title='bbox 1445 3198 1730 3268; x_wconf 82' lang='lat' dir='ltr'><strong>promissis</strong></span> <span class='ocrx_word' id='word_1_445' title='bbox 1777 3197 2040 3251; x_wconf 87' lang='lat' dir='ltr'><strong>barbaro-</strong></span> <span class='ocrx_word' id='word_1_446' title='bbox 2067 3160 2114 3224; x_wconf 60' lang='grc' dir='ltr'><strong>θ</strong></span> <span class='ocrx_word' id='word_1_447' title='bbox 2149 3186 2294 3240; x_wconf 69' lang='lat' dir='ltr'><strong>libus</strong></span> <span class='ocrx_word' id='word_1_448' title='bbox 2324 3185 2673 3240; x_wconf 70' lang='grc' dir='ltr'><strong>ίηουεεθΐθηῐ</strong></span> <span class='ocrx_word' id='word_1_449' title='bbox 2704 3183 3090 3256; x_wconf 65' lang='grc' dir='ltr'>ειθηευθεοετθ</span> <span class='ocrx_word' id='word_1_450' title='bbox 3118 3187 3400 3257; x_wconf 62' lang='grc' dir='ltr'><strong>οἶιθΡῖεεθῑ,</strong></span> <span class='ocrx_word' id='word_1_451' title='bbox 3431 3187 3718 3243; x_wconf 64' lang='lat' dir='ltr'><strong>redierunt</strong></span> 
     </span>
    </p>
   </div>
   <div class='ocr_carea' id='block_1_61' title="bbox 468 3288 2043 3364">
    <p class='ocr_par' dir='ltr' id='par_1_61' title="bbox 468 3288 2043 3364">
     <span class='ocr_line' id='line_1_61' title="bbox 468 3288 2043 3364; baseline -0.001 -21"><span class='ocrx_word' id='word_1_452' title='bbox 468 3303 590 3343; x_wconf 87' lang='lat' dir='ltr'><strong>rum</strong></span> <span class='ocrx_word' id='word_1_453' title='bbox 631 3306 644 3342; x_wconf 93' lang='lat'>:</span> <span class='ocrx_word' id='word_1_454' title='bbox 683 3294 962 3364; x_wconf 59' lang='lat' dir='ltr'><strong>caeterum</strong></span> <span class='ocrx_word' id='word_1_455' title='bbox 994 3288 1267 3344; x_wconf 78' lang='lat' dir='ltr'><strong>diuturna:</strong></span> <span class='ocrx_word' id='word_1_456' title='bbox 1328 3290 1617 3356; x_wconf 66' lang='lat' dir='ltr'><strong>clausura,</strong></span> <span class='ocrx_word' id='word_1_457' title='bbox 1660 3288 1822 3356; x_wconf 80' lang='lat' dir='ltr'><strong>cujus</strong></span> <span class='ocrx_word' id='word_1_458' title='bbox 1882 3290 2043 3345; x_wconf 86' lang='lat' dir='ltr'><strong>aliter</strong></span> 
     </span>
    </p>
   </div>
   <div class='ocr_carea' id='block_1_62' title="bbox 444 3381 2051 3451">
    <p class='ocr_par' dir='ltr' id='par_1_62' title="bbox 444 3381 2051 3451">
     <span class='ocr_line' id='line_1_62' title="bbox 444 3381 2051 3451; baseline 0 -16"><span class='ocrx_word' id='word_1_459' title='bbox 444 3381 865 3436; x_wconf 66' lang='lat' dir='ltr'><strong>‘relasationem</strong></span> <span class='ocrx_word' id='word_1_460' title='bbox 905 3396 1013 3436; x_wconf 91' lang='lat' dir='ltr'><strong>non</strong></span> <span class='ocrx_word' id='word_1_461' title='bbox 1053 3391 1366 3451; x_wconf 83' lang='lat' dir='ltr'><strong>sperarent,</strong></span> <span class='ocrx_word' id='word_1_462' title='bbox 1401 3381 1582 3437; x_wconf 76' lang='lat' dir='ltr'><strong>allecti</strong></span> <span class='ocrx_word' id='word_1_463' title='bbox 1618 3382 1800 3446; x_wconf 61' lang='lat' dir='ltr'><strong>taedio,</strong></span> <span class='ocrx_word' id='word_1_464' title='bbox 1851 3391 1907 3437; x_wconf 92' lang='lat' dir='ltr'><strong>et</strong></span> <span class='ocrx_word' id='word_1_465' title='bbox 1952 3396 2051 3445; x_wconf 49' lang='lat' dir='ltr'><strong>res</strong></span> 
     </span>
    </p>
   </div>
   <div class='ocr_carea' id='block_1_63' title="bbox 457 3473 2043 3547">
    <p class='ocr_par' dir='ltr' id='par_1_63' title="bbox 457 3473 2043 3547">
     <span class='ocr_line' id='line_1_63' title="bbox 457 3473 2043 3547; baseline 0.001 -18"><span class='ocrx_word' id='word_1_466' title='bbox 457 3489 592 3541; x_wconf 27' lang='lat' dir='ltr'><strong>,rum</strong></span> <span class='ocrx_word' id='word_1_467' title='bbox 658 3475 839 3543; x_wconf 77' lang='lat' dir='ltr'><strong>inania</strong></span> <span class='ocrx_word' id='word_1_468' title='bbox 890 3491 955 3533; x_wconf 72' lang='lat' dir='ltr'><strong>ex</strong></span> <span class='ocrx_word' id='word_1_469' title='bbox 978 3475 1093 3547; x_wconf 90' lang='lat' dir='ltr'><strong>agri</strong></span> <span class='ocrx_word' id='word_1_470' title='bbox 1125 3475 1434 3531; x_wconf 77' lang='lat' dir='ltr'><strong>circumstti</strong></span> <span class='ocrx_word' id='word_1_471' title='bbox 1498 3475 1663 3545; x_wconf 87' lang='lat' dir='ltr'><strong>longa</strong></span> <span class='ocrx_word' id='word_1_472' title='bbox 1696 3473 2043 3530; x_wconf 79' lang='lat' dir='ltr'><strong>desolatione</strong></span> 
     </span>
    </p>
   </div>
   <div class='ocr_carea' id='block_1_64' title="bbox 471 3567 2041 3647">
    <p class='ocr_par' dir='ltr' id='par_1_64' title="bbox 471 3567 2041 3647">
     <span class='ocr_line' id='line_1_64' title="bbox 471 3567 2041 3647; baseline -0.001 -23"><span class='ocrx_word' id='word_1_473' title='bbox 471 3570 789 3626; x_wconf 87' lang='lat' dir='ltr'><strong>necessario</strong></span> <span class='ocrx_word' id='word_1_474' title='bbox 814 3581 1000 3626; x_wconf 88' lang='lat' dir='ltr'><strong>secuta</strong></span> <span class='ocrx_word' id='word_1_475' title='bbox 1039 3571 1280 3642; x_wconf 87' lang='lat' dir='ltr'><strong>graviter</strong></span> <span class='ocrx_word' id='word_1_476' title='bbox 1307 3567 1500 3639; x_wconf 87' lang='lat' dir='ltr'><strong>pressi,</strong></span> <span class='ocrx_word' id='word_1_477' title='bbox 1530 3570 1889 3647; x_wconf 84' lang='lat' dir='ltr'><strong>rejiciendam</strong></span> <span class='ocrx_word' id='word_1_478' title='bbox 1931 3586 2041 3626; x_wconf 89' lang='lat' dir='ltr'><strong>non</strong></span> 
     </span>
    </p>
   </div>
   <div class='ocr_carea' id='block_1_65' title="bbox 461 3663 2039 3742">
    <p class='ocr_par' dir='ltr' id='par_1_65' title="bbox 461 3663 2039 3742">
     <span class='ocr_line' id='line_1_65' title="bbox 461 3663 2039 3742; baseline -0.002 -21"><span class='ocrx_word' id='word_1_479' title='bbox 461 3664 1168 3736; x_wconf 72' lang='lat' dir='ltr'><strong>putaruntqualiscunque</strong></span> <span class='ocrx_word' id='word_1_480' title='bbox 1228 3663 1616 3742; x_wconf 82' lang='lat' dir='ltr'><strong>conventionis</strong></span> <span class='ocrx_word' id='word_1_481' title='bbox 1683 3663 2039 3719; x_wconf 87' lang='lat' dir='ltr'><strong>mentionem.</strong></span> 
     </span>
    </p>
   </div>
   <div class='ocr_carea' id='block_1_66' title="bbox 463 3758 2041 3831">
    <p class='ocr_par' dir='ltr' id='par_1_66' title="bbox 463 3758 2041 3831">
     <span class='ocr_line' id='line_1_66' title="bbox 463 3758 2041 3831; baseline 0.001 -19"><span class='ocrx_word' id='word_1_482' title='bbox 463 3759 748 3824; x_wconf 68' lang='lat' dir='ltr'><strong>ilomanis</strong></span> <span class='ocrx_word' id='word_1_483' title='bbox 807 3775 936 3831; x_wconf 87' lang='lat' dir='ltr'><strong>ergo</strong></span> <span class='ocrx_word' id='word_1_484' title='bbox 988 3773 1353 3829; x_wconf 88' lang='lat' dir='ltr'><strong>congressum</strong></span> <span class='ocrx_word' id='word_1_485' title='bbox 1394 3773 1501 3813; x_wconf 92' lang='lat' dir='ltr'><strong>non</strong></span> <span class='ocrx_word' id='word_1_486' title='bbox 1545 3758 1918 3814; x_wconf 86' lang='lat' dir='ltr'><strong>abnuentibus</strong></span> <span class='ocrx_word' id='word_1_487' title='bbox 1975 3759 2041 3813; x_wconf 90' lang='lat' dir='ltr'><strong>ad</strong></span> 
     </span>
    </p>
   </div>
   <div class='ocr_carea' id='block_1_67' title="bbox 476 3843 2042 3937">
    <p class='ocr_par' dir='ltr' id='par_1_67' title="bbox 476 3843 2042 3937">
     <span class='ocr_line' id='line_1_67' title="bbox 476 3843 2042 3937; baseline -0.003 -27"><span class='ocrx_word' id='word_1_488' title='bbox 476 3843 821 3937; x_wconf 77' lang='lat' dir='ltr'><strong>tractandum</strong></span> <span class='ocrx_word' id='word_1_489' title='bbox 861 3849 1112 3922; x_wconf 85' lang='lat' dir='ltr'><strong>pressius</strong></span> <span class='ocrx_word' id='word_1_490' title='bbox 1149 3851 1529 3931; x_wconf 84' lang='lat' dir='ltr'><strong>descenditur.</strong></span> <span class='ocrx_word' id='word_1_491' title='bbox 1563 3849 1887 3921; x_wconf 84' lang='lat' dir='ltr'><strong>Proponunt</strong></span> <span class='ocrx_word' id='word_1_492' title='bbox 1913 3851 2042 3921; x_wconf 92' lang='lat' dir='ltr'><strong>quid</strong></span> 
     </span>
    </p>
   </div>
   <div class='ocr_carea' id='block_1_68' title="bbox 474 3945 2042 4015">
    <p class='ocr_par' dir='ltr' id='par_1_68' title="bbox 474 3945 2042 4015">
     <span class='ocr_line' id='line_1_68' title="bbox 474 3945 2042 4015; baseline -0.001 -14"><span class='ocrx_word' id='word_1_493' title='bbox 474 3950 673 4004; x_wconf 84' lang='lat' dir='ltr'><strong>vellent</strong></span> <span class='ocrx_word' id='word_1_494' title='bbox 714 3948 954 4006; x_wconf 89' lang='lat' dir='ltr'><strong>barbari.</strong></span> <span class='ocrx_word' id='word_1_495' title='bbox 993 3946 1153 4004; x_wconf 79' lang='lat' dir='ltr'><strong>Areis</strong></span> <span class='ocrx_word' id='word_1_496' title='bbox 1192 3945 1484 4002; x_wconf 89' lang='lat' dir='ltr'><strong>dimidium</strong></span> <span class='ocrx_word' id='word_1_497' title='bbox 1523 3945 1749 4002; x_wconf 90' lang='lat' dir='ltr'><strong>concedi</strong></span> <span class='ocrx_word' id='word_1_498' title='bbox 1811 3945 1915 4000; x_wconf 90' lang='lat' dir='ltr'><strong>sibi</strong></span> <span class='ocrx_word' id='word_1_499' title='bbox 1945 3961 2042 4015; x_wconf 84' lang='lat' dir='ltr'><strong>po-</strong></span> 
     </span>
    </p>
   </div>
   <div class='ocr_carea' id='block_1_69' title="bbox 473 4038 2043 4115">
    <p class='ocr_par' dir='ltr' id='par_1_69' title="bbox 473 4038 2043 4115">
     <span class='ocr_line' id='line_1_69' title="bbox 473 4038 2043 4115; baseline -0.001 -19"><span class='ocrx_word' id='word_1_500' title='bbox 473 4042 818 4115; x_wconf 4' lang='lat' dir='ltr'><strong>stnlant,gubi</strong></span> <span class='ocrx_word' id='word_1_501' title='bbox 861 4056 947 4097; x_wconf 83' lang='lat' dir='ltr'><strong>res</strong></span> <span class='ocrx_word' id='word_1_502' title='bbox 978 4042 1032 4096; x_wconf 90' lang='lat' dir='ltr'><strong>in</strong></span> <span class='ocrx_word' id='word_1_503' title='bbox 1059 4049 1177 4095; x_wconf 91' lang='lat' dir='ltr'><strong>tuto</strong></span> <span class='ocrx_word' id='word_1_504' title='bbox 1211 4056 1344 4096; x_wconf 87' lang='lat' dir='ltr'><strong>suas</strong></span> <span class='ocrx_word' id='word_1_505' title='bbox 1380 4041 1666 4106; x_wconf 89' lang='lat' dir='ltr'><strong>haberent,</strong></span> <span class='ocrx_word' id='word_1_506' title='bbox 1699 4038 1866 4112; x_wconf 66' lang='grc'><strong>404.</strong></span> <span class='ocrx_word' id='word_1_507' title='bbox 1900 4038 2043 4094; x_wconf 87' lang='lat' dir='ltr'><strong>unde</strong></span> 
     </span>
    </p>
   </div>
   <div class='ocr_carea' id='block_1_70' title="bbox 476 4126 2042 4205">
    <p class='ocr_par' dir='ltr' id='par_1_70' title="bbox 476 4126 2042 4205">
     <span class='ocr_line' id='line_1_70' title="bbox 476 4126 2042 4205; baseline -0.004 -14"><span class='ocrx_word' id='word_1_508' title='bbox 476 4135 531 4191; x_wconf 89' lang='lat' dir='ltr'><strong>in</strong></span> <span class='ocrx_word' id='word_1_509' title='bbox 569 4126 754 4191; x_wconf 81' lang='lat' dir='ltr'><strong>hostes</strong></span> <span class='ocrx_word' id='word_1_510' title='bbox 782 4145 1157 4205; x_wconf 82' lang='lat' dir='ltr'><strong>erumperent,</strong></span> <span class='ocrx_word' id='word_1_511' title='bbox 1197 4149 1305 4204; x_wconf 87' lang='lat' dir='ltr'><strong>quo</strong></span> <span class='ocrx_word' id='word_1_512' title='bbox 1335 4149 1394 4188; x_wconf 90' lang='lat' dir='ltr'><strong>se</strong></span> <span class='ocrx_word' id='word_1_513' title='bbox 1428 4133 1770 4203; x_wconf 88' lang='lat' dir='ltr'><strong>reciperent.</strong></span> <span class='ocrx_word' id='word_1_514' title='bbox 1810 4131 2042 4186; x_wconf 85' lang='lat' dir='ltr'><strong>Romani</strong></span> 
     </span>
    </p>
   </div>
   <div class='ocr_carea' id='block_1_71' title="bbox 478 4223 2047 4305">
    <p class='ocr_par' dir='ltr' id='par_1_71' title="bbox 478 4223 2047 4305">
     <span class='ocr_line' id='line_1_71' title="bbox 478 4223 2047 4305; baseline -0.003 -22"><span class='ocrx_word' id='word_1_515' title='bbox 478 4229 743 4305; x_wconf 82' lang='lat' dir='ltr'><strong>reliquam</strong></span> <span class='ocrx_word' id='word_1_516' title='bbox 789 4229 1034 4282; x_wconf 88' lang='lat' dir='ltr'><strong>claustro</strong></span> <span class='ocrx_word' id='word_1_517' title='bbox 1068 4227 1369 4297; x_wconf 88' lang='lat' dir='ltr'><strong>quamlibet</strong></span> <span class='ocrx_word' id='word_1_518' title='bbox 1422 4225 1608 4282; x_wconf 88' lang='lat' dir='ltr'><strong>valido</strong></span> <span class='ocrx_word' id='word_1_519' title='bbox 1643 4225 1747 4280; x_wconf 89' lang='lat' dir='ltr'><strong>sibi</strong></span> <span class='ocrx_word' id='word_1_520' title='bbox 1801 4223 2047 4281; x_wconf 87' lang='lat' dir='ltr'><strong>certissi-</strong></span> 
     </span>
    </p>
   </div>
   <div class='ocr_carea' id='block_1_72' title="bbox 480 4305 2045 4391">
    <p class='ocr_par' dir='ltr' id='par_1_72' title="bbox 480 4305 2045 4391">
     <span class='ocr_line' id='line_1_72' title="bbox 480 4305 2045 4391; baseline -0.004 -16"><span class='ocrx_word' id='word_1_521' title='bbox 480 4337 628 4376; x_wconf 88' lang='lat' dir='ltr'><strong>mam</strong></span> <span class='ocrx_word' id='word_1_522' title='bbox 661 4305 970 4382; x_wconf 88' lang='lat' dir='ltr'><strong>servarent,</strong></span> <span class='ocrx_word' id='word_1_523' title='bbox 1007 4320 1300 4391; x_wconf 88' lang='lat' dir='ltr'><strong>securique</strong></span> <span class='ocrx_word' id='word_1_524' title='bbox 1325 4319 1450 4373; x_wconf 88' lang='lat' dir='ltr'><strong>inde</strong></span> <span class='ocrx_word' id='word_1_525' title='bbox 1484 4317 1770 4388; x_wconf 88' lang='lat' dir='ltr'><strong>prodirent</strong></span> <span class='ocrx_word' id='word_1_526' title='bbox 1799 4317 1865 4371; x_wconf 86' lang='lat' dir='ltr'><strong>ad</strong></span> <span class='ocrx_word' id='word_1_527' title='bbox 1900 4315 2045 4384; x_wconf 86' lang='lat' dir='ltr'><strong>agri-</strong></span> 
     </span>
    </p>
   </div>
   <div class='ocr_carea' id='block_1_73' title="bbox 476 4408 2044 4478">
    <p class='ocr_par' dir='ltr' id='par_1_73' title="bbox 476 4408 2044 4478">
     <span class='ocr_line' id='line_1_73' title="bbox 476 4408 2044 4478; baseline -0.007 -8"><span class='ocrx_word' id='word_1_528' title='bbox 476 4415 744 4470; x_wconf 74' lang='lat' dir='ltr'><strong>culturam</strong></span> <span class='ocrx_word' id='word_1_529' title='bbox 776 4422 829 4469; x_wconf 86' lang='lat' dir='ltr'><strong>et</strong></span> <span class='ocrx_word' id='word_1_530' title='bbox 866 4413 1217 4478; x_wconf 87' lang='lat' dir='ltr'><strong>commercia,</strong></span> <span class='ocrx_word' id='word_1_531' title='bbox 1263 4427 1329 4467; x_wconf 88' lang='lat' dir='ltr'><strong>eo</strong></span> <span class='ocrx_word' id='word_1_532' title='bbox 1387 4411 1620 4466; x_wconf 79' lang='lat' dir='ltr'><strong>innoxie</strong></span> <span class='ocrx_word' id='word_1_533' title='bbox 1680 4408 2044 4466; x_wconf 83' lang='lat' dir='ltr'><strong>reconderem</strong></span> 
     </span>
    </p>
   </div>
   <div class='ocr_carea' id='block_1_74' title="bbox 2149 3277 3718 3349">
    <p class='ocr_par' dir='ltr' id='par_1_74' title="bbox 2149 3277 3718 3349">
     <span class='ocr_line' id='line_1_74' title="bbox 2149 3277 3718 3349; baseline 0.003 -17"><span class='ocrx_word' id='word_1_534' title='bbox 2149 3277 2224 3332; x_wconf 91' lang='lat' dir='ltr'><strong>illi</strong></span> <span class='ocrx_word' id='word_1_535' title='bbox 2257 3277 2465 3334; x_wconf 89' lang='lat' dir='ltr'><strong>scilicet</strong></span> <span class='ocrx_word' id='word_1_536' title='bbox 2493 3278 2558 3332; x_wconf 92' lang='lat' dir='ltr'><strong>ad</strong></span> <span class='ocrx_word' id='word_1_537' title='bbox 2581 3277 2884 3349; x_wconf 87' lang='lat' dir='ltr'><strong>ingenium,</strong></span> <span class='ocrx_word' id='word_1_538' title='bbox 2920 3286 2974 3333; x_wconf 91' lang='lat' dir='ltr'><strong>et</strong></span> <span class='ocrx_word' id='word_1_539' title='bbox 3005 3277 3206 3348; x_wconf 82' lang='lat' dir='ltr'><strong>prioris</strong></span> <span class='ocrx_word' id='word_1_540' title='bbox 3238 3279 3480 3338; x_wconf 83' lang='lat' dir='ltr'><strong>instituti</strong></span> <span class='ocrx_word' id='word_1_541' title='bbox 3511 3295 3718 3336; x_wconf 91' lang='lat' dir='ltr'><strong>memo-</strong></span> 
     </span>
    </p>
   </div>
   <div class='ocr_carea' id='block_1_75' title="bbox 2147 3373 3725 3444">
    <p class='ocr_par' dir='ltr' id='par_1_75' title="bbox 2147 3373 3725 3444">
     <span class='ocr_line' id='line_1_75' title="bbox 2147 3373 3725 3444; baseline 0.002 -18"><span class='ocrx_word' id='word_1_542' title='bbox 2147 3387 2236 3428; x_wconf 85' lang='lat' dir='ltr'><strong>res</strong></span> <span class='ocrx_word' id='word_1_543' title='bbox 2283 3386 2468 3428; x_wconf 90' lang='lat' dir='ltr'><strong>secum</strong></span> <span class='ocrx_word' id='word_1_544' title='bbox 2510 3373 2612 3444; x_wconf 89' lang='lat' dir='ltr'><strong>ipsi</strong></span> <span class='ocrx_word' id='word_1_545' title='bbox 2658 3381 2970 3429; x_wconf 87' lang='lat' dir='ltr'><strong>statuerunt</strong></span> <span class='ocrx_word' id='word_1_546' title='bbox 3021 3373 3101 3428; x_wconf 88' lang='lat' dir='ltr'><strong>uti</strong></span> <span class='ocrx_word' id='word_1_547' title='bbox 3155 3375 3561 3431; x_wconf 83' lang='lat' dir='ltr'><strong>commoditate</strong></span> <span class='ocrx_word' id='word_1_548' title='bbox 3595 3375 3725 3431; x_wconf 80' lang='lat' dir='ltr'><strong>vici-</strong></span> 
     </span>
    </p>
   </div>
   <div class='ocr_carea' id='block_1_76' title="bbox 2146 3465 3722 3539">
    <p class='ocr_par' dir='ltr' id='par_1_76' title="bbox 2146 3465 3722 3539">
     <span class='ocr_line' id='line_1_76' title="bbox 2146 3465 3722 3539; baseline 0 -19"><span class='ocrx_word' id='word_1_549' title='bbox 2146 3465 2250 3521; x_wconf 61' lang='lat' dir='ltr'><strong>uiae</strong></span> <span class='ocrx_word' id='word_1_550' title='bbox 2280 3466 2346 3520; x_wconf 92' lang='lat' dir='ltr'><strong>ad</strong></span> <span class='ocrx_word' id='word_1_551' title='bbox 2378 3465 2695 3536; x_wconf 85' lang='lat' dir='ltr'><strong>spoliandos</strong></span> <span class='ocrx_word' id='word_1_552' title='bbox 2737 3466 2910 3522; x_wconf 53' lang='lat' dir='ltr'><strong>nobos</strong></span> <span class='ocrx_word' id='word_1_553' title='bbox 2943 3467 3210 3538; x_wconf 77' lang='lat' dir='ltr'><strong>hOSpites,</strong></span> <span class='ocrx_word' id='word_1_554' title='bbox 3248 3470 3475 3539; x_wconf 87' lang='lat' dir='ltr'><strong>supina,</strong></span> <span class='ocrx_word' id='word_1_555' title='bbox 3519 3476 3580 3523; x_wconf 91' lang='lat' dir='ltr'><strong>ut</strong></span> <span class='ocrx_word' id='word_1_556' title='bbox 3626 3482 3722 3538; x_wconf 89' lang='lat' dir='ltr'><strong>pn-</strong></span> 
     </span>
    </p>
   </div>
   <div class='ocr_carea' id='block_1_77' title="bbox 2146 3555 3722 3633">
    <p class='ocr_par' dir='ltr' id='par_1_77' title="bbox 2146 3555 3722 3633">
     <span class='ocr_line' id='line_1_77' title="bbox 2146 3555 3722 3633; baseline 0 -19"><span class='ocrx_word' id='word_1_557' title='bbox 2146 3560 2358 3624; x_wconf 88' lang='lat' dir='ltr'><strong>tabant,</strong></span> <span class='ocrx_word' id='word_1_558' title='bbox 2399 3558 2596 3614; x_wconf 84' lang='lat' dir='ltr'><strong>liducia</strong></span> <span class='ocrx_word' id='word_1_559' title='bbox 2643 3555 2898 3616; x_wconf 85' lang='lat' dir='ltr'><strong>incautos</strong></span> <span class='ocrx_word' id='word_1_560' title='bbox 2923 3599 2938 3624; x_wconf 90' lang='lat'><strong>,</strong></span> <span class='ocrx_word' id='word_1_561' title='bbox 2991 3560 3046 3614; x_wconf 91' lang='lat' dir='ltr'><strong>in</strong></span> <span class='ocrx_word' id='word_1_562' title='bbox 3079 3572 3190 3630; x_wconf 87' lang='lat' dir='ltr'><strong>quo</strong></span> <span class='ocrx_word' id='word_1_563' title='bbox 3237 3576 3332 3616; x_wconf 86' lang='lat' dir='ltr'><strong>sua</strong></span> <span class='ocrx_word' id='word_1_564' title='bbox 3371 3561 3501 3617; x_wconf 83' lang='lat' dir='ltr'><strong>illos</strong></span> <span class='ocrx_word' id='word_1_565' title='bbox 3535 3561 3722 3633; x_wconf 88' lang='lat' dir='ltr'><strong>opinio</strong></span> 
     </span>
    </p>
   </div>
   <div class='ocr_carea' id='block_1_78' title="bbox 2145 3651 3718 3725">
    <p class='ocr_par' dir='ltr' id='par_1_78' title="bbox 2145 3651 3718 3725">
     <span class='ocr_line' id='line_1_78' title="bbox 2145 3651 3718 3725; baseline 0.003 -19"><span class='ocrx_word' id='word_1_566' title='bbox 2145 3651 2389 3715; x_wconf 84' lang='lat' dir='ltr'><strong>fallebat,</strong></span> <span class='ocrx_word' id='word_1_567' title='bbox 2423 3652 2570 3707; x_wconf 86' lang='lat' dir='ltr'><strong>unde</strong></span> <span class='ocrx_word' id='word_1_568' title='bbox 2598 3651 2651 3706; x_wconf 90' lang='lat' dir='ltr'><strong>in</strong></span> <span class='ocrx_word' id='word_1_569' title='bbox 2693 3662 2854 3723; x_wconf 88' lang='lat' dir='ltr'><strong>caput</strong></span> <span class='ocrx_word' id='word_1_570' title='bbox 2885 3663 3172 3709; x_wconf 85' lang='lat' dir='ltr'><strong>auctorum</strong></span> <span class='ocrx_word' id='word_1_571' title='bbox 3204 3654 3354 3711; x_wconf 79' lang='lat' dir='ltr'><strong>fraus</strong></span> <span class='ocrx_word' id='word_1_572' title='bbox 3389 3657 3602 3725; x_wconf 81' lang='lat' dir='ltr'><strong>perﬁda</strong></span> <span class='ocrx_word' id='word_1_573' title='bbox 3632 3664 3718 3710; x_wconf 85' lang='lat' dir='ltr'><strong>re-</strong></span> 
     </span>
    </p>
   </div>
   <div class='ocr_carea' id='block_1_79' title="bbox 2149 3743 3721 3819">
    <p class='ocr_par' dir='ltr' id='par_1_79' title="bbox 2149 3743 3721 3819">
     <span class='ocr_line' id='line_1_79' title="bbox 2149 3743 3721 3819; baseline 0 -18"><span class='ocrx_word' id='word_1_574' title='bbox 2149 3747 2302 3802; x_wconf 89' lang='lat' dir='ltr'><strong>cidit.</strong></span> <span class='ocrx_word' id='word_1_575' title='bbox 2365 3743 2569 3818; x_wconf 83' lang='lat' dir='ltr'><strong>Vigiles</strong></span> <span class='ocrx_word' id='word_1_576' title='bbox 2595 3748 2738 3801; x_wconf 90' lang='lat' dir='ltr'><strong>euim</strong></span> <span class='ocrx_word' id='word_1_577' title='bbox 2775 3747 2826 3801; x_wconf 91' lang='lat' dir='ltr'><strong>in</strong></span> <span class='ocrx_word' id='word_1_578' title='bbox 2884 3748 2969 3802; x_wconf 91' lang='lat' dir='ltr'><strong>sui</strong></span> <span class='ocrx_word' id='word_1_579' title='bbox 3019 3748 3330 3804; x_wconf 72' lang='lat' dir='ltr'><strong>custodiam</strong></span> <span class='ocrx_word' id='word_1_580' title='bbox 3388 3746 3721 3819; x_wconf 70' lang='lat' dir='ltr'><strong>praesidiarii</strong></span> 
     </span>
    </p>
   </div>
   <div class='ocr_carea' id='block_1_80' title="bbox 2149 3838 3723 3914">
    <p class='ocr_par' dir='ltr' id='par_1_80' title="bbox 2149 3838 3723 3914">
     <span class='ocr_line' id='line_1_80' title="bbox 2149 3838 3723 3914; baseline 0.001 -20"><span class='ocrx_word' id='word_1_581' title='bbox 2149 3838 2490 3906; x_wconf 88' lang='lat' dir='ltr'><strong>Sardenses,</strong></span> <span class='ocrx_word' id='word_1_582' title='bbox 2547 3840 2638 3895; x_wconf 88' lang='lat' dir='ltr'><strong>ubi</strong></span> <span class='ocrx_word' id='word_1_583' title='bbox 2700 3841 2908 3896; x_wconf 88' lang='lat' dir='ltr'><strong>versari</strong></span> <span class='ocrx_word' id='word_1_584' title='bbox 2974 3840 3245 3897; x_wconf 87' lang='lat' dir='ltr'><strong>barbaros</strong></span> <span class='ocrx_word' id='word_1_585' title='bbox 3317 3842 3382 3901; x_wconf 83' lang='lat' dir='ltr'><strong>in</strong></span> <span class='ocrx_word' id='word_1_586' title='bbox 3461 3847 3723 3914; x_wconf 84' lang='lat' dir='ltr'><strong>apparatu</strong></span> 
     </span>
    </p>
   </div>
   <div class='ocr_carea' id='block_1_81' title="bbox 2148 3931 3728 4004">
    <p class='ocr_par' dir='ltr' id='par_1_81' title="bbox 2148 3931 3728 4004">
     <span class='ocr_line' id='line_1_81' title="bbox 2148 3931 3728 4004; baseline 0.001 -17"><span class='ocrx_word' id='word_1_587' title='bbox 2148 3931 2532 3991; x_wconf 76' lang='lat' dir='ltr'><strong>struendarum</strong></span> <span class='ocrx_word' id='word_1_588' title='bbox 2571 3934 2707 4004; x_wconf 90' lang='lat' dir='ltr'><strong>ipsis</strong></span> <span class='ocrx_word' id='word_1_589' title='bbox 2739 3933 3063 3988; x_wconf 89' lang='lat' dir='ltr'><strong>insidiarum</strong></span> <span class='ocrx_word' id='word_1_590' title='bbox 3101 3942 3154 3990; x_wconf 90' lang='lat' dir='ltr'><strong>et</strong></span> <span class='ocrx_word' id='word_1_591' title='bbox 3186 3934 3424 3990; x_wconf 81' lang='lat' dir='ltr'><strong>violandi</strong></span> <span class='ocrx_word' id='word_1_592' title='bbox 3483 3935 3728 3992; x_wconf 77' lang='lat' dir='ltr'><strong>crudeli-</strong></span> 
     </span>
    </p>
   </div>
   <div class='ocr_carea' id='block_1_82' title="bbox 2148 4026 3723 4101">
    <p class='ocr_par' dir='ltr' id='par_1_82' title="bbox 2148 4026 3723 4101">
     <span class='ocr_line' id='line_1_82' title="bbox 2148 4026 3723 4101; baseline 0.002 -22"><span class='ocrx_word' id='word_1_593' title='bbox 2148 4038 2232 4080; x_wconf 86' lang='lat' dir='ltr'><strong>ter</strong></span> <span class='ocrx_word' id='word_1_594' title='bbox 2263 4026 2486 4097; x_wconf 87' lang='lat' dir='ltr'><strong>hospitii</strong></span> <span class='ocrx_word' id='word_1_595' title='bbox 2519 4041 2766 4091; x_wconf 86' lang='lat' dir='ltr'><strong>sensere,</strong></span> <span class='ocrx_word' id='word_1_596' title='bbox 2801 4039 3192 4098; x_wconf 64' lang='lat' dir='ltr'><strong>prmoccupare</strong></span> <span class='ocrx_word' id='word_1_597' title='bbox 3239 4028 3461 4084; x_wconf 81' lang='lat' dir='ltr'><strong>fortiter</strong></span> <span class='ocrx_word' id='word_1_598' title='bbox 3513 4029 3723 4101; x_wconf 89' lang='lat' dir='ltr'><strong>agendo</strong></span> 
     </span>
    </p>
   </div>
   <div class='ocr_carea' id='block_1_83' title="bbox 2147 4115 3728 4193">
    <p class='ocr_par' dir='ltr' id='par_1_83' title="bbox 2147 4115 3728 4193">
     <span class='ocr_line' id='line_1_83' title="bbox 2147 4115 3728 4193; baseline 0.003 -22"><span class='ocrx_word' id='word_1_599' title='bbox 2147 4133 2309 4188; x_wconf 89' lang='lat' dir='ltr'><strong>quam</strong></span> <span class='ocrx_word' id='word_1_600' title='bbox 2357 4120 2550 4187; x_wconf 75' lang='lat' dir='ltr'><strong>ignave</strong></span> <span class='ocrx_word' id='word_1_601' title='bbox 2608 4121 2883 4176; x_wconf 89' lang='lat' dir='ltr'><strong>cessando</strong></span> <span class='ocrx_word' id='word_1_602' title='bbox 2951 4115 3211 4190; x_wconf 68' lang='lat' dir='ltr'><strong>iniuriam</strong></span> <span class='ocrx_word' id='word_1_603' title='bbox 3271 4124 3482 4193; x_wconf 87' lang='lat' dir='ltr'><strong>perpeti</strong></span> <span class='ocrx_word' id='word_1_604' title='bbox 3542 4124 3728 4178; x_wconf 78' lang='lat' dir='ltr'><strong>utilius</strong></span> 
     </span>
    </p>
   </div>
   <div class='ocr_carea' id='block_1_84' title="bbox 2147 4213 3722 4287">
    <p class='ocr_par' dir='ltr' id='par_1_84' title="bbox 2147 4213 3722 4287">
     <span class='ocr_line' id='line_1_84' title="bbox 2147 4213 3722 4287; baseline 0.001 -21"><span class='ocrx_word' id='word_1_605' title='bbox 2147 4213 2418 4278; x_wconf 86' lang='lat' dir='ltr'><strong>arbitrati,</strong></span> <span class='ocrx_word' id='word_1_606' title='bbox 2452 4213 2592 4269; x_wconf 88' lang='lat' dir='ltr'><strong>clam</strong></span> <span class='ocrx_word' id='word_1_607' title='bbox 2644 4225 2838 4285; x_wconf 81' lang='lat' dir='ltr'><strong>rogant</strong></span> <span class='ocrx_word' id='word_1_608' title='bbox 2873 4230 2982 4270; x_wconf 87' lang='lat' dir='ltr'><strong>non</strong></span> <span class='ocrx_word' id='word_1_609' title='bbox 3029 4217 3195 4287; x_wconf 87' lang='lat' dir='ltr'><strong>longe</strong></span> <span class='ocrx_word' id='word_1_610' title='bbox 3255 4225 3386 4273; x_wconf 92' lang='lat' dir='ltr'><strong>tunc</strong></span> <span class='ocrx_word' id='word_1_611' title='bbox 3423 4218 3722 4273; x_wconf 86' lang='lat' dir='ltr'><strong>distantem</strong></span> 
     </span>
    </p>
   </div>
   <div class='ocr_carea' id='block_1_85' title="bbox 2148 4303 3728 4376">
    <p class='ocr_par' dir='ltr' id='par_1_85' title="bbox 2148 4303 3728 4376">
     <span class='ocr_line' id='line_1_85' title="bbox 2148 4303 3728 4376; baseline 0.001 -17"><span class='ocrx_word' id='word_1_612' title='bbox 2148 4305 2518 4360; x_wconf 84' lang='lat' dir='ltr'><strong>liomanorum</strong></span> <span class='ocrx_word' id='word_1_613' title='bbox 2548 4307 2759 4376; x_wconf 87' lang='lat' dir='ltr'><strong>aliquot</strong></span> <span class='ocrx_word' id='word_1_614' title='bbox 2786 4307 2979 4362; x_wconf 82' lang='lat' dir='ltr'><strong>ducem</strong></span> <span class='ocrx_word' id='word_1_615' title='bbox 3031 4306 3366 4374; x_wconf 88' lang='lat' dir='ltr'><strong>cohortium,</strong></span> <span class='ocrx_word' id='word_1_616' title='bbox 3413 4311 3503 4364; x_wconf 91' lang='lat' dir='ltr'><strong>cui</strong></span> <span class='ocrx_word' id='word_1_617' title='bbox 3546 4325 3613 4362; x_wconf 74' lang='lat' dir='ltr'><strong>ex</strong></span> <span class='ocrx_word' id='word_1_618' title='bbox 3643 4303 3728 4361; x_wconf 81' lang='lat' dir='ltr'><strong>di-</strong></span> 
     </span>
    </p>
   </div>
   <div class='ocr_carea' id='block_1_86' title="bbox 2151 4398 3728 4472">
    <p class='ocr_par' dir='ltr' id='par_1_86' title="bbox 2151 4398 3728 4472">
     <span class='ocr_line' id='line_1_86' title="bbox 2151 4398 3728 4472; baseline 0 -19"><span class='ocrx_word' id='word_1_619' title='bbox 2151 4399 2352 4470; x_wconf 86' lang='lat' dir='ltr'><strong>gnitate</strong></span> <span class='ocrx_word' id='word_1_620' title='bbox 2371 4398 2608 4469; x_wconf 89' lang='lat' dir='ltr'><strong>palatina</strong></span> <span class='ocrx_word' id='word_1_621' title='bbox 2635 4398 2796 4472; x_wconf 57' lang='lat'><strong>[‘05</strong></span> <span class='ocrx_word' id='word_1_622' title='bbox 2828 4399 3175 4471; x_wconf 85' lang='lat' dir='ltr'><strong>primicerius</strong></span> <span class='ocrx_word' id='word_1_623' title='bbox 3198 4398 3332 4454; x_wconf 72' lang='lat' dir='ltr'><strong>aulre</strong></span> <span class='ocrx_word' id='word_1_624' title='bbox 3362 4403 3564 4457; x_wconf 88' lang='lat' dir='ltr'><strong>titulus</strong></span> <span class='ocrx_word' id='word_1_625' title='bbox 3589 4409 3728 4464; x_wconf 89' lang='lat' dir='ltr'><strong>erat,</strong></span> 
     </span>
    </p>
   </div>
   <div class='ocr_carea' id='block_1_87' title="bbox 476 4489 2043 4574">
    <p class='ocr_par' dir='ltr' id='par_1_87' title="bbox 476 4499 2040 4574">
     <span class='ocr_line' id='line_1_87' title="bbox 476 4499 2040 4574; baseline -0.004 -13"><span class='ocrx_word' id='word_1_626' title='bbox 476 4524 536 4562; x_wconf 80' lang='lat' dir='ltr'><strong>se</strong></span> <span class='ocrx_word' id='word_1_627' title='bbox 586 4522 647 4561; x_wconf 88' lang='lat' dir='ltr'><strong>ac</strong></span> <span class='ocrx_word' id='word_1_628' title='bbox 698 4522 818 4568; x_wconf 88' lang='lat' dir='ltr'><strong>sua,</strong></span> <span class='ocrx_word' id='word_1_629' title='bbox 858 4505 1173 4574; x_wconf 86' lang='lat' dir='ltr'><strong>tranquillis</strong></span> <span class='ocrx_word' id='word_1_630' title='bbox 1246 4503 1454 4560; x_wconf 89' lang='lat' dir='ltr'><strong>circum</strong></span> <span class='ocrx_word' id='word_1_631' title='bbox 1505 4499 1720 4558; x_wconf 80' lang='lat' dir='ltr'><strong>eunetis</strong></span> <span class='ocrx_word' id='word_1_632' title='bbox 1771 4501 2040 4557; x_wconf 81' lang='lat' dir='ltr'><strong>beneﬂcio</strong></span> 
     </span>
    </p>
   </div>
   <div class='ocr_carea' id='block_1_88' title="bbox 2149 4489 3721 4574">
    <p class='ocr_par' dir='ltr' id='par_1_88' title="bbox 2155 4489 3721 4562">
     <span class='ocr_line' id='line_1_88' title="bbox 2155 4489 3721 4562; baseline 0.001 -21"><span class='ocrx_word' id='word_1_633' title='bbox 2155 4489 2348 4543; x_wconf 82' lang='lat' dir='ltr'><strong>adesse</strong></span> <span class='ocrx_word' id='word_1_634' title='bbox 2379 4489 2515 4559; x_wconf 85' lang='lat' dir='ltr'><strong>ipsis</strong></span> <span class='ocrx_word' id='word_1_635' title='bbox 2545 4504 2612 4545; x_wconf 92' lang='lat' dir='ltr'><strong>ne</strong></span> <span class='ocrx_word' id='word_1_636' title='bbox 2662 4499 3007 4560; x_wconf 87' lang='lat' dir='ltr'><strong>gravaretur,</strong></span> <span class='ocrx_word' id='word_1_637' title='bbox 3043 4499 3369 4560; x_wconf 62' lang='lat' dir='ltr'><strong>praevertere</strong></span> <span class='ocrx_word' id='word_1_638' title='bbox 3403 4491 3721 4562; x_wconf 75' lang='lat' dir='ltr'><strong>proximum</strong></span> 
     </span>
    </p>
   </div>
   <div class='ocr_carea' id='block_1_89' title="bbox 475 4594 2046 4673">
    <p class='ocr_par' dir='ltr' id='par_1_89' title="bbox 475 4594 2046 4673">
     <span class='ocr_line' id='line_1_89' title="bbox 475 4594 2046 4673; baseline -0.001 -23"><span class='ocrx_word' id='word_1_639' title='bbox 475 4598 765 4673; x_wconf 57' lang='lat' dir='ltr'><strong>prasentis</strong></span> <span class='ocrx_word' id='word_1_640' title='bbox 799 4595 1022 4653; x_wconf 73' lang='lat' dir='ltr'><strong>fmderis</strong></span> <span class='ocrx_word' id='word_1_641' title='bbox 1049 4604 1103 4652; x_wconf 89' lang='lat' dir='ltr'><strong>et</strong></span> <span class='ocrx_word' id='word_1_642' title='bbox 1127 4595 1404 4653; x_wconf 85' lang='lat' dir='ltr'><strong>constanti</strong></span> <span class='ocrx_word' id='word_1_643' title='bbox 1461 4594 1843 4650; x_wconf 80' lang='lat' dir='ltr'><strong>benevolentia</strong></span> <span class='ocrx_word' id='word_1_644' title='bbox 1875 4609 2046 4652; x_wconf 81' lang='lat' dir='ltr'><strong>novo-</strong></span> 
     </span>
    </p>
   </div>
   <div class='ocr_carea' id='block_1_90' title="bbox 477 4686 2045 4761">
    <p class='ocr_par' dir='ltr' id='par_1_90' title="bbox 477 4686 2045 4761">
     <span class='ocr_line' id='line_1_90' title="bbox 477 4686 2045 4761; baseline -0.004 -15"><span class='ocrx_word' id='word_1_645' title='bbox 477 4709 603 4746; x_wconf 87' lang='lat' dir='ltr'><strong>rum</strong></span> <span class='ocrx_word' id='word_1_646' title='bbox 645 4691 918 4746; x_wconf 88' lang='lat' dir='ltr'><strong>sociorum</strong></span> <span class='ocrx_word' id='word_1_647' title='bbox 971 4691 1079 4745; x_wconf 89' lang='lat' dir='ltr'><strong>late</strong></span> <span class='ocrx_word' id='word_1_648' title='bbox 1119 4705 1216 4761; x_wconf 88' lang='lat' dir='ltr'><strong>per</strong></span> <span class='ocrx_word' id='word_1_649' title='bbox 1279 4688 1556 4758; x_wconf 86' lang='lat' dir='ltr'><strong>regionem</strong></span> <span class='ocrx_word' id='word_1_650' title='bbox 1617 4686 2045 4761; x_wconf 87' lang='lat' dir='ltr'><strong>dominantium.-</strong></span> 
     </span>
    </p>
   </div>
   <div class='ocr_carea' id='block_1_91' title="bbox 476 4771 2046 4842">
    <p class='ocr_par' dir='ltr' id='par_1_91' title="bbox 476 4771 2046 4842">
     <span class='ocr_line' id='line_1_91' title="bbox 476 4771 2046 4842; baseline -0.004 -1"><span class='ocrx_word' id='word_1_651' title='bbox 476 4787 590 4842; x_wconf 77' lang='lat' dir='ltr'><strong>Etsi</strong></span> <span class='ocrx_word' id='word_1_652' title='bbox 626 4771 732 4841; x_wconf 86' lang='lat' dir='ltr'><strong>non</strong></span> <span class='ocrx_word' id='word_1_653' title='bbox 782 4786 984 4840; x_wconf 84' lang='lat' dir='ltr'><strong>latebat</strong></span> <span class='ocrx_word' id='word_1_654' title='bbox 1013 4784 1080 4838; x_wconf 91' lang='lat' dir='ltr'><strong>de</strong></span> <span class='ocrx_word' id='word_1_655' title='bbox 1126 4783 1208 4838; x_wconf 86' lang='lat' dir='ltr'><strong>his</strong></span> <span class='ocrx_word' id='word_1_656' title='bbox 1238 4783 1573 4837; x_wconf 88' lang='lat' dir='ltr'><strong>arbitrantes</strong></span> <span class='ocrx_word' id='word_1_657' title='bbox 1607 4790 1829 4835; x_wconf 84' lang='lat' dir='ltr'><strong>nostros</strong></span> <span class='ocrx_word' id='word_1_658' title='bbox 1863 4780 2046 4834; x_wconf 89' lang='lat' dir='ltr'><strong>homi-</strong></span> 
     </span>
    </p>
   </div>
   <div class='ocr_carea' id='block_1_92' title="bbox 477 4873 2044 4950">
    <p class='ocr_par' dir='ltr' id='par_1_92' title="bbox 477 4873 2044 4950">
     <span class='ocr_line' id='line_1_92' title="bbox 477 4873 2044 4950; baseline -0.007 -13"><span class='ocrx_word' id='word_1_659' title='bbox 477 4898 574 4937; x_wconf 83' lang='lat' dir='ltr'><strong>nes</strong></span> <span class='ocrx_word' id='word_1_660' title='bbox 615 4896 774 4950; x_wconf 79' lang='lat' dir='ltr'><strong>quam</strong></span> <span class='ocrx_word' id='word_1_661' title='bbox 812 4879 979 4934; x_wconf 81' lang='lat' dir='ltr'><strong>inﬁda</strong></span> <span class='ocrx_word' id='word_1_662' title='bbox 1011 4877 1209 4932; x_wconf 85' lang='lat' dir='ltr'><strong>vicinia</strong></span> <span class='ocrx_word' id='word_1_663' title='bbox 1250 4878 1501 4946; x_wconf 79' lang='lat' dir='ltr'><strong>luporum</strong></span> <span class='ocrx_word' id='word_1_664' title='bbox 1544 4891 1666 4930; x_wconf 87' lang='lat' dir='ltr'><strong>cum</strong></span> <span class='ocrx_word' id='word_1_665' title='bbox 1699 4873 1849 4945; x_wconf 83' lang='lat' dir='ltr'><strong>agnis</strong></span> <span class='ocrx_word' id='word_1_666' title='bbox 1879 4882 2044 4939; x_wconf 89' lang='lat' dir='ltr'><strong>esset,</strong></span> 
     </span>
    </p>
   </div>
   <div class='ocr_carea' id='block_1_93' title="bbox 473 4967 2046 5045">
    <p class='ocr_par' dir='ltr' id='par_1_93' title="bbox 473 4967 2046 5045">
     <span class='ocr_line' id='line_1_93' title="bbox 473 4967 2046 5045; baseline -0.003 -19"><span class='ocrx_word' id='word_1_667' title='bbox 473 4989 748 5045; x_wconf 70' lang='lat' dir='ltr'><strong>quamque</strong></span> <span class='ocrx_word' id='word_1_668' title='bbox 803 4981 1072 5044; x_wconf 70' lang='lat' dir='ltr'><strong>suspecta:</strong></span> <span class='ocrx_word' id='word_1_669' title='bbox 1137 4971 1365 5026; x_wconf 75' lang='lat' dir='ltr'><strong>indutiae</strong></span> <span class='ocrx_word' id='word_1_670' title='bbox 1421 4969 1796 5039; x_wconf 88' lang='lat' dir='ltr'><strong>pollicentium</strong></span> <span class='ocrx_word' id='word_1_671' title='bbox 1852 4967 2046 5023; x_wconf 82' lang='lat' dir='ltr'><strong>convi-</strong></span> 
     </span>
    </p>
   </div>
   <div class='ocr_carea' id='block_1_94' title="bbox 476 5058 2046 5138">
    <p class='ocr_par' dir='ltr' id='par_1_94' title="bbox 476 5058 2046 5138">
     <span class='ocr_line' id='line_1_94' title="bbox 476 5058 2046 5138; baseline -0.006 -17"><span class='ocrx_word' id='word_1_672' title='bbox 476 5079 625 5121; x_wconf 78' lang='lat' dir='ltr'><strong>ctum</strong></span> <span class='ocrx_word' id='word_1_673' title='bbox 681 5058 994 5125; x_wconf 86' lang='lat' dir='ltr'><strong>indemnem</strong></span> <span class='ocrx_word' id='word_1_674' title='bbox 1051 5064 1153 5119; x_wconf 92' lang='lat' dir='ltr'><strong>sibi</strong></span> <span class='ocrx_word' id='word_1_675' title='bbox 1200 5078 1381 5138; x_wconf 84' lang='lat' dir='ltr'><strong>prope</strong></span> <span class='ocrx_word' id='word_1_676' title='bbox 1423 5061 1768 5130; x_wconf 74' lang='lat' dir='ltr'><strong>degentibus,</strong></span> <span class='ocrx_word' id='word_1_677' title='bbox 1825 5059 2046 5115; x_wconf 85' lang='lat' dir='ltr'><strong>interim</strong></span> 
     </span>
    </p>
   </div>
   <div class='ocr_carea' id='block_1_95' title="bbox 474 5151 2050 5227">
    <p class='ocr_par' dir='ltr' id='par_1_95' title="bbox 474 5151 2050 5227">
     <span class='ocr_line' id='line_1_95' title="bbox 474 5151 2050 5227; baseline -0.003 -16"><span class='ocrx_word' id='word_1_678' title='bbox 474 5159 604 5221; x_wconf 85' lang='lat' dir='ltr'><strong>dum</strong></span> <span class='ocrx_word' id='word_1_679' title='bbox 660 5159 712 5212; x_wconf 94' lang='lat' dir='ltr'><strong>iu</strong></span> <span class='ocrx_word' id='word_1_680' title='bbox 761 5157 896 5212; x_wconf 90' lang='lat' dir='ltr'><strong>alios</strong></span> <span class='ocrx_word' id='word_1_681' title='bbox 943 5156 1188 5227; x_wconf 80' lang='lat' dir='ltr'><strong>ejusdem</strong></span> <span class='ocrx_word' id='word_1_682' title='bbox 1238 5170 1424 5211; x_wconf 89' lang='lat' dir='ltr'><strong>secum</strong></span> <span class='ocrx_word' id='word_1_683' title='bbox 1481 5154 1660 5222; x_wconf 79' lang='lat' dir='ltr'><strong>gentis</strong></span> <span class='ocrx_word' id='word_1_684' title='bbox 1717 5168 1780 5208; x_wconf 90' lang='lat' dir='ltr'><strong>ac</strong></span> <span class='ocrx_word' id='word_1_685' title='bbox 1829 5151 2050 5224; x_wconf 86' lang='lat' dir='ltr'><strong>generis</strong></span> 
     </span>
    </p>
   </div>
   <div class='ocr_carea' id='block_1_96' title="bbox 477 5245 2049 5319">
    <p class='ocr_par' dir='ltr' id='par_1_96' title="bbox 477 5245 2049 5319">
     <span class='ocr_line' id='line_1_96' title="bbox 477 5245 2049 5319; baseline -0.004 -14"><span class='ocrx_word' id='word_1_686' title='bbox 477 5251 803 5306; x_wconf 64' lang='lat' dir='ltr'><strong>excurrendi</strong></span> <span class='ocrx_word' id='word_1_687' title='bbox 841 5248 1245 5315; x_wconf 83' lang='lat' dir='ltr'><strong>latrocinando,</strong></span> <span class='ocrx_word' id='word_1_688' title='bbox 1285 5258 1343 5303; x_wconf 88' lang='lat' dir='ltr'><strong>ut</strong></span> <span class='ocrx_word' id='word_1_689' title='bbox 1398 5245 1674 5319; x_wconf 83' lang='lat' dir='ltr'><strong>solebant,</strong></span> <span class='ocrx_word' id='word_1_690' title='bbox 1716 5245 1822 5302; x_wconf 87' lang='lat' dir='ltr'><strong>sibi</strong></span> <span class='ocrx_word' id='word_1_691' title='bbox 1877 5247 2049 5300; x_wconf 83' lang='lat' dir='ltr'><strong>licen-</strong></span> 
     </span>
    </p>
   </div>
   <div class='ocr_carea' id='block_1_97' title="bbox 480 5324 2050 5418">
    <p class='ocr_par' dir='ltr' id='par_1_97' title="bbox 480 5324 2050 5418">
     <span class='ocr_line' id='line_1_97' title="bbox 480 5324 2050 5418; baseline -0.006 -19"><span class='ocrx_word' id='word_1_692' title='bbox 480 5349 608 5399; x_wconf 85' lang='lat' dir='ltr'><strong>tiam</strong></span> <span class='ocrx_word' id='word_1_693' title='bbox 657 5344 991 5413; x_wconf 73' lang='lat' dir='ltr'><strong>exciperent,</strong></span> <span class='ocrx_word' id='word_1_694' title='bbox 1021 5341 1418 5418; x_wconf 76' lang='lat' dir='ltr'><strong>tamenquia,</strong></span> <span class='ocrx_word' id='word_1_695' title='bbox 1467 5348 1525 5393; x_wconf 90' lang='lat' dir='ltr'><strong>ut</strong></span> <span class='ocrx_word' id='word_1_696' title='bbox 1559 5324 1817 5402; x_wconf 75' lang='lat' dir='ltr'><strong>iudicavi,</strong></span> <span class='ocrx_word' id='word_1_697' title='bbox 1877 5352 2050 5406; x_wconf 86' lang='lat' dir='ltr'><strong>aqua-</strong></span> 
     </span>
    </p>
   </div>
   <div class='ocr_carea' id='block_1_98' title="bbox 478 5417 2048 5507">
    <p class='ocr_par' dir='ltr' id='par_1_98' title="bbox 478 5417 2048 5507">
     <span class='ocr_line' id='line_1_98' title="bbox 478 5417 2048 5507; baseline -0.005 -15"><span class='ocrx_word' id='word_1_698' title='bbox 478 5439 632 5492; x_wconf 82' lang='lat' dir='ltr'><strong>tinnc</strong></span> <span class='ocrx_word' id='word_1_699' title='bbox 657 5447 710 5492; x_wconf 89' lang='lat' dir='ltr'><strong>et</strong></span> <span class='ocrx_word' id='word_1_700' title='bbox 761 5436 1098 5507; x_wconf 80' lang='lat' dir='ltr'><strong>agricultura</strong></span> <span class='ocrx_word' id='word_1_701' title='bbox 1150 5417 1356 5489; x_wconf 78' lang='lat' dir='ltr'><strong>dudum</strong></span> <span class='ocrx_word' id='word_1_702' title='bbox 1408 5431 1616 5486; x_wconf 81' lang='lat' dir='ltr'><strong>exclusi</strong></span> <span class='ocrx_word' id='word_1_703' title='bbox 1658 5431 1782 5484; x_wconf 70' lang='lat' dir='ltr'><strong>vitae</strong></span> <span class='ocrx_word' id='word_1_704' title='bbox 1835 5431 2048 5484; x_wconf 89' lang='lat' dir='ltr'><strong>utilium</strong></span> 
     </span>
    </p>
   </div>
   <div class='ocr_carea' id='block_1_99' title="bbox 482 5529 2052 5605">
    <p class='ocr_par' dir='ltr' id='par_1_99' title="bbox 482 5529 2052 5605">
     <span class='ocr_line' id='line_1_99' title="bbox 482 5529 2052 5605; baseline -0.003 -17"><span class='ocrx_word' id='word_1_705' title='bbox 482 5536 665 5605; x_wconf 85' lang='lat' dir='ltr'><strong>inopia</strong></span> <span class='ocrx_word' id='word_1_706' title='bbox 689 5535 798 5603; x_wconf 85' lang='lat' dir='ltr'><strong>jam</strong></span> <span class='ocrx_word' id='word_1_707' title='bbox 823 5544 1065 5587; x_wconf 81' lang='lat' dir='ltr'><strong>extrema</strong></span> <span class='ocrx_word' id='word_1_708' title='bbox 1096 5531 1439 5591; x_wconf 82' lang='lat' dir='ltr'><strong>laborabant,</strong></span> <span class='ocrx_word' id='word_1_709' title='bbox 1466 5529 1695 5584; x_wconf 86' lang='lat' dir='ltr'><strong>stultum</strong></span> <span class='ocrx_word' id='word_1_710' title='bbox 1733 5542 1858 5582; x_wconf 85' lang='lat' dir='ltr'><strong>esse</strong></span> <span class='ocrx_word' id='word_1_711' title='bbox 1889 5529 2052 5598; x_wconf 83' lang='lat' dir='ltr'><strong>judi-</strong></span> 
     </span>
    </p>
   </div>
   <div class='ocr_carea' id='block_1_100' title="bbox 482 5611 2056 5696">
    <p class='ocr_par' dir='ltr' id='par_1_100' title="bbox 482 5611 2056 5696">
     <span class='ocr_line' id='line_1_100' title="bbox 482 5611 2056 5696; baseline -0.005 -14"><span class='ocrx_word' id='word_1_712' title='bbox 482 5611 683 5682; x_wconf 86' lang='lat' dir='ltr'><strong>carnnt</strong></span> <span class='ocrx_word' id='word_1_713' title='bbox 729 5644 835 5680; x_wconf 85' lang='lat' dir='ltr'><strong>non</strong></span> <span class='ocrx_word' id='word_1_714' title='bbox 871 5633 1169 5696; x_wconf 63' lang='lat' dir='ltr'><strong>prmliptare</strong></span> <span class='ocrx_word' id='word_1_715' title='bbox 1202 5625 1370 5677; x_wconf 74' lang='lat' dir='ltr'><strong>exitio</strong></span> <span class='ocrx_word' id='word_1_716' title='bbox 1420 5621 1672 5693; x_wconf 75' lang='lat' dir='ltr'><strong>praesenti</strong></span> <span class='ocrx_word' id='word_1_717' title='bbox 1719 5621 2056 5691; x_wconf 82' lang='lat' dir='ltr'><strong>quantumli-</strong></span> 
     </span>
    </p>
   </div>
   <div class='ocr_carea' id='block_1_101' title="bbox 485 5704 2049 5792">
    <p class='ocr_par' dir='ltr' id='par_1_101' title="bbox 485 5704 2049 5792">
     <span class='ocr_line' id='line_1_101' title="bbox 485 5704 2049 5792; baseline -0.004 -18"><span class='ocrx_word' id='word_1_718' title='bbox 485 5724 574 5774; x_wconf 69' lang='grc' dir='ltr'>ιινι</span> <span class='ocrx_word' id='word_1_719' title='bbox 622 5722 890 5792; x_wconf 82' lang='lat' dir='ltr'><strong>ancipites</strong></span> <span class='ocrx_word' id='word_1_720' title='bbox 935 5735 1001 5773; x_wconf 85' lang='lat' dir='ltr'><strong>ac</strong></span> <span class='ocrx_word' id='word_1_721' title='bbox 1046 5717 1213 5775; x_wconf 85' lang='lat' dir='ltr'><strong>duras</strong></span> <span class='ocrx_word' id='word_1_722' title='bbox 1264 5719 1610 5772; x_wconf 85' lang='lat' dir='ltr'><strong>conditiones</strong></span> <span class='ocrx_word' id='word_1_723' title='bbox 1658 5704 1836 5784; x_wconf 84' lang='lat' dir='ltr'><strong>turpis</strong></span> <span class='ocrx_word' id='word_1_724' title='bbox 1883 5715 2049 5777; x_wconf 86' lang='lat' dir='ltr'><strong>etiam</strong></span> 
     </span>
    </p>
   </div>
   <div class='ocr_carea' id='block_1_102' title="bbox 492 5807 2050 5880">
    <p class='ocr_par' dir='ltr' id='par_1_102' title="bbox 492 5807 2050 5880">
     <span class='ocr_line' id='line_1_102' title="bbox 492 5807 2050 5880; baseline -0.006 -8"><span class='ocrx_word' id='word_1_725' title='bbox 492 5815 735 5872; x_wconf 76' lang='lat' dir='ltr'><strong>iwdcris.</strong></span> <span class='ocrx_word' id='word_1_726' title='bbox 789 5813 1060 5871; x_wconf 85' lang='lat' dir='ltr'><strong>Assentiri</strong></span> <span class='ocrx_word' id='word_1_727' title='bbox 1092 5827 1150 5868; x_wconf 81' lang='lat' dir='ltr'><strong>se</strong></span> <span class='ocrx_word' id='word_1_728' title='bbox 1188 5813 1468 5867; x_wconf 69' lang='lat' dir='ltr'><strong>dixerunt.</strong></span> <span class='ocrx_word' id='word_1_729' title='bbox 1521 5811 1639 5866; x_wconf 82' lang='lat' dir='ltr'><strong>Mox</strong></span> <span class='ocrx_word' id='word_1_730' title='bbox 1673 5829 1767 5880; x_wconf 61' lang='lat' dir='ltr'><strong>ag&#39;</strong></span> <span class='ocrx_word' id='word_1_731' title='bbox 1799 5821 1952 5869; x_wconf 71' lang='lat' dir='ltr'><strong>sane;</strong></span> <span class='ocrx_word' id='word_1_732' title='bbox 1996 5807 2050 5865; x_wconf 89' lang='lat' dir='ltr'><strong>in</strong></span> 
     </span>
    </p>
   </div>
   <div class='ocr_carea' id='block_1_103' title="bbox 2155 4580 3728 4654">
    <p class='ocr_par' dir='ltr' id='par_1_103' title="bbox 2155 4580 3728 4654">
     <span class='ocr_line' id='line_1_103' title="bbox 2155 4580 3728 4654; baseline -0.002 -15"><span class='ocrx_word' id='word_1_733' title='bbox 2155 4580 2414 4639; x_wconf 83' lang='lat' dir='ltr'><strong>insuitum</strong></span> <span class='ocrx_word' id='word_1_734' title='bbox 2449 4582 2776 4649; x_wconf 74' lang='lat' dir='ltr'><strong>perfidorum</strong></span> <span class='ocrx_word' id='word_1_735' title='bbox 2806 4583 3082 4654; x_wconf 86' lang='lat' dir='ltr'><strong>hospitum</strong></span> <span class='ocrx_word' id='word_1_736' title='bbox 3117 4587 3342 4639; x_wconf 83' lang='lat' dir='ltr'><strong>necesse</strong></span> <span class='ocrx_word' id='word_1_737' title='bbox 3370 4583 3728 4639; x_wconf 84' lang='lat' dir='ltr'><strong>habentibus.</strong></span> 
     </span>
    </p>
   </div>
   <div class='ocr_carea' id='block_1_104' title="bbox 2148 4667 3728 4732">
    <p class='ocr_par' dir='ltr' id='par_1_104' title="bbox 2148 4667 3728 4732">
     <span class='ocr_line' id='line_1_104' title="bbox 2148 4667 3728 4732; baseline 0 -4"><span class='ocrx_word' id='word_1_738' title='bbox 2148 4667 2246 4731; x_wconf 74' lang='lat' dir='ltr'><strong>llis</strong></span> <span class='ocrx_word' id='word_1_739' title='bbox 2284 4673 2480 4730; x_wconf 86' lang='lat' dir='ltr'><strong>idoneo</strong></span> <span class='ocrx_word' id='word_1_740' title='bbox 2531 4675 2762 4729; x_wconf 88' lang='lat' dir='ltr'><strong>militum</strong></span> <span class='ocrx_word' id='word_1_741' title='bbox 2803 4689 3034 4730; x_wconf 90' lang='lat' dir='ltr'><strong>nmnero</strong></span> <span class='ocrx_word' id='word_1_742' title='bbox 3069 4689 3259 4732; x_wconf 89' lang='lat' dir='ltr'><strong>secum</strong></span> <span class='ocrx_word' id='word_1_743' title='bbox 3290 4683 3510 4729; x_wconf 88' lang='lat' dir='ltr'><strong>armato</strong></span> <span class='ocrx_word' id='word_1_744' title='bbox 3558 4681 3728 4731; x_wconf 90' lang='lat' dir='ltr'><strong>noctu</strong></span> 
     </span>
    </p>
   </div>
   <div class='ocr_carea' id='block_1_105' title="bbox 2151 4766 3728 4838">
    <p class='ocr_par' dir='ltr' id='par_1_105' title="bbox 2151 4766 3728 4838">
     <span class='ocr_line' id='line_1_105' title="bbox 2151 4766 3728 4838; baseline -0.001 -16"><span class='ocrx_word' id='word_1_745' title='bbox 2151 4769 2263 4822; x_wconf 89' lang='lat' dir='ltr'><strong>arci</strong></span> <span class='ocrx_word' id='word_1_746' title='bbox 2318 4767 2580 4822; x_wconf 85' lang='lat' dir='ltr'><strong>Sardcnsi</strong></span> <span class='ocrx_word' id='word_1_747' title='bbox 2637 4784 2696 4824; x_wconf 88' lang='lat' dir='ltr'><strong>se</strong></span> <span class='ocrx_word' id='word_1_748' title='bbox 2724 4768 2998 4824; x_wconf 89' lang='lat' dir='ltr'><strong>admovet.</strong></span> <span class='ocrx_word' id='word_1_749' title='bbox 3064 4767 3258 4824; x_wconf 87' lang='lat' dir='ltr'><strong>Statim</strong></span> <span class='ocrx_word' id='word_1_750' title='bbox 3312 4769 3572 4838; x_wconf 85' lang='lat' dir='ltr'><strong>apparuit</strong></span> <span class='ocrx_word' id='word_1_751' title='bbox 3621 4766 3728 4823; x_wconf 91' lang='lat' dir='ltr'><strong>utri</strong></span> 
     </span>
    </p>
   </div>
   <div class='ocr_carea' id='block_1_106' title="bbox 2150 4861 3726 4933">
    <p class='ocr_par' dir='ltr' id='par_1_106' title="bbox 2150 4861 3726 4933">
     <span class='ocr_line' id='line_1_106' title="bbox 2150 4861 3726 4933; baseline -0.001 -16"><span class='ocrx_word' id='word_1_752' title='bbox 2150 4869 2500 4930; x_wconf 78' lang='lat' dir='ltr'><strong>exspectatus</strong></span> <span class='ocrx_word' id='word_1_753' title='bbox 2527 4861 2690 4928; x_wconf 87' lang='lat' dir='ltr'><strong>parti,</strong></span> <span class='ocrx_word' id='word_1_754' title='bbox 2729 4861 2834 4915; x_wconf 90' lang='lat' dir='ltr'><strong>utri</strong></span> <span class='ocrx_word' id='word_1_755' title='bbox 2865 4861 3150 4917; x_wconf 86' lang='lat' dir='ltr'><strong>adveniret</strong></span> <span class='ocrx_word' id='word_1_756' title='bbox 3181 4863 3524 4933; x_wconf 81' lang='lat' dir='ltr'><strong>improvisus</strong></span> <span class='ocrx_word' id='word_1_757' title='bbox 3556 4879 3570 4917; x_wconf 91' lang='lat'><strong>:</strong></span> <span class='ocrx_word' id='word_1_758' title='bbox 3603 4874 3726 4916; x_wconf 89' lang='lat' dir='ltr'><strong>nam</strong></span> 
     </span>
    </p>
   </div>
   <div class='ocr_carea' id='block_1_107' title="bbox 2150 4951 3731 5026">
    <p class='ocr_par' dir='ltr' id='par_1_107' title="bbox 2150 4951 3731 5026">
     <span class='ocr_line' id='line_1_107' title="bbox 2150 4951 3731 5026; baseline -0.002 -18"><span class='ocrx_word' id='word_1_759' title='bbox 2150 4969 2180 5008; x_wconf 89' lang='lat' dir='ltr'><strong>a</strong></span> <span class='ocrx_word' id='word_1_760' title='bbox 2214 4955 2474 5009; x_wconf 83' lang='lat' dir='ltr'><strong>Romanis</strong></span> <span class='ocrx_word' id='word_1_761' title='bbox 2510 4956 2852 5026; x_wconf 83' lang='lat' dir='ltr'><strong>gratulanter</strong></span> <span class='ocrx_word' id='word_1_762' title='bbox 2898 4964 3180 5024; x_wconf 89' lang='lat' dir='ltr'><strong>acceptus,</strong></span> <span class='ocrx_word' id='word_1_763' title='bbox 3214 4951 3513 5010; x_wconf 77' lang='lat' dir='ltr'><strong>confestim</strong></span> <span class='ocrx_word' id='word_1_764' title='bbox 3550 4957 3603 5008; x_wconf 93' lang='lat' dir='ltr'><strong>in</strong></span> <span class='ocrx_word' id='word_1_765' title='bbox 3638 4969 3731 5006; x_wconf 70' lang='lat' dir='ltr'><strong>suo</strong></span> 
     </span>
    </p>
   </div>
   <div class='ocr_carea' id='block_1_108' title="bbox 2153 5048 3739 5119">
    <p class='ocr_par' dir='ltr' id='par_1_108' title="bbox 2153 5048 3739 5119">
     <span class='ocr_line' id='line_1_108' title="bbox 2153 5048 3739 5119; baseline 0.001 -20"><span class='ocrx_word' id='word_1_766' title='bbox 2153 5050 2292 5119; x_wconf 81' lang='lat' dir='ltr'><strong>pitos</strong></span> <span class='ocrx_word' id='word_1_767' title='bbox 2371 5051 2590 5105; x_wconf 86' lang='lat' dir='ltr'><strong>irruens</strong></span> <span class='ocrx_word' id='word_1_768' title='bbox 2674 5050 2938 5104; x_wconf 83' lang='lat' dir='ltr'><strong>barbaros</strong></span> <span class='ocrx_word' id='word_1_769' title='bbox 3014 5051 3195 5103; x_wconf 85' lang='lat' dir='ltr'><strong>dirum</strong></span> <span class='ocrx_word' id='word_1_770' title='bbox 3260 5048 3366 5103; x_wconf 91' lang='lat' dir='ltr'><strong>illis</strong></span> <span class='ocrx_word' id='word_1_771' title='bbox 3450 5049 3739 5103; x_wconf 85' lang='lat' dir='ltr'><strong>somnium</strong></span> 
     </span>
    </p>
   </div>
   <div class='ocr_carea' id='block_1_109' title="bbox 2151 5133 3729 5214">
    <p class='ocr_par' dir='ltr' id='par_1_109' title="bbox 2151 5133 3729 5214">
     <span class='ocr_line' id='line_1_109' title="bbox 2151 5133 3729 5214; baseline -0.001 -18"><span class='ocrx_word' id='word_1_772' title='bbox 2151 5144 2430 5214; x_wconf 88' lang='lat' dir='ltr'><strong>portavit,</strong></span> <span class='ocrx_word' id='word_1_773' title='bbox 2475 5143 2854 5200; x_wconf 87' lang='lat' dir='ltr'><strong>internecione</strong></span> <span class='ocrx_word' id='word_1_774' title='bbox 2914 5144 3168 5214; x_wconf 67' lang='lat' dir='ltr'><strong>periuros</strong></span> <span class='ocrx_word' id='word_1_775' title='bbox 3222 5143 3468 5211; x_wconf 85' lang='lat' dir='ltr'><strong>latrones</strong></span> <span class='ocrx_word' id='word_1_776' title='bbox 3513 5133 3729 5197; x_wconf 67' lang='lat' dir='ltr'><strong>deleas.</strong></span> 
     </span>
    </p>
   </div>
   <div class='ocr_carea' id='block_1_110' title="bbox 2229 5234 3659 5309">
    <p class='ocr_par' dir='ltr' id='par_1_110' title="bbox 2229 5234 3659 5309">
     <span class='ocr_line' id='line_1_110' title="bbox 2229 5234 3659 5309; baseline -0.004 -13"><span class='ocrx_word' id='word_1_777' title='bbox 2229 5240 2316 5296; x_wconf 81' lang='lat' dir='ltr'><strong>l7.</strong></span> <span class='ocrx_word' id='word_1_778' title='bbox 2358 5234 2436 5293; x_wconf 81' lang='lat' dir='ltr'><strong>De</strong></span> <span class='ocrx_word' id='word_1_779' title='bbox 2465 5237 2797 5309; x_wconf 76' lang='lat' dir='ltr'><strong>imperatoris</strong></span> <span class='ocrx_word' id='word_1_780' title='bbox 2826 5235 3104 5291; x_wconf 76' lang='lat' dir='ltr'><strong>Michaelis</strong></span> <span class='ocrx_word' id='word_1_781' title='bbox 3143 5237 3198 5290; x_wconf 83' lang='lat' dir='ltr'><strong>in</strong></span> <span class='ocrx_word' id='word_1_782' title='bbox 3237 5237 3420 5290; x_wconf 81' lang='lat' dir='ltr'><strong>urbem</strong></span> <span class='ocrx_word' id='word_1_783' title='bbox 3456 5235 3659 5290; x_wconf 81' lang='lat' dir='ltr'><strong>reditu.</strong></span> 
     </span>
    </p>
   </div>
   <div class='ocr_carea' id='block_1_111' title="bbox 2224 5323 3732 5400">
    <p class='ocr_par' dir='ltr' id='par_1_111' title="bbox 2224 5323 3732 5400">
     <span class='ocr_line' id='line_1_111' title="bbox 2224 5323 3732 5400; baseline -0.005 -14"><span class='ocrx_word' id='word_1_784' title='bbox 2224 5331 2293 5388; x_wconf 86' lang='lat' dir='ltr'><strong>At</strong></span> <span class='ocrx_word' id='word_1_785' title='bbox 2329 5329 2560 5386; x_wconf 80' lang='lat' dir='ltr'><strong>Michael</strong></span> <span class='ocrx_word' id='word_1_786' title='bbox 2593 5331 2892 5400; x_wconf 89' lang='lat' dir='ltr'><strong>imperator</strong></span> <span class='ocrx_word' id='word_1_787' title='bbox 2929 5345 2957 5384; x_wconf 91' lang='lat' dir='ltr'><strong>e</strong></span> <span class='ocrx_word' id='word_1_788' title='bbox 2994 5335 3188 5383; x_wconf 89' lang='lat' dir='ltr'><strong>morbo</strong></span> <span class='ocrx_word' id='word_1_789' title='bbox 3233 5335 3517 5383; x_wconf 86' lang='lat' dir='ltr'><strong>recreatus</strong></span> <span class='ocrx_word' id='word_1_790' title='bbox 3547 5323 3732 5379; x_wconf 89' lang='lat' dir='ltr'><strong>adhuc</strong></span> 
     </span>
    </p>
   </div>
   <div class='ocr_carea' id='block_1_112' title="bbox 2153 5421 3734 5498">
    <p class='ocr_par' dir='ltr' id='par_1_112' title="bbox 2153 5421 3734 5498">
     <span class='ocr_line' id='line_1_112' title="bbox 2153 5421 3734 5498; baseline -0.008 -14"><span class='ocrx_word' id='word_1_791' title='bbox 2153 5425 2311 5498; x_wconf 79' lang='lat' dir='ltr'><strong>Pegis</strong></span> <span class='ocrx_word' id='word_1_792' title='bbox 2364 5424 2713 5491; x_wconf 86' lang='lat' dir='ltr'><strong>morabatur;</strong></span> <span class='ocrx_word' id='word_1_793' title='bbox 2753 5437 2863 5492; x_wconf 91' lang='lat' dir='ltr'><strong>quo</strong></span> <span class='ocrx_word' id='word_1_794' title='bbox 2914 5438 3036 5476; x_wconf 91' lang='lat' dir='ltr'><strong>cum</strong></span> <span class='ocrx_word' id='word_1_795' title='bbox 3071 5421 3241 5475; x_wconf 89' lang='lat' dir='ltr'><strong>illum</strong></span> <span class='ocrx_word' id='word_1_796' title='bbox 3277 5428 3648 5474; x_wconf 83' lang='lat' dir='ltr'><strong>veneratums</strong></span> <span class='ocrx_word' id='word_1_797' title='bbox 3681 5425 3734 5474; x_wconf 90' lang='lat' dir='ltr'><strong>ct</strong></span> 
     </span>
    </p>
   </div>
   <div class='ocr_carea' id='block_1_113' title="bbox 2156 5512 3730 5590">
    <p class='ocr_par' dir='ltr' id='par_1_113' title="bbox 2156 5512 3730 5590">
     <span class='ocr_line' id='line_1_113' title="bbox 2156 5512 3730 5590; baseline -0.007 -13"><span class='ocrx_word' id='word_1_798' title='bbox 2156 5519 2416 5590; x_wconf 88' lang='lat' dir='ltr'><strong>obsequia</strong></span> <span class='ocrx_word' id='word_1_799' title='bbox 2447 5519 2676 5588; x_wconf 85' lang='lat' dir='ltr'><strong>principi</strong></span> <span class='ocrx_word' id='word_1_800' title='bbox 2714 5534 2740 5570; x_wconf 85' lang='lat' dir='ltr'><strong>a</strong></span> <span class='ocrx_word' id='word_1_801' title='bbox 2776 5516 2994 5571; x_wconf 89' lang='lat' dir='ltr'><strong>subdito</strong></span> <span class='ocrx_word' id='word_1_802' title='bbox 3025 5515 3210 5570; x_wconf 81' lang='lat' dir='ltr'><strong>debita</strong></span> <span class='ocrx_word' id='word_1_803' title='bbox 3237 5512 3730 5569; x_wconf 76' lang='lat' dir='ltr'><strong>exhibiturus~dux</strong></span> 
     </span>
    </p>
   </div>
   <div class='ocr_carea' id='block_1_114' title="bbox 2157 5603 3731 5684">
    <p class='ocr_par' dir='ltr' id='par_1_114' title="bbox 2157 5603 3731 5684">
     <span class='ocr_line' id='line_1_114' title="bbox 2157 5603 3731 5684; baseline -0.008 -12"><span class='ocrx_word' id='word_1_804' title='bbox 2157 5630 2388 5684; x_wconf 86' lang='lat' dir='ltr'><strong>magnus</strong></span> <span class='ocrx_word' id='word_1_805' title='bbox 2410 5629 2438 5668; x_wconf 89' lang='lat' dir='ltr'><strong>e</strong></span> <span class='ocrx_word' id='word_1_806' title='bbox 2470 5611 2671 5684; x_wconf 76' lang='lat' dir='ltr'><strong>Cyzico</strong></span> <span class='ocrx_word' id='word_1_807' title='bbox 2708 5611 2967 5670; x_wconf 85' lang='lat' dir='ltr'><strong>venisset,</strong></span> <span class='ocrx_word' id='word_1_808' title='bbox 3002 5609 3184 5664; x_wconf 82' lang='lat' dir='ltr'><strong>sciens</strong></span> <span class='ocrx_word' id='word_1_809' title='bbox 3219 5609 3500 5678; x_wconf 78' lang='lat' dir='ltr'><strong>Angustus</strong></span> <span class='ocrx_word' id='word_1_810' title='bbox 3537 5603 3731 5676; x_wconf 79' lang='lat' dir='ltr'><strong>junior</strong></span> 
     </span>
    </p>
   </div>
   <div class='ocr_carea' id='block_1_115' title="bbox 2170 5696 3733 5771">
    <p class='ocr_par' dir='ltr' id='par_1_115' title="bbox 2170 5696 3733 5771">
     <span class='ocr_line' id='line_1_115' title="bbox 2170 5696 3733 5771; baseline -0.01 -5"><span class='ocrx_word' id='word_1_811' title='bbox 2170 5723 2387 5766; x_wconf 89' lang='lat' dir='ltr'><strong>summo</strong></span> <span class='ocrx_word' id='word_1_812' title='bbox 2424 5724 2523 5762; x_wconf 89' lang='lat' dir='ltr'><strong>suo</strong></span> <span class='ocrx_word' id='word_1_813' title='bbox 2559 5697 2760 5759; x_wconf 67' lang='lat' dir='ltr'><strong>dolare</strong></span> <span class='ocrx_word' id='word_1_814' title='bbox 2797 5711 3061 5771; x_wconf 87' lang='lat' dir='ltr'><strong>quantum</strong></span> <span class='ocrx_word' id='word_1_815' title='bbox 3094 5700 3184 5756; x_wconf 89' lang='lat' dir='ltr'><strong>ille</strong></span> <span class='ocrx_word' id='word_1_816' title='bbox 3227 5709 3281 5754; x_wconf 87' lang='lat' dir='ltr'><strong>et</strong></span> <span class='ocrx_word' id='word_1_817' title='bbox 3315 5700 3431 5770; x_wconf 83' lang='lat' dir='ltr'><strong>ejus</strong></span> <span class='ocrx_word' id='word_1_818' title='bbox 3456 5696 3577 5752; x_wconf 87' lang='lat' dir='ltr'><strong>Itali</strong></span> <span class='ocrx_word' id='word_1_819' title='bbox 3614 5705 3733 5752; x_wconf 83' lang='lat' dir='ltr'><strong>tur-</strong></span> 
     </span>
    </p>
   </div>
   <div class='ocr_carea' id='block_1_116' title="bbox 2167 5790 3732 5870">
    <p class='ocr_par' dir='ltr' id='par_1_116' title="bbox 2167 5790 3732 5870">
     <span class='ocr_line' id='line_1_116' title="bbox 2167 5790 3732 5870; baseline -0.009 -10"><span class='ocrx_word' id='word_1_820' title='bbox 2167 5806 2353 5860; x_wconf 87' lang='lat' dir='ltr'><strong>barum</strong></span> <span class='ocrx_word' id='word_1_821' title='bbox 2392 5801 2554 5857; x_wconf 86' lang='lat' dir='ltr'><strong>modo</strong></span> <span class='ocrx_word' id='word_1_822' title='bbox 2600 5796 2784 5870; x_wconf 71' lang='lat' dir='ltr'><strong>Cyzici</strong></span> <span class='ocrx_word' id='word_1_823' title='bbox 2823 5795 3141 5858; x_wconf 83' lang='lat' dir='ltr'><strong>movissent,</strong></span> <span class='ocrx_word' id='word_1_824' title='bbox 3174 5792 3459 5849; x_wconf 83' lang='lat' dir='ltr'><strong>admittere</strong></span> <span class='ocrx_word' id='word_1_825' title='bbox 3490 5790 3732 5846; x_wconf 83' lang='lat' dir='ltr'><strong>invisum</strong></span> 
     </span>
    </p>
   </div>
  </div>
