3996 6230
491 230 600 308 447

1679 251 2009 314 GEORGII
2047 253 2540 313 PAClIYMEh.‘E

3655 253 3755 319 148

499 353 795 426 Ῥωμαίων
817 355 1096 438 Λάγάλλιιν
1120 333 1624 436 κατεπηγγέλλετο.
1651 367 1716 435 τῇ
1747 364 1804 427 δὲ
1841 348 2079 438 πενθερᾷ
2110 370 2151 426 Α
2180 365 2381 437 ἀπῄτει
2430 347 2647 434 ⁶πιστῆς
2709 372 3041 433 προσεύριας
3094 368 3188 426 καὶ
3245 364 3629 431 ξυναυλίσεως.
3679 372 3752 435 ὡς

488 445 684 500 τούτου
713 449 780 519 τῇ
816 435 926 503 ’τοῦ
975 449 1246 520 Σμίλτζου
1296 453 1544 524 συζὺγῳ,
1597 456 1900 531 αὑτανεψίᾳ
1945 435 2081 532 οῠση

490 535 613 610 (τοῦ
653 540 762 611 γὰρ
821 541 1328 618 σεδαστοκράτορος
1367 549 1785 607 Κωνσταντίνου
1831 552 2083 624 θυγάτηρ

488 625 583 703 ἦν)
613 635 684 687 τὰ
718 634 955 705 μέγιστα
985 642 1372 715 προσθαρρῶν,
1404 643 1480 709 ὡς
1508 644 1600 699 τὸν
1622 647 1873 716 γαμϐρὸν
1905 665 2086 719 παρα-

494 725 676 780 mlcet
700 728 798 782 καὶ
830 731 1230 802 ἑκμειλίξαιτο,
1265 735 1495 808 πέμψας
1525 736 1617 793 τὸν
1650 739 1825 810 αὐτῆς
1854 740 2084 811 ἀδελφὺν

492 818 587 873 τὸν
610 820 980 892 Παλαιολόγον
1009 827 1232 902 Μιχαὴλ
1257 832 1368 893 τοῖς
1396 832 1576 885 ικετσε
1600 834 1790 898 τόποις
1811 833 2084 906 ᾠκονόμει

491 913 563 967 τὰ
597 917 908 990 πρόσφορα.
946 914 1056 974 Ἦν
1096 922 1152 977 δὲ
1187 923 1445 994 βασιλεὺς
1486 926 1708 1000 Μιχαὴλ
1741 928 1832 983 ἐπὶ
1872 929 2085 993 τούτοις

495 1009 864 1082 προσδόκιμος
891 1012 1150 1079 ἐξελθεῖν,
1178 1015 1302 1071 ἐπεὶ
1332 1019 1428 1072 καὶ
1461 1019 1762 1090 ἐξηρτύετο
1793 1021 1917 1076 κατ’
1948 1023 2086 1078 ίδίαν

493 1101 567 1155 τὰ
595 1101 738 1158 οίκοι
763 1107 860 1160 καὶ
889 1104 1188 1177 βασιλικῶς
1209 1110 1547 1183 ᾠκονομεῖτο
1571 1129 1584 1145 ο
1621 1114 1953 1171 ἀποϐαλόντι
1975 1117 2087 1186 γὰρ

495 1193 568 1250 τὰ
595 1197 1028 1270 ἀποτεταγμένα
1060 1204 1112 1261 οἱ
1136 1205 1246 1258 τῶν
1274 1209 1544 1278 προνοιῶν
1576 1211 1698 1263 κατ’
1724 1200 1992 1284 ἀνατολὴν
2022 1214 2087 1268 ἐκ

493 1288 594 1358 τῆς
623 1288 734 1344 τῶν
777 1292 1101 1364 ’Δγαρηνῶν
1130 1288 1438 1360 ἐπιθέσεως
1466 1304 1915 1376 προσεκυροῦντο
1935 1306 2087 1378 παρὰ

497 1384 707 1455 πατρὸς
724 1385 798 1440 τά
824 1387 972 1443 κατά
988 1389 1141 1443 δύσιν
1161 1393 1418 1464 κτήματα
1439 1395 1531 1448 τοῦ
1555 1396 1818 1451 δεσπότου
1841 1399 2086 1471 Μιχαὴλ,

496 1475 647 1541 ὅσοις
673 1479 788 1551 ἀρα
830 1482 929 1536 καί⁵
963 1484 991 1536 ὀ
1026 1484 1292 1557 πενθερὸς
1328 1488 1542 1544 ἐκείνου
1580 1490 1842 1561 βασιλεὺς
1867 1492 2089 1566 Μιχαὴλ

497 1569 563 1624 ἐκ
587 1570 798 1636 δύσεως
831 1575 1061 1646 ἀγαγὼν
1092 1579 1196 1633 ὑπὸ
1228 1584 1486 1651 φρικταῖς
1529 1583 1848 1654 ὁμολογίαις
1891 1589 1986 1642 καὶ
2019 1590 2085 1659 τῇ

500 1659 738 1736 θυγατρὶ
794 1669 1114 1734 συνοικίσας
1173 1674 1611 1746 μεγαλοπρεπῶς
1657 1678 1964 1734 ἐπολυώρει
1995 1681 2089 1734 καὶ

466 1786 468 1788 ·
500 1751 579 1818 ὡς
608 1756 860 1828 γαμσρδν
891 1759 1121 1831 ἧγαλλε.
1882 1746 1894 1758 ’

493 1868 591 1928 ιθ’.
625 1870 762 1940 Περὶ
803 1871 916 1944 τῆς
952 1877 1284 1958 καταδίκης
1334 1879 1441 1958 τοῦ
1490 1882 1798 1946 δεσπότου
1844 1887 2089 1958 Μιχαὴᾷ⁵

540 2025 541 2028 η
835 2017 838 2021 ,
1078 1951 1184 2004 τοῦ
1228 1952 1528 2022 Ἀγτέλου.
1633 2000 1636 2002 ν

573 2033 649 2087 Τὸ
677 2033 722 2088 δ’
753 2035 925 2093 αἴτιον
954 2041 1056 2113 τῆς
1083 2043 1299 2108 ἐκείνου
1326 2045 1712 2120 ταλαιπωρίας
1743 2050 1837 2105 καὶ
1869 2051 2094 2123 ἐπισχε-

505 2143 646 2193 σεως
675 2130 776 2202 ἤδη
805 2133 907 2203 μὲν
943 2137 1036 2190 καὶ
1068 2141 1540 2206 προανατέτακτο,
1577 2142 1720 2214 πλὴν
1765 2146 1960 2215 ῥητέον
1997 2147 2092 2200 καὶ

505 2220 889 2297 ἑντελέστερον
929 2228 1011 2283 ὅτι
1060 2232 1404 2304 στρατιώτας
1456 2234 1758 2306 βασιλικῶν
1790 2238 2090 2308 ἀλλαγίων,

502 2311 554 2367 οἳ
585 2312 650 2387 δὴ
684 2317 781 2370 καὶ
812 2316 1133 2395 ἀντολίῆθεν
1178 2324 1602 2393 ἀποικισθέντες
1640 2328 1702 2395 ἔξ
1734 2327 1974 2399 ὑπογύου
2004 2330 2093 2386 διὰ

505 2409 604 2484 τὴν
651 2415 1003 2491 καταδρομὴν
1035 2422 1147 2477 τῶν
1204 2425 1434 2494 Περσῶν
1476 2426 1673 2490 αὐταῖς
1720 2428 1943 2495 γυναιξὶ
1997 2431 2093 2483 καὶ

504 2508 721 2573 τέκνοις
766 2512 933 2582 ἤλυον
988 2517 1130 2571 κατά
1164 2517 1340 2582 δύσιν,
1376 2520 1466 2574 διά
1511 2538 1658 2585 τινος
1705 2521 2095 2585 ἑνδςὶκείνων

505 2601 604 2656 τοῦ
639 2604 921 2678 Κοτέρτζη
970 2611 1136 2682 μέχρι
1183 2611 1280 2666 καὶ
1316 2613 1373 2675 ὰς
1420 2613 1620 2668 ἑκατὸν
1670 2615 2094 2686 προσεκαλεῖτο,

505 2694 604 2750 καὶ
657 2701 987 2770 προσιόντας
1034 2704 1329 2776 δεχόμενος
1379 2709 1524 2762 κατά
1567 2708 1724 2764 πόλιν
1769 2707 1844 2766 ὣν
1897 2711 2096 2784 ὅρκους

512 2877 769 2938 idoneam
810 2881 942 2938 talis
973 2883 1350 2957 sequestram
1389 2887 1782 2958 negotiationis
1822 2888 1942 2945 fore
1972 2905 2097 2946 creo

511 2970 674 3029 didit.
705 2974 760 3028 in
793 2972 904 3047 quo
929 2991 999 3032 ne
1026 2978 1119 3033 illa
1143 2980 1248 3036 sibi
1280 2991 1532 3051 parceret
1564 2991 1659 3038 attt
1679 2982 1847 3039 ullam
1874 2981 2099 3040 omitte-

508 3075 596 3120 ιιι-ι
626 3075 801 3123 artem
835 3069 1143 3128 deliniendi
1179 3088 1443 3144 generum
1472 3084 1530 3131 et
1558 3076 1626 3132 ab
1647 3091 1714 3132 eo
1739 3075 2093 3133 eblandiendi
2121 3097 2168 3155 ο

509 3175 634 3230 (μω
671 3164 890 3220 volebat
939 3164 1262 3237 imperator,
1319 3169 1706 3243 instigatorem
1752 3172 1803 3228 ei
1839 3171 2098 3230 submisit

511 3253 972 3316 mulieris'istius
1028 3258 1259 3317 fratrem
1326 3261 1646 3320 Michaelem
1701 3262 2094 3339 Palaeologum.

513 3345 610 3403 llis
640 3347 696 3401 in
736 3358 1090 3409 antecessum
1118 3355 1186 3412 ad
1235 3359 1467 3412 tutelam
1505 3358 1650 3414 illius
1684 3360 1877 3417 limitis
1908 3364 2096 3432 provi-

511 3437 614 3503 sis,
639 3444 1722 3521 exspectabaturriturus'quamprimum
1753 3454 1884 3510 illuc
1912 3455 2100 3526 iunior

516 3530 805 3602 Augustus
852 3533 1106 3606 Michael,
1155 3539 1647 3620 instruebaturque
1691 3560 1758 3600 ac
1808 3545 2101 3618 splendide

513 3623 739 3682 interim
778 3627 1158 3685 adornahatur
1189 3632 1291 3687 ista
1330 3633 1604 3704 profectio
1635 3637 1781 3708 ejus.
1815 3639 1910 3708 Ad
1949 3642 2100 3713 quod

514 3731 654 3787 opus
681 3717 782 3774 l'uit
814 3733 957 3776 nova
989 3720 1090 3788 illi,
1127 3723 1273 3782 unde
1319 3726 1535 3796 imperii
1569 3727 1895 3802 dignitatem
1931 3733 2102 3790 susti-

514 3821 694 3876 neret,
729 3812 1006 3886 assignari
1052 3831 1080 3869 a
1125 3824 1280 3886 patre
1325 3820 1643 3890 vectigalia,
1689 3821 1947 3890 quoniam
1979 3839 2104 3892 quae

518 3903 727 3960 dudum
755 3905 863 3977 ipsi
891 3908 945 3961 in
986 3909 1308 3979 regionibus
1335 3909 1641 3970 Orientalis
1693 3922 1902 3971 tractus
1947 3897 2103 3973 attri-

520 3995 651 4052 buta
688 3997 931 4068 fuerant,
964 4001 1384 4060 incursionibus
1410 4007 1791 4076 Agarenorum
1827 4008 2108 4079 perierant

522 4091 775 4150 futiditus
831 4096 1111 4151 universa.
1154 4096 1338 4165 Quare
1385 4101 1677 4155 constituit
1713 4116 1863 4155 nunc
1907 4103 1983 4157 illi
2021 4119 2107 4159 se-

525 4187 646 4244 ιιὶυτ
676 4189 952 4261 Augustus
978 4193 1364 4260 possessiones
1396 4195 1450 4248 in
1474 4193 1722 4252 Occiduo
1749 4205 1933 4254 tractu
1967 4199 2107 4256 sitas

528 4280 816 4339 Michaelis
847 4285 1114 4355 despotze,
1144 4288 1346 4357 quibus
1378 4289 1530 4344 illum
1564 4290 1700 4345 olim
1734 4291 1914 4361 ipsius
1950 4309 2110 4349 socer

525 4373 758 4433 Michael
801 4378 1088 4447 Augustus
1132 4381 1436 4438 Andronici
1471 4391 1647 4454 pater,
1688 4401 1758 4440 ex
1799 4384 2107 4442 Occidente

2185 456 2326 524 σφᾶς
2360 453 2501 509 εἶναι
2526 455 2754 525 ἐχθροὺς
2788 453 2997 526 ἐχθρῶν
3031 454 3140 507 τῶν
3184 453 3402 510 ἐκείνου
3442 460 3534 513 καὶ
3572 461 3756 528 φίλους

2185 548 2378 618 φίλων.
2407 549 2504 602 καὶ
2543 549 2819 604 ἀντεδίδου
2867 547 2938 602 τὰ
2977 549 3142 619 ὃμοια
3191 549 3332 620 πρὸς
3375 551 3635 623 ἐκείνους,
3665 555 3758 624 τὴν

2185 641 2491 712 ὁμαιχμίαν
2522 640 2925 712 προκαθιστὰς,
2955 641 3106 696 πόλλ’
3134 642 3276 697 ἀττα
3323 644 3498 708 διδοὺς
3544 645 3755 718 καὶ-μέ-

2185 736 2328 806 γάλα
2363 735 2943 807 καθυπισχνούμενος.
2978 737 3088 791 Καὶ
3117 736 3276 790 ταῦτ’
3306 738 3609 807 ἐπράττετο
3637 740 3762 809 παρ’

2187 828 2449 900 αίσθησιν
2493 831 2703 894 πᾶσαν,
2742 829 2817 901 μὴ
2857 831 2942 887 δτι
2993 847 3058 899 γε
3095 829 3387 901 βασιλέως,
3428 831 3561 888 ἀλλά
3591 834 3760 892 αὐτῶν

2185 923 2250 995 δὴ
2269 924 2380 976 τῶν
2404 923 2657 994 συνήθων
2685 923 2777 977 καὶ
2807 922 3178 995 ᾠκειωμένων
3204 924 3378 995 αὐτῷ.
3410 925 3576 981 una
3604 945 3763 1000 προσ·
3858 920 3859 923 “

2187 1015 2458 1084 αγγελθὲν
2492 1015 2645 1087 παρὰ
2695 1016 2805 1070 τῶν
2855 1018 2998 1088 ἀμφὶ
3054 1018 3145 1071 τὸν
3200 1018 3538 1091 Κοτέρτζην,
3592 1021 3762 1091 δεινὴν

2189 1109 2444 1180 βασιλεὺς
2473 1110 2693 1167 ὑπενόει
2711 1109 2948 1182 μελέτην
2971 1108 3038 1185 [Ρ
3060 1110 3188 1183 284]
3212 1112 3306 1165 καὶ
3329 1095 3586 1176 ἀπιστίας
3608 1115 3766 1172 ὠδῖνα

2188 1201 2504 1275 ὑπώπτευε,
2537 1203 2633 1259 καὶ
2662 1203 2864 1273 μᾶλλον
2886 1204 3081 1274 ὅτιτῆς
3111 1205 3354 1276 ἀδελφῆς
3375 1205 3768 1278 τελευτησάσης

2188 1298 2253 1366 τῇ
2293 1295 2389 1350 τοῦ
2429 1295 2679 1368 Τερτερῆ
2720 1297 3014 1361 συνοικῶν,
3047 1298 3172 1370 ἦτις
3208 1300 3303 1352 καὶ
3351 1299 3634 1372 ἀλλότριον
3662 1298 3767 1374 εἶχε

2188 1391 2332 1460 πρὸς
2388 1389 2478 1442 τὸν
2509 1389 2818 1463 κρατοῦντα
2865 1390 2925 1443 τὸ
2963 1389 3144 1456 γένος.
3197 1393 3300 1446 Διά
3345 1409 3429 1446 τοι
3476 1392 3650 1448 ταῦτα
3679 1395 3769 1448 καὶ

2193 1481 2362 1553 μηνὸς
2402 1480 2885 1552 Ἑκατομϐαιῶνος
2916 1485 3016 1555 μιᾷ
3044 1487 3348 1556 προσκαλεῖ
3377 1488 3478 1554 μὲι
3511 1489 3772 1558 πατριάρ·

2189 1593 2314 1649 χην,
2348 1575 2745 1646 προσκαλεῖται
2789 1577 2834 1630 δ’
2861 1579 3144 1648 ἀρχιερεῖς
3189 1581 3285 1632 καὶ
3317 1579 3545 1650 κλῆρυιν.
3583 1583 3748 1651 παρόν

2191 1687 2301 1725 των
2347 1670 2444 1724 καὶ
2474 1670 2608 1740 ὁτῶν
2662 1671 2761 1742 τῆς
2815 1671 3156 1741 συγκλήτου,
3200 1674 3571 1731 συνελθόντων
3603 1692 3657 1728 τε
3689 1676 3778 1737 καὶ

2118 1739 2162 1796 Β
2196 1764 2445 1835 μηναχῶν
2476 1739 2579 1818 καὶ
2609 1739 2847 1836 eavea;
2884 1739 3192 1832 πολιτείας,
3233 1767 3330 1820 καί⁵
3357 1766 3438 1832 είς
3474 1768 3656 1840 κρίσιν
3686 1767 3773 1840 βα-

2193 1858 2377 1923 σιλεὺς
2404 1856 2642 1929 καθιστᾷ
2677 1858 2769 1912 τὸν
2797 1858 3107 1930 δεσπότην·¹
3137 1860 3274 1928 πρὸς
3305 1859 3367 1917 ὃν
3399 1863 3494 1915 καὶ
3540 1863 3620 1924 είς
3651 1865 3777 1915 ἀπο-

2191 1952 2380 2023 λογίαν
2405 1953 2686 2017 καταστάς
2717 1954 2950 2019 ἐκεῖνος,
2995 1953 3168 2008 πολλά
3187 1955 3368 2024 λέγων
3391 1959 3490 2010 καὶ
3515 1957 3772 2027 κατά.τῆς

2193 2045 2534 2116 κατηγορίας
2566 2044 2998 2116 ἀποδιδράσκειν
3022 2044 3394 2116 πειρώμενος.
3423 2046 3580 2111 τέλος
3619 2063 3779 2102 κατα-

2193 2138 2480 2200 δικασθεὶς
2507 2137 2583 2209 τῷ
2611 2138 2836 2210 μεγάλῳ
2878 2135 3133 2208 παλατίῳ
3175 2137 3778 2211 ὲγκλείεταιοτρισκαι-

2193 2230 2396 2302 δεκάτῃ
2426 2231 2658 2302 Κρονίου
2695 2228 2859 2295 αὐτὸς
2889 2231 2984 2284 καὶ
3008 2231 3148 2302 γυνὴ
3191 2230 3287 2284 καὶ
3323 2231 3392 2284 τὰ
3435 2230 3630 2295 τέκνα,
3656 2231 3689 2286 ἀ
3718 2231 3781 2303 δὴ

2193 2325 2303 2380 ἀπὸ
2335 2327 2439 2398 τῆς
2481 2325 2577 2393 τοῦ
2611 2324 2860 2396 Τερτερῆ
2902 2325 3299 2396 ἀπεγέννησεν.
3360 2324 3595 2393 ’Δγέλας
3619 2327 3664 2380 δ’
3694 2326 3778 2382 ἰπ-

2197 2411 2317 2472 πων
2353 2421 2452 2474 καὶ
2480 2422 2661 2473 πᾶσαν
2707 2417 2946 2490 ὓπαρξιν
2990 2416 3093 2491 τὴν,
3124 2417 3338 2473 ἐκείνου
3381 2419 3482 2473 καὶ
3527 2421 3780 2492 κτήματα

2195 2513 2274 2586 τῷ
2328 2513 2432 2586 υίῷ
2474 2513 2572 2569 καὶ
2618 2511 2831 2585 βασιλεῖ
2861 2513 3101 2569 δίδωσιν.
3137 2513 3213 2567 Οὐ
3251 2512 3358 2585 μὴν
3403 2511 3452 2566 δ’
3498 2512 3639 2570 ἀλλά
3693 2511 3778 2566 καὶ

2199 2604 2372 2676 αὐτὴν
2435 2604 2536 2677 τὴν
2598 2605 2814 2660 ἐκείνου
2863 2603 3046 2659 οίκίαν
3111 2601 3192 2676 τῷ
3254 2603 3496 2676 δεσπότῃ
3568 2604 3784 2676 Ἰωάννῃ

2200 2697 2528 2772 προσνέμει.
2561 2697 2834 2770 ’Υστερον
2879 2695 2925 2752 δ’
2977 2697 3190 2752 ἐκεῖθεν
3227 2697 3542 2768 ἀποδρᾶναι
3595 2714 3788 2768 πειρα-

2202 2878 2484 2950 supplices
2518 2877 2806 2949 excipiens
2836 2868 3144 2935 adduxerat
3184 2877 3254 2933 ad
3290 2861 3394 2936 sibi
3424 2877 3573 2935 clam
3605 2880 3786 2950 iurau-

2201 2973 2326 3030 dam
2355 2973 2667 3030 clientelam
2695 2973 3183 3043 adhaesionemque
3207 2983 3561 3044 perpetuam,
3589 2974 3786 3030 diserte

2203 3063 2314 3120 Deo
2371 3072 2510 3122 teste
2547 3064 2864 3136 pollicendo
2906 3079 2967 3120 se
3019 3062 3136 3119 fore
3170 3064 3290 3120 sine
3323 3063 3661 3122 discrimine
3695 3066 3786 3122 ho-

2203 3169 2316 3217 stes
2355 3161 2622 3226 hostium,
2656 3161 2866 3217 amicos
2901 3159 3210 3215 amicorum
3246 3158 3393 3230 ejus.
3417 3157 3783 3230 Vicissimque

2203 3268 2359 3309 suam
2391 3253 2500 3308 illis
2529 3252 2692 3308 tidem
2722 3252 2932 3323 pariter
2953 3250 3315 3323 obligaverat,
3343 3253 3655 3309 constituta
3689 3253 3783 3310 im-

2204 3343 2461 3400 mutabili
2512 3344 2799 3400 societate.
2838 3341 3010 3413 ldque
3061 3342 3243 3399 foedus
3291 3341 3486 3397 multis
3537 3344 3783 3414 protinus

2204 3437 2392 3503 donis,
2427 3434 2735 3506 majoribus
2771 3434 2823 3489 iu
2849 3445 3135 3505 posterum
3174 3431 3471 3504 promissis
3501 3417 3780 3488 sanxerat.

2208 3531 2411 3601 Egerat
2456 3530 2572 3584 haec
2605 3541 2806 3583 arcano
2835 3527 3090 3597 despota,
3127 3525 3298 3580 vitata
3336 3525 3645 3595 diligenter
3687 3540 3784 3580 non

2209 3625 2373 3679 modo
2421 3623 2653 3694 Augusti
2702 3620 3072 3688 conscientia,
3107 3619 3231 3676 sed-
3260 3628 3312 3673 et
3341 3633 3575 3674 suorum
3617 3620 3790 3690 ipsius

2210 3721 2546 3778 familiarum
2589 3734 2654 3774 ac
2708 3716 3169 3774 domesticorum.
3222 3713 3429 3771 Verum
3471 3731 3536 3771 ea
3575 3716 3659 3772 vel
3694 3715 3793 3771 tio-

2211 3821 2413 3869 tertzes
2455 3812 2537 3867 vel
2592 3825 2656 3866 ex
2693 3808 2815 3881 eius
2861 3805 3132 3865 comitatu
3170 3806 3450 3887 quispiam
3495 3824 3624 3862 cum
3658 3809 3788 3863 clam

2209 3906 2533 3964 Andronico
2561 3904 2889 3972 indicasset,
2922 3917 3147 3974 gravem
3179 3900 3229 3965 ei
3273 3901 3651 3972 suspicionem
3685 3913 3793 3953 mo—

2213 4006 2290 4060 vit
2316 4003 2586 4057 adversus
2617 3999 2900 4071 despotam
2932 3997 3082 4052 velut
3105 3997 3272 4053 rebus
3301 3995 3461 4050 novis
3489 3993 3786 4049 inhiantem

2215 4104 2616 4168 parantemque
2639 4109 2666 4148 a
2701 4107 2762 4148 se
2796 4091 3052 4148 deiicere.
3091 4090 3443 4160 Coniecturae
3476 4086 3791 4145 verisimili-

2215 4191 2463 4246 tudinem
2511 4187 2746 4244 addebat
2800 4200 3081 4255 magnam,
3134 4183 3295 4253 quod‘
3347 4183 3496 4240 idem
3565 4181 3793 4238 Michael

2215 4284 2390 4354 priori
2428 4298 2629 4346 uxore,
2655 4278 2958 4354 Andronici
2997 4278 3224 4348 Augusti
3257 4291 3552 4348 germana,
3581 4283 3793 4330 mortua

2216 4379 2383 4434 tiliam
2429 4376 2674 4431 Terteris
2723 4375 2980 4440 duxerat,
3027 4371 3316 4426 mulierem
3363 4369 3568 4426 infensi
3611 4368 3795 4425 domui

524 4480 815 4526 evocatum
849 4474 1315 4533 conventionibus
1365 4477 1731 4548 iureiurando
1777 4479 2014 4537 ﬁrmatis
2052 4490 2107 4537 et
2139 4477 2185 4534 D
2214 4472 2480 4543 Augustm
2513 4470 2754 4541 generis.
2785 4467 2867 4523 0b
2897 4467 3012 4522 haec
3056 4466 3294 4538 quadam
3327 4465 3416 4522 die
3438 4465 3670 4544 mensis
3703 4461 3788 4518 Ja-

527 4566 764 4635 proprize
812 4565 936 4622 filia:
977 4568 1190 4637 nuptiis
1234 4568 1590 4639 honoratum,
1641 4575 1821 4644 ample
1865 4589 1928 4629 ac
1961 4576 2111 4645 regie

527 4671 851 4716 muneratus
879 4661 955 4717 uti
986 4677 1250 4734 generum
1294 4663 1503 4721 fuerat.

576 4800 665 4856 l9.
701 4799 771 4856 De
801 4801 1235 4858 condemnatioue
1266 4803 1491 4871 despotic
1528 4803 1803 4860 Michaelis
1837 4806 2044 4877 Angeli.

604 4942 694 4998 Eae
742 4957 842 4997 cur
886 4941 964 4996 illi
1017 4957 1165 4996 nunc
1221 4949 1424 5012 erepta
1468 4941 1694 5010 fuerint,
1752 4959 1991 5014 quamve
2043 4944 2113 5000 ob

529 5053 754 5095 causam
799 5037 844 5091 is
893 5035 1334 5106 comprehensus
1386 5035 1639 5093 miserias
1683 5040 1927 5093 careeris
1983 5053 2114 5111 per-

535 5131 724 5193 ferret,
770 5131 884 5200 iam
924 5129 1084 5200 prius
1119 5127 1511 5192 indicavimus,
1554 5127 1652 5184 sed
1683 5138 1736 5182 et
1772 5129 1935 5184 modo
1971 5128 2112 5184 idem

533 5224 700 5295 paulo
768 5223 984 5294 plenius
1040 5217 1423 5278 retexendum.
1486 5220 1684 5276 Milites
1745 5222 2113 5292 imperialium

532 5312 1050 5379 comuberniorum,
1095 5312 1252 5384 eiecti
1300 5326 1498 5382 nuper,
1538 5318 1597 5364 ut
1655 5311 1917 5378 diximus,
1950 5312 2118 5385 4,08

532 5408 800 5464 Orientali
842 5406 1164 5461 continente
1206 5405 1502 5474 coactique
1543 5405 1955 5464 incursionibus
1992 5406 2118 5461 Per-

533 5517 722 5556 saruut
762 5500 890 5556 inde
925 5497 1114 5570 lugere
1143 5514 1269 5554 cum
1319 5499 1585 5554 uxoribus
1629 5507 1685 5553 et
1719 5497 1929 5563 liberis,
1967 5516 2121 5554 erra-

535 5595 669 5651 bant
701 5607 795 5663 per
827 5592 1100 5648 Occiduas
1151 5591 1422 5662 regiones.
1462 5592 1538 5648 Ex
1576 5591 1660 5646 his
1695 5590 1947 5652 Michael,
1985 5610 2119 5648 usus

537 5690 604 5741 ad
661 5686 715 5742 id
767 5703 932 5757 opera
986 5687 1148 5749 unius
1185 5703 1400 5751 eorum,
1452 5686 1722 5742 Cotertzte
1777 5688 2019 5749 nomine,
2053 5687 2120 5741 ad

538 5792 759 5836 centum
787 5781 852 5837 ad
889 5797 950 5840 se
981 5791 1226 5848 vocatos,
1255 5798 1379 5837 cum
1414 5784 1466 5836 iu
1504 5783 1641 5838 urbe
1686 5788 1856 5846 esset,
1890 5779 2122 5853 benigne

2216 4566 2396 4622 nuarii
2449 4571 2612 4618 vocat
2655 4561 2956 4633 imperator
2987 4559 3391 4629 patriarcham,
3427 4557 3656 4612 adhibet
3704 4571 3796 4611 eo-

2215 4657 2339 4714 dem
2365 4655 2650 4734 antistites
2675 4661 2730 4711 et
2754 4653 2987 4720 clerum,
3021 4650 3378 4730 senatoribus
3404 4663 3630 4719 quoque
3663 4636 3790 4717 prie-

2217 4751 2489 4808 sentibus.
2545 4749 2932 4805 Convenerant
2983 4753 3040 4800 et
3102 4744 3388 4810 monachi,
3450 4749 3560 4798 nec
3607 4758 3712 4796 non
3771 4755 3799 4794 e

2215 4833 2420 4904 civium
2465 4842 2663 4899 ordine
2705 4839 2987 4911 permulti.
3028 4835 3186 4911 Apud
3225 4837 3372 4903 hunc
3415 4844 3621 4917 ctutum
3677 4847 3800 4887 reus

2216 4939 2430 4999 sistitur
2462 4936 2695 4993 Michael
2742 4935 3081 5004 imperatore
3116 4931 3338 5003 judice;
3367 4928 3677 5003 iussusque
3722 4943 3801 4984 re-

2218 5033 2488 5103 spondere
2513 5030 2683 5086 multa
2712 5027 2851 5083 dixit
2879 5027 2932 5081 in
2956 5025 3338 5081 defensionem
3367 5009 3478 5088 sui,
3503 5038 3610 5077 nec
3636 5021 3802 5074 vitare

2221 5135 2401 5178 tamen
2427 5122 2602 5192 potuit
2639 5120 2773 5192 quin
2815 5119 3036 5174 tandem
3066 5116 3363 5173 damnatus
3391 5124 3660 5186 perpetuo
3689 5126 3805 5166 car-

2218 5219 2330 5276 ceri
2364 5215 2741 5272 addiceretur.
2781 5212 2876 5268 Die
2921 5211 3110 5282 itaque
3145 5211 3309 5266 tertia
3339 5211 3558 5268 decima
3599 5207 3800 5264 mensis

2222 5309 2402 5365 Martii
2435 5305 2669 5362 Michael
2720 5303 2974 5374 despota,
3014 5318 3140 5358 cum
3189 5317 3364 5358 uxore
3408 5299 3663 5357 Terteris
3697 5299 3800 5353 ﬁlia

2221 5412 2276 5459 et
2321 5401 2600 5472 susceptis
2653 5414 2717 5455 ex
2773 5397 2878 5453 hac
2928 5397 3141 5463 liberis,
3191 5396 3249 5451 in
3297 5393 3612 5450 custodiam
3666 5388 3804 5460 apud

2224 5514 2480 5568 magnum
2512 5494 2778 5566 palatium
2815 5490 2982 5547 datus
3016 5499 3120 5546 est.
3156 5489 3289 5558 Ejus
3319 5487 3485 5561 5,09
3515 5503 3652 5541 vero
3692 5499 3805 5540 ma-

2225 5592 2312 5663 gui
2368 5604 2630 5660 equorum
2681 5599 2871 5658 greges
2939 5599 3181 5654 opesque
3238 5597 3303 5636 ac
3371 5597 3458 5637 res
3518 5577 3804 5634 familiaria

2226 5683 2411 5741 omnis
2446 5681 2668 5754 generis
2707 5679 3025 5750 praediaque
3070 5693 3133 5732 ac
3187 5678 3327 5731 bona
3379 5673 3476 5729 soli
3523 5682 3724 5727 cuncta
3754 5671 3802 5722 in

2229 5781 2417 5836 iiscum
2452 5777 2673 5834 redacta
2708 5775 3006 5846 imperator
3042 5771 3250 5844 iuniori
3281 5772 3536 5842 Augusto
3563 5781 3668 5824 suo
3702 5763 3804 5818 lilio
