3996 6230
457 342 567 409 ὶι55

1623 335 1949 402 GEORGII
1983 333 2476 400 PACHYMER/E

3602 336 3705 405 456

457 455 571 510 Καὶ
599 451 721 508 τότε
752 451 801 506 οἱ
834 451 930 523 μὲν
978 449 1316 523 ὑποστάντες
1358 452 1710 521 ἐσφάττοντο,
1744 450 1943 520 γύναια
1977 450 2033 505 δὲ
2064 458 2107 513 Α
2135 449 2479 515 ἑκατοστύας
2526 450 2778 506 ἔπιπτεν.
2825 452 2950 516 Τοῖς
2982 452 3037 506 δὲ
3076 451 3168 506 καί
3199 453 3502 524 πρόστιμον
3547 453 3706 523 ἐτέθη

458 550 556 602 καὶ
584 544 850 617 παιδάρια
886 546 1088 616 πλῆθος
1125 547 1319 618 μυρίον
1349 547 1485 617 πρὸς
1512 545 1574 601 τὸ
1602 546 1862 618 φρούριον
1896 548 2033 615 φεύ-

457 622 629 710 ἧοντα
656 638 803 707 ἄγρα
826 634 921 710 δῆν
966 626 1162 710 ἑτοίμη
1207 641 1319 705 τοῖς
1369 638 1868 710 προκαταλαϐοῦσι.
1926 638 2033 690 Καὶ

459 733 613 796 τέλος
634 735 683 786 ol
716 732 854 797 τιως
876 735 993 795 τοῖς
1016 732 1198 795 ἄλλοις
1220 732 1671 804 προσεπαμὺνειν
1700 732 2036 789 ἀποστελλόο

422 845 425 847 ·
463 841 617 906 μενοι
647 824 880 897 δρασμῷ
923 825 1272 897 μηχανῶνται
1305 825 1403 898 τὴν
1432 826 1727 896 σωτηρίαν,
1771 825 1866 879 καλ
1895 818 2037 878 αὐτὰ

464 920 980 989 προσαποδαλὸντες
1032 922 1099 974 τὰ
1164 919 1423 992 βασιλικὰ
1480 922 1785 992 χρήματα·
1844 920 2038 973 ἔπειτα
2104 923 2118 931 ⁸

463 1012 576 1085 πῦρ
609 1012 1026 1084 ἑναύσαντεςλοί
1074 1014 1260 1085 ἐχθροὶ
1308 1013 1379 1067 τὰ
1421 1014 1539 1082 ἐκεῖ
1570 1012 1741 1083 κάλλη
1775 1015 1856 1075 είς
1884 1009 2039 1074 τέλος

461 1105 773 1177 ἡμάῧυναν.
805 1106 941 1160 Τότε
986 1107 1082 1161 καὶ
1144 1106 1353 1175 Ἀτμὰν
1387 1105 1747 1175 ὑποστρέφων
1799 1106 1895 1156 σὺν
1930 1107 2042 1168 τοῖς

462 1197 604 1269 ἀμφ’
638 1197 825 1264 αὐτὸν,
870 1198 995 1252 ἐπεὶ
1033 1197 1278 1267 συνῆσαν
1324 1199 1476 1265 σφίσι
1526 1200 1669 1250 κατὰ
1721 1202 2041 1267 συμμαχίαν

465 1294 561 1346 καὶ
613 1291 1023 1363 Βηλοκωμῖται,
1073 1290 1401 1362 προσλαϐὼν
1455 1289 1700 1353 ἐκείνους
1760 1293 1888 1360 κενῇ
1934 1294 2043 1344 τῶν

466 1370 707 1453 εποίκων
753 1382 1066 1458 Βηλοκὼμῃ
1113 1383 1447 1456 προσὸἀλλει
1486 1384 1583 1437 καὶ
1640 1382 1784 1436 κατὰ
1816 1384 2043 1454 κράτος

466 1477 635 1547 αἱρεῖ,
672 1474 769 1528 καὶ
805 1476 936 1537 τοὺς
971 1476 1073 1540 μὲν
1103 1476 1327 1538 κτείνει,
1359 1473 1523 1535 αὐτὸς
1558 1474 1617 1528 δὲ
1656 1475 1848 1544 μυρίον
1879 1472 2046 1527 πλοῦ-

464 1583 559 1621 τον
593 1565 770 1637 εὑρὼν
798 1566 1161 1635 ὲξολδίζεται,
1200 1567 1294 1621 καὶ
1317 1568 1386 1621 τὰ
1417 1566 1583 1621 πιστά
1611 1570 1659 1620 ot
1694 1567 1791 1635 τῆς
1816 1567 1882 1639 [Ρ
1914 1565 2044 1637 288]

459 1656 772 1727 ἀσφαλείας
800 1658 866 1713 ἐκ
914 1656 1025 1712 τῶν
1054 1657 1435 1728 ὀχυρωμάτων
1478 1659 1779 1727 περιποιεῖ.
1825 1656 2046 1711 Τούτων

466 1750 726 1804 ἀπώνατο
775 1750 885 1804 τῶν
941 1749 1131 1804 δεινῶν
1177 1750 1273 1803 καὶ
1318 1749 1565 1821 Προῦσα,
1614 1750 1754 1820 μόνη
1804 1751 2047 1820 περιλειο

468 1841 668 1913 φθεῖσα
699 1831 1058 1909 τῶνέξωθιν
1105 1803 1405 1898 καλλονῶν.
1441 1803 1663 1896 Τούτων
1713 1803 1808 1897 καὶ
1864 1803 2049 1913 ίΙηγαὶ

468 1935 895 2007 παραθαλασσία
942 1935 1100 2000 πόλις
1137 1934 1244 1988 τῶν
1285 1934 1564 2007 δυσχερῶν
1593 1935 1879 2006 ἐπειράθη.
1928 1932 2051 1987 Τῶν

468 2026 578 2097 γὰρ
608 2024 713 2093 ἔξω
743 2026 966 2081 πάντων
997 2026 1473 2096 συγκλεισθέντων
1506 2025 1678 2094 ὲντδς,
1712 2027 1829 2080 ὅσοι
1867 2026 1961 2081 καὶ
1990 2026 2052 2080 τὸ

470 2117 628 2189 ξίφος
656 2118 882 2189 ἔφυγον,
925 2119 1163 2174 ἐντίκτει
1212 2121 1367 2192 νόσον
1411 2119 1653 2191 λοιμώδη
1687 2118 1748 2173 τὸ
1785 2118 2050 2174 συνεπτύ-

470 2211 599 2284 χθαι
628 2210 772 2285 λιμῷ
800 2214 895 2267 καὶ
923 2205 1350 2275 κακοπαθείαις.
1388 2213 1510 2268 Ἔτι
1533 2213 1591 2267 δὲ
1611 2213 1706 2267 καὶ
1725 2214 1795 2283 τῇ
1831 2213 1972 2283 νόσῳ
1996 2214 2054 2275 ἐς

471 2403 745 2468 quotquot
782 2381 935 2449 hosti
999 2391 1210 2448 vultum
1271 2404 1384 2447 non
1440 2390 1634 2461 ignave
1681 2390 2052 2457 obverterunt,

472 2490 529 2546 in
566 2488 798 2561 vestigio
828 2493 954 2563 sunt
988 2484 1142 2548 caesi,
1171 2483 1369 2556 vulgus
1425 2489 1607 2538 autem
1658 2482 2059 2539 innumerabiie

473 2570 765 2637 mulierum
794 2592 860 2633 ac
888 2589 1184 2648 puerorum
1216 2574 1391 2631 eﬂ‘uso
1418 2588 1585 2629 cursu
1617 2579 1684 2630 ad
1734 2578 1921 2637 arcem
1970 2576 2058 2629 t‘u-

472 2674 627 2748 giens
655 2681 841 2743 parata
868 2670 1052 2742 prada
1112 2668 1528 2727 subsidentibus
1586 2668 1697 2725 illic
1756 2668 2062 2726 latronibus

475 2764 737 2822 occurrit.
765 2762 983 2835 Reliqui
1011 2770 1324 2817 nostrorum
1351 2761 1608 2828 militum,
1626 2776 1693 2817 ne
1719 2760 1915 2817 castris
1934 2762 2062 2833 qui-

476 2858 602 2915 dem
631 2858 876 2923 retentis,
912 2871 1078 2913 cursu
1135 2870 1273 2927 vago
1336 2854 1569 2911 salutem
1623 2855 1916 2925 quaesiere,
1966 2856 2063 2927 qui

477 2942 752 3008 Servaturi
811 2948 950 3006 alios
1003 2949 1216 3005 scilicet
1272 2956 1555 3014 venerant,
1587 2946 1819 3017 pecunia
1879 2946 2046 3005 etiam

478 3030 641 3115 quam
657 3042 725 3097 ab
743 3041 1075 3115 imperatore
1090 3039 1389 3096 attulerant
1433 3037 1792 3096 amissa.lnde
1808 3038 2065 3108 iguepul-

2138 543 2295 614 παρὰ
2326 543 2593 616 βασιλέως
2615 544 2822 615 ζημίας
2851 547 2930 609 εἰς
2960 546 3211 617 χιλιάδας
3237 548 3323 598 ἐπ’
3351 546 3499 617 αἰτίᾳ
3526 545 3617 599 τοῦ
3637 548 3711 618 μὴ

2136 638 2232 692 τὸν
2268 637 2449 708 μέγαν
2480 635 2739 703 δέξασθαι
2766 637 2954 706 δοῦκα,
2988 638 3131 693 οὕτω
3178 639 3272 693 τοῦ
3318 637 3582 711 βασιλέως
3611 640 3712 694 Mt-

2139 730 2278 801 χαὴλ
2315 731 2456 802 μετὰ
2482 735 2582 805 τὴν
2610 734 2821 789 ἐκεῖθεν
2852 736 3113 788 ἐπάνοδον
3136 734 3590 802 ἐπαγγείλαντος,
3619 735 3712 787 καὶ

2138 823 2248 878 δέει
2272 823 2366 878 τοῦ
2397 826 2472 897 μὴ
2528 826 2722 880 παθεῑν
2769 828 3059 891 κάκείνους
3110 827 3179 881 τὰ
3231 828 3345 888 τοῖς
3388 825 3719 895 Κυζικηνοῖς

2141 917 2443 996 ξυμϐάντα.
2480 919 2614 974 Οὐδὲ
2652 922 2761 991 γὰρ
2789 918 2998 974 ἀνεκτὰ
3029 921 3140 973 οὐδ’
3177 921 3303 974 ὅσον
3331 920 3426 973 καὶ
3458 920 3716 988 ὑποσχεῖν

2141 1008 2344 1064 δυνατὰ
2372 1011 2525 1064 τάκεῖ
2565 1011 2909 1083 τολμηθέντα
2946 1011 3302 1079 ἠγγέλλοντο.
3332 1010 3447 1063 Βίοι
3480 1010 3591 1081 γὰρ
3619 1012 3716 1079 ἡρ-

2144 1101 2404 1165 πάζοντο,
2440 1102 2533 1155 καὶ
2565 1106 2826 1170 γυναῖκες
2849 1100 3158 1172 ὑϐρίζοντο,
3184 1105 3277 1157 καὶ
3300 1102 3459 1171 κόρια
3485 1100 3721 1169 διεφθεί-

2147 1210 2322 1265 ροντο.
2355 1195 2462 1248 Καὶ
2497 1196 2525 1247 δ
2557 1196 2657 1264 μὲν
2689 1194 2827 1264 ἔχων
2860 1195 3021 1258 εὐθὺς
3050 1196 3398 1259 ὲσκυλεύετο.
3435 1192 3721 1264 ἀγαπητὸν

2143 1286 2286 1357 ἔχων
2313 1287 2361 1340 εί
2403 1285 2581 1350 διδοὺς
2615 1287 2841 1352 σώζοιτο
2860 1305 2874 1320 ο
2903 1290 2931 1342 δ
2959 1288 3016 1341 δὲ
3049 1289 3126 1359 μὴ
3179 1288 3320 1359 ἔχων
3344 1290 3413 1361 τῇ
3451 1287 3723 1359 τοῦξχειν

2145 1378 2353 1451 ὑποψίᾳ
2380 1380 2791 1447 κατεδικὰξετο,
2837 1384 2933 1435 καὶ
2982 1382 3216 1453 αἰώραις
3247 1383 3451 1445 δειναῖς
3482 1382 3582 1434 καὶ
3626 1382 3723 1453 βα-

2148 1472 2333 1536 σάνοις
2372 1471 2623 1543 ὴτὰζετο,
2659 1468 2917 1546 ἔγκλημα
2967 1475 3151 1548 φέρων
3193 1475 3257 1528 τὸ
3301 1475 3377 1548 μὴ
3424 1475 3724 1545 χρημάτων

2148 1566 2324 1619 Θέλειν
2358 1567 2459 1635 τὴν
2494 1567 2776 1637 σωτηρίαν
2828 1568 3172 1638 πορίζεσθαι.
3213 1569 3370 1623 Πᾶσα
3420 1567 3467 1622 δ’
3499 1567 3724 1621 ἐκείνων

2148 1660 2439 1727 περιουσία
2464 1661 2523 1714 οὑ
2559 1660 2760 1730 μᾶλλον
2780 1661 2874 1715 τοῦ
2907 1663 3252 1730 κεκτημένου
3286 1662 3319 1732 ἢ
3353 1661 3447 1714 τοῦ
3486 1660 3726 1715 καταλα-

2152 1746 2338 1810 ϐόντος
2367 1748 2477 1802 τῶν
2521 1749 2921 1823 Ἀμογαϐἁρων
2950 1753 3200 1822 ἐφαίνετο
3221 1771 3234 1785 ο
3264 1752 3407 1807 οὕτω
3443 1752 3557 1825 γὰρ
3592 1752 3728 1806 ἰδιω-

2153 1846 2376 1914 νυμεῖτο
2409 1846 2469 1898 τὸ
2517 1844 2690 1914 ἔθνος,
2735 1846 2811 1917 τῷ
2845 1848 2903 1914 ἐξ
2942 1847 3209 1918 Ἀϐάρων,
3265 1846 3442 1920 οἶμαι,
3494 1849 3730 1916 κατάγε-

2155 1936 2302 1992 σθαι.
2334 1938 2411 1991 Οὐ
2446 1936 2607 2008 μόνον
2629 1937 2674 1992 δ’
2700 1938 3028 2008 αὐτόχθονες
3054 1939 3209 1994 ταῦτ’
3232 1939 3492 2010 ἔπασχον,
3520 1939 3635 1993 ἀλλ’
3657 1940 3729 2004 ὡς

2153 2028 2331 2081 εἰπεῖν
2360 2028 2594 2102 ἀνατολὴ
2630 2033 2779 2084 πᾶσα
2828 2030 3139 2102 Ῥωμαίων,
3172 2033 3255 2087 ὅτι
3303 2034 3402 2088 καὶ
3454 2034 3533 2097 ὡς
3564 2050 3732 2103 προσο

2154 2121 2340 2192 φυγίῳ
2404 2122 2747 2193 χρησάμενοι
2791 2123 2871 2194 τῷ
2920 2124 3332 2196 ἐπιτειχίσματι
3387 2125 3592 2187 πάντες
3621 2125 3735 2178 ἐκεῖ

2154 2213 2521 2285 κατέδραμον,
2578 2214 2673 2269 καὶ
2730 2218 2889 2288 καινὴ
2947 2234 3028 2280 τις
3074 2217 3277 2280 ἅλωσις
3322 2212 3391 2290 ἦν
3443 2216 3601 2290 παρὰ
3628 2216 3733 2271 τῶν
3779 2208 3782 2209 ν

2157 2391 2479 2447 nominatim
2513 2398 2762 2448 vetuerat
2811 2392 3041 2449 Michael
3071 2393 3357 2467 Augustus
3386 2394 3582 2467 iunior
3615 2407 3737 2468 post

2159 2498 2317 2540 suum
2348 2483 2474 2538 inde
2508 2483 2771 2552 reditum,
2799 2492 2945 2541 metu
2968 2501 3034 2542 ne
3064 2496 3117 2543 et
3150 2487 3228 2543 illi
3266 2495 3589 2559 paterentur
3622 2490 3739 2561 quae

2160 2573 2454 2646 Cyzicenis
2488 2573 2840 2641 accidissent,
2894 2575 3056 2645 plane
3097 2578 3465 2636 intolerabilia
3507 2580 3742 2640 et'omui

2162 2667 2452 2723 atrocitate
2475 2666 2686 2723 diriora
2718 2706 2733 2719 .
2754 2666 2890 2724 Nam
2916 2677 2969 2725 et
3009 2685 3097 2727 res
3137 2669 3424 2727 familiaris
3442 2658 3738 2746 victusque

2164 2757 2505 2814 domesticus
2565 2758 2785 2813 miseris
2830 2759 3043 2814 civibus
3090 2760 3467 2829 auferebatur,
3521 2773 3576 2819 et
3630 2779 3736 2822 non

2168 2850 2328 2905 modo
2362 2850 2621 2905 mulieres
2664 2858 2759 2903 aut
2810 2861 2991 2920 nupta:
3034 2858 3129 2905 aut
3156 2853 3381 2923 puberis
3409 2855 3615 2921 aetatis,
3641 2855 3739 2911 sed

2165 2942 2353 2997 cruda:
2392 2957 2611 3013 quoque
2656 2943 2995 3013 virguncula:
3028 2944 3113 2999 vix
3165 2960 3400 3016 egressae
3450 2946 3739 3004 infantiam

2169 3034 2398 3091 libidine
2480 3033 2707 3090 immani
2776 3037 3298 3107 corrumpebantur.
3361 3040 3440 3094 Ac
3492 3039 3742 3096 conscius

480 3132 632 3190 chris
668 3149 791 3205 eius
823 3141 1033 3189 tractus
1066 3131 1313 3188 aediﬁciis
1354 3129 1556 3201 injecto
1588 3131 1645 3186 in
1678 3130 1916 3187 cinerem
1941 3130 2069 3187 bar—
2092 3164 2135 3224 C
2172 3125 2395 3202 quidem
2429 3140 2489 3181 se
2511 3125 2716 3182 habere
2738 3126 2883 3197 quod
2912 3125 3091 3195 daret,
3130 3129 3278 3183 ultro
3324 3128 3571 3201 largiens
3590 3128 3740 3200 nagi-

482 3224 603 3281 bari
633 3231 911 3280 verterunt
944 3221 1153 3278 omnia.
1190 3220 1265 3275 Er
1295 3222 1395 3277 hoc
1422 3221 1549 3277 belli
1607 3236 1865 3277 successu
1894 3222 2067 3277 victor

484 3324 768 3374 revertens
804 3317 1001 3369 Atman
1045 3331 1170 3370 cum
1224 3314 1365 3381 suis,
1440 3315 1658 3384 cognito
1706 3315 2069 3371 Belocomitas

486 3408 545 3466 in
575 3407 771 3465 castris
820 3405 989 3461 luisse
1028 3405 1287 3460 Romanis
1340 3418 1466 3475 quae
1521 3404 1687 3460 modo
1733 3404 2069 3467 deleverant,

484 3498 831 3556 Belocomam
857 3494 1203 3569 aggrediendi
1235 3496 1347 3566 jam
1381 3498 1557 3566 ipsam
1597 3492 1801 3567 quippe
1824 3508 2070 3550 vacuam

483 3591 667 3668 515'
690 3590 1047 3663 Ρτεεὶἀίατίῖδ
1080 3598 1295 3659 ιθωρυε
1332 3597 1699 3660 opportunum
1726 3588 1899 3643 duxit.
1933 3584 2073 3657 Ergo

483 3687 635 3743 illam
694 3686 950 3742 insiliens
985 3683 1033 3737 vi
1083 3682 1250 3753 capit,
1288 3693 1344 3738 et
1388 3682 1463 3737 ibi
1506 3690 1755 3753 repertos
1790 3680 2070 3738 interﬁcit.

485 3778 609 3851 ipse
638 3786 819 3834 autem
861 3775 1149 3832 immensis
1179 3776 1377 3847 Opibus
1425 3790 1490 3830 ea
1538 3775 1740 3830 clausis
1768 3772 2076 3830 munitione

485 3871 696 3941 potitus
749 3868 1020 3941 praedives
1063 3868 1191 3924 inde
1244 3874 1329 3923 est
1377 3866 1646 3924 habitus:
1681 3867 1826 3923 arcis
1876 3867 2078 3938 quippe

486 3963 636 4018 illius
669 3960 1048 4028 munimentis,
1092 3958 1205 4015 situ
1256 3968 1310 4016 et
1342 3967 1461 4015 arte
1496 3958 1691 4015 validis
1719 3958 1786 4015 ad
1836 3961 2078 4030 quaesitae

489 4060 736 4123 prcuuiaa
770 4054 1075 4109 custodiam
1125 4068 1291 4118 usus,
1335 4068 1564 4123 magnos
1608 4052 1713 4108 sibi
1766 4051 2075 4119 thesauros,

490 4152 647 4205 unde
671 4150 794 4205 belli
822 4165 887 4203 ac
917 4149 1261 4219 principatus
1278 4144 1558 4218 expediret
1585 4157 1860 4218 sumptus,
1885 4161 2080 4202 secure

488 4244 739 4299 eundtos
769 4243 835 4297 ad
878 4257 1101 4297 manum
1167 4240 1383 4296 habuit.
1428 4238 1635 4295 Harum
1703 4255 1897 4310 magna
1951 4254 2079 4310 pars

490 4336 868 4391 calamitatum
924 4334 979 4389 in
1036 4335 1265 4389 Prusam
1306 4332 1637 4389 redundavit
1686 4332 1766 4387 sic
1818 4333 2077 4386 nudatam

489 4429 843 4500 possessione
894 4429 1010 4494 agri
1047 4427 1134 4481 sui
1180 4436 1236 4481 et
1287 4424 1429 4481 intra
1467 4441 1752 4479 murorum
1812 4424 2077 4480 ambitum

2170 3218 2418 3274 tantibus
2458 3218 2824 3289 spoliabatur,
2878 3218 3035 3275 lucro
3082 3218 3361 3292 im‘putans
3404 3222 3553 3292 quod
3584 3223 3745 3279 rebus

2170 3310 2373 3382 ereptis
2402 3310 2591 3367 vivere
2630 3309 2912 3366 sineretur
2942 3331 2956 3367 :
2995 3311 3093 3383 qui
3122 3328 3251 3369 vero
3283 3314 3422 3369 nihil
3454 3331 3518 3373 se
3549 3317 3744 3374 habere

2170 3401 2527 3473 quantumvis
2570 3414 2704 3458 vere
2750 3399 3071 3470 affirmaret,
3124 3411 3415 3476 suspectus
3477 3408 3745 3465 mendacii

2173 3493 2352 3565 pinnis
2396 3492 2795 3563 subjiciebatur
2835 3495 3247 3564 acerbissimis,
3304 3501 3487 3569 quoad
3531 3505 3744 3559 condita

2176 3584 2437 3641 videlicet
2464 3592 2763 3656 promeret,
2803 3602 3141 3659 suspensus,
3178 3598 3408 3658 tractus,
3438 3593 3748 3650 cruciabili-

2175 3689 2260 3735 ter
2294 3686 2501 3738 tortus.
2557 3679 2628 3735 ab
2671 3681 3142 3751 exprobrantibus
3193 3684 3392 3742 merito
3437 3685 3558 3743 haec
3596 3686 3746 3747 illum

2174 3772 2341 3847 516
2382 3773 2521 3845 pati,
2545 3773 2641 3846 qui
2673 3775 2906 3831 salutem
2959 3776 3127 3833 nollet
3173 3766 3401 3848 pecunia
3443 3778 3747 3837 “redimere;

2178 3866 2298 3932 Quo
2328 3866 2384 3921 in
2419 3873 2532 3922 toto
2581 3866 2795 3923 nefario
2825 3882 3026 3939 genere
3044 3878 3291 3941 quaestus
3322 3858 3439 3927 tam
3462 3871 3749 3947 impudens

2178 3960 2404 4017 licentia
2437 3969 2558 4017 erat
2616 3962 2852 4019 istorum
2894 3963 3362 4035 Amogabarorum
3397 3966 3501 4037 (sic
3534 3970 3751 4040 proprie

2178 4053 2481 4108 vocabatur
2533 4068 2594 4107 ea
2649 4067 2806 4124 gens,
2862 4052 2991 4133 inde
3042 4055 3210 4109 credo
3260 4058 3407 4127 quod
3441 4073 3509 4113 ex
3559 4057 3751 4115 Abaris

2180 4145 2447 4215 originem
2482 4144 2771 4217 traheret),
2796 4154 2857 4199 ut
2889 4147 3124 4216 quadam
3154 4149 3302 4205 velut
3331 4150 3442 4219 jam
3477 4167 3581 4208 usu
3602 4164 3751 4222 parta

2181 4236 2492 4306 raptoribus
2525 4239 2859 4295 auctoritate
2894 4240 3199 4310 praedandi,
3233 4242 3497 4312 quidquid
3523 4247 3753 4317 quisque

2181 4344 2345 4400 quam
2381 4329 2589 4398 optimo
2632 4344 2691 4385 se
2720 4339 2941 4401 putaret
2981 4332 3108 4402 jure
3156 4332 3456 4403 possidere.
3495 4334 3549 4389 id
3593 4332 3787 4391 simul~

2182 4432 2552 4493 apparuerat,
2606 4423 2714 4477 sibi
2770 4423 2931 4493 quasi
2980 4426 3222 4495 legitime
3271 4430 3563 4496 qua-situm
3621 4430 3754 4484 latro

495 4526 798 4586 reduetam,
836 4522 987 4577 nullo
1019 4520 1283 4590 deinceps
1306 4520 1637 4575 commercio
1665 4534 1788 4574 cum
1815 4518 2081 4573 suburba-
2118 4548 2159 4603 υ
2186 4516 2399 4570 advena
2462 4515 2938 4571 conﬁdentissime
2983 4529 3263 4588 arrogaret
3299 4518 3559 4592 justeque
3600 4537 3758 4577 usur-

496 4618 583 4674 nis
616 4616 761 4670 villis
816 4624 869 4670 et
902 4614 1142 4685 praediis,
1194 4630 1314 4683 qua:
1354 4628 1461 4666 non
1524 4629 1715 4684 parum
1746 4628 1963 4669 alumna
2028 4624 2082 4669 et

495 4718 695 4764 ornata
760 4707 813 4763 in
880 4708 1156 4765 territorio
1230 4707 1495 4763 habuerat
1561 4706 1819 4776 plurima.
1889 4706 2083 4762 Clades

497 4801 612 4855 lucc
675 4806 863 4856 eadem
928 4798 1101 4867 Pegas
1171 4798 1385 4863 amisit,
1467 4801 1657 4852 urbem
1728 4798 2080 4851 maritimam.

494 4894 634 4949 Cum
673 4890 818 4945 cnim
848 4900 971 4962 post
1007 4890 1393 4955 barbarorum,
1436 4904 1599 4959 quam
1629 4889 1764 4954 dixi,
1794 4891 2084 4944 victoriam

496 4983 679 5040 cuncti
726 4998 987 5054 pagorum
1020 4982 1234 5044 incolae,
1263 4981 1356 5052 qui
1388 4980 1624 5051 ellugerc
1652 4987 1943 5051 potuerant
1969 4981 2088 5051 gla-

501 5080 651 5133 dium
691 5076 964 5135 hostilem.
1005 5076 1108 5129 sub
1143 5076 1402 5130 inueniam
1443 5082 1498 5128 et
1544 5073 2085 5144 prapugnaculorum

496 5170 618 5241 ejus
662 5166 851 5239 oppidi
900 5166 1095 5236 cupide
1166 5170 1390 5220 tutelam
1433 5166 1824 5231 accurrissent,
1858 5166 2091 5233 contigit

503 5265 614 5318 illic
662 5260 962 5331 constipari
1002 5260 1216 5314 turbam
1255 5260 1534 5331 ingentem
1565 5259 1741 5329 inopis
1774 5256 2077 5311 multitudi-

504 5359 610 5421 nis,
638 5372 699 5411 ex
735 5355 897 5425 cujus
941 5353 1125 5407 illuvie
1176 5368 1240 5405 ac
1275 5350 1405 5405 fame
1448 5350 1723 5418 corruptis
1760 5348 2087 5417 corporibus

504 5450 615 5504 cito
644 5451 761 5503 lues
792 5446 1021 5506 exarsit,
1050 5460 1157 5514 qua
1192 5452 1319 5496 tota:
1370 5442 1530 5497 simul
1562 5442 1846 5495 hominum
1892 5448 2089 5494 centu-

504 5540 603 5596 me
639 5539 931 5594 eudebant.
969 5536 1212 5603 Quorum
1250 5535 1304 5588 in
1347 5534 1627 5589 c'umulum
1676 5535 1945 5587 malorum
1996 5548 2090 5588 su-

505 5631 756 5703 pervenit
806 5629 1011 5682 indicta
1054 5626 1395 5699 Pegensibus
1435 5626 1503 5681 ab
1547 5626 1877 5696 imperatore
1919 5628 2087 5679 multa

509 5725 811 5779 multorum
849 5722 1080 5775 millium
1110 5735 1396 5773 nummum
1427 5720 1496 5773 ob
1532 5718 1940 5774 adinissuurab
1982 5721 2089 5773 illis

508 5818 651 5869 intra
678 5815 866 5868 urbem
926 5826 1186 5883 magnum
1240 5812 1472 5881 ducem;
1524 5812 1668 5884 quod
1735 5810 2088 5869 uerfaccreut

2185 4622 2349 4679 posse
2382 4607 2556 4663 videri
2592 4608 2780 4665 vellet.
2818 4607 2929 4665 Nec
2985 4611 3257 4682 indigenis
3313 4616 3425 4669 haec
3458 4615 3633 4670 solum
3666 4622 3756 4669 aut

2185 4699 2333 4755 natis
2369 4698 2549 4771 Cyzici
2599 4700 2821 4769 ﬁebant,
2863 4701 2957 4757 sed
3011 4703 3130 4757 sine
3194 4704 3517 4760 discrimine
3559 4715 3756 4778 partter

2185 4794 2399 4848 cunctis
2430 4793 2524 4863 qui
2568 4810 2598 4849 e
2650 4795 2860 4850 circum
2907 4797 3182 4852 universis
3226 4798 3452 4856 ditionis
3507 4799 3758 4855 Romanae

2187 4888 2504 4957 regionibus
2548 4889 2691 4944 intra
2728 4906 2871 4956 eam,
2905 4904 2967 4945 ut
3020 4899 3101 4947 est
3125 4892 3334 4948 dictum
3360 4935 3374 4959 ,
3402 4895 3751 4950 munitionem

2189 4981 2420 5051 perlugii
2458 4983 2634 5051 gratia
2672 4998 2794 5037 sese
2842 4993 3188 5051 receperant.
3232 4985 3505 5041 Praetereo
3542 4980 3755 5041 mutila-

2200 5073 2381 5128 tioues
2433 5088 2729 5144 corporum
2756 5090 2819 5129 ac
2871 5078 3047 5132 caedes
3102 5077 3565 5150 iniandorunrquc
3604 5094 3756 5135 omne

2187 5181 2361 5239 genus
2389 5167 2679 5222 colluviem
2713 5170 3011 5233 scelerum,
3053 5185 3148 5241 per
3181 5186 3332 5241 quae,
3365 5174 3459 5242 qui
3489 5173 3754 5229 defensuri

2190 5261 2400 5316 scilicet
2440 5273 2733 5328 venerant,
2792 5264 3135 5320 miserrimos
3178 5265 3515 5323 immanitate
3564 5266 3756 5322 furoris

2189 5364 2434 5410 extrema
2475 5354 2717 5426 undique
2736 5371 3029 5427 Oppressos
3054 5360 3407 5418 obterebant.
3446 5364 3620 5418 Causa
3649 5373 3759 5417 erat

2190 5448 2552 5519 Anmgubaris
2582 5451 2695 5505 haec
2731 5450 3046 5520 frequenter
3086 5460 3141 5507 et
3180 5454 3360 5524 palam
3396 5456 3585 5527 agendi
3622 5455 3757 5527 quod

2192 5541 2413 5609 impune
2466 5542 2759 5605 iaciebant,
2793 5560 2990 5615 magno
3020 5547 3177 5611 duce,
3202 5563 3365 5619 quem
3405 5530 3569 5606 unum
3601 5565 3758 5607 vene-

2192 5634 2485 5699 rabantur,
2524 5635 2661 5705 ipsis
2706 5638 2945 5691 obnoxio
2974 5640 3168 5707 partim
3203 5642 3346 5712 grati
3387 5644 3553 5699 animi
3603 5659 3758 5699 sensu

2194 5728 2391 5797 partim
2431 5727 2726 5783 formidine
2759 5748 2773 5783 :
2812 5748 2933 5785 nam
2984 5742 3039 5789 et
3087 5734 3154 5789 ab
3188 5736 3312 5792 aliis
3351 5749 3542 5811 sponte
3575 5753 3631 5794 se
3664 5739 3761 5809 ipsi

2196 5820 2638 5889 subjicientibus,
2676 5841 2779 5895 qua
2824 5827 3122 5895 mniucbat,
3149 5838 3473 5901 potestatem
3497 5831 3759 5904 accepisse
