3996 6230
59 43 399 179 ηρ

238 306 319 372 457
1085 302 1182 363 DE
1219 302 1664 365 ANDR‘ONICO
1700 302 2165 367 PALIEOLOGO
2214 304 2367 367 LIB.
2391 306 2482 369 V.‘

3330 304 3433 370 458

230 422 407 476 οίκείων
430 421 538 483 τοῖς
571 418 665 475 ἀπ’
697 417 909 491 ἐχθρῶν
960 417 1273 487 φεύγουσιν.
1325 418 1429 471 Ἐὦ
1479 417 1745 489 σωμάτων
1779 427 1821 482 Α
1851 420 2362 491 ἐμπειροπολέμους
2394 420 2597 486 πεζοὺς
2632 420 2725 474 καὶ
2748 418 3014 486 ἀνόπλους
3035 419 3310 474 καθίστων
3338 423 3435 473 καὶ

225 514 681 587 ἀκρωτηριασμοὺς
733 515 825 567 καὶ
863 512 1059 580 φόνους
1105 512 1199 566 καὶ
1235 512 1562 582 μιασμάτων
1589 527 1755 581 φορυ-

218 609 295 663 τδν
320 606 499 668 ἄλλως,
534 599 615 666 οἷς
651 606 703 658 οἱ
746 604 979 675 ἀμύνειν
1026 606 1348 669 ἐπιστάντες
1377 605 1503 670 τοὺς
1540 605 1759 670 ἀθλίους

216 697 677 771 πυργηρουμένους
704 697 770 751 ἐκ
800 697 984 769 πάσης
1015 696 1340 768 περιέϐαλον
1369 697 1657 767 ἀπηνείας.
1698 697 1757 762 Ὁ

214 794 305 865 γὰρ
354 793 487 860 σφᾶς
547 791 717 858 ἄγων,
765 791 828 843 τὸ
882 792 981 860 μὲν
1051 778 1526 863 προσθεραπεύειν
1585 791 1757 847 θέλων

211 888 424 950 ἐκείνους
447 884 643 953 ὡςδὴν
687 886 865 955 ἀρχὴν
897 883 1093 955 ἐκείνῳ
1121 886 1578 950 πεπιστευκότας,
1609 885 1669 938 τὸ
1698 885 1756 940 δὲ

208 981 369 1044 δεδιὼς
394 979 484 1033 τὸν
523 978 653 1048 παρ’
679 978 858 1032 αὑτῶν
887 978 1151 1045 κίνδυνον,
1181 980 1229 1032 εί
1260 978 1426 1032 αὐτοῦ
1458 979 1655 1042 ἱκανῶς
1687 979 1756 1033 τὰ

208 1076 329 1131 κατὰ
353 1073 541 1146 χρείαν
572 1073 825 1143 εὑρόντος
866 1074 1178 1144 ὑστέρησαν
1215 1075 1414 1127 ἐκεῖνοι
1445 1073 1555 1125 τῶν
1592 1072 1757 1140 ἠλπι-

208 1152 554 1237 σμένων,οὐδ’
594 1164 845 1220 ὁπωσοῦν
881 1163 1233 1220 ἀναστέλλειν
1279 1159 1445 1234 εἶχεν,
1500 1163 1616 1218 ἀλλ’
1667 1166 1757 1217 ἐν·

204 1261 355 1315 εδέδου
386 1259 539 1328 σφίσι
570 1258 637 1311 τὰ
664 1259 806 1311 κατὰ
843 1255 968 1310 νοῦν
1008 1255 1292 1326 πράττειν,
1321 1256 1415 1309 καὶ
1450 1254 1603 1308 ταῦθ’
1635 1256 1756 1309 lxa-

202 1354 457 1425 νουμένοις
503 1351 601 1406 καὶ
653 1354 762 1415 τοῖς
814 1353 879 1404 ἐκ
928 1349 1189 1421 βασιλέως
1233 1348 1583 1420 σιτηρεσίοις,
1649 1347 1754 1403 κᾶν

201 1447 335 1505 οὐδὲν
367 1446 444 1499 ἐτι
477 1443 797 1513 κατώρθουν
827 1443 935 1496 οὐδ’
966 1442 1102 1505 ὅλως
1130 1440 1421 1510 ἔπραττον.
1467 1438 1595 1493 Δλλ⁹
1620 1441 1754 1494 ἀναν

202 1541 413 1613 ληπτέον
450 1540 546 1593 τὸν
596 1538 754 1607 λόγον
801 1537 939 1609 πρὸς
967 1535 1029 1589 τὸ
1058 1534 1409 1589 εὐσύνοπτον.
1441 1526 1752 1603 Στρατηγὸς

199 1631 258 1707 ἤν
276 1634 394 1706 τῇδε
440 1632 767 1703 Μαρούλης,
798 1633 891 1684 καὶ
923 1630 1094 1701 μέγας
1137 1628 1321 1700 ἄρχων
1355 1626 1413 1691 ἐξ
1442 1625 1750 1696 ἀξιώματος

196 1727 470 1792 ἐκλετζετο.
522 1719 691 1790 Οὗτος
735 1724 805 1778 τὰ
844 1724 943 1795 μὲν
978 1723 1207 1777 πλεῖστα
1251 1720 1443 1791 ἐκείνῳ
1491 1721 1746 1790 προσεῖχε

1858 509 1969 564 τῶν
1996 511 2118 565 κατ’
2148 506 2296 566 οἷκον
2338 511 2595 583 ἐστέρουν
2642 512 2716 575 ὡς
2758 512 2813 566 εἶ
2852 528 3008 576 τινας
3054 512 3291 583 ἀγρότας
3340 508 3455 567 καὶ

1861 604 2228 673 μετανάστας,
2262 604 2690 677 ἐνθρυπτόμενοι
2734 606 2939 674 σφίσιν.
2984 607 3048 659 Ol
3093 606 3152 660 δὲ
3203 606 3279 677 τῷ
3336 606 3436 659 τοῦ

1857 696 2189 767 κρατοῦντος
2217 698 2326 753 δέει
2360 698 2454 752 καὶ
2488 699 2565 771 τῷ
2590 699 2647 767 ἐξ
2690 697 2968 771 ἐμφυλίων
2996 700 3249 771 πολέμων
3275 719 3433 771 νομι-

1858 790 2072 861 ζομένῳ
2106 791 2337 863 κινδύνῳ
2372 792 2844 863 ὑποστελλόμενοι,
2873 792 2950 857 ὡς
2982 798 3055 865 μή
3091 812 3143 847 τι
3175 811 3436 865 νεωτερι-

1858 883 2012 955 σθείη
2064 884 2172 939 τῶν
2231 885 2577 956 ἀνηκέστων,
2634 887 2770 951 τέως
2820 888 2882 941 ἐκ
2919 887 3043 956 βίας
3083 886 3289 960 ὥρμων
3339 888 3437 941 καὶ

1856 977 2118 1043 πολλάκις
2143 979 2448 1044 ἐσφάδαζον
2479 979 2873 1051 ἀμυνούμενοι.
2900 982 3067 1045 Τέλος
3087 982 3197 1035 τῶν
3224 982 3434 1053 ἐχθρῶν

1854 1070 2022 1138 ἐγγὺς
2053 1071 2431 1139 ἀγγελθέντων
2476 1076 2617 1128 κατὰ
2646 1074 2739 1128 τον
2788 1074 2882 1128 τοῦ
2928 1075 3257 1147 Γουλιέλμου
3290 1075 3434 1146 πύρ-

1854 1178 1973 1231 γον,
2007 1162 2056 1215 οἱ
2090 1163 2191 1231 μὲν
2222 1165 2527 1219 ἁπαντόθεν
2574 1168 2793 1237 σύναμα
2831 1169 2909 1240 τῷ
2945 1169 3097 1237 σφῶν
3138 1168 3435 1239 στρατηγῷ

1852 1250 1933 1323 τῷ
1970 1253 2235 1328 Μαρούλῃ
2261 1260 2457 1327 χωρεῖν
2486 1258 2588 1311 οὑκ
2616 1259 2906 1312 ἀπώκνουν
2934 1260 3099 1329 ὁμόσε
3130 1263 3240 1323 τοῖς
3274 1260 3434 1313 πολε·-

1858 1345 2021 1414 μίοις,
2069 1348 2119 1399 ol
2179 1348 2224 1399 δ’
2280 1348 2546 1420 ἐλπισμδν
2588 1350 2689 1421 μὲν
2743 1354 3001 1423 παρεῖχον
3052 1352 3287 1423 φανῆναι
3339 1353 3435 1407 καὶ

1855 1440 2187 1509 συμμαχεῖν,
2236 1439 2371 1495 ἀλλὰ
2418 1442 2527 1497 τῶν
2577 1444 2828 1516 συνήθων
2871 1444 3137 1516 οὕμενουν
3178 1448 3278 1501 οὑκ
3312 1446 3435 1518 ἐλή-

1853 1531 2039 1587 θοντο’
2074 1531 2313 1604 βραδέως
2342 1536 2451 1605 γὰρ
2482 1534 2805 1603 ἐζώννυντο,
2845 1537 2937 1590 καὶ
2970 1538 3123 1607 μόλις
3154 1537 3431 1607 ἐκόσμουν

1852 1624 1978 1688 τοὺς
2032 1624 2252 1692 ἵππους,
2312 1630 2406 1683 xal
2452 1629 2755 1701 προμηθεῖς
2808 1625 2952 1701 ἦσαν
2999 1630 3093 1683 τοῦ
3142 1630 3429 1684 ἀκινδύνου

1856 1716 2062 1784 σφίσιν,
2091 1715 2166 1781 ὡς
2197 1717 2504 1787 φαίνεσθαι.
2539 1721 2650 1774 Καὶ
2679 1720 2741 1774 τὸ
2767 1720 2963 1792 βράδος
2994 1720 3166 1775 ἐδίδου
3205 1721 3431 1791 μισούν-

193 1824 270 1876 καὶ
290 1820 623 1885 ἐθεράπευεν
652 1818 1013 1887 ὑποκείμενος
1039 1814 1204 1886 (οὕτω
1232 1815 1340 1884 γὰρ
1370 1812 1466 1868 καὶ
1496 1812 1558 1865 τὸ
1593 1810 1747 1883 βασι-
1779 1809 1822 1834 ⁸³
1850 1825 1957 1862 των
1984 1810 2168 1865 αὐτῶν
2207 1809 2308 1881 τὴν
2338 1812 2457 1867 ὁδὸν
2486 1814 2788 1884 κατορθοῦν
2818 1814 2945 1879 τοὺς
2993 1814 3291 1887 προτέρους
3333 1815 3429 1869 καὶ

190 1909 319 1962 indm
352 1908 609 1962 ἐϐούλετο
656 1905 1036 1977 πρόσταγμα),
1088 1906 1227 1969 τέως
1267 1904 1312 1957 δ’
1342 1899 1438 1958 οὖν
1485 1902 1577 1957 καὶ
1616 1904 1744 1967 τοὺς

188 2001 391 2064 οίκείους
413 1999 603 2064 κακῶς
628 2000 756 2071 παρ’
782 1996 1006 2053 ἐκείνων
1029 1997 1336 2068 πάσχοντας
1356 1994 1742 2065 κατῳκτίζετο,

190 2095 365 2165 μᾶλλον
395 2093 495 2163 μὲν
527 2091 624 2147 οὖν
654 2091 749 2146 καὶ
781 2092 1005 2147 συνίστα
1031 2091 1125 2144 καὶ
1146 2090 1535 2159 περιέθαλπεν.
1555 2083 1744 2145 Ἦπτο

186 2188 274 2256 γὰρ
306 2186 579 2240 κάκείνων
614 2186 673 2240 τὸ
703 2185 881 2238 κοινὸν
906 2187 1082 2238 ἐκεῖνο
1110 2184 1301 2249 δεινὸν,
1348 2186 1443 2240 aui
1465 2186 1544 2249 είς
1577 2203 1742 2256 στρα-

184 2280 360 2345 τιώτας
388 2278 456 2353 [Ρ
485 2276 615 2351 289]
642 2277 1009 2349 τεταγμένους
1042 2277 1123 2330 ἔτι
1170 2277 1264 2330 καὶ
1294 2278 1419 2339 ταῖς
1456 2275 1741 2350 ἀληθείαις

185 2473 228 2514 te
265 2458 627 2525 meminerat;
661 2466 717 2513 et
761 2455 807 2512 si
837 2455 1056 2511 taedium
1090 2454 1213 2511 illos
1256 2454 1341 2510 sui
1373 2456 1630 2526 cepisset,
1672 2471 1742 2513 ue

184 2551 439 2607 auferrent
480 2550 633 2621 quod
655 2550 943 2615 dederant,
967 2551 1095 2619 quin
1126 2548 1273 2603 etde
1307 2561 1366 2603 se
1399 2544 1584 2617 pejora
1623 2559 1741 2604 sta-

184 2653 393 2710 tuerent,
426 2642 733 2698 metuebat.
772 2642 924 2696 lllam
960 2652 1139 2696 autem
1175 2640 1391 2695 videbat
1420 2650 1474 2696 et
1505 2642 1771 2698 maxime

182 2737 373 2794 obviam
401 2746 457 2791 et
491 2734 1037 2790 vehementissimam
1066 2746 1164 2788 eos
1189 2740 1378 2787 contra
1402 2747 1462 2789 se
1488 2731 1739 2788 irritandi

183 2830 448 2895 rationem,
478 2831 533 2885 si
568 2827 764 2899 plenus
808 2826 927 2897 ipse
955 2835 1011 2883 et
1032 2825 1321 2881 abundans
1353 2828 1631 2897 congestis
1672 2827 1740 2883 ab

184 2922 495 2994 imperatore
524 2920 808 2976 donativis
834 2920 1177 2975 intercedere
1209 2934 1276 2977 ac
1304 2919 1549 2975 cavillari
1575 2919 1743 2976 aude-

184 3026 266 3082 ret,
291 3014 592 3085 quominus
632 3012 717 3067 sui
752 3011 957 3067 milites
990 3026 1089 3067 sua
1122 3010 1229 3067 sibi
1257 3011 1411 3066 lucra
1436 3010 1561 3083 jure
1592 3012 1740 3083 inju-

182 3107 309 3161 riave
373 3104 721 3164 conﬁcerent
787 3111 842 3159 et
907 3117 1251 3174 quaecunque
1312 3102 1742 3174 concupiverant

184 3201 469 3255 auferrent.
505 3196 681 3267 Cujus
713 3194 1248 3266 ideoimprobissimi
1272 3205 1516 3266 quastus
1546 3194 1748 3265 plenisn

181 3292 356 3347 simam
403 3292 549 3364 ipsis
584 3288 901 3345 facultatem
947 3288 1289 3359 indulgebat,
1343 3287 1647 3344 connivens
1679 3288 1747 3343 ad

163 3386 359 3449 omnia,
388 3383 734 3456 etquidquid
757 3390 1142 3448 attentassent,
1171 3396 1238 3436 ne
1268 3380 1495 3437 minimo
1525 3382 1743 3452 quidem

177 3487 292 3531 nutu
344 3479 448 3535 sibi
505 3474 693 3532 minus
732 3476 949 3547 probari
990 3475 1273 3531 declarare
1328 3474 1748 3539 sustinens;ne

179 3572 288 3626 dum
320 3584 376 3627 ut
406 3585 672 3626 coercere
700 3569 1096 3640 lncrepareque
1132 3568 1361 3623 auderet
1386 3567 1554 3623 libere
1582 3567 1745 3622 obse-

178 3665 374 3735 qucudo
428 3664 620 3734 pravis
651 3662 1052 3734 cupiditatibus
1110 3662 1164 3715 in
1224 3659 1475 3716 facinora
1540 3658 1744 3731 passim

174 3768 514 3830 erumpentes
551 3755 928 3819 odiosissima,
981 3765 1076 3809 aut
1111 3770 1336 3827 quoquo
1367 3756 1531 3811 modo
1576 3755 1745 3811 inter-

176 3863 339 3933 cipere
368 3868 628 3932 speratas
655 3858 794 3929 ipsis
818 3855 1172 3929 quantumvis
1205 3856 1437 3927 injustas
1473 3852 1747 3911 et‘cruen-

175 3965 248 4009 tas
280 3955 517 4026 praedas.
554 3952 878 4021 Quanquam
922 3957 1043 4005 erat
1100 3962 1233 4005 sane
1292 3964 1390 4003 cur
1423 3947 1458 4003 ii
1495 3947 1742 4004 contenti

180 4061 287 4101 esse
304 4046 487 4116 juberi
524 4054 671 4100 recte
703 4049 956 4113 possent,
979 4038 1263 4098 alimentis
1288 4040 1437 4112 large
1481 4041 1742 4113 abimpe-

176 4150 339 4195 ratore
383 4136 757 4210 suppeditatis
820 4144 934 4189 tam
969 4136 1131 4204 longo
1156 4133 1269 4203 jam
1317 4145 1599 4205 tempore,
1634 4148 1743 4204 quo

172 4239 273 4286 toto
300 4233 431 4287 nihil
462 4230 649 4286 adhuc
682 4229 948 4300 egissent,
968 4226 1103 4281 nihil
1143 4226 1443 4281 etiamnum
1478 4234 1702 4295 agerent
1723 4265 1739 4292 ,

156 4330 268 4394 ‘quo
298 4325 383 4379 illa
412 4326 791 4396 promeruisse
823 4320 1165 4375 viderentur.
1194 4317 1301 4372 Sed
1347 4316 1509 4388 417
1546 4325 1601 4371 ut
1627 4326 1742 4371 tota

176 4423 240 4473 rei
268 4416 742 4489 lmjusiudignitas
770 4415 1014 4484 pressius
1046 4411 1147 4466 sub
1182 4427 1351 4465 unum
1380 4411 1535 4481 quasi
1564 4410 1736 4465 lecto-

1854 1903 2055 1974 μόνους
2104 1908 2204 1975 τὴν
2238 1907 2441 1977 μάχην.
2486 1906 2577 1971 Ὠς
2629 1907 2674 1962 δ’
2703 1911 2753 1963 οἱ
2806 1908 2907 1979 μὲν
2956 1908 3239 1979 ὑστέρουν,
3286 1911 3336 1963 al
3369 1910 3426 1964 δὲ

1850 1994 2277 2065 κατωρθωκότες
2305 1997 2673 2069 ὑπέστρεφον,
2715 2000 2949 2055 ἐνταῦθά
2976 2018 3060 2063 τις
3085 1995 3195 2056 εἶδε
3224 2002 3287 2055 τὸ
3316 2002 3427 2056 τῶν

1850 2088 2160 2158 συμμάχων
2181 2090 2476 2161 κακόηθες,
2511 2093 2601 2146 καὶ
2618 2093 2701 2147 ὅτι
2725 2094 2823 2165 οὐχ
2845 2092 2921 2157 ὡς
2952 2094 3150 2160 φίλοις,
3176 2094 3253 2159 ὼς
3279 2097 3429 2160 είκδς

1846 2174 1937 2247 ἦν,
1966 2179 2081 2233 ἀλλ’
2116 2180 2192 2244 ὡς
2241 2181 2458 2253 ἐχθροῖς
2504 2187 2620 2248 τοῖς
2655 2186 2946 2255 ἡμετέροις
2991 2187 3423 2258 προσεφέροντο.

1848 2274 2073 2329 Συνίασι
2104 2279 2214 2347 γὰρ
2268 2276 2327 2344 ἐξ
2376 2277 2727 2350 ὑποστροφῆς
2762 2278 2993 2343 ἐκείνοις
3026 2281 3075 2335 ol
3128 2280 3428 2352 κατωρθωο

1848 2466 1978 2507 vera
2027 2452 2446 2523 experientibus
2483 2453 2560 2510 rei
2616 2452 2872 2523 bellicae;
2920 2471 3062 2528 quos
3102 2466 3285 2514 tamen
3317 2475 3424 2514 non

1847 2553 2171 2600 vererentur
2206 2546 2513 2603 insolentes
2574 2548 2798 2604 advena
2842 2559 2898 2604 et
2933 2551 3166 2621 quaestui
3209 2560 3265 2607 et
3289 2552 3428 2607 ludi-

1851 2637 1975 2694 brio'
2027 2650 2137 2693 tam
2190 2640 2502 2710 petulanter
2557 2640 2783 2707 habere,
2816 2650 2876 2697 ut
2905 2658 3003 2698 eos
3041 2643 3284 2714 ipsorum
3330 2646 3426 2717 qui

1847 2732 2129 2803 equestria
2184 2733 2456 2804 stipendia
2524 2735 2831 2801 merebant,
2862 2736 3021 2807 equis
3056 2738 3325 2807 ademptis
3372 2741 3427 2793 in

1848 2825 2102 2881 ordinem
2136 2828 2381 2897 peditum
2425 2828 2758 2898 redigerent,
2795 2828 2966 2886 armis
3017 2838 3279 2900 prztcrea
3306 2870 3324 2897 ,
3378 2832 3427 2886 si

1846 2921 2214 2985 collibuisset,
2252 2922 2574 2991 spoliarent,
2609 2936 2710 2978 nec
2738 2937 2767 2976 a
2800 2937 2859 2978 re
2890 2922 3135 2991 ipsorum
3170 2923 3426 2979 familiari

1848 3014 2298 3084 supellectilique
2327 3015 2631 3072 domestica
2684 3016 3029 3073 abstinerent
3057 3031 3281 3085 rapaces
3314 3033 3429 3070 tua-

1851 3116 1993 3171 nus,
2027 3106 2266 3176 denique
2302 3109 2452 3162 omni
2515 3108 2740 3164 ludibrii
2787 3124 2988 3181 genere
3040 3110 3213 3166 nihilo
3273 3109 3425 3181 ipsos

1852 3198 2054 3254 minori
2077 3201 2415 3256 contumelia
2443 3211 2703 3256 vexarent
2738 3218 2901 3269 quam
2932 3202 2979 3258 si
3012 3202 3145 3257 viles
3168 3204 3421 3259 rusticuli

1851 3298 1947 3345 aut
1995 3290 2209 3361 profugi
2248 3293 2468 3347 exsules
2497 3302 2704 3346 essent.
2738 3290 2920 3348 Hosin
2952 3301 3060 3347 tam
3086 3292 3294 3349 diiiicili
3324 3309 3425 3365 pa-

1853 3384 2041 3438 tientia
2082 3382 2239 3439 ducis
2275 3383 2361 3439 sui
2389 3382 2610 3438 Marulis
2642 3384 2865 3440 assidua
2902 3384 3110 3441 monita
3141 3386 3422 3451 tenebant,

1848 3476 2058 3531 nullum
2109 3476 2273 3533 ﬁnem
2329 3475 2588 3533 facientis
2643 3477 2953 3532 inculcandi
3008 3493 3169 3548 quam
3234 3478 3425 3551 iniquo

1848 3569 2033 3622 animo
2055 3567 2347 3624 auditurus
2373 3570 2675 3639 imperator
2704 3569 2846 3625 foret
2870 3570 3045 3625 rixam
3094 3586 3424 3643 quacunque

1848 3674 2019 3714 causa
2057 3661 2200 3716 inter
2254 3660 2531 3715 Romanos
2576 3669 2628 3717 et
2657 3661 2954 3717 auxiliares
2986 3663 3174 3733 capias
3202 3676 3422 3719 contra-

1846 3763 1987 3806 ctam
2029 3769 2042 3807 :
2072 3751 2290 3823 quidvis
2323 3753 2490 3824 igitur
2516 3752 2968 3823 concoquendum
2996 3754 3175 3823 potius
3205 3754 3422 3824 injuria:

1844 3849 2130 3911 putarent,
2152 3855 2315 3911 quam
2347 3842 2425 3897 ad
2447 3841 2647 3897 bellum
2674 3842 2832 3896 civile
2865 3842 3283 3910 descenderent,
3324 3846 3416 3898 tali

1846 3934 2149 4003 prusertim
2209 3939 2456 4003 tetnpore
2512 3934 2750 4004 capitaie
2796 3949 2859 3989 ac
2926 3950 3149 4005 prorsus
3196 3937 3419 3992 exitiale

1846 4025 2159 4095 reipublica:
2184 4026 2457 4081 futurum.
2483 4026 2595 4080 Nec
2645 4034 2829 4081 tamen
2859 4026 2944 4080 his
2966 4041 3179 4097 semper
3206 4037 3419 4099 poterat

1844 4117 2093 4187 praeverti
2122 4115 2252 4187 quin
2288 4115 2392 4171 sub
2425 4116 2538 4171 acri
2568 4131 2731 4171 sensu
2765 4117 3112 4171 contumeliae
3135 4119 3419 4185 pra-sentis

1844 4209 2117 4264 militares
2153 4208 2428 4265 interdum
2464 4208 2635 4263 animi
2667 4209 2773 4262 vim
2811 4216 2865 4263 et
2907 4224 3059 4264 arma
3094 4210 3419 4279 expedirent

1843 4304 1899 4359 in
1942 4303 2239 4359 vindictam
2266 4311 2361 4359 aut
2392 4304 2447 4358 in
2472 4304 2651 4358 minas
2668 4314 3038 4373 erumperent,
3076 4303 3330 4357 incendio
3349 4318 3415 4359 ex

1845 4398 1931 4453 ltis
1959 4397 2239 4462 scintillis,
2263 4396 2367 4449 nisi
2401 4396 2585 4451 statim
2632 4410 2766 4448 cura
2809 4396 2965 4450 ducis
2992 4398 3416 4465 opprimeretur,

175 4514 239 4567 ris
296 4487 585 4582 aspectum
640 4509 969 4578 colligatur,
1030 4520 1306 4560 resumam
1357 4503 1725 4557 narrationem

1846 4492 1899 4545 in
1930 4506 2183 4559 magnam
2206 4490 2506 4560 perniciem
2555 4488 2970 4544 inﬂammando.
2994 4487 3248 4545 Occurrit
3278 4490 3419 4542 ἱιιιιιι·

177 4608 319 4675 paulo
342 4606 623 4678 superius.
653 4602 786 4656 Erat
820 4601 892 4657 ibi
926 4600 1177 4654 tribunus
1204 4598 1427 4668 quidam
1462 4597 1733 4659 militaris.

178 4699 389 4756 Marules
428 4698 677 4762 nomine,
705 4694 972 4751 vocabulo
1004 4694 1109 4762 ipsi
1143 4706 1417 4747 concessu:
1452 4690 1735 4761 dignitatis

179 4805 388 4861 magnus
413 4789 622 4845 arcltou
660 4787 765 4841 dici
798 4782 1301 4840 solitus.Hictotus
1325 4782 1513 4837 eratin
1548 4779 1736 4835 obser-

181 4886 338 4937 vando
367 4882 760 4953 obsequiisque
791 4877 1123 4934 demerendo
1155 4876 1357 4929 inlimis
1389 4874 1681 4927 Rontzerio
1717 4887 1733 4927 ε

178 4978 390 5032 ticenim
407 4981 586 5049 ipsum
605 4975 784 5029 facere
797 4969 1351 5041 Augustusjusscrat.
1373 4966 1574 5021 Tamen
1592 4965 1732 5019 idem

178 5082 291 5124 suos
306 5070 523 5124 intimos
542 5065 841 5121 familiares
862 5064 1203 5133 propriaeque
1221 5059 1466 5115 cohortis
1489 5059 1686 5112 milites
1704 5075 1733 5111 a

180 5159 536 5218 Rontzerianis
571 5161 794 5230 injuriis
846 5158 1073 5213 affectos
1106 5157 1497 5218 miserabatur,
1528 5168 1731 5207 conso-

179 5250 305 5319 lans,
342 5257 467 5326 quin
505 5254 671 5310 etiam
702 5262 756 5307 et
797 5252 1091 5311 deliniens,
1138 5259 1196 5304 ut
1229 5249 1369 5302 mala
1406 5248 1458 5301 in
1498 5253 1732 5301 cunctos

181 5342 335 5414 Cyzici
367 5346 626 5418 degentes
668 5342 1006 5412 grassantia,
1035 5353 1100 5393 ne
1128 5338 1261 5407 ipsis
1292 5334 1509 5406 quidem
1540 5348 1733 5402 excep-

182 5441 271 5503 tis,
301 5454 575 5513 utcunque
616 5440 903 5511 privilegio
940 5439 1135 5493 saltem
1193 5436 1406 5490 militiae
1459 5435 1568 5488 imu
1598 5448 1731 5487 unes

183 5533 327 5589 abiis
358 5550 474 5591 esse
508 5535 868 5596 debuissent,
925 5531 1129 5585 ferrent
1180 5527 1501 5598 patientius.
1554 5539 1730 5592 neque

184 5624 240 5679 ad
267 5641 323 5680 ea
348 5627 426 5682 vel
454 5624 771 5698 repellenda
804 5624 883 5677 vel
911 5621 1229 5677 ulciscenda
1253 5626 1539 5674 ute:entur
1564 5621 1730 5667 armis

185 5732 287 5785 quae
332 5720 536 5789 publice
599 5719 733 5789 ipsis
779 5717 976 5771 tradita
1036 5714 1357 5783 gestabant,
1412 5719 1569 5780 prout
1616 5716 1731 5761 erat

191 5828 387 5881 {rentum
424 5815 566 5870 factu
620 5812 776 5878 viris,
805 5812 991 5881 quales
1031 5811 1083 5863 hi
1116 5816 1291 5875 erant,
1326 5806 1559 5861 fortibus
1597 5810 1647 5858 et
1677 5816 1732 5855 re

398 5915 666 5976 Ριτιιυι.
704 5909 822 5971 Gtt.
884 5908 987 5971 CX
1002 5908 1122 5970 LIV
1140 5952 1153 5970 .

1842 4580 1958 4635 hanc
1984 4582 2209 4635 occasio
2244 4579 2512 4633 iacinoris
2542 4579 2816 4644 militaris,
2850 4580 3220 4632 certoindicio
3253 4578 3418 4634 allato

1837 4680 2226 4742 provectorum
2276 4686 2449 4740 usque
2507 4671 2558 4725 in
2621 4672 2875 4725 viciniam
2928 4672 3189 4727 hostium.
3243 4671 3303 4725 lli
3350 4674 3417 4727 ad

1838 4768 2033 4821 turrim
2080 4765 2335 4822 Gulielmi
2387 4766 2589 4820 dictam
2617 4805 2637 4831 ,
2678 4766 2855 4819 locum
2891 4766 3101 4819 stativis
3157 4762 3419 4821 Romanis

1836 4860 2177 4929 proximum,
2214 4859 2519 4913 accessisse
2566 4860 2904 4913 ferebantur.
2962 4858 3127 4928 418
3168 4856 3417 4911 Pronun-

1837 4953 2005 5006 tiatur
2034 4967 2162 5022 crgo
2191 4952 2318 5006 totis
2341 4954 2539 5005 castris
2572 4951 2623 5005 in
2644 4966 2738 5005 eos
2764 4951 3013 5019 irruptio.
3037 4951 3273 5005 Marules
3292 4966 3414 5005 cum

1836 5048 1954 5103 suis
1986 5047 2126 5101 inter
2157 5046 2363 5117 primos
2390 5048 2707 5117 procinctus
2755 5045 2951 5111 astitit;
2985 5044 3299 5114 fruStraque
3322 5044 3412 5099 diu

1835 5148 2155 5209 exspectato
2184 5149 2239 5193 ut
2270 5138 2649 5201 Routzeriani,
2687 5138 2778 5207 qui
2830 5144 2895 5191 ad
2928 5138 3053 5191 talia
3106 5152 3298 5206 segnes
3328 5152 3415 5191 oc-

1836 5234 2157 5299 currebant,
2176 5231 2729 5302 e'xpedirentur,dum
2754 5230 2829 5284 illi
2861 5231 2995 5285 tardi
3018 5244 3080 5285 ac
3101 5229 3232 5285 lenti
3256 5230 3414 5284 solita

1837 5329 1889 5381 itt
1926 5328 2181 5381 oumibos
2215 5328 2481 5396 pravitate
2512 5341 2691 5379 moras
2722 5324 2975 5379 consulto
3009 5332 3254 5385 nectunt.
3276 5339 3417 5394 aegre

1838 5419 2128 5473 molientes
2178 5432 2327 5470 arma
2360 5427 2411 5471 et
2436 5433 2607 5485 t'qttus
2642 5418 2975 5469 adornautes
2997 5456 3010 5477 ,
3044 5430 3153 5481 quo
3207 5414 3416 5469 scilicet

1838 5509 2139 5581 periculum
2168 5508 2423 5561 incursus
2453 5506 2611 5577 pruni
2638 5508 2858 5577 quosvis
2888 5507 3065 5574 potius
3089 5506 3226 5557 alios
3251 5519 3413 5573 quam

1840 5608 1987 5675 ipsos
2044 5602 2340 5670 attingeret
2371 5642 2383 5662 ,
2451 5600 2740 5653 Maruliani
2778 5603 3067 5655 occasione
3103 5599 3419 5652 necessario

1837 5707 2068 5753 vocante
2114 5705 2336 5749 strenue
2374 5694 2564 5747 hostes
2621 5695 2908 5760 invadunt,
2954 5694 3201 5763 fusisque
3257 5691 3324 5746 iis
3355 5708 3420 5746 ac

1776 5802 1787 5817 ἐ
1837 5793 2041 5863 fugatis
2084 5790 2319 5842 victores
2390 5788 2634 5843 redeunt.
2693 5789 3053 5845 Rcvcrtentes
3104 5788 3187 5841 tia
3239 5789 3419 5843 media

3022 5885 3095 5946 15
