3996 6230
452 313 563 383 467

1693 331 1949 393 GEORG
1962 332 2041 401 ΙΙΔ
2063 334 2366 399 PACHYM
2378 338 2547 400 ERIE

3601 321 3703 390 £68

430 435 561 507 Χρὴ
596 437 900 520 πιστεύειν»
935 440 1030 495 καί
1060 458 1173 495 τισι
1219 441 1286 497 δι’
1317 442 1554 516 ἀγχόνης
1584 444 1749 516 μόρον
1779 446 1922 501 κατά
1948 446 2038 519 τδν
2069 453 2110 511 Α
2145 434 2235 524 ριξ
2259 452 2500 525 φρούρια
2539 451 2600 519 ἐξ
2630 449 2921 522 ὁμολογίας
2941 445 3030 501 διὰ
3060 446 3161 517 τὴν
3206 441 3448 510 ἀνάγκην
3484 436 3708 507 Πέρσαις
3752 488 3755 491 .

452 528 657 598 τρόπον
686 531 794 585 τῶν
817 530 1042 587 Ἰταλῶν
1075 534 1279 605 ὲπῆξεν
1308 538 1339 591 ὁ
1367 537 1771 609 ἀφηγούμενος,
1811 539 1872 594 οὐ
1901 539 2032 610 παρ’

456 621 586 675 ἄλλο
629 643 683 679 τι
735 625 767 695 ἢ
814 626 875 681 τὸ
916 627 1093 682 Θέλειν
1126 629 1368 695 ἐκείνους
1422 635 1732 703 περιποιεῖν
1772 632 2034 703 σφέτερα.

466 717 524 770 Ὀ
549 715 605 773 δὲ
631 717 731 773 εἴτ’
755 720 1094 792 ἀμυνόμενος
1125 722 1353 777 αὐτόθεν
1382 722 1494 778 εἴτε
1526 724 1634 796 μὴν
1653 726 1746 780 καὶ
1774 727 1903 789 τοὺς
1925 726 2039 779 λοι-

455 812 593 875 ποὺς
617 812 1011 884 δεδιττόμενος,
1047 816 1143 870 καὶ
1176 818 1282 871 ὑπὸ
1308 817 1436 880 τοὺς
1470 817 1701 881 δώδεκα,
1738 819 1813 885 ὡς
1846 818 2039 886 ἐλέγε-

453 920 536 970 το,
565 904 960 977 ἀπηγχόνισεν,
993 910 1129 964 ὅπου
1164 925 1228 980 γε
1262 911 1359 967 καὶ
1408 910 1573 966 αὐτὸν
1599 912 1690 965 τὸν
1720 912 1874 981 σφῶν
1916 912 2043 981 ἑξη-

454 997 746 1069 γοῠμενον,
770 1000 937 1073 ἄνδρα
963 1003 1186 1073 ἀρεῖκδν
1218 995 1283 1058 ἐκ
1303 1003 1631 1074 Βουλγαρων
1658 1004 1757 1059 καὶ
1783 1005 1961 1076 μέγαν
1983 1004 2043 1075 ἐξ

457 1092 793 1165 ἀξιωμάτων
816 1096 1105 1163 τζαούσιον
1139 1097 1232 1152 τὸν
1258 1098 1695 1169 Χρανίσθλασον,
1747 1101 1807 1155 ὃν
1835 1102 1898 1156 ὲκ
1944 1102 2041 1157 τοῦ

459 1190 604 1242 κατὰ
629 1189 720 1244 τὸν
746 1191 1003 1263 Λαχανᾶν
1023 1192 1260 1264 πολέμου
1284 1193 1379 1247 ἐπὶ
1402 1194 1625 1266 Μιχαὴλ
1652 1193 1748 1249 τοῦ
1779 1193 2043 1265 βασιλέως

459 1282 658 1337 ἁλόντα
717 1284 809 1340 καὶ
852 1285 1073 1357 δεσμοῖς
1109 1287 1193 1357 ἐφ’
1226 1286 1450 1356 εἱρκτῆς
1485 1287 1882 1359 συνισχημένον
1917 1289 2047 1340 πολ-

457 1375 572 1438 λοῖς
596 1373 830 1448 ὕστερον
854 1378 1069 1450 χρόνοις
1108 1376 1364 1450 βασιλεὺς
1391 1382 1490 1449 τῆς
1523 1379 1750 1450 εἱρκτῆς
1798 1377 2047 1439 ἐκϐαλὼν

460 1470 555 1523 καὶ
582 1470 825 1540 τιμήσας
852 1471 931 1540 τῷ
956 1471 1227 1545 ἀξιώματι
1248 1476 1363 1537 τοῖς
1390 1475 1506 1528 ἐκεῖ
1545 1473 1769 1546 μέρεσιν
1801 1472 1894 1527 ἐπὶ
1922 1472 2050 1545 χρό-

461 1579 574 1628 νοις
608 1566 860 1635 ἀρχηγὸν
896 1561 1034 1637 εἶχε,
1079 1567 1176 1621 καὶ
1216 1567 1380 1622 αὐτὸν
1434 1568 1566 1637 γοῦν
1597 1567 1811 1632 τοῦτον,
1842 1567 1917 1633 ὡς
1964 1565 2053 1620 λέο

463 1673 643 1724 γεται,
674 1657 733 1725 ἐξ
764 1658 981 1730 ἑτοίμου
1009 1661 1075 1731 τῇ·
1129 1661 1375 1733 μαχαίρᾳ
1397 1661 1616 1733 τρώσας
1656 1663 1768 1725 τοῖς
1796 1661 2048 1731 ἀπαγχο-

465 1750 675 1806 νίσουσι
708 1753 1019 1825 παρεδίδου.
1046 1753 1164 1810 Κᾶν
1195 1757 1287 1808 καὶ
1313 1753 1458 1809 τοῦτ’
1492 1754 1758 1823 ἐγεγόνει,
1804 1754 1853 1806 εί
1888 1754 1961 1824 μή
1985 1769 2050 1820 γε

467 1846 656 1900 πολλοὶ
693 1811 951 1918 καὶιπρὸς
983 1849 1224 1906 ἱκετείαν
1256 1811 1693 1921 ἀξιόχρεῳλόπὲρ
1716 1811 1808 1902 τοῦ
1854 1811 2045 1912 ἀνδιρδς
2084 1811 2126 1866 Β

464 1939 565 1992 οὐκ
603 1939 759 2009 ὀλίγα
792 1944 1166 2013 προτείνοντες
1186 1942 1373 1996 δίκαια
1401 1943 1764 2014 ὲξηρήσαντο.
1799 1940 2047 1995 Κάντεῦ-

466 2033 560 2087 θεν
597 2034 815 2106 Χλιαρέι
847 2034 1071 2090 διελθὼν
1096 2036 1191 2091 καὶ
1212 2036 1379 2091 τᾶλλα
1406 2036 1506 2105 τὴν
1533 2037 1628 2090 ἐπὶ
1659 2034 2051 2101 Φιλαδελφείας

466 2126 729 2183 ἔσπευδεν
765 2129 1032 2199 ἐσχάτως,
1064 2128 1140 2189 ὡς
1182 2129 1407 2201 ἐρρέθη,
1456 2128 1893 2183 κινδυνεύουσαν.
1940 2130 2053 2183 Κά-

465 2221 628 2292 πτιδὴ
660 2220 915 2292 ἡλίσκετο
948 2221 1050 2294 μὲν
1075 2223 1336 2295 Τρίπολις
1367 2221 1472 2296 πρὸ
1515 2223 1732 2295 καιροῦ,
1762 2224 1830 2281 τὰ
1864 2222 1920 2276 δὲ
1954 2221 2053 2275 πέ-

468 2407 666 2473 laqueo
698 2404 767 2460 de
799 2419 951 2461 more
981 2403 1240 2461 Italorum
1272 2420 1462 2462 necem
1495 2402 1826 2476 quibusdam
1856 2413 2050 2458 eorum

469 2497 673 2554 ductor
728 2500 938 2562 intulit,
984 2516 1092 2556 non
1135 2501 1245 2555 alia
1276 2500 1343 2555 de
1371 2512 1542 2556 causa
1572 2514 1741 2570 quam
1788 2497 1934 2568 quod
1965 2510 2054 2551 res

470 2607 602 2650 suas
659 2592 714 2648 in
755 2594 935 2665 prmda
970 2592 1195 2651 Persica
1254 2593 1470 2665 agnitae
1519 2606 1800 2656 resumere
1864 2590 1944 2645 illi
1990 2603 2055 2645 sc

469 2686 581 2742 sibi
623 2685 909 2743 vindicare
956 2687 1289 2750 voluissent.
1355 2682 1467 2741 Sed
1528 2683 1795 2757 quidquid
1851 2683 1926 2738 sit
1984 2680 2053 2737 de

468 2795 637 2836 causa
673 2779 828 2848 facti,
879 2780 947 2836 de
983 2779 1130 2837 facto
1161 2779 1384 2852 quidem
1435 2779 1575 2835 satis
1621 2787 1838 2835 constat
1887 2775 2056 2848 426

470 2872 793 2928 testimonio
842 2872 1165 2937 multorum,
1223 2873 1478 2929 homines
1524 2871 1780 2928 videlicet
1832 2869 2053 2925 circiter

475 2966 769 3023 duodecim
802 2965 965 3037 jussu
998 2966 1160 3025 ducis
1189 2967 1398 3039 magni,
1430 2967 1547 3023 sive
1576 2964 1896 3021 ulciscentis
1926 2977 2056 3035 pec-

475 3070 662 3119 catum
702 3061 1179 3134 quodpiam,‘sive
1206 3061 1567 3133 praecaventis
1606 3059 1661 3114 in
1711 3057 1955 3112 futurum
1999 3063 2055 3111 et

476 3168 689 3215 terrore
723 3155 1144 3226 praemunientis
1180 3171 1311 3212 suos
1354 3170 1422 3211 ne
1464 3163 1779 3225 peccarent,
1810 3160 2059 3223 strangu-

401 3324 403 3326 η
476 3254 624 3309 latos
686 3260 821 3307 tunc
875 3249 1180 3321 suspendio
1235 3250 1429 3311 fuisse,
1493 3248 1718 3320 quando
1771 3256 1825 3300 et
1874 3244 2056 3312 ipsum

473 3348 672 3405 ducem
728 3348 898 3404 i5tius
958 3345 1231 3410 cohortis,
1269 3358 1335 3399 ex
1398 3358 1509 3413 qua
1539 3343 1626 3397 isti
1669 3351 1849 3406 erant,
1874 3338 2057 3393 virum

473 3441 747 3514 inclytum
792 3442 1002 3496 virtute
1064 3438 1317 3505 militari,
1395 3447 1521 3493 ortu
1587 3435 1902 3505 Bulgarum,
1970 3431 2059 3487 cui

474 3536 658 3606 fuerat
726 3535 970 3606 dignitas
1033 3533 1238 3589 collata
1290 3534 1471 3603 magni
1532 3530 1771 3593 tzausii,
1826 3526 2062 3584 Chrani-

473 3629 755 3687 stltlabum
811 3628 1057 3705 nomine,
1090 3641 1255 3698 quem
1318 3624 1464 3681 bello
1515 3630 1711 3679 contra
1749 3619 2060 3676 Lachanam

474 3721 709 3779 Michael
749 3723 1035 3793 Augustus
1074 3719 1264 3776 senior
1321 3718 1453 3774 olim
1489 3725 1711 3789 captum
1767 3716 1973 3784 diuque
2006 3712 2061 3767 in

476 3826 707 3873 carcere
768 3814 1139 3871 constrictum
1196 3810 1435 3869 vinculis
1498 3812 1783 3871 detentum
1815 3847 1831 3874 ,
1897 3807 2063 3878 longo

477 3918 604 3982 post
677 3918 927 3978 tempore
985 3905 1343 3963 Andronicus
1416 3904 1722 3973 imperator
1793 3901 2060 3958 emissum

477 4003 733 4063 custodia
769 4014 824 4059 et
870 4017 934 4059 ea
967 4016 1133 4074 quam
1183 3998 1299 4055 dixi
1340 4006 1594 4054 ornatum
1624 3994 1918 4067 dignitate,
1951 3993 2062 4050 Illis

478 4098 575 4158 diu
632 4101 689 4155 in
747 4096 997 4171 partibus
1053 4092 1266 4150 militia:
1319 4094 1515 4148 ducem
1556 4091 1770 4159 habuit,
1807 4096 1863 4146 et
1892 4089 2063 4152 hunc.

480 4196 743 4267 inquam,
802 4201 863 4247 ut
919 4188 1150 4255 dcitur,
1207 4188 1322 4261 dux
1368 4200 1617 4258 magnus
1686 4184 1787 4243 ira
1858 4181 2066 4257 impetu

479 4294 660 4363 primo
716 4302 746 4343 α
788 4289 1225 4360 se_vulneratum
1274 4285 1456 4358 gladio
1485 4283 1845 4341 carniﬁcibus
1872 4282 2069 4352 laqueo

483 4375 1180 4443 sumtcandum'-’tradidit,
1227 4378 1555 4449 finissetque
1624 4376 1672 4439 is
1719 4374 1867 4430 haud
1900 4369 2069 4429 dubie

481 4477 653 4533 vitam
705 4454 1037 4547 suspendio,
1065 4472 1172 4529 nisi
1204 4470 1362 4526 multi
1393 4471 1647 4526 certatim
1711 4476 2069 4524 accurrentes

2138 547 2446 612 ὑπέκειντο,
2468 542 2608 619 ἦσαν
2638 544 2684 599 δ’
2717 535 2863 596 οὗτοι
2888 541 2939 595 οἱ
2972 539 3099 610 περὶ
3131 535 3222 591 τὸν
3256 532 3543 604 ’Δλισύραν
3570 531 3712 600 Καρ-

2143 642 2304 713 μανολ⁵
2348 641 2416 695 τὰ
2466 642 2737 713 κράτιστα
2766 636 2877 690 τῶν
2930 630 3180 703 Περσῶν,
3234 626 3544 697 πέμψαντες
3583 624 3631 677 oi
3659 623 3713 677 ιν

2139 738 2252 799 τοῖς
2286 733 2569 805 φρουρίοις
2604 732 2748 787 κατὰ
2780 729 2882 801 τὴν
2911 726 3045 799 περὶ
3090 724 3185 778 τὸν
3236 720 3461 777 Ᾱῦλακα
3517 715 3717 787 διατρίο

2142 825 2292 880 ὁοντι
2318 823 2711 895 ἀναγγέλλουσι
2746 821 2845 892 μὲν
2878 818 2979 889 τὴν
3030 816 3171 887 βίαν,
3224 807 3651 884 προσλιπαροῦσι
3673 806 3715 864 δ’

2144 917 2447 990 ἐπαμύνειν
2476 900 3098 987 ἀντιπροσχωρὴσουσιν
3135 906 3201 974 ἐξ
3247 906 3492 976 ἑτοίμου,
3524 903 3588 974 ἦν
3621 918 3718 955 που

2145 1013 2366 1085 φανείη,
2408 1010 2705 1083 Ῥωμαίοις
2756 1026 2823 1078 γε
2866 1002 2987 1062 οὖσι
3021 1005 3114 1060 καὶ
3152 1004 3220 1074 τῇ
3256 999 3352 1055 τοῦ
3394 996 3583 1075 καιροῦ
3634 996 3728 1068 βία·

2146 1110 2373 1175 εἴξασιν.
2422 1108 2481 1161 '0
2518 1106 2576 1161 δὲ
2620 1102 2834 1176 δέχεταί
2868 1120 2926 1157 τε
2961 1100 3061 1171 τὴν
3112 1095 3353 1152 ἱκετείαν
3386 1093 3479 1147 καί
3504 1091 3721 1160 ἀμύνειν

2147 1201 2678 1271 κατεπαγγέλλεται.
2704 1198 2781 1257 Οὐ
2810 1197 2917 1269 μὴν
2952 1194 2997 1249 δ’
3014 1192 3153 1250 ἀλλὰ
3186 1189 3283 1246 καὶ
3316 1186 3565 1243 ἐντεῦθεν
3598 1184 3723 1256 θάρτ

2152 1301 2243 1371 ρος
2265 1296 2449 1352 λαδὼν
2475 1297 2578 1350 οὐκ
2606 1293 2879 1357 ὀλίγιστον
2918 1291 3060 1362 πρὸς
3087 1286 3409 1357 συμπλοκὰς
3432 1283 3570 1338 κατὰ
3597 1283 3726 1353 Περ·

2150 1391 2262 1447 σῶν
2292 1389 2644 1462 ἡτοιμάζετο.
2670 1387 2758 1461 [Ρ.
2785 1385 2920 1459 296]
2954 1384 3103 1455 Πλὴν
3128 1382 3175 1436 δ’
3202 1380 3315 1435 ἀλλ’
3357 1377 3475 1433 οὐδὲ
3501 1377 3726 1446 Πέρσαις

2151 1486 2465 1558 ἀνήκουστα
2489 1482 2742 1559 τάκείνου
2775 1480 3043 1548 κατέστη.
3070 1476 3211 1531 ἀλλὰ
3235 1474 3325 1530 καὶ
3348 1472 3507 1526 αὐτοὶ
3541 1470 3728 1537 μαθόν-

2150 1597 2243 1643 τες
2299 1572 2827 1649 προσητοιμὰξοντο.
2888 1571 2999 1626 Καί
3047 1586 3154 1624 που
3216 1568 3348 1637 περὶ
3392 1564 3484 1618 τὸν
3516 1561 3729 1617 Αὖλακα

2155 1672 2504 1731 συνελθόντες
2539 1669 2641 1725 οὐκ
2689 1668 2819 1735 ἄξια
2853 1666 2952 1733 μὲν
2982 1663 3078 1719 τοῦ
3120 1662 3363 1732 πλήθους
3394 1657 3519 1712 οὐδέ
3551 1672 3613 1725 γε
3641 1655 3732 1724 τῆς

2155 1766 2518 1839 παρασκευῆς
2547 1764 2827 1833 ἑκατέρων
2849 1758 3115 1828 ἀλλήλους
3145 1757 3405 1826 ἔδρασαν,
3455 1750 3670 1815 λέγεται
3690 1746 3731 1801 δ’

2156 1865 2305 1933 ὅμως
2333 1858 2639 1930 τρωθέντος
2667 1857 2866 1911 αὐτίκα
2890 1855 2985 1908 τοῦ
3012 1851 3306 1922 ’Δλισὺρου
3334 1848 3431 1902 καὶ
3464 1847 3542 1907 είς
3563 1842 3734 1916 φυγὴν

2157 1956 2244 2011 διὰ
2288 1954 2460 2009 ταῦτα
2501 1952 2799 2025 βλέψαντος
2855 1948 3073 2018 Πέρσας
3134 1945 3233 2015 μὲν
3290 1940 3410 2012 μετ’
3443 1937 3734 2007 εὐκοσμίας

2158 2046 2419 2102 καὶκατὰ
2452 2046 2657 2118 τρόπον
2688 2041 3017 2113 ἀναχωρεῖν,
3040 2040 3151 2102 τοῖς
3181 2036 3238 2091 δὲ
3273 2035 3417 2090 κατὰ
3451 2033 3543 2093 τὴν
3572 2030 3738 2103 μέρη

2157 2143 2327 2199 δοῦκα
2356 2141 2668 2215 συναχθεῖσι
2704 2138 2848 2193 κατὰ
2879 2134 3129 2205 φρήτρας
3160 2129 3324 2202 τριχῆ
3355 2128 3461 2182 οὐκ
3496 2122 3565 2199 ἦν
3613 2121 3740 2179 ἀτά-

2160 2254 2305 2301 κτως
2337 2236 2472 2309 μίγα
2521 2235 2655 2289 πᾶσι
2683 2231 2919 2286 διώκειν.
2958 2228 3222 2282 Ἐκαστοι
3248 2224 3295 2278 δ’
3321 2220 3559 2293 ὁρῶντες
3588 2217 3741 2290 ἀλλή-

2162 2424 2318 2493 dnci.
2349 2420 2556 2478 Verum
2616 2418 2709 2475 tali
2761 2425 3083 2474 coactarnm
3137 2409 3430 2481 subiacere
3490 2400 3739 2461 servituti

2162 2517 2379 2573 arcium
2418 2513 2639 2579 inculte,
2677 2510 2869 2567 audito
2898 2510 3202 2564 adventare
3241 2516 3504 2573 magnum
3530 2498 3740 2563 ducem,

2162 2626 2287 2670 eum
2340 2609 2453 2681 jam
2502 2609 2717 2663 circum
2749 2603 3014 2657 Anlaeem
3044 2597 3248 2655 castris
3277 2594 3480 2669 positis
3526 2606 3741 2647 moran-

2167 2715 2275 2761 tem
2317 2702 2591 2775 legatione
2623 2699 2791 2753 missa
2828 2693 3204 2751 communiter
3240 2698 3517 2759 rogarunt
3560 2697 3617 2741 ut
3643 2684 3741 2741 sibi

2166 2800 2236 2853 ab
2286 2794 2667 2853 rebellandum
2704 2788 2913 2861 paratis
2946 2787 3165 2842 admoto
3223 2783 3455 2855 propius
3506 2776 3744 2835 exercitu

2166 2893 2427 2949 adesset:
2461 2903 2583 2944 sese
2617 2886 2789 2947 enim,
2842 2881 3160 2938 simultate
3193 2878 3246 2933 id
3284 2886 3517 2947 possent
3549 2875 3743 2934 facere,

2166 2994 2349 3059 pacta,
2382 2982 2588 3052 quibus
2614 2994 2673 3037 se
2693 2992 2911 3033 summa
2940 2977 2987 3030 vi
3017 2972 3197 3028 adacti
3232 2980 3289 3027 et
3319 2969 3582 3026 cedentes
3607 2976 3736 3022 tem-

2168 3058 2291 3149 pori
2344 3075 2537 3131 contra
2582 3068 2924 3124 voluntatem
2984 3063 3400 3119 obstrinxerant
3470 3058 3741 3118 barbaris.

2087 3170 2536 3254 crescissuros,
2583 3172 2636 3221 et
2688 3162 2835 3218 sicut
2864 3158 3029 3233 627
3066 3156 3301 3212 Romani
3346 3162 3532 3220 erant,
3566 3150 3748 3233 missis

2163 3263 2233 3319 ab
2265 3264 2606 3332 imperatore
2652 3256 2852 3324 copiis,
2890 3254 3277 3322 statim‘atque
3313 3248 3411 3303 illa
3459 3247 3518 3303 in
3556 3246 3746 3302 vicinia

2163 3354 2643 3427 comparuissent,
2676 3364 2804 3407 sese
2854 3348 3038 3420 palam
3090 3344 3481 3414 adiuncturos.
3543 3337 3749 3397 Annuit

2163 3449 2259 3506 ille
2284 3447 2543 3520 precibus
2585 3444 2919 3516 supplicum,
2960 3451 3026 3496 et
3060 3439 3353 3494 ducturum
3390 3451 3455 3492 se
3505 3446 3616 3505 quo
3638 3433 3750 3489 vel-

2165 3543 2282 3598 lent
2336 3542 2527 3612 copias
2584 3538 2863 3609 promisit,
2924 3552 2991 3592 eo
3034 3535 3302 3591 libentius
3352 3531 3509 3603 quod
3547 3547 3617 3588 ex
3652 3533 3752 3587 hoc

2167 3635 2288 3706 ipso
2335 3645 2446 3690 tam
2483 3642 2792 3704 opportune
2843 3630 3052 3687 auxilio
3091 3629 3279 3685 oblato
3306 3642 3414 3681 non
3452 3640 3651 3697 parum
3696 3636 3753 3679 se

2166 3725 2493 3787 confirmari
2540 3722 2819 3780 sentiebat
2873 3722 2943 3777 ad
2979 3722 3122 3777 bene
3150 3718 3493 3789 sperandum
3527 3716 3597 3772 de
3634 3728 3753 3770 sue-

2166 3835 2327 3878 cessu
2378 3817 2753 3888 expeditionis
2792 3816 2978 3887 hujus.
3015 3813 3158 3883 Ergo
3189 3820 3345 3868 tanto
3390 3827 3449 3866 se
3482 3811 3610 3868 inde
3640 3809 3752 3863 ala-

2168 3913 2322 3970 crius
2366 3911 2434 3968 ad
2483 3909 2801 3967 conﬂictum
2854 3925 2978 3965 eum
3018 3907 3202 3965 Persis
3239 3906 3609 3978 comparavit.
3649 3902 3750 3970 Qui

2169 4006 2434 4063 vicissim
2479 4020 2577 4077 per
2631 4010 3019 4073 exploratores
3065 4002 3291 4073 cognito
3353 4002 3538 4077 magni
3603 4000 3753 4055 ducis

2170 4109 2367 4158 contra
2402 4076 2553 4171 ipsos
2587 4098 2865 4154 moventis
2896 4098 3137 4153 adventu
3174 4096 3392 4153 obviam
3429 4076 3507 4152 illi
3544 4095 3755 4166 prodire

2172 4199 2570 4263 occuparunt,
2632 4190 2894 4261 promoto
2947 4190 3194 4245 exercitu
3238 4202 3408 4259 prope
3460 4189 3753 4247 Aulacem.

2174 4284 2262 4339 ubi
2316 4298 2440 4338 eum
2495 4282 2692 4337 stativa
2745 4282 2933 4336 tlxisse
2970 4278 3343 4337 ostendimus.
3383 4278 3755 4335 Commissum

2178 4377 2295 4432 illic
2324 4377 2470 4432 inter
2496 4376 2643 4434 acies
2676 4375 2943 4432 adversas
2972 4384 3065 4431 est
3091 4374 3369 4445 praelium,
3406 4374 3634 4445 segnius
3674 4386 3756 4426 re-

2181 4470 2525 4541 missiusque
2576 4484 2742 4541 quam
2792 4484 2822 4523 a
2866 4477 2976 4523 tam
3030 4467 3343 4524 numerosis
3393 4467 3569 4539 copiis
3606 4471 3756 4519 tanto

484 4581 541 4629 et
580 4570 843 4641 precibus
890 4567 1097 4622 infimis
1141 4578 1191 4621 et
1253 4563 1567 4620 rationibus
1618 4560 1855 4624 idoneis,
1905 4561 2061 4616 meri-
2098 4569 2153 4630 ι)
2184 4566 2447 4635 utrinque
2484 4572 2750 4635 apparatu
2790 4562 2993 4619 infeste
3024 4561 3260 4619 invicem
3291 4559 3756 4617 concurrentibus

485 4670 673 4739 tisque
716 4665 893 4735 ipsius
942 4678 1009 4719 ac
1059 4660 1406 4721 defensionis
1439 4656 1786 4727 argumentis
1828 4655 2072 4726 allegan-

485 4761 575 4819 dis
629 4757 905 4831 plurimis,
961 4770 1106 4826 aegre
1161 4752 1385 4809 tandem
1431 4749 1799 4806 Rontzerium
1840 4745 2073 4802 avertis-

486 4861 671 4911 senta
705 4849 991 4923 proposito
1042 4846 1168 4904 talis
1211 4844 1313 4901 viri
1356 4845 1465 4900 leto
1519 4840 1743 4897 informi
1780 4838 2067 4897 enecandi.

490 4947 659 5002 Porro
692 4948 822 5001 hinc
854 4942 965 4997 dux
1010 4940 1154 4997 idem
1192 4954 1423 5011 magnus
1460 4937 1681 4993 Cbliara
1711 4945 1768 4992 et
1802 4935 1917 4988 loca
1949 4933 2087 5002 ejus,

486 5043 589 5098 viae
639 5048 837 5095 caetera
887 5036 1287 5107 pertransiens,
1342 5032 1547 5087 ducere
1586 5030 1846 5086 featinato
1884 5028 2071 5097 copias

488 5134 694 5189 institit
748 5140 902 5188 recta
956 5128 1395 5198 Philadelphiam
1423 5140 1640 5190 versus,
1687 5133 1956 5185 extreme,
2010 5129 2071 5176 ut

488 5234 697 5287 dictum
731 5240 837 5292 est,
890 5225 1313 5297 periclitantem.
1374 5221 1645 5290 Quoniam
1678 5228 1865 5275 autem
1892 5216 2072 5274 conti-

489 5334 641 5396 gerat
684 5322 966 5391 aliquanto
1026 5327 1155 5373 ante
1200 5317 1321 5387 capi
1378 5315 1665 5385 Tripolim,
1721 5326 1879 5369 arces
1949 5325 2071 5380 qum

490 5401 636 5471 circa
691 5416 837 5467 illam
896 5412 1087 5467 urbem
1150 5418 1312 5465 erant
1372 5407 1690 5464 necessario
1756 5419 1888 5475 pace
1941 5417 2069 5456 cum

490 5511 677 5568 Persis
736 5509 1069 5579 quibusdam
1132 5505 1546 5562 conditionibus
1605 5502 1746 5558 facta
1802 5498 2066 5570 subjecta:

493 5606 629 5676 ipsis
673 5604 1081 5673 quadamtenus
1133 5609 1317 5664 erant,
1366 5599 1502 5652 citra
1544 5607 1727 5651 tamen
1779 5592 2071 5648 admissio-

423 5768 427 5773 ὑ
493 5712 617 5753 nem
654 5694 891 5766 praesidii
928 5690 1137 5747 Persici
1176 5706 1273 5747 seu
1324 5689 1505 5761 potius
1556 5687 1865 5743 Carmavtici
1896 5704 1908 5739 :
1942 5700 2066 5739 nam

497 5792 549 5843 lti
604 5804 728 5841 cum
789 5786 993 5857 quibus
1052 5783 1158 5840 ἰδία
1218 5784 1535 5853 pepigerant
1580 5781 1836 5836 Garmani
1888 5787 2067 5843 erant,

499 5883 757 5956 praecipui
800 5894 854 5939 et
878 5880 1164 5939 fortissimi
1198 5879 1518 5947 Persarum,
1562 5875 1789 5947 Alisyrte
1815 5880 2069 5945 parentes

2175 4658 2488 4730 exspectari
2557 4656 2851 4713 debuerat.
2939 4654 3151 4710 Dicitur
3222 4664 3408 4711 tamen
3470 4654 3756 4709 vulnerato

2176 4754 2395 4824 Misyra
2428 4751 2623 4823 primis
2648 4751 2836 4807 statim
2868 4748 3332 4822 iaculationibus,
3364 4765 3431 4804 ac
3470 4736 3755 4821 propterea

2182 4845 2367 4913 fugam
2422 4846 2697 4914 respicere
2765 4855 2983 4909 coacto,
3041 4854 3192 4899 retro
3242 4830 3484 4899 cessisse
3537 4840 3753 4912 quidem

2177 4935 2401 4999 Persas,
2445 4933 2540 4988 sed
2588 4934 2807 4989 militari
2867 4933 3038 5005 gradu
3078 4941 3132 4988 et
3179 4935 3317 4988 citra
3372 4931 3753 4988 confusionem

2176 5040 2272 5085 aut
2308 5028 2643 5085 solutionem
2676 5028 2958 5083 ordinum.
2996 5026 3108 5080 llos
3143 5041 3213 5082 ne
3240 5027 3428 5081 acrius
3460 5033 3516 5080 et
3540 5025 3755 5096 longius

2162 5120 2353 5189 copia:
2381 5119 2563 5193 magni
2600 5117 2759 5173 ducis
2794 5120 3239 5186 insequerentur,
3274 5132 3338 5171 ea
3365 5132 3531 5173 causa
3574 5115 3749 5171 obsti-

2182 5214 2319 5269 tisse
2380 5212 2690 5277 dieebatnr,
2736 5210 2887 5281 quod
2934 5212 3016 5265 lim
3057 5209 3335 5264 trifariam
3374 5211 3431 5264 in
3469 5225 3667 5281 genera
3702 5219 3752 5264 et

2175 5323 2413 5377 corpora
2467 5306 2697 5361 totidem
2748 5305 2942 5360 divisa:
2990 5306 3170 5374 (suam
3223 5303 3371 5359 enim
3412 5304 3516 5359 sibi
3554 5304 3754 5373 quique

2177 5405 2411 5459 seorsim
2466 5402 2615 5467 itali,
2652 5401 2807 5455 Alani
2849 5411 2906 5454 et
2960 5399 3191 5455 Romani
3246 5399 3404 5470 quasi
3445 5409 3749 5469 separatam

2180 5498 2353 5552 aciem
2390 5494 2690 5564 habebant)
2719 5495 3030 5549 immiscere
3059 5508 3118 5549 se
3150 5494 3408 5557 invicem,
3435 5501 3599 5563 prout
3620 5507 3754 5563 opus

2180 5599 2300 5644 erat
2349 5589 2415 5643 ad
2482 5599 2708 5643 strenue
2760 5586 3080 5642 instandum
3119 5586 3467 5651 cedentibus,
3504 5589 3751 5648 noluere,

2180 5685 2276 5741 sed
2304 5701 2363 5741 se
2395 5696 2584 5739 mutuo
2623 5681 3373 5754 intuebuntur,opperientes
3415 5681 3573 5750 siqui
3607 5680 3751 5749 prio-

2184 5797 2269 5837 res
2302 5779 2601 5840 insilirent,
2648 5777 2823 5846 quasi
2864 5791 2989 5830 tuo:
3032 5785 3087 5833 et
3133 5775 3237 5845 ipsi
3279 5774 3546 5836 secuturi.
3583 5773 3751 5827 Caste-

2182 5890 2303 5931 rum
2365 5888 2433 5930 ne
2490 5870 2584 5942 qui
2645 5870 2808 5941 prittti
2858 5870 3178 5942 expedirent
3210 5868 3276 5926 ad
3312 5870 3418 5927 hoc
3465 5869 3747 5938 impetum,
