4004 6228
545 300 642 364 471

1736 302 2061 365 GEORGII
2100 304 2295 366 PACH
2304 304 2583 370 YMER/E

3675 300 3765 369 172

546 413 868 484 ποιούμενος
892 456 910 483 ,
952 412 1093 482 ἔγνω
1124 412 1225 484 μὲν
1280 413 1377 486 τὴν
1407 414 1483 481 ὡς
1513 414 1737 485 βασιλέα
1778 414 2121 487 τεχνιτεῦσαι
2153 424 2193 480 Α
2230 418 2466 488 μεγάλου
2510 417 2727 487 δουκδς,
2758 419 2833 485 ὡς
2856 418 3020 492 δῆθεν
3066 419 3203 492 πρὸς
3233 422 3327 475 τδν
3365 416 3660 474 κανικλείου
3676 419 3767 488 δη-

546 508 870 584 ἁποδρασιν,
912 508 1048 577 ταχὺ
1078 506 1134 561 δὲ
1184 509 1425 578 παρέσχε
1469 512 1564 561 καὶ
1596 510 1630 579 ὴ
1677 506 1814 579 τύχη
1853 508 1952 578 τὴν
1979 506 2121 577 πρό.

548 618 731 669 φασιν.
772 600 835 653 Ἦ
867 601 895 653 δ
945 596 1034 672 ἦν,
1068 601 1347 671 πέμπεται
1406 602 1505 670 μὲν
1556 602 1705 672 παρά
1738 600 1831 656 τοῦ
1878 600 2120 671 μεγάλου

546 692 737 755 δουκδς
766 693 903 763 ἀνὴρ
936 695 1135 756 οίκεῖος
1163 696 1231 764 τῇ
1284 692 1524 766 πενθερᾷ
1548 696 1595 747 οἱ
1638 694 1666 746 ὁ
1711 693 2123 764 Κανναῦούριος

549 786 689 855 πρὸς
724 786 1307 839 Κωνσταντινούπολιν
1346 787 1436 841 διά
1489 786 1537 839 τ’
1576 785 1735 851 ἄλλα,
1776 786 1871 841 καὶ
1908 785 2122 852 ἀξιοῦν-

546 895 637 941 ττς
671 877 1047 946 ἀποσταλῆναι
1076 880 1175 949 τὴν
1198 881 1446 950 γαμετήν
1464 898 1477 913 ι
1504 878 1629 933 ἐπεὶ
1651 878 1696 932 δ’
1719 879 1827 933 ἔδει
1854 878 1952 949 τῆς
1980 876 2125 934 κατὰ

546 970 649 1041 τὴν
671 969 789 1023 ὁδὸν
823 970 1127 1038 ἀσφαλείας
1152 971 1228 1041 τῷ
1254 972 1408 1042 ἀνδρὶ
1432 970 1943 1043 οτρομηθεύσασθαι¹
1976 970 2122 1041 πέμο

552 1078 645 1113 πει
679 1061 817 1131 πρὸς
846 1060 937 1113 τὸν
983 1061 1294 1130 Νοστὸγγον
1347 1060 1678 1130 παρεγγυῶν
1718 1060 1982 1115 ίκανῶσαι
2012 1058 2127 1113 δια-

552 1152 789 1215 σώσταις
820 1154 884 1207 ἐκ
919 1154 1011 1207 τοῦ
1069 1155 1461 1226 στρατιωτικοῦ
1494 1156 1586 1210 τὸν
1634 1152 2122 1224 ἀποστελλόμενον.

550 1244 721 1310 Αὐτὸς
750 1246 806 1299 δὲ
827 1247 924 1310 τὰς
957 1248 1370 1318 παρεγγυήσεις
1396 1248 1687 1320 δεξάμενος
1716 1248 1791 1317 τῷ
1822 1250 2000 1302 δοκεῖν
2030 1247 2125 1301 καὶ

553 1338 695 1408 ὑπὲρ
728 1341 791 1391 ὲκ
822 1338 1083 1408 περισσοῦ
1120 1343 1187 1395 τὰ
1234 1341 1613 1414 ἐπεσταλμένα
1644 1341 1825 1395 θέλειν
1855 1340 2122 1413 πληροῦν,

552 1431 626 1491 ὡς
652 1429 814 1494 αὐτὸς
847 1431 985 1503 ὑπὲρ
1019 1432 1178 1486 ἀλλον
1210 1435 1290 1497 εἰς
1321 1435 1481 1503 χάριν
1516 1432 1631 1503 ἅμα
1679 1434 1790 1497 τοῖς
1830 1434 1981 1497 ίδίοις
2010 1432 2126 1487 δια-

555 1523 896 1593 σωσάμενος,
954 1526 1293 1595 ἐτεχνίτευεν
1347 1526 1429 1597 [Ρ.
1474 1525 1602 1599 298]
1661 1525 1975 1598 ἀποφυγήν.
2038 1525 2127 1577 Ἐν

551 1619 728 1690 τούτῳ
764 1619 819 1671 δὲ
852 1620 948 1674 καί
970 1637 1054 1684 τις
1071 1620 1178 1673 τῶν
1202 1622 1259 1683 ἐς
1291 1622 1654 1691 γραμματέας
1682 1620 1873 1689 ἐκείνῳ
1908 1617 2129 1673 τελούν-

554 1729 682 1777 των,
719 1712 842 1764 ἐπεὶ
894 1714 987 1765 καὶ
1038 1712 1185 1784 αὐτῷ
1217 1714 1391 1767 ἐδόκει
1443 1713 1537 1767 τοῦ
1586 1715 1931 1783 κεκτημένου
1967 1711 2126 1766 ἀλλο-

555 1770 858 1876 τριοῦσθαι,
892 1804 1046 1859 ἔνθεν
1083 1770 1182 1873 μὲν
1210 1798 1386 1869 οὗτος,
1416 1805 1569 1859 ἔνθεν
1594 1804 1641 1859 δ’
1669 1770 1877 1867 ἐκεῖνος
1907 1802 2006 1875 τὴν
2028 1802 2125 1855 πό·
2159 1770 2200 1825 Β

556 1898 638 1951 λιν
663 1898 1163 1967 καταλαμϐάνουσι.
1214 1900 1355 1953 Ἀλλ’
1389 1902 1416 1953 ὁ
1460 1899 1557 1969 μὲν
1607 1898 1732 1952 ἐπεὶ
1782 1897 1934 1952 οὐδὲν
1981 1896 2129 1967 ἑώρα

556 1992 814 2046 ἀκίνδυνα
842 1991 1020 2061 ἑαυτῷ
1068 1992 1157 2045 διὰ
1205 1992 1301 2063 τὴν
1330 1992 1431 2061 τῆς
1458 1994 1649 2063 ὲνοχῆς
1693 1991 2004 2061 παράλυσιν
2034 1988 2129 2043 καὶ

562 2085 661 2155 τὴν
689 2086 745 2148 ἐς
782 2085 1003 2154 βασιλέα
1035 2085 1379 2155 προσφυγὴν,
1407 2084 1725 2156 πατριάρχη
1761 2081 2128 2156 προσφεύγει·

558 2181 590 2221 Α
613 2177 670 2231 δὲ
700 2177 1067 2249 γραμματεὺς
1097 2177 1325 2241 ἐπιστὰς
1360 2178 1465 2247 πρὸ
1491 2174 1705 2243 τούτου,
1743 2176 1837 2231 καὶ
1864 2175 1933 2229 τά
1964 2171 2133 2227 πιστά

559 2270 878 2342 προσδοκῶν
904 2270 1049 2343 ἔχειν
1098 2269 1161 2324 ἔκ
1194 2287 1339 2335 τινος
1382 2271 1713 2344 γράμματος
1758 2269 1855 2324 τοῦ
1894 2268 2005 2323 ἀπὸ
2035 2266 2130 2321 τοῦ

558 2449 777 2504 instans
810 2456 1157 2517 praevertere,
1194 2455 1248 2501 et
1291 2446 1641 2518 ignominiam
1675 2444 1759 2502 vel
1801 2446 1982 2502 delere
2016 2445 2132 2515 jam

560 2542 800 2596 inusram
862 2541 943 2595 vel
1000 2555 1071 2595 ne
1130 2539 1240 2595 sibi
1295 2540 1687 2610 impingerctnr
1739 2540 1796 2595 in
1847 2547 2131 2611 posterum

562 2648 872 2704 praecavere
908 2633 1161 2692 studens.
1195 2646 1361 2686 unam
1392 2632 1655 2701 optimam
1683 2640 1940 2687 votorum
1978 2645 2129 2686 asse-

561 2730 909 2800 qnendorum
954 2728 1166 2799 putavit
1220 2726 1518 2790 rationem,
1569 2727 1954 2795 imperatorem
1984 2726 2137 2781 adire

565 2824 1001 2894 quamprimum,
1055 2818 1100 2875 si
1149 2835 1311 2890 quem
1364 2819 1525 2873 modo
1576 2818 1920 2887 plausibilem
1976 2820 2135 2873 dese-

565 2917 746 2971 renda:
794 2915 1087 2986 provinciae
1127 2915 1372 2968 nancisci
1422 2923 1747 2985 praetextum
1783 2922 1987 2983 posset.
2033 2910 2135 2967 Fa-

561 3011 641 3065 vit
690 3009 742 3063 in
800 3011 905 3063 hoc
952 3007 1001 3063 ei
1055 3006 1298 3074 fortuna,
1343 3007 1692 3062 occasionem
1727 3005 1873 3061 brevi
1900 3003 2137 3061 offerens

2221 510 2441 574 λοῦντος
2470 512 2573 583 τὴν
2602 512 2864 566 ἀπόλυσιν
2896 511 2972 577 ὡς
3008 511 3277 580 ἑκούσιος,
3313 510 3497 564 ἐλπίσι
3528 512 3769 580 χρησταῖς

2222 606 2473 677 ᾐωρεῖτο.
2508 607 2682 673 Λόγος
2717 606 2763 659 δ’
2785 602 2853 677 ἦν
2893 606 3241 677 ἀμφοτέρους
3269 603 3613 666 συνελθόντας
3646 603 3769 673 πρὸς

2223 696 2574 768 πατριάρχην
2598 696 2988 764 ἀπολογεῖσθαι
3020 697 3111 753 διὰ
3134 698 3328 753 τούτου
3350 695 3428 769 τῷ
3456 695 3654 767 βασιλεῖ
3679 696 3767 765 τὴν

2223 788 2287 843 ἑκ
2321 789 2411 844 τοῦ
2438 790 2683 867 μεγάλου
2723 790 2914 855 δουκδς
2948 790 3323 863 ἀναχώρησιν,
3370 790 3437 844 τά
3482 788 3642 843 πολλά
3674 788 3770 843 τῶν

2223 881 2421 952 ἐκείνῳ
2458 882 2850 955 πραττομένων
2887 881 3238 952 ἀταμιεύτοις
3265 879 3593 955 παρῤησὶαις
3619 877 3773 932 καθα-

2226 976 2546 1047 πτομένους.
2586 976 2653 1029 Ἀ
2680 977 2775 1029 καὶ
2807 974 3165 1045 ἀγγελθέντα,
3188 974 3286 1046 οὐχ
3318 973 3466 1039 ὅπως
3482 972 3529 1026 οἱ
3545 969 3773 1038 λέγοντες

2224 1066 2462 1133 ἔπειθον,
2490 1066 2627 1121 ἀλλά
2652 1067 2748 1122 καὶ
2774 1067 3153 1137 δυσμεναίνειν
3178 1068 3393 1131 ἑαυτοῖς
3422 1064 3513 1118 τὸν
3533 1062 3775 1133 κρατοῦν-

2223 1178 2293 1217 τα
2326 1162 2545 1215 ἐποίουν
2565 1177 2580 1192 ⁸
2614 1159 2866 1231 βασιλεὺς
2898 1160 3008 1231 γὰρ
3038 1160 3262 1223 κακίας,
3308 1158 3410 1214 οὐκ
3439 1156 3685 1230 ἀληθείας
3714 1153 3776 1209 τά

2223 1252 2495 1325 λεγόμενα
2524 1253 2749 1324 κρίνων,
2784 1253 2878 1306 καὶ
2916 1251 3323 1322 ὑπεκκαύματα
3366 1249 3559 1319 φθόνου
3592 1248 3776 1319 μᾶλλον

2224 1343 2259 1414 ἦ
2294 1344 2615 1415 προνοήσεις
2646 1342 2704 1408 ἐξ
2730 1342 2944 1405 εὐνοίας
2978 1341 3122 1412 ύπὶρ
3144 1339 3333 1407 αὐτοῦ,
3374 1340 3600 1402 ἐκείνοις
3630 1337 3776 1408 ὲχόλα

2227 1438 2319 1493 καὶ
2373 1436 2720 1507 ἐξωργίζετο.
2777 1434 2885 1489 Τοῦ
2935 1433 2982 1489 δ’
3010 1435 3104 1490 ἐπὶ
3137 1433 3352 1498 τούτοις
3389 1433 3487 1487 καὶ
3521 1431 3778 1502 μετελθεῖν

2225 1530 2319 1583 τοῦ
2373 1531 2472 1602 μὲν
2498 1531 2558 1583 τὸ
2588 1530 2687 1583 οὐκ
2720 1530 2801 1593 είς
2832 1527 2987 1596 ὀλίγα
3036 1529 3308 1599 χρήσιμον
3338 1526 3659 1596 παρῃτεῖτο,
3690 1520 3779 1576 τοῦ

2226 1622 2283 1676 δὲ
2308 1622 2369 1676 τὸ
2421 1622 2752 1691 ἀξιοπρεπὲς
2790 1621 2871 1683 είς
2901 1619 3001 1690 τὴν
3048 1619 3157 1673 ἀπὸ
3190 1617 3458 1690 βασιλέως
3491 1617 3781 1686 παρόρασιν

2226 1715 2538 1773 διεκώλυεν.
2574 1708 2684 1767 Ἦν
2709 1713 2753 1766 δ’
2774 1712 2951 1777 ἄλλως
2990 1712 3238 1782 ἐμποδὼν
3269 1709 3404 1780 πρὸς
3442 1707 3605 1763 τοῦτο
3632 1707 3718 1759 καί
3751 1707 3780 1772 ὴ

2230 1814 2367 1881 προς
2387 1807 2478 1861 τὸν
2509 1805 2852 1877 πατριάρχην
2879 1803 3171 1874 καταφυγὴ
3200 1802 3294 1856 τοῦ
3322 1801 3656 1869 Νοστὸγγου,
3674 1796 3783 1851 ὅθεν

2229 1901 2367 1973 ᾤετο
2395 1900 2538 1971 ἔχειν
2568 1897 2666 1970 τὴν
2694 1899 2748 1961 ἐς
2775 1897 2920 1951 ἆπαν
2950 1894 3181 1950 ἀσυλίαν
3206 1898 3271 1964 τῇ
3300 1894 3400 1965 τῆς
3431 1891 3784 1965 Περιῦλίπτον

2229 1994 2367 2056 τέως
2416 1990 2870 2061 ἑγκεκλεισμένον
2933 1990 3090 2060 μονῇ.
3145 1987 3306 2041 Ὀθεν
3351 1985 3448 2040 καὶ⁸
3504 1982 3653 2054 παρὰ
3698 1979 3788 2051 τῆς

2230 2086 2465 2156 ἀδελφῆς
2494 2084 2522 2138 ὁ
2542 2082 2761 2154 κρατῶν
2793 2081 3052 2144 πολλάκις
3088 2078 3529 2151 παρωξυμμένος
3564 2074 3786 2145 (ἀνάπυ-

2234 2197 2335 2235 στα
2364 2180 2475 2249 γάρ
2516 2177 2746 2249 κάκείνῃ
2773 2176 2841 2230 τὰ
2897 2174 3157 2247 λεχθέντα
3188 2175 3328 2227 κατὰ
3352 2171 3412 2224 τὸ
3441 2170 3586 2233 εῖκδς
3623 2166 3790 2236 ἐγεγό-

2231 2291 2333 2337 νει,
2365 2274 2461 2327 καὶ
2499 2269 2824 2342 ύὸριοπάθει
2851 2268 2922 2322 τὰ
2953 2266 3208 2338 μέγιστα,
3242 2265 3291 2318 εί
3339 2264 3412 2334 μή
3445 2278 3513 2331 γε
3551 2260 3599 2313 οί
3624 2270 3791 2313 κατει-

2236 2458 2318 2515 uti
2372 2454 2769 2518 destinaverat,
2801 2452 2866 2508 ad
2901 2453 3105 2524 ipsum,
3135 2462 3185 2506 et
3218 2448 3499 2505 audientla
3536 2442 3793 2519 poscenda

2234 2552 2355 2624 ejus
2379 2549 2636 2622 potestati
2663 2563 2721 2604 se
2745 2548 3083 2619 permittere.
3115 2545 3297 2611 Quare
3328 2544 3395 2599 ad
3436 2539 3793 2615 patriarchant

2236 2661 2295 2702 se
2346 2643 2582 2707 confert,
2641 2642 2780 2714 asyli
2821 2639 2947 2711 jure
2999 2654 3232 2695 securus
3288 2638 3401 2693 illic
3456 2636 3697 2700 futurus,
3747 2640 3796 2689 et

2236 2735 2425 2793 eodem
2465 2736 2662 2791 idoneo
2713 2730 3191 2789 reconciliationis
3243 2739 3535 2800 sequestro
3584 2728 3649 2783 ad
3696 2728 3797 2780 Διι-

2236 2840 2458 2901 gustum
2512 2842 2737 2883 usurus.
2793 2824 3011 2891 Scriba,
3057 2824 3151 2895 qui
3199 2824 3349 2895 prior
3384 2824 3437 2877 in
3475 2822 3689 2887 urbem,
3715 2834 3796 2874 ex-

2236 2922 2478 2993 poditius
2530 2920 2617 2975 via
2680 2934 2929 2984 emensa,
2986 2928 3339 2990 pervenerat,
3403 2917 3650 2971 Iactatus
3711 2925 3799 2983 spe

2239 3016 2410 3079 inani,
2444 3012 2753 3081 cujusdam,
2787 3028 2950 3083 quam
2996 3011 3281 3076 attulerat,
3321 3019 3563 3079 accepta:
3612 3024 3641 3064 a
3689 3021 3797 3062 ma-

562 3104 682 3173 ejus
714 3102 814 3157 viae
846 3100 1213 3172 probabilem,
1259 3101 1399 3156 hanc
1448 3100 1678 3156 scilicet.
1712 3097 1924 3155 Mittere
1960 3114 2057 3170 per
2085 3099 2135 3153 id
2164 3119 2207 3178 ς
2242 3122 2350 3178 gno
2375 3106 2511 3162 duce
2543 3105 2607 3161 ad
2638 3104 2865 3161 caniclei
2892 3102 3207 3174 praefectum
3248 3102 3517 3172 epistolae,
3547 3114 3655 3171 qua
3684 3112 3797 3155 cum

563 3205 785 3266 tempus
835 3194 1007 3250 voluit
1038 3195 1145 3249 dux
1183 3210 1411 3266 magnus
1451 3195 1514 3247 ad
1552 3210 1769 3248 soerent
1804 3209 1983 3256 suam,
2018 3210 2139 3263 ger-

567 3302 787 3341 manam
844 3287 1193 3357 imperatoris
1234 3286 1711 3354 Constantinopoli
1762 3293 1890 3339 tunc
1940 3287 2142 3354 degen-

563 3392 696 3447 tem,
746 3382 1055 3435 minlstrum
1096 3378 1173 3434 illi
1230 3389 1496 3434 matronae
1546 3379 1599 3433 in
1651 3376 1839 3449 primis
1890 3376 2053 3431 ﬁdum
2086 3385 2139 3430 et

562 3477 759 3530 intime
790 3474 1142 3540 familiarem,
1180 3472 1618 3535 Canuaburium,
1655 3481 1767 3525 tum
1804 3480 1865 3527 ut
1895 3471 2000 3525 alia
2032 3469 2136 3526 sibi

564 3570 872 3623 desiderata
922 3568 1167 3637 quaedam
1223 3580 1317 3634 per
1362 3580 1480 3620 eam
1536 3566 1587 3618 in
1628 3563 1751 3619 aula
1817 3562 2132 3625 conﬁceret,

569 3671 684 3714 tum
727 3667 785 3715 ιιι
838 3674 1066 3712 uxorem
1109 3657 1249 3727 apud
1303 3668 1528 3711 matrem
1564 3656 1933 3712 dit‘ersantem
1983 3651 2048 3707 ad
2082 3668 2143 3709 se

568 3762 898 3808 accerseret.
936 3750 1073 3818 Quia
1109 3766 1243 3805 vero
1294 3765 1390 3820 per
1438 3750 1666 3804 infestas
1710 3748 2003 3803 hostilibus
2054 3747 2141 3801 in-

565 3845 820 3901 cursibus
845 3846 1089 3916 regiones
1112 3844 1257 3899 haud
1286 3852 1461 3898 tutum
1496 3842 1819 3898 incomitata
1849 3841 2041 3895 viatori
2067 3840 2145 3894 vi-

563 3940 725 3997 debat
749 3940 850 3995 iter
874 3941 1009 4004 fore,
1038 3938 1321 4008 Nostoogo
1346 3936 1624 3992 mandavit
1651 3948 1709 3991 nt
1733 3952 1855 3993 eum
1887 3942 2007 3990 tuto
2048 3934 2144 3990 de-

565 4042 883 4104 putatormn
936 4048 967 4088 e
997 4048 1097 4088 sua
1138 4034 1364 4088 cohorte
1406 4032 1461 4087 in
1490 4030 1674 4086 urbem
1723 4044 1917 4086 secure
1946 4027 2143 4084 deduci

563 4128 821 4199 prxsidio
859 4138 1095 4182 curaret.
1118 4125 1276 4191 Quod
1306 4123 1396 4180 ille
1426 4126 1743 4180 mandatum
1784 4124 2044 4215 obnoxie)
2059 4138 2147 4177 ac-

566 4222 804 4292 cipiens,
830 4221 989 4291 quasi
1022 4219 1359 4275 ostentando
1386 4218 1775 4273 abundantiori
1812 4216 1994 4272 studio
2022 4222 2148 4288 ‘gra-

567 4315 812 4369 tificandi
862 4314 989 4370 duci
1033 4327 1256 4383 magno,
1293 4312 1456 4367 simul
1489 4312 1608 4382 plus
1643 4325 1807 4381 quam
1858 4308 2149 4379 petebatur

569 4408 740 4473 dedit,
803 4406 967 4462 simul
1030 4417 1212 4478 aptam
1274 4406 1514 4475 captavit
1578 4406 2037 4475 opportunitatem
2092 4402 2143 4457 id

567 4500 712 4571 quod
766 4516 864 4555 sua
916 4473 1082 4555 causa
1140 4473 1364 4569 optabat
1410 4494 1576 4570 430
1616 4473 1846 4569 agendi.
1895 4494 2141 4551 Oﬁicium
2175 4473 2223 4533 Β

568 4596 774 4663 quippe
821 4593 1136 4647 deductoris
1169 4592 1271 4646 sibi
1323 4607 1446 4645 cum
1483 4590 1735 4659 praetoria
1775 4604 1869 4644 sua
1924 4588 2151 4642 cohorte

568 4686 1314 4753 assntncns,Cannaburium
1361 4684 1901 4753 Constantinopolim
1947 4682 2146 4751 perdu-

573 4783 671 4837 xit.
708 4780 831 4847 Quo
891 4782 1009 4849 ipso
1076 4789 1322 4847 tempore
1369 4777 1591 4845 quidam
1640 4777 1694 4830 in
1744 4776 1989 4845 ejusdem
2043 4774 2149 4828 Νο-

574 4877 755 4946 stongi
810 4874 1134 4944 provinciali
1197 4873 1463 4927 enniitatu
1523 4869 1717 4925 scribae
1786 4870 2151 4925 ministerium

569 4984 859 5031 exercens,
893 4982 1015 5022 eum
1069 4966 1405 5021 decrevisset
1432 4964 1618 5018 nescio
1666 4979 1771 5033 qua
1816 4978 1875 5017 re
1908 4963 2151 5017 offensus

570 5064 639 5117 ab
695 5062 849 5116 exosi
883 5060 989 5115 sibi
1041 5058 1255 5113 domini
1314 5059 1541 5113 servitio
1605 5058 1885 5122 recedere,
1940 5066 1993 5111 et
2034 5056 2150 5125 ipse

573 5156 679 5209 iter
741 5154 932 5208 urbem
989 5168 1183 5207 versus
1236 5152 1379 5205 clam
1432 5149 1683 5219 arripuit.
1744 5151 1934 5218 itaque
1988 5152 2148 5204 ambo

571 5249 691 5318 pari
734 5247 988 5311 consilio,
1020 5243 1149 5301 licet
1187 5246 1419 5299 invicem
1462 5244 1661 5314 ignari,
1706 5242 1923 5299 furtivis
1970 5243 2151 5313 profe-

570 5338 851 5394 ctiooibus
916 5336 1453 5406 COnstautinopolim
1509 5349 1823 5405 pervenere.
1885 5330 1989 5388 Ubi
2040 5330 2147 5385 No—

571 5443 803 5501 atougus
842 5432 1094 5501 inspecto
1136 5445 1320 5484 rerum
1375 5436 1545 5493 statu,
1586 5443 1709 5482 cum
1754 5426 1981 5480 minime
2016 5438 2145 5495 spe-

572 5536 723 5582 raret
761 5527 998 5596 probare
1030 5540 1088 5577 se
1142 5522 1460 5592 imperatori
1498 5536 1681 5590 posse,
1732 5518 2041 5573 manifestis
2092 5517 2144 5570 in

574 5622 820 5677 favorem
899 5619 1081 5687 magni
1156 5618 1310 5671 ducis
1385 5626 1765 5685 prmoccnpato
1832 5611 2145 5676 affectibus,

572 5733 715 5786 quas
769 5733 926 5769 veras
977 5716 1240 5767 habuerat
1290 5727 1490 5766 causas
1534 5726 1562 5765 e
1598 5708 1878 5781 provincia
1936 5706 2143 5775 injnssu

574 5812 913 5880 discedendi,
970 5810 1112 5865 haud
1175 5816 1353 5863 totum
1408 5806 1514 5864 sibi
1565 5804 1777 5876 putavit
1826 5803 2145 5872 confugere,

2239 3196 2505 3255 declarari
2541 3195 2867 3252 credidisset
2898 3209 2957 3250 se
2986 3194 3255 3265 legitimas
3289 3193 3583 3248 habentem
3615 3202 3800 3246 causas

2242 3291 2547 3347 ahnuendas
2578 3288 2854 3346 ulterioris
2892 3302 3057 3344 morte
3103 3288 3157 3343 in
3207 3287 3478 3357 obsequio
3524 3281 3801 3354 Nostongi,

2243 3400 2271 3441 a
2307 3400 2417 3455 quo
2451 3382 2697 3454 indignis
2736 3381 2915 3439 modis
2962 3388 3319 3445 tractaretur,
3362 3380 3696 3435 auctoritate
3720 3391 3803 3432 su-

2244 3476 2445 3549 periori
2492 3475 2648 3531 ducis
2678 3476 2856 3547 magni
2885 3490 2914 3529 a
2941 3473 3202 3530 famulatu
3222 3460 3408 3546 magni
3438 3469 3806 3530 hetaeriarchz

2245 3574 2350 3627 rite
2401 3570 2573 3625 fuisse
2624 3568 2959 3633 absolutum,
2987 3574 3276 3637 postquam
3325 3581 3387 3620 ea
3436 3564 3654 3621 reddita
3702 3560 3806 3631 epi-

2245 3664 2385 3719 stola
2415 3661 2725 3734 promoveri
2757 3674 2820 3715 ea
2852 3660 2938 3713 via
2982 3658 3257 3729 negotium
3286 3672 3393 3712 non
3424 3654 3601 3713 sensit
3629 3667 3805 3715 suum,

2244 3756 2360 3813 sive
2411 3755 2503 3811 illa
2558 3752 2927 3825 perftmctoria
2974 3750 3380 3807 commendatio
3433 3748 3656 3812 fuisset,
3704 3747 3809 3802 sive

2245 3848 2503 3923 quamvis
2532 3856 2810 3911 accurata,
2836 3859 3029 3915 parum
3057 3843 3198 3915 apud
3225 3840 3543 3914 praefectum
3572 3836 3811 3895 caniclco

2248 3944 2479 4009 valeret,
2514 3943 2633 3996 vela
2663 3938 2967 3996 secundum
3015 3952 3207 3994 auram
3246 3946 3458 3993 vertere
3488 3936 3705 3998 statuét,
3732 3946 3811 3986 re-

2246 4036 2654 4103 conciliataque
2699 4049 2824 4087 cum
2858 4030 3143 4101 Nostongo
3171 4029 3344 4100 gratia
3379 4028 3652 4083 societate
3694 4033 3810 4079 cum

2247 4147 2317 4189 eo
2389 4130 2631 4185 ineunda
2696 4127 2941 4191 consilii,
3007 4125 3073 4179 ad
3147 4122 3519 4193 patriarcham
3581 4129 3637 4177 et
3700 4118 3814 4187 ipse

2246 4222 2519 4293 Confugit,
2555 4236 2738 4292 parem
2774 4235 2885 4291 prae
2915 4234 2974 4276 se
3012 4221 3193 4274 ferens
3260 4217 3610 4273 aversionem
3646 4226 3674 4267 a
3707 4223 3817 4265 ma-

2249 4330 2357 4387 gno
2392 4314 2556 4369 duce.
2598 4312 2673 4367 lhi
2738 4322 2971 4381 uterque
3020 4308 3280 4364 concordi
3337 4315 3539 4364 conatu
3593 4302 3817 4360 studue-

2252 4418 2384 4464 runt
2418 4406 2689 4461 infamare
2745 4404 2887 4475 apud
2920 4404 3227 4473 Augustum
3270 4403 3449 4472 magni
3484 4397 3815 4461 ducls'acta,

2249 4501 2485 4574 querelis
2542 4509 2735 4556 contra
2776 4498 2897 4568 ejus
2956 4510 3206 4560 avaram,
3243 4504 3597 4565 arrogantem
3641 4501 3699 4547 et
3736 4499 3818 4561 ty-

2251 4594 2533 4649 nannieam
2588 4592 3041 4662 gubernationem
3085 4589 3237 4643 libris
3284 4589 3425 4658 apud
3453 4583 3817 4657 patriarcham

2251 4684 2615 4755 deponendis,
2670 4698 2807 4752 quas
2866 4681 2956 4737 ille
3006 4680 3259 4735 videlicet
3310 4680 3374 4734 ad
3432 4679 3817 4748 imperatorem

2250 4775 2511 4842 deferret,
2545 4784 2597 4829 et
2626 4789 2723 4845 pro
2768 4789 2829 4828 ea
2860 4788 2965 4844 qua
2995 4773 3231 4843 pollebat
3254 4771 3397 4841 apud
3442 4771 3622 4840 ipsum
3650 4767 3817 4841 gratia

2255 4870 2496 4923 creditas
2543 4868 2651 4921 sibi
2679 4868 3045 4937 probatasquc
3090 4865 3654 4935 persuaderetjustas
3678 4874 3817 4915 esse.

2257 4960 2361 5017 Sed
2394 4975 2654 5016 successu
2689 4974 2749 5013 ea
2782 4973 2871 5013 res
2917 4958 3135 5013 caruit:
3164 4954 3367 5010 auditis
3412 4953 3553 5008 enim
3588 4952 3820 5021 impera.

2253 5064 2340 5109 tor
2386 5067 2412 5106 a
2443 5050 2759 5123 patriarcha
2807 5064 2928 5119 quae
2959 5047 3270 5120 Nostongus
3309 5054 3364 5101 et
3395 5047 3513 5116 ejus
3538 5043 3722 5101 scriba
3766 5042 3819 5097 in

2252 5160 2447 5215 magno
2474 5144 2610 5198 duce
2637 5144 2941 5211 culparent.
2968 5140 3105 5195 adeo
3146 5148 3369 5194 nonest
3416 5150 3717 5207 persuasus
3767 5140 3824 5187 ut

2251 5238 2395 5293 iram
2430 5237 2613 5309 potius
2650 5251 2755 5290 non
2791 5234 3120 5289 mediocrem
3154 5232 3213 5287 in
3252 5238 3602 5287 accusatores
3641 5238 3823 5284 osten-

2252 5335 2433 5395 deret,
2490 5330 2592 5384 hos
2637 5328 2895 5394 judicans
2950 5326 3085 5381 falso
3115 5333 3171 5381 et
3214 5339 3381 5395 prava
3436 5324 3715 5377 voluntate
3744 5320 3827 5375 ln-

2250 5418 2729 5494 stinctuqnehsl
2750 5421 2965 5487 maligni
2993 5419 3201 5483 livoris,
3218 5432 3325 5473 non
3347 5427 3551 5480 autem,
3573 5424 3633 5471 ut
3659 5412 3823 5471 videri

2250 5518 2523 5582 volebant,
2566 5517 2681 5571 zelo
2710 5516 2910 5583 publici
2946 5514 3072 5569 boni
3106 5521 3161 5567 et
3199 5512 3383 5569 studio
3414 5511 3681 5568 benevolo
3709 5523 3822 5565 ser-

2250 5611 2428 5666 viendi
2462 5608 2772 5677 imperatori
2803 5606 2866 5661 ad
2898 5607 3055 5662 istam
3093 5603 3484 5671 calumniosam
3516 5615 3567 5659 et
3601 5600 3825 5659 menda-

2252 5720 2371 5759 cem
2410 5702 2739 5757 delationem
2792 5697 3161 5770 processisse.
3198 5694 3343 5766 Ergo
3400 5695 3454 5750 in
3514 5709 3609 5749 eos
3642 5690 3821 5774 palam

2253 5798 2586 5869 indignatus,
2624 5792 2859 5851 scribam
2887 5790 3103 5862 quidem
3136 5798 3193 5845 ut
3231 5787 3385 5845 nihili
3433 5784 3825 5844 homunculum
