4004 6228
272 339 363 404 473

1168 328 1271 402 DE
1301 337 1743 404 ANDRONICO
1784 336 2258 403 PALEOLOGO
2293 336 2449 399 LIB.
2504 335 2572 399 V.

3406 321 3513 389 474

267 453 442 515 εόντες
467 450 625 516 ἀξίας
666 450 763 515 τὰς
791 450 946 515 δίκας
970 454 1207 519 τίσαιεν,
1242 453 1380 522 μηδὲ
1412 454 1699 524 προσέξειν
1726 454 1824 510 ἇλ-
1852 459 1899 521 Α
1928 451 2196 525 ἔλπισμδν
2231 447 2581 520 συμπαθείας
2608 445 2707 513 τῆς
2746 444 2917 516 μονῆς
2949 441 3238 507 ἀπελύετο,
3268 440 3301 511 ἡ
3325 440 3381 494 δὶ
3406 442 3509 512 τῆς

268 546 348 597 λον
372 543 446 614 τῷ
482 543 798 615 στρατηγῷ,
854 542 930 614 μὴ
962 543 1071 596 τῶν
1125 546 1381 614 φυγάδων
1430 546 1658 600 ἐκείνων
1686 547 1820 603 ὐπο-

266 636 488 705 σχὸντων
518 635 620 696 τὰς
664 633 842 701 δίκας)
874 633 1010 686 ἀλλὰ
1038 631 1100 686 τὸ
1128 634 1229 703 μὲν
1262 637 1399 705 μονῇ
1434 634 1821 701 ἐγκεκλεῖσθαι

265 726 348 782 καὶ
375 724 480 780 ἀπὸ
506 723 800 794 προσώπου
832 720 976 777 εἶναι
1003 725 1081 794 τῷ
1113 725 1329 794 βασιλεῖ
1355 728 1590 799 ἀρκετὸν
1632 728 1712 789 είς
1742 745 1827 782 τι·

264 818 464 891 μωρίαν
494 817 730 888 ἔκρινεν,
776 818 954 872 ἐκεῖνο
997 818 1130 886 παρ’
1159 820 1356 874 ἑαυτοῦ
1390 820 1823 875 καταδικασθέν-

258 924 343 975 τος
366 912 501 982 ὅπερ
544 912 610 965 ἂν
643 910 894 981 βασιλεὺς
950 912 1144 966 παθεῖν
1175 914 1385 967 ἐκεῖνον
1416 912 1492 976 ὡς
1521 914 1826 985 πρόστιμον

260 1004 511 1067 ἐδικαίου,
539 1004 639 1075 τῆς
668 1004 840 1074 μονῆς
871 1006 992 1059 ἀντὶ
1022 1006 1273 1076 φυλακῆς
1302 1006 1471 1077 οὔσης
1516 1008 1741 1073 αὐτίκα,
1789 999 1824 1081 ᾗ

261 1098 319 1168 δὴ
348 1099 440 1150 καὶ
488 1100 639 1169 παρᾶ
690 1099 1031 1170 πατριάρχου
1084 1099 1413 1164 ἀποσταλεὶς
1444 1098 1822 1169 ἐγκέκλειστο.

262 1190 344 1259 Τῷ
366 1190 419 1245 δέ
441 1206 505 1259 γε
538 1194 933 1262 γραμματιστῇ
955 1191 1373 1260 ἀ-πεπροσπάθει
1404 1189 1480 1256 ὡς
1513 1189 1589 1263 μὴ
1611 1191 1742 1261 ἰδίῳ
1763 1190 1826 1244 τὸ

263 1284 470 1339 σύνολον
501 1287 615 1339 ὄντι
647 1286 743 1339 καὶ
771 1287 847 1350 ὠς
871 1285 942 1347 ἐκ¹
961 1303 1106 1348 τινος
1132 1285 1392 1357 λατρείας
1426 1284 1659 1348 ἐκείνοις
1689 1286 1825 1339 ἀνα-

259 1374 505 1444 ληφθέντι
527 1391 541 1405 ’
573 1378 682 1429 δεῖν
711 1376 819 1445 γάρ
845 1379 958 1439 τοῖς
984 1375 1085 1444 τῆς
1103 1375 1215 1428 τῶν
1229 1373 1511 1445 ἀρχόντων
1527 1375 1622 1428 ἰπὶ
1644 1372 1828 1443 πλημ-

261 1470 532 1539 μελξμασι
556 1470 828 1539 τιμωρίας
868 1470 969 1539 οὐχ
1001 1464 1165 1539 ἦττον
1193 1468 1445 1529 κολάσεις
1471 1467 1502 1537 ἢ
1528 1466 1828 1536 καθάρσεις

256 1560 411 1625 οὖδας
447 1563 602 1623 ἰδίοις
637 1566 953 1632 προσήκειν,
990 1562 1037 1614 εί
1074 1562 1318 1633 μέλλοιεν
1352 1561 1403 1613 oi
1436 1561 1537 1630 μὲν
1572 1560 1829 1625 κολάζον·

254 1671 338 1717 τες
372 1655 678 1725 κερδαίνειν
699 1695 714 1717 .
759 1656 809 1708 οἱ
837 1654 891 1707 δὲ
935 1654 1086 1708 δεινά
1138 1656 1443 1725 πάσχοντες
1472 1652 1825 1722 ὠφελεῖσθαι,

256 1745 388 1801 κατά
422 1747 521 1817 τὴν
545 1748 623 1810 είς
660 1747 879 1800 τούπιὸν
905 1748 1097 1817 χρείαν
1126 1745 1187 1800 τὸ
1211 1747 1485 1817 χρήσιμον
1519 1743 1830 1816 παρεξόμε-

1922 546 2219 617 ὸλιγωρίας
2241 542 2369 609 δόξα
2404 541 2496 596 καὶ
2530 542 2613 593 ἐτι
2634 538 2940 604 ἀναζέουσα
2970 533 3061 609 ἦν,
3094 538 3188 590 καὶ
3217 533 3345 590 δείν’
3374 535 3513 590 ἄττα

1919 638 2049 701 τοὺς
2087 634 2167 707 τῷ
2198 634 2424 707 μεγάλῳ
2462 631 2617 685 δουκὶ
2682 629 3121 699 προσκειμένους
3167 626 3509 695 ὑπέσμυχον,

1923 731 1974 786 εί
2001 730 2418 799 καταφρονοῖτο,
2450 727 2545 781 καὶ
2590 724 2827 795 μάλιστα
2871 722 3023 792 παρά
3064 721 3171 774 τῶν
3202 718 3511 773 δοκούντων

1924 825 2021 881 καὶ
2046 826 2103 879 ὲν
2151 822 2333 889 ἀξίαις
2359 822 2494 892 (τοῖς
2526 820 2635 891 γάρ
2678 818 3059 889 καιριωτέρως
3100 818 3345 886 μέρεσιν.
3376 813 3505 867 ὅταν

1925 918 2061 989 ινδῷ
2084 917 2221 989 πρὸς
2252 917 2315 969 τὺ
2341 916 2545 987 χεῖρον,
2575 916 2787 985 ἀνάγκη
2815 909 3271 979 συνδιεστράφθαι
3302 908 3397 962 καὶ
3434 907 3506 961 τὰ

1924 1011 2113 1075 λοιπὰ,
2164 1010 2232 1082 ἢν
2272 1012 2345 1082 μή
2386 1026 2473 1074 τις
2527 1010 2778 1081 ἐπίσχῃ),
2837 1007 2960 1059 τότε
2992 1003 3252 1077 βασιλεὺς
3285 1002 3510 1071 πέμψας

1926 1106 2053 1176 ἄγει
2104 1104 2202 1160 καὶ
2248 1104 2619 1175 ἀμφοτέρους,
2676 1105 2773 1155 καί⁵
2826 1100 2888 1171 δὴ
2921 1098 3110 1171 ἡμέρᾳ
3150 1095 3511 1168 κυριωνύμῳ,

1926 1196 2435 1268 Μαιμακτηριῶνος
2464 1192 3066 1265 τεσσαρεσκαιδεκάτῃ.
3094 1191 3222 1255 τοὺς
3249 1189 3377 1260 περὶ
3415 1188 3516 1241 αὐ-

1926 1289 2019 1342 τὸν
2070 1287 2605 1359 παραστησάμενος,
2667 1283 2956 1354 παρόντων
2995 1282 3288 1345 κάκείνων,
3345 1277 3514 1333 πολὺν

1933 1380 2033 1449 μὲν
2062 1378 2220 1449 λόγον
2244 1378 2535 1449 παρέτεινε
2568 1374 2925 1446 δημηγορῶν,
2960 1372 3036 1442 τῷ
3069 1372 3169 1442 μὲν
3202 1371 3378 1426 δοκεῖν
3409 1387 3515 1423 κασ-

1929 1472 2274 1542 θαπτόμενος
2307 1470 2401 1523 τοῦ
2428 1469 2766 1539 Νοστόγγου,
2788 1471 2849 1521 τὸ
2877 1468 2932 1520 δὲ
2966 1467 3219 1520 πλεῖστον
3252 1464 3345 1518 καὶ
3376 1462 3516 1533 ὑπὲρ

1927 1568 2023 1620 τοῦ
2084 1565 2326 1635 μεγάλου
2376 1563 2567 1627 δουκδς
2605 1562 2737 1632 arpi;
2768 1563 2895 1625 τοὺς
2949 1561 3281 1630 μεγιστᾶνας
3318 1555 3520 1611 ἀπολο-

1928 1658 2221 1729 γούμενος,
2275 1656 2350 1721 ὡς
2386 1655 2553 1727 μηδὲν
2588 1654 2826 1719 ἀναξίως
2861 1657 2970 1707 κάκ
3014 1650 3107 1705 τοῦ
3153 1652 3515 1721 παρείκοντος

1932 1755 2062 1826 μήτ’
2108 1752 2273 1807 αὑτὸν
2301 1750 2709 1823 προδιδασμοῖς
2739 1749 2969 1819 τιμῆσαι
3014 1738 3105 1799 τλν
3154 1747 3253 1801 καὶ
3286 1745 3389 1815 πρδ
3422 1743 3518 1798 τοῦ

252 1856 346 1894 νοιο
378 1836 463 1911 [po
508 1837 640 1910 9-99}
682 1838 839 1892 Ἐπεὶ
868 1837 924 1891 δὲ
956 1838 984 1891 ὅ
1036 1838 1133 1909 μὲν
1167 1838 1479 1908 Νοστόγγος
1520 1836 1665 1891 κατά
1708 1852 1832 1891 τινα
1866 1846 1909 1905 Β
1942 1848 2121 1919 μέγαν
2154 1845 2445 1911 δοκοῦντα,
2508 1844 2634 1915 μήτ’
2662 1844 2869 1897 ἐκεῖνον
2908 1843 3037 1912 παρ’
3069 1839 3236 1895 αὐτοῦ
3284 1836 3522 1909 τιμηθῆ-

248 2033 299 2082 et
350 2041 548 2096 parum
592 2023 777 2079 utilem
833 2039 863 2076 e
908 2022 1217 2078 ministerio
1248 2021 1502 2076 amovit:
1547 2018 1831 2093 Nostongo

248 2135 313 2177 ne
338 2136 517 2191 poena
550 2117 602 2174 ei
638 2116 969 2174 luculentior
1004 2115 1363 2187 iuiligeretur,
1388 2129 1484 2169 sua
1520 2120 1673 2171 tanto
1706 2130 1829 2170 am-

246 2213 383 2283 plior
414 2211 661 2281 dignitas
716 2209 947 2280 profuit,
984 2207 1284 2279 praesertim
1324 2222 1449 2261 cum
1505 2222 1571 2262 ne
1603 2222 1701 2277 pro
1733 2222 1831 2277 po-

247 2312 441 2362 testatc
496 2311 851 2359 caerceretur
908 2300 1349 2372 subjicereturve
1391 2297 1629 2369 judicio,
1692 2298 1828 2370 asyli

240 2398 326 2469 ius
356 2397 629 2458 obstaret,
655 2411 766 2466 quo
793 2395 887 2451 ille
930 2391 1258 2463 Periblepta
1284 2392 1623 2447 monasterio
1653 2392 1829 2446 inclu-

245 2508 335 2549 sus
366 2492 530 2563 (illuc
563 2490 709 2545 enim
738 2504 865 2545 eum
898 2486 1212 2558 patriarcha
1244 2486 1496 2559 miserat)
1530 2485 1829 2542 inviolabili

245 2586 526 2640 utebatur.
558 2584 750 2653 Itaque
799 2597 1121 2652 quanquam
1152 2595 1311 2636 soror
1345 2580 1713 2650 imperatoris,
1742 2594 1831 2637 so.-

244 2692 368 2734 crus
408 2677 574 2734 ducis
619 2675 824 2747 magni,
866 2674 1099 2746 cognitis
1154 2688 1276 2744 quae
1316 2681 1507 2728 contra
1563 2673 1712 2727 hunc
1762 2672 1833 2727 ab

244 2772 327 2828 his
348 2773 741 2835 movebantur,
770 2782 1035 2841 tanquam
1074 2784 1176 2839 pro
1201 2781 1404 2840 genero
1431 2766 1691 2827 sollicita,
1721 2782 1830 2821 non

246 2874 488 2923 cessaret
522 2866 899 2921 Andronicum
936 2863 1157 2919 irritare
1196 2864 1461 2918 adversus
1493 2860 1633 2917 duos
1661 2860 1833 2917 falso-

247 2973 383 3024 rum,
432 2964 493 3013 ut
542 2955 749 3025 aiebat,
792 2955 1111 3011 inventores
1152 2954 1470 3019 criminum,
1504 2965 1835 3023 magnopere

246 3063 587 3122 exaggerans
631 3064 745 3105 rem
776 3063 902 3107 esse
928 3048 1214 3120 indignam
1256 3047 1603 3118 exemplique
1636 3045 1693 3101 in
1727 3060 1833 3117 pu-

247 3142 443 3199 blicum
476 3141 657 3209 noxii,
689 3142 912 3213 impune
947 3140 1092 3197 ferre
1119 3139 1493 3195 calumniosos
1521 3138 1833 3212 sycophan-

249 3242 326 3291 tas
354 3234 891 3306 impudentissimam
919 3234 1228 3302 audaciam,
1262 3250 1329 3292 ex
1355 3249 1461 3305 qua
1483 3234 1658 3289 inulta
1694 3248 1823 3304 pcr-

248 3334 510 3385 ntanente
534 3336 867 3385 secuturum
892 3336 1040 3385 esset
1074 3336 1133 3384 ut
1162 3328 1256 3385 alii
1298 3342 1520 3399 quoque
1555 3326 1624 3383 ad
1654 3328 1825 3390 licen-

249 3421 377 3477 tiam
410 3420 632 3478 invitati
651 3420 892 3477 similem
918 3421 1257 3492 negiigereut
1295 3420 1529 3479 obedire
1555 3420 1682 3477 duci
1710 3434 1826 3475 ma-

247 3529 369 3585 gno,
394 3519 565 3586 cuius
587 3530 750 3587 quam
778 3523 931 3572 esset
984 3514 1148 3571 fortis
1196 3522 1252 3572 et
1288 3515 1419 3571 felix
1458 3514 1602 3571 bello
1636 3514 1827 3584 reique

247 3615 373 3677 tunc
416 3609 656 3681 publica
699 3608 1013 3665 necessaria
1056 3622 1241 3679 opera,
1275 3606 1663 3679 Philadelphia
1690 3608 1827 3662 libe-

247 3704 384 3759 ratio
418 3710 794 3769 monstraret;
838 3703 940 3759 etsi
990 3703 1124 3767 hac,
1155 3704 1402 3773 inquam,
1449 3701 1831 3758 indesinenter

252 3807 475 3869 urgeret
496 3803 611 3850 tam
635 3802 829 3866 potens
866 3806 922 3863 et
950 3809 1077 3852 cara
1106 3794 1420 3867 imperatori
1446 3802 1719 3862 matrona,
1748 3804 1828 3851 ta-

250 3904 367 3946 men
388 3890 469 3946 illi
508 3904 619 3945 non
650 3898 735 3947 est
766 3888 945 3945 visum
975 3888 1124 3945 aliud
1148 3897 1265 3945 tum
1295 3888 1517 3961 quidem
1546 3886 1831 3961 Nostougo

249 3980 577 4053 supplicium
600 3979 847 4052 indigere
870 3996 886 4047 ;
911 3978 1170 4035 sufficere
1204 3982 1412 4051 quippe
1450 3980 1679 4036 interim
1716 3980 1831 4036 aie-

251 4072 338 4131 bat
362 4090 670 4139 carcerem,
704 4089 870 4146 quem
904 4074 951 4129 is
1002 4075 1107 4130 sibi
1142 4076 1288 4130 uitro
1335 4074 1721 4138 conseivisset,
1750 4073 1835 4130 iu-

252 4167 481 4226 ciudens
550 4183 675 4224 sese
742 4166 1084 4224 monasterio
1142 4166 1505 4240 Peribleptae;
1557 4183 1722 4238 quam
1773 4183 1835 4224 se

254 4262 327 4317 illi
374 4264 684 4321 custodiam
732 4264 1006 4334 imputare
1036 4261 1256 4319 dicebat
1288 4262 1344 4316 in
1403 4270 1612 4333 partem
1660 4276 1835 4331 poena:

255 4362 509 4422 tanquam
551 4354 812 4409 indictam
857 4354 1102 4425 legitime
1146 4355 1431 4409 damnato.
1478 4352 1825 4408 instantibus

1932 2038 2017 2085 ret
2057 2026 2312 2083 frustrari
2356 2033 2486 2081 voto
2531 2037 2634 2078 suo
2684 2020 2967 2092 iudicem;
3017 2020 3113 2091 qui
3161 2033 3284 2075 cum
3330 2032 3523 2093 potntis

1933 2117 2246 2176 istiusmodi
2290 2114 2476 2171 minus
2519 2113 2744 2169 ultrices
2789 2126 2916 2167 esse
2966 2126 3128 2179 quam
3172 2096 3522 2181 purgatriees

1930 2214 2085 2277 velit,
2107 2212 2393 2293 magisque
2424 2216 2577 2282 optet
2598 2206 2878 2264 emendari
2910 2221 3007 2278 per
3029 2221 3125 2261 eas
3151 2206 3204 2260 in
3236 2212 3519 2275 posterum

1933 2306 2028 2378 qui
2084 2305 2339 2376 deliquit,
2370 2318 2534 2374 quam
2590 2303 2710 2374 ipse
2742 2300 2846 2356 frui
2904 2299 3198 2355 dulcedine
3240 2298 3523 2363 vindictae,

1934 2399 2083 2456 istud
2118 2398 2268 2470 quod
2308 2412 2339 2453 e
2380 2395 2695 2468 reipublicae
2728 2393 2969 2449 utilitate
3013 2401 3250 2465 spectat,
3299 2391 3526 2446 minime

1933 2500 2324 2564 assequeretur
2366 2488 2645 2549 saeviendo
2688 2490 2741 2544 in
2790 2502 3084 2557 personam
3126 2484 3525 2541 indidereutem

1934 2587 2013 2643 illi
2049 2601 2211 2656 quem
2237 2584 2503 2655 primario
2535 2583 2651 2638 vult
2683 2581 2942 2651 plectere.
2972 2580 3065 2634 Sic
3105 2590 3235 2633 tunc
3270 2576 3530 2633 eludebat

1935 2682 2235 2751 imperator
2271 2678 2552 2732 studiosos
2579 2675 2766 2748 magni
2795 2673 2954 2729 ducis
2986 2688 3202 2743 poenam
3256 2669 3523 2739 Nostougi

1936 2773 2300 2844 postulantes.
2378 2768 2581 2825 Verum
2654 2783 2779 2823 cum
2855 2766 3153 2822 accidisset
3240 2765 3528 2834 aliquanto

1935 2874 2063 2938 post
2138 2866 2254 2919 haec
2322 2861 2546 2932 prodire
2602 2874 2632 2915 e
2711 2874 2811 2914 suo
2895 2856 3052 2927 asylo
3155 2854 3526 2927 Nostongum,

1935 2974 2033 3030 spe
2062 2957 2297 3029 quadam
2332 2962 2598 3025 concepta
2630 2950 2895 3022 parcituri
2930 2950 3090 3006 facile
3119 2948 3226 3005 sibi
3262 2948 3524 3019 Augusti,

1934 3052 1981 3108 si
2023 3050 2378 3107 committere
2424 3062 2484 3103 se
2530 3060 2683 3099 reum
2716 3042 2892 3114 ipsius
2923 3042 3230 3099 clementia:
3272 3039 3528 3108 vidisset,

1936 3143 2065 3199 dum
2098 3143 2151 3199 id
2187 3142 2365 3213 ipsum
2398 3138 2556 3202 aulze,
2592 3147 2649 3192 ut
2672 3136 2753 3202 iit,
2784 3134 3141 3192 sermonibus
3169 3134 3488 3190 celebratur
3512 3176 3528 3202 ,

1933 3238 2376 3295 animadversum
2458 3244 2547 3290 est
2642 3232 2818 3305 magis
2895 3231 3219 3287 incumbere
3311 3230 3531 3301 judicia

1928 3340 2250 3404 magnatum
2321 3330 2714 3402 plerarumque
2766 3325 2821 3381 in
2892 3324 3374 3397 reprehensionem
3437 3337 3534 3377 ar-

1928 3426 2196 3497 rogantis
2249 3424 2430 3495 magni
2477 3421 2663 3486 ducis,
2715 3418 2810 3492 qui
2863 3419 3205 3491 Nostongum
3272 3430 3530 3488 magnum

1931 3519 2369 3581 iietaariarcham,
2405 3515 2674 3587 dignitate
2730 3528 2793 3569 ac
2828 3512 3106 3570 natalibus
3166 3512 3533 3582 conspicuum

1930 3615 2232 3676 hominem,
2293 3610 2446 3666 velut
2472 3612 2541 3666 de
2591 3608 2749 3679 plebe
2771 3607 3114 3679 quempiam,
3167 3602 3528 3671 contemptim

1930 3713 1985 3762 et
2067 3700 2365 3772 imperiose
2441 3706 2759 3756 tractasset.
2834 3697 2968 3765 Quae
3022 3696 3263 3766 gliscens
3326 3695 3531 3749 invidia

1931 3808 2059 3849 cum
2114 3794 2279 3849 ducis
2345 3790 2528 3861 magni
2608 3787 2923 3844 fautoribus
2985 3787 3266 3856 iniecisset
3318 3800 3535 3852 curaui,

1932 3888 2081 3958 quod
2124 3904 2250 3945 eum
2295 3888 2406 3959 iam
2436 3884 2715 3943 contemni
2745 3899 2809 3940 ac
2832 3883 3047 3939 traduci
3100 3882 3304 3954 passim
3344 3898 3372 3936 a
3406 3898 3537 3953 pru-

1934 3983 2161 4040 ceribus
2194 3990 2248 4037 et
2300 3980 2622 4037 constitutis
2682 3980 2735 4035 in
2792 3977 3061 4048 dignitate
3131 3977 3263 4032 viris
3326 3977 3538 4046 prima-

1936 4078 2038 4133 riis
2074 4074 2361 4138 videbant.
2394 4074 2774 4145 intelligebant
2802 4080 2987 4127 autem
3045 4085 3245 4127 sensus
3294 4079 3350 4125 et
3387 4070 3539 4139 judi-

1936 4173 2021 4227 cia
2077 4179 2414 4227 summatum
2482 4167 2642 4223 facile
2677 4168 2731 4223 in
2755 4166 2952 4238 vulgus
2998 4180 3220 4236 quoque
3282 4178 3528 4233 serpere,

1938 4264 2358 4336 periculumque
2383 4262 2519 4331 fore,
2544 4262 2599 4318 ui
2629 4271 2843 4317 mature
2863 4268 3271 4321 occurreretur,
3304 4273 3369 4313 ne
3387 4272 3541 4313 com-

1941 4355 2207 4412 munibus
2239 4372 2362 4412 mox
2389 4364 2445 4411 et
2482 4357 2823 4411 unanimiter
2851 4352 3305 4424 conspirantibus
3332 4349 3541 4420 primo-

255 4455 455 4510 ευιεῐηο
492 4460 656 4519 [ioue
698 4447 891 4504 saltem
915 4448 1097 4518 puniri
1130 4444 1472 4516 Nostongum
1510 4445 1563 4499 in
1602 4459 1835 4513 persona
1944 4467 2064 4505 rum
2100 4451 2260 4521 juxta
2294 4452 2750 4522 inllrmorumque
2782 4466 2925 4507 unus
2956 4446 3362 4517 odiisobjectus
3390 4442 3539 4498 haud

256 4542 443 4599 δετῖὶκε
500 4540 613 4607 illi.
664 4540 757 4612 qui
823 4554 933 4595 ηοη
985 4541 1363 4596 ύίνετεδΐεῑυι·
1398 4539 1453 4593 in
1505 4538 1841 4593 monasterio
1880 4554 1922 4609 ο
1949 4560 2053 4615 par
2084 4547 2397 4602 resistendo
2428 4554 2595 4611 esset,
2636 4546 2792 4601 novis
2826 4545 3214 4615 imperatorem
3250 4540 3532 4597 instantiis

259 4634 406 4703 (huic
445 4636 596 4693 enim
626 4635 779 4705 juste
828 4633 1187 4705 infligendum
1235 4633 1468 4689 merenti
1506 4632 1834 4703 supplicium
1939 4639 2007 4693 ad
2059 4640 2497 4695 succurrendum
2532 4640 2618 4694 isti
2658 4640 2971 4696 discrimini
3024 4635 3406 4709 perpulerunt.
3443 4634 3542 4695 His

258 4728 309 4783 in
336 4730 692 4801 ignominiam
713 4738 771 4785 et
790 4727 1038 4784 dolorem
1074 4728 1509 4783 redundaturum
1539 4727 1712 4798 ipsius
1739 4724 1838 4781 do-
1940 4730 2034 4785 ille
2083 4747 2358 4797 annuens,
2411 4731 2499 4787 die
2534 4742 2728 4803 quarta
2764 4734 2977 4789 decima
3029 4732 3201 4800 Junii,
3260 4749 3384 4804 quae
3435 4732 3543 4789 fuit

264 4820 583 4891 tuini,eujus
611 4820 933 4889 exempioet
954 4819 1241 4875 commodo
1261 4818 1844 4891 peccasset),respon-
1946 4823 2044 4879 illo
2078 4839 2224 4880 anno
2274 4824 2579 4889 Dominica,
2632 4826 2827 4881 adduci
2861 4841 3046 4882 coram
3089 4842 3213 4883 sese
3260 4827 3316 4882 in
3361 4827 3543 4882 medio

264 4914 418 4972 debat
458 4918 760 4988 imperator
792 4916 1139 4985 Nostongum
1176 4915 1309 4970 nihil
1355 4914 1423 4969 ad
1476 4929 1536 4969 se
1566 4913 1847 4984 pertinere
1949 4934 2240 4989 procerum
2276 4920 2416 4975 aulae
2455 4918 2778 4976 considente
2811 4920 3150 4991 NostOngum
3193 4932 3247 4977 et
3298 4920 3542 4977 scribam

264 5020 574 5079 putatorem
621 5011 758 5083 quid
813 5012 1009 5067 scribae
1042 5012 1132 5067 isti
1170 5011 1343 5069 ﬁeret.
1374 5025 1534 5081 quem
1575 5007 1644 5062 ad
1687 5022 1842 5063 suam
1947 5012 2137 5083 jussit.
2192 5014 2370 5082 Atque
2408 5013 2497 5068 hic
2550 5014 2768 5083 longam
2819 5014 2977 5081 satis.
3004 5016 3292 5085 ingressus
3328 5017 3545 5073 oratio-

269 5120 390 5161 rere
430 5107 767 5177 pertinuisse
798 5106 1065 5162 familiam
1102 5114 1321 5176 negaret
1360 5121 1376 5159 :
1411 5105 1464 5158 in
1497 5118 1617 5159 eam
1644 5101 1851 5173 quippe
1959 5122 2081 5161 nem
2128 5107 2313 5177 specie
2342 5107 2637 5162 inveliendi
2666 5107 2719 5161 in
2750 5106 3120 5180 Nustongum,
3157 5108 3453 5164 maximam
3483 5125 3545 5167 re

272 5196 549 5270 irrepsisse
574 5200 716 5256 haud
747 5215 781 5255 a
821 5215 883 5257 se
908 5198 1165 5268 ascitum,
1200 5199 1296 5255 sed
1324 5197 1515 5252 furtim
1540 5196 1847 5251 adhibitum
1946 5216 2074 5257 vera
2125 5200 2401 5257 sermonis
2453 5209 2666 5271 partem
2724 5202 3075 5272 consumpsit
3138 5203 3192 5256 in
3253 5201 3541 5274 purgando

271 5304 297 5345 a
348 5292 458 5349 suis
498 5292 865 5351 familiaribus
917 5293 1259 5351 mercenaria
1297 5292 1581 5347 iunctione
1634 5285 1845 5344 venalis
1942 5295 2087 5366 apud
2110 5305 2409 5365 praesentes
2436 5307 2720 5365 magnetes
2742 5297 2881 5349 duce
2910 5296 3546 5368 magnoactisqueillius

271 5398 459 5455 operae.
506 5386 776 5459 Oportere
843 5394 1055 5451 autem,
1108 5386 1153 5441 si
1192 5386 1414 5458 quando
1478 5387 1835 5458 magistratus
1948 5400 2002 5446 et
2032 5387 2152 5444 suis
2190 5403 2322 5458 ergo
2356 5387 2512 5442 illum
2544 5386 2832 5444 beneficiis
2865 5390 3259 5459 vituperationi
3294 5392 3551 5450 eximen-

273 5481 450 5536 nonin
502 5484 747 5553 propria,
784 5480 879 5538 sed
935 5483 991 5538 in
1035 5479 1215 5536 aliena
1264 5480 1567 5550 castigandi
1600 5496 1835 5549 persona
1950 5482 2059 5539 dis.
2097 5481 2372 5537 Conatum
2426 5482 2630 5552 quippe
2666 5497 2849 5536 acrem
2900 5484 3139 5538 intendit
3198 5490 3266 5539 ad
3310 5500 3547 5555 persua-

277 5567 425 5643 m
451 5574 580 5638 siut,
598 5573 651 5628 in
674 5587 744 5628 eo
781 5573 959 5644 capite
976 5586 1193 5643 poenam
1238 5572 1496 5627 constitui
1546 5572 1841 5643 quodisti-

280 5674 412 5718 mum
430 5665 561 5736 ipsis
582 5675 638 5722 et
654 5681 848 5723 carum
864 5667 1071 5722 sciatur
1094 5682 1239 5733 esse,
1272 5666 1540 5737 cujusque
1577 5667 1836 5721 damnum

282 5766 339 5812 ac
360 5757 503 5816 labor
531 5760 601 5818 ad
624 5773 847 5820 sensum
878 5761 1100 5819 illorum
1131 5762 1329 5819 ati‘ectu
1364 5773 1418 5818 et
1448 5764 1838 5832 compassionc

282 5861 620 5927 propagatum
652 5854 724 5914 iri
751 5870 863 5914 non
897 5855 970 5915 sit
1001 5856 1254 5914 dubium.
1294 5857 1515 5926 Alioqui
1546 5858 1836 5923 continge-

1950 5574 2195 5631 dendum
2230 5588 2404 5642 neque
2438 5588 2497 5626 se
2552 5573 2906 5629 cumulaudis
2961 5574 3015 5627 in
3051 5572 3403 5630 Rontzerium
3446 5574 3551 5629 be-

1951 5667 2180 5723 noribus
2224 5666 2556 5721 liberalitate
2600 5666 2928 5728 excessisse,
2974 5679 3151 5735 neque
3190 5666 3344 5721 illum
3378 5680 3547 5722 acce-

1949 5761 2100 5832 pisse
2157 5776 2185 5815 a
2230 5776 2290 5816 se
2345 5758 2646 5830 quidquam
2699 5773 2811 5829 quo
2861 5774 2970 5814 non
3028 5760 3257 5815 deberet
3297 5760 3542 5833 iudicari

1956 5854 2342 5922 dignissimus,
2375 5854 2577 5922 quippe
2614 5853 2705 5921 qui
2740 5854 2848 5920 iam
2885 5864 3181 5911 anteanam
3222 5853 3329 5911 huc
3361 5855 3539 5910 adve-
