3996 6230
443 338 555 414 479
1645 341 1971 406 GEORGII
2014 346 2019 403 :

2127 341 2491 405 ΖΗΥΜΕΒᾹΞ
3585 340 3698 406 480

424 453 571 510 laxa
596 454 691 509 τοῦ
721 455 1055 528 πολίσματος
1084 454 1400 529 ἀφαιρεῖται
1452 455 1553 527 τῆς
1586 456 1852 528 κεφαλῆς,
1922 457 2021 513 ἄλ-Δ
2042 471 2087 530 Α
2116 458 2231 527 χοῐς
2258 456 2361 526 γῆς
2393 452 2745 527 κρυῆττόμενα
2775 453 2840 508 ἐκ
2884 452 2979 507 τοῦ
3035 453 3377 527 παρασχεδὸν
3428 454 3714 526 ἁνώρυττι

407 539 552 610 ’λους
574 548 620 603 δ’
664 549 843 614 ἄλλως
878 551 1334 621 τιμωρησάμενος
1378 549 1570 621 ποινὴν
1626 550 1863 623 ἀγχόνης
1912 542 2013 604 καί
2118 551 2215 604 καὶ
2243 550 2474 605 ἒδείκνυ.
2515 550 2573 605 '0
2600 551 2699 620 μὲν
2725 546 2818 604 οὖν
2841 550 3017 613 διδοὺς
3058 549 3307 605 ἐντεῦθεν
3348 549 3713 621 ἠλευθεροῦτο

426 643 803 713 πρεσϐυτέρου
831 643 925 698 τοῦ
954 644 1071 699 τῶν
1101 645 1308 699 λοιπῶν
1348 643 1580 715 ἐξάρχου
1634 643 2012 713 καταψηφίξε-
2093 646 2186 716 τῇ
2211 641 2303 696 τοῦ
2338 644 2542 714 χρυσοῦ
2562 648 2638 705 ὡς
2663 642 2879 713 ἀληθῶς
2902 643 3217 716 ὲτυμότητι,
3267 644 3295 698 ὁ
3340 643 3397 703 δὲ
3422 644 3515 715 μὴ
3567 644 3715 715 [xm

427 750 541 788 ται.
582 733 669 796 Ὠς
698 734 745 788 δ’
770 734 869 789 οὐκ
889 729 958 806 ἦν
997 735 1351 807 αίωρουμὲνῳ
1402 738 1454 789 οί
1507 735 1807 808 ἀπερυγεῖν
1836 737 2009 805 ἀναγ-

430 824 603 887 καίως
636 825 834 880 αὐτίκα
865 827 957 880 καὶ
988 828 1088 897 τὴν
1116 828 1305 898 πνοὴν,
1342 826 1452 882 τῶν
1509 843 1596 891 τις
1658 828 1750 881 ἐπὶ
1804 829 2016 892 τούτοις

428 915 898 988 ἐπιτεταγμένων,
932 919 1082 973 Θείαν
1110 920 1332 986 ἔνδειξιν
1370 920 1714 992 ἡγησάμενος
1742 920 1801 975 τὸ
1828 920 2016 974 τελού-

435 1025 617 1078 μενον,
648 1010 761 1065 εἴτε
790 1013 1131 1084 προσταχθὲν
1159 1014 1273 1068 εἴτε
1302 1015 1397 1068 καὶ
1449 1018 1546 1086 μὴ,
1600 1016 1783 1068 κοπίδι
1823 1016 2014 1086 τέμνει

426 1101 519 1154 τὸν
550 1100 744 1172 βρόχον
773 1104 865 1157 καὶ
891 1103 986 1157 τοῦ
1014 1106 1260 1160 κινδύνου
1304 1108 1395 1160 τὸν
1438 1088 1729 1161 κατὶδικον
1779 1106 2016 1176 ἐξαιρεῖ-

426 1208 539 1247 ται.
601 1191 735 1247 Εἷτα
801 1197 1157 1270 Φιλαδελφεία
1209 1198 1568 1267 προσῆἀλλει,
1623 1198 1720 1252 καὶ
1766 1198 2016 1268 χιλιάδας

429 1279 629 1354 συχνὰς
685 1287 894 1344 ἐκεῖθεν
934 1289 1151 1358 ἐκλέγει
1193 1290 1454 1359 χρυσίου,
1516 1290 1871 1361 ἀδυσώπητον
1922 1291 2019 1346 ἐπὶ

430 1379 566 1431 πᾶσι
589 1380 769 1450 φέρων
792 1382 851 1435 τδ
873 1384 1150 1453 φρόνημα.
1171 1384 1405 1438 Ἔπειτα
1432 1384 1504 1438 τὰ
1526 1385 1691 1456 ὃμοια
1716 1386 1823 1456 δρᾷ
1871 1386 2018 1456 [ιυρ-

430 1468 548 1538 γίον
588 1473 682 1525 καὶ
732 1476 984 1542 Ἔφεσον,
1036 1478 1129 1530 καὶ
1192 1476 1281 1529 τὸν
1309 1476 1409 1546 τῆς
1454 1478 1885 1540 ἀπαναστάσεως
1908 1494 2015 1546 φυ-

432 1561 609 1627 γοῦσι,
640 1563 816 1619 τὸτοῦ
840 1566 1021 1636 λόγου,
1056 1567 1265 1622 καπνὸν
1302 1569 1363 1622 τὸ
1412 1567 1525 1639 πῦρ
1564 1568 1850 1637 ὕπανῆπτε
1903 1568 2016 1623 τῶν

433 1657 776 1727 πειρασμῶν.
814 1661 923 1714 Καὶ
954 1662 981 1714 ὁ
1008 1661 1182 1725 διδοὺς
1232 1662 1457 1715 πλεῖστα
1496 1662 1632 1732 μετὰ
1671 1662 1874 1728 πολλὰς
1924 1662 2021 1733 βα-

433 1748 626 1814 σάνους
655 1752 805 1820 μόλις
832 1755 1086 1821 ἐσώζετο.
1118 1748 1304 1813 Ταῦτα
1354 1758 1456 1811 κάν
1490 1760 1610 1823 ταῖς
1670 1758 1856 1826 νήσοις
1901 1758 2017 1826 Χίῳ

2124 735 2427 807 πρόστιμον
2448 730 2561 806 εἶχε
2584 735 2677 790 τὸν
2703 736 2950 790 θάνατον.
2987 737 3053 789 Ὀ
3086 736 3147 807 δὴ
3174 737 3270 790 καὶ
3299 736 3377 808 τῷ
3424 736 3711 792 ταλαιπώ-

2123 844 2203 900 ρῳ
2241 827 2522 899 Μαχράμῃ
2564 829 2705 882 κατὰ
2739 827 2834 899 τὴν
2876 826 3189 898 Μιτυλήνην
3242 829 3476 897 γεγόνει.
3535 822 3713 894 Οὗτος

2127 919 2234 992 γὰρ
2266 922 2322 973 ὲν
2355 923 2468 983 τοῖς
2500 921 2734 991 μάλιστα
2764 921 2874 974 τῶν
2934 921 3231 992 βασιλικῶν
3288 922 3581 993 ὑπηρετῶν
3632 922 3717 977 ὢν

2126 1015 2223 1069 καὶ
2246 1016 2314 1086 τῇ
2346 1014 2645 1084 οἰκειότητι
2671 1013 3019 1084 κλεῖζόμενος
3045 1015 3129 1088 [Ρ.
3166 1014 3295 1087 305]
3332 1016 3431 1078 τὰς
3463 1016 3717 1087 οἰκήσεις

2129 1109 2380 1178 κατεῖχεν
2432 1105 2537 1161 ἀνὰ
2585 1105 2680 1161 τὸν
2737 1107 3110 1178 Σκάμανδρον.
3156 1107 3245 1171 Ὠς
3283 1107 3341 1162 δὲ
3376 1108 3558 1161 πᾶσαν
3608 1108 3718 1175 τὴν

2126 1202 2246 1255 ἐκεῖ
2300 1200 2484 1271 χώραν
2544 1201 3074 1272 προκαταλαόόντων
3131 1198 3232 1273 τὴν
3285 1201 3433 1273 Ἴδην
3481 1200 3718 1271 Περσῶν

2123 1294 2468 1366 ἐρημοῦσθαι
2512 1295 2619 1349 τῶν
2666 1295 2970 1365 οἰκητόρων
3025 1295 3327 1361 ξυνέϐαινε,
3388 1297 3582 1365 φθάνει
3614 1297 3717 1352 καὶ

2124 1390 2288 1451 αὐτὸς
2344 1390 2441 1443 σὺν
2487 1384 2706 1453 πολλοῖς
2751 1387 2929 1453 ἄλλοις
2986 1387 3047 1441 τὺ
3088 1389 3387 1457 τῆςἊσου
3449 1389 3721 1460 φρούριον

2126 1482 2483 1541 ὑπεισδῦναιο
2540 1474 2585 1550 ᾧ
2640 1480 2705 1551 δὴ
2775 1483 2869 1535 καὶ
2923 1478 2999 1545 ὡς
3044 1478 3323 1553 ἀξιωτέρῳ
3354 1481 3406 1534 oi
3451 1482 3570 1535 ἐκεῖ
3599 1479 3720 1536 τῶν

2126 1574 2285 1641 ὅλων,
2313 1576 2435 1627 ἐπεὶ
2462 1574 2556 1627 καὶ
2584 1571 2679 1626 τοῦ
2709 1572 3073 1644 ἐξηγουμένου
3102 1570 3177 1636 ὡς
3232 1572 3379 1636 είκδς
3434 1574 3492 1627 ιν
3531 1573 3721 1629 τοιού-

2128 1687 2240 1732 τοις
2265 1669 2474 1739 καιροῖς
2502 1668 2876 1738 περιστάσεως
2913 1664 3166 1737 ἔχρῃζον,
3198 1665 3398 1730 αὐτούς
3430 1684 3488 1720 τε
3525 1668 3623 1722 καὶ
3654 1668 3722 1723 τὸ

2128 1761 2391 1833 φρούριον
2424 1758 2846 1831 ἐγχειρίζουσιν.
2880 1760 2938 1811 '0
2976 1758 3031 1812 δὲ
3066 1758 3358 1827 ὑφίσταται
3385 1760 3482 1830 τὴν
3502 1761 3721 1831 ἡγεμο-

434 1843 528 1895 καὶ
573 1845 782 1916 Λήμνῳ
837 1848 930 1902 καὶ
980 1850 1260 1923 Μιτυλήνῃ
1314 1852 1667 1922 ὲπράττοντο.
1726 1852 1838 1906 Καὶ
1878 1853 2013 1906 ὅπου
2047 1843 2088 1882 δ
2117 1857 2236 1909 νίαν
2272 1852 2524 1907 διδόντων
2550 1851 2771 1906 ἐκείνων
2815 1852 3273 1923 ἀνεπισημάντως
3324 1854 3448 1907 ὅσον
3499 1855 3564 1907 ὲκ
3613 1853 3718 1908 τοῦ

431 1934 610 2003 ῥοῖζος
654 1941 904 2007 χρυσίου,
940 1942 1045 1995 κᾶν
1105 1943 1336 2014 μοναχὺς
1376 1939 1440 2015 ἦν
1493 1944 1595 1997 κᾶν
1633 1930 1836 2009 τάξεως
1865 1946 2029 2029 ἱερᾶς.
2119 1944 2472 2015 κρατοῦντος.
2503 1943 2693 2014 Ὅμως
2726 1945 2820 1998 καὶ
2846 1943 3019 2007 οὕτως
3072 1944 3214 2016 ἔχων
3257 1946 3357 1999 οὐκ
3408 1946 3721 2019 ἐρρᾳθύμει

432 2025 541 2081 κᾶν
563 2029 670 2084 τῶν
701 2028 1024 2103 ἐπιτηδείων
1080 2035 1175 2089 καὶ
1204 2037 1463 2104 γνωστῶν
1516 2036 1746 2107 βασιλεῖ.
1814 2025 2032 2101 δειναῖςῖ
2118 2040 2221 2108 τῆς
2260 2038 2346 2109 ἐφ’
2367 2038 2584 2107 ἑκάστῳ
2607 2038 2886 2108 προνοίας,
2934 2038 3031 2092 καὶ
3083 2038 3169 2107 ἐφ’
3226 2039 3411 2094 ίκανδν
3456 2042 3720 2112 ἀμφεπο-

431 2122 665 2191 αξὼραις
693 2126 941 2195 ἠτάζετο,
973 2129 1064 2182 καὶ
1090 2130 1118 2183 ὁ
1146 2129 1457 2200 μακελλικῷ
1489 2130 1668 2201 φιτρῷ
1705 2129 1799 2183 καὶ
1829 2129 2017 2184 κοπίδι
2119 2136 2261 2186 νεῖτο
2290 2135 2383 2186 καὶ
2415 2133 2628 2202 συνεῖχε
2661 2132 2788 2193 τοὺς
2836 2132 2963 2204 τῇδε
3004 2132 3518 2204 πυργηρουμένους.
3557 2132 3723 2189 Ἐπεὶ

434 2216 540 2287 πρὸ
564 2217 859 2291 ὀφθαλμῶν
894 2221 1289 2295 ἀπειλούμενος
1328 2224 1556 2289 Θάνατος
1588 2227 1682 2280 καὶ
1707 2227 1777 2280 τὰ
1817 2228 1875 2281 ἐν
1899 2238 2016 2297 ’μυο

437 2408 656 2477 agebat.
690 2407 881 2477 Itaque
928 2407 1162 2463 similem
1190 2408 1437 2464 avaritiae
1482 2409 1758 2466 licentiam
1790 2412 1969 2483 Pyrgii
1996 2454 2013 2482 ,

437 2500 675 2556 similem
709 2499 908 2570 Ephesi
946 2500 1225 2567 ostendit;
1259 2516 1365 2571 qua
1399 2504 1563 2558 ﬁebat
1612 2512 1669 2558 ut
1696 2503 1890 2557 horum
1926 2506 2017 2558 in-

438 2585 573 2650 colae
604 2596 848 2650 locorum
874 2635 887 2660 ,
920 2611 951 2651 e
995 2596 1225 2663 quodam
1265 2597 1431 2652 veluti
1478 2598 1629 2653 fumo
1681 2598 2019 2655 incursionis

437 2689 739 2743 barbarica:
766 2690 984 2756 emersi,
1012 2689 1063 2742 iu
1093 2687 1363 2743 ﬂammam
1398 2689 1824 2745 saevissimarnm
1857 2706 2013 2748 exac-

2116 2221 2172 2276 δὲ
2226 2222 2542 2295 δῃουμένων
2604 2221 2716 2277 τῶν
2769 2222 3053 2295 ἐξωτέρων
3075 2222 3233 2289 τέλος
3274 2225 3477 2289 αὐτοὺς
3519 2224 3720 2297 ἔμελλε

2123 2422 2218 2465 ror
2251 2405 2383 2461 mali
2409 2419 2639 2476 prorsus
2685 2403 3076 2473 ineluctabilis,
3103 2404 3416 2485 Macbramp
3443 2423 3574 2467 cum
3594 2410 3719 2468 suis

2123 2517 2233 2556 non
2269 2500 2536 2557 habentes
2580 2497 2729 2571 quod
2783 2514 3049 2569 generose
3094 2513 3322 2572 agerent
3349 2546 3365 2570 ,
3403 2503 3716 2575 prudenter

2124 2594 2228 2650 sibi
2258 2594 2549 2650 consulere
2580 2593 2959 2649 decreverunt.
2995 2592 3140 2666 Fuga
3184 2612 3313 2667 ergo
3344 2612 3405 2654 se
3432 2598 3486 2652 in
3528 2606 3714 2654 tutum

2124 2689 2373 2758 recipere
2420 2697 2722 2757 curarunt;
2758 2689 2823 2744 ad
2860 2690 3006 2760 quod
3037 2689 3164 2753 illis,
3206 2699 3265 2745 ut
3313 2691 3503 2747 multis
3539 2690 3673 2748 aliis
3699 2734 3716 2759 ,

441 2780 656 2835 tionum
689 2780 921 2834 tristiori
956 2796 1088 2836 casu
1117 2795 1177 2836 se
1208 2780 1454 2850 dejectos
1484 2783 1755 2853 lugerent.
1788 2782 1893 2838 lsta
1923 2798 2017 2838 ra-
2118 2782 2389 2852 gremium
2425 2798 2455 2837 e
2485 2782 2793 2853 propinquo
2822 2784 3083 2838 benevole
3110 2780 3280 2855 538
3303 2792 3498 2853 patens
3530 2792 3720 2845 osten-

445 2874 661 2945 pacitas
700 2877 1069 2930 exercebatur
1099 2875 1179 2929 ita
1206 2876 1539 2943 immaniter,
1573 2879 1748 2947 utqui
1782 2878 2017 2949 plurima
2121 2874 2203 2928 dit
2235 2871 2514 2945 Mitylene.
2542 2872 2634 2928 Sic
2656 2882 2838 2928 tamen
2872 2872 2960 2929 ille
2979 2873 3393 2929 administratus
3417 2884 3503 2930 est
3531 2884 3720 2933 trans-

436 2970 660 3027 dederat
691 2978 813 3039 post
842 2970 1043 3025 multos
1069 2971 1384 3034 cruciatus,
1436 2971 1524 3026 vix
1576 2972 1765 3027 salvus
1800 2988 2020 3043 perma-
2120 2967 2253 3033 ilus,
2298 2975 2360 3022 ut
2408 2982 2516 3022 non
2560 2976 2673 3021 tam
2716 2966 2877 3038 jussu
2925 2965 3203 3037 ductuque
3250 2967 3496 3039 [neclecti
3536 2983 3717 3040 quam

439 3078 573 3120 nere
610 3064 903 3120 sineretur.
939 3063 1090 3119 Talia
1123 3066 1372 3136 exempla
1412 3067 1463 3121 in
1500 3067 1706 3125 insulas
1754 3085 1785 3124 e
1838 3068 2017 3126 conti-

2119 3060 2337 3134 privato
2371 3059 2663 3117 Asensium
2703 3076 2933 3133 quisque
2965 3062 3199 3121 consilio
3244 3064 3509 3135 migraret
3537 3105 3552 3129 ,
3585 3078 3704 3119 non

439 3160 591 3215 neuti
646 3159 980 3213 transierunt
1020 3175 1035 3213 :
1073 3158 1215 3213 idem
1270 3159 1413 3213 enim
1468 3176 1628 3231 passa
1676 3160 1843 3217 Chios
1893 3170 2017 3229 est,

2127 3167 2458 3224 magnopere
2482 3152 2800 3208 Machrama
2834 3163 3198 3224 repugnante,
3228 3153 3325 3225 qui
3357 3169 3418 3211 se
3455 3158 3721 3227 precario

441 3253 585 3309 idem
626 3250 868 3307 Lemnus
900 3260 954 3307 et
995 3251 1276 3323 Mitylene.
1305 3252 1515 3319 Quibus
1545 3253 1605 3308 in
1629 3254 1762 3309 locis
1784 3255 2021 3321 cunctis,

439 3345 584 3417 apud
621 3361 1006 3417 quemcunque
1030 3345 1195 3420 537
1221 3347 1343 3401 auri
1391 3347 1546 3418 cupia
1588 3348 1942 3412 suboluerat,
1974 3347 2024 3405 is

439 3453 539 3495 seu
572 3437 875 3495 monachus
909 3438 1046 3496 foret
1078 3455 1173 3495 seu
1202 3454 1232 3495 e
1272 3456 1432 3496 sacro
1462 3441 1658 3496 ordine
1690 3457 1787 3497 seu
1827 3459 1894 3496 ex
1926 3457 2023 3514 pa-

437 3531 613 3587 latino
676 3531 974 3587 auctoratis
1023 3530 1201 3587 cilicio
1266 3547 1331 3588 ac
1386 3533 1531 3587 notis
1577 3533 2023 3603 principi,.diris

440 3624 754 3695 suspendiis
788 3625 1151 3695 torquebatur
1181 3640 1195 3678 :
1227 3628 1722 3698 ostentabaturque
1756 3628 1833 3682 illi
1869 3644 2020 3687 mors

441 3733 685 3789 praesens
708 3758 725 3784 ,
750 3718 909 3789 cippo
932 3698 1095 3774 ierali
1130 3728 1183 3774 et
1215 3720 1398 3775 securi
1427 3763 1441 3787 ,
1469 3737 1576 3792 qua
1617 3736 1785 3791 super
1820 3737 1883 3778 eo
1917 3722 2020 3787 ipsi

439 3825 563 3866 mox
595 3810 972 3867 abscindenda
1009 3813 1194 3867 cervix
1236 3811 1417 3880 foret,
1446 3830 1633 3869 coram
1665 3814 1842 3870 oculis
1872 3816 2022 3886 posi-

438 3904 534 3970 tis,
567 3904 748 3975 quoad
772 3916 843 3958 eo
869 3911 1079 3959 terrore
1111 3905 1361 3971 adactus,
1398 3922 1539 3977 quos
1568 3914 1713 3961 terra
1739 3907 2024 3963 condidis-

437 4006 523 4052 set
558 3995 847 4051 thesauros
876 3994 1148 4051 indicaret
1175 4013 1189 4049 :
1215 4005 1348 4052 tunc
1381 4013 1515 4053 auro
1548 4008 1842 4069 sequestro
1880 4000 2021 4056 libe-

440 4090 689 4144 rabatur.
723 4086 831 4153 Qui
897 4102 1007 4144 non
1046 4087 1328 4145 habuisset
1361 4091 1507 4161 quod
1539 4093 1811 4161 proderet,
1842 4102 2022 4150 morte

441 4185 611 4240 ntiser
646 4183 884 4254 inopiam
933 4184 1141 4240 luebat.
1192 4184 1246 4239 ld
1276 4186 1422 4256 quod
1459 4186 1661 4243 infelici
1694 4186 2022 4245 Macbrama:

440 4277 584 4347 apud
616 4277 927 4348 Mitylenem
963 4278 1216 4349 contigit.
1246 4278 1299 4335 ls
1326 4294 1449 4334 cum
1476 4289 1625 4335 esset
1663 4297 1694 4337 e
1731 4282 2019 4351 praecipuis

439 4371 787 4441 imperatoris
817 4372 1105 4436 ministris,
1136 4372 1310 4443 gratia
1341 4372 1505 4428 etiam
1533 4366 1673 4445 apud
1714 4376 2017 4445 principem

441 4468 569 4517 nota
610 4461 715 4517 late
746 4461 1006 4531 inclytus,
1035 4460 1377 4516 domicilium
1405 4462 1668 4520 habuerat
1693 4481 1860 4537 prope
1885 4466 2019 4521 Sea-

2135 3246 2255 3303 sine
2287 3254 2435 3303 certa
2474 3247 2741 3319 principis
2783 3247 3114 3328 auctoritate
3147 3248 3260 3305 illic
3286 3249 3559 3305 dominari
3589 3266 3721 3306 me-

2131 3341 2406 3398 minisset.
2455 3339 2658 3398 Verum
2696 3341 3105 3397 multitudinem
3140 3341 3331 3398 videns
3357 3358 3460 3414 per
3511 3359 3569 3401 se
3599 3343 3718 3400 sibi

2131 3437 2536 3503 consulentem,
2571 3450 2671 3490 nec
2696 3443 2938 3491 rastrum
2971 3434 3040 3489 ah
3073 3435 3331 3505 omnibus
3373 3437 3570 3494 incolis
3614 3440 3727 3496 de-

2131 3538 2338 3585 sertum
2388 3530 2504 3601 ipse
2558 3520 2733 3585 solus‘
2765 3543 2889 3584 cum
2944 3528 3149 3583 familia
3193 3537 3381 3587 tenere
3427 3531 3726 3591 conlidens

2135 3638 2319 3694 posse,
2354 3624 2466 3680 Aso
2502 3632 2557 3679 et
2589 3623 2705 3694 ipse
2734 3622 2989 3694 migravit
3014 3620 3331 3693 Mitylenen,
3361 3639 3587 3694 prorsus
3614 3642 3725 3681 va-

2133 3733 2297 3772 cuum
2328 3717 2477 3772 hunc
2499 3717 2818 3787 relinquens
2852 3716 3054 3772 locum.
3083 3713 3201 3771 Non
3231 3718 3418 3773 multis
3447 3718 3726 3787 postdie-

2132 3813 2237 3867 ltus
2288 3812 2500 3884 appulit
2553 3812 2608 3865 in
2654 3811 2888 3867 insulam
2939 3825 3173 3881 magnus
3215 3812 3324 3866 dux
3357 3813 3602 3882 pecunia)
3638 3813 3731 3872 si-

2138 3905 2307 3972 tiens,
2348 3905 2507 3974 cujus
2540 3903 2932 3973 extorquendae
2959 3912 3052 3959 aut
3080 3904 3331 3960 invenire
3376 3912 3471 3961 aut
3507 3907 3733 3974 lingere

2130 3997 2373 4054 rationes
2420 4000 2732 4067 oportebat.
2779 3997 2952 4069 Igitur
2994 4013 3120 4054 cum
3176 3999 3366 4054 multis
3417 4000 3543 4057 aliis
3592 3999 3727 4056 Ma-

2129 4092 2354 4146 ehrama
2379 4090 2815 4159 comprehensus
2851 4089 3086 4145 vinculis
3123 4090 3384 4145 traditur.
3414 4091 3494 4146 Ac
3521 4095 3729 4152 caeteri
3780 4082 3781 4085 “

2128 4182 2371 4252 quidem,
2393 4192 2550 4253 prout
2578 4183 2811 4254 quisque
2842 4198 3039 4237 aurum
3065 4182 3120 4237 in
3148 4182 3335 4239 abdito
3354 4185 3545 4240 habuit
3563 4191 3735 4257 quod

2128 4276 2303 4342 daret,
2328 4277 2479 4333 varie
2518 4276 2687 4331 vitam
2733 4276 3053 4345 redemere;
3088 4276 3142 4332 in
3171 4278 3379 4348 quibus
3409 4295 3572 4346 unus,
3613 4284 3732 4353 qui

2133 4369 2424 4440 pecuniam
2455 4368 2881 4427 administrasse
2900 4371 3179 4441 publicam
3212 4372 3519 4439 dicebatur,
3545 4391 3740 4445 quan-

2132 4475 2246 4519 tum
2277 4479 2338 4519 ea
2384 4462 2673 4525 {unctione
2718 4464 2875 4519 lucro
2921 4472 3257 4534 apposuerat
3289 4467 3534 4538 proprio,
3566 4474 3733 4539 quod

443 4557 758 4612 mandrum.
806 4554 912 4611 Sed
966 4556 1219 4611 universa
1251 4556 1360 4612 illic
1389 4559 1595 4613 circum
1625 4560 1737 4630 jam
1774 4576 1807 4614 a
1838 4560 2022 4618 Persis
2054 4536 2098 4592 θ
2128 4558 2336 4626 aliquot
2364 4556 2594 4612 millium
2634 4570 2906 4613 summam
2937 4559 3197 4628 aequavit,
3235 4536 3463 4615 coactus
3494 4536 3733 4618 est—tra-

445 4652 668 4721 regione
697 4655 820 4719 post
850 4650 998 4705 [dam
1028 4656 1348 4718 occupatam
1375 4658 1641 4716 evastata,
1674 4650 2027 4723 desolataque

444 4741 643 4797 incolis
678 4749 888 4809 tractu,
923 4750 1136 4797 mature
1166 4742 1357 4797 abiens
1400 4750 1454 4797 et
1499 4742 1615 4812 ipse
1660 4759 1782 4799 cum
1835 4747 2025 4802 multis

445 4834 567 4889 aliis
606 4834 659 4889 in
694 4834 787 4891 Asi
824 4848 1005 4889 arcem
1038 4834 1376 4904 ingreditur;
1412 4834 1504 4890 ubi
1533 4845 1775 4907 recepto,
1810 4839 1902 4908 qui
1934 4839 2028 4894 de-

451 4928 653 4998 gebant
687 4928 863 4993 intus,
898 4926 1160 4998 quoniam
1197 4936 1249 4982 et
1291 4929 1379 4982 tali
1437 4937 1681 4999 tempore
1733 4930 1870 4987 duce
1919 4932 2025 4987 sil-i

2124 4646 2275 4708 dere.
2305 4647 2360 4700 In
2395 4644 2769 4701 Machramam
2806 4649 3076 4704 sententia
3113 4649 3218 4703 lata
3250 4658 3336 4705 est
3378 4650 3553 4706 videri
3584 4665 3729 4709 eum

2124 4739 2322 4795 mortis
2361 4754 2515 4795 reum
2548 4739 2621 4795 ob
2652 4754 2837 4795 arcem
2873 4740 3147 4796 desertam
3169 4782 3188 4806 ,
3217 4740 3487 4812 indulgeri
3523 4753 3727 4807 tamen

2125 4842 2186 4889 ut
2240 4834 2544 4888 numeratis
2601 4834 2847 4905 quinque
2892 4850 3181 4891 aureorum
3214 4834 3487 4893 millibus
3542 4837 3739 4897 vitam
3778 4896 3797 4901 η

2126 4934 2356 4981 emeret.
2401 4924 2585 4980 Defuit
2617 4926 2746 4982 huic
2780 4927 2846 4981 ad
2871 4941 2989 4980 eam
3021 4943 3294 4983 summam
3322 4929 3592 4984 continuo
3623 4947 3731 4987 ex-

450 5037 589 5089 opns
616 5021 874 5075 videbant
906 5034 1050 5083 esse,
1085 5030 1138 5075 et
1176 5022 1309 5075 satis
1336 5022 1710 5093 intelligebant
1749 5025 2017 5079 neminem
2122 5018 2381 5090 plendam
2421 5035 2529 5074 una
2563 5020 2810 5075 centuria
2864 5036 3246 5087 nummorum,
3286 5030 3340 5077 et
3381 5025 3545 5093 paulo
3589 5026 3728 5093 plus

447 5116 643 5172 adesse
675 5114 740 5169 ad
772 5115 824 5170 id
856 5114 948 5169 illo
980 5115 1153 5184 magis
1182 5114 1475 5181 idoneum,
1510 5116 1612 5171 loci
1646 5117 2021 5186 praefecturam
2126 5112 2346 5167 cuidam
2371 5114 2528 5167 alteri
2560 5112 2817 5168 similiter
2838 5113 3362 5183 taxato.Postquam
3389 5115 3479 5170 diu
3509 5116 3723 5173 frustra

441 5208 717 5263 deferunt.
748 5208 973 5278 Accepit
1003 5208 1093 5263 ille
1125 5209 1269 5280 quod
1305 5209 1532 5274 dabant,
1560 5221 1611 5265 et
1639 5212 1757 5265 sine
1784 5211 1888 5264 alia
1920 5211 2020 5263 im-
2126 5206 2309 5261 vexati
2341 5206 2488 5275 quod
2516 5222 2623 5261 non
2656 5205 2929 5260 habebant
2960 5204 3260 5274 nequibant
3294 5221 3722 5277 repraesentare,

445 5302 717 5373 peratoris
759 5302 1161 5374 significatione
1191 5317 1288 5374 pro
1314 5302 1570 5373 praefecto
1605 5318 1663 5358 se
1689 5302 1856 5374 gessit
1882 5302 2029 5358 illius
2136 5301 2253 5371 ipsa
2293 5300 2424 5355 hora
2465 5299 2711 5371 praecipit
2749 5314 2979 5368 magnus
2999 5299 3109 5357 dux
3140 5300 3297 5355 alteri
3333 5300 3387 5356 in
3420 5304 3601 5360 oculis
3638 5307 3726 5360 al-

442 5394 631 5460 cnstri,
671 5411 770 5450 nec
808 5395 995 5464 segnis
1038 5397 1090 5449 in
1140 5411 1207 5451 eo
1240 5397 1594 5464 exsequendo
1642 5395 1743 5448 fuit
1792 5395 1971 5451 oiiicio
2011 5413 2026 5451 :
2151 5392 2323 5445 terius
2348 5400 2510 5461 caput
2535 5388 3130 5460 nbscindi.Expedilttr
3161 5389 3348 5447 feralis
3370 5395 3725 5464 clpptts,stat

441 5497 526 5541 sat
562 5489 721 5557 longo
748 5488 897 5542 enim
934 5490 1113 5557 spatio
1145 5488 1434 5557 invigilans
1478 5496 1530 5541 et
1566 5470 1839 5543 laboriose
1876 5499 2047 5555 sata—,
2129 5484 2373 5540 carnifex
2397 5486 2568 5539 altera
2605 5499 2768 5538 manu
2794 5482 2991 5538 tollens
3012 5483 3275 5552 gladium,
3304 5485 3477 5540 altera
3516 5488 3724 5559 ligatos

440 5596 575 5652 gens
604 5581 784 5635 locum
826 5581 1094 5646 defendit,
1140 5582 1450 5653 misereque
1477 5583 1687 5636 vexatis
1713 5582 2022 5639 circumsiti
2049 5569 2055 5575 ’
2134 5580 2460 5633 Machramze
2483 5578 2709 5645 capillos
2743 5586 2961 5638 tenens.
2995 5578 3185 5648 sicque
3215 5578 3415 5633 collum
3442 5579 3719 5651 adaptatis

444 5676 657 5729 colonis
688 5676 801 5745 agri
852 5683 1162 5745 opportuno
1218 5676 1471 5730 subvenit
1506 5675 1731 5728 auxilio.
1768 5673 1837 5726 At
1870 5682 2022 5744 post-

448 5780 611 5833 quam
646 5774 801 5820 aucta
829 5768 940 5835 jam
974 5767 1211 5833 putentia
1238 5768 1474 5819 hostium
1498 5775 1552 5821 et
1575 5765 1845 5836 plerisque
1877 5765 2023 5819 illius

446 5856 658 5912 viciniae
720 5859 858 5914 locis
915 5859 1144 5918 vastatis
1196 5859 1444 5915 coruinus
1484 5858 1880 5914 admovebatur
1911 5865 2020 5912 ter-

2133 5671 2446 5727 macellario
2484 5678 2705 5735 trunco,
2740 5678 2849 5724 tam
2900 5670 3079 5724 valide
3124 5670 3484 5740 appritnendo
3513 5686 3573 5728 ut
3600 5676 3723 5731 loco

2133 5762 2367 5814 naturali
2420 5772 2696 5815 emoverat
2748 5760 2979 5817 cervicis
3030 5762 3332 5817 vertebras.
3391 5762 3467 5818 Ita
3530 5764 3719 5823 infelix

2131 5854 2301 5908 ietum
2338 5854 2533 5921 accipit
2569 5867 2678 5924 quo
2702 5863 2786 5909 est
2820 5854 2868 5909 ei
2906 5855 3142 5911 recisum
3169 5866 3354 5927 caput.
3398 5858 3453 5911 id
3491 5870 3707 5927 speria-
