3996 6230
247 282 321 349 481
1104 280 1202 341 DE
1236 275 1682 342 ANDRONICO
1724 274 2190 338 PALEOLOGO
2226 277 2373 341 LIB.
2408 278 2475 341 V.

3387 276 3499 343 882

239 396 538 469 περιστῆναι
560 397 624 451 τὰ
647 395 879 468 χαλεπὰ,
900 394 961 450 τὸ
988 394 1255 466 δρᾶσαίτι
1272 395 1520 461 γενναῖον
1535 392 1637 445 οὑκ
1656 392 1805 462 ἕχον-ι
1834 402 1880 451 Α
1908 389 2081 461 αὐτῆς
2141 390 2290 461 ὧρας
2346 389 2680 463 προστάσσει
2726 388 2814 443 ἐπ’
2856 386 2979 459 ὄψει
2999 387 3230 461 θατέρου
3264 406 3501 463 καρατοο

233 511 328 559 τες,
345 493 389 544 εἰ
407 490 791 561 προσμένοιεν,
814 488 949 561 πρὸς
966 488 1143 559 φυγὴν
1160 486 1364 558 ὥρμων
1380 486 1475 539 καὶ
1496 481 1800 557 προαπανι·

231 602 427 650 σταντο,
444 583 689 651 ἀγκάλας
718 582 904 653 σφισιν
919 581 993 645 ὥς
1013 581 1106 633 καὶ
1133 580 1347 642 πολλοῖς
1377 578 1585 649 ἑτέροις
1607 576 1665 643 ἐξ
1704 577 1799 646 ἐγ-

228 679 389 747 γίονος
407 674 799 743 προτεινοὺσης
814 672 913 743 τῆς
937 672 1272 744 Μιτυλήνης,
1286 671 1381 726 καὶ
1405 670 1464 723 τὸ
1492 671 1614 724 καθ’
1633 667 1796 723 αὑτὸν

231 768 430 824 σκοπῶν
461 769 690 829 ἕκαστος
722 766 910 835 ὴλόγει
957 766 1050 820 τοῦ
1083 764 1309 834 ἄγοντος
1350 763 1446 817 καὶ
1498 763 1598 831 τῆς
1647 763 1802 815 ἐκου-

224 863 328 916 σῐου
385 863 570 915 ἀνεῖτο
613 859 893 930 ὑποταγῆς
920 874 937 891 ⁶
974 860 1060 927 ἐφ’
1110 854 1193 923 οἷς
1235 859 1402 929 μηδὲν
1458 858 1597 928 ἔχων
1644 857 1797 925 ἀντι-

222 957 495 1025 πράττειν,
525 952 621 1009 τοῢ
670 954 909 1027 πλήθους
973 953 1049 1018 ὡς
1115 952 1263 1017 εἰκὸς
1314 950 1800 1028 δυναστεύσαντος,

224 1046 568 1116 συναπαίρειν
592 1046 733 1115 ἔγνω
763 1046 1035 1111 κάκεῖνος,
1072 1044 1168 1098 καὶ
1223 1028 1381 1098 κενὸν
1429 1042 1682 1097 ἐντεῦθεν
1736 1041 1799 1099 τὸ

220 1142 467 1213 φρούριον
496 1140 911 1194 καταλέλειπτο.
952 1138 1115 1192 Ἀλλὰ
1147 1138 1264 1208 μεθ’
1295 1138 1510 1210 ἡμέρας
1564 1139 1591 1191 ὁ
1625 1138 1801 1208 μέγας

219 1232 333 1299 δοὺξ
352 1230 645 1304 προσίσχει
673 1232 738 1301 τῇ
765 1229 939 1301 νήσῳ,
972 1228 1067 1284 καὶ
1089 1228 1197 1281 ἔδει
1229 1228 1446 1290 πάντως
1483 1226 1664 1290 αἰτίας
1692 1226 1802 1281 τῶν

218 1324 499 1397 πορισμῶν
528 1324 631 1385 τὰς
663 1323 760 1392 μὲν
794 1322 1175 1392 εὑρίσκεσθαι,
1205 1321 1299 1384 τὰς
1328 1320 1385 1374 δὲ
1438 1319 1799 1376 πλάττεσθαι.

217 1418 313 1472 Σὺν
342 1414 530 1478 ἄλλοις
564 1412 777 1479 πολλοῖς
806 1413 903 1465 καὶ
928 1404 1084 1474 οὗτος
1110 1408 1187 1479 τῷ
1210 1408 1388 1481 τροχῷ
1428 1407 1803 1477 συλλαμὸἀνσσ

217 1525 318 1564 ται.
388 1508 451 1560 Ol
479 1506 538 1559 δὲ
564 1504 716 1558 ἄλλοι
740 1502 941 1566 πάντες
983 1500 1113 1571 μίαν
1154 1501 1257 1571 τὴν
1286 1500 1381 1555 τοῦ
1415 1498 1587 1554 κοικοῦ
1627 1499 1804 1561 λύσιν,

216 1603 258 1658 ει
285 1598 628 1673 προτεινοιεν
659 1595 825 1668 ἁδρὸν
856 1596 917 1648 τὸ
945 1594 1186 1665 χρυσίον.
1220 1593 1329 1648 Καί
1358 1610 1442 1656 τις
1471 1592 1523 1645 δὲ
1552 1592 1711 1656 ἄλλος
1746 1592 1805 1656 ὃς

216 1691 647 1765 προενηργηκὼς
678 1689 912 1760 δημόσια
936 1688 1004 1742 τὰ
1031 1687 1089 1752 ἐξ
1135 1687 1361 1741 ἐκείνων
1396 1687 1560 1757 κέρδη
1613 1689 1671 1740 ὲν
1719 1703 1807 1755 χι-

1907 485 2121 552 μεῖσθαι
2176 486 2406 554 θάτερον
2450 485 2543 539 τὸν
2582 483 2922 556 Μαχράμην,
2959 485 3052 539 καὶ
3098 485 3128 538 ὁ
3169 483 3499 555 μακελλικδς

1901 578 2090 648 φιτρος
2114 578 2394 648 παρευθὺς
2434 580 2526 632 καὶ
2549 579 2611 632 τὸ
2637 577 2788 649 ξὶφος
2813 578 3034 648 ἕτοιμον
3062 578 3143 640 εἰς
3171 577 3456 647 ἀναίρεσιν
3478 592 3496 610 ο

1899 671 1999 736 τὰς
2023 672 2133 742 γὰρ
2164 673 2260 740 τῆς
2300 673 2543 743 κεφαλῆς
2570 674 2765 745 τρίχας
2819 675 2977 744 ἱμᾶσι
3032 672 3229 739 δεθεὶς,
3294 667 3415 726 εἶτα
3447 669 3498 728 δ’

1902 766 2155 829 ἐκταθεὶς
2208 767 2303 819 ἐπὶ
2350 767 2444 820 τοῦ
2486 767 2679 836 φιτροῦ
2744 769 2839 821 καὶ
2885 767 3173 835 καρτερῶς
3222 765 3495 831 πιεσθεὶς,

1903 855 2045 911 ὥστε
2078 856 2319 920 καὶτοὺς
2344 857 2674 921 σπονδύλους
2730 858 2826 912 τοῦ
2870 857 3147 929 τραχήλου
3198 856 3495 927 ἐκλυθῆναι

1901 951 2001 1021 τῆς
2029 950 2266 1019 φυσικῆς
2297 950 2568 1021 ἀρμογῆς.
2604 950 2778 1015 οὕτως
2804 951 3004 1015 ἀθλίως
3035 950 3130 1005 καὶ
3177 949 3275 1021 τὴν
3320 947 3497 1019 τομὴν

1902 1043 2143 1116 δέχεται.
2180 1044 2292 1098 Καὶ
2321 1043 2380 1097 τὸ
2410 1044 2626 1115 συμϐὰν
2657 1042 2870 1115 θατέρῳ
2923 1042 3246 1113 θεασαμένῳ
3305 1039 3499 1113 Γοργώ

1910 1153 1994 1200 τις
2022 1132 2093 1209 ἦν
2135 1135 2471 1191 ἀπολιθοῦσα
2510 1138 2602 1191 τὸν
2629 1137 2887 1204 δείλαιον,
2927 1137 3024 1191 καὶ
3067 1136 3264 1206 πικρὸν
3292 1134 3498 1200 κλαίει,

1907 1229 2002 1285 καὶ
2039 1232 2327 1285 ππνιᾶται
2354 1231 2490 1302 πρδς
2520 1231 2862 1295 Γεννουῖτας,
2894 1232 2986 1284 καὶ
3016 1229 3115 1300 τὴν
3148 1227 3295 1299 ζωὴν
3325 1230 3496 1299 χιλιο-

1908 1321 2033 1376 στύῖ
2058 1320 2331 1394 χρυσίνων
2376 1322 2508 1390 παρ’
2545 1320 2770 1375 ἐκείνων
2799 1323 3193 1391 περιποιεῖται.
3244 1318 3330 1392 [Ρ.
3367 1314 3496 1389 504]

1920 1413 2083 1467 Ἀλλὰ
2122 1412 2375 1485 μικρὸνῆ
2411 1413 2583 1467 ταῦτα
2628 1400 2884 1483 γενέσθαι
2921 1412 3211 1485 πρότερον,
3266 1414 3499 1481 Μαγνη-

1909 1504 2134 1570 σιώταις
2188 1506 2398 1569 ἐκεῖνος
2434 1504 2601 1576 τιμὴν
2656 1503 2935 1575 ταμιεύων
2994 1505 3371 1579 Κυκλώπειον,
3423 1502 3498 1567 ὡς

1910 1598 2004 1654 καὶ
2043 1597 2241 1662 αὐτοὺς
2280 1597 2349 1651 τὰ
2400 1597 2563 1667 ὅμοια
2619 1596 2852 1669 δράσων,
2887 1597 2989 1651 κᾶν
3026 1595 3370 1666 ὑπερημέρει
3399 1594 3500 1665 τὴν

1911 1688 2139 1751 ἔκτισιν,
2163 1689 2257 1742 τοῦ
2289 1688 2567 1742 πιστεύειν
2601 1688 2833 1752 ἐκείνοις
2856 1688 3019 1742 πλέον
3053 1689 3160 1743 τῶν
3197 1687 3373 1743 ἄλλων
3403 1686 3499 1741 καὶ

215 1784 349 1842 λιάσι
371 1782 748 1854 καὶνμάλιστα
769 1781 1180 1850 εἰσεπράττετο.
1206 1779 1295 1849 Τῷ
1325 1780 1381 1834 δὲ
1428 1782 1804 1852 προσετιμᾶτο
1837 1782 1877 1834 Β
1909 1783 2060 1856 παρὰ
2090 1783 2247 1837 τοῦτο
2288 1780 2792 1853 ἀποτεταμιεῦσθαι
2840 1782 2936 1836 καὶ
2973 1782 3175 1846 ἵππους
3216 1781 3347 1853 τῇδε
3404 1780 3499 1835 καὶ

213 1881 439 1936 θανάτου
493 1878 589 1932 διὰ
652 1875 751 1946 τὴν
796 1874 889 1928 τοῦ
950 1872 1214 1945 φρουρίου
1265 1871 1611 1941 κατάλειψιν.
1645 1872 1706 1925 El
1759 1871 1804 1927 δ’

212 1971 459 2028 ὠνεῖσθαι
489 1970 737 2043 βούλοιτο
767 1967 868 2040 τὴν
898 1966 1066 2037 ζωὴν,
1102 1968 1183 2030 εἰς
1212 1966 1438 2037 χρυσίου
1492 1963 1808 2035 χιλιοστύας

213 2067 368 2120 πέντε
420 2066 455 2137 ἡ
514 2061 729 2125 Exstat;
783 2060 989 2115 ἵστατο.
1042 2060 1392 2131 Κατηντήκει
1432 2058 1486 2111 δὲ
1514 2060 1609 2113 καὶ
1645 2058 1805 2130 ποινὴ

216 2161 371 2233 μέχρι
404 2159 507 2212 καὶ
532 2154 866 2218 ἑκατοστύος
896 2154 1025 2223 μιᾶς
1050 2152 1126 2223 τῷ
1154 2151 1460 2224 Μαχράμῃ.
1522 2152 1609 2216 Ὠς
1670 2149 1808 2219 γοῦν

212 2253 424 2327 βραδεῖς
456 2250 748 2323 ἐφαίνοντο
777 2250 825 2303 oi
869 2248 945 2319 μὴ
969 2247 1181 2319 ἔχοντες
1222 2248 1349 2317 περὶ
1399 2246 1497 2318 τὴν
1529 2244 1806 2312 ἀπόδοσιν,

212 2438 388 2495 culum
427 2437 485 2491 in
527 2437 644 2491 alio
677 2434 881 2507 pariter
908 2432 1169 2489 damnato
1198 2431 1303 2486 vim
1352 2430 1547 2485 habuit
1587 2429 1805 2502 qualem

210 2546 326 2589 esse
362 2530 535 2585 aiunt
573 2527 808 2584 Medusa:
842 2523 1136 2596 Gorgonis,
1181 2524 1347 2598 539
1388 2540 1550 2597 quam
1587 2527 1682 2597 qui
1720 2526 1804 2579 vi-

214 2627 338 2682 dent
372 2622 754 2694 lapidescunt.
794 2621 885 2676 Sic
931 2621 1078 2677 enim
1127 2628 1182 2675 et
1229 2618 1317 2675 hic
1369 2620 1557 2685 miser,
1609 2621 1801 2675 bausta

212 2720 327 2776 visu
356 2718 628 2790 praesenti
655 2716 773 2770 dira
800 2715 1125 2771 Maelii-amas
1149 2729 1302 2778 nece,
1332 2721 1642 2769 commotus
1668 2716 1806 2770 adeo

214 2820 381 2868 estut
437 2809 633 2864 multis
680 2806 940 2878 iacrymis
995 2812 1251 2859 cxoraret
1300 2803 1648 2870 Genuenses,
1699 2805 1805 2859 sibi

216 2904 573 2962 commodare
606 2918 673 2956 ne
710 2905 1074 2972 gravarentur
1112 2913 1323 2967 aureos
1360 2897 1531 2961 mille,
1571 2907 1705 2967 quot
1735 2899 1802 2954 ad

218 3006 492 3055 summam
540 2995 801 3050 indictam
849 2991 1239 3048 absolvendam
1288 2992 1561 3047 deerant:
1600 2992 1672 3045 ita
1722 3002 1807 3046 est

220 3092 409 3148 borum
452 3087 839 3144 misericordia
876 3096 1147 3142 servatus.

287 3184 457 3241 Paulo
490 3184 648 3254 prius
669 3196 832 3252 quam
860 3180 976 3235 haec
999 3178 1210 3244 fierent,
1228 3177 1535 3247 contigerat
1568 3176 1803 3233 defectio

214 3277 690 3351 liagnesiensium
727 3289 757 3329 a
791 3289 986 3344 magno
1006 3272 1168 3327 duce.
1196 3270 1335 3327 Huic
1363 3271 1452 3327 ille
1470 3270 1673 3327 civitati
1704 3286 1804 3343 pro

220 3373 522 3444 majoribus
555 3374 613 3425 in
638 3384 697 3424 se
729 3367 942 3423 meritis
972 3367 1203 3442 gratiam
1236 3367 1494 3422 servabat
1518 3406 1533 3427 .
1566 3381 1672 3436 qua
1706 3381 1795 3421 re-

221 3459 657 3520 muneraturum
678 3476 737 3516 se
768 3460 1021 3532 Ulyssem
1047 3456 1285 3530 Cyclops
1313 3455 1638 3512 Homericus
1674 3471 1801 3525 pro-

221 3557 489 3621 utebatur,
521 3555 804 3626 spondens
839 3553 1018 3622 ipsum
1048 3567 1075 3603 a
1106 3567 1166 3607 se
1198 3549 1597 3605 comedendum
1624 3550 1805 3607 socio-

220 3670 335 3709 rum
392 3652 690 3713 nitimnm;
727 3655 783 3702 et
832 3655 957 3714 post
1008 3645 1282 3715 expilatas
1335 3646 1499 3698 nrbes
1559 3644 1801 3713 reliquas

218 3746 355 3801 lianc
377 3746 550 3801 etiam
575 3739 959 3798 exinaniturus
980 3738 1427 3807 exspectabatur.
1458 3735 1613 3803 Quod
1652 3736 1801 3807 ipsos

218 3853 321 3894 non
356 3834 561 3891 fefellit
594 3834 714 3903 ejus
736 3833 907 3899 cives,
931 3846 996 3886 ex
1034 3839 1227 3886 caetera
1254 3830 1356 3885 viri
1388 3830 1689 3899 rapacitate
1720 3827 1803 3882 fa-

218 3934 316 3988 cile
348 3926 774 4002 praasentientcs
818 3926 947 3997 quid
987 3924 1202 3992 passuri
1252 3940 1374 3979 mox
1425 3922 1624 3979 forent.
1675 3921 1803 3977 Haec

218 4026 337 4080 illos
367 4023 617 4097 provisio
646 4020 714 4076 ad
744 4020 922 4092 palam
956 4018 1321 4074 deficiendum
1356 4033 1385 4073 a
1423 4031 1621 4087 magno
1661 4015 1801 4071 dure

218 4119 500 4183 incitavit;
536 4126 599 4171 ex
634 4129 743 4184 quo
784 4113 981 4169 accidit
1004 4112 1151 4167 hunc
1188 4111 1413 4181 perdere
1446 4110 1683 4180 praedam
1718 4112 1807 4164 in-

219 4218 430 4280 gentem
457 4205 609 4261 varie
632 4218 912 4259 corrasam
943 4203 1331 4270 undecunque,
1375 4216 1500 4255 cum
1525 4216 1799 4271 equorum

217 4311 327 4358 tum
362 4300 629 4372 pecunia),
667 4308 828 4366 quam
857 4296 1000 4365 apud
1030 4294 1468 4363 Magnesienses,
1500 4293 1585 4349 bis
1625 4294 1801 4349 tldens

220 4395 341 4465 plus
371 4407 539 4462 quam
575 4389 786 4445 caeteris
809 4430 824 4454 ,
860 4386 1275 4444 cusmdiendam
1310 4385 1665 4456 deposuerat.
1700 4386 1799 4442 llic

1908 1879 2193 1949 χρήματα,
2214 1876 2247 1930 ἃ
2285 1876 2349 1949 δὴ
2375 1877 2439 1932 ἐκ
2467 1876 2630 1946 τόσης
2662 1876 2989 1947 ἁλαστορίας
3037 1876 3313 1945 συνέλεγε,
3360 1874 3497 1944 φθά-

1908 1987 1989 2025 νει
2026 1971 2298 2043 σφαλῆναι
2322 1970 2547 2044 προνοίᾳ
2574 1970 2685 2024 τῶν
2717 1971 3038 2041 οἰκητόρων.
3093 1972 3174 2025 τὰ
3227 1969 3339 2040 γὰρ
3382 1970 3497 2035 τοῖς

1907 2062 2090 2129 ἄλλοις
2117 2064 2486 2134 συμϐαίνοντα
2535 2064 2631 2117 καὶ
2683 2063 2839 2118 αὐτοὶ
2886 2064 3027 2117 κατὰ
3084 2062 3144 2116 τὸ
3200 2062 3497 2129 ἀναγκαῖον

1907 2159 2202 2222 δείσαντες,
2230 2162 2324 2212 καὶ
2352 2156 2588 2227 μάλιστα
2614 2155 2984 2228 προπαθόντες
3019 2156 3114 2209 καὶ
3162 2155 3237 2220 ὡς
3285 2152 3498 2226 γεύμα-

1906 2268 1997 2316 τος
2016 2251 2079 2304 τὸ
2110 2250 2220 2304 πᾶν
2252 2246 2651 2321 προμαθόντες,
2677 2247 2810 2320 πρὸς
2844 2247 3188 2303 ἀποστασίαν
3221 2244 3496 2320 ἀφορῶσι,

1908 2434 2104 2491 stricta
2143 2432 2413 2494 invicem.
2444 2444 2609 2500 quam
2653 2428 2969 2486 firmissime
2996 2435 3209 2500 posset,
3260 2426 3365 2485 tida
3405 2440 3499 2484 so-

1909 2528 2119 2582 ciorum
2173 2525 2565 2582 communione
2629 2521 2899 2578 facinoris
2959 2520 3279 2592 ejusmodi,
3330 2519 3499 2593 ιω

1908 2622 2051 2693 quod
2071 2636 2287 2677 onmem
2317 2635 2441 2675 cum
2472 2631 2672 2687 magno
2690 2616 2832 2672 duce
2861 2612 3331 2689 reconciliationis
3354 2613 3496 2667 viam
3538 2682 3541 2683 ν

1908 2716 2284 2785 abrumperet.
2332 2712 2456 2767 Fuit
2504 2710 2558 2765 id
2607 2708 2822 2765 hostilis
2859 2708 3134 2779 grassatio
3190 2707 3243 2761 in
3293 2703 3483 2766 Italos.

1908 2814 2180 2879 quotquot
2200 2813 2336 2861 sunt
2364 2805 2507 2859 intra
2529 2801 2720 2857 urbem
2754 2799 3089 2870 Magnesiam
3112 2807 3244 2855 tunc
3264 2797 3493 2869 reperti;

1907 2917 2144 2974 quorum
2184 2916 2311 2971 pars
2369 2896 2550 2969 gladio
2604 2894 2729 2951 caesi
2754 2934 2770 2960 ,
2804 2909 2932 2965 pars
2967 2910 3176 2949 secura:
3208 2888 3493 2949 commissi

1911 2994 2182 3050 custodite
2209 3000 2362 3049 sunt.
2394 2990 2517 3063 Egit
2548 3004 2817 3063 prmterea
2852 2999 2909 3043 ut
2945 2991 3160 3045 cunctis
3193 2996 3337 3043 esset
3368 3001 3497 3055 per-

1912 3090 2304 3144 suasissimum
2365 3102 2531 3142 unam
2574 3086 2710 3156 ipsis
2736 3085 2896 3140 sitam
2934 3099 3058 3140 esse
3102 3082 3298 3137 salutis
3340 3094 3495 3152 spem

1911 3184 1965 3239 in
1999 3184 2177 3238 salute
2209 3198 2321 3237 non
2354 3180 2581 3237 aliunde
2607 3178 2881 3250 speranda
2915 3193 3078 3248 quam
3105 3177 3175 3231 ab
3205 3176 3409 3230 invicta
3440 3182 3497 3230 et

1909 3276 2138 3332 omnino
2170 3274 2526 3331 irrevocabili
2573 3272 2868 3329 resistendi
2912 3270 3222 3327 constantia
3248 3310 3264 3337 ,
3297 3268 3497 3325 certis-

1907 3368 2047 3423 sime
2077 3367 2381 3434 morituris,
2424 3366 2472 3421 si
2518 3366 2785 3422 cederent
2821 3372 2876 3419 et
2911 3378 3244 3436 quacunque
3284 3363 3499 3418 ratione

1912 3460 2014 3515 sub
2057 3459 2237 3532 magni
2277 3458 2437 3516 ducis
2483 3470 2842 3532 potestatem
2883 3473 2948 3515 ac
3012 3472 3217 3514 manus
3276 3456 3497 3528 redige-

1912 3563 2122 3609 rentur.
2158 3552 2253 3608 Sic
2280 3552 2457 3624 parati
2491 3592 2505 3618 ,
2557 3562 2733 3623 port's
2779 3552 2936 3608 urbis
2977 3559 3100 3607 tnta
3152 3550 3402 3607 custodia
3441 3559 3498 3607 et

1908 3648 2221 3702 munitione
2246 3646 2439 3715 septis,
2476 3647 2597 3702 sine
2636 3647 2744 3700 ulla
2770 3645 2883 3715 jam
2919 3644 3365 3701 dissimulatione
3394 3659 3499 3715 pa-

1906 3739 2011 3793 lam
2040 3738 2325 3795 declarant
2356 3754 2417 3795 se
2442 3753 2540 3808 pro
2569 3738 2726 3794 boste
2757 3737 2959 3793 habere
2987 3751 3244 3807 magnum
3270 3734 3494 3790 ducem.

1909 3831 2010 3886 Hic
2046 3831 2210 3887 simul
2250 3829 2370 3900 ejus
2413 3830 2549 3884 tanti
2592 3831 2675 3885 sui
2731 3838 3109 3900 contemptus,
3159 3825 3302 3882 fama
3363 3826 3492 3883 facti

1902 3924 2017 3981 late
2044 3923 2240 3990 didita,
2273 3938 2392 3976 eam
2431 3923 2681 3978 notitiam
2727 3922 2937 3991 accepit
2981 3937 3147 3988 quam
3175 3922 3324 3977 nulla
3366 3935 3494 3991 pos-

1906 4027 1991 4075 set
2022 4016 2469 4073 dissimulatione
2494 4024 2707 4087 tcgere,
2743 4016 2928 4071 statim
2974 4015 3177 4071 exarsit
3228 4016 3280 4069 in
3318 4014 3494 4070 nibilo

1910 4111 2183 4166 mitiorem
2218 4109 2354 4163 iram
2399 4124 2564 4181 quam
2597 4110 2749 4179 quali
2794 4120 2914 4166 erat
2941 4109 3242 4165 verisimile
3277 4106 3494 4162 inflam-

1907 4202 2167 4257 mandutn
2203 4202 2479 4258 hominem
2504 4200 2724 4265 italum,
2758 4201 3127 4271 eamdemque
3150 4215 3315 4271 supra
3344 4214 3494 4256 com-

1906 4309 2128 4350 munem
2156 4293 2334 4363 gentis
2372 4291 2592 4349 modum
2632 4292 2911 4347 crudelem
2941 4304 3105 4363 atque
3130 4290 3485 4363 praecipitem.

1909 4386 2073 4458 Rapit
2096 4401 2227 4457 ergo
2254 4387 2375 4441 sine
2407 4399 2585 4451 mora,
2616 4388 2834 4441 cunctis
2865 4386 3110 4448 putissis,
3148 4399 3278 4441 suas
3297 4397 3487 4439 secum

222 4488 426 4559 primus
459 4481 772 4539 rebellionis
805 4480 1019 4537 fructus
1050 4494 1303 4551 magnam
1341 4480 1545 4549 adjecit
1580 4486 1794 4535 tantum
1836 4505 1879 4560 ο
1909 4481 2195 4534 universas
2234 4478 2445 4547 ecpias.
2479 4476 2929 4549 Magnesiamque
2957 4478 3199 4533 advolat.
3227 4477 3397 4533 Erant
3433 4477 3486 4531 in

224 4584 369 4634 ausis
403 4576 723 4632 facultatem
755 4572 1066 4630 sustinendi
1098 4572 1242 4627 feros
1276 4572 1517 4641 impetus
1554 4571 1604 4626 in
1636 4573 1801 4626 ultio-

223 4687 343 4728 nem
371 4672 560 4727 statim
604 4668 798 4724 ruituri
846 4666 1080 4723 heminis
1126 4667 1459 4735 impotenter
1512 4666 1799 4730 iracundi,

225 4778 380 4833 quem
424 4771 537 4817 tam
584 4760 889 4815 luculenter
939 4756 1273 4813 irritassent.
1346 4757 1529 4828 Equus
1563 4757 1708 4812 enim
1748 4768 1803 4811 et

226 4872 442 4921 aurum,
466 4856 572 4910 hoc
598 4864 685 4910 est
717 4856 1077 4909 instrumenta
1108 4858 1161 4906 et
1190 4867 1390 4906 nervos
1417 4854 1561 4917 belli,
1589 4851 1657 4905 ad
1688 4867 1803 4905 ma-
1834 4904 1839 4909 .

227 4965 352 5005 num
399 4948 480 5004 sic
526 4948 835 5013 habebant;
871 4960 970 5001 nec
1004 4945 1192 5000 deerat
1242 4961 1507 5000 numerus
1556 4945 1800 4999 virorum

231 5040 470 5109 fortium,
505 5043 598 5112 qui
630 5056 661 5097 e
686 5040 857 5095 variis
880 5053 947 5094 eo
980 5038 1118 5094 locis
1156 5037 1555 5109 confugerant;
1592 5037 1647 5092 in
1681 5040 1801 5108 qui-

234 5134 330 5191 bus
357 5144 476 5190 erat
524 5136 871 5190 Alanicarum
902 5132 1186 5202 copiarum
1234 5146 1363 5201 pars
1413 5146 1521 5187 non
1580 5132 1799 5203 exigua.

233 5230 532 5285 Accedebat
559 5227 895 5283 abundantia
929 5227 1188 5283 frumenti
1213 5227 1388 5299 plenis
1420 5228 1630 5282 horreis
1665 5242 1804 5282 con-

236 5324 367 5394 gesti
405 5323 471 5377 ad
524 5324 671 5395 longi
721 5322 1103 5378 sufﬁcientiam
1152 5322 1435 5391 temporis.
1494 5320 1590 5375 liis
1636 5321 1799 5375 simul

236 5418 441 5473 cunctis
469 5416 523 5471 in
552 5415 744 5486 primis
773 5414 1121 5471 animabatur
1143 5415 1432 5479 Attaleota,
1458 5426 1515 5469 ut.
1550 5432 1657 5469 non
1697 5415 1800 5472 du-

238 5509 430 5566 bitaret
459 5526 517 5566 sc
548 5521 831 5564 auctorem
861 5508 1003 5563 ferre
1034 5509 1248 5563 consilii
1270 5508 1668 5577 audacis.quod
1697 5508 1798 5563 nisi

242 5599 359 5655 felix
390 5608 531 5657 esset
581 5600 650 5655 ad
694 5606 1025 5661 extremum,
1063 5598 1381 5667 impendere
1427 5599 1533 5653 sibi
1588 5608 1799 5652 certum

245 5695 455 5750 exitium
503 5692 739 5752 sciebat.
787 5692 900 5749 Hoc
937 5694 1231 5749 instinctus
1280 5705 1425 5749 metu
1468 5693 1799 5763 peculiarem

247 5785 835 5856 adhibuitdiligentiam
865 5787 918 5843 in
952 5787 1335 5858 conjuratione
1364 5786 1797 5853 eorroboranda,

1906 4586 1972 4627 eo
2006 4571 2251 4628 exercitu
2300 4572 2596 4628 auxiliares
2640 4571 2815 4627 ltalici
2860 4571 3075 4643 generis
3106 4586 3325 4636 omnes,
3374 4569 3486 4624 fio-

1908 4681 2081 4720 mante
2120 4681 2242 4719 cum
2289 4666 2383 4721 his
2422 4666 2632 4721 militia
2680 4682 2807 4737 pars
2838 4680 2949 4720 non
2978 4666 3172 4736 exigua
3201 4702 3218 4729 ,
3255 4664 3488 4733 denique

1906 4756 2084 4823 Alani,
2119 4757 2210 4828 qui
2249 4764 2432 4812 tamen
2477 4772 2585 4813 non
2615 4766 2835 4826 sponte.
2875 4757 2973 4814 sed
3007 4757 3294 4827 praesentis
3324 4756 3485 4813 ducis

1906 4847 2246 4905 ineluctabili
2285 4851 2464 4905 adacti
2516 4851 2787 4921 potentia,
2838 4850 3063 4906 invitam
3115 4859 3169 4906 et
3214 4852 3488 4906 duntaxat

1906 4945 2339 5016 perfunctoriam
2372 4959 2599 5013 operam
2627 4943 2681 4999 in
2716 4945 2819 5000 hoc
2852 4945 3057 4999 bellum
3094 4943 3481 4999 conferebant.

1906 5036 2005 5091 llis
2055 5037 2229 5106 copiis
2265 5036 2371 5091 dux
2408 5052 2642 5108 magnus
2689 5038 3150 5109 oppugnationem
3194 5037 3486 5109 Magnesia:

1908 5136 2137 5191 adorsns
2181 5135 2465 5191 machinas
2496 5135 2775 5201 admovet,
2813 5146 2993 5191 turres
3023 5137 3247 5202 excitat,
3285 5145 3480 5190 caetera

1908 5229 2273 5285 instrumenta
2318 5230 2810 5299 expttgnandarum
2849 5228 3215 5286 munitionum
3266 5227 3481 5284 ardenti

1906 5334 2161 5391 satagens
2190 5322 2373 5378 studio
2408 5323 2651 5378 adhibet.
2682 5322 3076 5379 Acccmlebant
3112 5324 3258 5378 enim
3295 5339 3393 5393 per
3423 5337 3483 5378 se

1908 5418 2041 5470 satis
2068 5415 2460 5470 inllannnatam
2494 5416 2615 5483 ejus
2658 5416 2793 5471 iram
2830 5416 3027 5473 crebra
3059 5418 3297 5473 subinde
3327 5418 3383 5473 in
3411 5419 3482 5473 il-

1911 5508 2020 5562 lum
2058 5523 2087 5562 e
2122 5507 2293 5564 muris
2325 5509 2523 5579 iactata
2551 5510 2804 5576 dicteria,
2839 5509 3189 5566 irridentium
3246 5523 3481 5568 conatus

1910 5602 2199 5670 minasque
2228 5603 2424 5674 ipsius.
2458 5603 2658 5673 quibus
2697 5605 2859 5659 homo
2887 5605 3130 5660 tumidus
3160 5605 3481 5673 impatiens-

1906 5710 2012 5766 que
2066 5697 2417 5751 contumeliae
2459 5698 2867 5755 incredibiliter
2913 5698 3270 5761 eﬂerabatur,
3309 5712 3481 5753 vanos

1910 5788 2131 5853 interim
2186 5789 2307 5860 ejus
2340 5791 2572 5859 impetus
2602 5792 2775 5847 muris
2805 5793 3175 5863 nequidquam
3208 5792 3481 5849 solidissi-
