3996 6230
653 278 760 342 495

1869 282 2196 347 GEORGII
2228 283 2716 349 PACHYMERIE

3777 291 3866 369 496

664 392 876 457 Ἰταλοὶ,
919 395 994 458 ὼς
1021 393 1065 445 δ’
1110 393 1343 465 Ἀλανοὶ,
1381 394 1500 459 ταῖς
1532 392 1780 465 γνώμαις
1822 396 2228 467 ἠλλοτριοῦντο.
2256 400 2309 460 Α
2336 396 2708 467 προσέταττεν
2743 392 3132 465 ὑποστρέφειν.
3171 390 3297 455 Τοῖς
3330 390 3385 445 δὲ
3408 390 3624 448 θάνατον
3645 397 3733 468 τῆς
3756 401 3869 457 ὑπο·

655 485 941 559 δυσχερεῖς
967 486 1120 551 ὄντες
1151 485 1362 556 πείθειν
1387 485 1484 541 καὶ
1519 487 1656 560 πρὸς
1688 487 1757 542 τὰ
1788 488 1938 558 παρὰ
1970 487 2235 559 βασιλέως

657 580 1042 650 ἐπεσταλμένα
1074 579 1597 637 καθυποκλίνεσθαι.
1631 581 1724 652 Τῷ
1752 581 1851 653 μὲν
1882 577 1977 637 οὖν
2016 581 2238 653 μεγάλῳ

654 672 829 737 δουκὶ,
873 671 1033 726 τοῦτο
1087 671 1188 743 μὶν
1240 672 1383 727 κατὰ
1415 671 1763 745 Μαγνησίαν,
1807 671 1963 727 τοῦτο
1990 671 2048 726 δὲ
2096 664 2239 726 κατὰ

658 766 974 840 Μιτυλήνην
997 764 1264 837 διάγοντι,
1296 766 1354 821 ai
1383 767 1574 837 συχναὶ
1595 765 1921 839 προστάξεις
1942 765 2037 820 τοῦ
2068 765 2239 835 ὑπερ-

656 859 849 915 θέσθαι
895 860 987 915 τὸν
1038 859 1176 931 πρὸς
1213 859 1339 926 τοὺς
1394 859 1802 931 Μαγνησιιὶηας
1861 860 2098 930 πόλεμον
2142 859 2239 911 καὶ

661 951 837 1023 αρᾷν
868 949 1087 1023 σύναμα
1143 948 1223 1019 τῷ
1256 949 1348 1003 ὑπ’
1380 950 1544 1005 αὑτὸν
1571 948 1687 1022 λαῷ
1720 949 1875 1021 ,κατὰ
1916 948 2071 1004 δύσιν
2100 948 2240 1019 πρὸς

658 1043 751 1096 τὸν
780 1042 1057 1114 ἀνάκτορα
1095 1040 1317 1113 Μιχαὴλ
1345 1035 1528 1114 (εἶναι
1552 1042 1662 1114 γὰρ
1695 1043 1793 1097 καὶ
1830 1039 2238 1113 Μαγνησιώτας

660 1134 937 1204 ὑπηκόους
970 1136 1036 1206 τῇ
1069 1132 1343 1205 βασιλείᾳ,
1384 1132 1767 1205 εὐφημοῦντας
1808 1132 2087 1205 ,ὁσημέραι
2112 1131 2241 1195 τοὺς

662 1227 925 1301 βασιλεῖς,
951 1229 1047 1281 καὶ
1074 1226 1173 1298 τῆς
1206 1228 1344 1296 πρὸς
1374 1227 1544 1303 αὑτὸν
1566 1226 1853 1298 παροινίας
1893 1224 2126 1290 εὐθύνας
2158 1225 2242 1290 τίς

660 1322 855 1395 καιρὸν
881 1322 1141 1392 ὑποσχεῖν
1190 1321 1565 1392 δυναμένους)
1592 1319 1745 1374 οὐδὲν
1774 1314 1949 1390 ἦσαν,
1974 1319 2072 1375 καὶ
2089 1319 2240 1389 λόγοι

659 1416 942 1490 τηνὰλλως
974 1417 1261 1488 λεγόμενοι
1320 1414 1626 1487 Ῥωμαίους
1658 1413 2096 1487 ἁνδρολογοῦντι,
2143 1411 2242 1467 καὶ

666 1512 900 1582 μάλιστα
954 1511 1047 1565 ἐπὶ
1087 1508 1514 1579 Μαγνησιώτας,
1565 1507 1662 1562 καὶ
1702 1509 1753 1561 εί
1788 1507 1865 1579 μὴ
1907 1504 2239 1575 ἁναστατοίη

662 1604 907 1670 τούτους,
932 1604 1079 1687 ὀὐδὲ
1126 1602 1228 1675 ζῇν
1260 1601 1494 1657 θέλοντι.
1535 1600 1784 1663 Ἀλανοῖς
1813 1599 1873 1654 δι
1908 1600 2003 1653 καὶ
2036 1597 2253 1670 μᾶλλον

658 1699 748 1752 διὰ
768 1699 834 1752 τὰ
866 1696 1264 1769 προσυμδάντα
1280 1695 1423 1750 κατὰ
1446 1693 1689 1759 Κύζικον
1714 1693 1816 1748 οὐκ
1842 1688 1913 1766 ἦν
1938 1693 2146 1765 ἀρεστὰ
2162 1689 2241 1760 τὰ

2343 490 2584 561 στροφῆς
2619 488 3071 560 ἀνθαιρουμένοις
3114 485 3318 557 συνέϐη
3369 485 3443 557 τῷ
3475 487 3605 550 τέως
3635 490 3870 561 diem.

2338 582 2502 654 δῆσαι
2535 581 2815 652 φανέντων
2864 579 3115 651 Περσῶν.
3180 578 3398 650 Ἐπειδὴ
3447 580 3553 649 γὰρ
3595 583 3641 634 oi
3692 583 3779 653 μὲν
3804 586 3869 649 είς

2339 676 2725 740 ἐννεακοσίους
2758 673 3087 737 ἰποσοῦντο,
3140 673 3238 726 καὶ
3270 671 3376 741 τὴν
3427 671 3602 744 μάχην
3628 673 3697 737 ὡς
3722 675 3870 730 είπεῖν

2294 806 2299 809 Α
2342 768 2483 839 μετὰ
2513 767 2753 839 θάρρους
2788 763 3172 820 είσδάλλουσιν
3200 765 3268 816 ἐκ
3303 762 3432 831 μιᾶς
3454 776 3471 794 ο
3519 764 3568 815 οἱ
3595 761 3638 816 δ’
3661 766 3715 817 ὲν
3739 766 3872 837 μέρει

2341 859 2717 931 συμϐαλόντες
2748 858 2826 924 ὡς
2856 861 2937 925 είς
2972 856 3287 919 διακοσίους
3318 853 3405 928 [Ρέ
3436 853 3561 929 513]
3587 856 3871 924 ποσοῦσθαι,

2336 953 2446 1007 τῶν
2477 952 2657 1007 ἄλλων
2690 950 2880 1006 αὐτῶν
2928 951 3006 1015 ὡς
3035 950 3103 1003 εκ
3140 946 3339 1001 πολλοῦ
3393 946 3870 1013 διασκεδασθέντων,

2338 1048 2489 1120 ὅμως
2518 1046 2647 1110 τοὺς
2679 1045 2781 1117 μὲν
2802 1044 3105 1106 κτείνουσι,
3138 1042 3265 1105 τοὺς
3288 1040 3335 1094 δ’
3362 1039 3704 1110 αἱροῦσινθείς
3722 1042 3875 1111 φυγὴν

2338 1139 2683 1213 τραπέντας,
2701 1140 2859 1194 αὐτοὶ
2888 1138 3063 1211 μηδὲν
3095 1135 3368 1199 παθόντες
3409 1135 3516 1188 τῶν
3538 1133 3845 1203 ἀνηκέστων.

2300 1254 2305 1259 ’
2337 1257 2444 1331 λβθ.
2485 1254 2817 1329 Τεράστιον
2849 1252 3335 1331 τελεσθὲνμπαρὰ
3372 1249 3498 1331 ,τῆς
3539 1250 3702 1321 ἁγίας
3741 1252 3878 1305 dato-

2796 1325 3100 1397 μάρτυρος
3130 1323 3476 1390 Θευδοσίας.

2424 1421 2517 1476 Ἑν
2562 1419 2742 1493 τούτῳ
2771 1419 2828 1475 δὲ
2876 1420 2973 1474 καὶ
3005 1418 3177 1490 τέρα-ς
3209 1417 3451 1471 τελεῖται
3482 1412 3771 1484 θαυμάσιον
3797 1412 3876 1483 τῆς

2294 1514 2744 1589 ’ὁσιομάρτυρος
2790 1514 3099 1579 Θεοδοσίας,
3166 1512 3298 1582 περὶ
3346 1503 3409 1564 οῦ
3446 1509 3521 1581 μὴ
3564 1507 3879 1577 λιγεινὶστο·
3954 1500 3955 1503 “

2342 1610 2528 1685 ροῦντι
2561 1608 2687 1664 καθ’
2717 1607 2952 1685 ἕκαστον
2978 1606 3105 1677 ἐμοὶ
3128 1605 3229 1677 μὲν
3251 1603 3499 1665 κίνδυνος
3524 1602 3586 1655 οὐ
3612 1598 3808 1671 μικρὸς,
3824 1597 3877 1651 τὰ

2342 1704 2484 1774 εργα
2512 1702 2607 1757 τοῦ
2634 1700 2771 1756 Θεοῦ
2798 1697 3203 1770 ἀνακηρύττειν
3235 1694 3391 1763 ἄξιον
3423 1694 3504 1760 ὃν,
3539 1690 3705 1765 ζημία
3726 1690 3777 1745 δὲ
3800 1690 3880 1743 οὐκ

663 1791 1038 1864 πραττόμενα,
1101 1787 1240 1845 ἀλλὰ
1301 1786 1581 1859 πανδημεὶ
1644 1785 1788 1857 ὐπὶρ
1851 1783 2316 1848 πεντακοσίουςΒ
2342 1794 2500 1864 ὀλίγη
2535 1795 2646 1857 τοῖς
2705 1791 2781 1863 μὴ
2827 1789 3123 1846 ἀκούσουσι
3184 1786 3612 1859 περιστήσεται·
3672 1779 3880 1853 enotuit

663 1886 982 1955 ἀφίσταντο.
1016 1882 1265 1953 Κὰπειδὴ
1294 1880 1562 1951 ἀπείρητο
1598 1877 1827 1942 τούτους
1872 1876 1949 1949 μὴ
1982 1875 2244 1950 περαιοῦ-
2278 1914 2281 1915 ν

663 1980 787 2035 σθαι
817 1979 959 2031 κατὰ
986 1978 1085 2047 τὴν
1114 1974 1350 2029 Καλλίου
1400 1974 1496 2028 ἐπὶ
1524 1973 1593 2029 τὰ
1626 1974 1887 2045 σφέτερα,
1922 1972 2121 2043 ἀλῆται
2151 1970 2241 2027 τόν

661 2087 797 2133 πους
822 2069 888 2122 lx
913 2068 1095 2121 τόπων
1126 2065 1448 2137 ἀμείϐοντες
1470 2062 1576 2129 ἔξω
1603 2080 1707 2118 που
1734 2063 1844 2115 τῶν
1872 2062 2075 2132 Πηγῶν
2110 2078 2244 2131 σκη-

663 2162 868 2222 νοῦσιν.
927 2157 1024 2226 Οῐς
1083 2158 1340 2232 βασιλεὺς
1397 2157 1631 2229 πέμπων
1663 2156 1944 2211 καὶίκανὰ
1996 2153 2242 2227 ἀργύρια

664 2369 768 2413 nec
801 2348 1183 2411 rerocabiliter
1208 2346 1547 2413 commissis,
1567 2360 1709 2415 quas
1735 2342 1927 2400 iterata
1958 2358 2059 2400 sua
2083 2341 2241 2413 iussa

662 2451 859 2508 sedare
901 2448 1169 2501 hactenus
1206 2439 1612 2512 nequivissent,
1668 2437 1801 2494 odio
1865 2437 1921 2492 in
1984 2436 2244 2507 utrisque

672 2550 865 2599 mutuo
894 2537 1276 2608 exstinguente
1311 2531 1677 2589 reverentiam
1709 2527 1925 2601 imperii
1960 2537 2016 2587 et
2044 2539 2242 2586 contu-

663 2639 893 2693 maciam
927 2634 1085 2690 iratis
1114 2627 1469 2686 inﬂexibilem
1502 2625 1743 2681 amante.
1769 2624 1935 2681 Istius
1959 2631 2242 2679 contuma-

660 2735 760 2789 cia
787 2730 1028 2803 primum
1070 2736 1127 2781 et
1167 2723 1409 2780 maxime
1440 2721 1739 2777 molestum
1800 2720 1856 2774 in
1889 2732 2090 2789 magno
2120 2720 2241 2787 ipso

660 2828 799 2880 duce
840 2820 1119 2893 specimen
1169 2816 1442 2873 exstabat.
1496 2812 1634 2867 Nam
1672 2827 1801 2867 cum
1834 2824 1962 2868 eum
1993 2813 2107 2881 jam
2145 2809 2243 2865 ad-

662 2918 769 2973 huc
796 2915 1079 2987 degentem
1116 2908 1372 2979 Mitylene
1400 2905 1548 2978 (quo
1576 2914 1823 2974 tempore
1850 2902 2144 2974 Magnesia
2170 2901 2239 2958 ab

659 3010 756 3065 illo
787 3003 1026 3062 defectio
1059 2998 1314 3071 contigit)
1345 2998 1592 3070 praecisis
1625 2996 1721 3052 sed
1755 2994 1928 3052 irritis
1964 2992 2238 3050 mandatis

664 3107 913 3157 avertere
946 3101 1213 3150 tentasset
1264 3106 1296 3146 a
1347 3087 1580 3145 consilio
1634 3086 1820 3143 statim
1861 3094 2234 3158 oppugnatum

660 3188 826 3248 eundi
877 3182 1307 3255 Hagnesienses,
1348 3193 1586 3249 cumque
1621 3192 1689 3234 ex
1726 3192 1839 3249 quo
1872 3144 2311 3232 intellexissetc

656 3284 772 3354 jam
803 3277 1035 3334 eundem
1063 3271 1321 3329 obsidere
1352 3269 1709 3340 Magnesiam,
1753 3283 1860 3324 non
1906 3268 2089 3323 minus
2120 3268 2245 3321 inu-

660 3373 747 3430 tili
796 3378 998 3426 conatu
1051 3364 1336 3420 retrahere
1363 3362 1543 3430 ipsum
1584 3376 1616 3415 a
1654 3360 1750 3415 tali
1780 3370 1962 3433 empto
2002 3358 2243 3430 satagis-

663 3473 771 3530 set,
829 3474 996 3533 quant
1029 3464 1243 3529 poterat
1298 3453 1678 3511 eiiicacissime
1736 3454 2016 3524 imperans
2067 3462 2127 3508 ut
2174 3467 2243 3509 eo

664 3554 1055 3625 intempestivo
1112 3551 1285 3606 dilato
1322 3549 1465 3604 bello
1521 3547 1808 3603 universas
1862 3562 2003 3618 quas
2052 3561 2240 3603 secum

666 3650 902 3707 habebat
939 3645 1130 3716 copias
1185 3642 1419 3713 trajectu
1455 3640 1747 3697 c0nl‘estim
1801 3640 1966 3707 mari,
1994 3637 2244 3697 duceret

665 3748 718 3799 in
758 3749 967 3799 tractus
1014 3736 1289 3794 Occiduos
1338 3737 1405 3791 ad
1450 3738 1836 3806 imperatorem
1889 3734 2240 3800 Michaelem,

663 3830 1662 3907 allegausliagnesienses,utcunque
1713 3828 1871 3883 aliter
1898 3835 2241 3897 peccassent,
2302 3844 2309 3852 ·

662 3935 914 3999 perstare
942 3937 1121 3981 tamen
1156 3925 1208 3978 in
1240 3922 1581 3993 professione
1607 3919 1993 3975 submissionis
2029 3919 2095 3975 ad
2136 3919 2241 3973 im-

660 4019 876 4091 perium
917 4026 971 4073 et
1011 4016 1258 4087 quotidie
1312 4014 1579 4083 Augustis
1633 4025 1747 4067 suae
1800 4011 1857 4065 in
1896 4025 1991 4066 eos
2044 4009 2243 4067 obser-

661 4112 863 4167 vantiae
912 4108 1185 4164 indicibus
1234 4102 1737 4162 acclamationibus
1804 4102 1945 4157 bene
2003 4098 2241 4179 precari,

664 4208 786 4279 ejus
843 4220 1004 4275 porro
1057 4200 1206 4272 quod
1250 4214 1537 4271 perperam
1579 4200 1845 4269 egissent,
1880 4194 2241 4250 commodiorl

664 4315 827 4371 posse
858 4310 1102 4367 tempore
1137 4294 1206 4349 ab
1230 4292 1366 4364 ipsis
1396 4304 1589 4362 pinnas
1616 4290 1814 4360 repeti,
1834 4288 1970 4355 hinc,
1992 4287 2243 4358 inquam,

664 4391 1015 4449 Andronicus
1073 4387 1200 4444 duci
1239 4399 1456 4455 magno.
1500 4383 1629 4438 licet
1690 4381 2095 4437 instantissime
2142 4380 2249 4436 itec

2345 1886 2569 1950 πάντως
2598 1884 2695 1938 καὶ
2725 1884 2828 1955 τὴν
2865 1880 2961 1936 τοῦ
2983 1880 3121 1935 Θεοῦ
3177 1878 3443 1949 πρόνοιαν
3474 1872 3778 1946 ἀκριδὼσει,
3804 1870 3879 1923 καὶ

2342 1971 2543 2048 δεῖγμα
2574 1977 2678 2049 τῆς
2711 1976 2850 2047 πρὸς
2893 1974 3045 2046 ἡμᾶς
3096 1971 3428 2050 κηδεμονίας
3467 1966 3561 2021 τοῦ
3602 1963 3878 2035 Κρείττονος

2345 2072 2628 2143 παραστῇ.
2654 2070 2895 2135 Νεανίας
2916 2084 3003 2131 τις
3037 2066 3147 2121 ἀνὰ
3170 2065 3271 2136 τὴν
3297 2059 3707 2119 Κωνσταντίνου
3729 2054 3879 2123 κωφός

2342 2183 2402 2220 τε
2451 2166 2547 2220 καὶ
2596 2165 2753 2229 ἐντὸς
2804 2162 2900 2217 tut
2954 2160 3173 2233 χρόνοις
3204 2154 3274 2230 ἦν
3324 2157 3432 2212 οὐκ
3459 2154 3680 2224 ὀλίγοις,
3730 2146 3881 2204 καὶτὸ

2342 2348 2690 2407 conveniunt
2748 2344 2907 2403 missi
2946 2344 3029 2401 ab
3074 2344 3432 2416 imperatore,
3494 2337 3591 2409 qui
3638 2337 3878 2391 numerata

2341 2444 2478 2515 ipsis
2526 2441 2767 2513 pecunia
2822 2454 2933 2497 non
2990 2438 3205 2495 modica
3249 2436 3509 2509 juberent
3544 2429 3718 2487 redire
3744 2423 3879 2489 ,undo

2340 2537 2621 2608 fugerant.
2652 2550 2717 2591 ac
2748 2535 2905 2611 signa
2940 2536 3210 2603 repetere.
3243 2530 3315 2586 At
3349 2530 3435 2584 illi
3457 2528 3539 2584 sic
3571 2518 3735 2597 parati
3754 2522 3873 2611 erant

2338 2630 2564 2697 animis,
2594 2635 2654 2683 ut
2694 2608 2931 2683 mortem
2958 2626 3115 2683 obire
3156 2624 3389 2680 mallent
3426 2635 3588 2694 quam
3622 2616 3719 2673 sub
3759 2608 3877 2668 exosi

2338 2733 2396 2780 et
2431 2722 2636 2778 irritati
2672 2722 2834 2779 ducis
2878 2712 3171 2791 imperium
3210 2716 3421 2775 redire.
3455 2714 3675 2770 interim
3699 2701 3878 2763 occasio

2340 2817 2451 2874 illis
2480 2816 2563 2873 rei
2595 2816 2735 2873 bene
2758 2815 3014 2889 gerendae
3048 2812 3230 2869 oblata
3270 2817 3380 2876 est,
3415 2794 3879 2889 quadam‘foﬂei“

2339 2912 2452 2967 illis
2479 2910 2729 2983 partibus
2765 2885 3067 2980 appetente
3092 2904 3393 2962 Persarum
3433 2914 3619 2960 manu.
3648 2891 3772 2951 satis
3809 2885 3880 2940 illa

2337 3002 2561 3076 quidem
2598 3001 2804 3067 valida,
2833 3008 3238 3069 uongentorum
3269 2995 3527 3052 videlicet
3547 2991 3879 3076 armatorum;

2340 3073 2430 3154 cui
2460 3111 2584 3153 cum
2614 3093 2777 3151 Alani
2806 3099 3188 3155 occurrerent,
3211 3090 3360 3146 haud
3392 3100 3586 3144 omnes
3608 3078 3761 3139 simul
3781 3073 3884 3129 ade-

2344 3199 2473 3248 rant
2501 3188 2600 3247 sed
2631 3186 2857 3245 ducenti
2894 3186 3183 3249 duntaxat,
3210 3183 3335 3239 aliis
3376 3176 3663 3238 trecentis,
3693 3188 3749 3227 es
3791 3178 3881 3237 quo

2343 3298 2375 3337 ι
2410 3281 2615 3339 castris
2648 3287 3019 3344 recesserant,
3055 3277 3263 3334 dudum
3310 3275 3467 3332 varie
3499 3267 3769 3341 dispersis.
3798 3260 3885 3316 Tac

2344 3387 2472 3451 mea
2502 3372 2579 3428 ita
2611 3371 2833 3428 fortiter
2870 3370 2925 3425 in
2962 3369 3163 3427 Persas
3196 3368 3588 3433 incurrerunt,
3627 3372 3683 3421 ut
3713 3356 3886 3414 multo!

2344 3446 2537 3521 eorum
2581 3464 2982 3529 interﬁcerent,
3027 3464 3273 3533 reliquos
3309 3450 3588 3534 fugarant,
3615 3464 3666 3509 et
3708 3446 3884 3521 fugaci-

2343 3559 2450 3616 bus
2511 3561 2773 3616 instando
2816 3559 3089 3631 plurimos
3134 3572 3338 3621 eorum,
3376 3562 3656 3625 caperent,
3702 3547 3885 3627 nemine

2344 3664 2574 3706 suorum
2610 3660 2705 3705 aut
2734 3650 3049 3707 desiderato
3097 3656 3195 3704 aut
3231 3650 3478 3720 graviter
3505 3645 3706 3700 saucio.

2344 3786 2435 3842 32.
2464 3786 2780 3858 Prodigium
2795 3794 3065 3855 patratum
3088 3802 3120 3839 a
3141 3797 3327 3840 sancta
3354 3798 3587 3857 martyre
3610 3777 3885 3839 Theodosia.

2419 3924 2565 3980 inter
2594 3925 2709 3980 haec
2740 3932 3117 3995 perpetratum
3141 3933 3225 3979 est
3260 3932 3639 3996 prodigiosum
3676 3921 3885 3977 miracu-

2344 4018 2459 4074 lum
2513 4028 2720 4075 sancta:
2768 4020 3032 4089 martyris
3079 3998 3431 4075 Theodosia.
3482 4017 3636 4085 Quod
3669 4014 3890 4085 equidem

2347 4111 2546 4166 borum
2610 4110 2898 4165 historiam
2956 4121 3265 4181 temporum
3303 4113 3525 4167 tradere
3568 4110 3886 4176 litteris-pro.

2346 4202 2553 4269 fessus,
2576 4203 2724 4258 haud
2740 4204 2879 4258 citra
2905 4203 3212 4274 periculum
3244 4206 3695 4275 reprehensionis
3709 4212 3759 4258 et
3774 4194 3890 4255 inei-

2346 4297 2523 4354 iiciosi
2579 4297 2799 4368 culpam
2846 4296 3081 4363 silentii,
3110 4298 3375 4355 distincte
3420 4302 3521 4354 lioc
3558 4300 3674 4354 loco
3715 4296 3891 4351 referre

2346 4392 2681 4455 amitterem,
2730 4390 2923 4460 utique
2960 4407 3085 4448 cum
3116 4392 3210 4447 Dei
3241 4408 3412 4464 Opera
3442 4394 3651 4464 vulgari
3682 4401 3734 4447 et
3776 4386 3891 4444 scri-

570 4548 573 4551 _
664 4502 816 4549 rans,
850 4485 1021 4541 surdo
1058 4481 1315 4544 canebat,
1346 4476 1483 4531 adeo
1510 4475 1731 4545 quidem
1765 4474 2058 4530 obfirmato
2077 4473 2243 4547 ἥδε

2350 4482 2456 4553 ptis
2489 4481 2946 4552 sermonilmsque
2976 4484 3245 4538 celebrari
3278 4484 3442 4555 digna
3472 4485 3606 4550 sint,
3646 4496 3741 4537 nec
3768 4481 3892 4534 trau-

665 4585 721 4637 in
757 4578 1041 4651 proposito
1077 4573 1494 4645 Magnesicnses
1525 4569 1851 4630 ulciscendi,
1882 4576 1942 4623 ut
1980 4583 2112 4624 suas
2141 4584 2241 4624 co-

665 4675 784 4747 pias
811 4672 877 4726 ad
911 4669 967 4725 id
1000 4666 1393 4724 insuilicientes
1441 4662 1817 4733 deprehensas
1847 4662 2003 4717 novis
2037 4661 2241 4718 Roma-

642 4754 856 4818 norum
886 4759 1193 4816 deieuibus
1217 4762 1463 4826 augeret,
1495 4755 1827 4823 omninoque
1860 4768 1967 4824 prie
1990 4769 2049 4809 se
2075 4753 2244 4811 ferret.

662 4874 744 4922 ει»,
798 4856 902 4910 nisi
948 4851 1125 4908 deleta
1176 4850 1267 4903 illa
1327 4849 1430 4902 sibi
1484 4847 1672 4902 rebelli
1727 4850 1883 4911 urbe,
1918 4832 2071 4905 'haud
2107 4849 2244 4903 velle

663 4953 869 5002 vivere.
912 4942 1118 4999 Verum
1170 4941 1279 4997 illis
1310 4955 1452 5009 quos
1501 4940 1613 4995 iilie
1673 4939 1780 4995 sub
1808 4942 1981 5012 signis
2008 4942 2243 4997 habebat

668 5040 879 5104 Alanis,
930 5036 1161 5091 subinde
1214 5032 1601 5104 reputantibus
1661 5034 1788 5102 quid
1847 5035 2030 5105 Cyzici
2094 5036 2241 5102 passi

665 5141 874 5197 essent,
907 5130 1133 5186 minime
1161 5126 1455 5197 placebunt
1490 5142 1612 5196 qua:
1644 5136 1776 5182 tunc
1810 5127 2023 5183 tierent.
2063 5127 2245 5195 Quare

666 5228 719 5282 lii
750 5233 909 5294 capto
935 5232 1178 5291 tempore
1214 5233 1409 5272 omnes
1442 5219 1629 5280 simul,
1666 5234 1899 5273 numero
1932 5220 2241 5289 quingenti,

667 5333 697 5373 a
726 5315 925 5372 castris
958 5313 1140 5383 magni
1170 5310 1328 5365 ducis
1362 5311 1577 5380 iniussu
1606 5311 1843 5375 abeunt;
1870 5322 1923 5365 et
1948 5313 2241 5380 desperata

667 5411 931 5468 facultate
966 5407 1275 5477 trajiciendi
1320 5406 1443 5461 freti
1480 5406 1542 5459 ait
1580 5403 1917 5475 Cailipuiim.
1947 5408 2140 5474 sicque
2185 5408 2241 5461 in

666 5516 797 5560 suas
840 5501 1084 5571 ipsorum
1121 5507 1297 5557 terras
1352 5495 1663 5563 recedendi,
1712 5498 1851 5566 vagi,
1906 5498 2241 5555 stationibus

664 5594 859 5649 crebro
887 5590 1186 5654 mutandis,
1240 5592 1349 5645 liuc
1385 5590 1623 5661 illucque
1659 5589 1999 5645 ferebantur.
2046 5592 2121 5645 Eo
2156 5592 2241 5646 in-

665 5696 816 5742 certo
868 5699 1035 5740 cursu
1086 5684 1277 5753 perlati
1344 5682 1412 5736 ad
1459 5682 1716 5736 viciniam
1768 5680 2036 5752 Pegarum
2088 5694 2241 5741 certo
2290 5690 2291 5693 “

665 5785 787 5841 loco
822 5785 975 5833 extra
1025 5774 1285 5848 oppidum
1346 5777 1701 5833 tabernacula
1764 5778 1951 5831 ﬁxere.
2002 5778 2116 5835 illic
2144 5796 2247 5836 eos

2347 4576 2531 4657 danda
2571 4576 2869 4644 posteritas
2938 4578 3017 4632 rei
3072 4577 3264 4631 notitia
3315 4578 3629 4635 utilissimae
3675 4574 3889 4643 cognita.

2346 4682 2509 4739 quam
2547 4668 2651 4722 nisi
2684 4669 2899 4723 audiret
2930 4682 3015 4723 me
3070 4678 3349 4732 narrante,
3392 4669 3718 4725 detrimento
3740 4663 3892 4719 aiiicc—

2346 4768 2498 4814 retur
2521 4759 2665 4811 haud
2692 4757 2933 4812 modico.
2969 4758 3171 4811 Eadem
3205 4775 3370 4828 porro
3401 4762 3739 4830 promulgata
3761 4761 3889 4809 certo

2345 4853 2749 4907 demonstrabit
2781 4858 3108 4920 argumento
3131 4850 3295 4923 453
3325 4854 3611 4924 invigilare
3637 4852 3788 4905 rebus
3811 4850 3890 4901 liu-

2348 4940 2528 4994 manis
2582 4941 2984 5009 providentiam
3042 4943 3305 5007 divinam,
3349 4960 3562 5013 nosque
3616 4941 3720 4997 Deo
3765 4951 3889 4994 curis

2345 5048 2490 5100 esse,
2542 5034 2801 5103 praesenti
2835 5038 2993 5105 quasi
3029 5036 3261 5105 pignore
3308 5037 3471 5092 ﬁdem
3511 5032 3892 5091 iaciet.Adolev

2345 5142 2509 5183 scens
2542 5128 2766 5197 quidam
2822 5127 3301 5199 Constantinopoli
3347 5131 3556 5186 surdus
3600 5129 3754 5182 annis
3799 5138 3887 5179 non

2345 5224 2535 5292 paucis
2569 5232 2624 5276 et
2660 5232 2844 5277 tnutus
2875 5222 3012 5287 luit;
3045 5238 3151 5292 qua
3179 5225 3293 5293 ipsa
3324 5225 3546 5280 miseria
3579 5226 3771 5278 victum
3797 5219 3886 5273 alia

2346 5313 2453 5368 sibi
2506 5314 2720 5368 ratione
2770 5326 2964 5382 parare
3001 5315 3335 5385 prohibitus,
3363 5316 3616 5372 mercede
3651 5310 3887 5368 famulans

2346 5406 2651 5468 victitabat,
2681 5406 2847 5474 idque
2876 5422 2983 5461 non
3036 5409 3178 5479 apud
3213 5426 3381 5465 unum
3429 5422 3751 5481 permanens
3773 5417 3886 5459 cou-

2346 5510 2578 5566 stanter,
2620 5499 2716 5554 sed
2770 5502 3003 5557 subinde
3052 5515 3274 5561 mutans
3313 5506 3593 5562 dominos.
3618 5500 3825 5559 Locarit
3848 5496 3886 5551 is

2347 5593 2492 5649 inter
2549 5594 2689 5647 alios
2754 5608 2982 5663 operam
3043 5596 3263 5651 cuidam
3339 5598 3619 5671 Pegunitie
3671 5595 3881 5654 nomine.

2345 5684 2593 5751 proxime
2631 5684 2991 5753 conspicuum
3038 5690 3299 5756 templum
3334 5690 3425 5745 Dei
3455 5705 3753 5761 praeconum
3776 5698 3884 5753 apo-

2345 5776 2614 5832 stolorum
2648 5777 2938 5837 habitanti.
2964 5780 3119 5851 Apud
3153 5783 3297 5839 hunc
3335 5793 3491 5839 muto
3528 5786 3881 5852 iuvenidiver-
