4004 6228
48 50 265 170 1.

157 357 240 418 497

1033 361 1134 422 DE
1170 359 1609 423 ANDRUNILO
1649 360 2110 425 PALIEOLOGO
2149 362 2298 426 LIB.
2338 363 2412 426 V.

3251 347 3360 424 £98

141 471 280 531 πάθος
315 485 410 524 και
462 470 627 525 αὑτὸν
662 473 769 526 τῶν
801 475 936 546 πρὸς
976 475 1039 528 τὸ
1074 477 1174 549 ζῇν
1214 476 1525 548 ἀποροῦντα
1577 476 1675 547 θη·
1702 476 1750 538 Α
1780 480 1876 533 καὶ
1908 480 2133 545 είκαίως
2191 475 2346 545 οὗτος
2401 478 2585 534 ἐπόνει
2640 475 2737 531 καὶ
2783 474 3155 547 ἐδυσχέραινε.
3205 457 3363 532 Μετὰ

132 561 275 623 velut:
307 563 502 627 ἐδίδου,
557 565 627 618 δι’
657 559 734 619 ὧν
766 567 1136 638 ἐπολυωρεῖτο
1178 571 1300 632 τοῖς
1326 569 1666 638 ἀναγκαίοις.

125 655 212 708 κᾶν
242 654 312 724 μὴ
347 653 576 726 μόνιμος
614 651 683 730 ἦν
713 657 814 729 τὴν
845 660 934 728 ἐφ’
993 661 1074 716 ἐνὶ
1120 660 1359 734 δεσπότῃ
1417 660 1666 729 θητείαν,

127 747 236 804 ἀλλὰ
279 749 401 812 τοὺς
434 749 706 815 δεσπότας
748 752 1054 808 ἀλλάττων.
1106 753 1341 824 Θητεύει
1362 753 1494 823 γοῦν
1529 753 1670 824 πρὸς

127 847 214 905 τοῖς
237 842 439 909 λοιποῖς
490 845 584 898 καί
615 863 722 900 τινι
751 848 1047 920 Πηγωνίτῃ
1089 847 1352 917 τοῦνομα,
1379 846 1475 902 τοῦ
1504 863 1668 918 περι-

123 936 294 1004 φανοῦς
319 953 420 990 που
469 939 578 992 νεὼ
607 941 716 994 τῶν
756 939 1111 1012 θεοκηρύκων
1155 943 1386 1011 ἔγγιστα
1425 941 1670 1010 καταμέο

121 1045 257 1082 νοντι.
308 1031 497 1102 Τούτῳ
557 1034 680 1086 κατ’
735 1033 870 1104 ὄναρ
909 1037 942 1106 ἠ
989 1036 1201 1106 μάρτυς
1243 1036 1534 1105 ἐφίσταται
1574 1033 1688 1088 καὶ

119 1123 381 1192 παρθένος,
420 1127 520 1178 καὶ
567 1126 668 1196 τὴν
715 1128 854 1196 πρὸς
912 1128 1004 1182 τὸν
1033 1146 1170 1181 νεων
1205 1128 1423 1190 πάντως
1453 1127 1670 1196 ἐκείνης

119 1217 199 1269 σὺν
220 1217 366 1287 κηρῷ
392 1233 456 1270 τε
485 1220 584 1274 καὶ
614 1218 926 1291 θυμιάματι
962 1221 1331 1292 παραγγέλλει
1360 1220 1566 1289 ἄφιξιν.
1611 1219 1670 1272 '0

118 1309 153 1362 δ’
172 1308 455 1380 ἐγείρεται,
481 1313 575 1367 καὶ
598 1312 839 1384 σχήματι
877 1313 1026 1384 μόνῳ
1071 1312 1434 1385 προσῃτηκὼς
1469 1313 1540 1367 τὰ
1569 1314 1672 1379 αγ-

121 1399 366 1465 γελθέντα,
384 1401 483 1454 καὶ
507 1401 687 1455 λαϐὼν
714 1401 1002 1468 ξυνιέντων
1023 1404 1131 1458 τῶν
1150 1395 1481 1468 ἀκουόντων,
1502 1419 1671 1473 προσ-

119 1487 274 1564 τρέχει
298 1493 377 1565 τῷ
407 1495 526 1567 ναῷ
559 1496 657 1550 καὶ
684 1497 772 1566 ἐφ’
799 1495 972 1567 ίκανῷ
999 1498 1312 1563 ποτνιᾶται,
1339 1496 1434 1549 καὶ
1462 1496 1540 1566 τῷ
1571 1494 1672 1564 τῆς

119 1586 420 1654 φωταγωγοῦ
449 1587 623 1658 ἐλαίῳ
656 1588 930 1659 χρισθεὶς,
967 1587 1151 1644 πεσὼν
1200 1588 1309 1641 ὑπὸ
1332 1586 1502 1651 πόδας
1529 1583 1676 1642 κατά

117 1679 164 1729 τὸ
181 1676 396 1749 σύνηθες
449 1680 643 1750 ίκέτης
675 1683 742 1752 τῇ
783 1682 1025 1752 μάρτυρι
1055 1681 1289 1750 γίνεται.
1338 1678 1674 1745 Ἐπαναζευ-

1774 573 1979 645 πολλὴν
2036 575 2094 627 δέ
2143 576 2338 644 πεῖραν
2389 571 2482 627 τοῦ
2527 571 2698 642 πυρὸς
2754 569 2920 642 μηδὲν
2966 569 3360 638 ὑπακούοντος,
3418 610 3421 614 ι

1778 665 2090 737 μετεϐλήθη
2117 661 2403 735 σεδ-ἆσθμα
2444 666 2526 727 είς
2564 663 2757 731 λόγους
2786 664 2880 716 καὶ
2915 663 3104 732 φωνὴν
3152 655 3358 733 ἐκρήσ·

1776 775 1860 812 σει
1881 775 1894 790 ·
1918 761 2124 830 ἀρᾶται
2147 759 2256 828 γὰρ
2285 761 2352 829 τῇ
2381 757 2560 834 ἐστίᾳ,
2582 756 2785 826 ἀρᾶται
2812 755 2885 826 μή
2920 770 3050 808 ποτε
3081 753 3360 822 ύπανάψαι

1776 851 1912 923 μηδέ
1943 851 2118 922 φλόγα
2145 852 2206 904 τὸ
2231 851 2452 906 σύνολον
2481 851 2729 920 ποιῆσαι,
2763 848 2906 920 μέγα
2939 848 3076 918 βοῶν
3101 851 3165 901 ἐκ
3191 846 3361 918 βαρύ-

1772 962 1957 1015 τητος.
2024 947 2089 998 Ὃ
2136 944 2225 1016 δὴ,
2275 944 2353 1009 ὼς
2410 945 2577 1009 εἰκὸς,
2611 943 2738 1006 τοὺς
2774 943 2868 994 ἐπί
2898 942 2998 1012 τῆς
3047 942 3227 1004 οίκίας
3258 941 3360 995 οὐκ

1773 1038 1988 1092 ἔλαθεν.
2021 1039 2212 1108 Ὅμως
2262 1036 2305 1091 δ’
2335 1037 2678 1100 ἀκούσαντες
2721 1035 3136 1105 ἐξεπλήττοντο,
3172 1033 3359 1104 σφίσιν

1774 1132 1990 1195 ἑαυτοῖς
2020 1119 2460 1194 διαπιστοῦντες,
2498 1129 2589 1182 καὶ
2614 1129 2760 1182 δυοῖν
2786 1128 2921 1200 ⁴ίδγού
2931 1143 3084 1198 μενοι
3107 1123 3360 1194 θάτερον,

1774 1223 1807 1294 ἦ
1842 1224 1903 1278 es
1934 1207 2180 1295 πῦρτὴν
2213 1221 2397 1294 φωνὴν
2431 1223 2641 1275 ἀνεῖναι
2673 1220 2704 1290 ἢ
2745 1217 2852 1290 μὴν
2884 1217 2976 1273 τὸν
3005 1218 3143 1280 τέως
3175 1219 3361 1285 κωφὸν

1774 1316 1866 1369 καὶ
1889 1315 1946 1369 δν
1975 1314 2076 1369 οὐκ
2108 1314 2308 1388 ᾔδεσαν
2337 1313 2521 1387 φωνήν
2574 1331 2704 1368 ποτε
2740 1314 3090 1384 προϊέμενον.
3160 1310 3252 1374 Ὠς
3304 1309 3360 1362 δέ

1774 1406 2062 1478 πόρῤωθεν
2101 1405 2408 1475 φωνοῦντες
2439 1405 2724 1476 ἀνέκρινον
2784 1403 2930 1467 τίνος
2963 1402 2996 1474 ἡ
3027 1400 3179 1470 φωνὴ
3216 1397 3357 1470 αῦτη

1774 1499 1870 1553 καὶ
1892 1499 1962 1554 τὰ
1991 1495 2327 1565 λαλούμενα,
2360 1499 2388 1552 ὁ
2422 1498 2602 1564 κωφὸς
2628 1495 2843 1559 ἀκούει,
2869 1495 2968 1548 καὶ
2993 1494 3121 1564 περὶ
3163 1491 3360 1545 ἑαυτοῦ

1780 1592 2071 1663 μαρτυρεῖ,
2119 1589 2197 1653 ὡς
2246 1589 2411 1653 αὐτὸς
2443 1589 2682 1652 ἀκούσας
2737 1585 3164 1657 ἀνακρινόντων,
3195 1582 3358 1645 αὐτὸς

1772 1677 1844 1752 ἦν
1863 1683 1958 1736 καὶ
1986 1683 2015 1735 ὁ
2045 1680 2121 1754 τῷ
2149 1681 2282 1752 πυρὶ
2332 1681 2448 1753 ἰδίῳ
2489 1678 2912 1751 ἐπαρασάμενος
2955 1676 3207 1744 στόματι.
3253 1674 3364 1728 Καὶ

117 1771 224 1837 γνῦς
238 1771 292 1826 δ’
327 1773 545 1842 ἐκεῖθεν
575 1773 722 1841 ἔδοξε
763 1774 824 1827 τδ
850 1769 946 1838 οὖς
976 1773 1335 1845 ἐνοχλεῖσθαι.
1400 1772 1671 1836 Πολλάκις
1705 1822 1745 1846 η
1776 1772 1938 1839 εὐθὺς
1976 1775 2300 1838 ἐπιστάντες
2320 1775 2382 1831 τὸ
2413 1773 2838 1846 φρικτὸννέκείνο
2865 1772 3030 1842 τέρας
3061 1768 3359 1823 κατανοοῦ-

118 1864 161 1918 δέ
189 1866 468 1935 κνωμένου
494 1865 574 1936 τῷ
602 1866 810 1939 λιχανῷ
838 1866 1094 1921 ἐκπίπτει
1123 1865 1334 1921 ἐκεῖθεν
1356 1865 1576 1928 αὐτίκα,
1595 1866 1671 1928 ὡς

121 1959 283 2018 ἐδόκει,
307 1958 556 2027 ζωΰφιον
587 1959 830 2030 ἔμπνουν
855 1977 914 2014 τε
942 1960 1039 2015 καὶ
1070 1959 1400 2030 ὑπόπτερον,
1434 1959 1462 2012 δ
1490 1959 1556 2030 δὴ
1578 1957 1672 2014 καὶ

121 2051 378 2121 ἐφειμένου
422 2050 482 2107 ἐν
506 2050 749 2120 θαύματι
775 2050 872 2104 καὶ
899 2051 1038 2122 πρὸς
1066 2051 1283 2121 ἄμυναν
1329 2051 1502 2116 ίόντος
1534 2052 1675 2119 ἀφα-

124 2143 187 2206 νὶς
211 2143 560 2213 παραχρῆμα
594 2143 826 2211 γίνεται.
866 2143 1058 2210 Ἔδοξε
1107 2141 1152 2198 δ’
1196 2143 1346 2211 ὅμως
1390 2142 1578 2213 ῥαῖσαι
1613 2140 1676 2197 τὸ

127 2235 408 2305 ίμφωλεῦον
460 2237 550 2309 [Ρ.
589 2234 718 2307 3H]
754 2235 950 2299 ἄλλως,
1011 2236 1109 2291 καὶ
1143 2237 1202 2288 ἐν
1258 2236 1524 2306 χρησταῖς
1554 2234 1675 2295 ταῖς

128 2330 298 2383 ἐλπίσιν
331 2325 425 2402 ἧν.
476 2328 621 2382 Ἀλλ’
655 2329 943 2397 ἐφίσταται
991 2331 1057 2398 τῇ
1089 2327 1240 2398 οἰκίᾳ
1282 2329 1484 2396 ὁμοίως
1535 2328 1677 2396 έχων

134 2421 194 2472 ul.
214 2419 368 2485 αὖθις
407 2418 509 2474 τοῦ
544 2420 772 2482 πάθους.
830 2419 894 2473 Oi
945 2419 1046 2490 μὲν
1074 2419 1150 2482 ὡς
1181 2420 1241 2472 τὸ
1268 2421 1440 2473 πάλαι
1469 2420 1530 2473 τὸ
1563 2419 1676 2489 πῦρ

139 2508 325 2567 διένευον
349 2511 723 2574 ύπανάπτειν,
753 2512 1012 2583 φέροντες
1038 2511 1267 2581 ἄλευρα,
1286 2510 1314 2562 ό
1346 2510 1389 2563 δ’
1421 2510 1677 2579 ἐμπεσὼν

131 2603 270 2669 trioa
291 2604 522 2672 λιγέως.
555 2605 698 2658 Ἀλλ’
727 2604 854 2659 οὔτε
885 2603 1018 2673 φλὸξ
1038 2599 1184 2676 ὦρτο
1200 2603 1325 2657 abre
1355 2605 1465 2673 πῦρ
1493 2606 1680 2657 θεσπι-

127 2695 377 2770 δαὲςῐαχε,
410 2697 560 2754 κατὰ
585 2698 830 2772 ποίησιν,
853 2698 1013 2770 μόνος
1035 2698 1080 2752 δ’
1112 2696 1419 2768 ὑπετύφετο
1449 2696 1702 2764 καπνὸς,ο

128 2876 242 2932 santi
273 2884 467 2933 sancta
504 2885 715 2951 martyr
745 2889 802 2936 et
829 2880 980 2952 virgo
1031 2895 1130 2952 per
1145 2896 1408 2936 somnum
1437 2897 1680 2954 superne

127 2966 365 3041 apparens
389 2989 453 3030 se
477 2973 704 3040 obtulit,
729 2989 966 3044 eumque
989 2976 1215 3032 omnino
1236 2977 1408 3047 jussit
1429 2977 1496 3033 ad
1520 2994 1678 3034 suam

127 3061 272 3128 ipsius
295 3077 522 3120 sacram
556 3063 726 3119 aedem
751 3079 876 3120 cum
906 3080 1034 3122 cera
1063 3076 1117 3122 et
1154 3069 1517 3139 thytniamate
1547 3084 1681 3139 pro-

1777 1886 1884 1932 σιν,
1913 1869 2006 1922 τὸν
2039 1868 2198 1936 λόγον
2227 1884 2286 1920 τε
2325 1865 2673 1930 διεκδιδοῦσι,
2717 1867 2812 1920 καὶ
2845 1867 3014 1920 πᾶσιν
3051 1865 3364 1918 ἀνάπυστον

1775 1963 1837 2016 τὸ
1874 1961 2121 2033 πραχθὲν
2155 1961 2395 2030 γίνεται.
2433 1955 2564 2015 Εἶτα
2589 1960 2683 2012 καὶ
2734 1957 2872 2030 πρὸς
2906 1957 3132 2028 βασιλέα
3170 1955 3364 2026 φθάνει

1775 2054 1838 2108 τὸ
1863 2053 2077 2124 θαῦμα,
2100 2054 2196 2108 καὶ
2220 2052 2450 2124 φέρουσι
2478 2050 2610 2124 παρ’
2641 2050 2803 2105 αὐτὸν
2831 2049 3074 2122 ὁρισθὲν,
3097 2047 3366 2119 παρόντος

1778 2145 1874 2200 καὶ
1926 2144 2289 2217 πατριάρχου,
2347 2144 2440 2198 τόν
2471 2159 2605 2197 ποτε
2634 2141 2822 2213 κωφὸν
2874 2142 2970 2196 καὶ
2998 2141 3172 2207 ἐνεὸν,
3199 2139 3258 2202 ὃς
3297 2137 3365 2209 δὴ

1778 2240 1878 2292 καὶ
1901 2238 2259 2309 ἐρωτώμενος
2288 2236 2465 2308 ἀρχῆς
2488 2235 2584 2289 ἀπ’
2603 2234 2780 2306 ἄκρης
2805 2234 2868 2288 τδ
2893 2234 3004 2286 πᾶν
3023 2230 3363 2301 ἐξαγγέλλει,

1778 2330 1940 2392 αὐτὸς
1970 2330 2156 2399 οἰκείῳ
2206 2328 2438 2399 στόματι
2484 2325 2868 2396 διηγούμενος.
2919 2322 3106 2376 Ταῦτα
3132 2321 3239 2394 ἄρα
3268 2319 3367 2374 καὶ

1782 2422 1950 2492 μηδὲν
1989 2421 2275 2493 κρίναντος
2322 2421 2532 2474 δίκαιον
2563 2418 2660 2472 τοῦ
2697 2415 3027 2489 κρατοῦντος
3059 2417 3186 2488 σιγῇ
3223 2431 3368 2487 παρ-

1779 2515 1957 2569 ελθεῖν
2003 2514 2064 2567 τὸ
2092 2514 2303 2584 δρᾶμα,
2360 2513 2635 2584 πάννυχος
2689 2512 2748 2580 ἐξ
2789 2511 2960 2583 αὐτῆς
2996 2511 3266 2580 παννυχὶς
3296 2509 3367 2581 τῇ

1783 2607 2023 2678 μάρτυρι
2049 2605 2446 2675 διαγγέλλεται,
2485 2607 2622 2676 μηδέ
2659 2605 2829 2660 αὐτοῦ
2861 2603 3129 2674 βασιλέως
3154 2600 3369 2656 ἐκεῖθεν

1780 2699 2080 2765 λείποντος.
2117 2700 2336 2756 Μᾶλλον
2373 2701 2470 2772 μὲν
2504 2693 2600 2755 οὗν
2631 2699 2727 2754 καὶ
2759 2699 2853 2752 ἐπὶ
2901 2698 3063 2751 πλέον
3105 2689 3264 2759 οὗτος
3305 2692 3368 2749 τδ

1777 2881 1999 2953 juvenis
2026 2881 2379 2938 contumacia
2411 2880 2556 2946 ignis
2587 2879 2652 2933 ad
2679 2887 2788 2933 tam
2817 2876 3014 2931 crebro
3041 2873 3370 2943 intenseque

1781 2975 1995 3032 adlatos
2048 2988 2309 3031 susurros
2366 2972 2716 3044 persistentis
2769 2967 2949 3026 surdi.
3004 2964 3262 3036 spiritum
3311 2963 3369 3018 in

1780 3069 1952 3126 verba
1990 3075 2191 3134 mutat,
2215 3067 2570 3137 erumpitque
2601 3078 2764 3121 voces
2790 3061 3013 3134 penitus
3039 3063 3364 3128 conceptam

127 3153 288 3212 δεῖδεῖ.
340 3157 729 3226 Experreetus
763 3157 856 3215 ille
900 3169 1036 3214 nutu
1068 3167 1122 3215 et
1155 3171 1337 3233 gestu,
1377 3173 1544 3233 prout
1583 3177 1681 3232 ρο·
1707 3163 1751 3224 C
1783 3159 1920 3220 iram
1968 3165 2174 3222 usitata
2224 3163 2572 3220 declarantes
2639 3157 3042 3226 indignantium
3105 3154 3367 3212 formula.

126 3249 227 3313 tuit,
274 3252 458 3306 visum
515 3251 775 3321 exposuit
823 3253 1163 3322 domesticis,
1197 3257 1272 3310 ita
1319 3266 1379 3311 ut
1419 3257 1555 3314 satis
1602 3258 1681 3314 illi

129 3342 487 3412 perciperent;
553 3360 726 3413 quare
776 3348 845 3403 ab
903 3346 972 3402 iis
1015 3349 1256 3419 acceptis
1309 3365 1433 3419 qua:
1490 3360 1682 3406 sancta

128 3434 254 3504 virgo
291 3436 479 3492 atferri
519 3437 825 3501 mandarat,
881 3451 1006 3493 cum
1046 3439 1132 3496 his
1167 3440 1413 3496 accurrit
1443 3441 1507 3495 ad
1540 3450 1682 3499 tem-

129 3527 271 3591 plum,
306 3530 537 3600 illicque
560 3538 645 3584 sat
673 3531 838 3601 longo
873 3541 1165 3589 veneratus
1199 3533 1384 3588 divam
1415 3534 1597 3604 spatio
1628 3543 1685 3592 et

128 3621 229 3673 oleo
257 3621 533 3693 lampadis
561 3622 848 3686 inunctus,
881 3625 1170 3693 procidens
1195 3627 1298 3682 sub
1327 3627 1497 3699 pedes
1523 3628 1682 3699 juxta

129 3726 329 3783 morem,
368 3709 599 3789 supplex
634 3719 862 3788 martyri
902 3719 982 3773 fit.
1007 3718 1138 3776 inde
1163 3723 1454 3778 revertenti
1493 3724 1683 3780 nescio

128 3809 234 3876 quid
266 3813 495 3866 moleste
521 3812 803 3879 pruriebat
833 3813 883 3866 in
906 3814 1060 3868 auris
1091 3814 1308 3870 intimo.
1339 3814 1526 3882 Quare
1553 3833 1682 3873 cum

129 3900 331 3956 subinde
356 3903 491 3957 illuc
517 3902 765 3959 immisso
791 3902 974 3958 indice
1002 3917 1108 3957 non
1139 3915 1383 3974 parceret
1411 3907 1678 3977 scalpere,

129 4006 238 4047 ecce
286 3995 408 4050 inde
456 3995 904 4066 inopinatissime
952 3995 1156 4052 decidit
1193 3999 1366 4053 forma
1429 4003 1680 4071 quaedam

131 4083 321 4150 insecti,
352 4087 486 4151 vivi,
526 4094 585 4140 ut
623 4087 945 4160 apparebat,
982 4098 1038 4143 et
1074 4089 1178 4146 alis
1216 4091 1497 4148 instructi.
1524 4096 1680 4162 Quod

131 4189 233 4234 cum
268 4179 354 4234 ille
392 4181 683 4235 admirans
728 4189 1131 4237 contrectasset
1175 4183 1392 4254 cupide,
1435 4201 1501 4241 ac
1557 4203 1682 4243 mox

135 4268 395 4343 indulgens
446 4273 688 4328 naturali
725 4273 850 4328 odio
906 4291 1021 4348 quo
1069 4275 1298 4330 ferimur
1355 4278 1408 4331 in
1459 4277 1680 4343 infesta,

135 4361 300 4417 ulcisci
338 4364 566 4418 noxiam
613 4362 909 4419 bestiolam
941 4365 1200 4432 elidendo
1256 4372 1493 4436 pararet,
1526 4367 1680 4432 illud,

1787 3257 2064 3313 Maledicit
2120 3257 2271 3313 enim
2335 3256 2479 3322 foco,
2514 3264 2568 3310 ct
2604 3268 2804 3324 magno
2843 3266 2909 3306 ex
2936 3249 3168 3305 allectus
3201 3247 3367 3302 vehe-

1785 3349 1993 3405 mentia
2039 3350 2302 3416 clamore,
2345 3366 2366 3400 ι
2418 3347 2709 3418 Nunquam
2764 3361 2828 3401 ex
2892 3353 2946 3399 te
2999 3341 3178 3415 possit
3230 3337 3368 3396 oriri

1783 3443 2024 3513 ﬂamma,
2055 3462 2072 3496 ι
2098 3457 2299 3499 sonore
2323 3440 2660 3514 pronuntiat.
2696 3438 3110 3514 Exauditaﬂcum
3144 3446 3372 3504 stupore

1787 3535 1992 3606 ingenti
2008 3508 2050 3590 ⁷ο
2086 3508 2410 3591 domesticis
2433 3530 2760 3589 vociferatio
2783 3539 2889 3585 est.
2910 3508 3090 3600 Mque
3118 3527 3154 3581 ii
3193 3525 3370 3597 primo

1785 3627 1872 3684 vix
1910 3628 2198 3684 credentes
2238 3625 2468 3681 auribus
2518 3625 2750 3680 alterum
2788 3623 3024 3678 duorum
3061 3620 3371 3676 admitten-

1785 3722 1918 3777 dum
1953 3719 2267 3776 necessario
2312 3717 2597 3785 videbant,
2647 3727 2702 3771 ut
2756 3725 2849 3770 aut
2888 3716 2954 3769 ab
3004 3715 3126 3783 igne
3157 3720 3370 3782 prolata

1785 3828 1949 3887 quam
1981 3812 2273 3869 audierant
2304 3826 2402 3866 vox
2430 3819 2598 3872 esset,
2627 3819 2723 3863 aut
2749 3809 2818 3862 ab
2841 3823 2913 3862 eo
2947 3803 3236 3860 articulata
3275 3803 3373 3856 ho-

1787 3907 1934 3962 mine
1966 3921 2127 3972 quem
2173 3905 2275 3975 ipsi
2323 3914 2533 3958 mutum
2566 3900 2886 3956 certissimo
2924 3905 3193 3952 hactenus
3241 3909 3372 3949 nos-

1787 3998 2103 4066 sent..Ergo
2131 3996 2320 4065 procul
2346 3997 2678 4050 inclamant:
2709 4013 2726 4043 ι
2751 3990 2924 4060 Cujus
2957 3991 3074 4045 haec
3107 4003 3210 4042 vox
3239 3997 3325 4040 est
3347 3986 3372 4037 τ

1785 4091 1910 4163 quis
1944 4090 2048 4145 ista
2083 4087 2361 4160 loquitur?
2387 4107 2402 4137 ι
2426 4086 2586 4140 Tunc
2608 4099 2736 4138 vero
2772 4083 2864 4153 qui
2900 4093 3085 4135 mutus
3121 4094 3245 4133 esse
3271 4077 3370 4131 de-

1785 4185 1980 4246 sierat,
2015 4182 2178 4237 etiam
2214 4197 2271 4235 se
2306 4194 2416 4234 non
2477 4177 2711 4248 amplius
2747 4175 2978 4231 surdum
3039 4189 3162 4227 esse
3192 4171 3372 4224 decla-

1787 4279 1970 4333 ravit:
2019 4276 2222 4330 auditis
2259 4275 2406 4329 enim
2455 4289 2575 4342 qua:
2630 4288 2697 4328 ex
2754 4269 3048 4326 intervallo
3105 4266 3371 4321 inclama-

1786 4375 2008 4438 bantur,
2036 4380 2158 4440 apte
2185 4368 2716 4438 intelligibiliterque
2747 4365 2997 4436 reposuit
3019 4362 3274 4417 eumdem
3307 4372 3369 4413 se

136 4455 371 4565 ξξυίάίίηίά
414 4466 556 4523 erat,
605 4457 901 4514 θοηῖθὸιῖιη
939 4473 1004 4514 εἰ
1036 4459 1216 4514 οωιὶε
1246 4466 1490 4514 θνδηυῐιο
1523 4458 1683 4514 3013-
1719 4469 1881 4565 uni
1937 4466 2132 4520 auditu
2189 4463 2528 4533 percepisset
2573 4476 2693 4530 qua:
2746 4459 2968 4511 fuerant
3016 4455 3118 4524 ipsi
3172 4451 3367 4518 locuti,

137 4548 198 4602 tio
231 4560 408 4606 tamen
463 4552 568 4610 fuit
600 4553 745 4623 quod
786 4553 1134 4608 incommoda
1188 4554 1432 4623 prurigo,
1487 4569 1592 4622 qua
1632 4554 1695 4608 in‘

138 4643 468 4706 penitissimis
522 4645 783 4700 auricula:
813 4646 1066 4702 cavernis
1100 4647 1412 4714 importune
1448 4655 1685 4716 punctus

140 4735 275 4798 paulo
302 4735 451 4804 prius
489 4735 689 4800 fuerat,
721 4738 804 4792 vel
861 4739 1024 4808 plane
1075 4738 1349 4794 resedisse
1381 4738 1458 4792 vel
1487 4739 1686 4794 remis-

141 4822 233 4878 sius
267 4826 569 4897 inquietare
635 4831 946 4886 videbatur.
996 4830 1114 4897 Qua
1157 4833 1503 4900 experientia
1562 4833 1684 4902 ejus

142 4918 328 4974 animus
358 4921 596 4988 quodam
632 4931 866 4976 eventus
893 4922 1160 4977 felicioris
1191 4924 1426 4993 augurio
1453 4923 1505 4976 in
1533 4939 1684 4993 spem

146 5009 286 5070 plenae
317 5013 620 5067 curationis
645 5013 1011 5068 excitabatur.
1059 5015 1115 5068 in
1165 5013 1268 5068 hoc
1297 5015 1533 5085 gaudio;
1558 5031 1680 5070 sura

146 5102 227 5158 dus
281 5115 453 5162 tamen
508 5118 566 5162 ut
624 5107 797 5178 prius,
855 5110 1138 5180 ingressus
1175 5111 1403 5165 herilem
1461 5112 1683 5164 domum

147 5191 281 5268 854
307 5201 628 5256 admonetur
659 5201 862 5273 quibus
892 5203 1104 5258 solebat
1145 5202 1320 5271 signis
1349 5217 1377 5255 a
1427 5202 1687 5270 familiari

151 5287 417 5346 ministerio
453 5293 747 5362 prafectis,
813 5303 872 5348 ut
931 5293 1111 5362 ignem
1169 5295 1497 5348 accenderet
1558 5295 1684 5363 pani

153 5385 427 5450 coquendo:
461 5387 567 5452 jam
599 5389 746 5443 enim
773 5403 802 5441 a
837 5388 1043 5458 pistore
1075 5387 1310 5442 farinam
1345 5388 1525 5442 afferri
1560 5403 1685 5442 mox

155 5468 197 5523 in
237 5489 456 5533 massam
505 5480 889 5550 subigendam.
955 5481 1048 5536 Ille
1101 5483 1166 5536 ad
1204 5481 1384 5536 focum
1425 5481 1687 5536 advolans

158 5572 342 5626 parendi
364 5573 561 5639 studio,
591 5574 783 5644 pruni's
815 5574 1127 5629 insulilabat
1169 5575 1423 5630 stridule.
1457 5575 1562 5628 Sed
1588 5589 1689 5629 nec

157 5653 338 5716 ﬂamma
356 5667 536 5731 micat,
563 5668 842 5736 crepitans
865 5684 1042 5738 neque
1067 5668 1307 5740 fulgurat
1335 5669 1497 5740 ignis,
1527 5669 1685 5739 juxta

164 5754 358 5820 Pocsiru,
391 5759 538 5816 solus
586 5775 645 5814 se
679 5760 852 5814 densa
889 5763 1158 5830 glomerat
1187 5763 1423 5831 caligine
1469 5761 1680 5819 fumus.

172 5834 282 5894 Dum
315 5845 454 5904 labor
487 5852 567 5907 sic
600 5850 655 5906 in
687 5839 913 5924 longum
941 5854 1129 5910 irritus
1155 5856 1412 5923 trahitur,
1441 5853 1685 5911 oll‘cnsus

1789 4562 2067 4607 auctorem
2118 4567 2339 4622 quoque
2373 4550 2526 4604 vocis
2583 4565 2706 4603 csse
2759 4547 2917 4617 cujus
2978 4554 3105 4598 ante
3168 4556 3366 4597 sonum

1791 4654 2100 4709 senserant,
2137 4661 2245 4714 qua
2278 4644 2562 4707 nimirum,
2600 4643 2693 4697 ine
2723 4639 3060 4710 impatientis
3085 4647 3242 4698 testu.
3269 4649 3366 4689 ore

1790 4754 1853 4795 ac
1883 4739 2066 4809 lingua
2107 4739 2345 4809 prepriis
2393 4736 2516 4792 foco
2554 4735 2958 4792 maledixisset.
3021 4731 3169 4786 Illico
3199 4729 3368 4800 igitur

1790 4834 2040 4887 certatim
2078 4847 2270 4886 omnes
2299 4838 2656 4886 accurrentes
2689 4826 3066 4897 prodigiosum
3104 4822 3236 4877 illud
3266 4821 3371 4876 ml-

1791 4927 2035 4982 raeulum
2091 4925 2456 4994 prt(!S(‘llliDUS
2515 4921 2816 4992 subjiciunt
2849 4918 3132 4983 sensibus,
3165 4930 3228 4970 ac
3271 4930 3368 4986 per

1790 5019 2040 5072 viciniam
2079 5018 2378 5084 urbemque
2421 5013 2704 5068 didm-unt.
2757 5009 2912 5065 Unde
2953 5018 3234 5062 momento
3281 5021 3368 5060 res

1791 5113 2006 5183 vulgata
2038 5112 2106 5163 ad
2150 5109 2506 5176 imperatoris
2544 5122 2765 5177 quoque
2805 5104 3056 5159 notitiam
3099 5102 3367 5172 pervenit.

1791 5205 1869 5259 Ad
1906 5206 2067 5265 hunc,
2098 5206 2178 5256 sic
2201 5202 2386 5257 statim
2413 5201 2528 5254 ﬁeri
2561 5199 2875 5270 jubentem,
2904 5205 3172 5267 praesente
3198 5193 3365 5248 etiam

1791 5298 2127 5367 patriarcha,
2181 5296 2402 5350 ducitur
2435 5295 2529 5365 qui
2564 5291 2760 5348 surdus
2814 5299 2868 5344 et
2928 5298 3110 5342 mutus
3169 5287 3365 5342 fuerat.

1792 5392 1954 5460 isque
1988 5390 2358 5460 interrogatus
2406 5405 2434 5442 a
2490 5387 2669 5456 primo
2726 5381 2888 5455 [.55
2924 5380 3194 5452 principio
3249 5395 3367 5434 rem

1794 5495 1987 5548 totam,
2039 5484 2112 5537 uti
2149 5483 2480 5551 contigerat,
2534 5495 2629 5535 ore
2665 5481 2888 5549 proprio
2923 5477 3192 5529 narravit.
3231 5472 3367 5528 Tam

1793 5576 2093 5630 mirabilem
2119 5582 2373 5630 eventum
2397 5573 2816 5641 haudquaquam
2842 5572 3122 5640 Angustus
3147 5582 3364 5634 mquum

1791 5685 2021 5724 censeas
2056 5668 2276 5723 silentio
2307 5668 2501 5736 premi,
2536 5667 2646 5736 agit
2678 5666 2864 5719 statim
2902 5679 3022 5717 cum
3055 5663 3366 5732 patriarcha

1795 5773 1853 5817 ut
1888 5762 2228 5832 pervigilium
2261 5761 2441 5815 noctis
2471 5760 2660 5815 solida:
2716 5758 2937 5829 hymnis
2969 5765 3022 5811 et
3063 5756 3364 5827 gratiarum

1796 5853 2106 5911 actionibus
2135 5854 2276 5924 apud
2308 5852 2568 5924 templum
2601 5862 2804 5910 sanctae
2830 5848 3087 5920 Virginis,
3116 5846 3360 5901 miraculi
