3996 6230
681 232 787 335 sua

1871 279 2194 342 GEORGII
2236 279 2717 348 PACHYMERE

3800 298 3891 364 5Ἳᾷ

682 387 889 456 στήσας
927 387 1018 440 ἐπὶ
1039 387 1219 458 τρισὶν
1248 387 1393 444 ἔτεσι
1423 389 1490 445 τὰ
1522 392 1689 446 αὐτοῦ
1724 395 2044 465 συνθήματὰ
2077 415 2134 450 τε
2165 396 2257 450 καὶ
2287 397 2333 451 Δ
2362 399 2628 467 ποταμῶν
2704 401 3000 472 μεσόγαιον
3053 403 3159 459 ἀνὰ
3237 405 3535 478 Σάγγαριν,
3589 411 3894 475 Maeoniam

682 477 893 546 νόμιμα
949 477 1399 550 ἀπαρεγχείρητα
1463 483 1644 551 μένειν
1693 486 1914 550 ἐντολὰς
1969 488 2139 540 ἐδίδου
2197 488 2259 542 τὸ

683 566 927 632 ἐπιταδε,
978 565 1095 622 εἶτα
1147 571 1258 641 ἄρα
1291 573 1383 625 καὶ
1425 572 1597 638 δόξειε
1656 576 1902 643 γίνεσθαι
1932 579 2254 649 παρηγγύα.

681 657 844 712 Τοῦτ’
874 659 1181 715 ἀνάπυστον
1207 665 1448 732 γεγονὸς,
1503 667 1626 720 ἐπεὶ
1656 669 1749 723 καὶ
1778 671 1921 724 κατὰ
1956 673 2054 732 τὰς
2080 673 2258 745 ἄκρας

682 752 741 803 ai
769 756 979 820 γραφαὶ
1008 754 1322 824 διεδόθησαν
1346 758 1442 811 καὶ
1471 759 1499 812 ό
1521 760 1660 813 κατὰ
1686 762 1776 815 τὸν
1805 761 2058 829 Εὔξεινον
2073 765 2257 835 ἄρχων

682 844 1069 916 Χουτλουχὰῖμ
1128 849 1293 918 ἤκουε
1342 852 1403 903 τὸ
1458 854 1757 923 συμπεσὸν,
1815 855 2120 925 διαδέχεται
2160 856 2260 926 τὴν

683 935 873 1004 φήμην
903 937 930 988 ὁ
976 938 1353 1009 Σολυμάμπαξ
1410 943 1647 1016 Πέρσης,
1684 945 1742 1010 ὃς
1776 949 1874 1002 καὶ
1909 947 2158 1019 γαμϐρὸς
2190 945 2259 1020 ἧν

682 1027 776 1080 ἐπὶ
807 1028 1036 1101 θυγατρὶ
1058 1033 1154 1086 τοῦ
1201 1035 1609 1108 Κουτξίμπαξι.
1667 1040 1778 1093 Καὶ
1816 1039 1961 1095 οὕτω
1991 1043 2260 1114 διαμηνυ-

682 1119 870 1185 θέντος
925 1123 1019 1177 τοῦ
1070 1126 1380 1196 συμϐάντος
1433 1129 1511 1201 τῷ
1541 1130 1769 1201 βασιλεῖ,
1809 1135 1838 1188 ὁ
1879 1134 1973 1188 τοῦ
2005 1136 2257 1202 Καζᾶνου

681 1212 913 1279 θάνατος
969 1220 1078 1283 τοῖς
1131 1222 1343 1275 ἐκείνου
1396 1225 1662 1295 πρέσὸεσι
1714 1228 1857 1282 κατὰ
1891 1229 2073 1294 πόλεις
2100 1231 2260 1298 δῆλος

679 1305 912 1374 γίνεται,
944 1311 1038 1369 καὶ
1070 1313 1131 1365 τὸ
1161 1315 1357 1379 πένθος
1387 1317 1572 1384 σφίσιν
1611 1321 1830 1390 αἴρεται
1864 1322 2025 1392 μέγα.
2067 1324 2260 1392 Ὅμως

679 1394 738 1450 δὲ
772 1400 865 1452 καὶ
925 1403 1366 1469 παρακαλοῦνται
1429 1408 1694 1480 βασιλέως
1747 1413 2079 1482 πέμψαντος.
2110 1417 2261 1487 Πλὴν

679 1490 798 1543 ἀλλ’
840 1492 1129 1563 Ἀμούριος
1159 1499 1254 1551 κοιλ¹
1283 1498 1456 1566 οὕτως
1490 1504 1981 1573 καθυπεστέλλετο,
2012 1507 2111 1561 οὐκ
2142 1504 2259 1564 οἴδα

679 1585 789 1636 εἴτε
850 1585 939 1638 τὸν
985 1589 1094 1644 ἀπὸ
1126 1590 1221 1644 τοι)⁹
1267 1593 1617 1665 Χαρμπαντᾶ
1665 1598 1828 1667 φόϐον
1859 1600 1991 1668 (τὰς
2024 1600 2132 1671 γὰρ
2162 1603 2258 1657 τοῦ

676 1676 910 1745 ἀδελφοῦ
966 1682 1258 1747 συνθεσίας
1309 1687 1519 1753 ἐκεῖνος
1560 1694 1748 1762 τηρεῖν
1806 1693 2036 1764 ἢθελεν)
2069 1696 2148 1749 ἔτι
2181 1696 2258 1760 ὠς

677 1769 826 1833 εἰκὸς
856 1772 1229 1845 ὑφορώμενος,
1265 1781 1376 1834 εἴτε
1405 1781 1504 1853 τὴν
1531 1786 1638 1839 ἀπὸ
1665 1785 1936 1854 βασιλέως
1965 1789 2258 1859 εὐμένειαν

675 1869 1173 1939 προσποιούμενος,
1231 1874 1326 1927 καὶ
1378 1877 1603 1947 πέμψας
1641 1878 1760 1951 ᾔτει
1793 1880 2020 1951 βασιλέα
2053 1885 2116 1936 τδ
2150 1883 2260 1938 τῶν

677 2043 1081 2118 mirandaque!
1127 2050 1424 2110 Dictitabat
1454 2057 1594 2114 bene
1622 2074 1684 2115 ac
1715 2070 1901 2118 sancte
1936 2066 2260 2137 imperantis

677 2137 923 2196 hominis
951 2142 1214 2211 cilicium,
1239 2147 1328 2203 Dei
1355 2153 1597 2220 supremi
1633 2160 1880 2211 omnium
1907 2158 2125 2214 Domini
2145 2163 2259 2219 acri

674 2229 981 2290 atl‘ectanda
1013 2237 1200 2292 studio
1228 2240 1537 2299 inuitatione
1569 2247 1866 2302 contineri.
1906 2249 2064 2305 Sicut
2109 2253 2257 2307 enim

677 2325 822 2392 apud
863 2327 1202 2384 conditorem
1240 2333 1628 2392 universorum
1689 2339 1985 2397 discrimen
2045 2343 2258 2400 nullum

675 2423 764 2469 est
792 2414 1022 2473 Romani
1057 2431 1151 2476 aut
1179 2422 1417 2495 Scythae,
1453 2426 1720 2486 Sarmata:
1750 2443 1842 2488 aut
1865 2435 2067 2501 Graeci,
2100 2452 2165 2493 ac
2189 2453 2261 2494 ne

671 2504 812 2576 justi
844 2511 1066 2580 quidem
1102 2513 1186 2568 vel
1237 2516 1454 2587 injusti,
1491 2522 1639 2591 quod
1675 2526 1940 2594 largiendi
1987 2529 2262 2596 profusio-

679 2615 804 2655 nem
833 2604 1053 2672 attinet,
1089 2611 1278 2678 utique
1306 2626 1428 2665 cum
1461 2615 1582 2683 ejus
1613 2616 1824 2671 liberali
1879 2621 2054 2689 gratia
2103 2637 2261 2692 aeque

678 2691 736 2746 in
763 2708 955 2751 omnes
987 2701 1303 2755 communia
1337 2702 1603 2760 beneﬁcia
1659 2720 1995 2779 spargantur
2047 2691 2260 2782 pluvia-

675 2801 828 2854 rum,
894 2799 1313 2863 tempestatum,
1373 2797 1507 2854 solis
1553 2814 1737 2854 annuo
1785 2804 2062 2874 iungentis
2099 2824 2257 2880 gyro,

677 2880 798 2952 pari
834 2897 1054 2954 quoque
1092 2889 1308 2958 penitus
1366 2891 1622 2947 aﬂ‘eetum
1660 2895 2001 2967 indulgentia
2058 2900 2262 2956 debere

676 2975 1015 3048 principem,
1045 2991 1307 3050 praestare
1341 2998 1399 3039 se
1425 2985 1826 3044 indiderentem
1871 2993 2092 3048 eunetis
2127 2995 2260 3049 sub-

2363 485 2580 555 ἐτύμως
2611 487 3026 563 ὠνομασμένον,
3065 495 3152 564 ἐφ’
3185 486 3341 566 ᾧπερ
3371 501 3481 562 τοῖς
3523 499 3666 564 ἰδίοις
3692 505 3893 574 obcan-

2363 576 2591 646 σόμενον
2642 584 2756 644 τοῖς
2811 583 2962 648 ἐντὸς
3015 586 3259 640 οἰκοῦσιν
3309 591 3391 653 εἰς
3426 590 3668 663 φυλακὴν
3715 596 3893 652 κέοιτο.

2372 669 2534 724 Ἀλλὰ
2565 670 2669 725 τῶν
2700 674 2960 730 τοιούτων
3016 677 3156 741 τέως
3187 679 3603 751 ἀνηρτημένων,
3630 686 3764 748 τινὲς
3805 689 3897 742 τῶν

2362 762 2569 816 ἐκείνου
2598 767 2720 819 κατ’
2755 767 3030 836 οὐλαμοὺς
3063 770 3401 836 διεκθέοντες
3435 775 3601 828 κακὸν
3630 776 3896 848 ἀπάντημα

2375 854 2668 926 Ῥωμαίοις
2699 860 2779 921 εἰς
2810 862 3082 931 τρυγητὸν
3133 862 3335 929 ἐξιοῦσι
3365 866 3474 919 τῶν
3501 867 3899 939 ἀτημελημένων

2364 948 2664 1019 κτημάτων
2689 951 2955 1018 ἐγίνοντο.
3014 949 3198 1008 Ἦσαν
3229 954 3338 1027 γὰρ
3375 957 3625 1011 ἐντεῦθεν
3655 960 3720 1014 τὰ
3755 963 3901 1032 πρόσ-

2359 1057 2496 1111 τιμα
2518 1041 2626 1096 τῶν
2660 1044 2978 1101 ἑαλωκότων
3004 1046 3205 1120 φωρῶν
3234 1047 3499 1120 ἄντικρυς
3531 1053 3817 1123 πρόστιμα,
3860 1057 3901 1110 el

2360 1134 2469 1204 γῆν
2497 1134 2564 1206 ἦν
2589 1135 2677 1191 διὰ
2701 1136 2915 1209 σπάθης
2943 1139 3250 1210 ἐκτήσαντο
3271 1143 3471 1197 ἐκεῖνοι
3493 1146 3709 1199 πατοῑεν
3737 1150 3822 1202 καὶ
3846 1149 3903 1203 τὰ

2363 1225 2550 1294 σφισιν
2578 1227 2644 1281 ἐκ
2701 1229 2944 1295 πολέμου
2989 1235 3383 1304 περιγεγονότα
3438 1237 3904 1307 acup-nimeon

2359 1334 2444 1371 τοι
2474 1317 2649 1374 ταῦτα
2673 1321 2770 1375 καὶ
2803 1323 3055 1394 μαχητὰς
3099 1326 3458 1398 μισθούμενοι
3489 1327 3760 1399 ἄνθρωποι
3792 1333 3904 1385 ἀπο-

2361 1410 2672 1482 τολμῶντες
2696 1413 2766 1468 τὰ
2798 1413 3076 1485 θαλάσσης
3110 1419 3276 1486 ἐγγὺς
3308 1419 3712 1492 ἐπιχειροῦντες
3740 1423 3903 1489 δρέπεο

2363 1502 2507 1565 σθαι.
2530 1496 2591 1558 οῦ
2615 1507 2716 1577 μὲν
2735 1507 3033 1579 ηὐστόχουν
3058 1512 3150 1565 καὶ
3168 1513 3587 1586 ἀπεκέρδαινον,
3616 1515 3682 1567 τὰ
3704 1516 3902 1570 πλεῖστα

2361 1593 2408 1648 δ’
2434 1597 2763 1665 ἐσφάλλοντο
2794 1601 2894 1658 καὶ,
2918 1603 3273 1672 ἐσφάττοντο.
3299 1606 3410 1658 Καὶ
3439 1604 3613 1660 ταῦτα
3651 1609 3745 1677 μὲν
3777 1610 3905 1672 ἐκτὸς

2360 1691 2460 1761 τῆς
2500 1692 2918 1748 Κωνσταντίνου
2965 1699 3326 1766 ὲπράττοντο,
3381 1699 3536 1760 ἐντὸς
3567 1700 3623 1752 δὲ
3659 1701 3799 1754 τοῦτο
3829 1703 3906 1772 μὲν

2361 1787 2394 1854 ἠ
2423 1784 2559 1855 πρὸς
2590 1785 2682 1840 τὶν
2733 1788 3183 1860 πατριαρχοῦντα
3237 1790 3349 1844 τῶν
3382 1791 3597 1845 πολλῶν
3628 1793 3904 1862 ὑπονόησις,

2362 1876 2520 1931 τοῦτο
2541 1880 2598 1932 δὲ
2619 1880 2715 1934 καὶ
2737 1881 2897 1950 ἡτῶν
2928 1881 3245 1955 δυναμένων
3267 1883 3572 1956 ἀπληστία,
3599 1884 3904 1958 καπηλενόν-

2362 2054 2674 2112 destinabat
2703 2069 2907 2115 rectam
2960 2062 3522 2133 administrationem,
3582 2065 3715 2121 adeo
3756 2066 3905 2122 edica-

2361 2151 2520 2207 cibus
2565 2154 2854 2224 praeceptis
2909 2165 2968 2210 ut
3033 2158 3192 2227 quasi
3249 2169 3368 2215 arte
3412 2161 3764 2217 mansuetarii
3817 2162 3903 2218 tera

2361 2240 2612 2300 cicurata
2668 2245 2754 2301 vel
2808 2249 2996 2318 pullus
3050 2251 3355 2307 indomitus
3409 2268 3609 2324 parere
3665 2256 3843 2326 lupatis
3883 2271 3904 2307 a

2362 2338 2631 2408 magistro
2689 2340 2885 2397 doctus
2942 2357 3202 2413 agasone,
3263 2345 3424 2402 brevi
3488 2354 3732 2418 tempore
3781 2350 3907 2418 plane

2363 2431 2709 2500 compositus
2739 2442 2790 2488 et
2817 2450 2917 2504 per
2955 2436 3140 2490 omnia
3172 2437 3458 2498 decessori
3501 2440 3695 2497 similis
3727 2439 3903 2511 imperii

2365 2522 2696 2581 candidatus
2729 2528 3070 2596 apparuerit,
3098 2529 3237 2583 nihil
3265 2529 3379 2600 jam
3412 2531 3603 2588 minus
3634 2531 3701 2589 de
3730 2546 3785 2588 se
3806 2547 3899 2603 spe-

2365 2619 2598 2672 randum
2628 2621 2879 2688 praebens
2910 2637 3075 2691 quam
3101 2623 3148 2680 si
3179 2605 3416 2682 Cazanis
3440 2637 3634 2682 cretus
3678 2628 3901 2696 sanguine

2364 2707 2752 2782 institutisque
2778 2727 2808 2766 a
2841 2714 3075 2784 pueritia
3101 2716 3393 2782 formatus,
3423 2734 3537 2774 non
3570 2729 3743 2775 autem
3770 2718 3906 2773 frater

2362 2802 2632 2861 educatus
2694 2821 2924 2878 peregre
2955 2809 3004 2865 ei
3033 2810 3316 2866 decedenti
3348 2813 3759 2883 subrogaretur.
3785 2811 3908 2866 llunc

2363 2895 2530 2950 talem
2555 2908 2920 2967 compertum,
2973 2901 3110 2957 nihil
3156 2903 3298 2958 ultra
3323 2919 3607 2972 moratus,
3653 2908 3705 2962 in
3734 2906 3909 2977 princi-

2366 2997 2530 3057 patus
2567 2990 2973 3060 possessionem
3023 2993 3268 3051 Cazanes
3316 2997 3494 3064 misit,
3549 2999 3709 3054 enixe
3751 3008 3910 3052 vetans

676 3068 804 3125 ditis
845 3075 1281 3131 necessariorum
1334 3080 1401 3134 ad
1441 3081 1566 3136 vita:
1621 3085 1827 3138 cultum
1874 3094 1929 3140 et
1979 3087 2258 3142 desidera-
2285 3108 2333 3168 α
2368 3096 2436 3137 ne
2469 3093 2582 3139 toto
2619 3085 2856 3140 triennio
2880 3088 3176 3158 quidquam
3206 3091 3260 3145 in
3287 3095 3614 3150 constitutis
3655 3109 3683 3147 a
3709 3107 3763 3148 se
3799 3091 3909 3161 legi-

678 3169 863 3217 torum
901 3166 1199 3238 unicuique
1223 3172 1594 3240 praebitorem,
1641 3180 1813 3246 gratis
1848 3177 2100 3232 beantem
2130 3183 2254 3236 uni.

675 3271 891 3314 versos.
919 3259 1143 3317 Caetera:
1193 3280 1357 3332 porro
1409 3266 1648 3325 Cazanis
1701 3271 1758 3324 in
1807 3272 1973 3328 rebus
2027 3289 2094 3328 ex
2151 3288 2256 3329 usu

674 3349 900 3419 publico
933 3351 1385 3432 administrandis
1431 3361 1709 3428 aquitatis
1758 3362 2035 3430 specimen
2077 3374 2258 3419 exstat

677 3447 733 3497 in
758 3460 816 3500 re
841 3449 1107 3502 momenti
1139 3463 1244 3503 non
1277 3453 1434 3520 parvi
1489 3454 1556 3509 ad
1589 3454 1748 3508 ﬁdem
1801 3457 1852 3510 in
1885 3457 2255 3515 commerciis

675 3540 1001 3597 servandam
1032 3556 1262 3599 munem
1283 3545 1509 3616 signatae
1531 3549 1823 3617 probitate.
1852 3551 1933 3605 Ab
1963 3550 2082 3620 ipso
2107 3553 2254 3607 enim

629 3631 632 3634 ’
673 3639 903 3686 auctore
935 3633 1150 3688 celebre
1174 3633 1333 3690 habet
1366 3653 1562 3694 nomen
1584 3637 1869 3695 Cazaneus
1891 3643 1976 3698 ille
1997 3661 2256 3700 nummus

676 3739 739 3778 ex
775 3739 912 3777 auro
959 3741 1128 3783 cusus
1181 3730 1465 3798 exquisitae
1511 3735 1794 3802 puritatis.
1848 3734 1958 3791 Nec
2012 3739 2253 3793 absimili

678 3816 961 3888 diligentia
991 3819 1043 3875 in
1094 3823 1324 3891 reliquis
1380 3825 1665 3895 regiminis
1711 3829 1959 3896 partibus
2004 3843 2254 3886 versatus

678 3921 876 3972 cuncta
921 3914 1125 3983 ubique
1154 3916 1422 3972 institutis
1470 3922 1798 3987 temperavit
1831 3919 2252 3990 laudatissimis,

681 4008 816 4063 nihil
849 4025 908 4064 se
939 4009 1145 4065 habere
1177 4011 1463 4080 antiquius
1490 4019 1585 4066 aut
1631 4013 1836 4069 ducere
1895 4015 2078 4082 potius
2126 4031 2254 4086 per-

679 4097 823 4156 [ecta
853 4100 905 4154 in
940 4101 1198 4153 omnibus
1256 4101 1604 4156 absolutione
1656 4100 1887 4169 justitia:
1938 4102 2087 4159 nulla
2143 4117 2255 4159 non

679 4194 896 4250 actione
933 4209 1042 4261 pra:
1077 4209 1135 4250 se
1165 4193 1368 4249 ferens.
1397 4193 1542 4248 ldem
1575 4198 1767 4250 morbo
1796 4210 1855 4251 se
1879 4194 2093 4252 absumi
2132 4211 2259 4252 sen-

677 4290 781 4349 sim
841 4288 1104 4345 diuturno
1153 4298 1205 4342 et
1262 4288 1554 4344 incurabili
1599 4289 1863 4353 sentiens,
1923 4303 2115 4344 curam
2167 4291 2258 4346 in-

678 4396 904 4453 gressus
933 4381 1038 4436 sibi
1068 4381 1299 4447 parandi
1339 4380 1506 4453 5.59
1529 4397 1560 4436 e
1608 4382 2086 4452 consanguinitate
2129 4399 2258 4439 suc-

2365 3175 2469 3232 bus
2490 3187 2584 3232 aut
2622 3176 2925 3236 fmderibus
2953 3195 3018 3236 ac
3038 3191 3152 3237 toto
3176 3183 3416 3239 inchoati
3440 3185 3725 3256 regiminis
3754 3197 3910 3240 tenore

2366 3275 2624 3335 mutaret,
2663 3282 2784 3341 post
2851 3273 3005 3327 illum
3040 3276 3332 3330 terminum
3375 3293 3481 3333 suo
3523 3277 3675 3335 illum
3728 3277 3799 3332 uti
3840 3291 3911 3329 ar-

2370 3362 2536 3418 bitrio
2574 3380 2639 3420 ac
2671 3366 2859 3430 libere,
2917 3377 3078 3437 prout
3123 3377 3396 3436 censeret,
3449 3387 3544 3428 res
3597 3387 3777 3443 gerere
3814 3384 3913 3441 per-

2367 3455 2611 3511 mittens.
2642 3455 2769 3512 Hiec
2797 3458 2871 3513 ita
2906 3469 3057 3529 gesta
3096 3462 3374 3532 divulgata
3406 3463 3562 3520 brevi
3615 3480 3708 3536 per
3754 3463 3909 3519 Asiam

2365 3557 2530 3603 sunt:
2560 3565 2662 3605 nec
2688 3553 2834 3605 enim
2872 3568 2934 3608 ea
2966 3563 3218 3623 satrapas
3270 3555 3476 3612 bellum
3535 3559 3650 3613 illic
3695 3564 3910 3628 gerentes

2367 3641 2622 3711 ignorare
2649 3629 2902 3698 sinébant
2937 3645 3128 3700 litterae
3172 3647 3240 3703 de
3270 3647 3356 3702 bis
3382 3648 3452 3703 ad
3508 3663 3667 3705 arces
3715 3644 3913 3704 Romani

2364 3729 2582 3798 limitis,
2620 3751 2758 3806 quas
2789 3745 2920 3791 tunc
2944 3737 3123 3792 Persae
3177 3741 3526 3808 obtinebant,
3573 3751 3792 3811 actaque
3840 3755 3912 3809 pu-

2367 3827 2515 3883 blica
2539 3843 2665 3883 cum
2690 3829 3084 3899 diplomatibus
3107 3831 3210 3886 ista
3248 3833 3597 3891 ﬁrmantibus
3627 3838 3728 3890 rite
3755 3834 3910 3888 missa.

2363 3918 2586 3974 Audivit
2622 3935 2753 3992 ergo
2779 3921 3252 3988 Chutlucbaimus,
3273 3927 3364 3998 qui
3402 3928 3719 3997 regionibus
3743 3928 3802 3981 ad
3827 3925 3912 3979 Eu-

2364 4012 2556 4067 xinum
2582 4012 2705 4073 sitis
2749 4027 2981 4084 prmerat
3009 4059 3025 4083 ,
3079 4018 3226 4084 quod
3270 4019 3582 4086 acciderat;
3629 4020 3913 4090 excepitque

2367 4121 2496 4161 mox
2520 4106 2599 4162 rei
2635 4106 2834 4162 famam
2889 4109 3338 4182 Solymampaxes
3387 4111 3584 4178 Persa,
3643 4129 3802 4185 gener
3829 4109 3915 4165 Cu-

2368 4196 2702 4266 tzimpaxis;
2767 4199 2913 4254 unde
2974 4201 3041 4255 ad
3107 4203 3496 4272 imperatorem
3546 4217 3763 4273 quoque
3807 4199 3912 4256 facti

2369 4291 2562 4347 notitia
2590 4296 2861 4363 pervenit.
2902 4293 3102 4351 Secuta
3147 4305 3270 4365 post
3313 4298 3478 4363 paulo
3504 4297 3735 4352 Cazanis
3791 4307 3914 4348 mors

2367 4384 2516 4438 varie
2540 4384 2785 4442 dimissis
2814 4385 2980 4458 460
3009 4403 3073 4442 ex
3101 4389 3225 4442 aula
3257 4389 3451 4459 legatis
3505 4388 3801 4458 signiﬁcata
3837 4398 3914 4455 per

678 4469 947 4537 cessuris,
1009 4471 1155 4537 quod
1196 4470 1385 4526 liberis
1435 4471 1679 4537 carebat,
1735 4472 2058 4528 Tuctainem
2090 4488 2254 4543 quem
2288 4475 2338 4534 D
2366 4475 2621 4530 civitates
2649 4487 2755 4543 est,
2805 4477 3014 4532 luctum
3061 4480 3267 4547 passim
3301 4481 3580 4550 ingentem
3624 4476 3914 4536 declaranti-

677 4564 915 4622 babebat
940 4563 1180 4619 fraterno
1197 4580 1227 4619 e
1245 4579 1442 4631 genere
1465 4565 1793 4632 proximum.
1817 4568 2073 4635 quoniam
2097 4566 2264 4636 hujus

680 4675 864 4717 mores
897 4674 961 4713 ac
1000 4673 1198 4715 sensus
1231 4675 1257 4710 a
1298 4661 1419 4713 suis
1465 4657 1641 4727 ipsius
1683 4658 2048 4714 abhorrentes
2098 4662 2266 4715 certis

679 4769 746 4808 ex
782 4752 1002 4806 indiciis
1035 4759 1356 4818 agnoverat,
1387 4765 1713 4820 promovere
1753 4752 1821 4811 ad
1861 4768 2011 4822 spem
2046 4752 2261 4822 imperii

676 4848 876 4902 uoluit.
900 4847 978 4899 Ac
1005 4862 1071 4900 ne
1101 4845 1193 4899 ille
1224 4861 1282 4900 se
1331 4853 1551 4899 mortuo
1595 4846 1958 4914 principatum
1985 4861 2266 4900 commen-

677 4938 899 4994 datione
924 4938 1143 5002 generis
1169 4937 1312 4991 male
1335 4935 1553 5004 publico
1604 4937 1893 5006 arriperet,
1955 4937 2267 5006 praeluden-

677 5034 807 5084 dum
836 5031 936 5098 ipsi
958 5029 1024 5083 ad
1063 5031 1166 5083 hoc
1196 5031 1444 5084 auditum
1475 5029 1816 5085 stabiliendo
1845 5033 1897 5082 in
1923 5030 2062 5086 solio
2088 5031 2259 5099 ipsius

681 5125 888 5184 l'ratre,
955 5122 1285 5189 probatioris
1352 5123 1455 5176 sibi
1498 5123 1700 5191 juvene
1747 5122 1970 5189 indolis,
2024 5124 2256 5193 putavit.

681 5218 838 5272 ilunc
875 5218 1061 5286 igitur,
1086 5217 1174 5270 cui
1213 5224 1328 5271 erat
1376 5216 1740 5284 Carmpantas
1789 5217 1853 5285 ι’)
1895 5231 2120 5279 nomen,
2167 5232 2257 5270 ac-

678 5311 906 5367 cersivit
942 5327 1114 5379 usque
1140 5310 1208 5364 ab
1233 5310 1407 5373 India,
1449 5309 1559 5363 illis
1597 5310 1650 5362 in
1696 5309 1946 5378 partibus
1981 5326 2103 5363 cum
2132 5325 2257 5380 pro.

677 5405 800 5476 prio
833 5407 1077 5459 exercitu
1111 5413 1411 5458 morantem
1439 5419 1454 5468 ;
1487 5404 1849 5471 eumdemque
1872 5414 2252 5458 occurrentem

678 5508 906 5558 strenue
938 5497 1156 5565 proprio
1192 5496 1428 5565 quodam
1459 5497 1700 5561 ipsorum
1755 5496 1864 5548 ritu
1897 5495 1960 5546 ad
1993 5494 2082 5562 jus
2114 5495 2253 5564 legi-

680 5594 827 5648 rima:
865 5591 918 5643 in
979 5590 1267 5657 imperium
1317 5588 1689 5644 successionis
1744 5587 2088 5658 designavit;
2124 5605 2253 5644 eru-

679 5686 815 5745 divit
842 5683 1186 5750 quinetiam,
1237 5697 1336 5750 pro
1371 5697 1635 5758 tempore,
1673 5682 1738 5738 ad
1770 5682 1918 5772 regni
1976 5683 2120 5755 quod
2174 5682 2252 5742 illi

758 5802 824 5866 i‘l
854 5801 967 5862 luto
994 5799 1292 5861 Cat'badat.

2367 4568 2470 4623 bus
2498 4571 2759 4640 satrapis,
2788 4587 2926 4640 quos
2964 4573 3286 4643 imperator,
3320 4574 3612 4629 destinatis
3649 4573 3715 4628 ad
3748 4583 3913 4625 unum-

2365 4675 2643 4732 quemque
2672 4663 2755 4717 sui
2817 4663 2946 4720 talis
3001 4664 3394 4735 interpretibus
3443 4666 3635 4729 oﬂicii,
3676 4660 3910 4722 consolari

2367 4751 2678 4807 humaniter
2707 4753 2935 4809 studuit.
2966 4754 3101 4810 lllud
3138 4767 3265 4811 tunc
3292 4773 3399 4811 non
3434 4756 3911 4823 incommodepm-

2367 4859 2452 4905 ter
2494 4865 2648 4919 spem
2681 4850 2934 4921 contigit,
2967 4851 3275 4919 Amurium,
3335 4867 3497 4921 quem
3539 4853 3656 4908 sola
3706 4846 3909 4906 Cazanis

2370 4942 2678 4996 reverentia
2713 4943 2994 5012 paululum
3029 4953 3189 4997 antea
3226 4960 3538 5013 repressum
3573 4944 3715 5000 haud
3763 4953 3908 4996 vanus

2366 5044 2486 5090 erat
2544 5044 2721 5089 metus
2777 5051 2841 5089 eo
2893 5038 3111 5092 sublato
3159 5039 3462 5091 rediturum
3517 5043 3584 5092 ad
3639 5036 3907 5107 ingenium,

2366 5128 2653 5180 continere
2681 5142 2803 5182 sese
2837 5136 3018 5182 tamen
3051 5139 3102 5183 et
3147 5131 3299 5199 pacis
3347 5133 3678 5185 voluntatem
3725 5142 3827 5198 pra:
3861 5136 3909 5178 se

2371 5217 2534 5282 ferre,
2567 5219 2683 5273 sive
2715 5236 2744 5274 a
2778 5218 3110 5290 Carmpnnla
3164 5220 3368 5286 timuit,
3419 5223 3514 5290 qui
3576 5220 3857 5277 foederibus
3883 5228 3906 5268 a

2367 5309 2584 5365 Cazane
2615 5309 2784 5365 fratre
2815 5309 2965 5365 initis
2990 5311 3008 5378 (
3037 5313 3183 5366 inter
3211 5329 3336 5383 qua:
3376 5324 3502 5367 nota
3533 5320 3651 5369 erat
3679 5324 3794 5364 cum
3821 5307 3908 5360 iut-

2365 5414 2622 5477 peratore
2674 5404 3003 5473 conventio)
3040 5414 3214 5460 .stare
3252 5421 3311 5462 se
3359 5406 3498 5462 velle
3547 5406 3907 5467 declararent,

2364 5497 2483 5552 sive
2510 5495 2862 5564 imperatoris
2893 5497 3119 5564 gratiam
3157 5497 3221 5552 ad
3258 5514 3386 5553 suos
3420 5499 3527 5554 sibi
3574 5498 3708 5553 fines
3749 5495 3905 5551 utilem

2362 5588 2658 5649 aﬂ‘ectavit.
2691 5587 2878 5644 Missis
2925 5590 3015 5643 bic
3068 5590 3232 5661 igitur
3283 5591 3474 5662 legatis
3507 5592 3578 5648 ab
3611 5591 3906 5662 imperatore

2363 5683 2518 5760 petiit
2558 5679 2784 5738 concedi
2819 5681 2920 5736 sibi
2961 5685 3196 5754 propriis
3226 5683 3679 5757 frequentandam
3705 5677 3903 5740 coloniis
