4004 6228
373 304 477 370 505

1289 309 1386 371 DE
1425 309 1867 372 ANDRONICO
1906 311 2369 377 PALAEOLOGO
2408 315 2559 379 LIB.
2596 318 2678 380 VI

3514 314 3619 379 506

370 439 473 474 των
508 423 601 479 καὶ
653 422 799 475 σῖτον
858 422 950 475 καὶ
1006 421 1141 477 ὥνια
1165 440 1177 453 ·
1210 425 1304 477 καὶ
1352 425 1460 494 γὰρ
1488 426 1557 479 τὰ
1591 426 1821 480 πλεῖστα
1847 425 1943 480 καὶ
1972 430 2019 489 Α
2048 429 2361 484 καταϐάντα
2415 430 2641 500 ὲπώμνυ
2684 429 2753 483 τὸ
2796 428 2887 486 καὶ
2916 429 2978 485 τὸ
3020 431 3224 497 ποιεῖν,
3264 432 3312 484 ει
3344 428 3419 500 μὴ
3446 429 3620 484 ταῦτα

370 511 726 582 κεχυδαίωντο
776 507 1221 585 αἰσχροκερδείας
1275 517 1598 585 ἡττώμενοι,
1633 518 1728 573 καὶ
1763 518 1937 572 πάντα

365 605 661 675 χρημάτων
721 608 1182 677 καταπωῖέμενοι
1244 610 1426 664 πάντα
1484 610 1741 680 μαλακῶς
1775 610 1940 664 διετί-

364 693 510 762 θουν,
537 694 622 767 [Ρ.
659 696 791 768 521]
824 699 921 750 καὶ
951 698 1023 752 τὰ
1055 698 1154 766 τῆς
1179 699 1461 761 πολιτεέας
1494 700 1681 763 δεινῶς
1705 699 1937 769 ἐκυματ-

360 804 533 843 νοντο.
584 787 724 842 Ἀλλ’
764 790 798 860 ἡ
840 789 1243 862 μὲνηκαπηλεια
1274 794 1370 845 καὶ
1429 791 1550 845 λίαν
1600 791 1805 855 ὠδύνα,
1860 791 1937 857 ὡς

360 879 818 949 φαίνεσθαι,.τὺν
874 882 1227 954 πατριάρχην
1293 883 1807 955 δημοχαριστοῦντα
1864 887 1937 939 τὰ

360 972 587 1023 πλεῖστα
628 971 721 1025 καὶ
769 974 911 1027 κατὰ
940 973 1049 1027 τῶν
1090 974 1410 1044 δυναμένων
1450 976 1591 1046 ὑπὲρ
1622 976 1826 1041 αὐτῶν,
1858 976 1937 1041 ὡς

357 1062 552 1129 ἐδόκει,
587 1062 778 1119 τοῦτον
809 1064 1124 1135 ἱστάμενον,
1158 1065 1300 1120 ὥστε
1348 1068 1646 1140 γράμμασι
1671 1069 1814 1137 πρὸς
1844 1071 1937 1124 τὸν

356 1156 661 1227 κρατοῦντα
686 1157 1186 1229 παρρησιάζεσθαι,
1218 1160 1314 1213 καὶ
1337 1160 1525 1230 ὅρκοις
1559 1161 1935 1233 [exagitabat

352 1242 387 1320 ἦ
428 1248 560 1321 μὴν,
615 1250 649 1315 ἢ
683 1251 757 1320 μή
784 1249 838 1319 γ’
868 1251 902 1321 ἡ
933 1250 1208 1322 καπηλεία
1238 1251 1335 1307 τοῦ
1382 1254 1535 1307 ’σίτου
1580 1253 1737 1323 ὲῷτο,
1771 1257 1934 1325 ἀραῖς

352 1340 671 1408 περιϐαλεῖν
699 1344 762 1395 ὲκ
790 1342 971 1395 κοινοῦ
1022 1344 1304 1414 συνεδρίου
1342 1346 1465 1409 τοὺς
1500 1345 1930 1416 καπηλεύοντας,

348 1434 561 1488 καὶτοῦ
581 1434 771 1488 λοιποῦ
803 1439 866 1490 ὲκ
898 1436 1065 1506 μέσου
1094 1437 1361 1506 γίνεσθαι.
1384 1439 1491 1491 Καὶ
1510 1438 1659 1492 ταῦτ’
1683 1440 1929 1512 ἐπώμνυ,

349 1525 440 1577 καὶ
464 1524 616 1579 οὐδὲν
640 1526 839 1597 ἤνυστο
872 1528 1157 1598 παράπαν,
1194 1530 1269 1594 ὡς
1294 1532 1458 1601 μέρος
1489 1532 1583 1587 καὶ
1616 1530 1791 1587 ταῦτα
1822 1531 1931 1588 τῶν

346 1617 468 1671 κατ’
497 1618 667 1671 αὐτοῦ
720 1620 986 1688 γίνεσθαι,
1013 1622 1098 1675 ὅτι
1136 1624 1229 1675 ἐπὶ
1258 1623 1470 1697 ματαίῳ
1495 1625 1587 1679 τὸν
1616 1624 1676 1689 ἑξ
1696 1624 1929 1697 οὐρανοῦ

342 1795 721 1855 Interamnam
754 1800 822 1856 ad
873 1799 1159 1875 Sangarlm
1191 1802 1211 1873 (
1246 1802 1349 1859 hoc
1391 1811 1479 1860 est
1528 1814 1728 1861 terram
1785 1806 1927 1863 inter

340 1888 571 1965 ﬂumina
590 1891 936 1959 conclusam,
997 1908 1161 1964 quam
1210 1891 1578 1951 Mesonesium
1612 1912 1678 1951 ex
1731 1912 1925 1953 eono-

339 1980 593 2049 minant,
654 1984 802 2054 quod
878 1983 1058 2040 media
1130 1985 1275 2041 inter
1322 2000 1498 2057 aquas
1558 1988 1926 2062 undecunque

339 2068 573 2130 ﬂuentis
603 2074 849 2130 amnium
887 2076 1036 2133 velut
1065 2076 1247 2134 insula
1281 2078 1525 2151 cingitur
1555 2080 1597 2152 ),
1625 2096 1789 2151 quam
1817 2083 1926 2140 sibi

336 2165 575 2238 suisque
619 2167 972 2227 habitandam
1002 2187 1069 2227 ac
1098 2173 1518 2230 custodiendam
1569 2176 1796 2232 attribui
1828 2177 1928 2232 ad-
1958 2194 1959 2197 ‘

336 2258 569 2331 dicique
596 2260 814 2319 volebat
853 2262 924 2319 ab
955 2264 1228 2335 Augusto.
1287 2265 1486 2321 Verum
1538 2268 1759 2323 interim
1790 2269 1921 2326 dum

336 2352 735 2411 hacindeciso
767 2355 946 2411 adhuc
973 2364 1210 2415 tractatu
1271 2357 1541 2430 pendent,
1591 2360 1815 2431 quidam
1854 2377 1923 2418 ex

337 2445 511 2517 hujus
546 2447 743 2504 castris
802 2447 1180 2521 manipulatim
1231 2466 1680 2524 quoquoversum
1732 2469 1927 2509 excur-

338 2546 532 2598 rentes
578 2540 1166 2599 hostiliterirruebant
1212 2541 1268 2598 in
1333 2543 1638 2611 Romanos,
1693 2546 1921 2601 istarum

337 2632 497 2691 velut
549 2633 887 2693 indutiarum
962 2636 1159 2709 ﬁducia
1191 2638 1430 2694 revisere
1471 2655 1636 2696 ausos
1670 2642 1923 2711 antiquas

337 2725 510 2782 sedes
532 2727 689 2791 quasi
718 2726 786 2783 ad
821 2726 1215 2784 racemandum
1258 2740 1379 2799 post
1413 2732 1768 2797 vindemiam,
1796 2744 1852 2787 et
1874 2734 1922 2789 ei

333 2818 475 2891 quid
500 2833 536 2875 ε
567 2818 683 2875 suis
714 2818 841 2875 olim
875 2821 1121 2890 ipsorum
1183 2824 1344 2879 rebus
1377 2822 1694 2894 prtedonum
1747 2826 1926 2880 avari-

336 2916 472 2971 tiam
502 2916 753 2986 fugisset,
792 2917 919 2974 inde
939 2918 1363 2991 sublegendum.
1392 2919 1503 2977 Hos
1551 2922 1626 2975 illi
1674 2937 1925 2993 compre-

338 3007 551 3067 hensos
574 3010 793 3067 statutis
816 3011 869 3067 in
914 3014 1065 3068 fures
1109 3014 1292 3083 poenis
1345 3014 1759 3071 inexorabiliter
1809 3018 1925 3087 ple-

2040 522 2273 589 γένοιτο,
2308 521 2616 591 βούλεσθαι.

2042 632 2107 704 β’.
2142 637 2484 706 Δημηγορια
2516 638 2623 692 τοῦ
2650 638 2958 711 βασιλέως
2991 638 3312 711 πρὸς-,τοὺς
3344 637 3621 711 σχιζομέ-

2377 725 2548 775 νους,
2576 710 2677 763 καὶ
2701 710 2995 780 ἀπολογία
3026 710 3305 774 ἐκείνων(

2112 818 2201 892 [Ρ.
2238 819 2367 892 322]
2390 822 2528 885 Τοὺς
2546 822 2604 875 δέ
2627 839 2689 890 γε
2724 822 3075 893 σχιζομένους
3095 823 3260 894 ἐνάτῃ
3289 824 3407 894 μετ’
3426 826 3620 881 εἰκάδα

2038 910 2397 981 Γαμηλιῶνος
2438 912 2467 965 ό
2516 912 2738 983 κρατῶν
2787 915 3041 984 συνῆγεν.
3085 912 3278 984 Ἐξῆγε
3306 915 3361 968 δὲ
3392 916 3613 987 καὶτῆς

2038 1002 2289 1071 φυλακῆς
2329 1002 2422 1057 τὸν
2468 1002 2888 1073 Ταρχανειώτην
2936 1001 3209 1069 Ἰωάννην,
3246 1005 3307 1059 ὃν
3337 1008 3393 1059 ἐν
3429 1008 3614 1061 ἀνέσει

2032 1093 2099 1147 τὸ
2126 1095 2402 1165 πρότερον
2433 1095 2593 1165 ἔχων,
2630 1097 2753 1149 ἐπεὶ
2774 1095 2868 1148 καὶ
2889 1095 3051 1159 αὐτὸς
3086 1096 3161 1163 τῷ
3183 1099 3613 1168 πατριαρχοῦντι

2035 1184 2398 1255 προσέκρουε,
2425 1186 2789 1241 συνεκλείετο.
2822 1187 2955 1240 Τότε
2981 1187 3025 1240 δ’
3047 1184 3295 1240 ἐκσαλὼν
3326 1189 3489 1258 μέρος
3516 1186 3612 1240 τοῦ

2036 1276 2297 1345 συλλόγου
2328 1278 2422 1332 καὶ
2453 1278 2616 1331 αὐτὸν
2637 1276 2771 1349 εἶχε.
2797 1279 2905 1332 Καὶ
2937 1278 3016 1341 si;
3045 1279 3253 1338 πάντας
3274 1278 3613 1348 προκαθίσας

2034 1366 2387 1438 ἐδημηγόρει,
2454 1370 2780 1438 καθημένων
2812 1371 2906 1422 καὶ
2944 1371 3053 1422 τῶν
3078 1369 3299 1438 τυφλῶν
3340 1368 3609 1439 μοναχῶν,

2033 1460 2173 1529 πρὸς
2220 1460 2313 1524 οὓς
2339 1460 2434 1513 καὶ
2473 1460 2673 1533 μᾶλλον
2705 1461 2787 1524 ὡς⁵
2825 1461 3157 1531 ἀξιωτέρους
3188 1461 3295 1514 τῶν
3325 1460 3497 1513 ἄλλων
3524 1459 3611 1513 δο-

2031 1551 2286 1614 κοῦντας,
2332 1548 2474 1619 ἔχων
2510 1552 2658 1619 παρὰ
2686 1548 2891 1622 θάτερα
2932 1550 3029 1619 μὲν
3071 1550 3439 1621 πατριάρχην,
3481 1547 3616 1621 παρ’

2032 1643 2271 1714 ἑκάτερα
2304 1644 2360 1699 δὲ
2396 1646 2676 1716 ἀρχιερεῖς
2722 1662 2779 1699 τε
2814 1644 2907 1699 καὶ
2934 1644 3249 1714 κληρικοὺς,
3287 1642 3611 1714 συμπαρού-

2029 1826 2193 1882 noxie
2230 1824 2489 1896 mollique
2523 1826 2577 1880 in
2598 1825 2831 1897 gratiam
2865 1823 3048 1897 largiri
3099 1822 3393 1878 valentium
3428 1821 3607 1877 indul-
3640 1834 3643 1835 '

2030 1920 2213 1991 gentia
2239 1920 2472 1990 publica:
2498 1934 2586 1975 res
2617 1918 3164 1975 administrarentur.
3194 1912 3353 1971 Unde
3383 1929 3608 1971 necesse

2028 2020 2147 2067 erat
2173 2022 2375 2067 statum
2404 2010 2686 2081 politicum
2717 2025 2781 2064 ac
2814 2023 3091 2066 summam
3148 2023 3331 2063 rerum
3390 2006 3606 2078 pericu-

2028 2105 2303 2161 losissime
2360 2103 2647 2161 ﬂuctuare.
2704 2100 2843 2170 Quia
2867 2117 3021 2169 vero,
3070 2100 3215 2171 quod
3268 2100 3503 2155 maxime
3536 2115 3623 2159 es

2028 2197 2115 2253 his
2141 2197 2366 2253 urbanis
2394 2195 2638 2253 malisin
2668 2194 3028 2252 offensionem
3062 2193 3378 2249 incurrebat
3425 2206 3603 2263 popu-

2028 2289 2220 2353 larem,
2248 2296 2368 2345 erat
2406 2288 2513 2344 ista
2544 2289 2755 2360 plebem
2780 2286 3034 2343 miseram
3065 2284 3417 2355 strangulans
3463 2299 3605 2339 nun-

2028 2381 2233 2436 dinatio
2258 2381 2509 2447 divitum,
2541 2395 2662 2436 eam
2680 2380 2787 2437 sibi
2805 2393 2927 2436 esse
2948 2378 3334 2454 exosissimam
3366 2377 3605 2434 ostendit

2028 2472 2377 2542 patriarcha,
2427 2472 2663 2543 gratiam
2712 2470 2898 2543 populi
2959 2469 3040 2526 sic
3084 2466 3397 2541 colligens,
3434 2483 3605 2540 seque

2027 2577 2144 2625 arte
2198 2565 2301 2621 ista
2352 2567 2721 2636 prmmuniens
2795 2571 2987 2621 contra
3054 2562 3354 2619 factionem
3430 2578 3597 2634 quam

2024 2659 2315 2715 adversum
2349 2674 2411 2715 se
2449 2658 2672 2714 conﬂari
2713 2674 2822 2714 non
2862 2658 3023 2728 plane
3050 2654 3362 2727 ignorabat.
3395 2658 3605 2712 Intelli-

2024 2766 2161 2822 gens
2200 2764 2385 2821 porro,
2442 2751 2589 2821 quod
2660 2766 2750 2806 res
2805 2759 2947 2814 erat,
3004 2750 3246 2806 coerceri
3309 2750 3597 2804 avaritiam

2026 2844 2259 2899 istorum
2290 2843 2415 2900 nisi
2440 2844 2766 2900 auctoritate
2824 2844 3169 2913 superiorum
3205 2844 3336 2912 ipsis
3393 2854 3448 2898 et
3478 2843 3600 2912 plus

2030 2938 2334 3020 potentium
2372 2938 2599 2993 minime
2629 2952 2808 3007 posse,
2850 2936 3062 2992 litteras
3122 2951 3289 3007 super
3320 2951 3387 2997 eo
3440 2952 3601 3005 argu-

2027 3044 2211 3087 mento
2242 3030 2471 3102 scripsit
2513 3030 2578 3087 ad
2612 3030 2997 3101 imperatorem
3030 3029 3362 3097 liberrimas,
3388 3028 3444 3083 in
3474 3028 3597 3099 qui-

336 3104 606 3161 οῑθδωητ
636 3101 842 3159 [unum
874 3108 1023 3161 enim
1067 3105 1203 3178 ίρδίε
1235 3108 1547 3164 Videbam?
1593 3124 1715 3165 €380
1746 3110 1924 3165 malli'
1946 3110 1994 3172 (ἶ
2024 3123 2131 3179 bus
2169 3101 2504 3190 minabatur,
2535 3122 2846 3194 iuramento
2869 3123 3033 3179 etiam
3063 3122 3390 3191 interposito
3421 3122 3598 3177 minas

336 3196 566 3263 festum,
604 3200 800 3255 tollere
827 3198 1123 3271 quidquam
1158 3216 1225 3257 ex
1250 3213 1391 3257 terra
1424 3218 1589 3271 quam
1635 3203 1738 3272 ipsi
1785 3218 1921 3260 ense

2024 3216 2296 3283 sanciens,
2328 3231 2412 3283 se,
2442 3215 2554 3271 nisi
2592 3214 2733 3271 fmda
2763 3213 2866 3269 ista
2923 3222 2977 3269 et
3029 3213 3153 3269 urbi
3190 3212 3386 3269 fantem
3438 3214 3598 3269 inve-

330 3305 397 3347 ac
428 3292 591 3349 bello
620 3291 900 3363 prapriam
943 3292 1228 3360 fecissent,
1269 3295 1359 3351 cui
1408 3296 1645 3352 victores
1695 3297 1921 3353 insiste-

2024 3309 2207 3365 hentia
2246 3307 2509 3364 frumenti
2537 3307 2841 3379 praesertim
2904 3305 3217 3375 monopolia
3250 3306 3594 3374 desinerent,

334 3393 490 3451 rem.
548 3384 710 3456 cuius
750 3386 876 3442 ideo
926 3386 1142 3445 fructus
1195 3404 1387 3447 omnes
1421 3391 1549 3461 iure
1601 3391 1703 3447 Bibi
1750 3407 1914 3463 quam
2018 3416 2214 3458 eorum
2242 3411 2500 3457 auct0res
2528 3416 2559 3456 e
2590 3398 2875 3456 communi
2903 3398 3103 3469 synodi
3145 3398 3423 3455 sententia
3454 3398 3595 3457 diris

330 3479 544 3549 optimo
570 3479 840 3549 quasitos
871 3482 1291 3551 contenderent,
1346 3485 1669 3555 servarique
1715 3494 1774 3541 ut
1820 3484 1920 3540 do-
2016 3504 2073 3550 et
2101 3494 2436 3551 anathemati
2468 3493 2864 3564 subiecturum,
2904 3508 3008 3547 nec
3052 3492 3367 3561 quieturum
3409 3493 3593 3550 donec

334 3571 509 3627 minis
536 3571 778 3628 illibatos
808 3588 1020 3643 aequum
1046 3585 1357 3631 censerent.
1393 3573 1507 3633 Hoc
1546 3580 1722 3633 nostri
1767 3591 1919 3634 com-

332 3674 496 3734 perto
527 3666 911 3722 conducebant
932 3668 1164 3737 privatis
1188 3670 1481 3740 stipendiis
1520 3671 1744 3738 milites,
1785 3687 1911 3727 cum

331 3758 546 3827 quibus
577 3772 935 3829 erumpentes
972 3760 1026 3815 in
1064 3761 1183 3819 loca
1212 3766 1516 3833 praesertim
1569 3764 1707 3820 mari
1733 3764 1913 3819 vicina

331 3850 523 3922 aliqua
551 3866 584 3907 e
606 3851 723 3907 suis
750 3852 1029 3923 quondam
1068 3853 1219 3923 agris
1258 3870 1555 3927 excerpere
1604 3855 1910 3922 tentabant,

334 3956 732 4012 nonnunquam
765 3942 1019 4010 feliciter,
1052 3944 1375 4017 plerumque
1435 3956 1615 4002 tamen
1671 3948 1914 4016 pessimo

331 4046 639 4089 successu:
670 4031 977 4104 intercepti
1020 4034 1220 4105 quippe
1284 4036 1728 4095 trucidabantur.
1782 4037 1911 4095 Haec

330 4136 491 4181 extra
517 4122 1050 4194 ConstantinOpolim
1085 4124 1308 4182 ﬂebant.
1341 4126 1489 4183 Intra
1524 4128 1713 4184 urbem
1742 4144 1912 4201 porro

335 4221 517 4289 ipsam
540 4226 723 4289 pestes
763 4218 926 4291 531
954 4219 1222 4277 ‘diversa:
1266 4220 1680 4291 grassabantur.
1730 4221 1911 4279 Prima

332 4320 453 4367 erat
498 4309 707 4367 invidia
744 4312 1042 4367 multorum
1095 4310 1155 4368 in
1226 4312 1594 4383 patriarchatn
1646 4301 1907 4385 gliscens,

330 4401 515 4460 tacitis
569 4399 792 4473 quidem
834 4401 1245 4472 suspicionibus
1289 4412 1345 4459 et
1391 4403 1637 4459 susurris
1686 4404 1905 4459 interim

328 4494 574 4552 exercita
597 4494 829 4560 timidis,
855 4501 1112 4551 caeterum
1138 4494 1207 4550 iis
1238 4494 1609 4571 intumescens
1630 4495 1904 4560 auctibus,

332 4595 392 4641 ut
420 4585 579 4643 brevi
606 4592 924 4656 erupturam
951 4586 1007 4641 in
1047 4583 1341 4640 tumultum
1377 4575 1690 4655 appareret.
1716 4585 1905 4641 Altera

334 4684 530 4740 tetrior
602 4682 950 4753 inexplebilis
1008 4682 1269 4738 videlicet
1330 4680 1560 4738 avaritia
1617 4690 1905 4753 potentum

332 4775 666 4846 monopoliis
716 4773 883 4828 tritici
932 4775 1322 4845 venaliumque
1377 4773 1431 4829 id
1493 4789 1669 4846 genus
1721 4788 1903 4829 rerum

330 4868 719 4941 ﬂagellantinm
750 4882 1049 4924 annonam.
1106 4867 1582 4937 Praaoccupabant
1640 4867 1903 4921 nimirum

333 4976 518 5018 emere
538 4960 794 5016 alimenta
822 4968 877 5015 et
907 4974 995 5016 res
1030 4958 1167 5015 alias
1219 4960 1456 5015 humano
1494 4958 1661 5014 victui
1689 4972 1753 5012 ac
1789 4958 1907 5011 cul-

332 5054 408 5108 tui
438 5052 605 5108 utiles
652 5051 803 5116 prius
853 5065 1014 5119 quam
1063 5050 1185 5107 foro
1241 5048 1708 5119 importarentur;
1769 5066 1905 5117 quas

335 5148 561 5204 immani
610 5145 812 5203 deinde
845 5146 944 5215 ipsi
980 5145 1179 5215 pretio,
1236 5152 1447 5213 quaestu
1504 5158 1608 5197 suo
1653 5143 1905 5213 improbo

328 5239 745 5306 distraherent,
816 5239 951 5295 nihil
1012 5239 1167 5309 pensi
1222 5238 1488 5293 habentes
1538 5252 1650 5307 quo
1698 5239 1904 5309 probro

1984 3621 1989 3625 -
2016 3586 2478 3644 exterminat-tatur
2497 3602 2529 3643 e
2544 3586 2761 3643 civitate
2785 3596 2895 3641 tam
2917 3585 3225 3655 perniciosa
3245 3587 3589 3658 corruptela.

2017 3676 2221 3736 Verum
2262 3694 2574 3749 quanquam
2600 3679 2691 3735 ille
2711 3694 2771 3735 se
2798 3678 2867 3734 ad
2906 3679 2983 3734 ita
3014 3680 3246 3735 omnino
3278 3678 3591 3736 faciendum

2012 3771 2374 3844 jurejurando
2410 3772 2693 3841 conceptis
2732 3772 2945 3842 prolato
3001 3772 3189 3827 verbis
3234 3770 3591 3833 astrinxerat,

2016 3865 2155 3920 nihil
2212 3873 2393 3919 tamen
2431 3872 2516 3920 est
2558 3863 2888 3935 perfectum,
2947 3865 3070 3935 ipso
3098 3864 3155 3920 in
3213 3861 3594 3919 comminatio-

2014 3958 2181 4013 nibus
2212 3957 2365 4013 vanis
2391 3957 2545 4013 exire
2586 3956 2642 4012 in
2674 3958 2934 4012 effectum
2971 3956 3168 4027 ignavo
3205 3964 3417 4011 terrore
3463 3967 3591 4023 pro-

1980 4050 2206 4109 hibitis
2233 4059 2407 4106 totum
2439 4050 2707 4121 impetum
2747 4058 3115 4106 consumente
3161 4048 3265 4103 zeli
3300 4047 3593 4105 ambitiose

2012 4141 2293 4198 ostentati.
2320 4139 2441 4206 Quo
2481 4140 2629 4197 facto
2674 4140 2743 4193 ad
2791 4148 3020 4195 caeteras
3074 4137 3453 4194 accusationes
3501 4136 3593 4193 sui

2011 4226 2164 4281 illam
2190 4223 2403 4279 addidit
2432 4222 2813 4295 gravissimam
2850 4220 3082 4291 periurii
3112 4220 3349 4275 consciti
3398 4234 3463 4275 ea
3506 4233 3588 4284 re,

2012 4332 2177 4389 quam
2242 4314 2464 4371 Christo
2505 4316 2613 4371 Deo
2642 4333 2672 4371 e
2718 4315 2875 4371 cmlis
2908 4314 2975 4370 ad
3010 4331 3114 4370 nos
3172 4314 3395 4385 delapso
3446 4320 3590 4368 teste

2013 4409 2260 4490 adhibito
2285 4409 2628 4479 promiserat,
2661 4407 2888 4463 minime
2924 4407 3258 4479 praestanda.

2009 4524 2067 4581 2.
2112 4522 2301 4580 Oratio
2348 4523 2685 4590 imperatoris
2735 4522 2804 4575 ad
2863 4522 3145 4577 schismate
3194 4520 3469 4584 discissos,
3537 4524 3589 4572 et

2402 4594 2586 4647 horum
2620 4592 2689 4645 ad
2722 4593 2871 4647 illam
2905 4592 3201 4660 responsio.

2078 4684 2345 4742 Caeterum
2408 4685 2703 4740 schismate
2755 4684 2958 4739 dudum
3020 4683 3241 4737 avulsus
3268 4681 3338 4735 ab
3392 4678 3585 4734 Eccle-

2008 4780 2105 4835 siae
2129 4776 2935 4850 MConstantinopolitanac
2995 4772 3386 4828 communione
3442 4785 3586 4825 nona

2005 4887 2174 4941 supra
2208 4871 2520 4924 vicesimam
2547 4867 2887 4938 Septembris
2918 4866 3007 4922 die
3034 4867 3331 4936 imperator
3355 4878 3587 4932 congre-

2004 4966 2173 5037 gavit,
2205 4964 2404 5019 educto
2444 4964 2607 5017 etiam
2663 4962 2728 5016 ad
2764 4962 2867 5015 hoc
2890 4960 3103 5017 Joanne
3132 4960 3519 5013 Tarchaneota
3553 4971 3585 5011 e

2006 5060 2279 5122 custodia,
2310 5059 2362 5112 in
2392 5073 2553 5129 quam
2586 5073 2707 5113 eum
2740 5057 2910 5112 libere
2942 5056 3092 5126 prius
3124 5056 3310 5109 vivere
3354 5052 3584 5123 permis-

2004 5168 2151 5217 sum,
2188 5152 2385 5206 deinde
2428 5150 2573 5221 quod
2608 5160 2662 5205 et
2688 5150 2805 5218 ipse
2855 5150 3181 5219 patriarcha:
3249 5147 3585 5202 adversaba-

2004 5252 2115 5308 tur,
2151 5243 2466 5300 incluserat.
2496 5241 2652 5298 Hunc
2689 5258 2791 5298 suo
2837 5244 2994 5312 jussu
3042 5243 3307 5297 emissum
3359 5254 3586 5295 carcere

334 5348 434 5390 suo
455 5333 729 5390 damnove
780 5331 959 5388 alieno
1006 5330 1246 5388 sordidae
1302 5331 1594 5401 cupiditati
1632 5333 1905 5402 obseque—
1980 5338 2101 5393 -ubi
2129 5346 2453 5408 praesentem
2497 5335 2687 5391 habuit
2720 5352 2845 5391 cum
2877 5335 3123 5403 reliquis,
3149 5333 3254 5387 alte
3284 5331 3583 5388 considens

334 5438 541 5484 rentur.
575 5426 742 5482 Iidem
767 5440 931 5498 porro
958 5436 1117 5496 gustu
1160 5425 1302 5481 lucri
1348 5425 1517 5481 semel
1562 5433 1722 5495 capto
1761 5441 1905 5480 rem-
1970 5470 1985 5475 .,
2006 5428 2074 5483 ad
2100 5427 2433 5493 universam
2474 5427 2792 5481 concionem
2843 5427 3006 5480 verba
3055 5425 3203 5491 fecit,
3260 5422 3580 5481 sedentibus

337 5521 607 5589 publicant
639 5535 857 5590 quoque
888 5520 1061 5589 ipsam
1110 5517 1341 5587 quaestui
1372 5518 1667 5585 habebant,
1708 5518 1905 5575 suﬂ’ra-
2003 5534 2191 5574 coram
2242 5528 2299 5574 et
2347 5520 2512 5574 caecis
2552 5518 2858 5583 monachis,
2906 5517 2972 5571 ad
3030 5532 3171 5587 quos
3233 5515 3577 5586 potissimum

340 5613 446 5683 εἰει,
468 5612 701 5684 judicia,
749 5612 935 5668 munia
958 5613 1081 5667 sine
1116 5610 1292 5667 meriti
1330 5610 1649 5666 discrimine
1691 5609 1757 5664 ad
1783 5611 1902 5678 plus
1988 5612 2081 5669 ,ιιιὶ
2114 5611 2386 5682 praecipua
2420 5611 2699 5667 columina
2732 5611 2985 5667 factionis
3019 5619 3074 5667 et
3120 5625 3347 5666 summa:
3386 5618 3573 5661 auctoo

334 5713 683 5761 numerantes
704 5703 1058 5770 inﬂectendo,
1089 5703 1164 5758 ita
1190 5712 1249 5758 ut
1278 5702 1694 5759 eﬂunderentur
1718 5704 1899 5759 omnia
2009 5706 2186 5761 ritatis
2212 5706 2801 5778 apartiariisipsorum
2836 5707 3054 5762 habitos
3084 5704 3364 5759 intendere
3389 5702 3551 5769 «lispu

337 5804 548 5867 temere,
590 5798 723 5855 nihil
780 5797 993 5855 fortiter
1070 5798 1477 5866 decerneretur,
1538 5806 1747 5853 cuncta:
1796 5796 1896 5853 ob-
1970 5844 1973 5845 ν
2006 5800 2227 5858 tatiouis
2257 5803 2430 5858 aciem
2470 5802 2724 5863 parabat.
2763 5800 2971 5859 habens
3000 5801 3147 5857 circa
3184 5815 3243 5856 se
3277 5799 3407 5852 hinc
3444 5792 3576 5865 qui-
