4004 6228
386 290 488 359 511

1503 284 1507 288 ’
1563 295 1888 358 GEORGII
1925 298 2414 361 PACHYMERrE

3542 289 3652 354 512
3687 286 3690 288 ’

383 408 476 480 ρδς
503 409 599 480 μὲν
621 406 854 479 ἐχθροῖς,
889 406 1057 461 πολλὰ
1082 407 1125 460 δ’
1159 407 1295 477 ὑπὲρ
1330 405 1590 478 ὑπηκόων
1625 409 1867 478 πονήσας
1897 424 1954 460 τε
1984 405 2033 466 Α
2060 410 2256 479 ἐκείνῳ
2297 409 2471 463 δεινὸν
2526 409 2753 462 τοιαῦτα
2819 409 2916 462 καὶ
2943 408 3088 463 οὕτω
3139 399 3453 478 πράττοντι.
3498 398 3639 458 Ἀλλ’

381 503 478 557 καὶ
498 501 712 568 παθὼν,
736 502 833 556 καὶ
859 501 1228 572 διαφερόντως
1250 501 1373 572 ἐμοὶ
1391 503 1528 565 τέως
1559 498 1706 566 ἄξιος
1734 502 1790 565 ἐς
1813 502 1957 555 ἅπαν

382 593 614 660 εὐνοίας,
670 595 792 646 ὅσον
825 594 920 646 καὶ
952 590 1146 645 ἑαυτοῦ
1208 591 1470 660 πολλάκις
1513 593 1606 645 καὶ
1641 594 1696 656 ἐς
1729 591 1961 654 πολλοὺς

382 631 614 660 um...”
670 631 790 646 νυν.
827 631 920 646 η...
952 631 1146 645 ..-πη
1216 631 1444 646 ..υηηυηη
1515 631 1606 645 ης...
1641 631 1695 656 ..ς
1735 631 1957 654 nam--.

381 682 557 749 λέγων
584 681 864 752 προύτίμα
897 682 992 736 καὶ
1027 683 1124 750 τὴν
1157 684 1296 735 κατὰ
1323 631 1613 752 σύγίρισιν
1633 676 1806 754 ἧτταν
1829 682 1962 749 ὀμο-

380 776 553 844 λογῶν
587 778 687 829 οὐκ
717 775 1008 846 ᾐσχύνετο.
1072 775 1214 828 Ἀλλ’
1270 776 1424 844 ὅμως
1479 773 1628 828 τοῦτ’
1691 774 1838 840 ἔδοξε
1867 774 1962 827 καὶ

380 871 540 928 τοῦτο
589 871 844 940 γεγόνει·
896 872 1044 938 δεινὴ
1095 872 1204 942 γὰρ
1254 873 1285 941 ἡ
1323 869 1511 942 ἐντολὴ
1551 872 1709 941 καὶὴ
1756 872 1849 924 τοῦ
1887 872 1962 942 μὴ

380 966 532 1031 ἄξιον
569 959 706 1017 εἷναί
750 982 809 1016 τε
847 965 941 1017 καὶ
998 963 1311 1032 λογίζεσθαι
1357 962 1597 1032 Χριστοῦ
1640 963 1836 1032 ἀπειλὴ
1870 965 1963 1017 τὸν

379 1059 560 1126 γονεῖς
606 1057 746 1126 ὑπὲρ
799 1055 962 1109 αὑτὸν
998 1056 1381 1126 ἀγαπήσαντα.
1429 1054 1515 1122 [Ρ.
1557 1054 1685 1126 525]
1732 1055 1871 1109 Ἀλλ’
1927 1058 1959 1127 ἡ

385 1151 591 1221 μήτηρ,
623 1150 714 1202 καὶ
739 1150 790 1202 τί
830 1167 892 1216 γε
915 1150 1060 1202 εἴποι
1084 1167 1169 1211 τις
1193 1148 1320 1201 ἄλλο
1347 1147 1379 1217 ἢ
1412 1149 1630 1219 μήτηρ;
1661 1147 1756 1202 καὶ
1783 1149 1963 1218 μήτηρ

380 1243 607 1312 τοιαύτη
644 1242 734 1294 καὶ
762 1241 934 1304 οὕτως
963 1243 1098 1312 πρὸς
1134 1244 1280 1311 ἡμᾶς
1309 1241 1526 1312 ἔχουσα,
1547 1241 1663 1296 ἀλλ’
1693 1241 1802 1296 οὐδ’
1823 1242 1962 1312 αὐτή

383 1353 445 1399 γε
480 1328 622 1407 πρὶν
659 1338 757 1405 τῆς
813 1334 934 1406 μεθ’
964 1334 1126 1405 ἡμῶν
1180 1334 1467 1401 βασιλικῆς
1497 1336 1722 1406 μνήμης
1757 1333 1842 1388 ἐπ’
1873 1337 1965 1388 ὲκ-

385 1430 614 1499 κλησίας
645 1429 825 1498 ἔτυχε,
878 1431 1007 1496 πρὶν
1057 1429 1352 1498 γράμμασι
1397 1430 1489 1481 καὶ
1523 1429 1850 1498 ἀσφαλείαις
1884 1430 1965 1481 ol-

385 1523 710 1594 κειοχείροις
741 1524 839 1588 τὴν
883 1522 992 1575 τῶν
1025 1526 1151 1592 πρὶν
1203 1521 1579 1593 πραχθέντων,
1611 1521 1749 1575 είπω
1782 1523 1839 1576 δὲ
1871 1523 1966 1576 καὶ

2057 502 2207 571 ὅμως
2258 504 2379 556 ἐπεὶ
2435 501 2639 570 μεταξὺ
2668 500 3009 569 τελουμένων
3057 497 3284 553 ἐκείνων
3338 498 3519 567 ἐκείνη
3555 496 3643 548 τέ-

2059 595 2248 664 θνηκε,
2282 595 2375 647 καὶ
2404 592 2560 646 οὔπω
2589 592 2810 661 τρόποις
2857 590 3152 661 μετανοίας
3199 589 3260 643 τὸ
3297 584 3396 656 τῆς
3451 605 3645 643 κοινω-

2058 688 2175 749 νίας
2205 684 2536 756 ἐκαθήρατο,
2567 684 2657 745 ὡς’
2677 683 2812 752 μηδὲ
2836 684 2934 752 τῆς
2960 682 3115 745 ὁσίας
3160 679 3396 750 τυχοῦσα
3429 681 3526 733 καὶ
3568 673 3644 732 ὧν

2060 779 2166 831 ἔδει
2196 779 2342 843 τότε,
2379 776 2485 832 τῶν
2535 777 2593 841 ἐς
2626 779 2801 830 νέωτα
2837 773 3202 845 μνημοσύνων
3255 774 3346 825 ἐπὶ
3378 775 3476 840 τῆς
3506 771 3646 840 ἐμῆς

2059 869 2363 941 αὐταρχίας
2390 869 2649 940 ἀπέτυχε,
2679 868 2776 921 καὶ
2796 867 2928 920 ὁὲπ’
2962 865 3290 936 Ἐκκλησίας
3317 866 3482 934 τόμος
3512 866 3540 917 ὁ
3566 865 3647 927 είς

2061 962 2336 1032 εὐφημίαν
2387 959 2497 1015 τῶν
2545 960 2845 1031 ὀρθοδόξως
2892 959 3211 1028 βιωσάντων
3262 957 3358 1010 καὶ
3421 956 3648 1026 μνήμην

2061 1053 2215 1106 ὁσίαν
2250 1053 2374 1107 κατ’
2426 1052 2546 1116 ἔτος
2601 1051 2689 1105 ἐπ’
2736 1050 3062 1122 ὀκρίϐαντος
3131 1050 3651 1118 ἀναγινωσκόμενος

2061 1144 2237 1202 ἄλλων
2277 1145 2374 1215 μὲν
2432 1142 2730 1198 δεάποινῶν
2787 1143 3032 1214 ὀνόματα
3087 1145 3265 1214 φέρει,
3301 1146 3396 1197 καὶ
3437 1145 3537 1195 τῶν
3575 1146 3648 1214 μὴ

2065 1243 2186 1297 κατ’
2220 1244 2439 1313 εκείνην
2497 1240 2626 1303 ἴσως
2679 1242 2778 1298 τὰς
2810 1242 3033 1310 ἀρετὰς,
3090 1242 3259 1311 αὐτὴν
3290 1241 3346 1293 δὲ
3384 1241 3557 1309 μόνην
3594 1240 3652 1302 ἐς

2064 1334 2212 1388 ἅπαν
2238 1335 2496 1404 ἠγνόησε,
2523 1334 2725 1397 ζῶντος
2756 1331 2892 1402 ἐμοῦ
2918 1332 3013 1385 καὶ
3036 1327 3212 1386 ταῦτα
3242 1333 3338 1385 καὶ
3365 1331 3649 1402 ἄρχοντος,

2062 1425 2204 1496 ⁴ἥλιε.
2239 1427 2387 1497 Πλὴν
2437 1428 2485 1478 εί
2533 1425 2638 1496 χρὴ
2694 1425 2875 1493 λέγειν
2912 1424 3173 1494 τάληθὲς,
3210 1425 3334 1494 ἐμοὶ
3369 1426 3466 1478 καὶ
3493 1424 3654 1478 τοῦτο

2065 1519 2130 1570 ὲκ
2154 1516 2476 1587 περιουσίας
2515 1518 2855 1586 πέπρακται,
2909 1516 3006 1568 καὶ
3038 1514 3194 1568 οὔπω
3241 1531 3324 1570 τις
3350 1511 3461 1576 οἷος
3493 1500 3652 1578 οὗτος

385 1615 482 1686 τὴν
510 1616 602 1670 τοῦ
652 1617 866 1686 ἀνδρὸς,
903 1616 1160 1687 ἀθέτησιν
1220 1616 1561 1686 ὲμπεδῶσαι.
1607 1616 1823 1685 Eii-xcv.
1860 1615 1905 1670 δ’
1937 1617 1966 1668 ὁ
2067 1608 2392 1678 ὑπομνήσας
2422 1607 2649 1676 ἔφθασε,
2683 1607 2780 1659 καὶ
2804 1607 2862 1659 τὸ
2891 1605 3099 1675 ταύτης
3135 1608 3485 1676 μνημόσυνον
3517 1607 3654 1659 ἀπεο

384 1707 540 1774 λόγος
573 1710 664 1761 καὶ
699 1711 777 1772 είς
806 1709 904 1778 τὴν
935 1708 1073 1780 ἐμὴν
1114 1710 1388 1778 προτέραν
1435 1709 1691 1777 σύζυγον,
1719 1709 1842 1778 ἥτις
1874 1710 1964 1760 ἐπὶ
1998 1736 2044 1792 Β
2067 1700 2318 1792 κόῖξτετοο
2575 1697 2687 1792 ξγὼ
2734 1697 2874 1792 περὶ(
2906 1698 3100 1753 ταῦταο
3129 1698 3445 1792 ᾲΚΫαὶῄὑμεῖς
3491 1697 3678 1792 Tagi-1‘9"

384 1800 638 1854 τοσοῦτον
660 1804 773 1862 τοῖς
806 1801 924 1854 τότε
959 1801 1357 1872 πραττομένοις
1382 1802 1664 1871 ἀπήχθετο
1705 1801 1842 1854 ὥστε
1873 1800 1967 1854 καὶ
2003 1789 2027 1792 v
2067 1789 2322 1860 ὁρῶντες,
2363 1789 2516 1842 πάλλ’
2567 1791 2705 1844 ἄττα
2755 1790 2941 1860 κύκλῳ
2980 1790 3434 1861 περιϐαλλόμενοι
3475 1791 3574 1843 καὶ
3597 1789 3654 1852 ὲς

386 1895 465 1961 τῷ
509 1894 944 1965 πρωτοσεϐαστῷ
999 1895 1119 1948 τότε
1158 1896 1452 1963 Νοστόγγῳ
1487 1894 1707 1966 θερμῶς
1760 1894 1970 1956 ἐπαρᾶ-

389 1985 515 2038 σθαι
545 1986 667 2039 κατ’
701 1985 967 2056 ἀνατολὴν
999 1986 1108 2040 τῶν
1133 1987 1491 2057 πραχθέντων
1515 1987 1678 2058 χάριν
1699 1987 1826 2049 τοὺς
1853 2003 1970 2056 σχι-

389 2077 651 2146 ζομένους
679 2077 748 2130 τὰ
782 2077 1041 2133 πάνδεινα
1067 2078 1285 2146 δρῶντι,
1325 2079 1423 2132 καὶ
1449 2078 1680 2150 ἕρμαιον
1709 2077 1968 2148 ἡγεῖσθαι

388 2170 482 2224 καὶ
541 2169 676 2241 πρὸς
708 2170 879 2241 αὐτῆς
923 2171 952 2224 ὅ
1006 2187 1060 2225 τι
1111 2170 1400 2242 συμϐαίνοι
1460 2171 1598 2244 παρ’
1654 2169 1969 2225 οὑτινοσοῦν

389 2369 706 2426 quanquam
738 2363 857 2418 erat
886 2371 1041 2411 meus
1079 2365 1273 2412 natura
1301 2366 1477 2428 pater,
1521 2356 1721 2414 affectu
1750 2354 1970 2412 collatis

391 2456 594 2505 testato
617 2447 783 2504 donis
806 2448 873 2503 de
909 2465 993 2503 me
1016 2451 1222 2519 optime
1249 2451 1506 2514 meritus,
1534 2448 1670 2504 mihi
1705 2447 1971 2504 charissi-

391 2556 514 2596 mus
547 2550 601 2597 et
632 2550 740 2595 tam
763 2540 902 2597 artis
943 2556 1105 2612 quam
1154 2543 1281 2610 quis
1309 2542 1484 2612 possit
1520 2542 1707 2597 dicere
1739 2541 1822 2595 vel
1877 2554 1970 2594 ne-

391 2628 746 2686 cessitudinis
773 2634 801 2683 a
834 2628 1322 2701 consanguinitate
1351 2628 1534 2687 ductae
1557 2631 1638 2685 vel
1673 2631 1968 2702 gratitudi-

391 2723 477 2777 nis
503 2722 575 2777 ob
609 2721 902 2788 beneficia,
931 2736 1016 2778 me
1046 2721 1149 2777 sibi
1179 2720 1348 2795 566
1381 2723 1706 2778 obstrictum
1738 2723 1972 2779 vinculis

391 2815 642 2880 trahens,
681 2823 889 2878 tamen,
915 2825 1181 2885 quantum
1237 2815 1294 2869 in
1359 2831 1445 2872 me
1499 2815 1625 2878 fuit,
1689 2814 1836 2870 omni
1887 2822 1972 2870 est

390 2906 640 2975 privatus
671 2906 880 2961 honore
921 2906 1222 2971 memoriae,
1257 2921 1322 2962 ac
1373 2921 1441 2961 ne
1471 2908 1560 2962 illa
1595 2906 1814 2977 quidem
1849 2922 1972 2978 quae

391 2997 528 3052 nulli
549 2999 827 3068 negature
846 2996 1000 3067 plebe
1015 2996 1346 3061 Christiana,
1371 2997 1669 3068 sepulturae
1683 2999 1856 3069 gratia
1887 2998 1971 3050 di-

2065 1883 2185 1935 τόδε
2213 1883 2489 1952 σχίζεσθε,
2525 1881 2830 1952 ἀφορισμὸν
2858 1883 2953 1936 τοῦ
2989 1883 3333 1954 πατριάρχου
3365 1881 3655 1953 Ἀρσενίου

2067 1976 2225 2027 κατὰ.
2244 1975 2335 2027 τοῦ
2361 1973 2481 2043 μετ’
2513 1975 2676 2027 αὐτὸν
2707 1977 3256 2046 ποιμεναρχήσαντος
3289 1975 3492 2044 Ἰωσὴφ
3522 1992 3658 2043 προ-

2067 2065 2353 2130 σάλλεσθε,
2380 2066 2474 2119 καὶ
2515 2066 2781 2137 διαθήκας
2825 2067 3036 2119 ἐκείνου
3085 2066 3561 2144 προτείνετεηκαὶ
3596 2066 3658 2119 τὸ

2065 2153 2256 2209 δοκοῦν
2277 2156 2358 2220 τίς
2384 2155 2619 2227 ὑποψίαν
2646 2157 2864 2213 δικαίαν
2885 2156 2980 2212 τοῦ
3004 2149 3079 2222 ὡς
3109 2156 3271 2229 δῆθεν
3303 2152 3654 2229 πλάσματος,

2070 2343 2465 2413 imputaturam
2506 2341 2751 2412 proprio,
2810 2341 3080 2414 quidquid
3112 2341 3242 2398 huic
3301 2342 3490 2398 talium
3551 2342 3660 2398 mi-

2070 2431 2596 2504 nistroinjuriarum
2632 2433 2757 2488 mali
2783 2448 2851 2488 ac
2876 2433 3049 2490 cladis
3083 2448 3114 2486 a
3155 2447 3433 2503 quoquam
3457 2432 3660 2489 inferri

2070 2523 2435 2594 contingeret,
2466 2531 2649 2580 tamen
2678 2523 2729 2580 ei
2769 2525 3029 2595 quoniam
3062 2525 3204 2579 diem
3233 2524 3458 2581 obeunti
3489 2539 3660 2579 suum

2070 2616 2314 2680 interim,
2345 2615 2476 2671 dum
2509 2617 2600 2672 illa
2625 2627 2975 2686 gererentur,
3009 2616 3174 2690 467
3201 2623 3379 2672 otium
3428 2625 3530 2671 aut
3556 2617 3664 2686 Ja-

2071 2710 2249 2765 cultas
2284 2708 2700 2765 deluiteluendi
2735 2718 2864 2766 ante
2901 2711 3112 2766 obitmn
3159 2711 3418 2782 legitimae
3465 2709 3666 2780 piacu-

2071 2802 2141 2859 lis
2172 2802 2504 2872 paenitentia:
2546 2803 2820 2858 maculam
2847 2802 3051 2859 Latina:
3077 2797 3505 2868 communionis,
3565 2815 3664 2859 ne-

2073 2905 2198 2969 gata
2228 2896 2456 2952 omnino
2479 2904 2565 2952 est
2595 2910 2624 2950 a
2655 2910 2744 2951 me
2775 2896 3053 2966 posterius
3115 2897 3336 2967 imperii
3401 2901 3689 2967 compote

2072 3005 2135 3046 ea
2162 3005 2290 3060 pars
2324 2988 2725 3059 exsequialium
2761 2989 3031 3044 honorum
3069 3003 3191 3059 quae
3225 2988 3393 3044 dilata
3444 2986 3660 3045 recenti

390 3095 611 3159 gnatus.
673 3085 768 3142 Vir
795 3088 926 3143 licet
956 3104 1230 3155 summus,
1266 3097 1320 3145 et
1355 3089 1657 3160 imperator
1688 3089 1968 3147 laboribus
1995 3079 2039 3141 (ἶ
2077 3081 2274 3144 funere
2303 3083 2371 3139 ad
2399 3093 2617 3156 tempus
2657 3083 2790 3140 illud
2831 3083 3161 3153 pertinebat.
3225 3081 3363 3155 Ego,
3404 3083 3661 3154 inquam.

391 3179 706 3256 exantlatis,
733 3179 994 3234 aerumnis
1029 3179 1278 3237 toleratis
1319 3196 1420 3250 pro
1456 3181 1740 3251 republica
1774 3181 1970 3251 ingen-

391 3270 544 3328 tibus
569 3271 1172 3339 commendatissimus,
1226 3273 1321 3342 qui
1359 3273 1568 3328 nullum
1595 3274 1649 3328 in
1682 3289 1769 3328 me
1804 3275 1972 3329 bene-

391 3363 645 3418 volentiae
678 3363 838 3433 plane
869 3363 1166 3435 singularis
1214 3366 1495 3422 omisisset
1551 3364 1810 3430 odicium,
1863 3366 1972 3424 mei

391 3454 595 3510 nullam
623 3453 913 3525 insigniter
934 3454 1167 3508 ornandi
1200 3455 1546 3510 occasionem
1582 3457 1966 3526 praeteriisset,

393 3561 460 3602 eo
491 3545 712 3617 quidem
749 3561 945 3616 usque,
975 3555 1035 3602 ut
1060 3561 1208 3617 saepe
1227 3561 1414 3603 coram
1447 3547 1636 3604 multis
1685 3549 1972 3604 disserens

395 3653 486 3692 me
541 3637 646 3694 sibi
678 3639 984 3709 praetulerit
1030 3649 1086 3695 et
1132 3639 1188 3694 in
1248 3641 1664 3710 comparatione
1721 3651 1973 3697 nostrum

395 3729 684 3783 amborum
713 3744 772 3785 se
798 3729 929 3783 mihi
965 3744 1089 3785 esse
1112 3729 1432 3786 inferiorem
1462 3730 1622 3786 lateri
1682 3746 1791 3785 non
1846 3746 1973 3786 eru-

394 3823 596 3879 buerit.
632 3821 839 3878 Tamen
866 3822 933 3877 de
959 3823 1052 3878 illo
1075 3824 1151 3878 ita
1187 3824 1431 3892 decrevi,
1461 3833 1515 3880 et
1547 3824 1693 3895 quod
1718 3823 1976 3880 decreve-

392 3931 512 3971 ram
546 3917 725 3987 reipsa
748 3917 1000 3986 praestiti,
1027 3919 1138 3971 vim
1168 3918 1390 3973 scilicet
1420 3927 1633 3980 natura;
1661 3932 1727 3972 ac
1773 3917 1976 3972 volun-

394 4008 494 4064 tati
525 4023 659 4064 meae
687 4008 922 4063 faciente
959 4008 1374 4065 ineluctabilem
1412 4009 1501 4064 illa
1531 4008 1734 4064 Christi
1761 4010 1978 4064 denun-

397 4100 626 4156 tiatione
661 4101 1034 4164 severissima,
1071 4102 1334 4172 negantis
1364 4103 1593 4170 dignum
1643 4103 1764 4170 ipso
1817 4116 1977 4170 repu-

396 4187 622 4242 tandum
655 4187 746 4257 qui
781 4201 1041 4258 parentes
1101 4191 1227 4260 plus
1260 4205 1421 4259 quam
1463 4191 1641 4260 ipsum
1677 4191 1967 4246 amaverit.

397 4280 502 4336 Sed
536 4291 587 4335 et
618 4292 815 4347 mater,
851 4283 1020 4353 'cujus
1086 4284 1326 4338 nominis
1383 4283 1576 4343 affectu
1621 4285 1751 4354 quid
1814 4283 1976 4339 fando

398 4374 694 4428 memorari
765 4377 1012 4432 tenerius
1065 4376 1272 4445 queat?
1329 4387 1523 4442 mater,
1576 4377 1686 4442 aio,
1729 4393 1867 4442 mea,
1924 4383 1979 4432 et

2079 3177 2171 3233 ubi
2203 3177 2353 3233 solus
2382 3176 2546 3233 rebus
2577 3175 2795 3247 praefui,
2855 3176 3016 3247 longe
3039 3175 3408 3240 {charissima
3459 3175 3660 3231 uxoris

2079 3271 2279 3326 acerbo
2309 3279 2481 3340 raptae
2509 3283 2662 3334 casu,
2697 3267 2924 3338 quicum
2987 3267 3339 3323 concorditer
3388 3268 3661 3334 vixeram,

2079 3363 2316 3416 multare
2350 3361 2669 3416 memoriam
2700 3359 2944 3416 sustinui
2993 3360 3207 3430 reliquo
3245 3360 3431 3416 debito
3462 3375 3663 3432 paren-

2079 3455 2268 3509 talium
2293 3449 2736 3524 imperatricibus
2765 3451 2977 3507 exsolvi
3005 3452 3318 3509 solitorum.
3344 3449 3456 3524 Ego
3479 3469 3661 3510 meam

2077 3547 2401 3618 Augustam,
2461 3553 2722 3614 tanquam
2771 3558 2842 3599 ne
2897 3559 3069 3601 sacrae
3127 3545 3347 3616 quidem
3402 3551 3662 3603 contactu

2083 3646 2242 3693 terra:
2276 3647 2373 3692 aut
2403 3636 2781 3692 ecclesiastica
2807 3636 3048 3708 {dignata
3115 3637 3312 3693 fuisset
3350 3639 3660 3708 sepultura,

2079 3731 2236 3801 quasi
2279 3745 2376 3799 pro
2409 3726 2880 3786 excommunicata
2922 3743 3124 3799 passus
3171 3744 3296 3785 sum
3331 3731 3542 3786 haberi.
3577 3733 3662 3787 Me

2080 3825 2317 3889 sinente,
2351 3823 2397 3879 si
2427 3838 2537 3877 non
2565 3823 2732 3878 etiam
2763 3819 3018 3892 iubente,
3049 3823 3267 3878 sublata
3294 3823 3415 3892 ejus
3447 3826 3662 3880 mentio

2081 3926 2223 3972 este
2272 3923 2418 3969 tomo
2449 3915 2504 3968 in
2546 3913 2779 3970 ecclesia
2814 3924 3055 3981 servato,
3107 3915 3256 3972 unde
3283 3915 3660 3986 Augustarum

2083 4008 2139 4062 in
2187 4005 2497 4062 orthodoxa
2542 4005 2809 4074 religione
2849 3987 3499 4062 defunctarum'recitari
3562 4025 3664 4078 pu-

2085 4099 2226 4154 blice
2250 4099 2317 4153 de
2338 4112 2501 4154 sacro
2528 4098 2739 4166 pulpito
2773 4105 2832 4150 et
2891 4097 3271 4153 anniversaria
3324 4113 3668 4156 commemo-

2086 4191 2301 4245 ratione
2323 4205 2446 4246 cum
2480 4189 2640 4244 laude
2665 4189 2952 4259 praedicari
2984 4189 3208 4245 nomina
3233 4199 3661 4248 consueverunt.

2086 4286 2278 4355 itaque
2317 4285 2456 4339 alias
2487 4299 2553 4339 ex
2629 4285 2737 4339 isto
2783 4283 2975 4338 codice
3017 4282 3294 4349 dominas,
3353 4285 3497 4340 forte
3536 4287 3666 4344 huic

2086 4377 2335 4448 impares
2392 4393 2495 4434 nec
2551 4376 2958 4448 comparandas
3019 4376 3312 4446 splendore
3372 4380 3662 4449 virtutum,

398 4474 575 4520 mater
609 4467 758 4532 talis,
785 4479 894 4523 tam
952 4468 1304 4539 indulgenter
1339 4484 1403 4524 ac
1461 4470 1722 4524 benevole
1787 4469 1980 4524 aﬂ‘ecta
2009 4449 2056 4503 Ῑ)
2085 4470 2212 4524 inde
2241 4469 2497 4526 audimus
2526 4468 2758 4524 solemni
2786 4470 3256 4537 pronuntiationis
3305 4472 3666 4526 commenda-

398 4556 453 4612 in
490 4575 574 4615 me
602 4576 615 4614 :
648 4559 744 4614 sed
781 4575 901 4626 nec,
930 4560 1182 4630 inquam,
1219 4560 1336 4631 ipsa
1376 4569 1566 4618 nostra
1604 4562 1863 4632 genitrir,
1914 4577 1980 4617 ex

398 4667 510 4720 quo
577 4651 791 4722 imperii
846 4654 1053 4710 liberas
1111 4655 1357 4710 habenas
1404 4666 1641 4710 tractare
1689 4657 1979 4725 coepimus,

399 4739 658 4806 Augusta:
690 4741 935 4796 debitum
988 4742 1043 4796 in
1086 4743 1336 4798 Ecclesia
1396 4745 1659 4815 consequi
1718 4747 1979 4801 honorem

397 4831 552 4901 prius
590 4833 768 4901 potuit
805 4849 967 4900 quam
997 4834 1197 4890 litteris
1244 4845 1299 4890 et
1332 4835 1698 4906 chirographo
1755 4839 1982 4908 proprio

397 4924 578 4992 palam
645 4935 945 4981 testaretur
997 4927 1421 4984 detestationem
1501 4939 1880 4985 anteactorum
1933 4942 1983 4985 et

397 5016 604 5084 proiirii
649 5018 1174 5072 condemnationem
1221 5021 1470 5075 sanciret
1532 5020 1654 5076 viri.
1719 5020 1984 5076 Procedat

397 5109 578 5161 oratio
610 5119 664 5162 et
695 5110 761 5164 ad
801 5112 1039 5178 priorem
1095 5127 1268 5168 meam
1317 5113 1630 5183 coniugem,
1700 5129 1823 5183 quae
1859 5115 1986 5168 licet

397 5210 510 5254 tam
550 5217 610 5255 se
645 5217 890 5257 aversam
918 5204 1256 5259 ostendisset
1296 5207 1365 5260 ab
1418 5206 1486 5260 iis
1541 5221 1663 5275 qua
1717 5204 1770 5260 in
1818 5221 1985 5260 causa

396 5291 803 5347 conciliationis
855 5292 1224 5349 Ecclesiarum
1264 5311 1331 5350 eo
1362 5304 1612 5366 tempore
1663 5296 1984 5369 agebantur,

397 5390 458 5437 ut
492 5384 880 5452 protosebasto
912 5384 1221 5457 Nostongo,
1271 5387 1322 5443 ei
1357 5389 1696 5444 obsistentes
1757 5388 1985 5442 novitati

399 5485 666 5546 tanquam
702 5477 1095 5535 schismaticos
1125 5481 1306 5551 pcenis
1333 5481 1593 5552 aiiligenti
1641 5481 1988 5552 gravissimis

396 5585 495 5640 per
532 5577 741 5624 tractus
769 5570 1100 5640 Orientales,
1139 5573 1257 5645 ipsa
1297 5576 1586 5646 indignans
1636 5575 1992 5630 malediceret

399 5662 697 5733 palamque
730 5679 1034 5720 exsecrans
1064 5667 1216 5722 diras
1248 5669 1672 5736 imprecaretur,
1735 5680 1838 5721 nec
1888 5668 1988 5719 du-

398 5755 489 5810 bie
521 5770 632 5826 pra:
652 5774 711 5815 se
745 5759 913 5814 ferret
933 5759 1306 5828 gratissimum
1335 5761 1645 5816 habituram
1673 5757 1986 5828 fructuique

2085 4563 2232 4617 tione
2255 4561 2548 4626 celebrari,
2586 4577 2750 4615 unam
2800 4577 2865 4616 ex
2898 4561 3154 4617 omnibus
3217 4563 3430 4616 Annam
3484 4577 3662 4618 meam

2083 4655 2466 4712 suavissimam
2493 4654 3028 4724 conjugem,vivente
3056 4664 3222 4725 atque
3244 4655 3381 4710 adeo
3403 4667 3667 4726 regnante

2085 4763 2198 4811 me,
2225 4756 2386 4817 teque
2415 4747 2612 4801 horum
2667 4754 2826 4810 teste,
2859 4762 3072 4800 summe
3099 4746 3317 4809 sol,fille
3352 4745 3492 4800 liber
3509 4747 3668 4815 igno-

2087 4849 2191 4897 rat.
2216 4839 2394 4910 Atque
2429 4840 2483 4893 in
2520 4840 2646 4898 hoc.
2682 4838 2728 4893 si
2766 4836 2923 4892 fateri
2984 4845 3221 4907 oportet,
3292 4837 3528 4893 ulterius
3580 4852 3667 4893 me

2087 4948 2440 5004 progressum
2480 4932 2660 4987 sentio
2687 4947 2852 5000 quam
2883 4939 3077 4985 exacta
3110 4930 3269 4985 ollicii
3293 4931 3436 4984 ratio
3467 4943 3664 4999 posce-

2088 5023 2197 5076 bat.
2222 5020 2494 5093 "Ptigidior,
2531 5022 2782 5088 inquam,
2811 5019 2966 5088 justo
3023 5017 3127 5080 lui,
3175 5017 3540 5087 exemplaque
3573 5031 3666 5071 su-

2086 5114 2276 5182 peravi
2319 5112 2402 5166 vel
2434 5123 2847 5179 supervacanee
2887 5106 3252 5161 sollicitorum
3306 5105 3359 5159 in
3415 5106 3523 5160 isto
3568 5121 3662 5175 ge-

2090 5221 2241 5272 nere,
2292 5205 2593 5274 przesertim
2630 5203 2721 5270 qui
2780 5209 2988 5253 tantam
3050 5200 3103 5252 in
3141 5207 3248 5252 tam
3321 5196 3661 5253 venerandos

2090 5313 2281 5354 manes
2312 5298 2456 5352 ultro
2489 5294 2752 5351 duritiem
2788 5291 3183 5357 conscirerim,
3219 5289 3441 5345 nemine
3469 5291 3664 5361 praeci-

2091 5390 2291 5459 piente.
2329 5388 2462 5454 Quis
2488 5388 2632 5443 enim
2669 5395 2776 5439 tam
2814 5383 3153 5438 inhumanus
3213 5383 3347 5436 mihi
3403 5382 3662 5453 praescri-

2092 5482 2220 5536 bere
2257 5482 2483 5534 auderet
2508 5478 2724 5532 facinus
2759 5485 2867 5531 tam
2914 5475 3206 5530 adversum
3275 5475 3516 5530 naturali
3565 5475 3662 5531 do-

2093 5572 2444 5650 mesticaeque
2503 5569 2736 5638 pietati?
2783 5566 2898 5621 Mea
2953 5565 3122 5636 igitur
3158 5564 3330 5620 libera
3381 5566 3665 5635 nullisque

2095 5662 2541 5735 suggestionibus
2576 5661 2640 5715 ad
2685 5662 2735 5714 id
2757 5661 3018 5715 inclinata
3052 5660 3360 5726 voluntate,
3395 5659 3660 5714 memoria

2096 5756 2370 5812 defuncta:
2397 5747 2528 5811 mea:
2561 5751 2813 5822 conjugis
2845 5768 2908 5808 ex
2945 5751 3344 5809 ecclesiasticis
3375 5748 3478 5804 fuit
3510 5749 3667 5804 tabu-
