3996 6230
330 368 334 370 γ
377 303 478 367 513

1300 301 1401 360 Du
1441 291 1889 358 ANDRONICO
1924 284 2401 351 PALIEOLOGO
2437 282 2588 344 LIB.
2636 276 2711 344 VI

3518 270 3622 338 514

342 418 438 481 νὼς
472 416 534 470 ἂν
557 412 775 485 φρονῶν
823 411 1039 484 οίηθείη
1070 373 1174 477 τις,
1207 411 1309 484 τὴν
1361 413 1460 481 τῆς
1497 408 1822 479 ὑπογραφῆς
1854 407 1949 475 δη-
1976 420 2018 469 Α
2048 402 2317 472 λήματος,
2340 399 2458 467 ἄμα
2478 381 2718 485 ⁶δ’ᾲᾲξιιῐῖιν
2743 390 2837 485 καὶ
2859 387 2949 485 τόν
2983 386 3197 485 πατέρα
3218 386 3318 457 τὴν
3343 384 3627 485 βασιλείαν

366 511 493 581 λαδὴ
530 505 939 580 παραχάραξιν,
970 508 1050 570 είς
1088 506 1182 560 τὸν
1210 505 1305 559 τοῦ
1336 504 1745 575 ύπογράφοντος
1772 500 1933 554 πόνον

363 602 622 659 δακτύλου
656 600 907 671 (ἠσθένει
930 598 1040 668 γὰρ
1072 596 1129 664 ἐξ
1153 596 1426 668 ἄνθρακος
1457 594 1655 665 δῆλον)
1678 592 1932 659 ἀνάγετε.

362 698 424 751 Τί
458 696 574 757 δαί;
613 692 766 763 ἔχετέ
799 708 903 745 που
933 693 1027 745 καὶ
1053 689 1147 743 ὲπί
1166 707 1230 743 ητι
1260 688 1487 750 δικαίως
1507 688 1732 755 ἀνάγειν
1759 684 1851 737 xal.
1874 682 1935 735 τὸ

365 788 633 859 μοχθηρὸν
658 782 745 857 [Ρτ
780 781 909 856 5%]
940 784 1039 852 τῆς
1062 779 1288 852 γνώμης
1311 781 1403 833 καὶ
1441 781 1503 833 τὸ
1534 778 1785 833 ἐντεῦθεν
1805 776 1936 829 ύπο-

363 882 551 953 τρέχον
576 880 781 951 φαῦλον
809 879 908 949 τῆς
932 876 1308 949 προαιρέσεως
1325 892 1340 942 ;
1358 874 1386 928 ὅ
1404 874 1468 944 δὴ
1496 874 1689 943 ἐκείνῳ
1710 871 1936 925 τοιαῦτα

360 975 605 1042 λέγοντες
620 976 685 1031 ὲκ
714 971 809 1026 τοῦ
844 972 1072 1034 είκότως
1104 969 1469 1039 προσάπτετε.
1497 966 1556 1021 ’0
1586 965 1765 1036 τυχὼν
1804 982 1937 1033 μετ-

362 1067 637 1122 αλλάττων
671 1066 836 1119 πᾶσιν
869 1061 945 1125 ὡς
984 1061 1112 1124 ἔπος
1143 1061 1318 1116 εἰπεῖν
1372 1058 1676 1127 συγχωρεῖ’
1715 1054 1809 1109 καὶ
1836 1071 1939 1107 ποι⁸

360 1160 627 1231 τριάρχης
655 1157 926 1225 θνήσκων,
961 1154 1080 1208 ἀντὶ
1110 1151 1205 1206 τοῦ
1228 1151 1489 1223 ,συνήθως
1518 1150 1690 1212 λύειν,
1716 1147 1936 1216 δεσμεῖν

361 1255 454 1307 καὶ
484 1251 721 1323 μάλιστα
750 1250 947 1314 εἵλετο,
978 1246 1271 1303 καὶταῦτα
1301 1245 1392 1300 τὸν
1424 1245 1562 1315 ὑπὲρ
1580 1242 1680 1312 τῆς
1710 1240 1939 1311 Ἐκκλη-

361 1345 483 1406 σίας
517 1344 843 1414 ίστάμενον;
915 1340 1057 1409 Ἐγὼ
1108 1339 1206 1412 μὲν
1260 1338 1353 1393 οὖν
1386 1336 1497 1391 καὶ
1529 1334 1711 1406 υἰικὴν
1739 1334 1937 1404 ἐκείνῳ

359 1438 511 1517 φέρω
540 1435 728 1507 τιμὴν,
791 1436 895 1488 κάν
931 1433 1147 1496 πολλοῖς
1199 1428 1317 1486 οἶδα
1346 1433 1530 1484 ἐκεῖνα
1560 1429 1744 1483 λαϐὼν
1801 1428 1935 1503 παρ’

358 1530 571 1585 ἐκείνου
595 1529 631 1583 ἃ
658 1528 722 1599 δὴ
756 1527 850 1580 καὶ
895 1526 1119 1597 ὀφειλὴν
1156 1521 1585 1594 εὐγνωμοσύνης
1639 1518 1770 1591 παρ’
1798 1518 1936 1590 ἐμοῦ

360 1628 499 1697 πρδς
528 1625 737 1677 ἐκεῖνον
769 1620 984 1675 δικαίαν
1010 1620 1358 1681 ἀνταπαιτεῖ.
1394 1618 1491 1671 καὶ
1514 1618 1575 1669 τδ
1611 1614 1821 1685 μεῖζον,
1854 1613 1938 1666 ὅτι

356 1720 453 1776 καὶ
485 1718 543 1781 ἐς
575 1714 872 1787 βασιλείαν
901 1714 1072 1785 αὐτὴν
1103 1711 1204 1783 ἐμὲ
1237 1712 1517 1783 προύτίμα
1563 1709 1659 1763 τοῦ
1697 1725 1799 1776 μου
1830 1723 1939 1785 rra-

356 1812 507 1884 τρὸς,
540 1811 751 1863 ἐκείνου
802 1809 856 1877 γ’
907 1808 1166 1877 ἄρχοντος
1201 1804 1320 1875 ἅμα
1353 1804 1453 1876 μιν
1506 1803 1669 1867 αὐτὸς
1695 1799 1794 1873 τὴν
1822 1808 1942 1853 ποιέ

360 1904 632 1977 μαντικὴν
670 1903 997 1972 αἱρούμενος
1020 1898 1435 1972 παραιτεῖσθαι,
1466 1894 1769 1967 ἐπικρίνων
1795 1891 1941 1947 οὕτω

356 1999 458 2068 τὴν
486 1996 789 2069 θεραπείαν
818 1994 976 2060 ἀξίαν
1012 1992 1107 2047 τ’λῦ
1160 1993 1241 2056 είς
1272 1992 1363 2045 τὸν
1404 1989 1659 2059 Ἰωάννην
1686 1988 1944 2058 πλημμε-

360 2176 429 2233 iis
464 2189 648 2240 erasa,
708 2180 769 2227 ut
802 2172 905 2227 mei
945 2185 1076 2241 erga
1135 2168 1455 2239 religionem
1496 2166 1595 2221 zeli
1663 2164 1941 2235 specimen

358 2270 608 2335 ederem,
645 2277 700 2323 ut
733 2264 1048 2336 exemplum
1085 2271 1451 2317 monstrarem
1512 2260 1727 2313 imitatu
1791 2256 1944 2311 salu-

361 2376 483 2421 tare
516 2360 882 2431 posthabendi
914 2359 1159 2430 privatos
1217 2355 1492 2427 quoslibet
1556 2352 1786 2409 allectus
1826 2351 1944 2406 sin-

360 2456 581 2511 ceritati
612 2454 938 2510 orthodoxae
966 2449 1330 2521 professionis
1381 2456 1436 2503 et
1499 2447 1621 2517 paci
1662 2444 1943 2501 Ecclesiae.

364 2534 477 2602 Vos
508 2555 693 2601 autem
730 2544 785 2600 id
827 2544 1101 2608 videntes,
1138 2540 1329 2595 multis
1359 2539 1468 2595 illis
1498 2537 1686 2593 nescio
1745 2534 1944 2604 quibus

362 2638 665 2711 allegandis
692 2636 1050 2709 praetextibus
1088 2634 1454 2689 nihilominus
1480 2630 1779 2688 obstinatis
1826 2628 1947 2684 ani-

364 2746 519 2791 mum
552 2732 610 2787 in
668 2731 975 2802 pertinacia
1033 2728 1139 2783 diri
1199 2725 1543 2789 schismatis,
1583 2715 1946 2781 obtetidctitcs

366 2827 555 2882 nescio
586 2838 763 2895 quam
784 2820 922 2877 nulli
956 2820 1066 2877 nisi
1093 2819 1250 2877 vobis
1277 2828 1462 2875 notam
1494 2817 1947 2872 excommunica-

366 2923 575 2977 tionem
618 2934 648 2973 a
680 2915 990 2990 patriarcha
1025 2914 1286 2969 intortam
1309 2910 1547 2969 Arsenio
1587 2911 1640 2964 in
1658 2907 1945 2965 suffectum

374 3015 480 3087 ipsi
520 3011 849 3081 Josephum.
880 3006 1147 3063 Profertis
1178 3015 1360 3061 autem
1391 3004 1512 3073 ejus
1545 3001 1757 3057 iudices
1785 3010 1948 3057 testa-

328 3164 333 3167 ,
369 3104 542 3161 menti
573 3102 791 3159 Arsenii
828 3098 1071 3163 tabulas,
1100 3097 1256 3152 nullo
1290 3105 1470 3152 tamen
1503 3094 1623 3164 eius
1664 3093 1950 3163 chirogra-

368 3201 477 3270 pho
511 3196 778 3251 firmatas.
801 3193 957 3264 Agite
987 3189 1313 3261 vero,cujus
1344 3187 1564 3244 tandem
1593 3187 1796 3244 coloris
1823 3187 1946 3241 fuco

371 3287 509 3345 satis
527 3286 711 3357 legitis
739 3300 769 3340 a
790 3282 1204 3354 suspicionibus
1232 3279 1634 3350 perSpicacium
1657 3278 1852 3332 vitium
1881 3277 1951 3331 il-

367 3379 461 3436 lud
497 3379 552 3432 in
581 3376 750 3450 468
778 3384 1107 3431 testamento
1173 3371 1412 3428 immane
1444 3372 1640 3427 aliena:
1707 3370 1953 3424 subscri-

381 3469 629 3542 ptionis?
668 3470 754 3522 cui
790 3466 1000 3537 putatis
1044 3465 1410 3520 emunctioris
1455 3463 1621 3533 paulo
1657 3463 1807 3515 naris
1838 3475 1946 3515 non

370 3561 559 3618 statim
601 3559 858 3616 subolere
887 3557 1191 3614 sublestam
1229 3554 1388 3611 [idem
1419 3555 1779 3624 exceptionis,
1839 3566 1947 3621 qua

374 3655 475 3709 soli
509 3654 630 3709 sine
661 3662 801 3707 teste
818 3652 1041 3721 jactatis
1064 3650 1185 3705 ideo
1210 3664 1310 3719 per
1338 3663 1397 3703 se
1416 3662 1523 3702 non
1549 3646 1950 3715 subscripsisse

374 3746 665 3801 Arscnium
704 3744 907 3798 tabulis
944 3741 1225 3796 indicibus
1257 3756 1371 3794 suae
1404 3740 1610 3795 ultima:
1629 3737 1948 3805 voluntatis,

380 3841 529 3910 quod
562 3838 764 3910 digitos
806 3847 938 3892 tunc
973 3836 1163 3891 innato
1194 3836 1261 3891 iis
1285 3834 1625 3890 carbunculo
1658 3832 1950 3902 impeditos

378 3930 678 3987 habuerit?
709 3928 779 3985 Et
828 3935 938 3981 tam
1003 3933 1376 3995 opportunum
1411 3931 1604 3979 vestra:
1636 3934 1819 3977 causae
1864 3923 1951 3976 in-

375 4030 804 4077 strumentorum
832 4014 1111 4074 scribendi
1142 4015 1507 4069 articulorum
1540 4013 1791 4068 morbum
1821 4028 1953 4082 spe~

375 4112 543 4168 rastis
572 4110 882 4167 assertione
925 4121 1036 4162 una
1095 4113 1278 4173 vestra
1339 4102 1656 4174 persuaderi
1710 4105 1953 4171 potuisse

378 4220 486 4260 non
520 4202 733 4277 ignaris
772 4216 983 4264 rerum,
1020 4197 1333 4267 iisdemque
1364 4195 1750 4265 reputantibus
1781 4208 1956 4264 quau-

380 4310 436 4357 to
466 4296 741 4354 mendacii
775 4295 997 4365 praemio
1030 4307 1059 4346 a
1091 4290 1548 4362 pertinacissimis
1577 4288 1733 4343 malae
1773 4302 1955 4343 causae

378 4392 767 4451 defensoribus
802 4388 916 4443 haec
969 4385 1097 4456 ﬁngi
1134 4373 1460 4454 potuerint?
1513 4380 1752 4438 Desinite
1788 4381 1957 4451 igitur

2038 486 2378 550 ἐκτίθεσθαι,
2399 486 2503 551 ὅτι,
2525 482 2724 550 λέγων,
2756 478 2825 535 τὰ
2854 480 2991 549 πρὸς
3023 478 3279 546 Ἰωάννην
3295 476 3394 530 καὶ
3418 474 3621 545 ἀμφοῖν

2038 580 2453 653 παρηνόμηται,
2498 576 2645 647 αύτῷ
2679 576 2780 646 μὲν
2817 572 3119 641 καθυφέντι
3160 571 3261 640 τῆς
3308 568 3621 641 πολυωρίας

2037 674 2133 730 καὶ
2161 668 2273 728 οἷον
2320 672 2592 741 προδόντι,
2632 669 2825 738 ἐκείνῳ
2856 662 2913 721 δὲ
2946 668 3016 720 τὰ
3060 666 3141 728 είς
3195 662 3474 733 βασιλείαν
3508 679 3621 716 πα·-
3707 718 3715 724 ,

2040 763 2477 839 ραλογισαμένῳ,
2529 762 2603 824 ὼς
2637 762 2737 815 οὐκ
2791 759 2914 826 ἐξὸν
2965 755 3316 828 ἁμαρτόντας
3364 753 3552 835 ἀρχειν
3585 752 3621 825 ἢ

2037 834 2198 915 αὑτὸν
2226 834 2611 928 πνευματικῶς
2635 854 2668 927 ἢ
2694 856 2902 908 ἐκεῖνον
2935 851 3104 922 αὐτὴν
3129 850 3193 919 δὴ
3220 849 3321 922 τὴν
3348 834 3623 917 κοσμικὴν

2036 952 2212 1024 ἀρχὴν
2258 952 2354 1004 καὶ
2388 948 2660 1021 βασίλειον
2686 965 2701 980 ο
2734 948 2881 1018 ἔχειν
2931 944 2977 1000 δ’
3011 945 3090 1010 είς
3133 942 3337 1013 ταύτην
3368 939 3621 1010 αὐτάρκη

2036 1044 2129 1095 τὸν
2160 1042 2220 1107 ἐξ
2258 1041 2446 1106 αὐτοῦ,
2478 1038 2652 1110 λέγων
2696 1038 2820 1110 ὲμὲ.
2856 1034 2926 1092 Ὃ
2944 1036 3022 1106 ’,ἡ
3064 1037 3158 1091 καὶ
3198 1034 3357 1088 ποίαν
3385 1031 3622 1104 ὑπερσο-

2038 1132 2135 1203 λὴν
2165 1133 2384 1201 ἀγάπης
2412 1130 2511 1201 οὐχ
2553 1130 2879 1198 ὑποφαίνεις
2912 1127 3099 1182 καλεῖν
3136 1118 3215 1190 είς
3265 1125 3440 1196 ἀρχὴν
3469 1124 3620 1177 ἔννο-

2043 1241 2144 1294 μον
2172 1224 2261 1276 τὸν
2294 1222 2492 1294 μηκέτι
2527 1221 2706 1275 εἰδότα
2730 1221 2929 1283 τελέως
2952 1218 3042 1273 τὸν
3078 1219 3365 1291 ἄνθρωπον
3390 1234 3406 1285 ;
3431 1216 3622 1280 Οὕτως

2041 1316 2165 1386 ἐμοὶ
2205 1318 2341 1386 πρὸς
2375 1317 2583 1368 ἐκεῖνον
2628 1313 2697 1368 τὰ
2726 1314 2823 1383 τῆς
2863 1311 3284 1383 εὐγνωμοσύνης
3321 1310 3621 1378 ὀφείλεται,

2042 1407 2136 1461 καὶ
2175 1408 2333 1470 πόνος
2371 1404 2551 1470 ἄλλως
2582 1404 2721 1476 ὑπὲρ
2757 1404 2968 1459 ἐκείνου
2994 1401 3216 1458 τοιαῦτα
3248 1402 3623 1475 προῦαλλομέσ

2042 1516 2149 1552 νων
2172 1499 2447 1552 ἀκούοντι.
2476 1498 2766 1552 Παύσασθε
2793 1496 3085 1569 τοιγαροῦν
3111 1498 3297 1551 ἐκεῖνα
3322 1496 3450 1568 περὶ
3481 1494 3637 1557 ἐκεί-ι

2042 1608 2134 1645 νου
2182 1589 2577 1660 θρυλλοῢντες,·
2621 1590 2687 1643 τὰ
2749 1592 2886 1659 μήτε
2912 1589 3225 1661 πραχθῆναι
3267 1588 3406 1659 μήτε
3458 1587 3627 1659 τιμὴν

2043 1683 2314 1754 λεγόμενα
2374 1682 2728 1753 περισώζειν
2777 1683 2855 1753 τῷ
2920 1682 3265 1754 εἰργασμένῳ
3324 1679 3620 1752 δυνάμενα.

1970 1781 2012 1835 Β
2055 1776 2245 1847 ’Υμείς
2275 1776 2331 1828 δὲ
2364 1776 2501 1829 ἀλλὰ
2540 1777 2635 1829 καὶ
2668 1774 2775 1846 τὴν
2804 1775 3077 1847 ὑμετέραν
3107 1773 3407 1845 ἱερωσύνην
3436 1775 3494 1827 ἒν
3524 1768 3626 1843 με.

2045 1886 2130 1940 ρει
2192 1868 2372 1921 τίθετε
2418 1868 2529 1921 τῶν
2582 1867 3001 1937 ἀνεπιλήπτων,.
3042 1866 3136 1921 ttal.
3194 1866 3313 1920 οῖαν
3367 1867 3623 1940 συνιστᾷν

2041 1960 2282 2027 ἀξιοῦτε,
2308 1959 2569 2015 ἀδύνατον
2605 1958 2923 2015 metenda.
2950 1957 3089 2029 Φέρε
3119 1957 3253 2037 γὰρ,
3292 1956 3428 2029 πρὸς
3456 1956 3629 2030 αὐτῆς

2046 2154 2152 2210 rat,
2189 2144 2363 2214 ligare
2394 2153 2525 2197 tunc
2569 2140 2757 2197 mallet
2784 2154 2950 2211 quam
2983 2139 3215 2205 solvere,
3249 2138 3630 2209 constringere

2046 2237 2263 2295 animas
2286 2239 2700 2293 anathematum
2732 2234 2974 2291 vinculis
3039 2248 3227 2305 quam,
3264 2234 3410 2304 quod
3469 2232 3632 2287 facile

2045 2332 2240 2388 vivens
2266 2330 2605 2401 indulgebat,
2644 2332 2894 2385 relaxare
2921 2330 3249 2385 constrictas
3274 2326 3633 2399 praaoptaret?

2045 2422 2217 2491 Quem
2279 2432 2457 2478 autem
2522 2431 2656 2475 tunc
2709 2422 2900 2491 ligare,
2958 2435 3117 2490 quem
3158 2421 3293 2475 diris
3326 2419 3633 2490 implicare

2045 2515 2320 2571 nexibus?
2354 2530 2463 2569 non
2502 2500 2739 2593 aliquem
2772 2529 2803 2569 e
2832 2513 3015 2583 plebe,
3049 2510 3161 2569 sed.
3198 2511 3459 2568 Ecclesite
3495 2530 3634 2585 prae-

2046 2608 2264 2665 sidem?
2299 2608 2563 2679 Equidem
2596 2608 2825 2663 Arseuio
2859 2607 3161 2663 debitorem
3192 2622 3279 2662 me
3326 2604 3508 2662 filialis
3542 2622 3632 2661 re-

2046 2697 2307 2755 verentiae
2328 2697 2598 2753 volentem
2632 2698 2888 2759 merenti,
2912 2704 2971 2751 ut
3006 2711 3131 2771 vere
3157 2696 3358 2760 sentio,
3384 2695 3460 2748 ita
3479 2702 3632 2765 grate

2050 2791 2326 2862 proliteor.
2354 2789 2408 2845 ιε
2447 2790 2595 2845 enim
2632 2806 2756 2844 cum
2792 2789 2919 2845 aliis
2954 2803 3041 2843 me
3102 2787 3357 2859 plurimis
3395 2787 3499 2842 sibi
3534 2787 3631 2841 lie-

2049 2883 2268 2939 ncﬁciis
2296 2883 2616 2947 obstrinxit,
2675 2893 2789 2935 tum
2841 2882 2935 2937 illo
2996 2880 3288 2953 insigniter
3341 2879 3631 2934 honoravit

2026 2977 2273 3049 ,judicio,
2303 2992 2413 3047 quo
2436 2991 2651 3047 aequum
2683 2975 2787 3030 sibi
2813 2974 2984 3029 videri
3014 2973 3316 3027 declaravit
3341 2972 3629 3041 imperium

2049 3070 2194 3141 patri
2236 3085 2359 3125 meo
2389 3075 2639 3138 ereptum
2677 3067 2812 3120 mihi
2841 3065 3092 3120 attribui.
3142 3065 3451 3135 lmperabat
3499 3073 3632 3123 tunc

2052 3169 2226 3232 pater,
2259 3170 2315 3215 et
2370 3160 2488 3229 ipse
2520 3158 2855 3229 pastoralem
2918 3156 3085 3227 hujus
3127 3153 3384 3211 Ecclesia:
3439 3170 3631 3211 curam

2048 3252 2408 3324 patriarchali
2438 3260 2713 3323 potestate
2766 3249 2990 3321 gerebat
3026 3249 3317 3305 Arsenius.
3380 3250 3457 3305 Eo
3488 3255 3631 3304 tem-

2049 3361 2181 3417 pore
2212 3344 2475 3417 ﬂagrante
2509 3344 2713 3399 invidia
2737 3345 2963 3399 sceleris
2994 3343 3051 3398 in
3079 3340 3349 3398 Joannem
3374 3342 3630 3402 Lascaris

2053 3439 2255 3508 prioris
2312 3438 2541 3508 Augusti
2622 3436 2793 3491 lilium
2870 3436 3177 3503 commissi,
3242 3444 3298 3491 et
3370 3436 3630 3508 religione

2060 3533 2188 3587 inde
2281 3530 2610 3602 patriarcha:
2686 3528 2934 3592 oborta,
3025 3528 3184 3598 quasi
3277 3544 3407 3599 pars
3509 3530 3632 3596 ejus

2051 3622 2228 3692 culpze
2316 3620 2371 3677 in
2478 3619 2659 3690 ipsum
2743 3619 2873 3688 jure
2974 3620 3362 3687 conferretur,
3466 3618 3633 3691 ἥδε

2054 3715 2149 3786 qui
2204 3711 2535 3769 remissione
2582 3712 2779 3782 vigilia:
2831 3710 2885 3764 in
2930 3711 3117 3782 pupilli
3168 3712 3421 3768 custodia
3481 3726 3631 3768 curas

2053 3826 2169 3867 sua:
2212 3806 2397 3863 traditi
2437 3806 2621 3861 locum
2656 3804 2891 3859 facinori
2924 3804 3169 3862 dedisset
3202 3819 3267 3859 ac
3301 3806 3459 3875 quasi
3500 3818 3631 3874 pro-

2052 3901 2286 3958 didisset
2313 3899 2650 3969 orphanum,
2684 3898 2829 3952 hanc
2852 3897 2993 3967 patri
3030 3911 3153 3953 meo
3186 3898 3443 3969 expiandi
3476 3900 3643 3953 com-‘

2056 3994 2238 4049 munis
2300 3992 2508 4064 peccati
2568 3990 2946 4047 conditionem
3010 3992 3158 4057 tulit,
3206 3995 3489 4058 cederent,
3542 3993 3629 4048 itt-

2054 4089 2274 4160 quicns.
2333 4086 2537 4158 pariter
2571 4087 2754 4149 ambo,
2808 4086 2899 4141 ille
2928 4084 3219 4155 imperiali,
3248 4087 3365 4157 ipse
3393 4088 3632 4156 patriar-

2055 4182 2201 4240 chali
2230 4181 2523 4251 dignitate,
2575 4191 2685 4248 qua
2721 4192 2780 4235 se
2829 4178 3085 4247 indignos
3129 4177 3503 4247 eli‘ecissent,
3536 4180 3632 4238 ille

2054 4270 2475 4335 c0nsciscendo,
2512 4270 2629 4339 ipse
2659 4270 3023 4339 permittendo
3055 4270 3450 4328 immanissimo
3498 4270 3635 4330 faci-

2056 4381 2213 4430 nore,
2242 4381 2351 4436 quo
2372 4370 2519 4420 esset
2547 4363 2737 4433 inique
2764 4376 2829 4417 ac
2858 4362 3158 4418 crudeliter
3186 4363 3476 4435 imperium
3510 4381 3631 4422 ere-

379 4490 653 4543 intentare
726 4480 1050 4537 sententiam
1112 4476 1371 4531 omnibus
1452 4473 1692 4544 ignotam
1750 4472 1947 4542 judicia

2059 4473 2211 4534 ptum
2237 4459 2515 4517 innocenti
2553 4474 2726 4531 puero
2758 4459 3109 4516 hareditario
3133 4459 3265 4514 illud
3292 4459 3419 4532 jure
3448 4461 3630 4531 possi-

381 4579 608 4641 mortui,
640 4575 801 4644 cujus
834 4569 1201 4635 incredibilis,
1239 4576 1293 4622 et
1324 4566 1429 4621 nisi
1478 4564 1740 4635 suli'ragio
1779 4552 1949 4633 agniti

378 4668 736 4742 chirographi
783 4666 1069 4728 fulciatur,
1102 4660 1383 4716 irridenda
1420 4673 1648 4729 prorsus
1702 4657 1953 4727 allegatio

380 4772 485 4819 est.
508 4762 566 4817 In
599 4775 713 4832 quo
742 4760 977 4828 requiro
1008 4762 1269 4824 praeterea
1301 4752 1667 4807 reverentiam
1688 4751 1741 4804 in
1776 4750 1952 4804 Arse-

380 4856 531 4911 nium
567 4862 827 4915 vestram,
860 4849 948 4905 cui
973 4847 979 4852 ”
1008 4844 1309 4899 maleficam
1348 4842 1820 4911 inhumanamque
1857 4855 1955 4896 no-

381 4948 540 5004 cendi
580 4945 928 5000 voluntatem
964 4940 1131 4995 etiam
1170 4938 1223 4991 in
1256 4947 1505 4991 extremo
1534 4936 1809 5005 vigentem
1848 4935 1953 4987 im-

384 5040 609 5113 pingitis
638 5038 836 5093 halitu.
870 5034 951 5089 An
985 5048 1095 5087 non
1128 5031 1272 5086 enim
1308 5028 1529 5086 sentitis
1562 5044 1727 5099 quam
1762 5028 1836 5084 sit
1894 5028 1959 5082 il—

386 5132 670 5186 laudatutn
705 5123 1029 5181 Christiano
1063 5122 1201 5175 iram
1254 5120 1306 5173 in
1357 5119 1709 5174 adversarios
1739 5134 1853 5172 non
1888 5118 1958 5173 ad

386 5225 519 5279 solis
549 5231 762 5276 tantum
804 5218 897 5274 sed
934 5216 1000 5271 ad
1054 5216 1179 5269 vitae
1236 5212 1403 5269 totius
1464 5226 1721 5267 occasum
1784 5226 1961 5282 usque

386 5330 609 5373 servare
638 5309 1051 5368 incxorahiliter
1092 5306 1454 5377 ﬂagrantem;
1508 5321 1669 5376 quam
1702 5305 1961 5360 inconsc-

389 5423 587 5479 queus.
619 5406 797 5459 virum
833 5415 993 5473 quem
1025 5410 1275 5454 sanctum
1338 5398 1666 5467 praedicatis,
1697 5403 1807 5449 tam
1867 5411 1965 5453 εωη

389 5518 511 5557 vum
549 5499 781 5554 ultorem
814 5498 1023 5561 dicere;
1060 5508 1225 5564 quam
1248 5492 1564 5545 incredibile
1595 5489 1964 5560 patriarcham

391 5606 532 5651 nota:
562 5592 827 5654 lenitatis,
861 5604 1022 5660 quem
1062 5596 1297 5651 constat,
1331 5586 1459 5638 dum
1490 5586 1725 5650 viveret,
1790 5586 1965 5640 fuisse

394 5690 613 5745 solitum
644 5682 1047 5741 seltedentibus
1072 5679 1386 5751 ignoscere,
1422 5687 1530 5730 tam
1566 5679 1737 5731 ferum
1769 5678 1821 5731 in
1846 5678 1966 5746 ipso

393 5783 585 5839 mortis
618 5786 827 5851 puncto
860 5778 1091 5848 ﬁngere,
1126 5782 1184 5829 ut
1207 5781 1397 5827 contra
1444 5787 1606 5841 quam
1658 5787 1964 5829 consueve-

2052 4558 2228 4623 denti,
2270 4571 2335 4612 ea
2390 4570 2567 4625 paenae
2611 4554 2922 4610 diﬁ‘erentia
2969 4555 3023 4609 in
3069 4554 3277 4625 dispari
3338 4556 3633 4626 participa-

2055 4653 2203 4707 tione
2243 4650 2521 4715 criminis,
2556 4650 2739 4719 utqui
2772 4650 3094 4719 deliquisset
3140 4652 3408 4715 atrocius,
3451 4651 3634 4706 indul-

2054 4746 2273 4816 gentius
2323 4747 2673 4814 plecteretur.
2719 4743 2766 4796 A
2804 4748 2957 4811 patre
3011 4743 3216 4813 quippe
3268 4757 3392 4798 meo
3439 4743 3516 4798 ita
3568 4758 3630 4800 se

2056 4840 2193 4895 velle
2248 4838 2490 4893 uindicari
2529 4838 2923 4907 principatum,
2965 4844 3023 4890 ut
3060 4837 3106 4892 is
3140 4836 3196 4891 in
3244 4851 3333 4891 me
3360 4836 3630 4892 transfer-

2056 4943 2232 4999 retur,
2270 4933 2371 5000 ipsi
2422 4930 2811 5000 patriarchalis
2841 4931 3069 4984 amissio
3106 4932 3257 4985 sedis
3300 4933 3447 4985 nulla
3493 4940 3635 4986 tem-

2058 5034 2347 5095 per-aretur
2370 5024 2421 5077 in
2455 5024 2729 5093 privatum
2757 5024 3085 5091 paciscenda
3118 5024 3377 5079 solatium
3408 5026 3627 5095 cognati

2060 5116 2258 5173 fiducia
2290 5118 2648 5172 successoris.
2681 5118 2755 5171 En
2792 5128 3057 5187 quantum
3089 5119 3207 5189 ejus
3229 5117 3333 5172 viri
3361 5096 3631 5185 studium,

2062 5225 2229 5282 quam
2273 5210 2547 5267 excellens
2594 5208 2868 5265 exstiterit
2930 5210 3177 5265 charitas
3213 5210 3266 5265 in
3325 5226 3411 5266 me
3454 5212 3636 5268 adhuc

2062 5309 2355 5378 puerulum
2391 5313 2446 5359 et
2476 5302 2636 5359 modo
2666 5302 2954 5357 infantiam
2981 5317 3291 5373 egressum,
3323 5312 3383 5357 ut
3426 5319 3511 5359 me
3578 5306 3635 5360 in

2067 5397 2311 5466 legitima
2384 5395 2742 5467 possessione
2808 5383 3021 5466 imperii
3084 5391 3310 5450 Romani
3356 5396 3467 5467 jam
3520 5408 3638 5454 tum

2064 5492 2401 5547 constituere
2436 5487 2689 5553 voluerit,
2723 5487 2944 5543 vixdum
2996 5488 3275 5543 hominem
3308 5506 3409 5545 nec
3463 5493 3634 5547 ratio-

2068 5583 2153 5639 nis
2184 5581 2425 5654 perfecte
2478 5590 2812 5651 compotem.
2864 5580 3019 5637 Unde
3058 5592 3111 5637 et
3166 5599 3262 5639 vos
3310 5584 3636 5655 intelligitis,

2068 5686 2121 5731 et
2146 5692 2247 5746 ego
2304 5689 2525 5745 semper
2556 5689 2665 5744 prat
2706 5689 2793 5730 me
2828 5674 3018 5741 feram,
3058 5691 3327 5730 summam
3385 5678 3433 5731 ei
3490 5693 3518 5729 a
3553 5694 3644 5735 nte

2069 5769 2463 5843 gratitudinem
2517 5768 2726 5826 deberi.
2779 5768 2899 5838 Quo
2960 5770 3164 5839 a'grius
3230 5785 3375 5826 nunc
3412 5788 3439 5825 a
3485 5772 3641 5829 vobis
