4004 6228
402 234 507 302 619

1594 244 1931 307 GEORGII
1972 246 2278 307 PACHYM
2290 237 2461 308 ER/E

3557 242 3662 307 520

395 342 491 407 καὶ
524 354 785 424 πράττειν
814 353 883 407 τὰ
913 356 1051 408 κατὰ
1087 355 1334 427 γνώμην,
1386 356 1526 427 πλὴν
1562 358 1661 412 καὶ
1692 358 1857 431 νόμος
1894 358 1982 413 δὲ·
2007 362 2053 423 Α
2089 360 2284 429 ρᾶσθαι
2309 361 2536 431 σχίζειν.
2567 362 2661 415 καὶ
2711 349 2931 429 ἀμελεῖν
2960 360 3036 424 ὡς
3068 360 3145 433 μή
3179 376 3321 423 τινος
3376 359 3546 413 κακοῦ
3571 375 3664 428 γε·

395 446 564 507 δοται,
595 449 622 499 ὁ
653 446 750 512 μὲν
774 443 861 519 [Ρ.
892 446 1019 518 59.9]
1050 450 1297 515 φυσικὸς,
1322 450 1351 502 δ
1395 448 1453 503 δὲ
1480 452 1743 521 γραπτδς,
1762 450 1867 506 ’καὶ
1896 451 1977 508 δι·
2024 462 2029 469 ’

396 536 605 604 καστὴς
638 534 982 605 προκάθηται
1008 536 1247 609 κρίνων,’
1269 538 1338 592 ἵν’
1364 537 1393 592 ὃ
1438 542 1513 609 μὴ
1548 541 1639 611 ἀφ’
1667 542 1861 597 ἑαυτοῦ
1890 558 1975 607 τις
2022 554 2029 560 ’

394 627 507 694 ἕξει
533 629 601 699 τῇ
641 629 943 699 συνειδήσει
977 629 1446 701 σωφρονιζόμενος
1466 633 1563 687 καὶ
1593 633 1669 697 ὡς
1691 634 1975 708 ἀναγκαίῳ

396 719 597 792 χαλινῷ
624 721 1051 793 καταγχόμενος,
1084 719 1244 777 τοῦτο
1279 723 1430 794 παρὰ
1466 726 1567 794 τῆς
1593 722 1791 792 ἔξωθεν
1818 725 1968 791 ὲξου·

397 813 521 877 σίας
546 812 857 877 παιδευθεὶς
902 814 1088 884 μάθοι,
1128 814 1223 867 καὶ
1254 814 1591 885 δἾιετελθὼν
1611 816 1673 869 τὸ
1716 817 1978 890 πλημμέ-

394 904 545 976 λημα
576 906 699 970 ταῖς
724 905 1005 978 ἀληθείαις
1049 908 1346 980 εὐεργέτης
1376 905 1520 977 δόξοι
1562 913 1660 966 καὶ
1691 914 1974 985 τιμωρῶν.
2022 938 2023 941 η

408 998 499 1053 Ἐν
530 998 588 1054 δέ
612 1017 677 1069 γε
709 1000 786 1069 τῷ
842 1001 972 1072 ἱερῷ
1018 1000 1339 1073 Εὐαγγελίῳ
1371 1004 1467 1058 καὶ
1510 1005 1560 1058 οἱ
1606 1007 1665 1058 ὲν
1699 1006 1839 1071 ὁδοῖς
1879 1007 1980 1061 καὶ

397 1092 679 1155 πλατείαις
705 1094 798 1147 καὶ
851 1094 1051 1165 ῥύμαις
1090 1094 1333 1163 κείμενοι
1368 1097 1447 1161 είς
1478 1100 1605 1163 τοὺς
1639 1098 1853 1172 γάμους
1879 1097 1976 1155 τοῦ

396 1183 659 1255 βασιλέως
685 1184 944 1239 εἰσελθεῖν
967 1185 1405 1254 ἁναγκάζονται,-
1421 1188 1498 1252 ὡς
1520 1190 1833 1260 ἀναγκαίως
1859 1191 1981 1246 ἑπι-

394 1278 647 1349 κείμενον
680 1277 740 1332 ὃν
766 1278 830 1333 τὸ
870 1279 967 1348 τῆς
1003 1279 1270 1350 ἀνάγκηςί
1309 1283 1357 1334 εί
1404 1282 1648 1348 βούλοιτό
1682 1300 1766 1347 τις
1805 1282 1978 1349 σώζε-

399 1371 542 1426 σθαι.
594 1371 660 1423 Τί
702 1370 879 1426 τοίνυν
907 1372 968 1425 τὸ
1002 1372 1129 1443 ὑμῖν
1166 1373 1350 1428 ἱκανὸν
1402 1374 1592 1429 δοκοῦν
1650 1376 1733 1439 είς
1760 1376 1821 1429 τδ
1859 1376 1980 1448 σχί-

395 1463 623 1530 ζεσθαις
656 1464 709 1517 τί
757 1482 817 1518 τε
842 1464 871 1519 ὃ
918 1466 1196 1521 ἐκκλιτέον
1234 1468 1363 1539 ὑμῖν
1395 1467 1469 1531 ὡς
1505 1469 1579 1539 μὴ
1628 1469 1807 1534 καλῶς
1853 1471 1979 1542 ἕχον

394 1558 618 1629 ἥγηται,
648 1559 791 1613 ὥστε
840 1560 937 1615 καὶ
980 1560 1161 1625 ἄλλοις
1212 1562 1474 1634 παρέχειν
1524 1563 1844 1631 σκάνδαλον,
1879 1566 1978 1619 καὶ

392 1651 487 1704 τὸν
527 1652 627 1707 ἕνα
652 1653 748 1707 καὶ
793 1651 1053 1725 ἄσχιστον,
1082 1654 1288 1725 χιτῶνα
1335 1655 1436 1727 τῆς
1474 1655 1801 1729 Ἐκκλησιας
1848 1675 1976 1713 -πει-

395 1843 523 1890 tans
547 1844 606 1890 ut
626 1849 825 1889 vanum
851 1846 947 1890 aut
970 1835 1143 1906 gratis
1163 1834 1462 1891 conﬁctttm
1486 1838 1848 1907 aspernabar,
1878 1838 1973 1895 diu

394 1927 447 1984 ei
471 1925 629 1983 fidem
649 1928 922 1983 abnuens.
938 1929 1146 1983 Tamen
1165 1928 1284 1985 viso
1304 1939 1491 2001 postea
1510 1945 1791 1993 successu,
1811 1946 1976 2001 argu-

395 2034 691 2095 mentoqne
710 2020 1075 2092 irrefragabili
1098 2023 1391 2078 convictus
1417 2023 1670 2079 habitare
1688 2027 1740 2080 in
1765 2025 1863 2081 illo
1878 2025 1974 2083 Dei

389 2112 556 2185 5.73
626 2114 912 2182 Spiritum,
976 2112 1138 2186 cuius
1187 2116 1383 2183 utique
1438 2117 1611 2175 solius
1679 2116 1972 2187 prophetia

392 2209 605 2262 eventis
655 2216 865 2278 patrata
913 2207 1121 2264 donum
1180 2208 1592 2277 agnoscendum
1636 2216 1742 2276 est,
1789 2208 1974 2268 facere

394 2312 506 2353 non
558 2299 886 2369 potuiquin
924 2312 1151 2369 raperer
1187 2298 1497 2354 vehementi
1549 2300 1790 2369 quodam
1843 2314 1974 2369 erga

394 2392 557 2448 talem
612 2394 789 2447 virum
847 2393 1054 2457 studio,
1109 2394 1543 2465 prmjudiciaque
1594 2396 1651 2451 in
1699 2412 1823 2453 eum
1882 2397 1975 2452 illa

392 2484 570 2553 priora
600 2484 782 2541 excuti
808 2484 939 2539 mihi
962 2500 1031 2540 ex
1056 2486 1245 2542 animo
1267 2486 1526 2553 sinerem.
1551 2497 1816 2561 reputans
1850 2490 1973 2547 ideo

393 2577 528 2631 mihi
579 2574 743 2643 forte,
781 2577 1121 2647 indulgentia
1155 2578 1411 2635 Numinis
1448 2595 1625 2636 meam
1666 2581 1972 2638 erudientis

391 2668 747 2738 imperitiam,
802 2668 1041 2739 experiri
1100 2669 1230 2725 talia
1289 2684 1648 2739 concessum,
1712 2684 1771 2729 ut
1823 2676 1970 2747 quod

392 2758 658 2816 hactenus
700 2761 1053 2831 nequiveram
1091 2762 1479 2832 intelligerent.
1522 2765 1761 2822 immane
1798 2784 1975 2838 quan-

393 2863 506 2909 tum
552 2852 737 2909 extolli
794 2869 960 2923 supra
1014 2855 1374 2926 cogitationes
1425 2855 1710 2912 hominum
1762 2860 1973 2929 judicia

389 2944 598 3013 divina,
638 2962 873 3019 quorum
917 2947 993 3001 illi
1030 2960 1140 3003 non
1170 2962 1297 3002 raro
1330 2948 1608 3019 suffragiis
1638 2952 1970 3021 evehuntur,

2002 1707 2052 1778 B

2079 452 2308 523 νομένου
2332 472 2347 520 ;
2370 446 2508 507 Eid’
2535 450 2648 516 οὖν.
2679 454 2796 509 ἀλλ’
2823 455 2933 508 ίδοῦ
2964 453 3315 524 πατριάρχης
3341 453 3444 506 καὶ
3477 452 3663 526 ἱεράρο

2077 555 2191 615 χαι,
2219 545 2327 600 ίδοὺ
2354 546 2555 619 κλῆρος
2575 548 2670 601 καὶ
2694 546 2999 618 σύγκλητος
3020 548 3117 601 καὶ
3137 547 3264 610 λαδς
3290 547 3381 600 καὶ
3413 543 3668 625 μοναχῶν

2076 638 2127 690 οἱ
2158 637 2387 706 λογάδες
2406 654 2422 667 ’
2448 638 2545 693 καὶ
2574 640 2699 694 ὅσον
2722 640 2850 711 ὑμῖν
2876 641 2958 704 είς
2983 639 3285 706 ἀπολογίαν
3306 637 3668 709 παρίσταται,

2023 738 2031 766 λ
2076 729 2291 795 εἴπατε,
2325 732 2419 785 καὶ
2470 730 2687 804 πρῶτον
2715 732 2826 787 τῶν
2852 731 3051 801 ἄλλων,
3092 732 3270 786 ὁποῖοι
3309 730 3407 785 καὶ
3435 730 3581 793 τίνες
3605 731 3669 783 ιν

2080 818 2365 893 ίεράρχαις
2408 822 2547 895 πρὸς
2595 821 2692 887 οὓς
2746 824 3039 894 ἀναφέρειν
3081 822 3232 894 ἔχετε
3283 822 3353 876 τὰ
3402 821 3667 891 ὑμέτερα,

2076 911 2239 968 ὥστε
2275 912 2483 968 τούτων
2530 909 3083 985 ἀποϐουκοληϐέντων
3138 912 3385 977 ἐκείνους
3436 901 3671 976 δικαίως

2078 1000 2450 1073 ιτκρίνεσθαι.
2480 1004 2617 1058 Οὐδὲ
2647 1004 2757 1076 γὰρ
2801 1006 2884 1069 είς
2923 1006 3230 1075 ἀπέραντον
3278 1003 3668 1076 quaequede,

2078 1093 2196 1148 οὐδὲ
2233 1094 2465 1162 δίκαιον,
2495 1097 2617 1151 οὐδέ
2640 1099 2692 1168 γ’
2728 1098 2934 1169 «ἑτέραν
2960 1098 3288 1168 οἰκουμένην
3328 1096 3669 1167 ζητήσομεν,

2078 1183 2139 1250 ἐξ
2164 1181 2230 1259 ἧς
2256 1188 2570 1259 ἐνέγκωμεν
2603 1189 2862 1261 ίεράρχας
2900 1191 3029 1255 τοὺς
3055 1190 3156 1260 τῆς
3182 1190 3462 1260 ἡμετέρας
3495 1188 3674 1259 ἀρχῆ-

2079 1280 2172 1332 θεν
2213 1277 2547 1348 Ἑκκλησίας
2592 1280 2671 1344 ὡς
2711 1282 2772 1335 τὸ
2820 1281 2967 1345 εἰκὸς
3026 1282 3497 1351 καταστήσοντας.Δ
3540 1275 3672 1332 οὐδ’
3760 1268 3765 1273 ⁷

2080 1370 2303 1439 ιῦλογον
2334 1373 2463 1443 περὶ
2496 1373 2603 1426 τῶν
2633 1374 2803 1428 ὄντων
2831 1374 3041 1446 ἐρωτᾷν
3063 1375 3191 1438 τοὺς
3224 1373 3301 1445 μὴ
3333 1374 3517 1437 ὄντας,
3546 1368 3670 1427 ἀλλ’

2080 1464 2240 1535 ἡμεῖς
2265 1464 2389 1518 καθ’
2414 1465 2612 1529 αὐτοὺς
2634 1468 2731 1530 τὰς
2754 1466 3017 1538 διαφορὰς
3041 1467 3436 1538 δοκιμάσομιν.
3457 1465 3671 1536 ΔἮμετς

2080 1556 2375 1627 κρινοῦμεν
2417 1558 2514 1613 καὶ
2545 1561 2604 1612 ἐν
2642 1560 2799 1630 μέρει
2831 1559 3356 1631 ἀντικριθησόμεθα,
3399 1561 3495 1613 καὶ
3527 1556 3673 1628 μιτὰ

2080 1647 2217 1702 Θεοῦ
2250 1649 2359 1702 καὶ·
2393 1650 2504 1705 τῶν
2549 1649 2810 1722 Πατέρων
2836 1648 3128 1721 ζητοῦντες
3154 1650 3253 1705 οὐκ
3300 1648 3367 1705 ἂν
3399 1652 3674 1723 ἁμάρτοι-

2080 1832 2218 1887 fieri.
2282 1831 2416 1897 Quae
2465 1846 2593 1888 cum
2646 1832 2719 1887 ita
2774 1832 2908 1899 sint,
2943 1848 3191 1904 quaenam
3247 1833 3404 1891 vobis
3438 1836 3669 1892 demum

2079 1924 2274 1979 idonea
2315 1924 2649 1995 persistendi
2701 1924 2756 1979 in
2793 1926 3091 1982 schismate
3122 1941 3289 1983 causa
3343 1936 3429 1983 est
3454 1928 3498 1983 τ’
3528 1928 3670 1999 quid

2076 2015 2332 2085 excipitls
2368 2014 2648 2071 declinare
2675 2031 2776 2073 nos
2800 2018 3002 2074 debere
3046 2020 3250 2074 malum
3284 2035 3315 2075 a
3366 2022 3521 2077 vobis
3578 2021 3673 2077 in-

2078 2107 2523 2175 conveniensque
2548 2106 2886 2176 judicatum,
2920 2124 3032 2180 quo
3067 2109 3213 2165 velut
3242 2118 3428 2167 amoto
3466 2120 3673 2168 vestra

2076 2197 2400 2253 oﬂ‘eneionis
2455 2199 2724 2256 seandalo
2785 2201 2840 2256 in
2910 2217 3078 2257 unum
3134 2202 3415 2259 conciliati
3468 2219 3673 2262 omnes

2075 2287 2244 2361 474
2291 2292 2693 2348 occurramus?
2754 2306 2859 2347 cur
2922 2307 3088 2348 unam
3151 2303 3206 2349 et
3272 2295 3670 2352 inconsutilem

2083 2382 2339 2438 Ecclesiae
2398 2388 2643 2439 tunicam
2676 2386 2958 2441 conamini
2993 2387 3267 2455 scindere,
3298 2403 3477 2459 eoque
3516 2389 3678 2467 facto.

2085 2492 2285 2533 secure
2337 2478 2570 2549 pergitis
2596 2478 2803 2545 vivere,
2832 2480 2990 2551 quasi
3021 2480 3174 2536 nullo
3203 2498 3302 2539 vos
3326 2483 3564 2539 crimine
3588 2482 3673 2540 sic

2077 2572 2291 2641 agendo
2328 2570 2601 2644 illigetis?
2629 2573 2725 2628 Sin
2773 2589 2875 2630 vos
2904 2576 3091 2630 adhuc
3131 2576 3237 2630 ista
3281 2589 3389 2631 non
3417 2586 3670 2647 movent,

2077 2679 2179 2734 age
2213 2663 2451 2735 proferte
2480 2679 2590 2735 quo
2623 2664 2912 2721 nitaniini:
2952 2665 3034 2721 En
3082 2666 3400 2737 patriarcha
3441 2679 3501 2724 et-
3540 2666 3671 2723 hie—

2078 2758 2317 2824 rarchze;
2386 2773 2452 2813 en
2525 2758 2711 2813 clerus
2750 2778 2755 2786 ι
2796 2768 2850 2814 et
2902 2770 3130 2815 senatus
3201 2771 3253 2816 et
3308 2761 3543 2832 p0puius
3613 2770 3670 2818 et

2079 2851 2361 2906 lectissimi
2395 2851 2604 2922 quique
2658 2855 3053 2908 monachorum
3086 2872 3101 2911 :
3131 2868 3318 2908 coram
3361 2853 3449 2910 his
3489 2860 3670 2927 expo-

2080 2944 2194 3001 nite
2218 2944 2360 3015 quod
2384 2947 2450 2999 ad
2471 2952 2710 3018 vestram
2750 2944 3135 3002 defensionem
3166 2947 3375 3003 utiliter
3412 2948 3667 3018 allegan-

389 3038 484 3109 qui
540 3038 749 3093 nullum
803 3038 874 3093 ab
918 3037 1159 3095 humano
1212 3039 1401 3096 favore
1445 3054 1708 3112 punctum
1766 3043 1970 3103 ferunt.
2002 3064 2045 3123 ο
2083 3036 2211 3093 dum
2241 3035 2543 3095 CODﬁJiliB-
2569 3037 2709 3092 Αἲιιθ
2731 3047 2913 3094 autem
2940 3040 3149 3106 omnia.
3172 3055 3299 3095 cum
3327 3056 3453 3095 *νη
3473 3041 3669 3098 Eccle-

391 3128 550 3186 Unde
589 3129 735 3185 istud
770 3128 949 3200 ipsum
997 3128 1142 3199 quod
1193 3128 1249 3186 in
1280 3130 1384 3187 hoc
1438 3132 1686 3203 plerique
1741 3137 1858 3191 viro
1890 3138 1970 3193 uti

390 3222 581 3278 vitium
635 3220 1121 3295 damnanthlaudi
1169 3223 1353 3293 potius
1393 3227 1780 3282 ascribeudum
1821 3229 1971 3298 judi-

389 3316 531 3372 cavi.
586 3316 702 3370 Cur
757 3317 930 3381 enim,
985 3316 1221 3382 aiebam,
1280 3318 1426 3373 hunc
1476 3319 1778 3391 vituperem
1822 3327 1969 3393 quod

389 3424 616 3465 severus
640 3409 693 3463 in
730 3409 1047 3479 castigando
1079 3411 1172 3474 sit,
1203 3425 1329 3465 cum
1354 3409 1605 3477 Deus,de
1630 3414 1791 3484 cujus
1817 3416 1970 3471 beni-

390 3505 594 3569 gnitate
625 3502 879 3556 dubitare
935 3517 1097 3557 nemo
1130 3512 1329 3572 potest,
1364 3505 1691 3575 plerumque
1724 3508 1974 3563 homines

382 3594 532 3664 jnste
566 3595 795 3667 puniat?
841 3609 948 3650 non
989 3596 1175 3650 animo
1211 3595 1424 3651 scilicet
1475 3597 1622 3667 ipsos
1679 3599 1967 3669 perdendi,

386 3688 487 3743 sed
517 3687 816 3759 purgandi;
848 3688 995 3759 quod
1031 3688 1280 3758 profecto
1316 3690 1693 3760 benignitatis,
1734 3692 1971 3766 ejusque

389 3795 499 3835 non
548 3780 810 3850 vulgaris,
859 3781 1109 3836 ollicium'
1156 3788 1263 3838 est.
1300 3781 1568 3848 Quoniam
1635 3795 1818 3840 autem
1879 3788 1967 3842 sul

389 3884 583 3943 potens
608 3888 675 3928 ac
703 3873 861 3928 liberi
887 3888 1113 3944 compos
1148 3875 1360 3929 arbitrii
1383 3874 1641 3931 conditus
1666 3877 1829 3933 homo
1859 3889 1964 3947 est,

388 3968 694 4038 exspectari
733 3966 878 4021 aliud
908 3982 1011 4022 non
1045 3968 1207 4034 debet
1240 3984 1404 4039 quam
1429 3969 1800 4026 exerciturum
1837 3986 1967 4029 eum

388 4058 443 4113 itt
479 4059 603 4115 vita:
654 4068 777 4115 actu
815 4074 970 4114 suam
1024 4060 1179 4114 istam
1226 4060 1535 4127 expeditam
1590 4063 1645 4117 in
1691 4068 1965 4121 utrumvis

388 4150 623 4220 eligendi
673 4148 1010 4217 facultatem,
1042 4160 1096 4207 et
1127 4162 1285 4220 prout
1330 4152 1661 4222 judicaverit
1713 4168 1969 4224 operatu-

389 4258 537 4301 rum.
580 4244 817 4299 Tantum
868 4245 919 4300 ei
956 4245 1239 4318 dirigenda
1278 4247 1361 4302 lex
1418 4250 1735 4319 apponitur,
1765 4257 1964 4320 partim

390 4339 659 4395 naturalis
698 4338 895 4407 partim
924 4340 1157 4408 scripta,
1218 4340 1537 4411 arbiterque
1579 4342 1839 4412 praesidet
1869 4333 1967 4413 ju-

2079 3129 2163 3185 sia
2196 3142 2398 3199 corpus
2448 3130 2571 3185 sine
2617 3130 2797 3198 capite
2830 3145 2954 3187 esse
3002 3147 3110 3187 non
3161 3131 3353 3202 possit,
3387 3134 3666 3190 ostendite

2077 3219 2283 3289 quibus
2313 3230 2367 3275 et
2410 3221 2668 3290 qualibus
2712 3222 3017 3278 hierarchis
3052 3234 3290 3277 vestram
3334 3206 3665 3279 hanc-recte

2077 3315 2332 3384 subiungi
2365 3316 2843 3385 congregationem
2878 3318 3202 3371 autumetis.
3239 3314 3347 3373 Sed
3386 3318 3571 3373 videte
3604 3326 3663 3385 ut
3763 3335 3767 3339 ·

2078 3407 2219 3463 tales
2275 3407 2694 3471 demonstretis,
2750 3407 3009 3478 qualibus
3063 3410 3220 3478 plena
3280 3411 3665 3478 exploratione

2076 3500 2314 3571 cognitis
2366 3501 2510 3555 haud
2561 3501 2728 3557 dubie
2774 3501 3102 3566 debeamus,
3156 3504 3496 3571 repudiando
3555 3520 3662 3560 no-

2073 3604 2221 3651 stros
2272 3603 2333 3649 ut
2390 3596 2573 3650 minus
2610 3595 2863 3659 idoneos,
2906 3596 3191 3651 accedere;
3226 3593 3344 3662 Eia,
3408 3596 3658 3668 inquam,

2069 3688 2412 3757 reperiamus
2471 3689 2731 3758 aliquem
2765 3691 2973 3743 exitum
3035 3689 3233 3745 inllniti
3300 3691 3415 3758 jam
3480 3692 3658 3761 prope

2075 3782 2303 3851 negotii.
2359 3781 2629 3837 Nullusne
2684 3782 2953 3838 terminus
2995 3782 3313 3854 iurgiorum
3360 3782 3485 3837 sit?
3523 3798 3658 3839 num

2074 3885 2291 3937 a'quum
2350 3870 2699 3925 arbitramini
2747 3881 3098 3927 aeterno-vos
3152 3871 3595 3930 irrevocabiliter
3626 3890 3657 3928 a

2075 3963 2279 4017 mundo
2313 3963 2569 4018 universo
2610 3963 2836 4035 abjungi
2870 3964 3145 4021 discidio?
3171 3965 3257 4021 An
3291 3966 3458 4021 alium
3488 3983 3659 4039 quc-

2072 4069 2257 4107 remus
2278 4063 2549 4123 terrarum
2577 4055 2792 4115 orbem,
2820 4054 2965 4111 unde
2997 4055 3317 4111 hierarchas
3351 4058 3510 4112 vobis
3544 4073 3655 4114 non

2073 4145 2437 4201 fastidiendos
2480 4146 2846 4213 adducamus;
2896 4146 2990 4217 qui
3048 4148 3657 4219 nostram-aliquando

2074 4239 2377 4293 Eeclesiam
2436 4254 2541 4293 non
2592 4240 2705 4309 jam
2758 4240 3002 4309 amplius
3051 4240 3233 4302 dubiae
3282 4242 3659 4301 ordinationis

2072 4330 2416 4402 presbyteris
2448 4330 2727 4385 instruant
2776 4345 2840 4384 ac
2871 4342 3019 4385 certa
3048 4346 3174 4387 cum
3204 4333 3508 4390 orthodoxa
3536 4363 3539 4366 ν
3563 4350 3685 4395 ve-.

389 4431 582 4486 dicans
649 4441 728 4493 ut,
779 4431 825 4487 si
891 4432 981 4486 cui
1031 4447 1059 4485 a
1121 4429 1310 4485 fraude
1360 4433 1666 4487 coercendo
1723 4435 1973 4489 naturale

2080 4422 2179 4475 teri
2243 4422 2654 4478 continuatione
2713 4424 3086 4481 conuectant?
3150 4426 3344 4482 Utrum
3413 4429 3655 4485 censetis

391 4523 623 4594 singulis
688 4522 922 4579 inditum
961 4527 1227 4599 propriae
1272 4524 1547 4595 cujusque
1593 4527 1970 4591 conscientiae,

389 4615 611 4671 vitanda
645 4617 1041 4688 sequendaque
1073 4618 1481 4688 distinguentis.
1516 4618 1660 4673 haud
1696 4619 1975 4675 suffecerit

392 4707 643 4773 frenum,
700 4707 861 4778 hujus
911 4709 1188 4764 defectum
1238 4720 1483 4764 externae
1523 4715 1814 4781 potestatis
1849 4731 1972 4768 cor-

391 4802 568 4871 reptio
604 4804 874 4871 suppleat,
922 4800 1211 4871 discatque
1264 4816 1495 4857 censura
1544 4805 1781 4859 docente
1822 4808 1969 4875 quinti

391 4892 720 4946 admonente
768 4891 963 4945 intimo
1010 4894 1454 4963 naturmjudicio
1507 4895 1664 4951 visus
1728 4906 1812 4953 est
1857 4913 1965 4953 non

390 4983 727 5039 intellexisse
770 4986 862 5055 qui
905 4986 1181 5055 peccavit;
1216 5003 1280 5041 ex
1318 5002 1423 5055 quo
1461 4986 1695 5042 infertur
1734 4990 1973 5057 castiga-

392 5085 565 5131 torem
600 5076 779 5131 delicti
819 5092 1004 5131 revera
1057 5078 1427 5133 henefactoris
1483 5079 1604 5134 loco
1636 5082 1969 5155 ducendum,

390 5171 553 5226 etiam
598 5186 721 5225 curn
761 5172 933 5229 saevit.
967 5172 1035 5225 ab
1067 5186 1131 5227 eo
1181 5188 1341 5241 quem
1378 5183 1674 5229 merentem
1717 5176 1964 5244 corripit.

390 5266 524 5321 Nam
558 5280 684 5320 esse
737 5264 1046 5321 hominibus
1083 5268 1379 5333 expetibile
1412 5268 1457 5321 vi
1493 5267 1739 5322 adhibita
1785 5268 1966 5337 juvari

391 5359 734 5413 demonstrat
760 5373 978 5413 sacrum
1016 5359 1393 5429 Evangelium,
1428 5358 1520 5414 ubi
1553 5358 1723 5416 refert
1751 5360 1965 5415 turbam

393 5455 446 5511 in
480 5452 581 5508 viis
621 5454 815 5523 plateis
866 5452 1113 5521 vicisque
1145 5456 1319 5509 otiose
1366 5454 1705 5509 desidentem
1736 5468 1846 5507 non
1880 5453 1968 5507 in-

390 5547 701 5603 humaniter
731 5549 823 5602 setl
855 5546 1097 5602 benefice
1122 5548 1463 5617 compulsam
1496 5545 1704 5602 intrare
1727 5545 1795 5600 ad
1823 5547 1969 5617 regis

391 5640 645 5711 nuptias;
704 5650 761 5695 ut
817 5640 920 5695 sibi
976 5639 1351 5695 necessarium
1413 5653 1605 5695 omnes
1662 5637 1968 5708 intelligant

394 5736 675 5791 auxilium,
704 5735 937 5789 admota:
984 5732 1347 5799 necessitatis,
1388 5731 1432 5786 si
1472 5733 1561 5803 qui
1595 5731 1732 5786 salvi
1776 5730 1968 5789 volunt

2078 4516 2475 4570 controversiis
2533 4516 2787 4572 finiendis
2843 4518 3220 4584 conducibile,
3277 4535 3443 4588 super
3498 4510 3648 4577 statu

2078 4604 2371 4659 viventium
2412 4608 2732 4661 consultare
2772 4622 2897 4661 cum
2957 4610 3213 4675 mortuis,
3248 4619 3302 4664 et
3354 4610 3651 4681 exquirere

2075 4699 2143 4751 ab
2182 4699 2249 4753 iis
2285 4698 2377 4767 qui
2412 4713 2521 4751 non
2558 4708 2709 4762 sunt,
2750 4700 3143 4770 quidjudicari
3179 4703 3247 4758 de
3282 4705 3648 4773 praesentibus

2074 4790 2307 4845 debeat?
2354 4793 2487 4860 quin
2543 4806 2645 4846 uos
2688 4792 2793 4862 ipsi
2836 4797 3018 4863 potius
3054 4794 3364 4851 decidimus
3402 4797 3527 4854 lites
3556 4812 3653 4853 no-

2076 4896 2245 4957 stras,
2284 4896 2340 4939 et
2379 4885 2727 4951 proferendis
2762 4888 3043 4957 utrimque
3078 4888 3316 4944 invicem
3356 4905 3646 4947 causarum

2074 4964 2667 5047 adversarumjuribus
2686 4979 3002 5048 iudicamus
3027 4982 3271 5039 vicissim
3300 4983 3651 5052 iudicamur-

2073 5088 2201 5141 que,
2230 5073 2310 5126 sic
2342 5064 2599 5126 conflictu
2635 5081 3085 5142 argumentorum
3117 5077 3469 5153 extundenda
3502 5081 3648 5136 veri-

2074 5178 2203 5232 tate,
2247 5184 2351 5239 qua
2406 5185 2528 5222 mox
2575 5171 2690 5223 visa
2754 5174 3168 5229 coiisentientes
3208 5165 3647 5245 acquiescamus.

2073 5263 2261 5318 Audeo
2293 5264 2567 5334 polliceri,
2611 5264 2807 5318 fiducia
2842 5281 2952 5320 non
2982 5266 3225 5322 defuturi
3277 5270 3451 5326 divini
3486 5272 3643 5329 auxi-

2074 5356 2129 5409 lii
2155 5375 2168 5411 :
2202 5358 2247 5412 si
2280 5358 2369 5412 Dei
2391 5358 2582 5420 ductu,
2602 5358 2821 5413 Patrum
2850 5363 3273 5418 auctoritatibus
3299 5373 3353 5419 et
3374 5367 3646 5438 exemplis

2072 5451 2415 5519 inquiremus
2449 5453 2581 5523 quid
2617 5469 2753 5522 opus
2790 5442 2933 5507 facto
2983 5454 3073 5519 sit,
3110 5472 3219 5511 non
3260 5458 3642 5519 aberrabimus

2072 5560 2099 5596 a
2131 5559 2319 5615 senpo,
2351 5560 2451 5599 nec
2476 5548 2567 5601 diu
2601 5546 2781 5601 aberit
2811 5549 2945 5616 quin
2977 5551 3373 5609 conveniamus
3405 5554 3457 5609 in
3490 5571 3642 5611 com-

2071 5640 2312 5693 muniter
2348 5638 2647 5693 salutarem
2685 5651 2738 5695 et
2770 5642 3117 5696 commodam
3154 5645 3411 5716 utrisque
3430 5660 3647 5705 senten-

2038 5732 2225 5787 .tiam.
2284 5729 2410 5787 llec
2442 5747 2507 5788 ex
2556 5748 2679 5787 meo
2730 5748 2894 5791 sensu
2953 5752 3075 5807 qua:
3114 5740 3406 5807 profiterer
3459 5743 3642 5798 habui.
