3994 6226
477 366 581 434 531

1692 375 1948 439 GEORG
1963 376 2019 436 ll
2066 375 2552 438 PACHYMER/E

3619 368 3720 439 532

470 484 582 542 λων
606 485 783 558 ἔργων
813 489 874 544 ἐκ
911 489 1010 559 τῆς
1044 490 1177 562 πρὸς
1230 489 1321 546 τὸν
1353 491 1608 566 γαμϐρὸν
1655 493 1928 564 ἐντυχίας,
1961 491 2052 551 τὸν
2079 495 2130 557 Α
2157 496 2319 565 κραῖς
2350 495 2508 548 ναυσὶ
2535 492 2628 564 ’τῷ
2668 493 2765 564 τῆς
2796 490 3050 548 Μαδύτου
3101 489 3387 563 προσίσχει
3435 459 3632 557 λιμένι,
3666 490 3730 544 δν

475 579 670 650 καιρὸν
721 582 1017 652 ῆργολάὄει
1063 585 1201 648 τέως
1253 588 1348 641 καὶ
1397 586 1460 640 τὸ
1510 587 1784 657 πρακτέον
1835 586 2053 639 διεὸου-

474 674 683 732 λεὺετο.
716 680 834 734 Κάν
865 680 970 732 πού
1012 698 1064 733 τι
1104 683 1198 734 καὶ
1241 682 1351 735 τῶν
1394 681 1787 752 ἀπειρημένων
1824 679 2053 750 ἠκούετο

476 771 745 836 γξνεσθαι,
780 773 885 826 κάν
943 774 1083 828 αὖτά
1121 775 1486 846 παρήρπαζον
1541 775 1607 828 τά
1653 776 1906 844 δημόσια.
1952 771 2053 826 κᾶν

477 864 578 935 τὴν
609 866 792 936 χώραν
836 866 1144 940 ἐξέτρεχον,
1179 869 1238 922 ἐν
1279 868 1457 939 καιρῷ
1500 869 1696 940 ἀρότου
1735 870 1826 921 καὶ
1854 868 2050 929 ταῦτα,

476 958 565 1011 ὅτε
603 962 698 1014 καὶ
729 961 835 1024 πᾶς
859 961 918 1023 ἐς
944 963 1116 1016 νέωτα
1148 962 1410 1034 θερισμὸς
1436 963 1530 1016 καὶ
1557 963 1615 1016 τὸ
1635 962 1908 1034 τραφῆναι
1937 960 2054 1032 ἅμα

482 1053 583 1122 μὲν
615 1052 820 1122 ξένους,
841 1056 957 1127 ἅμα
995 1056 1040 1110 δ’
1066 1058 1318 1122 ἐποίκους
1340 1059 1437 1128 τῆς
1464 1058 1727 1128 ἀνατολῆς
1762 1055 2056 1128 καχεκτού-

481 1162 581 1216 σης
619 1147 898 1218 ἠλπίζετο,
942 1152 1096 1204 αὐτοὶ
1124 1151 1180 1204 δέ
1219 1154 1315 1207 καὶ
1343 1154 1450 1205 τῶν
1483 1153 1645 1222 ἀροτῆ
1657 1169 1764 1221 ρων
1791 1151 1928 1222 βοῶν
1954 1150 2053 1204 οὐκ

477 1241 805 1310 ἀπέσχοντο,
867 1244 1062 1314 ἀνέδην
1113 1245 1206 1298 καὶ
1237 1246 1436 1309 αὐτοὺς
1488 1246 1727 1310 θύοντες,
1761 1246 1910 1312 ὅμως
1958 1245 2056 1312 τῆς

479 1332 783 1398 ἐττάὑτοῖς
843 1337 1274 1409 ἀγανακτήσεως
1327 1340 1602 1407 καθυφίει.
1661 1337 1773 1392 Καὶ
1829 1338 2058 1409 συχνοὺς

482 1423 828 1479 ἀποστέλλων
865 1428 1007 1492 (οὐδὲ
1033 1431 1141 1499 γὰρ
1173 1431 1439 1500 ὴρέσκετο
1479 1431 1589 1484 τῶν
1615 1431 1834 1484 πάντων
1866 1430 2058 1484 διαπε-

485 1516 852 1587 ραιωθέντων)
884 1522 1009 1591 περὶ
1035 1521 1240 1591 χιλίους
1266 1523 1542 1592 ἐγκρίνειν
1572 1522 1929 1584 διεκελεύετο,
1968 1522 2060 1575 καὶ

483 1610 584 1678 τὴν
620 1611 881 1682 ταχίστην
909 1615 1154 1688 ἀπαντᾷν
1198 1616 1351 1689 παρὰ
1380 1616 1597 1687 Μιχαὴλ
1641 1616 1888 1686 βασιλέα.
1921 1617 2063 1686 πέμ-

482 1719 602 1755 πων
631 1707 723 1757 καὶ
757 1708 914 1759 ἱκανά
953 1709 1088 1778 πρὸς
1123 1709 1409 1778 μίσθωσιν.
1441 1711 1578 1775 Τοὺς
1608 1711 1653 1763 δ’
1684 1710 1877 1773 ἄλλους
1906 1709 2057 1763 ἀντι·

484 1799 660 1868 περᾷν
719 1801 928 1868 ἐφιέναι
977 1805 1073 1857 καὶ
1126 1803 1215 1857 ἐπ’
1261 1804 1524 1870 ἀνατολῆς
1571 1804 1885 1874 διατρίϐειν,
1938 1805 2059 1856 ἐπεὶ

2163 582 2416 654 βασιλεὺς
2451 584 2549 654 μὲν
2579 586 2637 637 οὐ
2666 584 2957 655 κέκληκεν,
3001 578 3162 645 αὐτὸς
3195 578 3241 634 δ’
3273 580 3474 642 ἐκεῖνος
3501 581 3527 634 ὁ
3561 580 3726 650 μέγας

2157 676 2283 743 δοὺξ
2315 679 2375 732 τὸ
2411 680 2510 749 μὲν
2533 681 2644 740 τοῖς
2678 677 2801 733 καθ’
2843 677 3005 731 αὑτὸν
3039 675 3356 731 ἀκουσθεῖσι
3389 669 3722 746 παρώτρυνε,

2157 771 2216 824 τὸ
2251 765 2305 824 δὲ
2352 772 2446 825 καὶ
2489 772 2781 843 γράμμασι
2831 771 2955 827 καθ’
2991 771 3285 843 ὑπόσχεσιν
3327 768 3598 839 μεγίστων
3635 764 3725 819 καὶ

2159 866 2478 934 περιφανῶν
2508 866 2848 937 δωρημάτων
2888 867 2950 919 ἐκ
2983 865 3270 936 βασιλέως.
3303 862 3402 916 Διά
3434 859 3602 932 ταῦτα
3636 860 3726 927 μό-

2160 976 2247 1011 νον
2281 960 2489 1023 ὲκεῖνος
2519 960 2742 1030 ἐπέστη.
2795 961 2953 1016 Καὶὸ
2990 961 3164 1032 μέγας
3213 957 3339 1022 δοὺξ
3388 955 3487 1010 σὺν
3531 952 3727 1021 ὀλίγοις

2161 1055 2317 1124 παρά
2343 1053 2568 1125 βασιλέα
2596 1055 2830 1120 γίνεται,
2863 1049 2921 1110 οὗ
2957 1054 3049 1107 καὶ
3095 1048 3524 1123 μεγαλοπρεπῶς
3559 1046 3727 1098 εἰσδε-

2158 1147 2400 1216 χθέντος,
2436 1146 2604 1218 μηνὸς
2645 1145 3109 1216 Ἐλαφηϐολιῶνος
3137 1145 3415 1214 λήγοντος,
3450 1141 3512 1194 τὰ
3543 1137 3727 1208 πρῶτα

2164 1240 2263 1309 μὲν
2289 1240 2337 1292 οῑ
2373 1241 2502 1309 περὶ
2540 1238 2750 1307 μισθῶν
2784 1236 3060 1292 ἐκινοῦντο
3086 1238 3262 1304 λόγοι,
3291 1236 3383 1288 καὶ
3417 1233 3728 1305 τριακοσίας

2160 1332 2476 1404 χιλιοστύας
2509 1334 2862 1402 νομισμάτων
2891 1333 3296 1401 συνεκορ·5φουν
3322 1327 3420 1388 τὰς
3457 1327 3534 1387 εἰς
3567 1321 3730 1377 ἀπαί-

2161 1423 2341 1497 τησιν,
2376 1425 2602 1498 ὕστερον
2637 1428 2692 1480 δέ
2723 1428 2814 1481 καὶ
2847 1428 2936 1480 τὸν
2966 1426 3383 1495 ἐπιδημήσαντα
3415 1419 3548 1482 τέως
3577 1417 3733 1479 αὐτὸς

2164 1519 2408 1581 συνίστα,
2446 1521 2540 1574 καὶ
2573 1521 2648 1582 ὡς
2689 1521 2954 1590 γεννάδας
3004 1520 3089 1587 εἴη
3136 1518 3229 1570 καὶ
3267 1513 3514 1583 εὐγενὴς,
3542 1511 3633 1565 καὶ
3659 1509 3731 1572 ὡς

2161 1613 2372 1668 δίκαιον
2409 1615 2548 1685 ὑπὲρ
2581 1614 2772 1679 ἄλλους
2798 1617 2894 1685 τῆς
2932 1612 3218 1685 βασιλικῆς
3259 1608 3543 1681 εὐμενείας
3571 1622 3731 1663 κατα·

2163 1703 2421 1756 πολαύειν
2447 1719 2462 1737 ·
2509 1705 2721 1775 μεγάλα
2761 1705 2868 1775 γὰρ
2905 1704 3201 1758 ἐλπίσαντα
3243 1701 3334 1755 καὶ
3374 1700 3527 1769 παρὰ
3567 1696 3733 1765 μέγαν

2164 1795 2470 1866 ἀφιγμένον
2520 1798 2619 1851 οὐκ
2655 1798 2797 1860 εἰκὸς
2830 1797 3009 1868 εὑρεῖν
3057 1797 3166 1849 τῶν
3208 1793 3492 1863 ἐλπισμῶν
3520 1791 3733 1862 ἥττονα.

487 1891 624 1961 μηδέ
657 1894 755 1961 τὴν
792 1895 964 1968 ἀρχὴν
996 1896 1166 1952 τόσων
1219 1897 1447 1963 δεῖσθαι,
1481 1896 1603 1969 μηδ’
1649 1897 1792 1969 ἔχειν
1839 1898 2058 1968 τρέφειν
2087 1881 2136 1940 Β
2171 1888 2359 1958 Ἐχειν
2391 1889 2447 1942 δέ
2476 1891 2568 1943 καὶ
2599 1890 2764 1944 αὐτὸν
2795 1890 3055 1951 εὐνοϊκῶς
3089 1891 3203 1952 τοῖς
3224 1885 3317 1940 τοῦ
3347 1883 3632 1957 βασιλέως,
3664 1881 3736 1942 ὡς

481 1982 584 2054 τὴν
619 1981 897 2048 βασιλείαν
929 1988 1236 2054 τοσούτους,
1265 1991 1314 2045 εί
1355 1990 1450 2045 καὶ
1484 1990 1618 2062 πρὸς
1665 1989 1854 2060 καιρὸν
1878 1987 2061 2041 ἐλθόν-

485 2092 584 2138 τας
613 2080 987 2152 παρακληθεὶς
1020 2081 1258 2150 ἐδέξατο.

486 2189 553 2244 δ’.
576 2194 715 2262 Περὶ
751 2192 862 2271 τῇς
908 2196 1226 2271 ἐπιδημίας
1260 2200 1369 2256 τοῦ
1399 2201 1806 2271 Μπυριγερῖου
1851 2199 2064 2263 Τέντξα

776 2269 1119 2324 Κατελάνου
1149 2270 1246 2325 καὶ
1276 2273 1395 2326 σῶα·
1419 2275 1547 2327 κατ’
1572 2269 1780 2329 αὐτόν.

561 2356 645 2420 [Ρ.
688 2361 819 2435 557]
857 2363 945 2418 Ἐν
988 2366 1229 2438 τοσούτῳ
1254 2367 1310 2420 δέ
1355 2367 1449 2421 καί
1477 2384 1562 2432 τις
1596 2368 1704 2423 τῶν
1738 2367 2065 2424 Κατελάνων

488 2452 586 2507 καὶ
612 2453 796 2524 αὐτὸς,
831 2456 1210 2531 Μπυριγέριος
1241 2459 1505 2534 τοῦνομα,
1541 2461 1738 2534 σύναμ’
1768 2463 1926 2519 ἐννέα
1955 2481 2064 2536 μα-

493 2634 734 2692 nondum
788 2637 894 2695 sibi
942 2639 1103 2710 plene
1158 2643 1386 2708 credita,
1419 2635 1776 2714 cognouerat.
1808 2643 1922 2701 Nec
1970 2645 2063 2700 diu

492 2730 706 2785 scilicet
731 2730 904 2788 abfuit
939 2737 1071 2806 quin
1125 2735 1338 2794 iteratis
1382 2753 1484 2794 nec
1518 2736 1632 2809 jam
1671 2737 2066 2796 dubitabilibus

422 2867 424 2870 .
493 2823 909 2884 indiciisetiam
947 2831 1177 2887 tetriora
1210 2833 1361 2903 prius
1403 2833 1675 2889 nuntiatis
1710 2834 2066 2890 efferrentur.

494 2918 861 2976 Scribebatur
891 2925 1038 2978 enim
1073 2940 1141 2981 ne
1186 2940 1218 2979 a
1263 2926 1475 2998 publica
1507 2925 1727 2998 quidem
1764 2929 1870 2985 illic
1902 2945 2069 3000 pecu-

493 3012 586 3066 nia
613 3013 920 3095 diripienda
953 3026 1261 3107 temperare
1291 3017 1624 3090 Catelanos;
1656 3022 1876 3078 eosdem
1909 3023 2068 3093 plane

496 3118 715 3164 vastare
761 3123 826 3165 ac
870 3109 1083 3182 rapinis
1131 3112 1428 3169 exhaurire
1471 3115 1748 3186 regionem
1790 3115 2106 3186 segetibus-

2168 1983 2542 2054 συμπράττειν
2577 1983 2673 2055 ὅλῃ
2709 1982 2802 2035 καὶ
2838 1983 2979 2053 χειρὶ
3014 1981 3110 2036 καὶ
3141 1981 3355 2052 γνώμῃ.
3383 1977 3479 2031 ἕνα
3511 1976 3617 2028 τῶν
3644 1973 3736 2045 βα-

2169 2076 2362 2139 σιλέως
2410 2077 2755 2147 μεγιστάνων
2801 2076 2877 2139 ὡς
2910 2074 3055 2139 εἰκὸς
3104 2072 3472 2128 καταστάντα.
3505 2068 3570 2121 El
3597 2067 3649 2119 δέ
3677 2079 3738 2133 γε

2166 2169 2263 2223 καὶ
2300 2169 2594 2238 μανθάνειν
2618 2169 2849 2239 τάληθὲς
2882 2167 3148 2240 βούλοιτο,
3183 2164 3345 2220 αὑτὸν
3376 2156 3520 2217 εἶναι
3549 2158 3740 2230 μᾶλλον

2166 2261 2333 2316 αὑτοῦ
2383 2262 2476 2316 καὶ
2525 2262 2620 2316 ἐπὶ
2667 2262 2743 2332 τῷ
2793 2260 2888 2315 τοῦ
2943 2259 3182 2332 μεγάλου
3239 2257 3430 2317 δουκδς
3479 2254 3741 2322 ἀξιώματι

2166 2354 2482 2427 ἀξιώτερον,
2512 2355 2608 2409 ass
2642 2353 2820 2425 πολλῷ
2858 2355 3040 2425 μέτρῳ
3068 2353 3127 2406 τὸ
3148 2352 3304 2421 γένος
3333 2345 3738 2419 ὑπερηρμᾶνον.

2167 2447 2250 2502 Τά
2284 2447 2382 2518 μὲν
2408 2447 2586 2502 τοίνυν
2635 2447 2761 2516 περὶ
2792 2444 2959 2500 αὐτοῦ
3015 2442 3266 2517 βασιλεὺς
3294 2444 3353 2496 ἐν
3401 2439 3642 2510 δευτέρῳ
3665 2434 3739 2491 sl-

2169 2637 2275 2694 bus
2325 2634 2391 2691 ad
2437 2632 2642 2706 Madyti
2693 2640 2913 2704 portum
2953 2629 3204 2702 appulit;
3236 2641 3400 2698 quem
3449 2625 3744 2693 imperator

2166 2729 2332 2805 485
2357 2728 2580 2800 quidem
2610 2743 2720 2782 non
2757 2731 3083 2792 vocaverat;
3120 2722 3208 2778 ille
3238 2729 3418 2776 autem
3445 2718 3566 2790 ipse
3609 2728 3745 2785 sa'pc

2169 2825 2332 2882 nobis
2387 2815 2724 2879 memoratus
2779 2820 2893 2875 dux.
2946 2831 3180 2888 magnus
3241 2815 3437 2886 partim
3503 2809 3750 2877 exemplo

2170 2921 2314 2978 fatua
2344 2905 2564 2990 vulgato
2612 2915 2914 2988 ingentium
2966 2928 3194 2970 suorum
3252 2911 3305 2968 in
3339 2917 3658 2980 quaestuosa
3695 2913 3747 2960 et

2170 3017 2321 3073 facili
2355 3014 2544 3070 militia
2579 3013 2856 3068 lucrorum
2904 3011 2970 3065 ad
3004 3024 3131 3080 spes
3173 3005 3499 3078 praedasque
3548 3000 3750 3059 similes

2171 3109 2372 3168 tacitus
2394 3108 2752 3171 excitaverat,
2783 3103 2982 3176 partim
3029 3100 3220 3166 etiam,
3255 3107 3315 3153 ut
3344 3107 3430 3154 est
3466 3092 3748 3157 credibile,

495 3207 614 3252 tum
672 3198 808 3256 forte
866 3204 1109 3260 maturis.
1159 3206 1576 3275 praemetendis,
1623 3223 1745 3278 qua:
1798 3218 1902 3261 tam
1942 3207 2067 3263 lmto
2096 3240 2144 3304 ο
2175 3204 2380 3262 diserte
2413 3199 2737 3274 perscriptis
2771 3195 3260 3292 pollicitationibus
3290 3191 3654 3246 maximorum
3691 3199 3750 3240 ac

496 3305 764 3364 proventu
799 3295 1174 3366 adoleverant,
1207 3308 1268 3356 ut
1301 3315 1520 3356 annona
1567 3302 1693 3358 inde
1723 3311 2070 3373 exspectare-

497 3399 590 3444 tur
614 3403 722 3446 non
752 3390 1027 3464 indigenis
1067 3395 1266 3462 solum,
1300 3394 1394 3451 sed
1427 3406 1482 3452 et
1516 3394 1740 3454 advenis
1772 3413 1836 3454 ex
1882 3395 2071 3455 Orien-

499 3485 593 3540 tali
618 3487 942 3544 continente
973 3490 1564 3560 propterbarbaricas
1602 3491 1950 3551 incursiones
1984 3493 2074 3548 in-

497 3580 644 3634 culta
701 3595 766 3637 eo
810 3583 1021 3653 passim
1071 3582 1520 3654 confugientibus
1571 3584 1825 3656 plurimis
1856 3585 2073 3644 abunde

497 3671 709 3727 alendis
743 3671 1064 3730 suffectura.
1103 3675 1254 3733 Hanc
1301 3670 1476 3733 exteri
1514 3677 1720 3735 milites
1761 3694 1868 3734 non
1909 3682 2071 3737 modo

499 3769 558 3822 in
595 3785 836 3839 praesens
865 3772 1227 3842 pessumdare
1269 3773 1495 3844 direque
1533 3773 1770 3830 helluari
1824 3773 2080 3832 fereban-

500 3866 613 3926 tur,
646 3861 740 3916 sed
774 3865 928 3932 Spem
970 3865 1132 3918 etiam
1170 3874 1404 3935 postera
1432 3865 1737 3924 fertilitatis
1779 3868 2079 3941 praecipere

501 3951 680 4010 bobus
713 3953 917 4026 ubique
946 3956 1262 4015 aratoribus
1297 3958 1630 4017 mactandis.
1675 3958 1745 4015 Ea
1782 3975 1968 4017 rerum
1994 3961 2081 4018 in-

502 4046 769 4116 dignitate
793 4065 1108 4121 quanquam
1135 4050 1328 4111 intime
1358 4053 1624 4111 urebatur
1650 4054 1972 4126 imperator,
1997 4057 2082 4112 ius

431 4177 434 4180 ~
502 4141 825 4214 dignatione
861 4157 1042 4203 tamen
1089 4147 1141 4202 in
1200 4162 1443 4220 presens
1489 4148 1836 4209 dissimulata
1866 4161 2079 4221 tantum

504 4252 616 4306 pra:
640 4253 704 4293 se
735 4239 860 4296 tulit
883 4253 1075 4297 contra
1107 4258 1262 4298 suam
1296 4250 1531 4300 mentem
1581 4243 1788 4300 factum
1842 4253 1903 4300 ut
1959 4245 2083 4301 uni-

504 4346 701 4388 versus
736 4334 920 4403 magni
982 4333 1140 4389 ducis
1190 4334 1468 4390 exercitus
1498 4334 1556 4390 in
1583 4334 1881 4392 Occiduam
1911 4336 2086 4392 conti-

506 4433 727 4480 nentem
752 4442 816 4482 ex
859 4427 989 4483 Asia
1048 4427 1341 4496 trajiceret.
1393 4428 1571 4484 Missis
1622 4431 1804 4499 itaque
1852 4431 2087 4486 subinde

507 4517 672 4574 variis
712 4518 911 4575 lnstitit
953 4536 1148 4590 urgere
1188 4531 1244 4574 ut
1277 4539 1307 4577 ο
1347 4523 1520 4591 copiis
1541 4521 1816 4593 Madytum
1841 4524 2086 4593 appulsis

509 4615 712 4670 milites
759 4614 984 4670 circiter
1036 4615 1181 4669 mille
1224 4615 1618 4685 deligerentur,
1649 4617 1742 4684 qui
1792 4617 2080 4674 confestim

473 4769 476 4775 ,
507 4708 797 4765 Michaelis
834 4709 1065 4781 Augusti
1100 4709 1222 4779 plus
1249 4725 1314 4766 eo
1347 4725 1576 4765 numero
1620 4728 1724 4766 non
1759 4712 2092 4770 desideran-

511 4805 583 4857 tis
611 4817 736 4858 sese
763 4807 965 4860 castris
992 4803 1375 4874 adiungerent.
1414 4803 1769 4872 Mitteliatque
1801 4806 1962 4861 simul
1999 4819 2091 4876 p15-

511 4896 727 4950 cuuiam
758 4909 962 4967 quanta
991 4898 1046 4952 iu
1079 4898 1272 4953 horum
1308 4897 1576 4968 stipendia
1610 4898 1905 4955 sufﬁceret.
1938 4900 2091 4955 Alios

515 4993 715 5047 remitti
743 4993 975 5062 jubebat
1003 4993 1144 5048 unde
1199 5003 1485 5057 venerant,
1518 5000 1570 5048 et
1614 4994 1666 5046 in
1721 4992 2094 5048 Orientalibus

520 5088 789 5145 diversari
847 5086 1137 5152 tractibus,
1179 5087 1389 5141 addens
1431 5102 1608 5155 neque
1651 5101 1709 5140 se
1755 5099 1785 5139 a
1826 5084 2096 5154 principio

525 5193 672 5238 tanta
717 5180 1064 5237 multitudine
1104 5197 1242 5250 opus
1274 5181 1534 5235 habuisse
1561 5195 1659 5234 nec
1688 5192 1934 5238 vocasse.
1963 5192 2098 5230 cono

520 5280 667 5335 scius
685 5278 829 5332 haud
849 5291 1006 5345 posse
1023 5275 1126 5332 hoc
1145 5290 1327 5329 rerum
1341 5275 1642 5330 accisarum
1659 5282 1801 5330 statu
1823 5262 2101 5326 Romano-

521 5389 642 5428 rum
681 5371 973 5439 imperium
1006 5385 1112 5425 tam
1153 5370 1352 5425 multos
1380 5371 1546 5429 alere.
1581 5367 1679 5422 etsi
1720 5367 1862 5421 ultro
1881 5381 1940 5421 se
1960 5363 2101 5420 oit'e-

529 5474 710 5520 rentes
727 5462 1023 5534 exceperit,
1051 5463 1114 5517 ad
1134 5478 1290 5517 usum
1317 5463 1580 5515 duntaxat
1607 5459 1787 5516 brevis
1811 5457 2098 5527 temporis.

527 5578 581 5632 ι.
622 5577 693 5630 De
729 5576 955 5630 adventu
986 5575 1307 5698 Mpyrigeriib
1326 5573 1531 5628 Tentata
1558 5571 1822 5638 Caietam”,
1862 5580 1910 5625 et
1943 5568 2102 5638 hujus

1222 5663 1276 5698 re
1315 5663 1397 5698 us.

1222 5663 1397 5700 renus.

601 5742 717 5797 Hoc
759 5741 994 5795 articulo
1044 5755 1226 5794 rerum
1273 5740 1495 5810 quidam
1523 5745 1582 5792 et
1637 5738 1751 5805 ipse
1778 5734 2103 5798 Catelanus,

533 5835 891 5914 Mpyrigerius
921 5833 1000 5905 (ἱ)
1042 5835 1424 5901 nomine,cum
1485 5845 1676 5886 novem
1725 5829 1902 5896 longis
1955 5826 2109 5880 navi-

607 5947 683 6022 Η)
707 5949 817 6006 luto
858 5949 1183 6022 Byrigert'us.

2175 3296 2576 3371 perillustrium
2635 3293 2706 3349 ab
2750 3292 2803 3347 in
2831 3278 3081 3363 perstare
3129 3287 3398 3343 donorum
3459 3283 3608 3336 ultro
3659 3291 3752 3347 per

2175 3393 2390 3448 litteras
2439 3389 2785 3445 invitaverat.
2829 3383 2972 3438 Sane
3023 3379 3280 3452 apparuit
3327 3376 3755 3444 haudquaquam

2177 3487 2616 3557 inexspectatum
2673 3481 2824 3536 illum
2882 3479 3156 3554 imparato
3207 3471 3598 3544 supervenisse
3631 3463 3752 3522 duci

2178 3595 2398 3652 magno,
2434 3595 2499 3633 ex
2531 3592 2596 3639 eo
2624 3575 2768 3647 quod
2802 3573 2964 3629 simul
2999 3570 3176 3625 adfuit
3225 3565 3619 3639 Mpyrigerius,
3650 3561 3756 3616 dua

2177 3689 2410 3745 magnus
2442 3687 2594 3729 mora
2633 3670 2780 3725 nulla
2812 3665 3136 3738 interposita
3173 3678 3293 3719 cum
3325 3660 3520 3734 paucis
3557 3656 3621 3712 ad
3657 3657 3755 3712 im-

2179 3777 2488 3839 peratorem
2549 3781 2610 3822 se
2658 3763 2911 3826 contulit,
2953 3774 3042 3816 res
3101 3755 3358 3812 videlicet
3406 3769 3534 3809 cum
3567 3765 3632 3807 eo
3675 3747 3756 3804 sui

2181 3859 2462 3935 popularis
2501 3858 2723 3914 advenae
2781 3863 3186 3916 transacturus,
3223 3849 3297 3906 uti
3350 3864 3417 3904 ex
3477 3851 3766 3916 compacto

2181 3956 2327 4011 inter
2361 3952 2556 4009 ambos
2591 3957 2947 4007 convenerat.
2975 3945 3269 4002 Admissus
3309 3942 3384 3998 ab
3413 3942 3668 4012 Augusto
3696 3936 3762 3991 de

2182 4065 2338 4108 more
2369 4047 2655 4118 splendide
2686 4045 2790 4102 sub
2825 4045 2986 4098 linem
3022 4039 3279 4097 Octobris
3311 4049 3624 4093 sermonem
3656 4028 3762 4103 pri»

2183 4159 2334 4200 mum
2370 4141 2553 4199 intulit
2578 4138 2646 4195 de
2677 4135 3039 4210 pensionibus
3066 4132 3170 4192 sibi
3204 4146 3270 4190 ac
3302 4129 3442 4194 suis.
3479 4137 3540 4184 ut
3564 4125 3762 4187 aiebat,

2185 4246 2358 4312 pactae
2390 4235 2661 4294 mercedis
2712 4232 2935 4289 nomine
2971 4229 3195 4293 debitis.
3224 4238 3459 4294 quarum
3496 4232 3760 4280 summam

2187 4345 2362 4402 usque
2389 4330 2454 4383 ad
2486 4335 2732 4384 trecenta
2781 4337 3134 4380 nummorum
3182 4319 3354 4376 millia
3397 4316 3652 4388 ﬂagitans
3677 4324 3767 4367 ac-

2189 4421 2530 4482 cumulabat.
2573 4420 2892 4479 Orationem
2938 4415 3138 4472 deinde
3179 4410 3455 4469 convertit
3494 4408 3562 4463 ad
3612 4417 3764 4461 com-

2191 4518 2559 4575 mendandum
2616 4515 2706 4585 qui
2760 4524 2952 4567 recens
3010 4509 3311 4564 advenerat
3372 4504 3549 4558 civem
3607 4509 3765 4556 suum

2117 4595 2162 4651 θ
2191 4611 2612 4684 Mpyrigerium;
2648 4607 2714 4662 de
2737 4606 2899 4676 cujus
2940 4601 3328 4672 generositate,
3354 4594 3638 4684 nobilitate
3665 4604 3766 4646 ca:-

2193 4683 2435 4771 terisque
2459 4699 2704 4764 dotibus,
2726 4697 2929 4767 quibus
2961 4693 3232 4764 praecipua
3266 4683 3617 4759 imperatoris
3648 4695 3768 4754 gra-

2195 4800 2268 4853 tia
2307 4812 2415 4868 pra
2447 4794 2663 4852 cunctis
2689 4792 2811 4846 aliis
2841 4790 3038 4860 dignus
3073 4784 3233 4850 foret,
3263 4781 3358 4838 ubi
3406 4780 3542 4834 mira
3573 4772 3766 4868 prredif

2196 4864 2437 4950 caverat,
2472 4883 2729 4950 addebat,
2757 4896 2879 4937 cum
2917 4879 2999 4933 vir
3041 4876 3164 4932 talis
3200 4889 3393 4946 magna
3447 4883 3677 4942 sperans
3703 4864 3766 4920 ad

2199 4995 2454 5051 magnum
2479 4979 2723 5033 venisset
2742 4973 3066 5046 principem,
3110 4968 3254 5025 haud
3282 4965 3578 5024 convenire
3605 4963 3769 5024 hunc,

2198 5073 2467 5143 siquidem
2503 5069 2642 5125 tueri
2677 5069 2904 5139 gloriam
2942 5078 3094 5118 suam
3146 5077 3207 5118 ac
3260 5059 3416 5115 fama
3462 5073 3566 5112 non
3611 5054 3771 5109 abro-

2201 5181 2332 5238 gare
2389 5165 2547 5219 {idem
2588 5161 2820 5233 propria:
2863 5159 3014 5224 velit,
3063 5155 3280 5210 tardum
3318 5162 3415 5207 aut
3453 5161 3682 5219 parcum
3717 5143 3770 5198 in

2201 5259 2452 5317 ornando
2515 5257 2609 5310 ille
2670 5272 2813 5317 esse,
2854 5253 3054 5308 dareve
3104 5249 3183 5304 illi
3238 5244 3585 5308 occasionem
3619 5240 3775 5294 dero-

2202 5352 2366 5426 gandi
2403 5346 2800 5405 existimationi
2849 5340 3175 5404 Andronici,
3205 5334 3553 5394 testificando
3583 5347 3643 5388 se
3690 5329 3773 5383 in—

2204 5450 2405 5504 feriora
2432 5444 2500 5498 iis
2527 5458 2670 5513 quae,
2699 5440 2858 5512 juxta
2891 5439 2955 5492 de
2989 5437 3080 5490 illo
3116 5431 3304 5505 procul
3349 5428 3554 5492 audita,
3587 5437 3770 5493 spera-

2209 5547 2384 5603 verat,
2417 5541 2693 5592 adnrotum
2727 5535 2779 5588 in
2829 5531 3179 5602 praesentiam
3226 5525 3514 5596 reperisse.
3555 5529 3778 5591 praeer-

2212 5635 2307 5690 tim
2350 5648 2476 5688 cum
2512 5631 2654 5684 idem
2687 5627 2966 5699 praecipuo
3010 5623 3304 5677 instinctus
3333 5634 3459 5690 erga
3491 5616 3775 5685 imperato-

2214 5738 2329 5779 rem
2366 5723 2551 5778 studio
2590 5719 2838 5781 accedat,
2873 5728 3096 5786 paratus
3132 5721 3306 5768 totum
3358 5725 3416 5766 se
3470 5702 3774 5775 impendere

2217 5818 2273 5872 in
2306 5818 2424 5888 eius
2455 5815 2742 5885 obsequia,
2775 5826 3000 5884 remque
3036 5808 3252 5881 imperii
3285 5803 3556 5878 publicam
3594 5807 3771 5859 manu,
