3990 6228
254 310 338 374 537
1185 331 1286 393 DE
1326 333 1779 399 ANDRONICO
1814 339 2283 406 PALEOLOGO
2314 347 2462 412 LIB.
2499 343 2586 416 Vi.

3396 348 3510 418 538-

242 433 605 539 περιϐαλέσθαι
635 440 738 539 γῆν
764 437 832 519 ἧς
873 444 1222 516 ἐπελάϐοντο,
1256 452 1350 508 καὶ
1395 454 1656 526 ἀσφαλῶς
1713 457 1810 512 κύ·
1834 461 1885 522 Α
1912 461 2075 516 αὐτὸν
2121 463 2340 535 σύναμα
2385 466 2597 521 δώδεκα
2631 467 2936 523 ἐκπλευσαι·
2978 470 3157 536 ναυσὶ,
3223 470 3318 528 καὶ
3377 474 3504 539 ὅσον

237 531 334 594 κἰῳ
360 537 921 607 περιταφρεύσαντες,
946 540 1188 614 δέχονται
1234 549 1385 618 παρὰ
1434 549 1544 603 τῶν
1592 551 1808 605 οἰκείων

235 621 312 675 διὰ
341 627 702 699 ταχυδρόμων
726 633 1020 704 μηνύματα
1044 637 1117 700 ὡς
1145 639 1311 704 πολὺς
1345 639 1665 714 ἐξαρτύεται
1692 645 1810 697 στό-

237 715 316 780 λος
341 716 576 792 dua—71m
614 725 939 792 προσϐαλεῖν
963 733 1028 800 τῇ
1055 732 1232 800 πόλει,
1265 733 1351 803 ἐφ’
1385 729 1428 804 ᾧ
1482 737 1810 806 παραφυλα-

238 812 392 881 ιιτέην
426 816 584 880 σφισι
608 816 706 888 τὴν
741 821 1067 894 προσϐολὴν,
1115 827 1194 888 εἰς
1228 827 1472 882 κίνδυνον
1497 829 1590 884 καὶ
1624 831 1808 893 αύτοῖς

236 903 496 971 κειμένοις
528 905 606 970 ὠς
644 911 744 980 τῆς
793 915 1008 981 μερίδος
1066 918 1159 972 τοῦ
1204 919 1470 989 βασιλέως
1521 918 1692 986 οὖσιν,
1749 924 1810 990 ἐξ

235 996 485 1063 ἐμφανῶν
519 1001 767 1074 ὑποτοπη
780 1007 985 1074 μάτων,
1005 1009 1079 1074 ὡς
1100 1012 1327 1076 ἐκείνοις
1357 1015 1530 1070 ἐδόκει
1557 1017 1808 1087 βουλευο-

236 1090 426 1158 μένοις.
472 1094 869 1165 Ταῦτέύθέως
904 1104 1102 1158 ἐκεῖνοι
1146 1106 1223 1176 τῷ
1264 1107 1477 1176 βασιλεί
1531 1111 1807 1180 προσανέ-

234 1200 408 1252 φερον,
430 1190 770 1256 προσθέντες
797 1194 875 1260 ὡς
913 1197 1006 1250 xui.
1041 1197 1196 1253 αύτοὶ
1229 1199 1321 1264 οὓς
1347 1202 1646 1270 ὑπεδέξατο
1674 1205 1808 1269 ξενι-

230 1275 370 1342 κοὺς,
398 1281 495 1332 καὶ
530 1283 629 1336 σὺν
664 1285 845 1351 αὐτοῖς
875 1290 922 1342 οἱ
954 1293 1358 1362 ἐπιγεγονότες,
1391 1298 1522 1366 μιᾶς
1569 1299 1660 1354 καὶ
1706 1299 1808 1366 τῆς

228 1370 391 1440 αὐτῆς
437 1375 676 1442 ἐκείνοις
721 1382 827 1433 εἰσὶ
875 1383 1092 1453 βουλῆς.
1151 1389 1244 1441 καὶ
1297 1393 1683 1452 κατασκόπων,
1744 1393 1803 1446 ού

228 1466 530 1537 συμμάχων
549 1472 753 1540 τρόπον
782 1475 1072 1548 ἐπέχουσι·
1108 1483 1221 1544 τοῖς
1271 1482 1379 1554 γὰρ
1446 1485 1511 1538 ἐκ
1557 1485 1807 1551 Σικελίας

225 1559 503 1628 κρυφηδδν
543 1563 640 1620 καὶ
681 1566 879 1633 αὐτοὺς
938 1573 1339 1645 συμπράττειν,
1405 1579 1498 1630 καὶ
1553 1579 1806 1649 μήνυτρα

223 1650 467 1722 δέχεσθαι
496 1657 596 1710 καὶ
620 1658 940 1731 λαμϐάνειν,
974 1665 1047 1729 ὡς
1071 1667 1162 1722 ἐπὶ
1194 1667 1388 1740 καιροῦ
1407 1671 1658 1737 ζέκεινοις
1712 1671 1806 1726 καὶ

222 1744 413 1810 αὐτοὺς
446 1752 966 1823 συμμαχουμένους.
1000 1759 1169 1827 Δῆλον
1199 1761 1256 1814 δὲ
1290 1764 1382 1816 καὶ
1408 1763 1470 1817 ἐκ
1492 1763 1585 1818 τοῦ
1610 1765 1804 1831 ἄλλους

1911 554 2064 610 οὔπω
2084 560 2198 624 τοῖς
2220 559 2345 628 τῇδε
2379 560 2711 632 προσϐαλεῖν
2732 562 2943 633 τρόπον.
2964 562 3056 618 τὸν
3088 564 3354 634 τοιοῦτον,
3406 567 3507 635 μέη

1910 668 2034 722 χρις
2061 652 2127 706 ἂν
2169 653 2203 724 ἡ
2248 654 2439 725 ὀλότης
2478 655 2671 726 φανείη
2712 657 2811 710 acab
2861 656 2920 711 ἓν
2967 658 3172 724 πάντες
3237 660 3506 731 γένοιντο,

1912 741 2105 812 Ὅμως
2134 761 2198 813 γε
2232 746 2416 815 μέντοι
2456 747 2554 799 καὶ
2582 747 2991 814 συνεϐούλευον,
3028 751 3076 804 si
3113 749 3375 825 βασιλεὺς
3405 752 3501 805 θέο

1909 833 1993 888 λει
2023 837 2422 906 συμπράττειν,
2460 836 2792 892 άπεντεῦθεν
2822 839 2916 892 τὸν
2945 840 3084 914 πρὸς
3110 843 3356 914 ἐκείνους
3405 841 3502 896 πόσε

1909 927 2074 994 λεμον
2107 930 2378 1001 δέχεσθαι,
2411 933 2518 986 ἀπὸ
2544 934 2746 988 τούτων
2777 934 2920 989 κατὰ
2962 935 3132 1005 θύρας
3158 937 3504 1007 ἀρξαμένους

1909 1021 1985 1086 ὡς
2013 1026 2322 1096 προχείρων
2346 1027 2531 1081 ὅντων,
2583 1029 2767 1098 Ἐχειν
2812 1029 2921 1099 γάρ
2974 1031 3173 1094 αὐτοὺς
3215 1029 3504 1101 ἐξαρτύειν

1909 1118 2250 1186 πεντήκοντα
2321 1119 2474 1182 ναῦς.
2549 1122 2808 1192 Ἐζήτουν
2865 1123 2921 1176 δέ
2983 1126 3079 1177 καὶ
3129 1123 3357 1194 βασιλέα
3400 1124 3501 1193 τὰς

1911 1211 2050 1273 ἴσας,
2091 1211 2122 1280 ἢ
2162 1212 2266 1281 μὴν
2297 1213 2366 1265 τὰ
2399 1216 2455 1276 ἐς
2486 1215 2763 1286 πλήρωμα
2797 1216 3005 1270 τούτων
3035 1218 3314 1289 χρήματα.
3380 1217 3500 1277 Κᾶν

1912 1304 1986 1374 μὴ
2013 1303 2106 1357 νῦν
2136 1303 2244 1374 ἔχοι
2275 1303 2494 1370 διδόναι,
2523 1307 2718 1371 αὐτοὺς
2753 1307 2888 1372 τέως
2920 1307 3333 1372 καταϐαλόντας
3360 1310 3503 1363 αὐτὰ

1909 1397 2002 1450 ἐπὶ
2031 1398 2227 1468 καιροῦ
2260 1399 2405 1469 παρὰ
2453 1399 2715 1470 βασιλέως
2773 1401 3309 1470 ἀνταπολαμϐάνειν.
3344 1401 3499 1472 Μηδὲ

1911 1493 2018 1564 γὰρ
2041 1488 2176 1546 εἶναι
2195 1493 2391 1556 αὖτοὺς
2421 1492 2752 1556 ἀλλοδαποὺς
2781 1493 2812 1563 ἦ
2874 1491 3184 1562 Ῥωμαίους
3248 1492 3501 1546 τούντεῦε

1909 1586 2020 1642 θεν.
2051 1589 2158 1641 Καὶ
2180 1587 2339 1641 πόνον
2368 1583 2503 1640 εἶναι
2529 1588 2680 1657 σφίσι
2706 1587 2766 1640 τὸ
2789 1587 2863 1657 μὴ
2895 1587 3099 1656 φθάσαι
3146 1587 3500 1658 προσαμῦναι

1920 1677 2214 1748 Ῥωμαίοις
2253 1683 2523 1750 πάσχουσι
2555 1680 2676 1738 κατ’
2699 1679 2986 1750 ἀνῆστολὴν,
3021 1681 3079 1746 ἐξ
3116 1673 3191 1736 ὧν
3217 1682 3314 1734 καὶ
3347 1681 3501 1733 αὐτοὶ

1908 1772 2008 1835 τὰς
2038 1774 2339 1844 ἐμπορείας
2384 1775 2647 1840 πλουσίας
2706 1770 2872 1847 εἶχον.
2936 1774 3010 1829 Οὐ
3081 1773 3187 1844 μὴν
3216 1771 3352 1826 ἀλλὰ
3403 1772 3502 1826 καὶ

221 1836 466 1938 άπαντᾷν
493 1842 884 1938 ἑτοιμάζεσθαι
904 1848 986 1922 [Ρ.
1013 1851 1140 1927 541]
1164 1855 1258 1908 καὶ
1281 1854 1435 1920 αὖθις
1453 1857 1698 1929 ἐτέρους,
1721 1861 1810 1929 φί-
1840 1838 1883 1894 Β
1916 1864 2011 1918 τοῦ
2038 1836 2229 1920 λοιποῦ
2287 1871 2607 1938 συμμαχεῖν
2628 1836 2849 1922 ἐθέλειν
2914 1869 3010 1922 καὶ
3059 1836 3184 1930 τοῦς
3245 1866 3503 1930 ἐπιόντας

218 1927 318 1985 λων
369 1932 699 2001 δεικνύντας
743 1939 839 1992 καὶ
874 1943 1074 2013 τρόπον
1115 1947 1208 2000 καὶ
1237 1947 1428 2018 ὄνομα.
1458 1927 1560 2004 Τὸν
1587 1952 1698 2024 γάρ
1716 1927 1809 2007 τοῦ

218 2025 380 2096 me;
402 2027 737 2104 Θευδερεχου
755 2033 907 2090 νόθον
929 2035 1262 2112 αὐτάδελφον
1289 2041 1485 2108 μαθεῖν
1509 2043 1697 2118 ἔλεγον
1717 2047 1812 2100 καὶ

215 2231 451 2291 classem
492 2251 754 2310 magnam
797 2255 920 2312 qua:
950 2243 1133 2314 primo
1170 2261 1298 2301 vere
1342 2247 1813 2323 Constantinopo-

214 2325 304 2381 lim
349 2341 750 2399 oppugnatura
799 2344 957 2390 certo
1001 2337 1374 2396 existimetur.
1428 2341 1562 2412 Ejus
1597 2352 1808 2413 partem

215 2422 447 2489 periculi
487 2422 562 2478 ad
612 2425 766 2494 ipsos
817 2443 1040 2500 quoque
1093 2433 1394 2502 pertinere,
1427 2437 1522 2504 qui
1575 2437 1718 2494 lares
1753 2447 1812 2496 et

217 2511 459 2572 familias
502 2517 626 2574 illic
663 2520 972 2579 obtineant.
1017 2523 1198 2592 Quare
1228 2542 1328 2598 pro
1377 2544 1477 2585 sua
1526 2540 1677 2600 parte
1720 2533 1809 2587 in-

219 2608 482 2677 vigilent;
559 2625 624 2668 ac
681 2627 804 2669 cum
883 2615 1122 2692 fortunae
1207 2623 1478 2678 societate
1531 2621 1810 2680 foederato

222 2702 352 2772 ipsis
379 2705 712 2776 imperatori
739 2709 849 2766 sint
880 2715 1182 2783 conjuncti,
1217 2719 1492 2787 quomodo
1517 2735 1812 2778 commune

219 2797 351 2866 ipsis
387 2813 525 2855 eum
577 2817 645 2858 eo
673 2818 800 2860 mox
841 2805 1187 2864 inferendum
1239 2811 1440 2867 bellum
1471 2816 1687 2870 collatis
1713 2832 1811 2886 pro

222 2904 279 2944 se
315 2892 532 2962 opibus
564 2903 654 2950 'ac
686 2897 977 2954 conatibus
1028 2913 1230 2971 queant
1292 2905 1637 2977 propulsare,
1691 2925 1807 2964 ma-

222 2992 338 3039 ture
412 2987 792 3057 prospiciant.
847 2989 959 3048 Nec
1011 2996 1424 3066 suspicionibus
1480 3000 1584 3056 niti
1649 3003 1810 3060 vanis

223 3090 415 3148 putent
467 3096 599 3154 quae
629 3083 973 3150 dicerentur,
1007 3103 1133 3144 cum
1170 3092 1274 3149 ista
1305 3093 1400 3165 qui
1444 3097 1809 3153 admonerent

1917 1956 2243 2028 ἀμύνεσθαι.
2284 1958 2470 2032 Ἔχειν
2504 1959 2558 2014 δὲ
2587 1962 2678 2014 καὶ
2717 1963 2782 2016 ἐκ
2811 1960 2904 2015 τοῦ
2935 1962 3110 2033 ῥᾷστα
3141 1959 3497 2015 ἀποστείλανο

1914 2063 2015 2113 τας
2039 2049 2137 2113 τὰς
2167 2048 2262 2104 τοῦ
2303 2051 2542 2121 μεγάλου
2591 2052 2780 2116 δουκὺς
2827 2053 2904 2124 ὡς
2963 2052 3259 2124 πολεμίους
3329 2068 3501 2106 κατα-

1916 2262 2016 2304 nos
2078 2248 2380 2305 vertendis.
2426 2249 2552 2308 iltcc
2598 2251 2736 2310 satis
2784 2263 3044 2311 constare
3093 2270 3162 2311 ex
3221 2270 3286 2312 eo
3322 2253 3496 2325 quod,

1911 2349 2117 2410 praeter
2153 2342 2316 2399 modo
2369 2343 2423 2399 in
2469 2354 2660 2414 portus
2715 2347 2927 2418 imperii
2961 2349 3243 2418 appulsam
3279 2349 3496 2418 injttsstt

1911 2434 2147 2490 classem
2215 2435 2567 2508 Mpyrigeriif,
2616 2438 2710 2494 alii
2763 2441 2954 2495 eodem
3011 2443 3322 2512 navigaturi
3375 2458 3501 2500 sese

1912 2544 2111 2600 parare
2161 2532 2488 2587 nuntientur
2519 2571 2534 2597 ,
2583 2549 2776 2590 rursus
2819 2535 2919 2590 bos
2955 2535 3231 2591 secuturis
3266 2544 3318 2592 et
3350 2537 3496 2598 aliis.

1911 2638 1977 2678 eo
2009 2623 2267 2680 videlicet
2299 2625 2508 2694 perﬁdo
2541 2627 2724 2683 animo
2754 2644 2818 2683 ac
2865 2629 3135 2685 scelerata
3173 2645 3294 2699 spe,
3327 2639 3384 2684 ιιι
3417 2640 3498 2686 tot

1912 2716 2080 2772 semel
2133 2719 2553 2775 insidiatoribus
2609 2721 2966 2778 simulatione
3031 2723 3290 2777 amicittaa
3346 2723 3496 2781 intra

1913 2821 2102 2865 nostra
2139 2811 2393 2882 prmsidia
2439 2813 2663 2868 credule
2702 2813 2982 2878 admissis,
3010 2814 3102 2869 ubi
3137 2814 3334 2868 deinde
3361 2828 3500 2869 con-

1908 2902 2112 2972 juratis
2163 2919 2346 2958 secum
2383 2905 2436 2960 in
2489 2921 2592 2962 nos
2629 2907 2805 2976 palam
2873 2906 3214 2961 irruentibus
3271 2905 3372 2976 ipsi
3429 2921 3494 2972 ex

1912 3004 2207 3065 compacto
2247 2999 2654 3070 conspirantes,
2697 2999 3108 3064 rebellaverint,
3139 3015 3298 3071 pares
3330 3000 3496 3056 simul

1911 3092 2160 3154 externis
2196 3093 2668 3162 oppugnatoribus
2700 3093 3044 3165 internisque
3105 3094 3486 3164 perduellibus

223 3171 353 3242 ipsis
420 3175 684 3234 benevoli
736 3190 791 3235 et
833 3183 1137 3252 prudentes
1199 3191 1565 3248 aestimatores
1623 3209 1804 3248 rerum
1836 3191 1880 3252 ο
1914 3201 2023 3241 una
2081 3187 2421 3244 sustinendis
2474 3203 2538 3244 ac
2569 3188 2898 3260 repellendis
2953 3204 3076 3245 esse
3133 3204 3492 3260 nequeamus.

223 3267 390 3337 signis
420 3284 604 3340 prope
647 3271 957 3331 manifestis
1005 3277 1249 3335 eminere
1295 3280 1809 3350 deprehendisset“.

223 3359 318 3416 His
356 3362 435 3419 illi
478 3363 566 3420 sic
613 3369 913 3438 compertis
965 3385 1175 3428 moram
1209 3374 1418 3430 faciunt
1467 3378 1668 3433 nullam
1705 3379 1812 3434 im-

194 3497 196 3499 μ
225 3459 506 3526 peratoris
561 3460 628 3517 de
670 3478 732 3518 re
764 3471 876 3519 tota
914 3465 1208 3534 edocendi,
1243 3487 1682 3544 magnopereque
1717 3475 1816 3528 ad—

227 3545 488 3607 hortandi
549 3561 610 3607 ttt
655 3566 868 3624 partem
903 3573 1025 3627 qua:
1082 3559 1187 3629 ipsi
1227 3575 1566 3634 competeret
1608 3568 1812 3638 negotii

225 3652 575 3714 capesseret.
636 3663 780 3711 sese.
826 3667 968 3721 quos
1023 3653 1149 3710 alibi
1205 3665 1388 3722 natos,
1434 3657 1668 3730 benigno
1701 3660 1813 3716 illic

225 3749 490 3810 exceptos
527 3742 772 3814 hospitio
819 3761 990 3817 prope
1042 3765 1274 3806 numero
1335 3751 1534 3807 civium
1586 3753 1814 3808 haberet

227 3831 556 3904 inquilinos,
595 3836 898 3909 liberisque
936 3841 1185 3910 ipsorum
1221 3843 1276 3898 in
1305 3844 1426 3914 ejus
1456 3845 1569 3916 jam
1602 3846 1814 3904 ditione

172 3917 175 3920 ’
227 3928 474 3986 uincatis
492 3940 551 3985 et
566 3931 792 3998 adultis,
815 3935 1076 3991 concordi
1103 3939 1382 4007 proposito
1403 3941 1611 4010 paratis
1634 3943 1812 3998 nullas

225 4031 410 4090 partes
432 4025 765 4095 explorandi
804 4032 1274 4104 propulsandique
1301 4035 1540 4090 insultus
1571 4039 1810 4093 hostium

230 4115 514 4182 omittere,
545 4120 679 4189 quin
712 4133 768 4176 et
822 4125 1258 4196 promptissimis
1286 4142 1383 4196 pro
1415 4129 1516 4184 lide
1539 4130 1814 4186 societatis

231 4211 293 4266 ad
312 4228 536 4270 omnem
558 4229 904 4288 quacunque
928 4221 1097 4275 instet
1120 4220 1173 4275 in
1199 4235 1362 4278 causa
1380 4223 1591 4294 publica
1616 4226 1812 4280 tuenda

230 4303 667 4364 dimicationem.
693 4307 903 4368 Instare
927 4319 1107 4368 autem
1133 4323 1398 4383 quantum
1434 4331 1540 4370 non
1579 4317 1815 4372 obscure

229 4409 556 4467 appareret,
585 4402 899 4467 maximam,
930 4419 1106 4474 eoque
1139 4404 1624 4463 forntidabiliorem
1667 4410 1811 4480 quod

229 4492 582 4558 proditorum
629 4495 773 4566 apud
817 4513 921 4553 nos
953 4513 1051 4567 pro
1088 4500 1223 4569 ipsis
1255 4502 1623 4572 satagentium
1683 4519 1810 4557 con-

232 4585 460 4642 scientia
517 4586 642 4641 freti
691 4591 904 4644 externi
959 4592 1187 4658 hostes,
1247 4593 1554 4648 faciliorem
1587 4595 1690 4650 sibi
1742 4596 1810 4652 de

237 4680 397 4738 nobis
450 4681 734 4753 spondent
785 4685 1102 4741 victoriam.
1140 4706 1159 4738 ι
1206 4686 1435 4758 Nempe,
1489 4689 1806 4755 addebant,

237 4773 318 4830 isti
349 4792 496 4847 quos
524 4791 590 4833 ex
623 4775 812 4833 Sicilia
858 4777 1156 4848 profectos,
1183 4780 1428 4844 domine,
1461 4789 1618 4836 tanto
1652 4798 1808 4837 sum-

243 4879 330 4939 ptu
381 4872 488 4927 alis
539 4872 706 4926 ductu
750 4871 1050 4929 militantes
1098 4875 1253 4928 ducis
1306 4875 1486 4944 magni
1537 4875 1807 4941 Catelani,

240 4964 437 5033 quique
495 4980 552 5019 se
588 4968 656 5020 de
707 4979 846 5020 novo
879 4965 1015 5034 ipsis
1059 4966 1382 5038 adiungunt,
1417 4985 1618 5024 arcano
1657 4984 1811 5023 cout-

243 5058 462 5110 missum
499 5070 619 5111 cum
651 5057 808 5110 hoste
841 5056 1024 5111 fovent
1052 5062 1463 5122 commercium,
1491 5060 1657 5132 490
1686 5072 1806 5116 stu-

243 5146 387 5203 diose
431 5148 567 5203 hinc
601 5150 906 5204 indicantes
953 5165 1074 5220 quae
1116 5161 1399 5221 geruntur,
1449 5161 1501 5207 et
1551 5155 1678 5209 inde
1727 5155 1810 5209 vi-

245 5241 419 5297 cissim
471 5242 541 5297 de
584 5243 844 5298 omnibus
888 5244 1173 5309 admoniti,
1213 5256 1373 5316 prout
1413 5262 1554 5316 opus
1582 5257 1810 5304 censent

246 5333 306 5384 ad
336 5349 448 5390 sua-
469 5335 680 5389 nefaria
715 5336 959 5391 'consilia
995 5337 1049 5391 ln
1087 5353 1380 5393 commune
1410 5348 1658 5396 nostrum
1691 5342 1810 5397 exi-

247 5426 370 5482 tium
409 5427 702 5499 patranda.
739 5428 1095 5487 Constituunt
1123 5434 1266 5487 enim
1301 5434 1381 5488 sic
1416 5435 1642 5490 invicem
1673 5445 1813 5491 tem-

249 5535 370 5590 pora
427 5538 554 5578 cum
604 5533 807 5579 exterae
861 5525 1168 5582 incursioni
1229 5525 1619 5583 foederatorum
1672 5529 1808 5598 ipsis

249 5625 544 5674 nostrorum
599 5617 865 5681 hostium,
899 5628 1012 5673 tum
1051 5634 1162 5675 suae
1209 5621 1454 5690 ipsorum
1500 5622 1800 5690 proditioni

247 5719 536 5778 opportuna
561 5750 577 5775 ,
611 5710 957 5778 pollicentes,
991 5712 1153 5767 simul
1189 5712 1265 5767 illi
1303 5714 1410 5767 huc
1439 5715 1650 5768 advecti
1689 5730 1801 5768 rem

255 5813 420 5865 gerere
473 5803 786 5873 coeperint,
823 5818 922 5873 pro
969 5805 1115 5860 virili
1180 5814 1232 5857 et
1288 5807 1438 5874 ipsos
1479 5806 1799 5870 annisuros,

258 5888 387 5949 larva
429 5895 677 5968 obsequii
707 5894 928 5951 tandem
963 5894 1211 5952 exucnda
1243 5906 1292 5950 ct
1325 5894 1492 5949 armis
1533 5893 1709 5963 palam
1748 5895 1798 5948 in

1913 3278 1995 3336 En
2029 3289 2238 3347 quanto
2273 3281 2349 3336 rei
2395 3297 2624 3338 summte
2658 3284 2901 3351 periculo
2937 3283 3059 3340 istis
3097 3282 3322 3354 ignotis,
3357 3285 3496 3339 anzi-

1912 3389 2008 3430 cos
2035 3390 2095 3430 se
2125 3376 2288 3432 verbo
2311 3385 2363 3430 et
2396 3377 2580 3444 specie
2612 3375 2934 3442 ferentibus,
2971 3377 3176 3433 aditum
3213 3377 3280 3433 ad
3310 3387 3497 3434 nostra

1914 3468 2110 3524 intima
2147 3473 2481 3539 pendamus.
2509 3468 2680 3526 Nobis
2709 3470 2854 3525 enim
2891 3479 3235 3542 compertum
3271 3481 3500 3543 prteter-

1912 3578 1975 3622 ea
2023 3575 2104 3619 est
2148 3566 2292 3634 regis
2333 3564 2700 3621 Tlteutlericbi
2733 3566 2957 3620 fratrem
2984 3565 3211 3619 nothum
3241 3579 3367 3620 cum
3404 3579 3500 3618 na-

1913 3656 2076 3711 vibus
2107 3657 2399 3712 duodecim
2442 3659 2560 3712 vela
2589 3657 2699 3730 jam
2733 3659 2929 3714 fecisse
2961 3657 3025 3713 ad
3059 3669 3250 3715 nostra
3281 3661 3497 3730 littora,

1919 3766 2028 3821 quo
2085 3750 2297 3805 scilicet
2359 3752 2528 3805 sociis
2562 3751 2674 3820 jam
2701 3750 2808 3805 huc
2839 3752 3086 3821 appulsis
3122 3768 3182 3809 se
3210 3753 3500 3826 adiungat,

1914 3844 2369 3900 dissimulaturos
2422 3844 2713 3899 consilium
2771 3847 3122 3919 oppugnandi
3155 3863 3279 3912 nos,
3316 3849 3498 3919 quoad

1915 3938 2038 3994 aliis
2077 3953 2300 4008 quoque
2347 3953 2578 3993 suorum
2637 3938 2756 4008 pari
2806 3949 2994 3995 nostra
3063 3939 3330 3996 facilitate
3376 3957 3500 4011 per-

1915 4029 2103 4085 missis
2138 4028 2185 4084 ei
2231 4043 2290 4084 se
2325 4042 2619 4100 aggregare
2651 4044 2864 4084 summa
2911 4030 3022 4101 jam
3064 4031 3166 4102 ipsi
3219 4041 3330 4087 tota
3362 4047 3500 4087 con-

1916 4130 2024 4178 stet
2061 4121 2458 4177 destinatarum
2515 4121 2676 4177 nobis
2726 4122 3088 4192 subjugandis
3118 4125 3425 4194 cupiarum.
3472 4143 3491 4176 ι

1917 4216 2015 4271 His
2055 4215 2139 4271 sic
2183 4215 2449 4285 expositis
2485 4229 2820 4286 magnopere
2867 4215 3063 4272 deinde
3100 4217 3498 4274 incumbebant

1916 4312 1982 4368 ad
2019 4309 2367 4366 suadendum
2423 4309 2742 4380 imperatori
2792 4319 2850 4364 ut
2891 4311 3026 4364 nihil
3072 4321 3340 4364 cunctans
3383 4310 3498 4365 dis-

1917 4407 2256 4463 simulansve
2286 4404 2522 4473 amplius
2553 4403 2729 4473 palam
2759 4403 2894 4473 ipsis
2924 4403 3208 4472 cooperari
3241 4402 3497 4457 Genuen—

1919 4500 2072 4555 sibus
2116 4498 2300 4564 vellet,
2333 4497 2626 4552 Catelanos
2660 4495 2754 4566 qui
2791 4496 2858 4550 ad
2914 4511 3135 4550 manum
3180 4506 3333 4550 erant
3373 4509 3499 4566 pro-

1920 4594 2070 4648 tinus
2106 4592 2314 4662 paratis
2356 4591 2499 4645 bello
2540 4589 2759 4660 aggredi
2792 4589 3158 4657 invadereque
3197 4590 3497 4658 imparatos

1919 4688 2099 4741 adhuc
2140 4687 2372 4756 ideoque
2411 4683 2644 4739 subacttt
2677 4683 2974 4738 faciliores.
3010 4683 3178 4738 Posse
3208 4683 3319 4754 jam
3351 4697 3497 4738 nunc

1918 4797 1979 4836 se
2025 4796 2238 4835 armare
2293 4793 2461 4834 naves
2510 4778 2928 4849 quinquaginta.
2987 4776 3181 4832 Parem
3228 4778 3356 4833 huic
3395 4793 3498 4833 nn-

1919 4890 2131 4929 merum
2177 4888 2242 4926 ne
2290 4880 2614 4941 gravaretur
2658 4870 2915 4925 conferre
2953 4870 3282 4940 imperator;
3320 4878 3414 4922 aut
3446 4868 3493 4924 si

1919 4965 2202 5033 expeditas
2249 4974 2330 5016 tot
2379 4980 2489 5017 non
2540 4963 2746 5026 habet,
2797 4962 3090 5032 pecuniam
3150 4961 3494 5016 instruendis

1921 5057 1990 5110 iis
2038 5056 2392 5110 suﬂ‘ecturam
2447 5057 2621 5110 daret.
2674 5055 2767 5108 Vel
2826 5056 2871 5109 si
2937 5069 3039 5108 nec
3093 5054 3148 5107 in
3204 5065 3500 5109 numerato

1919 5151 2128 5205 nummi
2173 5149 2376 5215 forent,
2412 5150 2712 5203 collaturos
2742 5149 2792 5201 in
2824 5156 3173 5202 antecessum
3204 5162 3264 5203 se
3305 5148 3372 5202 de
3394 5162 3503 5203 suo

1914 5258 2035 5314 quae
2072 5242 2354 5322 Augustus
2409 5242 2698 5296 commodo
2748 5241 2853 5294 sibi
2886 5251 3134 5309 tempore
3180 5250 3368 5309 postea
3399 5255 3500 5295 re-

1913 5336 2184 5392 funderet.
2224 5335 2380 5389 llunc
2417 5335 2568 5404 ipsos
2599 5335 2702 5390 sibi
2744 5335 2898 5398 solis,
2939 5333 3105 5389 modo
3141 5336 3223 5389 sic
3267 5334 3492 5404 adjttt‘is,

1909 5433 2057 5484 ultro
2093 5431 2393 5499 deposcere
2457 5429 2698 5483 laborem
2762 5427 3033 5484 liberandi
3093 5426 3373 5482 Romanos
3428 5427 3501 5481 ab

1912 5523 2132 5586 injuriis
2187 5537 2324 5592 quas
2373 5521 2578 5576 dudum
2611 5521 2761 5576 diras
2793 5536 2888 5588 per
2939 5518 3224 5576 Orientem
3262 5535 3291 5572 a
3331 5525 3503 5587 gente

1917 5616 2082 5671 inﬁda
2134 5623 2481 5686 paterentur.
2516 5613 2628 5669 lloc
2662 5613 2864 5670 debere
2917 5614 3068 5682 ipsos
3097 5627 3163 5668 eo
3201 5610 3362 5683 491
3398 5623 3506 5664 tto-

1917 5709 2062 5763 mine
2092 5708 2236 5777 quod
2282 5706 2611 5777 qttaesluosis
2647 5722 2743 5776 per
2788 5715 2966 5762 terras
3005 5714 3059 5760 et
3096 5713 3285 5774 portus
3319 5704 3503 5770 impe-

1916 5802 1982 5855 rii
2028 5800 2385 5857 commerciis
2425 5815 2538 5853 rem
2582 5798 2830 5867 quotidie
2862 5807 3124 5867 augerent
3153 5814 3168 5850 :
3206 5793 3299 5848 sed
3328 5792 3413 5845 vel
3443 5791 3494 5847 si

1913 5895 2059 5950 nulla
2101 5910 2265 5952 causa
2301 5894 2524 5960 propria
2574 5893 2629 5948 in
2679 5893 2731 5948 id
2770 5892 3207 5958 impellerentur,
3249 5885 3367 5942 solo
3393 5897 3500 5937 re-
