  <div class='ocr_page' id='page_1' title='image "/cluster/home/n/w/nwhite01/storage/ocr_20150623/144/hvd.32044073502593/275.png"; bbox 0 0 3994 6226; ppageno 0'>
   <div class='ocr_carea' id='block_1_1' title="bbox 414 338 3666 427">
    <p class='ocr_par' dir='ltr' id='par_1_1' title="bbox 414 338 3666 427">
     <span class='ocr_line' id='line_1_1' title="bbox 414 338 3666 427; baseline 0.002 -13"><span class='ocrx_word' id='word_1_1' title='bbox 414 338 522 422; x_wconf 70' lang='grc'><strong>589</strong></span> <span class='ocrx_word' id='word_1_2' title='bbox 776 421 779 424; x_wconf 8' lang='grc' dir='ltr'><strong>ι</strong></span> <span class='ocrx_word' id='word_1_3' title='bbox 1657 355 1982 418; x_wconf 80' lang='lat' dir='ltr'><strong>GEORGll</strong></span> <span class='ocrx_word' id='word_1_4' title='bbox 2009 357 2493 420; x_wconf 73' lang='lat' dir='ltr'><strong>PACHYMERE</strong></span> <span class='ocrx_word' id='word_1_5' title='bbox 3570 359 3666 427; x_wconf 77' lang='lat' dir='ltr'><strong>sui</strong></span> 
     </span>
    </p>
   </div>
   <div class='ocr_carea' id='block_1_2' title="bbox 397 466 3672 545">
    <p class='ocr_par' dir='ltr' id='par_1_2' title="bbox 397 466 3672 545">
     <span class='ocr_line' id='line_1_2' title="bbox 397 466 3672 545; baseline 0.001 -19"><span class='ocrx_word' id='word_1_6' title='bbox 397 473 568 544; x_wconf 63' lang='grc' dir='ltr'><strong>’σχεῖν</strong></span> <span class='ocrx_word' id='word_1_7' title='bbox 614 489 763 535; x_wconf 81' lang='grc' dir='ltr'><strong>ναυς.</strong></span> <span class='ocrx_word' id='word_1_8' title='bbox 836 471 934 525; x_wconf 78' lang='grc' dir='ltr'><strong>καὶ</strong></span> <span class='ocrx_word' id='word_1_9' title='bbox 974 471 1120 526; x_wconf 63' lang='grc' dir='ltr'><strong>οὕτω</strong></span> <span class='ocrx_word' id='word_1_10' title='bbox 1167 472 1658 544; x_wconf 73' lang='grc' dir='ltr'><strong>προσαρξαμένους</strong></span> <span class='ocrx_word' id='word_1_11' title='bbox 1716 473 1784 526; x_wconf 74' lang='grc' dir='ltr'><strong>τὰ</strong></span> <span class='ocrx_word' id='word_1_12' title='bbox 1826 472 1990 526; x_wconf 80' lang='grc' dir='ltr'><strong>λοιπὰ</strong></span> <span class='ocrx_word' id='word_1_13' title='bbox 2022 478 2067 537; x_wconf 78' lang='grc' dir='ltr'><strong>Α</strong></span> <span class='ocrx_word' id='word_1_14' title='bbox 2093 474 2369 529; x_wconf 80' lang='grc' dir='ltr'><strong>τοσούτων</strong></span> <span class='ocrx_word' id='word_1_15' title='bbox 2391 475 2693 545; x_wconf 79' lang='grc' dir='ltr'><strong>χρημάτων</strong></span> <span class='ocrx_word' id='word_1_16' title='bbox 2735 466 2820 528; x_wconf 62' lang='grc' dir='ltr'><strong>’ὧν</strong></span> <span class='ocrx_word' id='word_1_17' title='bbox 2858 475 3007 543; x_wconf 88' lang='grc' dir='ltr'><strong>παρὰ</strong></span> <span class='ocrx_word' id='word_1_18' title='bbox 3068 473 3337 543; x_wconf 70' lang='grc' dir='ltr'><strong>βασιλέως</strong></span> <span class='ocrx_word' id='word_1_19' title='bbox 3387 471 3672 542; x_wconf 75' lang='grc' dir='ltr'><strong>λαμϐάνειν</strong></span> 
     </span>
    </p>
   </div>
   <div class='ocr_carea' id='block_1_3' title="bbox 407 565 3671 642">
    <p class='ocr_par' dir='ltr' id='par_1_3' title="bbox 407 565 3671 642">
     <span class='ocr_line' id='line_1_3' title="bbox 407 565 3671 642; baseline 0.001 -24"><span class='ocrx_word' id='word_1_20' title='bbox 407 565 776 636; x_wconf 57' lang='grc' dir='ltr'><strong>⁴ξιιμτιιληροῦν</strong></span> <span class='ocrx_word' id='word_1_21' title='bbox 800 568 935 632; x_wconf 68' lang='grc' dir='ltr'><strong>ἐκεῖ,</strong></span> <span class='ocrx_word' id='word_1_22' title='bbox 981 565 1477 636; x_wconf 81' lang='grc' dir='ltr'><strong>προσυπαντῶντας</strong></span> <span class='ocrx_word' id='word_1_23' title='bbox 1516 568 1611 620; x_wconf 81' lang='grc' dir='ltr'><strong>καὶ</strong></span> <span class='ocrx_word' id='word_1_24' title='bbox 1658 565 1832 638; x_wconf 81' lang='grc' dir='ltr'><strong>στόλῳ</strong></span> <span class='ocrx_word' id='word_1_25' title='bbox 1866 583 2001 620; x_wconf 80' lang='grc' dir='ltr'><strong>παν·</strong></span> <span class='ocrx_word' id='word_1_26' title='bbox 2105 569 2336 642; x_wconf 71' lang='grc' dir='ltr'><strong>ἤλπιζεν</strong></span> <span class='ocrx_word' id='word_1_27' title='bbox 2374 569 2474 641; x_wconf 80' lang='grc' dir='ltr'><strong>(εἰς</strong></span> <span class='ocrx_word' id='word_1_28' title='bbox 2499 570 2607 641; x_wconf 74' lang='grc' dir='ltr'><strong>γὰρ</strong></span> <span class='ocrx_word' id='word_1_29' title='bbox 2632 569 2963 640; x_wconf 78' lang='grc' dir='ltr'><strong>τριακοσίων</strong></span> <span class='ocrx_word' id='word_1_30' title='bbox 2979 567 3339 637; x_wconf 76' lang='grc' dir='ltr'><strong>νομισμάτων</strong></span> <span class='ocrx_word' id='word_1_31' title='bbox 3376 567 3671 637; x_wconf 79' lang='grc' dir='ltr'><strong>χιλιοστύας</strong></span> 
     </span>
    </p>
   </div>
   <div class='ocr_carea' id='block_1_4' title="bbox 414 659 1996 735">
    <p class='ocr_par' dir='ltr' id='par_1_4' title="bbox 414 659 1996 735">
     <span class='ocr_line' id='line_1_4' title="bbox 414 659 1996 735; baseline -0.001 -19"><span class='ocrx_word' id='word_1_32' title='bbox 414 661 489 725; x_wconf 80' lang='grc' dir='ltr'><strong>τὶ.</strong></span> <span class='ocrx_word' id='word_1_33' title='bbox 515 661 584 730; x_wconf 74' lang='grc' dir='ltr'><strong>ἢν</strong></span> <span class='ocrx_word' id='word_1_34' title='bbox 596 661 811 731; x_wconf 78' lang='grc' dir='ltr'><strong>φανείη,</strong></span> <span class='ocrx_word' id='word_1_35' title='bbox 835 662 929 715; x_wconf 78' lang='grc' dir='ltr'><strong>καὶ</strong></span> <span class='ocrx_word' id='word_1_36' title='bbox 955 659 1029 730; x_wconf 78' lang='grc' dir='ltr'><strong>μὴ</strong></span> <span class='ocrx_word' id='word_1_37' title='bbox 1051 660 1255 724; x_wconf 73' lang='grc' dir='ltr'><strong>ἐῶντας</strong></span> <span class='ocrx_word' id='word_1_38' title='bbox 1279 663 1624 735; x_wconf 76' lang='grc' dir='ltr'><strong>προσχωρεῖν</strong></span> <span class='ocrx_word' id='word_1_39' title='bbox 1643 659 1996 732; x_wconf 72' lang='grc' dir='ltr'><strong>προσωτέρω.</strong></span> 
     </span>
    </p>
   </div>
   <div class='ocr_carea' id='block_1_5' title="bbox 418 741 2002 826">
    <p class='ocr_par' dir='ltr' id='par_1_5' title="bbox 418 741 2002 826">
     <span class='ocr_line' id='line_1_5' title="bbox 418 741 2002 826; baseline -0.002 -15"><span class='ocrx_word' id='word_1_40' title='bbox 418 754 611 811; x_wconf 80' lang='grc' dir='ltr'><strong>Ταῦτα</strong></span> <span class='ocrx_word' id='word_1_41' title='bbox 670 741 929 826; x_wconf 66' lang='grc' dir='ltr'><strong>βασιλεὺς</strong></span> <span class='ocrx_word' id='word_1_42' title='bbox 978 755 1194 808; x_wconf 77' lang='grc' dir='ltr'><strong>ἁκούων</strong></span> <span class='ocrx_word' id='word_1_43' title='bbox 1247 754 1524 826; x_wconf 72' lang='grc' dir='ltr'><strong>διηπίστει</strong></span> <span class='ocrx_word' id='word_1_44' title='bbox 1565 757 1679 818; x_wconf 73' lang='grc' dir='ltr'><strong>τοῖς</strong></span> <span class='ocrx_word' id='word_1_45' title='bbox 1727 754 2002 818; x_wconf 76' lang='grc' dir='ltr'><strong>πλείστοις</strong></span> 
     </span>
    </p>
   </div>
   <div class='ocr_carea' id='block_1_6' title="bbox 403 831 2001 919">
    <p class='ocr_par' dir='ltr' id='par_1_6' title="bbox 403 831 2001 919">
     <span class='ocr_line' id='line_1_6' title="bbox 403 831 2001 919; baseline -0.001 -15"><span class='ocrx_word' id='word_1_46' title='bbox 403 845 529 905; x_wconf 79' lang='grc' dir='ltr'><strong>’τῶν</strong></span> <span class='ocrx_word' id='word_1_47' title='bbox 559 831 891 918; x_wconf 68' lang='grc' dir='ltr'><strong>λεγομένων.</strong></span> <span class='ocrx_word' id='word_1_48' title='bbox 928 848 1022 902; x_wconf 77' lang='grc' dir='ltr'><strong>καὶ</strong></span> <span class='ocrx_word' id='word_1_49' title='bbox 1051 847 1225 902; x_wconf 79' lang='grc' dir='ltr'><strong>ταῦτα</strong></span> <span class='ocrx_word' id='word_1_50' title='bbox 1259 847 1376 919; x_wconf 78' lang='grc' dir='ltr'><strong>ἅμα</strong></span> <span class='ocrx_word' id='word_1_51' title='bbox 1407 847 1508 917; x_wconf 71' lang='grc' dir='ltr'><strong>μὶν</strong></span> <span class='ocrx_word' id='word_1_52' title='bbox 1541 848 1760 917; x_wconf 76' lang='grc' dir='ltr'><strong>φθόνον.</strong></span> <span class='ocrx_word' id='word_1_53' title='bbox 1802 849 1918 919; x_wconf 78' lang='grc' dir='ltr'><strong>ἅμα</strong></span> <span class='ocrx_word' id='word_1_54' title='bbox 1943 848 2001 902; x_wconf 67' lang='grc' dir='ltr'><strong>δὲ</strong></span> 
     </span>
    </p>
   </div>
   <div class='ocr_carea' id='block_1_7' title="bbox 419 939 2000 1012">
    <p class='ocr_par' dir='ltr' id='par_1_7' title="bbox 419 939 2000 1012">
     <span class='ocr_line' id='line_1_7' title="bbox 419 939 2000 1012; baseline -0.001 -17"><span class='ocrx_word' id='word_1_55' title='bbox 419 943 518 995; x_wconf 70' lang='lat' dir='ltr'><strong>xui.</strong></span> <span class='ocrx_word' id='word_1_56' title='bbox 541 940 742 996; x_wconf 78' lang='grc' dir='ltr'><strong>κακίαν</strong></span> <span class='ocrx_word' id='word_1_57' title='bbox 783 939 1162 1012; x_wconf 68' lang='grc' dir='ltr'><strong>συμπράττειν</strong></span> <span class='ocrx_word' id='word_1_58' title='bbox 1205 940 1305 1011; x_wconf 73' lang='grc' dir='ltr'><strong>τὴν</strong></span> <span class='ocrx_word' id='word_1_59' title='bbox 1332 942 1441 995; x_wconf 72' lang='grc' dir='ltr'><strong>ἀπὸ</strong></span> <span class='ocrx_word' id='word_1_60' title='bbox 1503 942 1615 995; x_wconf 81' lang='grc' dir='ltr'><strong>τῶν</strong></span> <span class='ocrx_word' id='word_1_61' title='bbox 1666 941 2000 996; x_wconf 81' lang='grc' dir='ltr'><strong>Γεννουῐτῶν</strong></span> 
     </span>
    </p>
   </div>
   <div class='ocr_carea' id='block_1_8' title="bbox 420 1032 2000 1105">
    <p class='ocr_par' dir='ltr' id='par_1_8' title="bbox 420 1032 2000 1105">
     <span class='ocr_line' id='line_1_8' title="bbox 420 1032 2000 1105; baseline -0.002 -16"><span class='ocrx_word' id='word_1_62' title='bbox 420 1034 753 1099; x_wconf 74' lang='grc' dir='ltr'><strong>ὑπετόπαζε.</strong></span> <span class='ocrx_word' id='word_1_63' title='bbox 793 1035 900 1087; x_wconf 80' lang='grc' dir='ltr'><strong>Καὶ</strong></span> <span class='ocrx_word' id='word_1_64' title='bbox 931 1034 963 1104; x_wconf 80' lang='grc' dir='ltr'><strong>ἡ</strong></span> <span class='ocrx_word' id='word_1_65' title='bbox 1000 1032 1240 1104; x_wconf 79' lang='grc' dir='ltr'><strong>ἀρχῆθεν</strong></span> <span class='ocrx_word' id='word_1_66' title='bbox 1276 1032 1428 1103; x_wconf 82' lang='grc' dir='ltr'><strong>σφῶν</strong></span> <span class='ocrx_word' id='word_1_67' title='bbox 1483 1033 1622 1105; x_wconf 72' lang='grc' dir='ltr'><strong>πρὸς</strong></span> <span class='ocrx_word' id='word_1_68' title='bbox 1684 1033 1778 1087; x_wconf 77' lang='grc' dir='ltr'><strong>τδν</strong></span> <span class='ocrx_word' id='word_1_69' title='bbox 1825 1033 2000 1104; x_wconf 80' lang='grc' dir='ltr'><strong>μέγαν</strong></span> 
     </span>
    </p>
   </div>
   <div class='ocr_carea' id='block_1_9' title="bbox 418 1124 2001 1198">
    <p class='ocr_par' dir='ltr' id='par_1_9' title="bbox 418 1124 2001 1198">
     <span class='ocr_line' id='line_1_9' title="bbox 418 1124 2001 1198; baseline 0 -19"><span class='ocrx_word' id='word_1_70' title='bbox 418 1125 591 1180; x_wconf 76' lang='grc' dir='ltr'><strong>δοῦκα</strong></span> <span class='ocrx_word' id='word_1_71' title='bbox 609 1124 903 1195; x_wconf 71' lang='grc' dir='ltr'><strong>δυσμινεια</strong></span> <span class='ocrx_word' id='word_1_72' title='bbox 932 1125 1030 1180; x_wconf 82' lang='grc' dir='ltr'><strong>καὶ</strong></span> <span class='ocrx_word' id='word_1_73' title='bbox 1060 1127 1089 1180; x_wconf 80' lang='grc' dir='ltr'><strong>ὁ</strong></span> <span class='ocrx_word' id='word_1_74' title='bbox 1130 1125 1266 1196; x_wconf 80' lang='grc' dir='ltr'><strong>πρὸς</strong></span> <span class='ocrx_word' id='word_1_75' title='bbox 1320 1125 1483 1181; x_wconf 74' lang='grc' dir='ltr'><strong>αὑτὸν</strong></span> <span class='ocrx_word' id='word_1_76' title='bbox 1517 1127 1752 1196; x_wconf 79' lang='grc' dir='ltr'><strong>πόλεμος</strong></span> <span class='ocrx_word' id='word_1_77' title='bbox 1802 1127 2001 1198; x_wconf 78' lang='grc' dir='ltr'><strong>πιστὴν</strong></span> 
     </span>
    </p>
   </div>
   <div class='ocr_carea' id='block_1_10' title="bbox 418 1215 2006 1293">
    <p class='ocr_par' dir='ltr' id='par_1_10' title="bbox 418 1215 2006 1293">
     <span class='ocr_line' id='line_1_10' title="bbox 418 1215 2006 1293; baseline 0.004 -22"><span class='ocrx_word' id='word_1_78' title='bbox 418 1223 653 1293; x_wconf 75' lang='grc' dir='ltr'><strong>παρεῖχε</strong></span> <span class='ocrx_word' id='word_1_79' title='bbox 683 1220 780 1292; x_wconf 79' lang='grc' dir='ltr'><strong>τὴν</strong></span> <span class='ocrx_word' id='word_1_80' title='bbox 820 1220 1073 1291; x_wconf 73' lang='grc' dir='ltr'><strong>ὑποψίαν.</strong></span> <span class='ocrx_word' id='word_1_81' title='bbox 1114 1218 1231 1276; x_wconf 82' lang='grc' dir='ltr'><strong>οὐκ</strong></span> <span class='ocrx_word' id='word_1_82' title='bbox 1262 1215 1378 1274; x_wconf 79' lang='grc' dir='ltr'><strong>οἶδα</strong></span> <span class='ocrx_word' id='word_1_83' title='bbox 1406 1221 1463 1274; x_wconf 80' lang='grc' dir='ltr'><strong>δὲ</strong></span> <span class='ocrx_word' id='word_1_84' title='bbox 1512 1221 1608 1274; x_wconf 79' lang='grc' dir='ltr'><strong>καὶ</strong></span> <span class='ocrx_word' id='word_1_85' title='bbox 1635 1222 1684 1274; x_wconf 82' lang='grc' dir='ltr'><strong>εί</strong></span> <span class='ocrx_word' id='word_1_86' title='bbox 1727 1221 1786 1275; x_wconf 77' lang='grc' dir='ltr'><strong>τὸ</strong></span> <span class='ocrx_word' id='word_1_87' title='bbox 1843 1223 2006 1291; x_wconf 79' lang='grc' dir='ltr'><strong>κῆδος</strong></span> 
     </span>
    </p>
   </div>
   <div class='ocr_carea' id='block_1_11' title="bbox 421 1312 2002 1386">
    <p class='ocr_par' dir='ltr' id='par_1_11' title="bbox 421 1312 2002 1386">
     <span class='ocr_line' id='line_1_11' title="bbox 421 1312 2002 1386; baseline -0.003 -17"><span class='ocrx_word' id='word_1_88' title='bbox 421 1314 483 1369; x_wconf 77' lang='grc' dir='ltr'><strong>τὸ</strong></span> <span class='ocrx_word' id='word_1_89' title='bbox 515 1314 654 1386; x_wconf 77' lang='grc' dir='ltr'><strong>πρὸς</strong></span> <span class='ocrx_word' id='word_1_90' title='bbox 699 1314 861 1369; x_wconf 73' lang='grc' dir='ltr'><strong>αὐτὸν</strong></span> <span class='ocrx_word' id='word_1_91' title='bbox 891 1313 985 1367; x_wconf 67' lang='grc' dir='ltr'><strong>καὶ</strong></span> <span class='ocrx_word' id='word_1_92' title='bbox 1015 1313 1071 1366; x_wconf 88' lang='grc' dir='ltr'><strong>αί</strong></span> <span class='ocrx_word' id='word_1_93' title='bbox 1126 1312 1234 1364; x_wconf 87' lang='grc' dir='ltr'><strong>τῶν</strong></span> <span class='ocrx_word' id='word_1_94' title='bbox 1290 1313 1470 1383; x_wconf 73' lang='grc' dir='ltr'><strong>ὅρκων</strong></span> <span class='ocrx_word' id='word_1_95' title='bbox 1507 1313 1843 1383; x_wconf 78' lang='grc' dir='ltr'><strong>ἐμπεδώσεις</strong></span> <span class='ocrx_word' id='word_1_96' title='bbox 1903 1315 2002 1382; x_wconf 76' lang='grc' dir='ltr'><strong>τὴν</strong></span> 
     </span>
    </p>
   </div>
   <div class='ocr_carea' id='block_1_12' title="bbox 427 1404 2001 1478">
    <p class='ocr_par' dir='ltr' id='par_1_12' title="bbox 427 1404 2001 1478">
     <span class='ocr_line' id='line_1_12' title="bbox 427 1404 2001 1478; baseline 0 -18"><span class='ocrx_word' id='word_1_97' title='bbox 427 1406 714 1478; x_wconf 78' lang='grc' dir='ltr'><strong>βασιλικὴν</strong></span> <span class='ocrx_word' id='word_1_98' title='bbox 755 1407 1172 1477; x_wconf 78' lang='grc' dir='ltr'><strong>κατεμάλασσον</strong></span> <span class='ocrx_word' id='word_1_99' title='bbox 1197 1404 1440 1476; x_wconf 82' lang='grc' dir='ltr'><strong>γνώμην,</strong></span> <span class='ocrx_word' id='word_1_100' title='bbox 1487 1406 1581 1459; x_wconf 74' lang='grc' dir='ltr'><strong>καὶ</strong></span> <span class='ocrx_word' id='word_1_101' title='bbox 1613 1406 1674 1459; x_wconf 82' lang='grc' dir='ltr'><strong>οὐ</strong></span> <span class='ocrx_word' id='word_1_102' title='bbox 1724 1410 1837 1470; x_wconf 72' lang='grc' dir='ltr'><strong>τοῖς</strong></span> <span class='ocrx_word' id='word_1_103' title='bbox 1883 1408 2001 1460; x_wconf 81' lang='grc' dir='ltr'><strong>κατ’</strong></span> 
     </span>
    </p>
   </div>
   <div class='ocr_carea' id='block_1_13' title="bbox 422 1497 2002 1568">
    <p class='ocr_par' dir='ltr' id='par_1_13' title="bbox 422 1497 2002 1568">
     <span class='ocr_line' id='line_1_13' title="bbox 422 1497 2002 1568; baseline -0.001 -15"><span class='ocrx_word' id='word_1_104' title='bbox 422 1499 647 1555; x_wconf 68' lang='grc' dir='ltr'><strong>ἐκείνων</strong></span> <span class='ocrx_word' id='word_1_105' title='bbox 711 1498 933 1567; x_wconf 87' lang='grc' dir='ltr'><strong>λέγουσι</strong></span> <span class='ocrx_word' id='word_1_106' title='bbox 981 1497 1332 1568; x_wconf 72' lang='grc' dir='ltr'><strong>συνεφέρετο.</strong></span> <span class='ocrx_word' id='word_1_107' title='bbox 1375 1498 1564 1564; x_wconf 84' lang='grc' dir='ltr'><strong>Ὅμως</strong></span> <span class='ocrx_word' id='word_1_108' title='bbox 1614 1497 1840 1562; x_wconf 82' lang='grc' dir='ltr'><strong>ἐκείνοις</strong></span> <span class='ocrx_word' id='word_1_109' title='bbox 1905 1500 2002 1567; x_wconf 77' lang='grc' dir='ltr'><strong>μὲν</strong></span> 
     </span>
    </p>
   </div>
   <div class='ocr_carea' id='block_1_14' title="bbox 424 1582 2005 1666">
    <p class='ocr_par' dir='ltr' id='par_1_14' title="bbox 424 1582 2005 1666">
     <span class='ocr_line' id='line_1_14' title="bbox 424 1582 2005 1666; baseline -0.001 -19"><span class='ocrx_word' id='word_1_110' title='bbox 424 1595 832 1666; x_wconf 82' lang='grc' dir='ltr'><strong>εὐχαριστήσας</strong></span> <span class='ocrx_word' id='word_1_111' title='bbox 880 1592 947 1646; x_wconf 81' lang='grc' dir='ltr'><strong>τὰ</strong></span> <span class='ocrx_word' id='word_1_112' title='bbox 985 1582 1217 1662; x_wconf 73' lang='grc' dir='ltr'><strong>μέγιστα</strong></span> <span class='ocrx_word' id='word_1_113' title='bbox 1267 1590 1342 1654; x_wconf 84' lang='grc' dir='ltr'><strong>ὡς</strong></span> <span class='ocrx_word' id='word_1_114' title='bbox 1380 1591 1520 1662; x_wconf 82' lang='grc' dir='ltr'><strong>ὑπὲρ</strong></span> <span class='ocrx_word' id='word_1_115' title='bbox 1569 1593 1675 1645; x_wconf 79' lang='grc' dir='ltr'><strong>τῶν</strong></span> <span class='ocrx_word' id='word_1_116' title='bbox 1718 1594 2005 1662; x_wconf 85' lang='grc' dir='ltr'><strong>Ῥωμαίων</strong></span> 
     </span>
    </p>
   </div>
   <div class='ocr_carea' id='block_1_15' title="bbox 425 1683 2005 1757">
    <p class='ocr_par' dir='ltr' id='par_1_15' title="bbox 425 1683 2005 1757">
     <span class='ocr_line' id='line_1_15' title="bbox 425 1683 2005 1757; baseline -0.002 -16"><span class='ocrx_word' id='word_1_117' title='bbox 425 1690 610 1741; x_wconf 81' lang='grc' dir='ltr'><strong>πονεῖν</strong></span> <span class='ocrx_word' id='word_1_118' title='bbox 654 1684 871 1740; x_wconf 79' lang='grc' dir='ltr'><strong>δοκοῦσι</strong></span> <span class='ocrx_word' id='word_1_119' title='bbox 915 1686 1074 1757; x_wconf 85' lang='grc' dir='ltr'><strong>σιγᾷν</strong></span> <span class='ocrx_word' id='word_1_120' title='bbox 1112 1683 1385 1747; x_wconf 76' lang='grc' dir='ltr'><strong>εκέλευεν,</strong></span> <span class='ocrx_word' id='word_1_121' title='bbox 1421 1684 1579 1745; x_wconf 81' lang='grc' dir='ltr'><strong>αὐτὸς</strong></span> <span class='ocrx_word' id='word_1_122' title='bbox 1620 1684 1665 1737; x_wconf 80' lang='grc' dir='ltr'><strong>δ’</strong></span> <span class='ocrx_word' id='word_1_123' title='bbox 1695 1685 2005 1756; x_wconf 82' lang='grc' dir='ltr'><strong>ὑπισχνεῖτο</strong></span> 
     </span>
    </p>
   </div>
   <div class='ocr_carea' id='block_1_16' title="bbox 427 1774 2005 1850">
    <p class='ocr_par' dir='ltr' id='par_1_16' title="bbox 427 1774 2005 1850">
     <span class='ocr_line' id='line_1_16' title="bbox 427 1774 2005 1850; baseline -0.003 -18"><span class='ocrx_word' id='word_1_124' title='bbox 427 1777 782 1850; x_wconf 66' lang='grc' dir='ltr'><strong>βἰυὶεὺεσθαι</strong></span> <span class='ocrx_word' id='word_1_125' title='bbox 838 1775 964 1848; x_wconf 78' lang='grc' dir='ltr'><strong>περὶ</strong></span> <span class='ocrx_word' id='word_1_126' title='bbox 1017 1774 1225 1830; x_wconf 78' lang='grc' dir='ltr'><strong>τούτων</strong></span> <span class='ocrx_word' id='word_1_127' title='bbox 1284 1779 1377 1828; x_wconf 75' lang='grc' dir='ltr'><strong>καὶ</strong></span> <span class='ocrx_word' id='word_1_128' title='bbox 1424 1777 1485 1827; x_wconf 81' lang='grc' dir='ltr'><strong>τὸ</strong></span> <span class='ocrx_word' id='word_1_129' title='bbox 1542 1774 1701 1840; x_wconf 80' lang='grc' dir='ltr'><strong>δόξαν</strong></span> <span class='ocrx_word' id='word_1_130' title='bbox 1758 1777 2005 1828; x_wconf 78' lang='grc' dir='ltr'><strong>συνοῖσον</strong></span> 
     </span>
    </p>
   </div>
   <div class='ocr_carea' id='block_1_17' title="bbox 426 1875 621 1928">
    <p class='ocr_par' dir='ltr' id='par_1_17' title="bbox 426 1875 621 1928">
     <span class='ocr_line' id='line_1_17' title="bbox 426 1875 621 1928; baseline 0.01 -2"><span class='ocrx_word' id='word_1_131' title='bbox 426 1875 621 1928; x_wconf 75' lang='grc' dir='ltr'><strong>ποιεῖν.</strong></span> 
     </span>
    </p>
   </div>
   <div class='ocr_carea' id='block_1_18' title="bbox 428 2028 2004 2102">
    <p class='ocr_par' dir='ltr' id='par_1_18' title="bbox 428 2028 2004 2102">
     <span class='ocr_line' id='line_1_18' title="bbox 428 2028 2004 2102; baseline -0.003 -14"><span class='ocrx_word' id='word_1_132' title='bbox 428 2033 494 2098; x_wconf 79' lang='grc' dir='ltr'><strong>ζ’.</strong></span> <span class='ocrx_word' id='word_1_133' title='bbox 531 2031 772 2102; x_wconf 75' lang='grc' dir='ltr'><strong>Ἀφιξις</strong></span> <span class='ocrx_word' id='word_1_134' title='bbox 811 2033 962 2100; x_wconf 79' lang='grc' dir='ltr'><strong>πρὸς</strong></span> <span class='ocrx_word' id='word_1_135' title='bbox 1003 2032 1271 2096; x_wconf 75' lang='grc' dir='ltr'><strong>,ϐασιλέα</strong></span> <span class='ocrx_word' id='word_1_136' title='bbox 1321 2031 1426 2084; x_wconf 81' lang='grc' dir='ltr'><strong>τοῦ</strong></span> <span class='ocrx_word' id='word_1_137' title='bbox 1465 2028 1736 2098; x_wconf 72' lang='grc' dir='ltr'><strong>μεγάλου</strong></span> <span class='ocrx_word' id='word_1_138' title='bbox 1781 2029 2004 2097; x_wconf 80' lang='grc' dir='ltr'><strong>δουκός</strong></span> 
     </span>
    </p>
   </div>
   <div class='ocr_carea' id='block_1_19' title="bbox 639 2103 1786 2171">
    <p class='ocr_par' dir='ltr' id='par_1_19' title="bbox 639 2103 1786 2171">
     <span class='ocr_line' id='line_1_19' title="bbox 639 2103 1786 2171; baseline -0.005 -12"><span class='ocrx_word' id='word_1_139' title='bbox 639 2104 739 2159; x_wconf 80' lang='grc' dir='ltr'><strong>καὶ</strong></span> <span class='ocrx_word' id='word_1_140' title='bbox 769 2104 919 2170; x_wconf 77' lang='grc' dir='ltr'><strong>ὑπὲρ</strong></span> <span class='ocrx_word' id='word_1_141' title='bbox 948 2103 1057 2158; x_wconf 83' lang='grc' dir='ltr'><strong>τοῦ</strong></span> <span class='ocrx_word' id='word_1_142' title='bbox 1087 2103 1492 2171; x_wconf 68' lang='grc' dir='ltr'><strong>Μειυριγερίου</strong></span> <span class='ocrx_word' id='word_1_143' title='bbox 1519 2104 1786 2167; x_wconf 77' lang='grc' dir='ltr'><strong>ἀξίωσις.</strong></span> 
     </span>
    </p>
   </div>
   <div class='ocr_carea' id='block_1_20' title="bbox 499 2240 2006 2315">
    <p class='ocr_par' dir='ltr' id='par_1_20' title="bbox 499 2240 2006 2315">
     <span class='ocr_line' id='line_1_20' title="bbox 499 2240 2006 2315; baseline -0.001 -19"><span class='ocrx_word' id='word_1_144' title='bbox 499 2240 585 2315; x_wconf 80' lang='grc' dir='ltr'><strong>[Ρ.</strong></span> <span class='ocrx_word' id='word_1_145' title='bbox 621 2241 748 2315; x_wconf 65' lang='lat' dir='ltr'><strong>5H]</strong></span> <span class='ocrx_word' id='word_1_146' title='bbox 790 2241 850 2298; x_wconf 85' lang='grc' dir='ltr'>Ὀ</span> <span class='ocrx_word' id='word_1_147' title='bbox 889 2243 1073 2313; x_wconf 65' lang='grc' dir='ltr'><strong>μέντοι</strong></span> <span class='ocrx_word' id='word_1_148' title='bbox 1097 2258 1158 2310; x_wconf 84' lang='grc' dir='ltr'><strong>γε</strong></span> <span class='ocrx_word' id='word_1_149' title='bbox 1195 2241 1367 2313; x_wconf 76' lang='grc' dir='ltr'><strong>μέγας</strong></span> <span class='ocrx_word' id='word_1_150' title='bbox 1407 2241 1530 2309; x_wconf 62' lang='grc' dir='ltr'><strong>δοὶξ</strong></span> <span class='ocrx_word' id='word_1_151' title='bbox 1569 2242 1840 2310; x_wconf 79' lang='grc' dir='ltr'><strong>ἀπογνοὺς</strong></span> <span class='ocrx_word' id='word_1_152' title='bbox 1894 2243 2006 2296; x_wconf 85' lang='grc' dir='ltr'><strong>τῶν</strong></span> 
     </span>
    </p>
   </div>
   <div class='ocr_carea' id='block_1_21' title="bbox 430 2515 2006 2592">
    <p class='ocr_par' dir='ltr' id='par_1_21' title="bbox 430 2515 2006 2592">
     <span class='ocr_line' id='line_1_21' title="bbox 430 2515 2006 2592; baseline 0.004 -22"><span class='ocrx_word' id='word_1_153' title='bbox 430 2527 621 2587; x_wconf 74' lang='lat' dir='ltr'><strong>spectu</strong></span> <span class='ocrx_word' id='word_1_154' title='bbox 651 2516 770 2578; x_wconf 89' lang='lat' dir='ltr'><strong>initi</strong></span> <span class='ocrx_word' id='word_1_155' title='bbox 810 2515 1035 2574; x_wconf 63' lang='lat' dir='ltr'><strong>foederis</strong></span> <span class='ocrx_word' id='word_1_156' title='bbox 1068 2527 1122 2574; x_wconf 86' lang='lat' dir='ltr'><strong>et</strong></span> <span class='ocrx_word' id='word_1_157' title='bbox 1149 2518 1421 2574; x_wconf 85' lang='lat' dir='ltr'><strong>charitate</strong></span> <span class='ocrx_word' id='word_1_158' title='bbox 1458 2518 1680 2592; x_wconf 76' lang='lat' dir='ltr'><strong>hospitii</strong></span> <span class='ocrx_word' id='word_1_159' title='bbox 1707 2519 2006 2591; x_wconf 76' lang='lat' dir='ltr'><strong>periclitari</strong></span> 
     </span>
    </p>
   </div>
   <div class='ocr_carea' id='block_1_22' title="bbox 433 2611 2006 2684">
    <p class='ocr_par' dir='ltr' id='par_1_22' title="bbox 433 2611 2006 2684">
     <span class='ocr_line' id='line_1_22' title="bbox 433 2611 2006 2684; baseline 0.002 -19"><span class='ocrx_word' id='word_1_160' title='bbox 433 2626 534 2681; x_wconf 90' lang='lat' dir='ltr'><strong>pro</strong></span> <span class='ocrx_word' id='word_1_161' title='bbox 569 2611 751 2667; x_wconf 86' lang='lat' dir='ltr'><strong>salute</strong></span> <span class='ocrx_word' id='word_1_162' title='bbox 786 2612 1062 2668; x_wconf 89' lang='lat' dir='ltr'><strong>sociorum</strong></span> <span class='ocrx_word' id='word_1_163' title='bbox 1095 2611 1237 2667; x_wconf 91' lang='lat' dir='ltr'><strong>velle</strong></span> <span class='ocrx_word' id='word_1_164' title='bbox 1282 2611 1608 2670; x_wconf 88' lang='lat' dir='ltr'><strong>discrimine</strong></span> <span class='ocrx_word' id='word_1_165' title='bbox 1653 2628 2006 2684; x_wconf 81' lang='lat' dir='ltr'><strong>quocunque,</strong></span> 
     </span>
    </p>
   </div>
   <div class='ocr_carea' id='block_1_23' title="bbox 432 2704 2002 2779">
    <p class='ocr_par' dir='ltr' id='par_1_23' title="bbox 432 2704 2002 2779">
     <span class='ocr_line' id='line_1_23' title="bbox 432 2704 2002 2779; baseline 0.003 -22"><span class='ocrx_word' id='word_1_166' title='bbox 432 2712 598 2777; x_wconf 87' lang='lat' dir='ltr'><strong>atque</strong></span> <span class='ocrx_word' id='word_1_167' title='bbox 647 2705 800 2774; x_wconf 87' lang='lat' dir='ltr'><strong>ipsos</strong></span> <span class='ocrx_word' id='word_1_168' title='bbox 861 2704 1266 2762; x_wconf 74' lang='lat' dir='ltr'><strong>incursantium</strong></span> <span class='ocrx_word' id='word_1_169' title='bbox 1327 2706 1565 2779; x_wconf 83' lang='lat' dir='ltr'><strong>injurias</strong></span> <span class='ocrx_word' id='word_1_170' title='bbox 1623 2707 1835 2763; x_wconf 78' lang='lat' dir='ltr'><strong>ulcisci.</strong></span> <span class='ocrx_word' id='word_1_171' title='bbox 1893 2707 2002 2764; x_wconf 75' lang='lat' dir='ltr'><strong>Sibi</strong></span> 
     </span>
    </p>
   </div>
   <div class='ocr_carea' id='block_1_24' title="bbox 430 2791 2011 2870">
    <p class='ocr_par' dir='ltr' id='par_1_24' title="bbox 430 2791 2011 2870">
     <span class='ocr_line' id='line_1_24' title="bbox 430 2791 2011 2870; baseline 0 -17"><span class='ocrx_word' id='word_1_172' title='bbox 430 2798 566 2870; x_wconf 87' lang='lat' dir='ltr'><strong>quin</strong></span> <span class='ocrx_word' id='word_1_173' title='bbox 601 2791 766 2853; x_wconf 85' lang='lat' dir='ltr'><strong>etiam</strong></span> <span class='ocrx_word' id='word_1_174' title='bbox 818 2813 937 2854; x_wconf 89' lang='lat' dir='ltr'><strong>esse</strong></span> <span class='ocrx_word' id='word_1_175' title='bbox 974 2797 1312 2855; x_wconf 73' lang='lat' dir='ltr'><strong>facillimum</strong></span> <span class='ocrx_word' id='word_1_176' title='bbox 1368 2801 1662 2870; x_wconf 86' lang='lat' dir='ltr'><strong>(annueret</strong></span> <span class='ocrx_word' id='word_1_177' title='bbox 1704 2799 1867 2856; x_wconf 88' lang='lat' dir='ltr'><strong>modo</strong></span> <span class='ocrx_word' id='word_1_178' title='bbox 1896 2801 2011 2856; x_wconf 77' lang='lat' dir='ltr'><strong>Au-</strong></span> 
     </span>
    </p>
   </div>
   <div class='ocr_carea' id='block_1_25' title="bbox 430 2893 2009 2966">
    <p class='ocr_par' dir='ltr' id='par_1_25' title="bbox 430 2893 2009 2966">
     <span class='ocr_line' id='line_1_25' title="bbox 430 2893 2009 2966; baseline 0 -18"><span class='ocrx_word' id='word_1_179' title='bbox 430 2893 653 2966; x_wconf 87' lang='lat' dir='ltr'><strong>gustus)</strong></span> <span class='ocrx_word' id='word_1_180' title='bbox 710 2894 956 2950; x_wconf 77' lang='lat' dir='ltr'><strong>immissa</strong></span> <span class='ocrx_word' id='word_1_181' title='bbox 1023 2896 1210 2952; x_wconf 87' lang='lat' dir='ltr'><strong>statim</strong></span> <span class='ocrx_word' id='word_1_182' title='bbox 1265 2896 1322 2952; x_wconf 91' lang='lat' dir='ltr'><strong>in</strong></span> <span class='ocrx_word' id='word_1_183' title='bbox 1379 2909 1548 2951; x_wconf 83' lang='lat' dir='ltr'><strong>naves</strong></span> <span class='ocrx_word' id='word_1_184' title='bbox 1611 2895 1770 2953; x_wconf 90' lang='lat' dir='ltr'><strong>ducis</strong></span> <span class='ocrx_word' id='word_1_185' title='bbox 1828 2894 2009 2966; x_wconf 89' lang='lat' dir='ltr'><strong>magni</strong></span> 
     </span>
    </p>
   </div>
   <div class='ocr_carea' id='block_1_26' title="bbox 429 2990 2011 3062">
    <p class='ocr_par' dir='ltr' id='par_1_26' title="bbox 429 2990 2011 3062">
     <span class='ocr_line' id='line_1_26' title="bbox 429 2990 2011 3062; baseline 0.004 -22"><span class='ocrx_word' id='word_1_186' title='bbox 429 3001 594 3056; x_wconf 87' lang='lat' dir='ltr'><strong>quam</strong></span> <span class='ocrx_word' id='word_1_187' title='bbox 630 2996 940 3060; x_wconf 77' lang='lat' dir='ltr'><strong>promptam</strong></span> <span class='ocrx_word' id='word_1_188' title='bbox 988 2990 1103 3061; x_wconf 78' lang='lat' dir='ltr'><strong>jam</strong></span> <span class='ocrx_word' id='word_1_189' title='bbox 1154 2991 1425 3046; x_wconf 87' lang='lat' dir='ltr'><strong>baberent</strong></span> <span class='ocrx_word' id='word_1_190' title='bbox 1472 2990 1650 3046; x_wconf 83' lang='lat' dir='ltr'><strong>classe</strong></span> <span class='ocrx_word' id='word_1_191' title='bbox 1684 3005 1777 3046; x_wconf 89' lang='lat' dir='ltr'><strong>eas</strong></span> <span class='ocrx_word' id='word_1_192' title='bbox 1809 3005 2011 3062; x_wconf 79' lang='lat' dir='ltr'><strong>capere</strong></span> 
     </span>
    </p>
   </div>
   <div class='ocr_carea' id='block_1_27' title="bbox 430 3079 2013 3162">
    <p class='ocr_par' dir='ltr' id='par_1_27' title="bbox 430 3079 2013 3162">
     <span class='ocr_line' id='line_1_27' title="bbox 430 3079 2013 3162; baseline 0.002 -27"><span class='ocrx_word' id='word_1_193' title='bbox 430 3079 788 3152; x_wconf 88' lang='lat' dir='ltr'><strong>detinereque</strong></span> <span class='ocrx_word' id='word_1_194' title='bbox 838 3091 900 3139; x_wconf 93' lang='lat' dir='ltr'><strong>ut</strong></span> <span class='ocrx_word' id='word_1_195' title='bbox 943 3083 1176 3162; x_wconf 84' lang='lat' dir='ltr'><strong>hostiles</strong></span> <span class='ocrx_word' id='word_1_196' title='bbox 1218 3084 1321 3139; x_wconf 93' lang='lat' dir='ltr'><strong>sub</strong></span> <span class='ocrx_word' id='word_1_197' title='bbox 1353 3091 1466 3140; x_wconf 90' lang='lat' dir='ltr'><strong>tuta</strong></span> <span class='ocrx_word' id='word_1_198' title='bbox 1500 3085 1774 3150; x_wconf 87' lang='lat' dir='ltr'><strong>custodia,</strong></span> <span class='ocrx_word' id='word_1_199' title='bbox 1805 3084 2013 3156; x_wconf 83' lang='lat' dir='ltr'><strong>talique</strong></span> 
     </span>
    </p>
   </div>
   <div class='ocr_carea' id='block_1_28' title="bbox 431 3173 2015 3248">
    <p class='ocr_par' dir='ltr' id='par_1_28' title="bbox 431 3173 2015 3248">
     <span class='ocr_line' id='line_1_28' title="bbox 431 3173 2015 3248; baseline 0.003 -21"><span class='ocrx_word' id='word_1_200' title='bbox 431 3173 596 3231; x_wconf 89' lang='lat' dir='ltr'><strong>initio</strong></span> <span class='ocrx_word' id='word_1_201' title='bbox 625 3174 824 3232; x_wconf 77' lang='lat' dir='ltr'><strong>beilum</strong></span> <span class='ocrx_word' id='word_1_202' title='bbox 861 3177 931 3232; x_wconf 90' lang='lat' dir='ltr'><strong>iis</strong></span> <span class='ocrx_word' id='word_1_203' title='bbox 981 3176 1192 3233; x_wconf 89' lang='lat' dir='ltr'><strong>illatum</strong></span> <span class='ocrx_word' id='word_1_204' title='bbox 1244 3188 1472 3235; x_wconf 83' lang='lat' dir='ltr'><strong>strenue</strong></span> <span class='ocrx_word' id='word_1_205' title='bbox 1524 3176 1785 3248; x_wconf 73' lang='lat' dir='ltr'><strong>deinceps</strong></span> <span class='ocrx_word' id='word_1_206' title='bbox 1827 3179 2015 3234; x_wconf 87' lang='lat' dir='ltr'><strong>conti-</strong></span> 
     </span>
    </p>
   </div>
   <div class='ocr_carea' id='block_1_29' title="bbox 2102 659 3675 732">
    <p class='ocr_par' dir='ltr' id='par_1_29' title="bbox 2102 659 3675 732">
     <span class='ocr_line' id='line_1_29' title="bbox 2102 659 3675 732; baseline -0.001 -16"><span class='ocrx_word' id='word_1_207' title='bbox 2102 663 2164 716; x_wconf 80' lang='grc' dir='ltr'><strong>τὸ</strong></span> <span class='ocrx_word' id='word_1_208' title='bbox 2191 664 2301 717; x_wconf 79' lang='grc' dir='ltr'><strong>πᾶν</strong></span> <span class='ocrx_word' id='word_1_209' title='bbox 2327 661 2610 720; x_wconf 66' lang='grc' dir='ltr'><strong>,ἔποσοῠτο</strong></span> <span class='ocrx_word' id='word_1_210' title='bbox 2645 661 2745 732; x_wconf 80' lang='grc' dir='ltr'><strong>τῆς</strong></span> <span class='ocrx_word' id='word_1_211' title='bbox 2779 659 3274 729; x_wconf 81' lang='grc' dir='ltr'><strong>ἀπαιτήσεως)ιὲπ’</strong></span> <span class='ocrx_word' id='word_1_212' title='bbox 3311 659 3513 726; x_wconf 76' lang='grc' dir='ltr'><strong>ὀλίγοις</strong></span> <span class='ocrx_word' id='word_1_213' title='bbox 3560 661 3675 714; x_wconf 81' lang='grc' dir='ltr'><strong>ἵστα</strong></span> 
     </span>
    </p>
   </div>
   <div class='ocr_carea' id='block_1_30' title="bbox 2101 751 3672 825">
    <p class='ocr_par' dir='ltr' id='par_1_30' title="bbox 2101 751 3672 825">
     <span class='ocr_line' id='line_1_30' title="bbox 2101 751 3672 825; baseline -0.001 -16"><span class='ocrx_word' id='word_1_214' title='bbox 2101 759 2203 818; x_wconf 85' lang='grc' dir='ltr'><strong>τὰς</strong></span> <span class='ocrx_word' id='word_1_215' title='bbox 2226 755 2420 821; x_wconf 82' lang='grc' dir='ltr'><strong>δόσεις,</strong></span> <span class='ocrx_word' id='word_1_216' title='bbox 2452 755 2542 808; x_wconf 77' lang='grc' dir='ltr'><strong>τὸν</strong></span> <span class='ocrx_word' id='word_1_217' title='bbox 2566 753 2729 825; x_wconf 82' lang='grc' dir='ltr'><strong>θροῦν</strong></span> <span class='ocrx_word' id='word_1_218' title='bbox 2753 753 3137 808; x_wconf 73' lang='grc' dir='ltr'><strong>καταστέλλειν</strong></span> <span class='ocrx_word' id='word_1_219' title='bbox 3160 753 3270 806; x_wconf 83' lang='grc' dir='ltr'><strong>τῶν</strong></span> <span class='ocrx_word' id='word_1_220' title='bbox 3315 751 3528 808; x_wconf 82' lang='grc' dir='ltr'><strong>Ἰταλῶν</strong></span> <span class='ocrx_word' id='word_1_221' title='bbox 3551 754 3672 807; x_wconf 82' lang='grc' dir='ltr'><strong>ὑπι-</strong></span> 
     </span>
    </p>
   </div>
   <div class='ocr_carea' id='block_1_31' title="bbox 2105 847 3679 921">
    <p class='ocr_par' dir='ltr' id='par_1_31' title="bbox 2105 847 3679 921">
     <span class='ocr_line' id='line_1_31' title="bbox 2105 847 3679 921; baseline 0.001 -21"><span class='ocrx_word' id='word_1_222' title='bbox 2105 848 2460 919; x_wconf 77' lang='grc' dir='ltr'><strong>σχνούμενος.</strong></span> <span class='ocrx_word' id='word_1_223' title='bbox 2491 848 2581 901; x_wconf 70' lang='grc' dir='ltr'><strong>ναὶ</strong></span> <span class='ocrx_word' id='word_1_224' title='bbox 2613 849 2720 921; x_wconf 76' lang='grc' dir='ltr'><strong>μὴν</strong></span> <span class='ocrx_word' id='word_1_225' title='bbox 2762 847 2854 902; x_wconf 84' lang='grc' dir='ltr'><strong>καί</strong></span> <span class='ocrx_word' id='word_1_226' title='bbox 2887 866 3038 910; x_wconf 88' lang='grc' dir='ltr'><strong>τινας</strong></span> <span class='ocrx_word' id='word_1_227' title='bbox 3075 849 3132 912; x_wconf 71' lang='grc' dir='ltr'><strong>ἐξ</strong></span> <span class='ocrx_word' id='word_1_228' title='bbox 3167 847 3345 901; x_wconf 76' lang='grc' dir='ltr'><strong>αὐτῶν</strong></span> <span class='ocrx_word' id='word_1_229' title='bbox 3397 847 3679 901; x_wconf 78' lang='grc' dir='ltr'><strong>ίκανωθέν-</strong></span> 
     </span>
    </p>
   </div>
   <div class='ocr_carea' id='block_1_32' title="bbox 2103 937 3678 1012">
    <p class='ocr_par' dir='ltr' id='par_1_32' title="bbox 2103 937 3678 1012">
     <span class='ocr_line' id='line_1_32' title="bbox 2103 937 3678 1012; baseline -0.003 -17"><span class='ocrx_word' id='word_1_230' title='bbox 2103 957 2203 1005; x_wconf 86' lang='grc' dir='ltr'><strong>τας</strong></span> <span class='ocrx_word' id='word_1_231' title='bbox 2240 940 2451 1011; x_wconf 75' lang='grc' dir='ltr'><strong>μισθοῖς</strong></span> <span class='ocrx_word' id='word_1_232' title='bbox 2486 941 2587 1008; x_wconf 82' lang='grc' dir='ltr'><strong>τῆς</strong></span> <span class='ocrx_word' id='word_1_233' title='bbox 2609 942 2742 1011; x_wconf 80' lang='grc' dir='ltr'><strong>πρὸς</strong></span> <span class='ocrx_word' id='word_1_234' title='bbox 2779 940 3002 1012; x_wconf 71' lang='grc' dir='ltr'><strong>βασιλέα</strong></span> <span class='ocrx_word' id='word_1_235' title='bbox 3022 940 3243 1012; x_wconf 77' lang='grc' dir='ltr'><strong>Μιχαὴλ</strong></span> <span class='ocrx_word' id='word_1_236' title='bbox 3279 937 3516 1011; x_wconf 69' lang='grc' dir='ltr'><strong>ἅψασθαι</strong></span> <span class='ocrx_word' id='word_1_237' title='bbox 3548 958 3678 1008; x_wconf 81' lang='grc' dir='ltr'><strong>συμ·</strong></span> 
     </span>
    </p>
   </div>
   <div class='ocr_carea' id='block_1_33' title="bbox 2107 1030 3677 1106">
    <p class='ocr_par' dir='ltr' id='par_1_33' title="bbox 2107 1030 3677 1106">
     <span class='ocr_line' id='line_1_33' title="bbox 2107 1030 3677 1106; baseline 0 -18"><span class='ocrx_word' id='word_1_238' title='bbox 2107 1036 2477 1106; x_wconf 79' lang='grc' dir='ltr'><strong>μαχήσοντας.</strong></span> <span class='ocrx_word' id='word_1_239' title='bbox 2510 1035 2573 1088; x_wconf 78' lang='grc' dir='ltr'>Εἰ</span> <span class='ocrx_word' id='word_1_240' title='bbox 2601 1035 2646 1089; x_wconf 82' lang='grc' dir='ltr'>δ’</span> <span class='ocrx_word' id='word_1_241' title='bbox 2684 1030 2798 1103; x_wconf 78' lang='grc' dir='ltr'><strong>οὖν,</strong></span> <span class='ocrx_word' id='word_1_242' title='bbox 2851 1035 2968 1088; x_wconf 83' lang='grc' dir='ltr'><strong>ἀλλ’</strong></span> <span class='ocrx_word' id='word_1_243' title='bbox 3019 1035 3180 1090; x_wconf 79' lang='grc' dir='ltr'><strong>αὐτὸν</strong></span> <span class='ocrx_word' id='word_1_244' title='bbox 3239 1035 3338 1106; x_wconf 75' lang='grc' dir='ltr'><strong>μὲν</strong></span> <span class='ocrx_word' id='word_1_245' title='bbox 3384 1035 3478 1088; x_wconf 69' lang='grc' dir='ltr'><strong>καὶ</strong></span> <span class='ocrx_word' id='word_1_246' title='bbox 3530 1032 3677 1099; x_wconf 76' lang='grc' dir='ltr'><strong>αὖθις</strong></span> 
     </span>
    </p>
   </div>
   <div class='ocr_carea' id='block_1_34' title="bbox 2105 1128 3684 1202">
    <p class='ocr_par' dir='ltr' id='par_1_34' title="bbox 2105 1128 3684 1202">
     <span class='ocr_line' id='line_1_34' title="bbox 2105 1128 3684 1202; baseline -0.001 -20"><span class='ocrx_word' id='word_1_247' title='bbox 2105 1131 2411 1202; x_wconf 80' lang='grc' dir='ltr'><strong>ἀντιπερᾷν</strong></span> <span class='ocrx_word' id='word_1_248' title='bbox 2443 1131 2568 1184; x_wconf 80' lang='grc' dir='ltr'><strong>κατ’</strong></span> <span class='ocrx_word' id='word_1_249' title='bbox 2598 1129 2884 1200; x_wconf 73' lang='grc' dir='ltr'><strong>ἀνατολὴν,</strong></span> <span class='ocrx_word' id='word_1_250' title='bbox 2919 1131 3012 1182; x_wconf 79' lang='grc' dir='ltr'><strong>τὸν</strong></span> <span class='ocrx_word' id='word_1_251' title='bbox 3047 1128 3230 1200; x_wconf 80' lang='grc' dir='ltr'><strong>μέντοι</strong></span> <span class='ocrx_word' id='word_1_252' title='bbox 3281 1145 3347 1196; x_wconf 87' lang='grc' dir='ltr'><strong>γε</strong></span> <span class='ocrx_word' id='word_1_253' title='bbox 3401 1129 3684 1198; x_wconf 71' lang='grc' dir='ltr'><strong>Μπυριγέ-</strong></span> 
     </span>
    </p>
   </div>
   <div class='ocr_carea' id='block_1_35' title="bbox 2107 1220 3683 1296">
    <p class='ocr_par' dir='ltr' id='par_1_35' title="bbox 2107 1220 3683 1296">
     <span class='ocr_line' id='line_1_35' title="bbox 2107 1220 3683 1296; baseline -0.002 -19"><span class='ocrx_word' id='word_1_254' title='bbox 2107 1241 2222 1296; x_wconf 85' lang='grc' dir='ltr'><strong>ριον</strong></span> <span class='ocrx_word' id='word_1_255' title='bbox 2245 1224 2506 1289; x_wconf 77' lang='grc' dir='ltr'><strong>Τέντζαν,</strong></span> <span class='ocrx_word' id='word_1_256' title='bbox 2529 1223 2604 1288; x_wconf 83' lang='grc' dir='ltr'><strong>ὼς</strong></span> <span class='ocrx_word' id='word_1_257' title='bbox 2631 1224 2724 1278; x_wconf 72' lang='grc' dir='ltr'><strong>καὶ</strong></span> <span class='ocrx_word' id='word_1_258' title='bbox 2750 1223 2911 1276; x_wconf 65' lang='grc' dir='ltr'><strong>αὐτὸν</strong></span> <span class='ocrx_word' id='word_1_259' title='bbox 2961 1223 3116 1289; x_wconf 80' lang='grc' dir='ltr'><strong>ἄξιον</strong></span> <span class='ocrx_word' id='word_1_260' title='bbox 3162 1220 3231 1295; x_wconf 68' lang='grc' dir='ltr'><strong>ὃν</strong></span> <span class='ocrx_word' id='word_1_261' title='bbox 3296 1221 3683 1292; x_wconf 82' lang='grc' dir='ltr'><strong>προσδέχεσθαι</strong></span> 
     </span>
    </p>
   </div>
   <div class='ocr_carea' id='block_1_36' title="bbox 2103 1317 3686 1392">
    <p class='ocr_par' dir='ltr' id='par_1_36' title="bbox 2103 1317 3686 1392">
     <span class='ocr_line' id='line_1_36' title="bbox 2103 1317 3686 1392; baseline -0.001 -22"><span class='ocrx_word' id='word_1_262' title='bbox 2103 1319 2210 1371; x_wconf 77' lang='grc' dir='ltr'><strong>ὑπὸ</strong></span> <span class='ocrx_word' id='word_1_263' title='bbox 2240 1318 2518 1388; x_wconf 78' lang='grc' dir='ltr'><strong>μεγίστοις</strong></span> <span class='ocrx_word' id='word_1_264' title='bbox 2556 1321 2667 1392; x_wconf 83' lang='grc' dir='ltr'><strong>τοῖς</strong></span> <span class='ocrx_word' id='word_1_265' title='bbox 2698 1318 2986 1384; x_wconf 77' lang='grc' dir='ltr'><strong>ἐλπισμοτς</strong></span> <span class='ocrx_word' id='word_1_266' title='bbox 3019 1317 3513 1387; x_wconf 70' lang='grc' dir='ltr'><strong>προσχωρήσαντα,</strong></span> <span class='ocrx_word' id='word_1_267' title='bbox 3552 1332 3686 1384; x_wconf 85' lang='grc' dir='ltr'><strong>συμ-</strong></span> 
     </span>
    </p>
   </div>
   <div class='ocr_carea' id='block_1_37' title="bbox 2107 1407 3686 1482">
    <p class='ocr_par' dir='ltr' id='par_1_37' title="bbox 2107 1407 3686 1482">
     <span class='ocr_line' id='line_1_37' title="bbox 2107 1407 3686 1482; baseline -0.003 -18"><span class='ocrx_word' id='word_1_268' title='bbox 2107 1413 2292 1464; x_wconf 75' lang='grc' dir='ltr'><strong>πεῖσαι</strong></span> <span class='ocrx_word' id='word_1_269' title='bbox 2319 1409 2726 1482; x_wconf 72' lang='grc' dir='ltr'><strong>παραγενέσθαι</strong></span> <span class='ocrx_word' id='word_1_270' title='bbox 2757 1411 2915 1480; x_wconf 76' lang='grc' dir='ltr'><strong>μόνον</strong></span> <span class='ocrx_word' id='word_1_271' title='bbox 2947 1409 3039 1462; x_wconf 76' lang='grc' dir='ltr'><strong>ὑπ’</strong></span> <span class='ocrx_word' id='word_1_272' title='bbox 3075 1407 3367 1476; x_wconf 74' lang='grc' dir='ltr'><strong>ἀσφαλείᾳ.</strong></span> <span class='ocrx_word' id='word_1_273' title='bbox 3395 1411 3462 1478; x_wconf 73' lang='grc' dir='ltr'><strong>τῇ</strong></span> <span class='ocrx_word' id='word_1_274' title='bbox 3520 1426 3686 1478; x_wconf 79' lang='grc' dir='ltr'><strong>προσ-</strong></span> 
     </span>
    </p>
   </div>
   <div class='ocr_carea' id='block_1_38' title="bbox 2105 1501 3688 1575">
    <p class='ocr_par' dir='ltr' id='par_1_38' title="bbox 2105 1501 3688 1575">
     <span class='ocr_line' id='line_1_38' title="bbox 2105 1501 3688 1575; baseline -0.004 -15"><span class='ocrx_word' id='word_1_275' title='bbox 2105 1503 2337 1575; x_wconf 66' lang='grc' dir='ltr'><strong>ηκούσῃ,</strong></span> <span class='ocrx_word' id='word_1_276' title='bbox 2386 1505 2481 1558; x_wconf 71' lang='grc' dir='ltr'><strong>καὶ</strong></span> <span class='ocrx_word' id='word_1_277' title='bbox 2519 1504 2634 1566; x_wconf 78' lang='grc' dir='ltr'><strong>τοῖς</strong></span> <span class='ocrx_word' id='word_1_278' title='bbox 2676 1504 2773 1557; x_wconf 80' lang='grc' dir='ltr'><strong>ἀπ’</strong></span> <span class='ocrx_word' id='word_1_279' title='bbox 2831 1502 2995 1557; x_wconf 78' lang='grc' dir='ltr'><strong>αὑτοῦ</strong></span> <span class='ocrx_word' id='word_1_280' title='bbox 3024 1501 3442 1574; x_wconf 76' lang='grc' dir='ltr'><strong>χρυσοόούλλοις</strong></span> <span class='ocrx_word' id='word_1_281' title='bbox 3499 1502 3688 1572; x_wconf 73' lang='grc' dir='ltr'><strong>σχόντα</strong></span> 
     </span>
    </p>
   </div>
   <div class='ocr_carea' id='block_1_39' title="bbox 2105 1591 3688 1668">
    <p class='ocr_par' dir='ltr' id='par_1_39' title="bbox 2105 1591 3688 1668">
     <span class='ocr_line' id='line_1_39' title="bbox 2105 1591 3688 1668; baseline -0.003 -16"><span class='ocrx_word' id='word_1_282' title='bbox 2105 1598 2198 1653; x_wconf 80' lang='grc' dir='ltr'><strong>τοῦ</strong></span> <span class='ocrx_word' id='word_1_283' title='bbox 2238 1599 2474 1668; x_wconf 68' lang='grc' dir='ltr'><strong>θάρρους</strong></span> <span class='ocrx_word' id='word_1_284' title='bbox 2500 1596 2560 1650; x_wconf 81' lang='grc' dir='ltr'><strong>τδ</strong></span> <span class='ocrx_word' id='word_1_285' title='bbox 2594 1597 2796 1651; x_wconf 79' lang='grc' dir='ltr'><strong>ἱκανόν.</strong></span> <span class='ocrx_word' id='word_1_286' title='bbox 2836 1597 3095 1664; x_wconf 80' lang='grc' dir='ltr'><strong>Ἔτοιμον</strong></span> <span class='ocrx_word' id='word_1_287' title='bbox 3129 1596 3172 1649; x_wconf 81' lang='grc' dir='ltr'>δ’</span> <span class='ocrx_word' id='word_1_288' title='bbox 3198 1591 3338 1649; x_wconf 79' lang='grc' dir='ltr'><strong>εἶναι</strong></span> <span class='ocrx_word' id='word_1_289' title='bbox 3382 1593 3569 1649; x_wconf 73' lang='grc' dir='ltr'><strong>τοῦτον</strong></span> <span class='ocrx_word' id='word_1_290' title='bbox 3599 1597 3688 1648; x_wconf 73' lang='grc' dir='ltr'><strong>καὶ</strong></span> 
     </span>
    </p>
   </div>
   <div class='ocr_carea' id='block_1_40' title="bbox 2109 1688 3688 1762">
    <p class='ocr_par' dir='ltr' id='par_1_40' title="bbox 2109 1688 3688 1762">
     <span class='ocr_line' id='line_1_40' title="bbox 2109 1688 3688 1762; baseline -0.002 -18"><span class='ocrx_word' id='word_1_291' title='bbox 2109 1690 2491 1762; x_wconf 81' lang='grc' dir='ltr'><strong>μισθοφορίαις</strong></span> <span class='ocrx_word' id='word_1_292' title='bbox 2529 1689 2861 1744; x_wconf 83' lang='grc' dir='ltr'><strong>ἱκανωθέντα</strong></span> <span class='ocrx_word' id='word_1_293' title='bbox 2898 1691 2977 1761; x_wconf 80' lang='grc' dir='ltr'><strong>τῷ</strong></span> <span class='ocrx_word' id='word_1_294' title='bbox 3011 1690 3125 1760; x_wconf 78' lang='grc' dir='ltr'><strong>ἰδίῳ</strong></span> <span class='ocrx_word' id='word_1_295' title='bbox 3161 1689 3376 1757; x_wconf 73' lang='grc' dir='ltr'><strong>σύναμα</strong></span> <span class='ocrx_word' id='word_1_296' title='bbox 3422 1688 3536 1758; x_wconf 76' lang='grc' dir='ltr'><strong>λαῷ</strong></span> <span class='ocrx_word' id='word_1_297' title='bbox 3593 1689 3688 1756; x_wconf 72' lang='grc' dir='ltr'><strong>τὴν</strong></span> 
     </span>
    </p>
   </div>
   <div class='ocr_carea' id='block_1_41' title="bbox 2107 1779 3690 1853">
    <p class='ocr_par' dir='ltr' id='par_1_41' title="bbox 2107 1779 3690 1853">
     <span class='ocr_line' id='line_1_41' title="bbox 2107 1779 3690 1853; baseline -0.003 -19"><span class='ocrx_word' id='word_1_298' title='bbox 2107 1782 2245 1851; x_wconf 64' lang='grc' dir='ltr'><strong>προς</strong></span> <span class='ocrx_word' id='word_1_299' title='bbox 2276 1782 2366 1834; x_wconf 72' lang='grc' dir='ltr'><strong>τὸν</strong></span> <span class='ocrx_word' id='word_1_300' title='bbox 2390 1781 2508 1835; x_wconf 82' lang='grc' dir='ltr'><strong>νέον</strong></span> <span class='ocrx_word' id='word_1_301' title='bbox 2533 1780 2759 1852; x_wconf 69' lang='grc' dir='ltr'><strong>βασιλέα</strong></span> <span class='ocrx_word' id='word_1_302' title='bbox 2801 1781 3137 1853; x_wconf 77' lang='grc' dir='ltr'><strong>πορευθῆναι</strong></span> <span class='ocrx_word' id='word_1_303' title='bbox 3177 1780 3424 1851; x_wconf 75' lang='grc' dir='ltr'><strong>σφοδρῶς</strong></span> <span class='ocrx_word' id='word_1_304' title='bbox 3489 1779 3690 1850; x_wconf 79' lang='grc' dir='ltr'><strong>ίσχυρί-</strong></span> 
     </span>
    </p>
   </div>
   <div class='ocr_carea' id='block_1_42' title="bbox 2031 1871 3690 1956">
    <p class='ocr_par' dir='ltr' id='par_1_42' title="bbox 2031 1871 3690 1956">
     <span class='ocr_line' id='line_1_42' title="bbox 2031 1871 3690 1956; baseline -0.001 -32"><span class='ocrx_word' id='word_1_305' title='bbox 2031 1898 2077 1956; x_wconf 80' lang='grc' dir='ltr'>Β</span> <span class='ocrx_word' id='word_1_306' title='bbox 2107 1872 2247 1933; x_wconf 77' lang='grc' dir='ltr'><strong>ζετο.</strong></span> <span class='ocrx_word' id='word_1_307' title='bbox 2275 1871 2462 1927; x_wconf 80' lang='grc' dir='ltr'><strong>Ταῦτα</strong></span> <span class='ocrx_word' id='word_1_308' title='bbox 2491 1873 2666 1940; x_wconf 80' lang='grc' dir='ltr'><strong>λέγων</strong></span> <span class='ocrx_word' id='word_1_309' title='bbox 2699 1874 2792 1928; x_wconf 69' lang='grc' dir='ltr'><strong>καὶ</strong></span> <span class='ocrx_word' id='word_1_310' title='bbox 2833 1873 3055 1926; x_wconf 85' lang='grc' dir='ltr'><strong>πλείονα</strong></span> <span class='ocrx_word' id='word_1_311' title='bbox 3103 1873 3250 1942; x_wconf 78' lang='grc' dir='ltr'><strong>αἱρεῖ</strong></span> <span class='ocrx_word' id='word_1_312' title='bbox 3292 1872 3399 1942; x_wconf 76' lang='grc' dir='ltr'><strong>’τὴν</strong></span> <span class='ocrx_word' id='word_1_313' title='bbox 3467 1873 3690 1940; x_wconf 64' lang='grc' dir='ltr'><strong>γνώμην</strong></span> 
     </span>
    </p>
   </div>
   <div class='ocr_carea' id='block_1_43' title="bbox 2106 1965 3690 2037">
    <p class='ocr_par' dir='ltr' id='par_1_43' title="bbox 2106 1965 3690 2037">
     <span class='ocr_line' id='line_1_43' title="bbox 2106 1965 3690 2037; baseline -0.002 -16"><span class='ocrx_word' id='word_1_314' title='bbox 2106 1967 2309 2021; x_wconf 77' lang='grc' dir='ltr'><strong>αὐτίκα</strong></span> <span class='ocrx_word' id='word_1_315' title='bbox 2334 1967 2428 2019; x_wconf 81' lang='grc' dir='ltr'><strong>τοῦ</strong></span> <span class='ocrx_word' id='word_1_316' title='bbox 2458 1966 2745 2037; x_wconf 83' lang='grc' dir='ltr'><strong>βασιλέως.</strong></span> <span class='ocrx_word' id='word_1_317' title='bbox 2777 1967 2887 2020; x_wconf 69' lang='grc' dir='ltr'><strong>Καὶ</strong></span> <span class='ocrx_word' id='word_1_318' title='bbox 2911 1966 3027 2036; x_wconf 74' lang='grc' dir='ltr'><strong>ἅμα</strong></span> <span class='ocrx_word' id='word_1_319' title='bbox 3061 1966 3194 2037; x_wconf 65' lang='grc' dir='ltr'><strong>πρὸς</strong></span> <span class='ocrx_word' id='word_1_320' title='bbox 3229 1967 3328 2034; x_wconf 79' lang='grc' dir='ltr'><strong>μὲν</strong></span> <span class='ocrx_word' id='word_1_321' title='bbox 3386 1965 3476 2018; x_wconf 82' lang='grc' dir='ltr'><strong>τὸν</strong></span> <span class='ocrx_word' id='word_1_322' title='bbox 3532 1968 3690 2019; x_wconf 73' lang='lat' dir='ltr'><strong>Mrtu-</strong></span> 
     </span>
    </p>
   </div>
   <div class='ocr_carea' id='block_1_44' title="bbox 2111 2059 3694 2131">
    <p class='ocr_par' dir='ltr' id='par_1_44' title="bbox 2111 2059 3694 2131">
     <span class='ocr_line' id='line_1_44' title="bbox 2111 2059 3694 2131; baseline -0.001 -19"><span class='ocrx_word' id='word_1_323' title='bbox 2111 2059 2351 2131; x_wconf 83' lang='grc' dir='ltr'><strong>ριγέριον</strong></span> <span class='ocrx_word' id='word_1_324' title='bbox 2379 2061 2591 2123; x_wconf 83' lang='grc' dir='ltr'><strong>πίστεις</strong></span> <span class='ocrx_word' id='word_1_325' title='bbox 2621 2059 3058 2131; x_wconf 69' lang='grc' dir='ltr'><strong>χρυσοϐούλλειοι</strong></span> <span class='ocrx_word' id='word_1_326' title='bbox 3103 2059 3496 2131; x_wconf 71' lang='grc' dir='ltr'><strong>σχεδεάζονται,</strong></span> <span class='ocrx_word' id='word_1_327' title='bbox 3535 2060 3694 2123; x_wconf 78' lang='grc' dir='ltr'><strong>αὐτὸς</strong></span> 
     </span>
    </p>
   </div>
   <div class='ocr_carea' id='block_1_45' title="bbox 2106 2151 3694 2224">
    <p class='ocr_par' dir='ltr' id='par_1_45' title="bbox 2106 2151 3694 2224">
     <span class='ocr_line' id='line_1_45' title="bbox 2106 2151 3694 2224; baseline -0.003 -16"><span class='ocrx_word' id='word_1_328' title='bbox 2106 2154 2160 2210; x_wconf 79' lang='grc' dir='ltr'><strong>δὲ</strong></span> <span class='ocrx_word' id='word_1_329' title='bbox 2193 2153 2262 2208; x_wconf 79' lang='grc' dir='ltr'><strong>τὰ</strong></span> <span class='ocrx_word' id='word_1_330' title='bbox 2287 2155 2458 2209; x_wconf 69' lang='grc' dir='ltr'><strong>πολλὰ</strong></span> <span class='ocrx_word' id='word_1_331' title='bbox 2489 2157 2589 2223; x_wconf 70' lang='grc' dir='ltr'><strong>μὲν</strong></span> <span class='ocrx_word' id='word_1_332' title='bbox 2626 2156 2718 2209; x_wconf 65' lang='lat' dir='ltr'><strong>ttat</strong></span> <span class='ocrx_word' id='word_1_333' title='bbox 2747 2156 2840 2223; x_wconf 76' lang='grc' dir='ltr'><strong>ἀφ’</strong></span> <span class='ocrx_word' id='word_1_334' title='bbox 2891 2153 3224 2224; x_wconf 59' lang='grc' dir='ltr'><strong>ἑαυτοῦ·τῷ</strong></span> <span class='ocrx_word' id='word_1_335' title='bbox 3276 2153 3498 2224; x_wconf 76' lang='grc' dir='ltr'><strong>μεγάλῳ</strong></span> <span class='ocrx_word' id='word_1_336' title='bbox 3545 2151 3694 2205; x_wconf 75' lang='grc' dir='ltr'><strong>δουκὶ</strong></span> 
     </span>
    </p>
   </div>
   <div class='ocr_carea' id='block_1_46' title="bbox 2109 2245 3694 2320">
    <p class='ocr_par' dir='ltr' id='par_1_46' title="bbox 2109 2245 3694 2320">
     <span class='ocr_line' id='line_1_46' title="bbox 2109 2245 3694 2320; baseline -0.004 -18"><span class='ocrx_word' id='word_1_337' title='bbox 2109 2247 2468 2320; x_wconf 78' lang='grc' dir='ltr'><strong>προσνείμας,</strong></span> <span class='ocrx_word' id='word_1_338' title='bbox 2523 2249 2590 2303; x_wconf 73' lang='grc' dir='ltr'><strong>τὰ</strong></span> <span class='ocrx_word' id='word_1_339' title='bbox 2635 2248 2860 2302; x_wconf 78' lang='grc' dir='ltr'><strong>πλεῖστα</strong></span> <span class='ocrx_word' id='word_1_340' title='bbox 2922 2247 2978 2301; x_wconf 85' lang='grc' dir='ltr'><strong>δὲ</strong></span> <span class='ocrx_word' id='word_1_341' title='bbox 3028 2248 3120 2300; x_wconf 78' lang='grc' dir='ltr'><strong>καὶ</strong></span> <span class='ocrx_word' id='word_1_342' title='bbox 3151 2246 3347 2310; x_wconf 77' lang='grc' dir='ltr'><strong>ἐκτῶν</strong></span> <span class='ocrx_word' id='word_1_343' title='bbox 3403 2245 3496 2298; x_wconf 77' lang='grc' dir='ltr'><strong>τὸν</strong></span> <span class='ocrx_word' id='word_1_344' title='bbox 3551 2246 3694 2297; x_wconf 86' lang='grc' dir='ltr'><strong>σῖτον</strong></span> 
     </span>
    </p>
   </div>
   <div class='ocr_carea' id='block_1_47' title="bbox 2112 2513 3697 2587">
    <p class='ocr_par' dir='ltr' id='par_1_47' title="bbox 2112 2513 3697 2587">
     <span class='ocr_line' id='line_1_47' title="bbox 2112 2513 3697 2587; baseline -0.006 -12"><span class='ocrx_word' id='word_1_345' title='bbox 2112 2521 2169 2575; x_wconf 87' lang='grc'><strong>7.</strong></span> <span class='ocrx_word' id='word_1_346' title='bbox 2232 2518 2489 2574; x_wconf 78' lang='lat' dir='ltr'><strong>Accessus</strong></span> <span class='ocrx_word' id='word_1_347' title='bbox 2545 2519 2614 2572; x_wconf 84' lang='lat' dir='ltr'><strong>ad</strong></span> <span class='ocrx_word' id='word_1_348' title='bbox 2666 2519 3036 2587; x_wconf 77' lang='lat' dir='ltr'><strong>imperatorem</strong></span> <span class='ocrx_word' id='word_1_349' title='bbox 3094 2513 3242 2570; x_wconf 74' lang='lat' dir='ltr'><strong>ducis</strong></span> <span class='ocrx_word' id='word_1_350' title='bbox 3293 2517 3547 2585; x_wconf 82' lang='lat' dir='ltr'><strong>maguiet</strong></span> <span class='ocrx_word' id='word_1_351' title='bbox 3604 2529 3697 2582; x_wconf 89' lang='lat' dir='ltr'><strong>pro</strong></span> 
     </span>
    </p>
   </div>
   <div class='ocr_carea' id='block_1_48' title="bbox 2615 2588 3197 2660">
    <p class='ocr_par' dir='ltr' id='par_1_48' title="bbox 2615 2588 3197 2660">
     <span class='ocr_line' id='line_1_48' title="bbox 2615 2588 3197 2660; baseline -0.003 -16"><span class='ocrx_word' id='word_1_352' title='bbox 2615 2589 2941 2660; x_wconf 76' lang='lat' dir='ltr'><strong>Mpyrt’gert&#39;o</strong></span> <span class='ocrx_word' id='word_1_353' title='bbox 2993 2588 3197 2658; x_wconf 76' lang='lat' dir='ltr'><strong>petitio.</strong></span> 
     </span>
    </p>
   </div>
   <div class='ocr_carea' id='block_1_49' title="bbox 2187 2702 3700 2777">
    <p class='ocr_par' dir='ltr' id='par_1_49' title="bbox 2187 2702 3700 2777">
     <span class='ocr_line' id='line_1_49' title="bbox 2187 2702 3700 2777; baseline -0.003 -16"><span class='ocrx_word' id='word_1_354' title='bbox 2187 2707 2256 2761; x_wconf 88' lang='lat' dir='ltr'><strong>At</strong></span> <span class='ocrx_word' id='word_1_355' title='bbox 2291 2720 2522 2777; x_wconf 87' lang='lat' dir='ltr'><strong>magnus</strong></span> <span class='ocrx_word' id='word_1_356' title='bbox 2572 2704 2682 2760; x_wconf 72' lang='lat' dir='ltr'><strong>dus</strong></span> <span class='ocrx_word' id='word_1_357' title='bbox 2731 2703 3047 2775; x_wconf 72' lang='lat' dir='ltr'><strong>intelligens</strong></span> <span class='ocrx_word' id='word_1_358' title='bbox 3093 2702 3363 2758; x_wconf 70' lang='lat' dir='ltr'><strong>offensum</strong></span> <span class='ocrx_word' id='word_1_359' title='bbox 3403 2703 3700 2771; x_wconf 84' lang='lat' dir='ltr'><strong>imperato-</strong></span> 
     </span>
    </p>
   </div>
   <div class='ocr_carea' id='block_1_50' title="bbox 2111 2794 3697 2868">
    <p class='ocr_par' dir='ltr' id='par_1_50' title="bbox 2111 2794 3697 2868">
     <span class='ocr_line' id='line_1_50' title="bbox 2111 2794 3697 2868; baseline -0.004 -13"><span class='ocrx_word' id='word_1_360' title='bbox 2111 2815 2230 2856; x_wconf 87' lang='lat' dir='ltr'><strong>rem</strong></span> <span class='ocrx_word' id='word_1_361' title='bbox 2264 2806 2432 2854; x_wconf 81' lang='lat' dir='ltr'><strong>tanta:</strong></span> <span class='ocrx_word' id='word_1_362' title='bbox 2464 2798 2518 2852; x_wconf 92' lang='lat' dir='ltr'><strong>in</strong></span> <span class='ocrx_word' id='word_1_363' title='bbox 2551 2797 2826 2867; x_wconf 88' lang='lat' dir='ltr'><strong>stipendia</strong></span> <span class='ocrx_word' id='word_1_364' title='bbox 2878 2795 3140 2868; x_wconf 85' lang='lat' dir='ltr'><strong>petitione</strong></span> <span class='ocrx_word' id='word_1_365' title='bbox 3174 2796 3445 2866; x_wconf 60' lang='lat' dir='ltr'><strong>pecunia,</strong></span> <span class='ocrx_word' id='word_1_366' title='bbox 3497 2794 3697 2862; x_wconf 86' lang='lat' dir='ltr'><strong>despe-</strong></span> 
     </span>
    </p>
   </div>
   <div class='ocr_carea' id='block_1_51' title="bbox 2115 2888 3698 2965">
    <p class='ocr_par' dir='ltr' id='par_1_51' title="bbox 2115 2888 3698 2965">
     <span class='ocr_line' id='line_1_51' title="bbox 2115 2888 3698 2965; baseline -0.006 -15"><span class='ocrx_word' id='word_1_367' title='bbox 2115 2909 2359 2965; x_wconf 84' lang='lat' dir='ltr'><strong>ransque</strong></span> <span class='ocrx_word' id='word_1_368' title='bbox 2388 2901 2635 2948; x_wconf 84' lang='lat' dir='ltr'><strong>trecenta</strong></span> <span class='ocrx_word' id='word_1_369' title='bbox 2669 2906 3019 2949; x_wconf 89' lang='lat' dir='ltr'><strong>nummorum</strong></span> <span class='ocrx_word' id='word_1_370' title='bbox 3056 2890 3227 2944; x_wconf 85' lang='lat' dir='ltr'><strong>millia</strong></span> <span class='ocrx_word' id='word_1_371' title='bbox 3251 2890 3501 2961; x_wconf 84' lang='lat' dir='ltr'><strong>(totidem</strong></span> <span class='ocrx_word' id='word_1_372' title='bbox 3535 2888 3698 2962; x_wconf 66' lang='grc'><strong>492</strong></span> 
     </span>
    </p>
   </div>
   <div class='ocr_carea' id='block_1_52' title="bbox 2115 2983 3694 3059">
    <p class='ocr_par' dir='ltr' id='par_1_52' title="bbox 2115 2983 3694 3059">
     <span class='ocr_line' id='line_1_52' title="bbox 2115 2983 3694 3059; baseline -0.005 -16"><span class='ocrx_word' id='word_1_373' title='bbox 2115 2989 2261 3043; x_wconf 88' lang='lat' dir='ltr'><strong>enim</strong></span> <span class='ocrx_word' id='word_1_374' title='bbox 2301 2987 2696 3059; x_wconf 74' lang='lat' dir='ltr'><strong>postulaverat)</strong></span> <span class='ocrx_word' id='word_1_375' title='bbox 2732 2983 2920 3041; x_wconf 82' lang='lat' dir='ltr'><strong>abeo</strong></span> <span class='ocrx_word' id='word_1_376' title='bbox 2969 3000 3128 3055; x_wconf 63' lang='lat' dir='ltr'><strong>posse</strong></span> <span class='ocrx_word' id='word_1_377' title='bbox 3162 3000 3401 3053; x_wconf 82' lang='lat' dir='ltr'><strong>unquam</strong></span> <span class='ocrx_word' id='word_1_378' title='bbox 3435 2983 3694 3054; x_wconf 79' lang='lat' dir='ltr'><strong>exprimi.</strong></span> 
     </span>
    </p>
   </div>
   <div class='ocr_carea' id='block_1_53' title="bbox 2113 3079 3700 3154">
    <p class='ocr_par' dir='ltr' id='par_1_53' title="bbox 2113 3079 3700 3154">
     <span class='ocr_line' id='line_1_53' title="bbox 2113 3079 3700 3154; baseline -0.003 -16"><span class='ocrx_word' id='word_1_379' title='bbox 2113 3099 2177 3138; x_wconf 89' lang='lat' dir='ltr'><strong>ea</strong></span> <span class='ocrx_word' id='word_1_380' title='bbox 2236 3083 2291 3137; x_wconf 89' lang='lat' dir='ltr'><strong>in</strong></span> <span class='ocrx_word' id='word_1_381' title='bbox 2346 3082 2510 3154; x_wconf 83' lang='lat' dir='ltr'><strong>longe</strong></span> <span class='ocrx_word' id='word_1_382' title='bbox 2568 3081 2841 3136; x_wconf 85' lang='lat' dir='ltr'><strong>minorem</strong></span> <span class='ocrx_word' id='word_1_383' title='bbox 2898 3082 3174 3135; x_wconf 81' lang='lat' dir='ltr'><strong>contraxit</strong></span> <span class='ocrx_word' id='word_1_384' title='bbox 3218 3093 3519 3141; x_wconf 89' lang='lat' dir='ltr'><strong>summam,</strong></span> <span class='ocrx_word' id='word_1_385' title='bbox 3555 3079 3608 3132; x_wconf 92' lang='lat' dir='ltr'><strong>in</strong></span> <span class='ocrx_word' id='word_1_386' title='bbox 3642 3092 3700 3133; x_wconf 89' lang='lat' dir='ltr'><strong>se</strong></span> 
     </span>
    </p>
   </div>
   <div class='ocr_carea' id='block_1_54' title="bbox 2116 3173 3701 3249">
    <p class='ocr_par' dir='ltr' id='par_1_54' title="bbox 2116 3173 3701 3249">
     <span class='ocr_line' id='line_1_54' title="bbox 2116 3173 3701 3249; baseline -0.005 -16"><span class='ocrx_word' id='word_1_387' title='bbox 2116 3177 2388 3249; x_wconf 78' lang='lat' dir='ltr'><strong>recipiens</strong></span> <span class='ocrx_word' id='word_1_388' title='bbox 2439 3176 2697 3233; x_wconf 80' lang='lat' dir='ltr'><strong>donativo</strong></span> <span class='ocrx_word' id='word_1_389' title='bbox 2736 3191 2846 3230; x_wconf 83' lang='lat' dir='ltr'><strong>non</strong></span> <span class='ocrx_word' id='word_1_390' title='bbox 2883 3189 3088 3245; x_wconf 86' lang='lat' dir='ltr'><strong>magno</strong></span> <span class='ocrx_word' id='word_1_391' title='bbox 3114 3215 3128 3238; x_wconf 90' lang='lat'><strong>,</strong></span> <span class='ocrx_word' id='word_1_392' title='bbox 3167 3189 3268 3229; x_wconf 92' lang='lat' dir='ltr'><strong>nec</strong></span> <span class='ocrx_word' id='word_1_393' title='bbox 3316 3189 3461 3243; x_wconf 82' lang='lat' dir='ltr'><strong>aegre</strong></span> <span class='ocrx_word' id='word_1_394' title='bbox 3496 3174 3566 3230; x_wconf 88' lang='lat' dir='ltr'><strong>ab</strong></span> <span class='ocrx_word' id='word_1_395' title='bbox 3594 3173 3701 3226; x_wconf 90' lang='lat' dir='ltr'><strong>im-</strong></span> 
     </span>
    </p>
   </div>
   <div class='ocr_carea' id='block_1_55' title="bbox 431 3265 3699 3343">
    <p class='ocr_par' dir='ltr' id='par_1_55' title="bbox 431 3265 3699 3343">
     <span class='ocr_line' id='line_1_55' title="bbox 431 3265 3699 3343; baseline 0.001 -23"><span class='ocrx_word' id='word_1_396' title='bbox 431 3278 606 3320; x_wconf 88' lang='lat' dir='ltr'><strong>nuare</strong></span> <span class='ocrx_word' id='word_1_397' title='bbox 640 3265 1030 3334; x_wconf 86' lang='lat' dir='ltr'><strong>occurrendoi,</strong></span> <span class='ocrx_word' id='word_1_398' title='bbox 1063 3267 1474 3338; x_wconf 87' lang='lat' dir='ltr'><strong>subeundisque</strong></span> <span class='ocrx_word' id='word_1_399' title='bbox 1507 3283 1848 3339; x_wconf 78' lang='lat' dir='ltr'><strong>quaecunque</strong></span> <span class='ocrx_word' id='word_1_400' title='bbox 1880 3268 2015 3324; x_wconf 63' lang='lat' dir='ltr'><strong>iacio</strong></span> <span class='ocrx_word' id='word_1_401' title='bbox 2045 3273 2088 3332; x_wconf 75' lang='grc' dir='ltr'><strong>ο</strong></span> <span class='ocrx_word' id='word_1_402' title='bbox 2122 3284 2373 3343; x_wconf 86' lang='lat' dir='ltr'><strong>peratore</strong></span> <span class='ocrx_word' id='word_1_403' title='bbox 2419 3285 2519 3340; x_wconf 91' lang='lat' dir='ltr'><strong>pro</strong></span> <span class='ocrx_word' id='word_1_404' title='bbox 2557 3270 2712 3340; x_wconf 86' lang='lat' dir='ltr'><strong>copia</strong></span> <span class='ocrx_word' id='word_1_405' title='bbox 2749 3268 3004 3340; x_wconf 73' lang='lat' dir='ltr'><strong>praesenti</strong></span> <span class='ocrx_word' id='word_1_406' title='bbox 3053 3266 3418 3334; x_wconf 87' lang='lat' dir='ltr'><strong>numerando,</strong></span> <span class='ocrx_word' id='word_1_407' title='bbox 3448 3276 3574 3324; x_wconf 89' lang='lat' dir='ltr'><strong>sese</strong></span> <span class='ocrx_word' id='word_1_408' title='bbox 3602 3280 3699 3337; x_wconf 85' lang='lat' dir='ltr'><strong>pa-</strong></span> 
     </span>
    </p>
   </div>
   <div class='ocr_carea' id='block_1_56' title="bbox 434 3355 2012 3429">
    <p class='ocr_par' dir='ltr' id='par_1_56' title="bbox 434 3355 2012 3429">
     <span class='ocr_line' id='line_1_56' title="bbox 434 3355 2012 3429; baseline 0.003 -16"><span class='ocrx_word' id='word_1_409' title='bbox 434 3355 632 3413; x_wconf 89' lang='lat' dir='ltr'><strong>derent</strong></span> <span class='ocrx_word' id='word_1_410' title='bbox 661 3358 942 3429; x_wconf 83' lang='lat' dir='ltr'><strong>periculis,</strong></span> <span class='ocrx_word' id='word_1_411' title='bbox 974 3360 1141 3416; x_wconf 89' lang='lat' dir='ltr'><strong>etiam</strong></span> <span class='ocrx_word' id='word_1_412' title='bbox 1169 3362 1450 3417; x_wconf 85' lang='lat' dir='ltr'><strong>navalium</strong></span> <span class='ocrx_word' id='word_1_413' title='bbox 1483 3377 1608 3417; x_wconf 87' lang='lat' dir='ltr'><strong>eum</strong></span> <span class='ocrx_word' id='word_1_414' title='bbox 1635 3363 1814 3418; x_wconf 79' lang='lat' dir='ltr'><strong>classe</strong></span> <span class='ocrx_word' id='word_1_415' title='bbox 1847 3360 2012 3418; x_wconf 87' lang='lat' dir='ltr'><strong>Cate-</strong></span> 
     </span>
    </p>
   </div>
   <div class='ocr_carea' id='block_1_57' title="bbox 433 3449 2010 3526">
    <p class='ocr_par' dir='ltr' id='par_1_57' title="bbox 433 3449 2010 3526">
     <span class='ocr_line' id='line_1_57' title="bbox 433 3449 2010 3526; baseline 0.003 -19"><span class='ocrx_word' id='word_1_416' title='bbox 433 3449 558 3507; x_wconf 84' lang='lat' dir='ltr'><strong>iana</strong></span> <span class='ocrx_word' id='word_1_417' title='bbox 611 3452 964 3521; x_wconf 70' lang='lat' dir='ltr'><strong>prazliorum;</strong></span> <span class='ocrx_word' id='word_1_418' title='bbox 1024 3454 1290 3524; x_wconf 81' lang='lat' dir='ltr'><strong>omnique</strong></span> <span class='ocrx_word' id='word_1_419' title='bbox 1340 3455 1503 3509; x_wconf 85' lang='lat' dir='ltr'><strong>modo</strong></span> <span class='ocrx_word' id='word_1_420' title='bbox 1551 3456 1889 3526; x_wconf 89' lang='lat' dir='ltr'><strong>prohibendo</strong></span> <span class='ocrx_word' id='word_1_421' title='bbox 1921 3473 2010 3524; x_wconf 87' lang='lat' dir='ltr'><strong>ne,</strong></span> 
     </span>
    </p>
   </div>
   <div class='ocr_carea' id='block_1_58' title="bbox 433 3545 2015 3624">
    <p class='ocr_par' dir='ltr' id='par_1_58' title="bbox 433 3545 2015 3624">
     <span class='ocr_line' id='line_1_58' title="bbox 433 3545 2015 3624; baseline 0.006 -25"><span class='ocrx_word' id='word_1_422' title='bbox 433 3553 867 3624; x_wconf 71' lang='lat' dir='ltr'><strong>quantacunque</strong></span> <span class='ocrx_word' id='word_1_423' title='bbox 944 3545 1032 3602; x_wconf 89' lang='lat' dir='ltr'><strong>his</strong></span> <span class='ocrx_word' id='word_1_424' title='bbox 1089 3547 1371 3604; x_wconf 82' lang='lat' dir='ltr'><strong>admoveri</strong></span> <span class='ocrx_word' id='word_1_425' title='bbox 1432 3549 1680 3620; x_wconf 84' lang='lat' dir='ltr'><strong>partibus</strong></span> <span class='ocrx_word' id='word_1_426' title='bbox 1755 3550 2015 3621; x_wconf 82' lang='lat' dir='ltr'><strong>deinceps</strong></span> 
     </span>
    </p>
   </div>
   <div class='ocr_carea' id='block_1_59' title="bbox 435 3638 2015 3712">
    <p class='ocr_par' dir='ltr' id='par_1_59' title="bbox 435 3638 2015 3712">
     <span class='ocr_line' id='line_1_59' title="bbox 435 3638 2015 3712; baseline -0.001 -17"><span class='ocrx_word' id='word_1_427' title='bbox 435 3641 641 3710; x_wconf 87' lang='lat' dir='ltr'><strong>poterit</strong></span> <span class='ocrx_word' id='word_1_428' title='bbox 694 3638 942 3712; x_wconf 87' lang='lat' dir='ltr'><strong>potentia</strong></span> <span class='ocrx_word' id='word_1_429' title='bbox 995 3641 1179 3711; x_wconf 86' lang='lat' dir='ltr'><strong>gentis</strong></span> <span class='ocrx_word' id='word_1_430' title='bbox 1233 3640 1424 3706; x_wconf 83' lang='lat' dir='ltr'><strong>istius,</strong></span> <span class='ocrx_word' id='word_1_431' title='bbox 1487 3641 1754 3711; x_wconf 83' lang='lat' dir='ltr'><strong>proficere</strong></span> <span class='ocrx_word' id='word_1_432' title='bbox 1810 3643 2015 3698; x_wconf 80' lang='lat' dir='ltr'><strong>nostris</strong></span> 
     </span>
    </p>
   </div>
   <div class='ocr_carea' id='block_1_60' title="bbox 435 3732 2016 3806">
    <p class='ocr_par' dir='ltr' id='par_1_60' title="bbox 435 3732 2016 3806">
     <span class='ocr_line' id='line_1_60' title="bbox 435 3732 2016 3806; baseline 0.001 -18"><span class='ocrx_word' id='word_1_433' title='bbox 435 3732 653 3788; x_wconf 83' lang='lat' dir='ltr'><strong>damnis</strong></span> <span class='ocrx_word' id='word_1_434' title='bbox 689 3745 742 3789; x_wconf 89' lang='lat' dir='ltr'><strong>et</strong></span> <span class='ocrx_word' id='word_1_435' title='bbox 769 3749 1101 3805; x_wconf 84' lang='lat' dir='ltr'><strong>progressus</strong></span> <span class='ocrx_word' id='word_1_436' title='bbox 1142 3733 1321 3790; x_wconf 81' lang='lat' dir='ltr'><strong>facere</strong></span> <span class='ocrx_word' id='word_1_437' title='bbox 1360 3734 1426 3789; x_wconf 86' lang='lat' dir='ltr'><strong>ad</strong></span> <span class='ocrx_word' id='word_1_438' title='bbox 1471 3736 1886 3806; x_wconf 88' lang='lat' dir='ltr'><strong>oppressionem</strong></span> <span class='ocrx_word' id='word_1_439' title='bbox 1914 3736 2016 3789; x_wconf 88' lang='lat' dir='ltr'><strong>im-</strong></span> 
     </span>
    </p>
   </div>
   <div class='ocr_carea' id='block_1_61' title="bbox 434 3826 2018 3900">
    <p class='ocr_par' dir='ltr' id='par_1_61' title="bbox 434 3826 2018 3900">
     <span class='ocr_line' id='line_1_61' title="bbox 434 3826 2018 3900; baseline 0.003 -19"><span class='ocrx_word' id='word_1_440' title='bbox 434 3826 577 3898; x_wconf 82' lang='lat' dir='ltr'><strong>perii</strong></span> <span class='ocrx_word' id='word_1_441' title='bbox 613 3835 799 3898; x_wconf 85' lang='lat' dir='ltr'><strong>queat.</strong></span> <span class='ocrx_word' id='word_1_442' title='bbox 836 3826 963 3884; x_wconf 69' lang='lat' dir='ltr'><strong>Haec</strong></span> <span class='ocrx_word' id='word_1_443' title='bbox 1001 3828 1303 3898; x_wconf 87' lang='lat' dir='ltr'><strong>imperator</strong></span> <span class='ocrx_word' id='word_1_444' title='bbox 1352 3830 1587 3886; x_wconf 84' lang='lat' dir='ltr'><strong>audiens</strong></span> <span class='ocrx_word' id='word_1_445' title='bbox 1639 3845 1779 3885; x_wconf 88' lang='lat' dir='ltr'><strong>vana</strong></span> <span class='ocrx_word' id='word_1_446' title='bbox 1833 3831 2018 3900; x_wconf 86' lang='lat' dir='ltr'><strong>plera-</strong></span> 
     </span>
    </p>
   </div>
   <div class='ocr_carea' id='block_1_62' title="bbox 435 3920 2013 3999">
    <p class='ocr_par' dir='ltr' id='par_1_62' title="bbox 435 3920 2013 3999">
     <span class='ocr_line' id='line_1_62' title="bbox 435 3920 2013 3999; baseline 0.003 -24"><span class='ocrx_word' id='word_1_447' title='bbox 435 3937 546 3999; x_wconf 85' lang='lat' dir='ltr'><strong>que</strong></span> <span class='ocrx_word' id='word_1_448' title='bbox 575 3928 630 3976; x_wconf 87' lang='lat' dir='ltr'><strong>et</strong></span> <span class='ocrx_word' id='word_1_449' title='bbox 659 3922 764 3976; x_wconf 87' lang='lat' dir='ltr'><strong>fide</strong></span> <span class='ocrx_word' id='word_1_450' title='bbox 790 3920 1016 3993; x_wconf 89' lang='lat' dir='ltr'><strong>indigna</strong></span> <span class='ocrx_word' id='word_1_451' title='bbox 1050 3921 1288 3988; x_wconf 85' lang='lat' dir='ltr'><strong>censuit,</strong></span> <span class='ocrx_word' id='word_1_452' title='bbox 1334 3923 1534 3994; x_wconf 90' lang='lat' dir='ltr'><strong>partim</strong></span> <span class='ocrx_word' id='word_1_453' title='bbox 1571 3923 1774 3979; x_wconf 85' lang='lat' dir='ltr'><strong>invidia</strong></span> <span class='ocrx_word' id='word_1_454' title='bbox 1811 3923 2013 3996; x_wconf 88' lang='lat' dir='ltr'><strong>partim</strong></span> 
     </span>
    </p>
   </div>
   <div class='ocr_carea' id='block_1_63' title="bbox 435 4010 2020 4086">
    <p class='ocr_par' dir='ltr' id='par_1_63' title="bbox 435 4010 2020 4086">
     <span class='ocr_line' id='line_1_63' title="bbox 435 4010 2020 4086; baseline 0.002 -17"><span class='ocrx_word' id='word_1_455' title='bbox 435 4010 636 4069; x_wconf 74' lang='lat' dir='ltr'><strong>fraude</strong></span> <span class='ocrx_word' id='word_1_456' title='bbox 667 4023 967 4083; x_wconf 86' lang='lat' dir='ltr'><strong>astutoque</strong></span> <span class='ocrx_word' id='word_1_457' title='bbox 1013 4014 1250 4072; x_wconf 87' lang='lat' dir='ltr'><strong>artificio</strong></span> <span class='ocrx_word' id='word_1_458' title='bbox 1282 4015 1515 4086; x_wconf 86' lang='lat' dir='ltr'><strong>confingi</strong></span> <span class='ocrx_word' id='word_1_459' title='bbox 1568 4031 1599 4072; x_wconf 92' lang='lat' dir='ltr'><strong>a</strong></span> <span class='ocrx_word' id='word_1_460' title='bbox 1631 4017 2020 4074; x_wconf 82' lang='lat' dir='ltr'><strong>Genuensibus</strong></span> 
     </span>
    </p>
   </div>
   <div class='ocr_carea' id='block_1_64' title="bbox 438 4106 2021 4178">
    <p class='ocr_par' dir='ltr' id='par_1_64' title="bbox 438 4106 2021 4178">
     <span class='ocr_line' id='line_1_64' title="bbox 438 4106 2021 4178; baseline 0.004 -18"><span class='ocrx_word' id='word_1_461' title='bbox 438 4107 570 4162; x_wconf 87' lang='lat' dir='ltr'><strong>talia</strong></span> <span class='ocrx_word' id='word_1_462' title='bbox 629 4115 980 4178; x_wconf 81' lang='lat' dir='ltr'><strong>suspectans.</strong></span> <span class='ocrx_word' id='word_1_463' title='bbox 1015 4106 1297 4165; x_wconf 65' lang='lat' dir='ltr'><strong>Praebebat</strong></span> <span class='ocrx_word' id='word_1_464' title='bbox 1352 4109 1401 4165; x_wconf 89' lang='lat' dir='ltr'><strong>ei</strong></span> <span class='ocrx_word' id='word_1_465' title='bbox 1469 4110 1884 4168; x_wconf 79' lang='lat' dir='ltr'><strong>fundamentum</strong></span> <span class='ocrx_word' id='word_1_466' title='bbox 1939 4111 2021 4168; x_wconf 88' lang='lat' dir='ltr'><strong>sic</strong></span> 
     </span>
    </p>
   </div>
   <div class='ocr_carea' id='block_1_65' title="bbox 438 4197 2020 4269">
    <p class='ocr_par' dir='ltr' id='par_1_65' title="bbox 438 4197 2020 4269">
     <span class='ocr_line' id='line_1_65' title="bbox 438 4197 2020 4269; baseline 0.004 -15"><span class='ocrx_word' id='word_1_467' title='bbox 438 4197 702 4269; x_wconf 85' lang='lat' dir='ltr'><strong>opinandi</strong></span> <span class='ocrx_word' id='word_1_468' title='bbox 751 4197 1030 4254; x_wconf 86' lang='lat' dir='ltr'><strong>declarata</strong></span> <span class='ocrx_word' id='word_1_469' title='bbox 1065 4198 1276 4255; x_wconf 88' lang='lat' dir='ltr'><strong>dudum</strong></span> <span class='ocrx_word' id='word_1_470' title='bbox 1313 4215 1501 4256; x_wconf 88' lang='lat' dir='ltr'><strong>eorum</strong></span> <span class='ocrx_word' id='word_1_471' title='bbox 1541 4201 1930 4258; x_wconf 87' lang='lat' dir='ltr'><strong>malevolentia</strong></span> <span class='ocrx_word' id='word_1_472' title='bbox 1964 4202 2020 4259; x_wconf 76' lang='lat' dir='ltr'><strong>iu</strong></span> 
     </span>
    </p>
   </div>
   <div class='ocr_carea' id='block_1_66' title="bbox 440 4292 2024 4366">
    <p class='ocr_par' dir='ltr' id='par_1_66' title="bbox 440 4292 2024 4366">
     <span class='ocr_line' id='line_1_66' title="bbox 440 4292 2024 4366; baseline 0.004 -20"><span class='ocrx_word' id='word_1_473' title='bbox 440 4307 699 4363; x_wconf 86' lang='lat' dir='ltr'><strong>magnum</strong></span> <span class='ocrx_word' id='word_1_474' title='bbox 733 4292 958 4358; x_wconf 87' lang='lat' dir='ltr'><strong>ducem,</strong></span> <span class='ocrx_word' id='word_1_475' title='bbox 990 4293 1104 4363; x_wconf 81' lang='lat' dir='ltr'><strong>jam</strong></span> <span class='ocrx_word' id='word_1_476' title='bbox 1146 4301 1260 4350; x_wconf 90' lang='lat' dir='ltr'><strong>tum</strong></span> <span class='ocrx_word' id='word_1_477' title='bbox 1290 4295 1516 4366; x_wconf 87' lang='lat' dir='ltr'><strong>quando</strong></span> <span class='ocrx_word' id='word_1_478' title='bbox 1541 4294 1719 4365; x_wconf 89' lang='lat' dir='ltr'><strong>ipsum</strong></span> <span class='ocrx_word' id='word_1_479' title='bbox 1751 4295 2024 4353; x_wconf 90' lang='lat' dir='ltr'><strong>Constan-</strong></span> 
     </span>
    </p>
   </div>
   <div class='ocr_carea' id='block_1_67' title="bbox 441 4383 2022 4453">
    <p class='ocr_par' dir='ltr' id='par_1_67' title="bbox 441 4383 2022 4453">
     <span class='ocr_line' id='line_1_67' title="bbox 441 4383 2022 4453; baseline 0.005 -20"><span class='ocrx_word' id='word_1_480' title='bbox 441 4384 672 4449; x_wconf 84' lang='lat' dir='ltr'><strong>tinopoli</strong></span> <span class='ocrx_word' id='word_1_481' title='bbox 729 4383 1104 4453; x_wconf 75' lang='lat' dir='ltr'><strong>egredientem</strong></span> <span class='ocrx_word' id='word_1_482' title='bbox 1161 4384 1278 4438; x_wconf 79' lang='lat' dir='ltr'><strong>rixa</strong></span> <span class='ocrx_word' id='word_1_483' title='bbox 1332 4393 1562 4438; x_wconf 87' lang='lat' dir='ltr'><strong>cruenta</strong></span> <span class='ocrx_word' id='word_1_484' title='bbox 1626 4393 1755 4439; x_wconf 88' lang='lat' dir='ltr'><strong>sunt</strong></span> <span class='ocrx_word' id='word_1_485' title='bbox 1814 4384 2022 4441; x_wconf 84' lang='lat' dir='ltr'><strong>adorti.</strong></span> 
     </span>
    </p>
   </div>
   <div class='ocr_carea' id='block_1_68' title="bbox 442 4471 2027 4531">
    <p class='ocr_par' dir='ltr' id='par_1_68' title="bbox 442 4471 2027 4531">
     <span class='ocr_line' id='line_1_68' title="bbox 442 4471 2027 4531; baseline 0.001 -5"><span class='ocrx_word' id='word_1_486' title='bbox 442 4471 596 4527; x_wconf 84' lang='lat' dir='ltr'><strong>flaud</strong></span> <span class='ocrx_word' id='word_1_487' title='bbox 627 4473 742 4529; x_wconf 90' lang='lat' dir='ltr'><strong>scio</strong></span> <span class='ocrx_word' id='word_1_488' title='bbox 773 4475 941 4528; x_wconf 90' lang='lat' dir='ltr'><strong>etiam</strong></span> <span class='ocrx_word' id='word_1_489' title='bbox 979 4490 1048 4529; x_wconf 90' lang='lat' dir='ltr'><strong>an</strong></span> <span class='ocrx_word' id='word_1_490' title='bbox 1081 4489 1189 4529; x_wconf 89' lang='lat' dir='ltr'><strong>non</strong></span> <span class='ocrx_word' id='word_1_491' title='bbox 1228 4476 1459 4529; x_wconf 89' lang='lat' dir='ltr'><strong>multum</strong></span> <span class='ocrx_word' id='word_1_492' title='bbox 1498 4473 1736 4530; x_wconf 86' lang='lat' dir='ltr'><strong>valuerit</strong></span> <span class='ocrx_word' id='word_1_493' title='bbox 1780 4475 1847 4531; x_wconf 88' lang='lat' dir='ltr'><strong>ad</strong></span> <span class='ocrx_word' id='word_1_494' title='bbox 1880 4476 2027 4531; x_wconf 86' lang='lat' dir='ltr'><strong>miti-</strong></span> 
     </span>
    </p>
   </div>
   <div class='ocr_carea' id='block_1_69' title="bbox 441 4563 2026 4636">
    <p class='ocr_par' dir='ltr' id='par_1_69' title="bbox 441 4563 2026 4636">
     <span class='ocr_line' id='line_1_69' title="bbox 441 4563 2026 4636; baseline 0.004 -20"><span class='ocrx_word' id='word_1_495' title='bbox 441 4563 682 4633; x_wconf 77' lang='lat' dir='ltr'><strong>gandum</strong></span> <span class='ocrx_word' id='word_1_496' title='bbox 741 4564 869 4619; x_wconf 89' lang='lat' dir='ltr'><strong>duci</strong></span> <span class='ocrx_word' id='word_1_497' title='bbox 917 4580 1116 4636; x_wconf 86' lang='lat' dir='ltr'><strong>magno</strong></span> <span class='ocrx_word' id='word_1_498' title='bbox 1162 4565 1514 4635; x_wconf 85' lang='lat' dir='ltr'><strong>imperatoris</strong></span> <span class='ocrx_word' id='word_1_499' title='bbox 1565 4566 1848 4630; x_wconf 90' lang='lat' dir='ltr'><strong>animum,</strong></span> <span class='ocrx_word' id='word_1_500' title='bbox 1903 4582 2026 4636; x_wconf 85' lang='lat' dir='ltr'><strong>pra-</strong></span> 
     </span>
    </p>
   </div>
   <div class='ocr_carea' id='block_1_70' title="bbox 441 4641 2098 4728">
    <p class='ocr_par' dir='ltr' id='par_1_70' title="bbox 441 4641 2098 4728">
     <span class='ocr_line' id='line_1_70' title="bbox 441 4641 2098 4728; baseline 0.005 -20"><span class='ocrx_word' id='word_1_501' title='bbox 441 4668 656 4727; x_wconf 85' lang='lat' dir='ltr'><strong>vasque</strong></span> <span class='ocrx_word' id='word_1_502' title='bbox 699 4656 769 4714; x_wconf 91' lang='lat' dir='ltr'><strong>de</strong></span> <span class='ocrx_word' id='word_1_503' title='bbox 822 4657 919 4713; x_wconf 89' lang='lat' dir='ltr'><strong>illo</strong></span> <span class='ocrx_word' id='word_1_504' title='bbox 961 4657 1310 4728; x_wconf 84' lang='lat' dir='ltr'><strong>suspiciones</strong></span> <span class='ocrx_word' id='word_1_505' title='bbox 1341 4657 1692 4723; x_wconf 79' lang='lat' dir='ltr'><strong>evertendas.</strong></span> <span class='ocrx_word' id='word_1_506' title='bbox 1732 4660 2023 4716; x_wconf 85' lang='lat' dir='ltr'><strong>conscien-</strong></span> <span class='ocrx_word' id='word_1_507' title='bbox 2053 4641 2098 4700; x_wconf 68' lang='grc' dir='ltr'><strong>θ</strong></span> 
     </span>
    </p>
   </div>
   <div class='ocr_carea' id='block_1_71' title="bbox 443 4749 2019 4821">
    <p class='ocr_par' dir='ltr' id='par_1_71' title="bbox 443 4749 2019 4821">
     <span class='ocr_line' id='line_1_71' title="bbox 443 4749 2019 4821; baseline 0.003 -18"><span class='ocrx_word' id='word_1_508' title='bbox 443 4752 520 4806; x_wconf 87' lang='lat' dir='ltr'><strong>tia</strong></span> <span class='ocrx_word' id='word_1_509' title='bbox 575 4758 684 4805; x_wconf 89' lang='lat' dir='ltr'><strong>tam</strong></span> <span class='ocrx_word' id='word_1_510' title='bbox 730 4757 864 4806; x_wconf 71' lang='lat' dir='ltr'><strong>artae</strong></span> <span class='ocrx_word' id='word_1_511' title='bbox 890 4749 1196 4815; x_wconf 74' lang='lat' dir='ltr'><strong>afﬁnitatis,</strong></span> <span class='ocrx_word' id='word_1_512' title='bbox 1245 4765 1351 4821; x_wconf 87' lang='lat' dir='ltr'><strong>qua</strong></span> <span class='ocrx_word' id='word_1_513' title='bbox 1378 4751 1481 4809; x_wconf 90' lang='lat' dir='ltr'><strong>sibi</strong></span> <span class='ocrx_word' id='word_1_514' title='bbox 1509 4767 1633 4807; x_wconf 91' lang='lat' dir='ltr'><strong>eum</strong></span> <span class='ocrx_word' id='word_1_515' title='bbox 1671 4752 2019 4819; x_wconf 87' lang='lat' dir='ltr'><strong>admoverat,</strong></span> 
     </span>
    </p>
   </div>
   <div class='ocr_carea' id='block_1_72' title="bbox 443 4841 2024 4910">
    <p class='ocr_par' dir='ltr' id='par_1_72' title="bbox 443 4841 2024 4910">
     <span class='ocr_line' id='line_1_72' title="bbox 443 4841 2024 4910; baseline 0.004 -14"><span class='ocrx_word' id='word_1_516' title='bbox 443 4851 500 4896; x_wconf 90' lang='lat' dir='ltr'><strong>et</strong></span> <span class='ocrx_word' id='word_1_517' title='bbox 539 4842 850 4896; x_wconf 79' lang='lat' dir='ltr'><strong>reverentia</strong></span> <span class='ocrx_word' id='word_1_518' title='bbox 897 4848 1088 4896; x_wconf 82' lang='lat' dir='ltr'><strong>sancto</strong></span> <span class='ocrx_word' id='word_1_519' title='bbox 1125 4841 1286 4910; x_wconf 83' lang='lat' dir='ltr'><strong>iurati</strong></span> <span class='ocrx_word' id='word_1_520' title='bbox 1331 4856 1455 4898; x_wconf 89' lang='lat' dir='ltr'><strong>cum</strong></span> <span class='ocrx_word' id='word_1_521' title='bbox 1484 4857 1550 4898; x_wconf 90' lang='lat' dir='ltr'><strong>eo</strong></span> <span class='ocrx_word' id='word_1_522' title='bbox 1588 4841 1679 4898; x_wconf 90' lang='lat' dir='ltr'><strong>tali</strong></span> <span class='ocrx_word' id='word_1_523' title='bbox 1728 4843 2024 4902; x_wconf 74' lang='lat' dir='ltr'><strong>occasione</strong></span> 
     </span>
    </p>
   </div>
   <div class='ocr_carea' id='block_1_73' title="bbox 450 4931 2026 5007">
    <p class='ocr_par' dir='ltr' id='par_1_73' title="bbox 450 4931 2026 5007">
     <span class='ocr_line' id='line_1_73' title="bbox 450 4931 2026 5007; baseline 0.002 -19"><span class='ocrx_word' id='word_1_524' title='bbox 450 4933 694 4989; x_wconf 77' lang='lat' dir='ltr'><strong>ftederis.</strong></span> <span class='ocrx_word' id='word_1_525' title='bbox 749 4931 847 4989; x_wconf 84' lang='lat' dir='ltr'><strong>His</strong></span> <span class='ocrx_word' id='word_1_526' title='bbox 900 4933 1231 4990; x_wconf 83' lang='lat' dir='ltr'><strong>crediderim</strong></span> <span class='ocrx_word' id='word_1_527' title='bbox 1279 4935 1534 5004; x_wconf 88' lang='lat' dir='ltr'><strong>equidem</strong></span> <span class='ocrx_word' id='word_1_528' title='bbox 1594 4935 1853 5007; x_wconf 88' lang='lat' dir='ltr'><strong>obseptas</strong></span> <span class='ocrx_word' id='word_1_529' title='bbox 1913 4937 2026 4992; x_wconf 82' lang='lat' dir='ltr'><strong>Au-</strong></span> 
     </span>
    </p>
   </div>
   <div class='ocr_carea' id='block_1_74' title="bbox 446 5025 2024 5100">
    <p class='ocr_par' dir='ltr' id='par_1_74' title="bbox 446 5025 2024 5100">
     <span class='ocr_line' id='line_1_74' title="bbox 446 5025 2024 5100; baseline 0.004 -22"><span class='ocrx_word' id='word_1_530' title='bbox 446 5026 593 5096; x_wconf 78' lang='lat' dir='ltr'><strong>gusti</strong></span> <span class='ocrx_word' id='word_1_531' title='bbox 627 5039 790 5080; x_wconf 86' lang='lat' dir='ltr'><strong>aures</strong></span> <span class='ocrx_word' id='word_1_532' title='bbox 823 5025 1128 5094; x_wconf 82' lang='lat' dir='ltr'><strong>quamlibet</strong></span> <span class='ocrx_word' id='word_1_533' title='bbox 1187 5026 1583 5082; x_wconf 87' lang='lat' dir='ltr'><strong>verisimilibus</strong></span> <span class='ocrx_word' id='word_1_534' title='bbox 1635 5028 1691 5083; x_wconf 87' lang='lat' dir='ltr'><strong>in</strong></span> <span class='ocrx_word' id='word_1_535' title='bbox 1729 5039 1837 5083; x_wconf 85' lang='lat' dir='ltr'><strong>tam</strong></span> <span class='ocrx_word' id='word_1_536' title='bbox 1884 5045 2024 5100; x_wconf 67' lang='lat' dir='ltr'><strong>prse-</strong></span> 
     </span>
    </p>
   </div>
   <div class='ocr_carea' id='block_1_75' title="bbox 444 5117 2029 5189">
    <p class='ocr_par' dir='ltr' id='par_1_75' title="bbox 444 5117 2029 5189">
     <span class='ocr_line' id='line_1_75' title="bbox 444 5117 2029 5189; baseline 0.004 -18"><span class='ocrx_word' id='word_1_537' title='bbox 444 5117 705 5189; x_wconf 73' lang='lat' dir='ltr'><strong>jndicatae</strong></span> <span class='ocrx_word' id='word_1_538' title='bbox 733 5119 919 5187; x_wconf 76' lang='lat' dir='ltr'><strong>gratiae</strong></span> <span class='ocrx_word' id='word_1_539' title='bbox 950 5121 1127 5173; x_wconf 88' lang='lat' dir='ltr'><strong>virum</strong></span> <span class='ocrx_word' id='word_1_540' title='bbox 1180 5118 1376 5174; x_wconf 85' lang='lat' dir='ltr'><strong>delatis</strong></span> <span class='ocrx_word' id='word_1_541' title='bbox 1421 5119 1752 5175; x_wconf 89' lang='lat' dir='ltr'><strong>criminibus</strong></span> <span class='ocrx_word' id='word_1_542' title='bbox 1800 5121 2029 5177; x_wconf 89' lang='lat' dir='ltr'><strong>minime</strong></span> 
     </span>
    </p>
   </div>
   <div class='ocr_carea' id='block_1_76' title="bbox 445 5210 2026 5281">
    <p class='ocr_par' dir='ltr' id='par_1_76' title="bbox 445 5210 2026 5281">
     <span class='ocr_line' id='line_1_76' title="bbox 445 5210 2026 5281; baseline 0.004 -17"><span class='ocrx_word' id='word_1_543' title='bbox 445 5211 718 5281; x_wconf 87' lang='lat' dir='ltr'><strong>patuisse.</strong></span> <span class='ocrx_word' id='word_1_544' title='bbox 745 5210 1136 5266; x_wconf 86' lang='lat' dir='ltr'><strong>Genuensihus</strong></span> <span class='ocrx_word' id='word_1_545' title='bbox 1172 5223 1357 5266; x_wconf 86' lang='lat' dir='ltr'><strong>tamen</strong></span> <span class='ocrx_word' id='word_1_546' title='bbox 1393 5212 1536 5266; x_wconf 89' lang='lat' dir='ltr'><strong>idem</strong></span> <span class='ocrx_word' id='word_1_547' title='bbox 1579 5213 1872 5270; x_wconf 56' lang='lat' dir='ltr'><strong>declarata!</strong></span> <span class='ocrx_word' id='word_1_548' title='bbox 1903 5215 2026 5270; x_wconf 89' lang='lat' dir='ltr'><strong>fidei</strong></span> 
     </span>
    </p>
   </div>
   <div class='ocr_carea' id='block_1_77' title="bbox 449 5303 2022 5363">
    <p class='ocr_par' dir='ltr' id='par_1_77' title="bbox 449 5303 2022 5363">
     <span class='ocr_line' id='line_1_77' title="bbox 449 5303 2022 5363; baseline 0.004 -7"><span class='ocrx_word' id='word_1_549' title='bbox 449 5320 515 5358; x_wconf 88' lang='lat' dir='ltr'><strong>ac</strong></span> <span class='ocrx_word' id='word_1_550' title='bbox 551 5303 949 5360; x_wconf 60' lang='lat' dir='ltr'><strong>benevolentia:</strong></span> <span class='ocrx_word' id='word_1_551' title='bbox 1007 5303 1061 5358; x_wconf 90' lang='lat' dir='ltr'><strong>in</strong></span> <span class='ocrx_word' id='word_1_552' title='bbox 1120 5314 1228 5358; x_wconf 89' lang='lat' dir='ltr'><strong>tam</strong></span> <span class='ocrx_word' id='word_1_553' title='bbox 1280 5304 1523 5361; x_wconf 75' lang='lat' dir='ltr'><strong>ofﬁciose</strong></span> <span class='ocrx_word' id='word_1_554' title='bbox 1568 5306 1910 5362; x_wconf 87' lang='lat' dir='ltr'><strong>consulendo</strong></span> <span class='ocrx_word' id='word_1_555' title='bbox 1947 5309 2022 5363; x_wconf 88' lang='lat' dir='ltr'><strong>rei</strong></span> 
     </span>
    </p>
   </div>
   <div class='ocr_carea' id='block_1_78' title="bbox 451 5395 2028 5467">
    <p class='ocr_par' dir='ltr' id='par_1_78' title="bbox 451 5395 2028 5467">
     <span class='ocr_line' id='line_1_78' title="bbox 451 5395 2028 5467; baseline 0.004 -16"><span class='ocrx_word' id='word_1_556' title='bbox 451 5395 715 5453; x_wconf 64' lang='lat' dir='ltr'><strong>Romanae</strong></span> <span class='ocrx_word' id='word_1_557' title='bbox 747 5397 953 5467; x_wconf 77' lang='lat' dir='ltr'><strong>gratias</strong></span> <span class='ocrx_word' id='word_1_558' title='bbox 987 5399 1094 5467; x_wconf 72' lang='lat' dir='ltr'><strong>rgit</strong></span> <span class='ocrx_word' id='word_1_559' title='bbox 1126 5399 1417 5462; x_wconf 74' lang='lat' dir='ltr'><strong>maximas.</strong></span> <span class='ocrx_word' id='word_1_560' title='bbox 1450 5401 1702 5456; x_wconf 85' lang='lat' dir='ltr'><strong>hortatus</strong></span> <span class='ocrx_word' id='word_1_561' title='bbox 1735 5401 1801 5457; x_wconf 91' lang='lat' dir='ltr'><strong>de</strong></span> <span class='ocrx_word' id='word_1_562' title='bbox 1831 5413 2028 5457; x_wconf 75' lang='lat' dir='ltr'><strong>etetero</strong></span> 
     </span>
    </p>
   </div>
   <div class='ocr_carea' id='block_1_79' title="bbox 453 5491 2025 5558">
    <p class='ocr_par' dir='ltr' id='par_1_79' title="bbox 453 5491 2025 5558">
     <span class='ocr_line' id='line_1_79' title="bbox 453 5491 2025 5558; baseline 0.003 -13"><span class='ocrx_word' id='word_1_563' title='bbox 453 5501 513 5546; x_wconf 90' lang='lat' dir='ltr'><strong>ut</strong></span> <span class='ocrx_word' id='word_1_564' title='bbox 565 5491 619 5545; x_wconf 86' lang='lat' dir='ltr'><strong>in</strong></span> <span class='ocrx_word' id='word_1_565' title='bbox 651 5506 854 5544; x_wconf 88' lang='lat' dir='ltr'><strong>arcano</strong></span> <span class='ocrx_word' id='word_1_566' title='bbox 895 5507 1015 5558; x_wconf 66' lang='lat' dir='ltr'><strong>qua:</strong></span> <span class='ocrx_word' id='word_1_567' title='bbox 1048 5492 1425 5547; x_wconf 82' lang='lat' dir='ltr'><strong>indicaverant</strong></span> <span class='ocrx_word' id='word_1_568' title='bbox 1461 5493 1678 5550; x_wconf 88' lang='lat' dir='ltr'><strong>interim</strong></span> <span class='ocrx_word' id='word_1_569' title='bbox 1713 5495 1979 5550; x_wconf 86' lang='lat' dir='ltr'><strong>haberent</strong></span> <span class='ocrx_word' id='word_1_570' title='bbox 2010 5511 2025 5550; x_wconf 90' lang='lat'><strong>:</strong></span> 
     </span>
    </p>
   </div>
   <div class='ocr_carea' id='block_1_80' title="bbox 457 5585 2026 5659">
    <p class='ocr_par' dir='ltr' id='par_1_80' title="bbox 457 5585 2026 5659">
     <span class='ocr_line' id='line_1_80' title="bbox 457 5585 2026 5659; baseline 0.002 -19"><span class='ocrx_word' id='word_1_571' title='bbox 457 5601 518 5640; x_wconf 83' lang='lat' dir='ltr'><strong>se</strong></span> <span class='ocrx_word' id='word_1_572' title='bbox 545 5586 695 5639; x_wconf 91' lang='lat' dir='ltr'><strong>enim</strong></span> <span class='ocrx_word' id='word_1_573' title='bbox 725 5585 1004 5654; x_wconf 87' lang='lat' dir='ltr'><strong>impertita</strong></span> <span class='ocrx_word' id='word_1_574' title='bbox 1040 5587 1234 5639; x_wconf 76' lang='lat' dir='ltr'><strong>notitia</strong></span> <span class='ocrx_word' id='word_1_575' title='bbox 1268 5602 1495 5642; x_wconf 87' lang='lat' dir='ltr'><strong>usurum</strong></span> <span class='ocrx_word' id='word_1_576' title='bbox 1528 5589 1668 5644; x_wconf 75' lang='lat' dir='ltr'><strong>haud</strong></span> <span class='ocrx_word' id='word_1_577' title='bbox 1701 5591 1941 5659; x_wconf 76' lang='lat' dir='ltr'><strong>segniter</strong></span> <span class='ocrx_word' id='word_1_578' title='bbox 1973 5590 2026 5643; x_wconf 92' lang='lat' dir='ltr'><strong>in</strong></span> 
     </span>
    </p>
   </div>
   <div class='ocr_carea' id='block_1_81' title="bbox 456 5678 2029 5755">
    <p class='ocr_par' dir='ltr' id='par_1_81' title="bbox 456 5678 2029 5755">
     <span class='ocr_line' id='line_1_81' title="bbox 456 5678 2029 5755; baseline 0.002 -21"><span class='ocrx_word' id='word_1_579' title='bbox 456 5685 778 5750; x_wconf 65' lang='lat' dir='ltr'><strong>pastorum,</strong></span> <span class='ocrx_word' id='word_1_580' title='bbox 842 5678 1176 5747; x_wconf 83' lang='lat' dir='ltr'><strong>invigilantio</strong></span> <span class='ocrx_word' id='word_1_581' title='bbox 1245 5691 1400 5749; x_wconf 89' lang='lat' dir='ltr'><strong>prout</strong></span> <span class='ocrx_word' id='word_1_582' title='bbox 1484 5698 1574 5755; x_wconf 78' lang='lat' dir='ltr'><strong>par</strong></span> <span class='ocrx_word' id='word_1_583' title='bbox 1649 5693 1793 5738; x_wconf 81' lang='lat' dir='ltr'><strong>esset</strong></span> <span class='ocrx_word' id='word_1_584' title='bbox 1867 5683 2029 5738; x_wconf 84' lang='lat' dir='ltr'><strong>saluti</strong></span> 
     </span>
    </p>
   </div>
   <div class='ocr_carea' id='block_1_82' title="bbox 455 5773 2029 5850">
    <p class='ocr_par' dir='ltr' id='par_1_82' title="bbox 455 5773 2029 5850">
     <span class='ocr_line' id='line_1_82' title="bbox 455 5773 2029 5850; baseline 0.003 -24"><span class='ocrx_word' id='word_1_585' title='bbox 455 5773 720 5841; x_wconf 62' lang='lat' dir='ltr'><strong>publica,</strong></span> <span class='ocrx_word' id='word_1_586' title='bbox 799 5785 848 5827; x_wconf 88' lang='lat' dir='ltr'><strong>et</strong></span> <span class='ocrx_word' id='word_1_587' title='bbox 923 5790 1044 5843; x_wconf 70' lang='lat' dir='ltr'><strong>quae</strong></span> <span class='ocrx_word' id='word_1_588' title='bbox 1145 5775 1249 5829; x_wconf 85' lang='lat' dir='ltr'><strong>huc</strong></span> <span class='ocrx_word' id='word_1_589' title='bbox 1331 5776 1700 5832; x_wconf 69' lang='lat' dir='ltr'><strong>conducere-nt</strong></span> <span class='ocrx_word' id='word_1_590' title='bbox 1802 5779 2029 5850; x_wconf 77' lang='lat' dir='ltr'><strong>impigre</strong></span> 
     </span>
    </p>
   </div>
   <div class='ocr_carea' id='block_1_83' title="bbox 443 5866 693 5926">
    <p class='ocr_par' dir='ltr' id='par_1_83' title="bbox 443 5866 693 5926">
     <span class='ocr_line' id='line_1_83' title="bbox 443 5866 693 5926; baseline 0.016 -10"><span class='ocrx_word' id='word_1_591' title='bbox 443 5866 693 5926; x_wconf 66' lang='lat' dir='ltr'><strong>.aqendo.</strong></span> 
     </span>
    </p>
   </div>
   <div class='ocr_carea' id='block_1_84' title="bbox 2120 3359 3704 3430">
    <p class='ocr_par' dir='ltr' id='par_1_84' title="bbox 2120 3359 3704 3430">
     <span class='ocr_line' id='line_1_84' title="bbox 2120 3359 3704 3430; baseline -0.004 -11"><span class='ocrx_word' id='word_1_592' title='bbox 2120 3371 2376 3419; x_wconf 89' lang='lat' dir='ltr'><strong>caturum</strong></span> <span class='ocrx_word' id='word_1_593' title='bbox 2439 3362 2764 3417; x_wconf 84' lang='lat' dir='ltr'><strong>Latinorum</strong></span> <span class='ocrx_word' id='word_1_594' title='bbox 2823 3375 3073 3414; x_wconf 90' lang='lat' dir='ltr'><strong>murmur</strong></span> <span class='ocrx_word' id='word_1_595' title='bbox 3101 3371 3157 3413; x_wconf 91' lang='lat' dir='ltr'><strong>et</strong></span> <span class='ocrx_word' id='word_1_596' title='bbox 3201 3359 3398 3412; x_wconf 90' lang='lat' dir='ltr'><strong>horum</strong></span> <span class='ocrx_word' id='word_1_597' title='bbox 3450 3360 3501 3414; x_wconf 91' lang='lat' dir='ltr'><strong>ei</strong></span> <span class='ocrx_word' id='word_1_598' title='bbox 3545 3361 3704 3430; x_wconf 85' lang='lat' dir='ltr'><strong>plene</strong></span> 
     </span>
    </p>
   </div>
   <div class='ocr_carea' id='block_1_85' title="bbox 2121 3450 3702 3521">
    <p class='ocr_par' dir='ltr' id='par_1_85' title="bbox 2121 3450 3702 3521">
     <span class='ocr_line' id='line_1_85' title="bbox 2121 3450 3702 3521; baseline -0.006 -7"><span class='ocrx_word' id='word_1_599' title='bbox 2121 3455 2605 3514; x_wconf 84' lang='lat' dir='ltr'><strong>reconciliaturum</strong></span> <span class='ocrx_word' id='word_1_600' title='bbox 2659 3454 2994 3510; x_wconf 81' lang='lat' dir='ltr'><strong>voluntates.</strong></span> <span class='ocrx_word' id='word_1_601' title='bbox 3061 3450 3342 3506; x_wconf 85' lang='lat' dir='ltr'><strong>Nuntiavit</strong></span> <span class='ocrx_word' id='word_1_602' title='bbox 3382 3453 3553 3507; x_wconf 86' lang='lat' dir='ltr'><strong>etiam</strong></span> <span class='ocrx_word' id='word_1_603' title='bbox 3591 3451 3702 3521; x_wconf 80' lang='lat' dir='ltr'><strong>jam</strong></span> 
     </span>
    </p>
   </div>
   <div class='ocr_carea' id='block_1_86' title="bbox 2120 3545 3706 3623">
    <p class='ocr_par' dir='ltr' id='par_1_86' title="bbox 2120 3545 3706 3623">
     <span class='ocr_line' id='line_1_86' title="bbox 2120 3545 3706 3623; baseline -0.004 -15"><span class='ocrx_word' id='word_1_604' title='bbox 2120 3551 2390 3623; x_wconf 84' lang='lat' dir='ltr'><strong>quosdam</strong></span> <span class='ocrx_word' id='word_1_605' title='bbox 2421 3566 2498 3606; x_wconf 78' lang='lat' dir='ltr'><strong>ex.</strong></span> <span class='ocrx_word' id='word_1_606' title='bbox 2525 3549 2612 3614; x_wconf 89' lang='lat' dir='ltr'><strong>iis,</strong></span> <span class='ocrx_word' id='word_1_607' title='bbox 2648 3561 2808 3620; x_wconf 89' lang='lat' dir='ltr'><strong>prout</strong></span> <span class='ocrx_word' id='word_1_608' title='bbox 2858 3547 3166 3618; x_wconf 81' lang='lat' dir='ltr'><strong>imperator</strong></span> <span class='ocrx_word' id='word_1_609' title='bbox 3209 3561 3268 3601; x_wconf 88' lang='lat' dir='ltr'><strong>se</strong></span> <span class='ocrx_word' id='word_1_610' title='bbox 3303 3545 3442 3601; x_wconf 86' lang='lat' dir='ltr'><strong>velle</strong></span> <span class='ocrx_word' id='word_1_611' title='bbox 3490 3545 3706 3617; x_wconf 77' lang='lat' dir='ltr'><strong>signiti-</strong></span> 
     </span>
    </p>
   </div>
   <div class='ocr_carea' id='block_1_87' title="bbox 2123 3641 3708 3711">
    <p class='ocr_par' dir='ltr' id='par_1_87' title="bbox 2123 3641 3708 3711">
     <span class='ocr_line' id='line_1_87' title="bbox 2123 3641 3708 3711; baseline -0.003 -10"><span class='ocrx_word' id='word_1_612' title='bbox 2123 3655 2346 3711; x_wconf 79' lang='lat' dir='ltr'><strong>easset,</strong></span> <span class='ocrx_word' id='word_1_613' title='bbox 2402 3659 2434 3700; x_wconf 90' lang='lat' dir='ltr'><strong>a</strong></span> <span class='ocrx_word' id='word_1_614' title='bbox 2477 3658 2537 3700; x_wconf 88' lang='lat' dir='ltr'><strong>se</strong></span> <span class='ocrx_word' id='word_1_615' title='bbox 2593 3641 2855 3699; x_wconf 86' lang='lat' dir='ltr'><strong>mercede</strong></span> <span class='ocrx_word' id='word_1_616' title='bbox 2898 3643 3203 3698; x_wconf 70' lang='lat' dir='ltr'><strong>instrictos</strong></span> <span class='ocrx_word' id='word_1_617' title='bbox 3258 3641 3455 3697; x_wconf 84' lang='lat' dir='ltr'><strong>idonea</strong></span> <span class='ocrx_word' id='word_1_618' title='bbox 3511 3654 3708 3696; x_wconf 85' lang='lat' dir='ltr'><strong>versus</strong></span> 
     </span>
    </p>
   </div>
   <div class='ocr_carea' id='block_1_88' title="bbox 2123 3734 3708 3810">
    <p class='ocr_par' dir='ltr' id='par_1_88' title="bbox 2123 3734 3708 3810">
     <span class='ocr_line' id='line_1_88' title="bbox 2123 3734 3708 3810; baseline -0.003 -16"><span class='ocrx_word' id='word_1_619' title='bbox 2123 3738 2471 3810; x_wconf 85' lang='lat' dir='ltr'><strong>imperatoris</strong></span> <span class='ocrx_word' id='word_1_620' title='bbox 2515 3736 2800 3793; x_wconf 75' lang='lat' dir='ltr'><strong>Michaelis</strong></span> <span class='ocrx_word' id='word_1_621' title='bbox 2845 3744 3053 3802; x_wconf 83' lang='lat' dir='ltr'><strong>castra,</strong></span> <span class='ocrx_word' id='word_1_622' title='bbox 3083 3736 3204 3805; x_wconf 81' lang='lat' dir='ltr'><strong>ejus</strong></span> <span class='ocrx_word' id='word_1_623' title='bbox 3248 3735 3518 3806; x_wconf 85' lang='lat' dir='ltr'><strong>auspiciis</strong></span> <span class='ocrx_word' id='word_1_624' title='bbox 3565 3734 3708 3789; x_wconf 65' lang='lat' dir='ltr'><strong>milio</strong></span> 
     </span>
    </p>
   </div>
   <div class='ocr_carea' id='block_1_89' title="bbox 2125 3829 3705 3903">
    <p class='ocr_par' dir='ltr' id='par_1_89' title="bbox 2125 3829 3705 3903">
     <span class='ocr_line' id='line_1_89' title="bbox 2125 3829 3705 3903; baseline -0.003 -15"><span class='ocrx_word' id='word_1_625' title='bbox 2125 3842 2355 3898; x_wconf 80' lang='lat' dir='ltr'><strong>taturos,</strong></span> <span class='ocrx_word' id='word_1_626' title='bbox 2394 3831 2501 3888; x_wconf 88' lang='lat' dir='ltr'><strong>iter</strong></span> <span class='ocrx_word' id='word_1_627' title='bbox 2527 3830 2854 3903; x_wconf 86' lang='lat' dir='ltr'><strong>arripuisse.</strong></span> <span class='ocrx_word' id='word_1_628' title='bbox 2891 3831 2963 3887; x_wconf 88' lang='lat' dir='ltr'><strong>Se</strong></span> <span class='ocrx_word' id='word_1_629' title='bbox 2994 3845 3124 3886; x_wconf 88' lang='lat' dir='ltr'><strong>vero</strong></span> <span class='ocrx_word' id='word_1_630' title='bbox 3151 3839 3404 3901; x_wconf 86' lang='lat' dir='ltr'><strong>paratum</strong></span> <span class='ocrx_word' id='word_1_631' title='bbox 3437 3829 3705 3894; x_wconf 87' lang='lat' dir='ltr'><strong>ostendit,</strong></span> 
     </span>
    </p>
   </div>
   <div class='ocr_carea' id='block_1_90' title="bbox 2124 3922 3713 3997">
    <p class='ocr_par' dir='ltr' id='par_1_90' title="bbox 2124 3922 3713 3997">
     <span class='ocr_line' id='line_1_90' title="bbox 2124 3922 3713 3997; baseline -0.001 -19"><span class='ocrx_word' id='word_1_632' title='bbox 2124 3924 2267 3997; x_wconf 86' lang='lat' dir='ltr'><strong>quod</strong></span> <span class='ocrx_word' id='word_1_633' title='bbox 2306 3925 2358 3981; x_wconf 92' lang='lat' dir='ltr'><strong>id</strong></span> <span class='ocrx_word' id='word_1_634' title='bbox 2389 3926 2556 3980; x_wconf 87' lang='lat' dir='ltr'><strong>etiam</strong></span> <span class='ocrx_word' id='word_1_635' title='bbox 2591 3923 2696 3980; x_wconf 88' lang='lat' dir='ltr'><strong>sibi</strong></span> <span class='ocrx_word' id='word_1_636' title='bbox 2748 3938 2874 3980; x_wconf 84' lang='lat' dir='ltr'><strong>esse</strong></span> <span class='ocrx_word' id='word_1_637' title='bbox 2929 3923 3084 3980; x_wconf 89' lang='lat' dir='ltr'><strong>cordi</strong></span> <span class='ocrx_word' id='word_1_638' title='bbox 3130 3922 3476 3978; x_wconf 85' lang='lat' dir='ltr'><strong>declarasset</strong></span> <span class='ocrx_word' id='word_1_639' title='bbox 3523 3922 3713 3991; x_wconf 81' lang='lat' dir='ltr'><strong>Augu-</strong></span> 
     </span>
    </p>
   </div>
   <div class='ocr_carea' id='block_1_91' title="bbox 2125 4014 3712 4088">
    <p class='ocr_par' dir='ltr' id='par_1_91' title="bbox 2125 4014 3712 4088">
     <span class='ocr_line' id='line_1_91' title="bbox 2125 4014 3712 4088; baseline -0.006 -13"><span class='ocrx_word' id='word_1_640' title='bbox 2125 4025 2264 4083; x_wconf 87' lang='lat' dir='ltr'><strong>stus,</strong></span> <span class='ocrx_word' id='word_1_641' title='bbox 2321 4032 2447 4073; x_wconf 83' lang='lat' dir='ltr'><strong>cum</strong></span> <span class='ocrx_word' id='word_1_642' title='bbox 2507 4016 2737 4088; x_wconf 88' lang='lat' dir='ltr'><strong>reliquis</strong></span> <span class='ocrx_word' id='word_1_643' title='bbox 2793 4017 2847 4072; x_wconf 92' lang='lat' dir='ltr'><strong>in</strong></span> <span class='ocrx_word' id='word_1_644' title='bbox 2885 4014 3224 4072; x_wconf 75' lang='lat' dir='ltr'><strong>Orientalem</strong></span> <span class='ocrx_word' id='word_1_645' title='bbox 3281 4015 3468 4070; x_wconf 88' lang='lat' dir='ltr'><strong>redire</strong></span> <span class='ocrx_word' id='word_1_646' title='bbox 3527 4014 3712 4070; x_wconf 84' lang='lat' dir='ltr'><strong>conti-</strong></span> 
     </span>
    </p>
   </div>
   <div class='ocr_carea' id='block_1_92' title="bbox 2127 4107 3712 4187">
    <p class='ocr_par' dir='ltr' id='par_1_92' title="bbox 2127 4107 3712 4187">
     <span class='ocr_line' id='line_1_92' title="bbox 2127 4107 3712 4187; baseline -0.003 -21"><span class='ocrx_word' id='word_1_647' title='bbox 2127 4120 2375 4166; x_wconf 87' lang='lat' dir='ltr'><strong>nentem.</strong></span> <span class='ocrx_word' id='word_1_648' title='bbox 2422 4108 2814 4180; x_wconf 70' lang='lat' dir='ltr'><strong>Mpyrigerium</strong></span> <span class='ocrx_word' id='word_1_649' title='bbox 2868 4107 3135 4163; x_wconf 82' lang='lat' dir='ltr'><strong>Tentzam</strong></span> <span class='ocrx_word' id='word_1_650' title='bbox 3199 4108 3346 4187; x_wconf 87' lang='lat' dir='ltr'><strong>quod</strong></span> <span class='ocrx_word' id='word_1_651' title='bbox 3409 4110 3712 4173; x_wconf 83' lang='lat' dir='ltr'><strong>attineret,</strong></span> 
     </span>
    </p>
   </div>
   <div class='ocr_carea' id='block_1_93' title="bbox 2129 4202 3718 4260">
    <p class='ocr_par' dir='ltr' id='par_1_93' title="bbox 2129 4202 3718 4260">
     <span class='ocr_line' id='line_1_93' title="bbox 2129 4202 3718 4260; baseline -0.001 -1"><span class='ocrx_word' id='word_1_652' title='bbox 2129 4220 2236 4260; x_wconf 92' lang='lat' dir='ltr'><strong>non</strong></span> <span class='ocrx_word' id='word_1_653' title='bbox 2268 4202 2442 4258; x_wconf 85' lang='lat' dir='ltr'><strong>videri</strong></span> <span class='ocrx_word' id='word_1_654' title='bbox 2477 4202 2933 4259; x_wconf 85' lang='lat' dir='ltr'><strong>committendum</strong></span> <span class='ocrx_word' id='word_1_655' title='bbox 2973 4213 3032 4258; x_wconf 94' lang='lat' dir='ltr'><strong>ut</strong></span> <span class='ocrx_word' id='word_1_656' title='bbox 3076 4202 3160 4258; x_wconf 84' lang='lat' dir='ltr'><strong>vir</strong></span> <span class='ocrx_word' id='word_1_657' title='bbox 3194 4213 3378 4260; x_wconf 88' lang='lat' dir='ltr'><strong>tantus</strong></span> <span class='ocrx_word' id='word_1_658' title='bbox 3430 4212 3542 4258; x_wconf 84' lang='lat' dir='ltr'><strong>tam</strong></span> <span class='ocrx_word' id='word_1_659' title='bbox 3599 4217 3718 4257; x_wconf 84' lang='lat' dir='ltr'><strong>ma-</strong></span> 
     </span>
    </p>
   </div>
   <div class='ocr_carea' id='block_1_94' title="bbox 2129 4296 3718 4372">
    <p class='ocr_par' dir='ltr' id='par_1_94' title="bbox 2129 4296 3718 4372">
     <span class='ocr_line' id='line_1_94' title="bbox 2129 4296 3718 4372; baseline 0 -18"><span class='ocrx_word' id='word_1_660' title='bbox 2129 4299 2252 4372; x_wconf 87' lang='lat' dir='ltr'><strong>gnis</strong></span> <span class='ocrx_word' id='word_1_661' title='bbox 2283 4298 2549 4368; x_wconf 88' lang='lat' dir='ltr'><strong>sppulsus</strong></span> <span class='ocrx_word' id='word_1_662' title='bbox 2584 4297 2785 4368; x_wconf 87' lang='lat' dir='ltr'><strong>spebus</strong></span> <span class='ocrx_word' id='word_1_663' title='bbox 2821 4297 3012 4352; x_wconf 90' lang='lat' dir='ltr'><strong>irritus</strong></span> <span class='ocrx_word' id='word_1_664' title='bbox 3064 4298 3469 4354; x_wconf 81' lang='lat' dir='ltr'><strong>remitteretur.</strong></span> <span class='ocrx_word' id='word_1_665' title='bbox 3511 4296 3718 4354; x_wconf 80' lang='lat' dir='ltr'><strong>Videre</strong></span> 
     </span>
    </p>
   </div>
   <div class='ocr_carea' id='block_1_95' title="bbox 2129 4389 3717 4463">
    <p class='ocr_par' dir='ltr' id='par_1_95' title="bbox 2129 4389 3717 4463">
     <span class='ocr_line' id='line_1_95' title="bbox 2129 4389 3717 4463; baseline -0.003 -17"><span class='ocrx_word' id='word_1_666' title='bbox 2129 4390 2326 4446; x_wconf 87' lang='lat' dir='ltr'><strong>saltem</strong></span> <span class='ocrx_word' id='word_1_667' title='bbox 2379 4389 2686 4446; x_wconf 88' lang='lat' dir='ltr'><strong>sustineret</strong></span> <span class='ocrx_word' id='word_1_668' title='bbox 2765 4390 3045 4445; x_wconf 88' lang='lat' dir='ltr'><strong>hominem</strong></span> <span class='ocrx_word' id='word_1_669' title='bbox 3112 4392 3395 4463; x_wconf 82' lang='lat' dir='ltr'><strong>Augustus</strong></span> <span class='ocrx_word' id='word_1_670' title='bbox 3457 4400 3717 4461; x_wconf 85' lang='lat' dir='ltr'><strong>paratum</strong></span> 
     </span>
    </p>
   </div>
   <div class='ocr_carea' id='block_1_96' title="bbox 2132 4482 3721 4555">
    <p class='ocr_par' dir='ltr' id='par_1_96' title="bbox 2132 4482 3721 4555">
     <span class='ocr_line' id='line_1_96' title="bbox 2132 4482 3721 4555; baseline -0.002 -15"><span class='ocrx_word' id='word_1_671' title='bbox 2132 4485 2254 4555; x_wconf 85' lang='lat' dir='ltr'><strong>ejus</strong></span> <span class='ocrx_word' id='word_1_672' title='bbox 2287 4482 2563 4554; x_wconf 74' lang='lat' dir='ltr'><strong>maiestati</strong></span> <span class='ocrx_word' id='word_1_673' title='bbox 2620 4497 2680 4537; x_wconf 91' lang='lat' dir='ltr'><strong>se</strong></span> <span class='ocrx_word' id='word_1_674' title='bbox 2730 4483 2950 4548; x_wconf 81' lang='lat' dir='ltr'><strong>sistere,</strong></span> <span class='ocrx_word' id='word_1_675' title='bbox 2987 4484 3032 4539; x_wconf 90' lang='lat' dir='ltr'><strong>si</strong></span> <span class='ocrx_word' id='word_1_676' title='bbox 3088 4484 3374 4554; x_wconf 64' lang='lat' dir='ltr'><strong>pramissa</strong></span> <span class='ocrx_word' id='word_1_677' title='bbox 3409 4483 3721 4540; x_wconf 84' lang='lat' dir='ltr'><strong>securitate</strong></span> 
     </span>
    </p>
   </div>
   <div class='ocr_carea' id='block_1_97' title="bbox 2133 4575 3720 4636">
    <p class='ocr_par' dir='ltr' id='par_1_97' title="bbox 2133 4575 3720 4636">
     <span class='ocr_line' id='line_1_97' title="bbox 2133 4575 3720 4636; baseline -0.001 -4"><span class='ocrx_word' id='word_1_678' title='bbox 2133 4579 2202 4633; x_wconf 90' lang='lat' dir='ltr'><strong>ad</strong></span> <span class='ocrx_word' id='word_1_679' title='bbox 2262 4576 2315 4632; x_wconf 91' lang='lat' dir='ltr'><strong>id</strong></span> <span class='ocrx_word' id='word_1_680' title='bbox 2349 4576 2544 4632; x_wconf 80' lang='lat' dir='ltr'><strong>idonea</strong></span> <span class='ocrx_word' id='word_1_681' title='bbox 2579 4588 2824 4636; x_wconf 86' lang='lat' dir='ltr'><strong>vocetur.</strong></span> <span class='ocrx_word' id='word_1_682' title='bbox 2879 4576 2983 4631; x_wconf 91' lang='lat' dir='ltr'><strong>hoc</strong></span> <span class='ocrx_word' id='word_1_683' title='bbox 3030 4586 3112 4632; x_wconf 86' lang='lat' dir='ltr'><strong>est</strong></span> <span class='ocrx_word' id='word_1_684' title='bbox 3159 4576 3206 4631; x_wconf 87' lang='lat' dir='ltr'><strong>si</strong></span> <span class='ocrx_word' id='word_1_685' title='bbox 3239 4575 3365 4630; x_wconf 89' lang='lat' dir='ltr'><strong>dato</strong></span> <span class='ocrx_word' id='word_1_686' title='bbox 3407 4577 3463 4630; x_wconf 93' lang='lat' dir='ltr'><strong>in</strong></span> <span class='ocrx_word' id='word_1_687' title='bbox 3509 4590 3720 4631; x_wconf 87' lang='lat' dir='ltr'><strong>manus</strong></span> 
     </span>
    </p>
   </div>
   <div class='ocr_carea' id='block_1_98' title="bbox 2129 4667 3720 4742">
    <p class='ocr_par' dir='ltr' id='par_1_98' title="bbox 2129 4667 3720 4742">
     <span class='ocr_line' id='line_1_98' title="bbox 2129 4667 3720 4742; baseline -0.002 -17"><span class='ocrx_word' id='word_1_688' title='bbox 2129 4668 2231 4742; x_wconf 86' lang='lat' dir='ltr'><strong>ipsi</strong></span> <span class='ocrx_word' id='word_1_689' title='bbox 2289 4668 2588 4739; x_wconf 88' lang='lat' dir='ltr'><strong>diplomate</strong></span> <span class='ocrx_word' id='word_1_690' title='bbox 2639 4669 2994 4739; x_wconf 83' lang='lat' dir='ltr'><strong>imperatoris</strong></span> <span class='ocrx_word' id='word_1_691' title='bbox 3054 4683 3221 4724; x_wconf 89' lang='lat' dir='ltr'><strong>aurea</strong></span> <span class='ocrx_word' id='word_1_692' title='bbox 3257 4669 3503 4725; x_wconf 71' lang='lat' dir='ltr'><strong>fmunito</strong></span> <span class='ocrx_word' id='word_1_693' title='bbox 3565 4667 3720 4726; x_wconf 82' lang='lat' dir='ltr'><strong>bulla</strong></span> 
     </span>
    </p>
   </div>
   <div class='ocr_carea' id='block_1_99' title="bbox 2129 4759 3721 4834">
    <p class='ocr_par' dir='ltr' id='par_1_99' title="bbox 2129 4759 3721 4834">
     <span class='ocr_line' id='line_1_99' title="bbox 2129 4759 3721 4834; baseline 0.001 -18"><span class='ocrx_word' id='word_1_694' title='bbox 2129 4763 2290 4834; x_wconf 86' lang='lat' dir='ltr'><strong>plena</strong></span> <span class='ocrx_word' id='word_1_695' title='bbox 2335 4762 2440 4834; x_wconf 86' lang='lat' dir='ltr'><strong>ipsi</strong></span> <span class='ocrx_word' id='word_1_696' title='bbox 2490 4761 2688 4817; x_wconf 87' lang='lat' dir='ltr'><strong>fiducia</strong></span> <span class='ocrx_word' id='word_1_697' title='bbox 2722 4762 3009 4833; x_wconf 72' lang='lat' dir='ltr'><strong>contingat</strong></span> <span class='ocrx_word' id='word_1_698' title='bbox 3045 4759 3367 4818; x_wconf 65' lang='lat' dir='ltr'><strong>honorifica</strong></span> <span class='ocrx_word' id='word_1_699' title='bbox 3412 4761 3721 4820; x_wconf 67' lang='lat' dir='ltr'><strong>admissioo</strong></span> 
     </span>
    </p>
   </div>
   <div class='ocr_carea' id='block_1_100' title="bbox 2127 4849 3721 4923">
    <p class='ocr_par' dir='ltr' id='par_1_100' title="bbox 2127 4849 3721 4923">
     <span class='ocr_line' id='line_1_100' title="bbox 2127 4849 3721 4923; baseline 0.001 -17"><span class='ocrx_word' id='word_1_700' title='bbox 2127 4849 2218 4907; x_wconf 90' lang='lat' dir='ltr'><strong>nis</strong></span> <span class='ocrx_word' id='word_1_701' title='bbox 2264 4859 2317 4907; x_wconf 90' lang='lat' dir='ltr'><strong>et</strong></span> <span class='ocrx_word' id='word_1_702' title='bbox 2363 4850 2462 4906; x_wconf 92' lang='lat' dir='ltr'><strong>tuti</strong></span> <span class='ocrx_word' id='word_1_703' title='bbox 2517 4860 2641 4922; x_wconf 91' lang='lat' dir='ltr'><strong>post</strong></span> <span class='ocrx_word' id='word_1_704' title='bbox 2697 4851 3038 4922; x_wconf 77' lang='lat' dir='ltr'><strong>colloquium</strong></span> <span class='ocrx_word' id='word_1_705' title='bbox 3086 4863 3368 4921; x_wconf 85' lang='lat' dir='ltr'><strong>receptus.</strong></span> <span class='ocrx_word' id='word_1_706' title='bbox 3407 4851 3591 4923; x_wconf 78' lang='lat' dir='ltr'><strong>Atque</strong></span> <span class='ocrx_word' id='word_1_707' title='bbox 3627 4849 3721 4908; x_wconf 75' lang='lat' dir='ltr'><strong>hic</strong></span> 
     </span>
    </p>
   </div>
   <div class='ocr_carea' id='block_1_101' title="bbox 2131 4944 3719 5014">
    <p class='ocr_par' dir='ltr' id='par_1_101' title="bbox 2131 4944 3719 5014">
     <span class='ocr_line' id='line_1_101' title="bbox 2131 4944 3719 5014; baseline 0.004 -16"><span class='ocrx_word' id='word_1_708' title='bbox 2131 4946 2486 5001; x_wconf 87' lang='lat' dir='ltr'><strong>vehementer</strong></span> <span class='ocrx_word' id='word_1_709' title='bbox 2516 4947 2869 5000; x_wconf 85' lang='lat' dir='ltr'><strong>asseverabat</strong></span> <span class='ocrx_word' id='word_1_710' title='bbox 2912 4944 3326 5014; x_wconf 86' lang='lat' dir='ltr'><strong>paratissimum</strong></span> <span class='ocrx_word' id='word_1_711' title='bbox 3381 4945 3530 5000; x_wconf 80' lang='lat' dir='ltr'><strong>hunc</strong></span> <span class='ocrx_word' id='word_1_712' title='bbox 3563 4959 3719 5005; x_wconf 76' lang='lat' dir='ltr'><strong>esse.</strong></span> 
     </span>
    </p>
   </div>
   <div class='ocr_carea' id='block_1_102' title="bbox 2126 5033 3724 5107">
    <p class='ocr_par' dir='ltr' id='par_1_102' title="bbox 2126 5033 3724 5107">
     <span class='ocr_line' id='line_1_102' title="bbox 2126 5033 3724 5107; baseline -0.001 -16"><span class='ocrx_word' id='word_1_713' title='bbox 2126 5037 2308 5091; x_wconf 70' lang='lat' dir='ltr'><strong>ductis</strong></span> <span class='ocrx_word' id='word_1_714' title='bbox 2336 5051 2524 5091; x_wconf 88' lang='lat' dir='ltr'><strong>secum</strong></span> <span class='ocrx_word' id='word_1_715' title='bbox 2551 5035 2826 5091; x_wconf 85' lang='lat' dir='ltr'><strong>universis</strong></span> <span class='ocrx_word' id='word_1_716' title='bbox 2858 5036 3063 5104; x_wconf 87' lang='lat' dir='ltr'><strong>quibus</strong></span> <span class='ocrx_word' id='word_1_717' title='bbox 3097 5044 3331 5104; x_wconf 65' lang='lat' dir='ltr'><strong>praeerat</strong></span> <span class='ocrx_word' id='word_1_718' title='bbox 3365 5034 3570 5107; x_wconf 85' lang='lat' dir='ltr'><strong>copiis,</strong></span> <span class='ocrx_word' id='word_1_719' title='bbox 3608 5033 3724 5092; x_wconf 85' lang='lat' dir='ltr'><strong>sub</strong></span> 
     </span>
    </p>
   </div>
   <div class='ocr_carea' id='block_1_103' title="bbox 2122 5127 3720 5199">
    <p class='ocr_par' dir='ltr' id='par_1_103' title="bbox 2122 5127 3720 5199">
     <span class='ocr_line' id='line_1_103' title="bbox 2122 5127 3720 5199; baseline -0.003 -17"><span class='ocrx_word' id='word_1_720' title='bbox 2122 5128 2359 5199; x_wconf 89' lang='lat' dir='ltr'><strong>junioris</strong></span> <span class='ocrx_word' id='word_1_721' title='bbox 2409 5128 2639 5197; x_wconf 80' lang='lat' dir='ltr'><strong>Augusti</strong></span> <span class='ocrx_word' id='word_1_722' title='bbox 2669 5129 2826 5197; x_wconf 89' lang='lat' dir='ltr'><strong>signa</strong></span> <span class='ocrx_word' id='word_1_723' title='bbox 2867 5127 3169 5198; x_wconf 85' lang='lat' dir='ltr'><strong>proficisci,</strong></span> <span class='ocrx_word' id='word_1_724' title='bbox 3209 5142 3322 5181; x_wconf 91' lang='lat' dir='ltr'><strong>rem</strong></span> <span class='ocrx_word' id='word_1_725' title='bbox 3374 5127 3495 5197; x_wconf 82' lang='lat' dir='ltr'><strong>ejus</strong></span> <span class='ocrx_word' id='word_1_726' title='bbox 3542 5127 3720 5180; x_wconf 90' lang='lat' dir='ltr'><strong>ductu</strong></span> 
     </span>
    </p>
   </div>
   <div class='ocr_carea' id='block_1_104' title="bbox 2127 5217 3722 5290">
    <p class='ocr_par' dir='ltr' id='par_1_104' title="bbox 2127 5217 3722 5290">
     <span class='ocr_line' id='line_1_104' title="bbox 2127 5217 3722 5290; baseline -0.003 -14"><span class='ocrx_word' id='word_1_727' title='bbox 2127 5229 2353 5276; x_wconf 86' lang='lat' dir='ltr'><strong>strenue</strong></span> <span class='ocrx_word' id='word_1_728' title='bbox 2400 5229 2706 5290; x_wconf 76' lang='lat' dir='ltr'><strong>gesturum.</strong></span> <span class='ocrx_word' id='word_1_729' title='bbox 2773 5218 2900 5274; x_wconf 58' lang='lat' dir='ltr'><strong>Haec</strong></span> <span class='ocrx_word' id='word_1_730' title='bbox 2946 5228 3000 5275; x_wconf 87' lang='lat' dir='ltr'><strong>et</strong></span> <span class='ocrx_word' id='word_1_731' title='bbox 3040 5221 3196 5288; x_wconf 88' lang='lat' dir='ltr'><strong>plura</strong></span> <span class='ocrx_word' id='word_1_732' title='bbox 3234 5218 3552 5276; x_wconf 88' lang='lat' dir='ltr'><strong>istiusmodi</strong></span> <span class='ocrx_word' id='word_1_733' title='bbox 3606 5217 3722 5273; x_wconf 75' lang='lat' dir='ltr'><strong>dux</strong></span> 
     </span>
    </p>
   </div>
   <div class='ocr_carea' id='block_1_105' title="bbox 2128 5313 3724 5384">
    <p class='ocr_par' dir='ltr' id='par_1_105' title="bbox 2128 5313 3724 5384">
     <span class='ocr_line' id='line_1_105' title="bbox 2128 5313 3724 5384; baseline -0.003 -15"><span class='ocrx_word' id='word_1_734' title='bbox 2128 5327 2362 5384; x_wconf 83' lang='lat' dir='ltr'><strong>magnus</strong></span> <span class='ocrx_word' id='word_1_735' title='bbox 2416 5329 2726 5368; x_wconf 85' lang='lat' dir='ltr'><strong>memorans</strong></span> <span class='ocrx_word' id='word_1_736' title='bbox 2759 5329 3049 5370; x_wconf 86' lang='lat' dir='ltr'><strong>assensum</strong></span> <span class='ocrx_word' id='word_1_737' title='bbox 3094 5314 3148 5368; x_wconf 92' lang='lat' dir='ltr'><strong>in</strong></span> <span class='ocrx_word' id='word_1_738' title='bbox 3184 5329 3338 5368; x_wconf 88' lang='lat' dir='ltr'><strong>suam</strong></span> <span class='ocrx_word' id='word_1_739' title='bbox 3381 5313 3724 5369; x_wconf 77' lang='lat' dir='ltr'><strong>sententiam</strong></span> 
     </span>
    </p>
   </div>
   <div class='ocr_carea' id='block_1_106' title="bbox 2128 5404 3726 5481">
    <p class='ocr_par' dir='ltr' id='par_1_106' title="bbox 2128 5404 3726 5481">
     <span class='ocr_line' id='line_1_106' title="bbox 2128 5404 3726 5481; baseline -0.002 -20"><span class='ocrx_word' id='word_1_740' title='bbox 2128 5404 2315 5462; x_wconf 84' lang='lat' dir='ltr'><strong>statim</strong></span> <span class='ocrx_word' id='word_1_741' title='bbox 2379 5405 2564 5474; x_wconf 86' lang='lat' dir='ltr'><strong>rapuit</strong></span> <span class='ocrx_word' id='word_1_742' title='bbox 2604 5407 2864 5481; x_wconf 41' lang='lat' dir='ltr'><strong>Augusti.</strong></span> <span class='ocrx_word' id='word_1_743' title='bbox 2926 5405 3150 5462; x_wconf 81' lang='lat' dir='ltr'><strong>Litterae</strong></span> <span class='ocrx_word' id='word_1_744' title='bbox 3201 5406 3372 5478; x_wconf 86' lang='lat' dir='ltr'><strong>igitur</strong></span> <span class='ocrx_word' id='word_1_745' title='bbox 3417 5421 3589 5461; x_wconf 84' lang='lat' dir='ltr'><strong>aurea</strong></span> <span class='ocrx_word' id='word_1_746' title='bbox 3636 5405 3726 5459; x_wconf 64' lang='lat' dir='ltr'><strong>in—</strong></span> 
     </span>
    </p>
   </div>
   <div class='ocr_carea' id='block_1_107' title="bbox 2140 5479 3726 5568">
    <p class='ocr_par' dir='ltr' id='par_1_107' title="bbox 2140 5479 3726 5568">
     <span class='ocr_line' id='line_1_107' title="bbox 2140 5479 3726 5568; baseline -0.002 -15"><span class='ocrx_word' id='word_1_747' title='bbox 2140 5500 2325 5568; x_wconf 84' lang='lat' dir='ltr'><strong>signes</strong></span> <span class='ocrx_word' id='word_1_748' title='bbox 2374 5497 2559 5562; x_wconf 86' lang='lat' dir='ltr'><strong>bulla,</strong></span> <span class='ocrx_word' id='word_1_749' title='bbox 2616 5479 2838 5566; x_wconf 68' lang='lat' dir='ltr'><strong>quibus‘</strong></span> <span class='ocrx_word' id='word_1_750' title='bbox 2859 5496 2994 5552; x_wconf 87' lang='lat' dir='ltr'><strong>fides</strong></span> <span class='ocrx_word' id='word_1_751' title='bbox 3052 5498 3205 5553; x_wconf 88' lang='lat' dir='ltr'><strong>fieret</strong></span> <span class='ocrx_word' id='word_1_752' title='bbox 3262 5497 3419 5553; x_wconf 88' lang='lat' dir='ltr'><strong>liberi</strong></span> <span class='ocrx_word' id='word_1_753' title='bbox 3453 5509 3726 5552; x_wconf 85' lang='lat' dir='ltr'><strong>accessus</strong></span> 
     </span>
    </p>
   </div>
   <div class='ocr_carea' id='block_1_108' title="bbox 2140 5588 3729 5662">
    <p class='ocr_par' dir='ltr' id='par_1_108' title="bbox 2140 5588 3729 5662">
     <span class='ocr_line' id='line_1_108' title="bbox 2140 5588 3729 5662; baseline 0.001 -17"><span class='ocrx_word' id='word_1_754' title='bbox 2140 5591 2436 5660; x_wconf 89' lang='lat' dir='ltr'><strong>securique</strong></span> <span class='ocrx_word' id='word_1_755' title='bbox 2483 5605 2758 5652; x_wconf 86' lang='lat' dir='ltr'><strong>recessus,</strong></span> <span class='ocrx_word' id='word_1_756' title='bbox 2803 5590 3132 5662; x_wconf 80' lang='lat' dir='ltr'><strong>Mpyrigerio</strong></span> <span class='ocrx_word' id='word_1_757' title='bbox 3172 5592 3566 5662; x_wconf 77' lang='lat' dir='ltr'><strong>expediuntur.</strong></span> <span class='ocrx_word' id='word_1_758' title='bbox 3601 5588 3729 5658; x_wconf 84' lang='lat' dir='ltr'><strong>Ipse</strong></span> 
     </span>
    </p>
   </div>
   <div class='ocr_carea' id='block_1_109' title="bbox 2142 5681 3727 5755">
    <p class='ocr_par' dir='ltr' id='par_1_109' title="bbox 2142 5681 3727 5755">
     <span class='ocr_line' id='line_1_109' title="bbox 2142 5681 3727 5755; baseline 0.001 -20"><span class='ocrx_word' id='word_1_759' title='bbox 2142 5692 2322 5737; x_wconf 86' lang='lat' dir='ltr'><strong>autem</strong></span> <span class='ocrx_word' id='word_1_760' title='bbox 2373 5681 2654 5752; x_wconf 75' lang='lat' dir='ltr'><strong>Augustus</strong></span> <span class='ocrx_word' id='word_1_761' title='bbox 2704 5683 2891 5736; x_wconf 87' lang='lat' dir='ltr'><strong>multis</strong></span> <span class='ocrx_word' id='word_1_762' title='bbox 2927 5695 3249 5752; x_wconf 71' lang='lat' dir='ltr'><strong>praesentem</strong></span> <span class='ocrx_word' id='word_1_763' title='bbox 3300 5698 3564 5755; x_wconf 84' lang='lat' dir='ltr'><strong>magnum</strong></span> <span class='ocrx_word' id='word_1_764' title='bbox 3619 5683 3727 5736; x_wconf 84' lang='lat' dir='ltr'><strong>du-</strong></span> 
     </span>
    </p>
   </div>
   <div class='ocr_carea' id='block_1_110' title="bbox 2145 5775 3727 5847">
    <p class='ocr_par' dir='ltr' id='par_1_110' title="bbox 2145 5775 3727 5847">
     <span class='ocr_line' id='line_1_110' title="bbox 2145 5775 3727 5847; baseline 0.001 -19"><span class='ocrx_word' id='word_1_765' title='bbox 2145 5791 2262 5828; x_wconf 81' lang='lat' dir='ltr'><strong>cent</strong></span> <span class='ocrx_word' id='word_1_766' title='bbox 2305 5775 2556 5828; x_wconf 77' lang='lat' dir='ltr'><strong>donariis</strong></span> <span class='ocrx_word' id='word_1_767' title='bbox 2595 5777 2906 5842; x_wconf 77' lang='lat' dir='ltr'><strong>cumulatis,</strong></span> <span class='ocrx_word' id='word_1_768' title='bbox 2961 5777 3276 5846; x_wconf 84' lang='lat' dir='ltr'><strong>pleramque</strong></span> <span class='ocrx_word' id='word_1_769' title='bbox 3325 5778 3552 5847; x_wconf 71' lang='lat' dir='ltr'><strong>insuper</strong></span> <span class='ocrx_word' id='word_1_770' title='bbox 3595 5789 3727 5842; x_wconf 81' lang='lat' dir='ltr'><strong>par-</strong></span> 
     </span>
    </p>
   </div>
   <div class='ocr_carea' id='block_1_111' title="bbox 2150 5867 3725 5939">
    <p class='ocr_par' dir='ltr' id='par_1_111' title="bbox 2150 5867 3725 5939">
     <span class='ocr_line' id='line_1_111' title="bbox 2150 5867 3725 5939; baseline 0.001 -18"><span class='ocrx_word' id='word_1_771' title='bbox 2150 5881 2255 5921; x_wconf 75' lang='lat' dir='ltr'><strong>tem</strong></span> <span class='ocrx_word' id='word_1_772' title='bbox 2284 5867 2559 5935; x_wconf 77' lang='lat' dir='ltr'><strong>vcetigalis</strong></span> <span class='ocrx_word' id='word_1_773' title='bbox 2585 5868 2926 5924; x_wconf 81' lang='lat' dir='ltr'><strong>frumentarii</strong></span> <span class='ocrx_word' id='word_1_774' title='bbox 2965 5870 3138 5927; x_wconf 81' lang='lat' dir='ltr'><strong>eidem</strong></span> <span class='ocrx_word' id='word_1_775' title='bbox 3178 5871 3528 5939; x_wconf 81' lang='lat' dir='ltr'><strong>postmodum</strong></span> <span class='ocrx_word' id='word_1_776' title='bbox 3560 5884 3725 5925; x_wconf 76' lang='lat' dir='ltr'><strong>nian-</strong></span> 
     </span>
    </p>
   </div>
  </div>
