3990 6228
255 320 339 388 Eli

1157 338 1256 402 DE
1295 342 1744 407 ANDRONICO
1782 346 2258 414 PALEOLOGO
2300 356 2443 420 LIB.
2507 357 2610 418 VI.

3398 349 3506 427 $42

254 444 586 553 συναγόντων
612 447 875 532 κελεύσας
904 453 1218 525 ἀναλαϐεῖν,
1255 463 1394 534 μετὰ
1431 465 1609 536 πάσης
1649 466 1816 538 εὐμεο
1845 472 1888 528 Α
1922 471 2252 541 προστάσσει
2282 477 2566 546 πράττειν.
2607 477 2700 530 Ἐκ
2732 477 2936 534 τούτων
2986 479 3115 549 γοῦν
3158 484 3252 535 καὶ
3302 482 3379 553 τῷ
3415 500 3500 553 με·

250 539 380 601 νείας
411 541 720 613 ἐκπέμπει.
767 574 772 578 τ

245 664 306 727 η’.
334 660 510 716 Διτίά
531 661 646 732 τῆς
667 666 773 722 τοῦ
799 671 1146 738 σιτοκρίθου
1179 673 1544 744 συναγωγῆς
1574 675 1691 732 ἀπὸ
1717 676 1821 733 δύο

943 759 1117 807 σεως.

303 823 370 876 Τὸ
390 826 446 878 δὲ
478 827 579 882 τοῦ
611 832 1086 905 ἐπισυναγομένου
1119 841 1426 910 σιτοκρίθου
1471 819 1667 911 tot/6v?
1721 839 1812 914 ἦν.

242 917 316 970 Τὰ·
353 919 450 988 μὲν
483 924 598 994 γὰρ
631 927 727 996 τῆς
760 929 1028 999 ἀνατολῆς
1065 934 1157 989 καί
1205 934 1327 987 λίαν
1367 935 1702 1006 ὲξηπορήθη,
1741 939 1816 1001 ὡς

241 1011 394 1083 μηδὲν
418 1015 571 1082 ἔχειν
603 1019 851 1076 ἐντεῦθεν
881 1023 979 1093 τὴν
1004 1024 1304 1094 βασιλείαν,
1358 1029 1559 1096 μᾶλλον
1593 1031 1692 1099 μὲν
1723 1031 1815 1085 οὖν

240 1107 324 1159 καὶ
375 1108 631 1181 ἀνάγκην
672 1115 1013 1186 καταστῆναι
1072 1119 1211 1190 ὑπὲρ
1265 1122 1480 1192 ἐκείνης
1551 1124 1816 1179 ἐκκενοῦν

237 1200 514 1268 χρήματα.
576 1203 640 1258 Ἢ
665 1207 723 1260 δὲ
773 1209 882 1262 τῶν
924 1211 1253 1265 Μακεδόνων
1308 1217 1402 1268 καὶ
1451 1215 1606 1279 δύσις
1664 1221 1815 1273 πᾶσα

238 1296 322 1346 καὶ
363 1294 485 1348 λίαν
522 1299 852 1370 εὐφόρησεν,
887 1307 933 1357 εί
963 1307 1058 1359 καὶ
1091 1307 1165 1376 μὴ
1192 1305 1384 1360 εὔωνοι
1426 1312 1472 1362 οἱ
1505 1312 1708 1380 καρποὶ
1755 1312 1824 1379 ἐξ

235 1384 406 1457 αὐτῶν
437 1385 530 1457 [Ρ.
576 1389 707 1462 545]
740 1391 961 1449 ἁλώνων
982 1390 1143 1466 ἦσαν,
1177 1397 1292 1450 ἀλλ’
1321 1397 1394 1461 ὼς
1412 1400 1468 1452 ὲν
1498 1400 1678 1470 καιρῷ
1713 1419 1811 1467 με·

235 1478 410 1543 γίστου
436 1481 606 1549 λιμοῦ
624 1487 650 1536 ὁ
671 1487 815 1549 σῖτος
841 1487 1290 1571 διεπιπράσκετο,
1317 1492 1423 1544 τῶν
1471 1493 1591 1547 κατ’
1622 1496 1813 1548 ἀνατο-

232 1567 319 1636 ὶὴν
388 1574 534 1640 πρὸς
592 1573 747 1628 δύσιν
799 1567 1299 1651 μετενηνεγμένον),
1334 1582 1500 1636 Ταῦτ’
1553 1584 1660 1655 ἄρα
1716 1586 1812 1640 aut

233 1661 483 1732 βασιλεὺς
523 1667 731 1737 πόρους
762 1673 1019 1738 ἐπινοῶν,
1046 1674 1205 1729 τοῦτο
1240 1677 1342 1745 μὲν
1373 1677 1481 1730 τῶν
1507 1680 1643 1749 πρὸς
1683 1681 1808 1745 τοὺς

241 1757 474 1821 Ἰταλοὺς
515 1762 889 1828 μισθωμάτων
923 1765 1286 1839 ὑπερηφάνων
1328 1767 1520 1833 ὄντων,
1565 1771 1720 1824 τοῦτο
1750 1772 1806 1824 δὲ

1926 565 2078 637 γάλῳ
2103 565 2255 622 δουκὶ
2286 570 2545 634 κελεύσας
2576 571 2818 627 δίδοσθαι
2867 574 3111 647 ἀργύρου
3168 595 3228 629 τε.
3261 578 3352 630 καὶ
3385 595 3513 648 χρυ-

1927 657 2044 712 σίου
2075 648 2576 740 ’ἀπεμπολούντων.
2633 666 2730 720 καὶ
2789 666 3083 738 ἀνακωχὴν
3122 668 3232 721 τῶν
3296 669 3508 722 ἐκείνου

1927 749 2089 822 σχὼν,
2156 753 2225 806 τὰ
2257 757 2384 826 περὶ
2423 756 2516 809 τοῦ
2581 759 2960 830 Μπυριγερίου
3011 760 3400 824 διεϐουλεύετο,
3432 761 3510 825 ὡς

1922 848 2118 902 αὐτίκα
2140 849 2393 902 κάκεῖνον
2419 853 2806 922 προσηκόντως
2847 857 2941 907 καὶ
2969 853 3044 916 ὡς
3080 855 3288 917 ἐκεῖνος
3345 855 3510 924 ὴλπὶο

1922 960 2008 996 κει
2049 944 2463 1014 ὑποδεξάμενος.
2505 947 2602 1000 Διὰ
2642 946 2812 1002 ταῦτα
2859 950 2955 1003 καὶ
2994 949 3102 1002 τῶν
3156 951 3298 1003 κατὰ
3356 951 3508 1002 δύσιν

1922 1037 2188 1104 προνοιῶν
2218 1038 2443 1108 ἥπτετο,
2477 1041 2570 1094 καὶ
2603 1039 2663 1093 τό
2693 1041 2875 1112 τρίτον
2918 1044 2982 1095 ὲκ
3030 1042 3238 1096 τούτων
3263 1030 3500 1115 ἀφῄρειλ

1921 1129 1987 1183 τὰ
2032 1130 2131 1200 γὰρ
2148 1128 2257 1182 τῶν
2288 1132 2496 1200 μισθῶν
2522 1133 2629 1184 τῶν
2650 1133 2794 1186 κατὰ
2819 1133 2886 1186 τὰ
2921 1133 3194 1203 ἀνάκτορα
3221 1135 3506 1188 ὲκδουλευ-

1917 1221 2085 1276 όντων
2123 1225 2218 1276 καὶ
2252 1223 2357 1290 πρὸ
2419 1224 2628 1293 χρόνων
2671 1225 2899 1296 διεκόπη
2947 1226 3140 1280 πάλαι.
3185 1226 3346 1280 Ἀλλὰ
3406 1245 3503 1280 και

1916 1314 1978 1367 τὺ
2007 1317 2248 1386 νόμισμα
2275 1315 2364 1368 διὰ
2393 1317 2492 1387 τὴν
2544 1316 2734 1387 χρείαν
2775 1318 3178 1389 ὲκιὸδηλεύετο.
3234 1320 3507 1391 Πρότερον

1919 1409 2018 1480 μὲν
2069 1411 2176 1479 γὰρ
2217 1409 2309 1463 ἐπὶ
2357 1411 2608 1464 Ἰωάννου
2643 1412 2733 1465 τοῦ
2789 1413 2965 1466 Δούκα
3009 1413 3070 1467 τὺ
3115 1413 3360 1482 δίμοιρον
3413 1413 3508 1467 τοῦ

1914 1501 2176 1557 ταλάντου
2205 1502 2312 1556 τῶν
2335 1505 2688 1574 νομισμάτων
2720 1507 2926 1575 χρυσὸς
2954 1501 3020 1576 ἦν
3051 1506 3313 1580 ἄπεφοος,
3377 1506 3404 1558 ὃ
3439 1507 3506 1576 δὴ

1915 1595 2005 1646 καὶ
2032 1597 2058 1647 ό
2090 1594 2149 1658 ἐξ
2175 1593 2386 1648 ἐκείνου
2418 1596 2654 1666 διετήρει
2688 1615 2704 1630 ’
2748 1597 2974 1667 ὕστερον
3030 1599 3086 1651 δὲ
3141 1600 3234 1650 ἐπὶ
3284 1599 3508 1669 Μιχαὴλ

1912 1685 2009 1755 τῆς
2037 1685 2244 1750 πόλεως
2276 1685 2530 1759 ἁλούσης,
2562 1689 2650 1741 διὰ
2684 1690 2780 1752 τὰς
2804 1691 2925 1743 τότε
2960 1694 3083 1744 κατ’
3131 1690 3380 1762 ἀνάγκην
3415 1691 3504 1745 δότ

1914 1794 2047 1841 σεις,
2101 1778 2193 1832 καὶ
2239 1779 2440 1849 μᾶλλον
2497 1781 2630 1850 πρὸς
2712 1781 2985 1845 Ἰταλοὺς,
3055 1784 3506 1854 μετεγεγρὰφατο

229 1846 318 1946 και
344 1848 452 1900 τῶν
484 1848 585 1901 ἐπὶ
623 1851 850 1946 χρείαις
895 1835 1097 1920 ἄλλαις⁷
1136 1858 1563 1930 δαπανημάτων,
1618 1864 1678 1916 τὺ
1716 1835 1886 1930 dzp'B
1921 1835 2122 1938 μὲν-τὰ
2146 1835 2254 1924 τῶν
2283 1835 2832 1943 παλαιῶνισημείων,
2873 1835 2984 1943 τῆξ
3034 1835 3242 1939 πόλεως
3267 1835 3506 1946 ’ᾇαρατ-

228 1939 458 1995 ἑκάστου
486 1946 750 2013 γεωργοῦ
765 1944 1043 2015 ὀλίγιστον
1072 1954 1151 2012 είς
1175 1953 1379 2029 ⁸μεῖζον
1438 1954 1552 2024 ἅμα
1600 1972 1816 2025 συμπο-

231 2032 349 2088 σοῦν
372 2034 549 2105 ἔγνω,
580 2039 677 2094 καὶ
725 2042 1055 2107 ἀποστείλας
1114 2044 1207 2114 ἀφ’
1259 2047 1375 2110 ἑνὸς
1431 2050 1661 2102 ἑκάστου
1709 2049 1816 2104 τῶν

227 2131 631 2200 γεωργούντων
664 2133 804 2206 ὑπὲρ
839 2138 1173 2208 συγκομιδῆς
1193 2138 1496 2210 ζευγίτιδος
1540 2141 1691 2196 σίτου
1719 2145 1817 2212 μὲν

231 2222 446 2292 μοδίους
479 2224 568 2292 ἓξ,
621 2229 820 2302 κριθῆς
861 2231 916 2285 δὲ
973 2232 1189 2304 μοδίους
1240 2234 1512 2305 τέσσαρας
1560 2238 1818 2301 τοπικοὺς

227 2403 361 2461 dans
416 2408 684 2474 attribui,
717 2410 902 2466 laetum
936 2427 1059 2468 eum
1104 2428 1167 2470 ac
1202 2417 1313 2471 voti
1344 2428 1650 2488 compotem
1691 2436 1815 2476 cum

229 2501 373 2555 omni
427 2503 780 2575 benignitate
823 2507 1055 2563 dimisit.

229 2610 279 2668 8.
328 2611 570 2671 Occasio
612 2625 664 2672 et
703 2618 845 2674 ratio
901 2622 1088 2676 tributi
1112 2625 1252 2685 quod
1300 2626 1697 2682 tritichordeum
1741 2639 1831 2684 est.

908 2693 1132 2750 dictum.

295 2778 524 2837 Tributi
557 2798 724 2852 porro
757 2787 1042 2840 memorati
1079 2789 1242 2845 modo
1278 2789 1648 2858 frumentarii,
1672 2793 1817 2861 quod

235 2873 393 2943 vulgo
454 2874 776 2944 σιτόκριθον
805 2915 819 2938 ,
866 2879 1020 2947 quasi
1072 2876 1288 2938 diceres
1347 2884 1770 2941 triticbordeum
1801 2929 1816 2955 ,

232 2967 568 3037 appellatum
622 2977 738 3033 est,
783 2969 898 3025 bazc
948 2973 1101 3043 origo
1145 2983 1309 3044 atque
1361 2977 1638 3033 institutio
1693 2955 1817 3035 fuit.

233 3058 454 3116 Vastata
509 3061 932 3119 incursionibus
965 3066 1274 3123 barbaricis
1318 3071 1446 3126 Asia
1478 3082 1534 3127 et
1567 3071 1820 3128 Orienta-

1917 1963 2148 2034 τομένης
2172 1963 2421 2030 ὄπισθεν,
2452 1966 2750 2034 καθυφίετο
2811 1967 2866 2020 δὲ
2917 1966 3012 2020 καὶ
3055 1971 3206 2038 παρὰ
3249 1969 3504 2038 κεράτιον

1917 2054 1979 2107 τὺ
2005 2055 2069 2106 ἐκ
2100 2054 2300 2124 χρυσοῦ
2336 2055 2713 2126 νομιζόμενον.
2740 2058 2814 2120 ῶς
2846 2058 3242 2112 πεντεκαίδεκα
3267 2060 3404 2128 πρδς
3434 2057 3504 2111 τὰ

1918 2148 2340 2218 εἰκοσιτέσσαρα
2363 2150 2636 2218 γίνεσθαι.
2686 2151 3139 2216 Μεταλλάξαντος
3189 2153 3235 2206 δ’
3292 2153 3502 2205 ἐκείνου

1919 2241 2186 2312 πρότερον
2212 2242 2310 2313 μὲν
2348 2243 2428 2306 είς
2449 2243 2826 2315 δεκατέσσαρα
2861 2247 3120 2316 περιέστη
3178 2244 3312 2316 πρὸς
3341 2245 3499 2312 δέκα,

1920 2427 2109 2495 injecit
2155 2427 2519 2496 pensionibus
2568 2444 2690 2498 quae
2737 2428 3057 2499 reipublicae
3105 2429 3375 2485 ministris
3406 2445 3503 2498 per

1923 2527 2136 2575 tractus
2195 2519 2471 2575 Occiduos
2536 2520 2744 2576 dudum
2808 2522 3128 2576 constitutae
3195 2524 3500 2590 quotannis

1920 2613 2097 2668 adhuc
2157 2614 2536 2667 solvebantur.
2600 2612 2708 2668 Has
2761 2616 2920 2670 tertia
2982 2625 3131 2685 parte
3195 2616 3498 2674 diminuit:

1921 2722 2030 2760 non
2073 2707 2218 2762 enim
2275 2706 2376 2760 fuit
2412 2707 2561 2762 aliud
2608 2709 2755 2778 ι]ιῖοά
2818 2710 3110 2779 arriperet,
3142 2725 3263 2762 eum
3306 2719 3498 2766 aucto-

1903 2808 2191 2866 ramenta,
2224 2816 2347 2869 qua:
2379 2801 2686 2856 certissima
2721 2801 2875 2870 prius
2907 2811 2960 2857 et
2995 2803 3283 2872 principum
3312 2803 3503 2858 condi-

1920 2893 2089 2948 tionis
2124 2891 2512 2957 babebantur,
2542 2895 2901 2948 servientium
2933 2893 2989 2948 in
3030 2894 3296 2963 imperiali
3332 2895 3497 2951 domo

1923 2987 2297 3056 palatinorum
2348 2987 2460 3058 jam
2523 2987 2732 3057 pridem
2793 2988 3217 3044 intervertisset.
3285 2988 3390 3044 Sed
3443 2995 3498 3045 et

1924 3079 2114 3143 alium,
2177 3080 2324 3135 unde
2379 3081 2540 3135 istam
2590 3066 2644 3134 in
2690 3079 3079 3150 Mpyrigerium
3111 3081 3498 3137 eliundendatn

234 3150 306 3204 les
360 3161 583 3209 tractus
627 3154 894 3220 universi,
939 3169 1172 3215 vacante
1239 3161 1349 3214 illic
1393 3176 1650 3233 agrorum
1699 3167 1817 3219 eul-
1843 3186 1885 3243 ρ
1925 3172 2208 3241 pecuniam
2236 3172 2848 3242 conficeret,qn:estum
2886 3175 3216 3245 excotgitavit
3249 3190 3310 3229 ex
3343 3173 3499 3230 adul-

234 3250 373 3308 tura,
412 3253 668 3300 extrema
728 3247 909 3303 victus
958 3250 1142 3320 inopia
1193 3250 1357 3324 493
1396 3256 1808 3323 premebantur.

231 3337 296 3391 At
343 3337 546 3394 eodem
608 3347 856 3410 tempore
894 3343 1123 3399 adversa
1184 3350 1474 3405 continens
1538 3348 1810 3422 Europa,

232 3429 554 3487 Macedonia
590 3443 645 3486 et
674 3450 868 3490 omnes
917 3435 1174 3492 Occiduae
1220 3441 1493 3509 regiones,
1535 3444 1812 3501 messibus

235 3532 356 3580 sunt
411 3527 717 3583 uberrimis
766 3529 972 3584 ditata.
1016 3530 1132 3586 Non
1195 3534 1384 3600 enim,
1453 3545 1509 3589 ut
1562 3536 1675 3592 fere
1734 3539 1813 3607 lit,

236 3620 578 3676 abundantia
612 3623 868 3679 vilitatem
918 3639 1150 3682 annonze
1196 3626 1523 3696 induxerat,
1559 3631 1651 3685 sed
1689 3612 1816 3701 [fro-

223 3723 351 3788 .pter
384 3727 791 3772 concurrentes
844 3732 910 3773 eo
965 3721 1205 3778 Asianos
1270 3723 1498 3778 sedibus
1549 3733 1811 3782 extr-usos

240 3807 576 3876 propriisita
606 3805 945 3866 frumentum
1003 3811 1056 3867 in
1103 3829 1319 3870 summa
1370 3803 1615 3885 Segetum
1651 3817 1815 3872 uber-

237 3907 340 3954 tate
370 3901 750 3966 vendebatur,
787 3913 848 3958 ut
893 3903 1054 3959 annis
1109 3908 1189 3961 vel
1253 3910 1494 3964 maxime
1545 3910 1816 3967 famelicis

239 4004 640 4062 consueverat;
672 3995 814 4051 unde
861 4007 1108 4067 quaestus
1145 4003 1461 4056 aratoribus
1494 4013 1548 4057 et
1577 4005 1816 4059 dominis

238 4103 494 4161 agrorum
547 4093 1017 4151 cumulatissimus
1062 4097 1297 4152 redibat.
1358 4099 1472 4155 Hoc
1519 4100 1817 4170 imperator

240 4185 622 4241 animadverso
663 4185 841 4244 loeum
896 4203 1018 4244 esse
1062 4192 1296 4246 credidit
1334 4186 1618 4248 indictioni
1649 4196 1818 4250 vecti-

242 4278 371 4347 galis
405 4278 563 4344 novi,
595 4295 707 4348 quo
747 4279 1044 4348 plurimum
1089 4283 1281 4351 egebat
1316 4284 1512 4354 partim
1550 4285 1618 4340 ad
1657 4300 1815 4343 com-

242 4375 545 4442 pcscendas
595 4373 946 4432 mercedibus
1000 4379 1468 4447 repraesentandis
1504 4395 1818 4436 murmura-

244 4468 412 4526 tiones
449 4473 876 4527 "contumacium
925 4471 1271 4534 Latinorum.
1321 4475 1518 4546 partim
1579 4477 1645 4530 ad
1685 4493 1819 4533 usus

1917 3265 2192 3321 teratione
2245 3275 2482 3320 moneta:
2515 3267 2770 3335 publicae,
2805 3266 2859 3322 in
2899 3269 3121 3337 sequius
3157 3267 3501 3323 detrahenda

1917 3359 2185 3430 qualitate
2234 3361 2433 3429 signati
2487 3360 2632 3425 auri,
2689 3361 2960 3430 siquidem
3020 3377 3144 3415 cum
3203 3363 3356 3431 prius
3392 3360 3498 3417 sub

1915 3451 2134 3508 Joanne
2168 3454 2317 3508 Duca
2356 3461 2587 3510 eatenus
2620 3463 2877 3523 corrupta
2909 3453 3074 3526 494
3109 3462 3256 3509 esset
3290 3454 3497 3508 nummi

1915 3547 2068 3601 aurei
2099 3547 2418 3609 .sinceritas
2451 3557 2510 3603 ut
2541 3548 2660 3601 auri
2716 3547 2838 3616 puri
2887 3546 3176 3602 dimidium
3233 3547 3502 3603 duntaxat

1919 3641 2148 3696 haberet
2185 3641 2416 3710 pondus,
2472 3642 2690 3711 reliquo
2736 3657 2766 3696 e
2812 3641 3072 3697 deteriori
3111 3641 3338 3696 materia
3372 3645 3503 3696 sub-

1921 3733 2089 3787 misto
2132 3732 2251 3804 (qui
2316 3749 2451 3789 usus
2519 3743 2696 3803 usque
2768 3733 2836 3789 ad
2905 3729 3189 3790 Mittliaelis
3250 3746 3500 3806 tempora

1918 3825 2332 3892 perseveravit),
2369 3825 2533 3894 hujus
2568 3827 2763 3896 primis
2814 3827 2998 3890 annis,
3033 3836 3248 3896 recepta
3283 3843 3312 3883 e
3352 3828 3499 3882 Lati-

1919 3920 2010 3973 nis
2053 3917 2561 3988 ConstantinOpoli,
2601 3935 2726 3974 cum
2784 3919 2928 3974 idem
2979 3918 3212 3975 Michael
3269 3920 3501 3990 pecunia

1918 4019 2103 4079 egeret
2137 4008 2203 4063 ad
2256 4009 2580 4079 largitiones
2643 4009 2986 4064 necessarias
3016 4049 3032 4075 ,
3086 4011 3387 4081 przesertim
3425 4010 3501 4064 fa-

1919 4104 2142 4158 ciendas
2197 4100 2369 4164 Italis,
2413 4101 2605 4157 recudi
2658 4113 2937 4157 monetam
2994 4117 3212 4158 omnem
3275 4117 3498 4158 auream

1917 4194 2110 4266 jussit,
2168 4201 2438 4264 praetextu
2498 4194 2827 4248 immutandi
2877 4203 3040 4251 notas
3083 4204 3296 4250 veteres
3333 4210 3498 4249 :nam

1920 4304 2022 4360 pro
2071 4297 2233 4344 antea
2273 4287 2495 4343 usitatis
2527 4287 2696 4357 signis
2728 4288 2918 4342 urbem
2965 4288 3500 4358 Constantinopolim

1922 4382 1978 4438 in
2019 4382 2232 4451 postica
2268 4381 2477 4437 nummi
2507 4380 2648 4437 facie
2680 4382 2849 4436 vuluit
2883 4394 3123 4438 exstare.
3161 4382 3362 4438 Verum
3395 4382 3502 4437 ista

1923 4472 2211 4527 occasione
2242 4471 2465 4527 detrivit
2510 4471 2714 4526 metalli
2753 4472 3076 4540 probitatem
3126 4489 3192 4528 eo
3225 4488 3396 4541 usque
3442 4481 3504 4528 ut

244 4562 372 4619 alios
408 4565 851 4622 necessariorum
885 4576 1220 4636 sumptuum.
1251 4569 1393 4640 Ergo
1422 4571 1589 4626 edicit
1616 4581 1673 4624 ut
1701 4572 1819 4626 sin-
1851 4547 1896 4606 ι)
1925 4583 1954 4619 e
1989 4567 2182 4636 viginti
2233 4576 2471 4637 quatuor
2521 4565 2774 4634 partibus
2828 4567 2976 4620 aurei
3010 4567 3170 4622 solidi
3197 4567 3330 4622 'auri
3360 4566 3503 4623 dun-

246 4659 347 4724 ιιιιί
380 4659 642 4730 agricolae
669 4675 984 4716 mensuram
1009 4675 1039 4716 e
1063 4676 1160 4716 sua
1195 4679 1372 4718 messe
1406 4679 1513 4718 non
1542 4679 1816 4734 magnam,

247 4747 464 4803 minime
517 4749 672 4818 gravi
729 4750 781 4804 in
845 4757 997 4806 tanta
1049 4753 1206 4822 copia
1267 4753 1586 4817 collatione,
1624 4755 1818 4812 darent

248 4839 576 4909 reipublica,
623 4856 800 4914 eoque
863 4845 1080 4900 modico
1140 4847 1316 4916 pretio
1379 4846 1814 4904 lucrosissimam

250 4931 345 4985 sibi
376 4931 702 4989 facultatem
735 4947 987 4990 emerent
1016 4937 1274 4990 frumenti
1309 4938 1393 4994 sui
1419 4944 1590 5007 atque
1623 4937 1816 4994 hordei

251 5023 501 5091 plaustris
528 5027 802 5098 bigisque,
847 5044 1070 5100 quoquo
1103 5030 1329 5096 vellent,
1361 5032 1644 5087 venditum
1693 5031 1819 5087 mit-

252 5118 409 5174 tendi.
460 5122 544 5176 Ad
587 5121 690 5177 boc
719 5123 1016 5194 unicuique
1066 5124 1232 5178 modii
1271 5140 1366 5179 sex
1400 5127 1592 5190 tritici,
1627 5126 1814 5182 hordei

254 5222 493 5280 quatuor,
531 5229 627 5284 per
653 5214 772 5270 loca
810 5216 1024 5286 singula
1057 5217 1330 5286 pendendi
1377 5227 1506 5273 sunt
1539 5220 1812 5288 imperati.

255 5300 323 5358 Ex
353 5306 453 5363 bac
485 5308 782 5364 collectitia
811 5325 1030 5365 annona
1067 5327 1264 5381 magno
1296 5312 1478 5366 statim
1512 5313 1814 5383 divendita,

258 5400 361 5453 auri
414 5403 739 5474 argentique
797 5418 1044 5458 summas
1094 5405 1346 5475 ingentes
1402 5405 1552 5459 reddi
1613 5421 1813 5473 magno

257 5489 365 5547 duci
389 5494 590 5564 jussit;
630 5497 848 5568 istoque
882 5498 961 5553 sic
993 5500 1213 5562 satiato,
1246 5497 1468 5568 quietus
1493 5499 1604 5568 jam
1651 5501 1719 5554 ab
1750 5514 1810 5554 ea

263 5596 396 5651 parte
441 5589 742 5660 imperator
799 5589 1108 5662 Mpyrigerii
1154 5607 1376 5661 quoque
1418 5607 1516 5660 pro
1543 5591 1662 5660 ejus
1686 5600 1814 5647 voto

265 5680 564 5736 munerantli
599 5683 990 5752 cogitationem
1018 5683 1302 5750 ingressus
1325 5692 1430 5743 est.
1464 5684 1818 5752 decrevitque

270 5765 416 5837 ipsum
440 5775 504 5831 ad
543 5789 606 5830 se
632 5774 937 5829 venientem
971 5776 1266 5829 admittere
1299 5792 1361 5830 ea
1389 5790 1552 5843 quam
1591 5791 1814 5846 sperare

274 5859 400 5922 illum
426 5876 606 5937 norat,
661 5867 1100 5925 honoriﬁcentia.
1141 5867 1196 5921 ld
1238 5879 1294 5924 ut
1341 5868 1578 5936 faceret,
1611 5885 1809 5926 manus

1923 4669 2073 4715 taxat
2116 4661 2236 4730 puri
2277 4675 2470 4714 novem
2523 4668 2734 4722 essent,
2764 4659 3079 4729 quindecim
3135 4661 3385 4717 mistura:
3413 4676 3502 4717 se-

1922 4753 2152 4822 quioris.
2198 4753 2332 4807 Post
2382 4752 2672 4807 Michaelis
2707 4763 2941 4808 mortem
2973 4756 3171 4825 exigua
3203 4763 3288 4808 est
3312 4771 3502 4811 emen-

1923 4845 2076 4901 datio
2113 4855 2326 4911 secuta,
2371 4845 2564 4900 decem
2614 4847 2810 4902 saltem
2851 4847 3101 4916 partibus
3129 4848 3250 4904 auri
3286 4849 3500 4919 purgati

1920 4940 1986 4994 ad
2037 4941 2262 4995 vitiosas
2323 4940 2746 5010 quatuordecim
2805 4940 3056 5006 adjectis.
3113 4943 3185 4995 At
3215 4956 3363 4997 nunc
3410 4941 3502 4997 isti

1920 5033 2027 5103 ipsi
2077 5033 2235 5098 probi
2287 5034 2490 5087 metalli
2543 5034 2830 5103 particulae
2862 5033 3153 5089 dimidium
3187 5035 3500 5088 detractum

1921 5126 2096 5180 scoria
2128 5134 2180 5179 et
2208 5125 2531 5180 retrimento
2575 5127 2886 5194 suppletum
2918 5135 3026 5192 est,
3074 5126 3221 5181 unde
3259 5124 3501 5181 securim

1921 5217 2094 5288 ialligi
2120 5232 2373 5286 magnam
2402 5216 2528 5271 ﬁdei
2563 5218 3068 5272 commutationum
3095 5227 3151 5272 et
3184 5217 3501 5274 necessario

1922 5308 2105 5364 rerum
2175 5308 2344 5362 victui
2414 5316 2666 5375 aptarnm
2709 5309 3044 5364 commercio
3097 5311 3349 5381 contigit,
3399 5325 3501 5366 nec

1921 5404 2129 5458 exteris
2161 5401 2322 5458 facile
2360 5402 2785 5469 importantibus
2840 5403 2906 5459 ad
2964 5419 3066 5458 nos
3109 5420 3229 5471 sua,
3270 5420 3369 5459 nec
3403 5422 3502 5462 nu-

1921 5498 2054 5551 stris
2115 5496 2520 5550 invenientibus
2584 5497 2670 5550 cui
2737 5496 2853 5551 suis
2906 5496 3095 5551 usibus
3132 5497 3498 5553 redundantia

1924 5591 2247 5654 venderent,
2307 5588 2497 5656 utique
2552 5589 2660 5643 illis
2727 5586 2873 5643 haud
2934 5589 3070 5645 satis
3097 5589 3497 5654 accipientibus

1923 5698 2022 5751 pro
2061 5698 2244 5736 merce
2282 5684 2449 5751 proba
2505 5683 2738 5750 pretium
2801 5682 3192 5746 adulteratnm,
3250 5696 3301 5737 et
3343 5700 3499 5739 suam

1919 5777 2168 5830 melioris
2214 5785 2355 5830 notae
2388 5786 2663 5831 monetam
2702 5777 2816 5842 pari
2848 5792 2973 5831 cum
3029 5791 3218 5830 nostra
3258 5779 3336 5831 sit:
3371 5794 3501 5830 cur-

1912 5879 2069 5940 rupta
2139 5869 2496 5927 aestimatione
2568 5870 2858 5942 proﬂigare
2934 5872 3350 5926 recusantibus.
3420 5869 3503 5926 Ex
