3994 6226
9 30 543 179 ’τ

208 338 294 403 553

1101 333 1203 394 DE
1232 328 1679 394 ANDRONlCO
1719 328 2184 390 PAL/ROLOGO
2218 328 2370 391 LIB.
2408 330 2513 392 VI.

3338 326 3450 389 554

204 451 327 520 ὑπὲρ
361 447 564 520 μηδένα
594 446 663 501 τδν
702 446 859 515 γένος
892 446 1189 516 γεγονότας
1225 445 1520 515 δεξάμενος
1553 444 1751 497 τοσοῦ·
1786 447 1827 506 Α,
1858 460 2063 510 «sum.
2088 443 2201 497 Καὶ
2231 443 2351 497 τότε
2372 443 2531 513 δῆλος
2561 435 2630 514 ἦν
2656 440 2725 498 τὰ
2750 438 2846 494 τοῦ
2877 438 3143 512 βασιλεως
3162 440 3445 511 ἀποστρα-

200 561 301 607 τοις
328 540 557 613 ἧταλλε,
580 540 745 597 τοῦτο
776 540 877 609 μὲν
909 539 1075 604 ἑκὼν,
1125 539 1287 593 τοῦτο
1317 538 1363 592 δ’
1384 538 1555 603 ἄκων,
1591 538 1756 601 αὐτὸς

199 636 249 690 δὲ
272 632 507 698 τοιοῦτος
535 631 614 685 ῶν
651 632 745 686 κα)⁵
790 631 1066 695 τοιούτους
1098 630 1363 702 ἄγωνμὴ
1396 632 1481 685 ὅτι
1536 647 1599 699 γε
1635 630 1758 700 μηδ’

200 728 352 797 ἐγγὺς
402 728 624 789 τούτων,
648 726 807 797 ,μηδὲ
837 725 898 777 τὸ
927 724 1224 779 πολλοστὸν
1259 727 1411 795 σχειν
1440 723 1665 796 ἠλπίκει
1700 723 1761 789 ἐξ

196 817 264 878 ὧν
294 822 508 894 ήκουεν.
543 820 709 875 Ὅθεν
732 821 827 874 κα)⁸
849 818 1181 873 ἁπεντεῦθεν
1211 816 1638 891 ἑρῥᾳστωνεύθη
1663 818 1762 871 καὶ

198 916 323 985 πρὸς
354 916 451 976 τὰς
484 914 615 975 ναῦς
652 911 872 979 ἔϐλεψε.
909 912 1022 966 Καὶ
1070 909 1147 975 ῶς
1176 912 1226 965 oi
1256 914 1325 967 τὰ
1347 912 1448 983 μιν
1477 910 1575 964 τοῦ
1602 910 1762 981 βασι-

197 1009 320 1074 λέως
345 1009 549 1078 ὕστερα
579 1008 737 1062 πάντ’
766 1003 905 1077 ἦσαν
934 1006 1043 1060 τῶν
1078 1006 1468 1077 βουλευμάτων
1496 999 1573 1061 ῶν
1597 1007 1763 1072 αὐτὸς

198 1100 325 1175 εἶχε,
371 1101 713 1171 κρούσασθαι
743 1101 829 1172 δὴ,
860 1102 924 1154 τὸ
979 1100 1077 1153 τοῦ
1126 1102 1287 1168 λόγου
1310 1141 1326 1164 ,
1375 1100 1637 1172 πρύμναν
1668 1103 1765 1155 καὶ

198 1196 550 1267 ὑποστρέφειν
584 1194 843 1263 ἔγνωστο.
899 1196 1172 1254 Κάκεῖνος
1210 1195 1313 1263 μὲν
1374 1190 1611 1267 ἀπάρας
1652 1195 1765 1249 τῶν

198 1288 331 1343 κατὰ.
359 1288 457 1350 τὰς
487 1287 799 1359 Βλαχέρνας
835 1287 1023 1356 ὅρμων
1054 1288 1147 1340 ἐπὶ
1176 1289 1277 1356 τῆς
1304 1286 1484 1358 πύλης
1517 1286 1622 1356 τῆς
1669 1286 1768 1358 βα-

199 1379 406 1451 σιλικῆς
456 1378 812 1440 circulatim-lt,
860 1377 1047 1430 ἀλύων
1092 1373 1205 1431 οἷον
1260 1378 1354 1430 καὶ
1386 1377 1462 1448 τῷ
1484 1382 1773 1447 γνωσιμα-

196 1473 370 1545 χοῦντι
396 1460 733 1544 παρεοικὼς,
768 1472 1167 1542 παρακατέχων
1193 1471 1295 1540 μὲν
1312 1472 1380 1523 τὰ
1406 1472 1501 1524 τοῦ
1524 1468 1771 1542 ἀξιώμα-

195 1583 282 1629 τος
332 1564 606 1634 σρμὁολα,
644 1564 1050 1633 παρακατέχων
1082 1564 1137 1616 δὲ
1171 1566 1265 1617 καὶ
1300 1562 1557 1631 βασιλικά
1590 1564 1771 1633 χρυσᾶ

196 1678 254 1714 τι
284 1663 377 1714 καὶ
420 1660 645 1731 ἀργυρᾶ
680 1657 989 1727 ἐκπώματα
1036 1657 1168 1728 περί
1203 1675 1305 1710 που
1331 1658 1653 1726 τριάκοντα,
1689 1653 1772 1723 οἷς

195 1751 255 1823 δὴ
278 1734 685 1822 τῇνπροτεραξᾳ
713 1750 974 1820 βασιλεὺς
999 1750 1272 1821 ἐδέσματα
1297 1752 1771 1821 πέμπωνὲγέραι-

1863 537 1984 607 φεὶς
2020 535 2117 589 καί
2151 554 2217 605 γε
2254 536 2636 608 μεμνημένος,
2667 535 2718 591 ci
2762 524 2860 590 καὶ
2894 533 2970 607 μὴ
2990 535 3099 588 τῶν
3130 535 3294 595 οἴκοι,
3328 535 3445 591 ἀλλ’

1864 626 1960 687 οὖν
1995 628 2093 698 τῆς
2121 630 2259 702 πρὸς
2300 630 2393 684 τὸν
2426 629 2584 699 φίλον
2614 628 2990 700 ὑποστροφῆς.
3038 628 3309 691 Κάκεῖνος
3346 628 3452 703 μὲν

1863 723 2037 777 ταῦτα
2083 726 2323 795 ἡμέραις
2355 725 2510 789 ὅλαις
2536 723 2687 795 τρισὶ
2732 722 2828 777 καὶ
2881 721 3033 791 νυξὶν
3066 723 3236 786 ῐσαις,
3269 739 3453 795 παρυ-

1866 802 2194 870 ττοκλὲπτων
2243 817 2345 887 τὴν
2399 814 2724 883 ἐκπλευσιν,
2781 815 3223 881 ἁνταποστείλας
3255 814 3457 871 καὶτὰ

1866 909 2208 982 ἐκπώματα·
2237 913 2349 964 τῶν
2379 910 2528 975 τινὲς
2551 911 2609 966 δὲ
2630 910 3125 984 Μονεμσασιωτῶν
3154 907 3453 981 βασιλικῶν

1868 1006 2012 1059 κατὰ
2059 1005 2330 1060 θάλατταν
2360 1006 2690 1074 δουλευτῶν,
2746 1008 2874 1060 ἐπεὶ
2928 1006 3027 1061 καλ⁵
3059 1006 3216 1076 σφῶν
3246 1003 3453 1081 τριήρη

1869 1100 2275 1169 παρακατεῖχεν
2302 1098 2512 1162 ἐκεῖνος
2538 1098 2848 1169 μισθώσας,
2876 1098 3083 1172 ὥρμων
3104 1098 3461 1153 ὲτιεισπεσεῐν

1869 1190 2131 1261 ἐξαίφνης
2191 1193 2287 1247 καὶ
2337 1192 2498 1247 τοῦτο
2552 1194 2652 1265 μὲν
2684 1194 2896 1249 ἐκεῖνον
2923 1194 3024 1265 τῆς
3053 1192 3193 1264 πρὸς
3227 1190 3461 1261 βασιλέα

1872 1283 2068 1355 χλεύης
2100 1284 2440 1356 ἀμύνασθαι,
2472 1285 2636 1341 τοῦτο
2656 1285 2715 1341 δὲ
2742 1288 2840 1342 καὶ
2878 1286 3097 1351 ἑαυτοῖς
3152 1284 3307 1356 σφίσι
3355 1284 3459 1354 τὴν

1872 1377 2007 1431 ναῦν
2049 1377 2459 1435 ἀνασώσασθαι.
2512 1379 2780 1445 Βασιλεὺς
2826 1379 2907 1443 δὲ,
2942 1381 3054 1436 εἴτε
3088 1380 3179 1435 διὰ
3211 1379 3341 1443 τοὺς
3369 1378 3465 1449 ὅρ-

1873 1487 2024 1535 κους,
2060 1473 2155 1525 καὶ
2185 1472 2266 1526 ἔτι
2298 1474 2540 1541 ἐλπίζων
2578 1472 2680 1546 τὴν
2710 1474 2928 1529 ὲκεῑνου
2980 1472 3310 1544 μεταϐολὴν,
3349 1473 3463 1527 εἴτε

1876 1564 1971 1618 καί
2000 1582 2053 1617 τι
2092 1566 2201 1617 τῶν
2234 1567 2551 1637 ἀνηκέστων
2594 1568 2844 1622 ὑπονοῶν
2880 1567 3294 1640 συμϐήσεσθαι,
3347 1568 3464 1621 εἴτε

1879 1656 1988 1727 μὴν
2009 1658 2104 1711 καὶ
2134 1660 2253 1712 κατ’
2288 1660 2619 1726 ἐπιείκειαν,
2652 1662 2753 1715 οὐκ
2783 1660 2947 1729 ἐφίει.
2992 1659 3203 1715 Ἐδόκει
3235 1660 3279 1713 δ’
3306 1660 3463 1729 ὅμως

1876 1749 1939 1802 τὸ
1969 1750 2223 1804 πλεῖστον
2253 1752 2328 1821 μὴ
2358 1754 2570 1821 ἐφιέναι
2601 1756 2743 1807 κατὰ
2767 1755 2827 1808 τὸ
2858 1756 3102 1819 ἐπιεικές
3129 1772 3187 1809 τε
3208 1756 3303 1807 καὶ
3334 1752 3465 1820 σύγ-

200 1863 278 1917 ρι.
298 1846 570 1908 Βασιλεὺς
598 1847 654 1899 δὲ
680 1846 779 1898 οὐκ
812 1846 977 1902 εὐθὺς
1002 1845 1331 1908 πιστεύσας,
1354 1846 1507 1915 ὅμως
1538 1846 1771 1917 συχνοὺς
1802 1832 1847 1890 Β
1878 1860 2097 1913 γνωμον
2117 1847 2211 1898 τοῦ
2243 1846 2290 1898 τ’
2321 1846 2472 1901 ἐλέου
2504 1848 2597 1901 καὶ⁹
2627 1848 2894 1919 ἀκριϐοῦς
2920 1865 2973 1901 τι
3005 1848 3160 1919 παρὰ
3188 1847 3345 1917 δίκην
3363 1847 3465 1917 τὴν

195 1940 545 1995 ἀποστέλλων
568 1942 659 1991 ἐπὶ
689 1939 788 2011 τὴν
823 1937 1015 2010 ἑορτὴν
1044 1939 1154 1992 τῶν
1169 1938 1369 1992 Φὼτων
1396 1940 1609 2004 ἐκάλει,
1631 1942 1773 2010 μετὰ

196 2034 299 2087 τῶν
329 2034 581 2105 συνήθων
611 2034 961 2104 παρασήμων
984 2034 1051 2104 τῇ
1080 2032 1345 2105 γερουσίᾳ
1375 2034 1773 2103 συνεορτάσονο

197 2143 279 2183 τα.
307 2126 418 2182 Καὶ
440 2128 494 2180 oi
521 2127 621 2196 μὲν
649 2124 903 2189 ἐκάλουν,
928 2128 955 2179 ὁ
978 2126 1036 2178 δὲ
1065 2126 1263 2195 συχνὸν
1295 2124 1556 2197 μυκτῆρα
1590 2126 1776 2196 σφίσιν

195 2219 497 2291 ἔμφαίνων,
548 2218 635 2293 [Ρ.
668 2216 799 2291 551]
846 2219 924 2283 ὡς
949 2220 1046 2273 καὶ
1094 2213 1211 2272 οἷον
1243 2220 1424 2291 κάδδῳ
1454 2221 1533 2291 τῷ
1563 2238 1775 2292 σκαρα-

199 2312 411 2381 μαγκεῳ
443 2314 590 2365 κατὰ
620 2311 900 2381 θαλάσσης
934 2311 1028 2364 ἐπὶ
1067 2311 1265 2380 γέλωτι
1313 2310 1579 2381 χρῆσθαι,
1633 2311 1771 2364 arct-

199 2508 450 2566 magnum
484 2491 683 2547 ducem
718 2489 925 2546 auditis
957 2489 1010 2544 in
1047 2489 1165 2552 illo,
1201 2505 1271 2545 oe
1320 2502 1431 2559 quo
1463 2489 1601 2554 dixi,
1640 2504 1778 2544 cou-

204 2587 325 2642 cilio
358 2588 536 2641 luisse
576 2582 975 2640 incredibiliter
1006 2582 1313 2639 eﬂeratum.
1346 2579 1553 2657 Nempe
1586 2584 1779 2639 intime

202 2681 417 2752 riugens
454 2678 792 2736 mussitabat
842 2679 986 2750 apud
1024 2694 1105 2743 se,
1127 2686 1182 2734 et
1212 2677 1268 2733 in
1304 2678 1441 2734 lidas
1477 2694 1778 2735 occurren~

204 2779 335 2833 tium
378 2779 498 2832 haec
542 2791 708 2832 aures
750 2775 1063 2832 eﬂ'undebat
1093 2792 1109 2831 :
1146 2775 1225 2830 En
1249 2775 1553 2846 imperator
1586 2778 1640 2830 in
1677 2776 1779 2833 hos

203 2870 448 2926 homines
477 2870 666 2934 nihili,
697 2870 826 2925 vilis
864 2878 919 2925 et
949 2869 1175 2939 plebeiae
1214 2869 1427 2939 stirpis,
1462 2869 1530 2924 ad
1566 2885 1625 2924 se
1654 2885 1782 2939 pro-

206 2964 370 3023 iectos
415 2973 501 3019 tot
547 2962 868 3020 centenaria
925 2963 1157 3017 millium
1193 2978 1543 3019 nummorum
1582 2964 1779 3035 partim

206 3058 389 3114 volens
428 3058 632 3130 partim
683 3065 829 3112 metu
892 3057 1122 3112 adactus
1164 3054 1374 3111 ell'mlit.
1432 3056 1543 3128 Ego
1597 3068 1778 3112 autem

206 3154 382 3206 tantus
409 3163 618 3222 genere
643 3163 707 3203 ac
730 3148 1019 3220 dignitate,
1053 3156 1133 3202 tot
1161 3162 1225 3202 ac
1246 3149 1380 3202 tales
1409 3148 1637 3212 ducens,
1671 3165 1778 3204 non

178 3241 361 3300 'modo
389 3244 529 3299 nihil
562 3243 743 3299 adhuc
777 3244 965 3313 accepi
996 3241 1143 3311 quod
1200 3242 1283 3297 rel
1341 3240 1501 3311 longe
1552 3245 1783 3299 accedat

206 3340 268 3395 ad
299 3339 672 3411 aequalitatem
709 3338 829 3406 ejus
879 3350 1133 3395 summae.
1183 3335 1277 3389 sed
1303 3344 1357 3390 et
1389 3334 1481 3389 ubi
1508 3342 1779 3389 seminam

208 3436 312 3505 spei
347 3434 481 3488 mihi
539 3436 837 3502 propositae
892 3446 957 3484 ex
1004 3428 1463 3499 promissionibns
1499 3446 1562 3485 ac
1608 3430 1782 3500 signis

207 3528 410 3583 caeteris
444 3529 555 3581 rite
592 3526 853 3591 subduxi,
902 3532 1057 3579 certo
1103 3512 1355 3591 intelligo
1394 3539 1514 3579 eam
1559 3525 1779 3581 demum

207 3636 415 3676 omnem
446 3620 507 3675 in
542 3632 753 3689 partem
790 3618 876 3673 vix
911 3616 1281 3672 multesimam
1317 3617 1657 3673 mercedisin
1681 3616 1784 3672 Ca-

210 3720 415 3774 teianos
444 3719 715 3788 impensa:
744 3716 938 3787 redigi.
982 3713 1103 3769 Tali
1142 3714 1361 3785 penitus
1401 3713 1783 3783 indignatione

209 3821 448 3867 astuans
471 3811 647 3881 erepit
676 3808 913 3880 primum
949 3806 1207 3862 omittere
1229 3806 1406 3861 oﬂicia
1428 3808 1603 3861 aulica
1643 3824 1785 3877 quo-

212 3906 538 3961 tidianarum
565 3904 957 3960 salutationum
980 3900 1233 3971 Augusti.
1256 3900 1401 3955 domi
1427 3894 1784 3977 contemptim

213 4002 491 4067 desidens,
531 4013 632 4054 nec
660 3990 897 4053 obscure
926 3996 1112 4052 ferens
1148 4004 1462 4065 respectare
1502 4011 1785 4053 secessum

214 4096 262 4151 in
292 4111 458 4152 naves
500 4109 670 4158 suas,
725 4091 869 4161 quod
921 4091 1033 4161 jam
1092 4091 1278 4159 utique
1337 4090 1546 4159 liquido
1582 4090 1789 4145 videret

214 4204 366 4258 quam
400 4190 571 4259 longe
599 4186 740 4240 inl'ra
784 4183 1190 4240 destinationes
1237 4182 1599 4238 consiliorum
1656 4198 1787 4237 suo-

215 4297 327 4338 rum
358 4292 413 4337 et
443 4280 912 4350 exspectationes,
945 4292 1067 4346 quae
1090 4275 1243 4328 illum
1278 4277 1345 4329 ad
1397 4274 1784 4344 imperatorem

218 4385 517 4437 traxerant,
553 4387 852 4428 successus
879 4371 1098 4426 denmm
1128 4370 1241 4439 ipse
1266 4382 1329 4422 ac
1354 4383 1593 4437 prmsens
1624 4386 1684 4423 ex
1697 4386 1789 4438 pe-

216 4470 397 4524 rientia
444 4466 743 4523 recideret.
802 4463 974 4535 Ergo,
1006 4464 1152 4531 quod
1196 4464 1373 4525 aiunt,
1409 4461 1659 4516 inhibere
1705 4478 1788 4516 ze-

1882 1936 2049 2009 ὀρθὴν
2094 1939 2468 2012 παραθραύων
2494 1958 2506 1972 ’
2544 1941 2571 1995 ὅ
2626 1941 2692 2013 δὴ
2730 1944 2844 2006 τοῖς
2897 1941 3157 2015 καθαρῶς
3194 1943 3464 2014 ὑπηκόοις

1886 2032 1981 2084 καὶ
2022 2031 2227 2101 μᾶλλον
2276 2033 2476 2105 χρεὼν,
2523 2037 2549 2088 ὀ
2573 2035 2627 2089 δὲ
2678 2035 2774 2089 καὶ
2813 2038 2925 2100 τοῖς
2954 2035 3201 2107 ἀκριϐῶς
3232 2035 3468 2091 ἀντιπάοο

1882 2121 1997 2184 λοις
2020 2122 2320 2194 ἀπονέμειν
2346 2123 2612 2195 οὖμενονν
2642 2127 2703 2179 οὐ
2741 2124 3037 2193 κατώκνει,
3081 2126 3157 2193 ὡς
3195 2125 3262 2181 ἃν
3289 2122 3383 2181 οὖν
3408 2127 3467 2193 ἐξ

1882 2214 2082 2268 ἑαυτοῦ
2115 2216 2549 2289 ἀποτριϐόμενος
2579 2220 2640 2273 τὸ
2675 2220 2968 2292 ὲπίμωμον
3004 2221 3099 2276 ἐπὶ
3134 2224 3249 2287 τοῖς
3281 2222 3466 2277 τοιοὺ⁸

1884 2324 2016 2374 τοις.
2074 2308 2134 2366 Ὀ
2164 2310 2224 2364 δὲ
2255 2312 2441 2377 πάσας
2493 2314 2711 2386 ἡμέρας
2767 2318 2988 2383 ὲκείνας
3045 2317 3471 2388 θαλασσαυλῶν,

1888 2508 2077 2549 secum
2112 2494 2504 2553 celebrandum
2528 2501 2837 2570 exspectari
2870 2516 2899 2555 a
2931 2516 3130 2558 secum
3161 2501 3490 2573 insignibus.

1887 2604 2002 2644 sua:
2030 2587 2336 2659 dignitatis,
2360 2601 2628 2649 consueto
2657 2594 2799 2649 inter
2828 2603 3113 2652 senatores
3140 2595 3263 2653 loco
3294 2611 3477 2654 sessu-

1890 2698 2037 2745 rum,
2070 2681 2314 2740 olliclose
2348 2684 2677 2742 indicarent.
2703 2685 2909 2746 Verum
2944 2689 3045 2749 bos
3073 2692 3155 2746 sic
3176 2691 3244 2745 ad
3276 2689 3476 2747 festum

1889 2773 2188 2831 invitantes
2221 2776 2311 2833 ille
2346 2775 2582 2835 irridens
2628 2780 2907 2844 eludebat.
2930 2798 3095 2855 quam
3123 2782 3279 2838 nihili
3307 2762 3478 2839 duce-

1890 2876 1975 2923 ret
2000 2866 2240 2939 insignia
2266 2886 2390 2941 qua;
2421 2883 2786 2929 memorarent
2809 2875 3095 2947 dignitatis
3126 2878 3195 2934 ab
3225 2876 3478 2951 Augusto

1890 2960 2045 3024 data,
2082 2969 2344 3029 proterve
2369 2971 2677 3031 ostentans,
2707 2967 2982 3023 abutendo
3003 2985 3188 3025 coram
3213 2970 3350 3041 ipsis
3379 2986 3478 3043 per

1889 3053 2128 3108 derisum
2184 3057 2567 3128 scaramangio
2630 3069 2685 3114 ut
2717 3059 2854 3115 cado
2906 3060 2973 3117 ad
3014 3076 3213 3135 aquam
3252 3079 3283 3120 e
3330 3065 3473 3119 mari

1836 3214 1851 3233 ‘
1894 3146 2274 3203 hauriendam.
2308 3147 2429 3216 Quo
2458 3149 2544 3205 sui
2579 3160 2930 3221 contemptus
2976 3153 3030 3210 in
3059 3170 3150 3212 res
3177 3159 3475 3227 imperato-

1889 3239 1966 3295 ris
2006 3239 2183 3311 palam
2210 3243 2458 3298 exbibito
2490 3244 2814 3314 specimlne.
2850 3248 3048 3306 missos
3077 3250 3197 3320 ejus
3221 3252 3340 3307 sine
3362 3250 3475 3306 alio

1890 3348 2158 3404 responso
2183 3350 2211 3389 a
2236 3351 2294 3391 se
2324 3338 2553 3393 dimisit.
2580 3337 2737 3396 Tune
2768 3342 2872 3398 fuit
2904 3347 3254 3401 manifestum
3283 3360 3477 3400 averso

1885 3439 2010 3482 esse
2035 3427 2187 3483 illum
2215 3430 2285 3484 ab
2316 3430 2561 3503 Augusto
2586 3436 2793 3500 animo,
2824 3437 3179 3509 cogitareque
3213 3438 3369 3509 plane
3387 3438 3473 3501 vel

1892 3521 2127 3577 reditum
2155 3524 2381 3598 domum
2412 3528 2492 3582 vel
2515 3529 2579 3583 ad
2606 3545 2765 3584 suum
2791 3530 3235 3587 Theuderiebum
3262 3574 3278 3598 ,
3318 3531 3479 3602 cujus

1887 3623 2010 3670 erat
2064 3616 2364 3673 amicitiam
2405 3629 2514 3675 tam
2556 3623 2845 3693 splendide
2882 3626 3185 3695 professus.
3219 3624 3322 3681 sibi
3349 3641 3477 3681 cer-

1888 3706 2164 3764 tissimum
2217 3724 2526 3768 accessum.
2574 3714 2846 3771 Caeterum
2910 3716 3056 3772 idetn
3092 3718 3146 3773 in
3210 3728 3475 3789 apparatur

1891 3801 2254 3856 tumultuario
2319 3806 2484 3860 eundi
2543 3815 2656 3863 tres
2724 3808 2844 3863 dies
2891 3819 2947 3865 et
2997 3820 3188 3865 noctes
3248 3811 3475 3867 totidem

1890 3894 2271 3964 consumpsit,
2302 3912 2413 3966 quo
2465 3899 2646 3968 spatio
2704 3901 2919 3957 remisit
2974 3901 3042 3956 ad
3091 3904 3479 3973 imperatorem

1890 3982 2089 4043 aureas
2135 4003 2264 4044 suas
2306 4000 2706 4062 argenteasque
2752 3993 2962 4052 lances.
3004 3995 3080 4051 Eo
3115 3998 3299 4050 triduo
3359 3995 3477 4051 Μο-

1893 4082 2251 4138 ηοηὼοεὶοιαι
2282 4085 2506 4152 quidam
2543 4102 2573 4142 e
2596 4087 2870 4141 ministris
2911 4088 3206 4145 maritimis
3241 4089 3481 4158 impera-

1891 4171 2029 4228 toris
2057 4212 2073 4238 ,
2118 4176 2343 4231 solliciti
2398 4179 2542 4247 quod
2586 4180 2862 4236 triremem
2920 4183 3212 4252 quamdam
3247 4182 3399 4253 prius
3445 4196 3478 4237 a

1895 4266 2226 4339 Mpyrigerio
2267 4273 2518 4328 mercede
2550 4275 2878 4331 conductam
2907 4276 2952 4333 is
2973 4277 3115 4347 apud
3145 4291 3205 4332 se
3227 4276 3477 4342 haberet,

1892 4364 1969 4415 uti
2026 4363 2359 4432 apparebat,
2391 4366 2750 4435 abducturus,
2792 4369 3088 4423 consilium
3120 4379 3385 4437 ceperunt
3417 4368 3476 4427 in

1890 4468 2016 4507 eum
2057 4456 2361 4525 improviso
2383 4459 2623 4516 irruendi
2648 4479 2663 4529 ;
2686 4477 2797 4532 quo
2826 4464 2993 4517 simul
3033 4463 3344 4518 irrisiouem
3371 4464 3477 4517 im-

218 4564 430 4634 migium
468 4576 534 4615 ac
560 4570 735 4622 retro,
788 4558 935 4612 unde
973 4566 1221 4619 venerat,
1253 4570 1477 4609 cursum
1511 4553 1789 4609 reﬂectere
1825 4569 1870 4626 ο
1898 4551 2171 4617 peratoris
2215 4550 2635 4619 ulcisci-rentur,
2679 4553 2842 4609 simul
2868 4566 3259 4625 recuperarent
3294 4553 3476 4609 navim

219 4652 469 4722 decrevit.
504 4653 743 4721 Moxque
769 4665 895 4705 cum
921 4650 1039 4703 suis
1061 4649 1500 4703 navibusversus
1531 4645 1790 4701 Blacher-

221 4758 310 4797 nas
341 4744 592 4805 tendens,
626 4742 772 4809 ipsas
803 4739 1036 4810 Augusti
1089 4737 1277 4807 palatii
1312 4736 1790 4805 prseternavigavit

225 4834 379 4901 iores,
402 4834 849 4890 ineertitudinem
872 4840 1052 4886 tamen
1077 4833 1246 4885 animi
1280 4830 1581 4899 praeferens
1600 4844 1792 4902 quam-

224 4929 331 4980 dam
352 4929 877 4998 ambiguitatemque
906 4926 1213 4985 sententia).
1245 4924 1375 4977 dum
1410 4925 1539 4977 hinc
1565 4922 1783 4993 quidem

222 5024 369 5089 quasi
420 5024 632 5075 lia'rens
692 5019 873 5073 adhuc
928 5017 1103 5087 pactis
1155 5018 1436 5071 conventis
1494 5016 1784 5088 dignitatis

226 5116 453 5183 symbola
487 5118 557 5167 ab
590 5114 918 5181 imperatore
940 5120 1165 5182 accepta
1195 5108 1358 5183 505
1388 5110 1621 5175 retinet;
1652 5109 1785 5179 quin

226 5214 273 5261 et
297 5209 547 5274 palatina:
587 5207 951 5277 supellectilis
989 5220 1117 5262 vasa
1156 5208 1351 5273 partim
1388 5219 1556 5259 aurea
1587 5204 1782 5273 partim

228 5310 464 5371 argentea
495 5302 720 5361 circiter
753 5301 999 5371 triginta,
1026 5299 1081 5354 in
1122 5298 1326 5368 quibus
1354 5296 1422 5351 ad
1452 5311 1576 5352 eum
1602 5296 1786 5363 Augu-

230 5403 336 5447 stus
362 5396 537 5464 pridie
574 5394 803 5449 honoris
824 5408 990 5448 causa
1018 5409 1047 5449 e
1076 5408 1260 5447 mensa
1293 5406 1390 5446 sua
1414 5390 1594 5445 edulia
1622 5391 1787 5445 mise-

230 5496 323 5547 rat,
373 5490 610 5544 nondum
664 5487 895 5542 remissa
952 5487 1169 5540 tenebat
1204 5485 1347 5555 apud
1424 5499 1564 5540 sese.
1616 5482 1785 5537 Porro

234 5576 509 5647 imperator
558 5583 788 5637 audiens
825 5582 941 5636 vela
986 5581 1169 5636 facere
1206 5579 1596 5651 Mpyrigerinm
1642 5577 1793 5631 inSa-
1841 5574 1844 5578 “

237 5669 393 5727 lutato
420 5690 474 5729 se
500 5718 513 5740 ,
547 5682 783 5746 primum
833 5683 893 5730 ut
934 5675 1009 5730 rei
1065 5676 1225 5745 plane
1290 5672 1593 5729 incredibili
1633 5670 1791 5725 tidem

1902 4642 2202 4711 propriam.
2240 4641 2441 4699 Verum
2477 4659 2575 4699 eos
2608 4644 2660 4700 id
2690 4661 2852 4715 agere
2886 4647 3029 4701 haud
3080 4663 3274 4717 passus
3308 4647 3482 4718 impe-

1899 4742 2051 4787 rator
2098 4742 2213 4798 est,
2279 4736 2360 4788 vel
2408 4734 2589 4790 adhuc
2648 4739 3007 4806 pertinaciter
3056 4754 3287 4810 sperans
3332 4741 3480 4796 illius

1898 4829 2401 4885 reconciliationem
2444 4847 2658 4897 secum,
2702 4834 2787 4888 vel
2814 4834 3023 4889 cladem
3056 4837 3318 4904 majorem
3376 4835 3481 4889 ali-

1896 4934 2060 4989 quam
2090 4932 2365 4987 metuens,
2397 4926 2478 4977 vel
2508 4924 2745 4992 denique
2781 4924 3073 4995 indulgens
3128 4926 3328 4981 innata:
3376 4926 3479 4981 sibi

1896 5014 2208 5081 inolitreque
2266 5015 2494 5070 lenitati.
2547 5017 2611 5070 Et
2666 5018 2769 5072 hac
2818 5019 3037 5088 quidem
3073 5019 3266 5074 ultima
3313 5020 3479 5073 trium

1894 5120 2184 5161 causarum
2242 5110 2403 5164 unice
2459 5127 2515 5165 se
2573 5120 2781 5165 motum
2831 5111 2991 5183 505
3025 5114 3077 5166 in
3137 5111 3476 5182 prohibenda

1895 5200 2251 5269 aggressione
2303 5202 2613 5274 Mpyrigerii
2646 5204 2795 5259 credi
2850 5206 3022 5261 voluit
3058 5204 3358 5277 Augustus,
3396 5205 3479 5259 af-

1898 5294 2107 5349 fectans
2159 5312 2375 5366 semper
2430 5297 2628 5352 famam
2688 5299 3125 5354 mansuetudinis
3164 5300 3400 5355 innoxiae
3426 5309 3480 5353 et

1899 5385 2076 5441 facilis
2128 5389 2192 5441 ad
2221 5389 2613 5459 ignoscendum
2648 5390 2989 5460 gravissimis
3019 5390 3183 5445 etiam
3214 5388 3434 5458 injuriis
3459 5426 3475 5450 .

1898 5491 1951 5534 et
2004 5484 2384 5547 humanitatis,
2423 5500 2527 5556 qua
2572 5486 2678 5539 vim
2728 5501 2975 5540 severam
3016 5484 3149 5539 recti
3194 5482 3384 5551 jndicii
3418 5497 3481 5539 ae

1894 5578 2123 5648 justitire
2161 5581 2371 5635 ultricis
2409 5581 3114 5651 laudabiliterinfringeret.
3147 5580 3295 5647 Quas
3321 5578 3481 5648 equi-

1900 5676 2023 5727 dem
2056 5677 2288 5728 virtutes
2323 5675 2497 5729 lateor
2534 5686 2725 5731 rcclca
2760 5677 3005 5746 principe
3038 5673 3275 5745 impendi
3306 5673 3481 5743 culpis

239 5762 517 5835 abnegabat
546 5785 560 5834 ;
597 5785 661 5825 ac
692 5770 783 5823 ubi
818 5769 1075 5835 credidit,
1110 5768 1469 5824 dissimulans
1497 5765 1799 5835 destinavil
1903 5768 2238 5821 excusandis
2264 5784 2389 5823 vere
2411 5770 2750 5837 ﬁdeliterque
2782 5771 3149 5823 subditorum.
3175 5767 3270 5821 ille
3297 5775 3480 5819 autem

242 5856 421 5916 multos
452 5863 540 5932 qui
564 5879 689 5919 eum
718 5864 782 5918 ad
811 5862 1008 5919 festum
1033 5864 1327 5921 luminum.
1355 5862 1503 5931 quod
1527 5859 1796 5922 instabat,

453 5959 714 6024 PATROL.
747 5963 862 6023 Gn.
903 5961 1072 6022 CXLI
1087 5967 1133 6023 ν
1148 6006 1162 6021 .

1910 5860 2007 5913 has
2034 5860 2299 5916 adhibere
2334 5876 2440 5914 non
2472 5864 2805 5931 gravabatur
2847 5862 3094 5915 fovendis
3122 5858 3485 5931 tegendisqne

3036 5957 3107 6017 13
