3994 6226
461 307 567 370 563
1685 327 2010 395 GEORGII

2153 328 2536 392 CIIYMERE
3616 336 3708 405 564

461 423 772 524 προσετίθει
803 427 898 524 καὶ
945 429 1021 524 th;
1064 431 1216 524 οὐδὲν
1269 433 1369 504 μὲν
1409 436 1563 492 αὐτοὶ
1612 437 1871 504 ἀδικοῖεν,
1910 443 2045 495 ἀπο·
2076 450 2117 502 Α
2154 442 2418 512 βασιλέως
2441 445 2660 518 Μιχαὴλ
2693 445 2876 510 δεδιὼς
2905 447 3255 515 ἐπεξέλευσιν
3283 448 3590 520 (ὴγγέλλετο
3615 457 3711 524 γὰρ

464 515 884 616 στεροιξμενοιδὲ
900 521 1008 574 τῶν
1033 523 1243 593 μισθῶν
1258 527 1635 616 ἁφρρπάζοιεν
1658 535 1774 587 κατ’
1797 536 2040 604 ἀνάγκην
2151 537 2244 590 καὶ
2273 538 2466 602 ταῦτα,
2496 538 2570 598 ὠ;
2607 540 2993 611 στρατολογοίη
3029 545 3056 594 ὁ
3089 542 3369 612 βασιλεὺς,
3426 546 3528 599 κᾶν
3576 548 3713 616 παρὰ

459 606 778 708 τὴν-χωραν
809 614 1125 678 κακοῦντες.
1177 618 1281 673 Τὸν
1315 606 1498 691 μέντοι
1546 641 1610 692 γε
1674 624 1903 696 βασιλέα
1937 631 2043 683 Μι-
2147 629 2240 680 τοῦ
2302 631 2512 701 πατρὸς
2565 606 2689 685 καὶ,
2729 606 2998 702 βασιλέωξ
3060 606 3712 708 ἐτύχετε-γράφοντά),

462 700 603 803 χαὴλ
626 703 887 803 δυναμεις
912 709 1043 780 περὶ
1072 711 1237 764 αὐτὸν
1262 712 1454 784 ἔχοντα
1489 718 1803 788 Ῥωμαϊκὰς
1824 723 2042 775 ἀκούειν
2147 721 2405 791 πρύμναν
2424 700 2812 794 κρουσάμενος
2863 725 3020 790 αὖθις
3054 700 3360 799 γράμματα
3602 700 3714 784 Bne;

462 797 585 892 κατ’
615 797 796 856 αὐτῶν
832 800 970 858 ίέναι
1011 804 1086 867 ὼς
1143 807 1476 864 ἀδικούντων
1521 811 1828 881 βούλεσθαι.
1864 808 1935 887 ᾯ
1977 816 2042 884 δὴ
2145 812 2294 875 λείας
2329 815 2611 885 πεπόμφει
2665 819 2801 886 πρὸς
2852 797 3107 888 βασιλέως
3152 797 3586 890 ἀσολογούμέῖνονς
3627 823 3718 892 μὲν

461 891 552 944 καὶ
581 892 669 984 διὰ
690 895 813 956 τοὺς
844 896 1042 966 ὅρκους
1090 895 1169 964 οἷς
1193 905 1332 974 πρὸς
1370 908 1467 976 τὴν
1506 899 1786 974 pueriet”
1818 910 2042 979 ὲπώμο-ι
2145 904 2316 974 αὐτῷ,
2344 906 2397 963 ιτ
2424 907 2476 958 τί
2505 925 2603 960 που
2630 907 2738 976 ἄρα
2769 911 2862 963 καὶ
2901 911 3275 984 παρεξελέχθη
3305 913 3499 984 πικρὸν
3525 891 3718 967 καὶᾶλ-

458 999 552 1047 τος
583 979 671 1056 ἦν,
715 987 806 1042 ἐπὶ
852 989 1112 1046 πόδανκαὶ
1147 995 1276 1061 γόνυ
1324 1000 1597 1069 χωρήσειν
1665 1002 1828 1072 μέχρι
1861 1005 1955 1056 καὶ
1985 1005 2041 1065 ὲς
2145 999 2252 1064 λως
2281 1002 2529 1070 ἀπρεπὲς
2561 1001 2644 1074 [Ρ.
2677 1003 2804 1077 557]
2837 1007 2932 1074 τὴν
2955 979 3062 1060 eius
3087 979 3208 1059 tibi;
3232 979 3451 1061 'itot‘adiv
3480 1009 3716 1079 ἀνάγκην

455 1079 869 1172 τεσσαράκοντα
927 1081 1045 1154 ἴχνη
1088 1087 1392 1143 διεϐεϐαίου
1417 1132 1429 1155 ,
1489 1092 1808 1147 τούντεῦθεν
1855 1094 1911 1148 δὲ
1946 1094 2042 1148 καὶ
2145 1096 2242 1146 καὶ
2273 1094 2363 1148 τὸν
2401 1095 2613 1150 ἐκεῖθεν
2646 1097 2891 1151 κίνδυνον
2914 1100 3318 1172 ὑπονοουμένῳ,
3348 1100 3513 1166 ἀξιῶν
3556 1102 3609 1156 δὲ
3639 1103 3723 1158 λση

455 1169 608 1240 αὐτῷ
631 1171 894 1243 μελήσειν
910 1176 1009 1246 τῆς
1034 1194 1178 1248 σωτη
1192 1182 1309 1248 pla;
1341 1183 1507 1236 αὑτοῦ
1528 1201 1585 1237 τε
1612 1185 1705 1240 καὶ
1733 1185 1840 1239 τῶν
1870 1187 2037 1242 ίδίωνσ
2143 1186 2404 1250 γίσασθαι
2428 1189 2526 1258 μὲν
2557 1190 2646 1242 καὶ
2667 1190 2765 1260 τὴν
2795 1169 3160 1262 καινοτομίαν
3180 1169 3279 1263 τῆς
3337 1193 3519 1265 χώρας
3551 1193 3714 1262 ὁπόση

456 1266 562 1319 κᾶν
597 1267 759 1333 αὐτὸς
791 1267 999 1336 πίπτοι,
1039 1278 1310 1338 πεσεῖται,
1364 1278 1467 1330 κᾶν
1498 1279 1724 1346 ἐκεῖνος,
1759 1282 1818 1335 τὸ
1850 1283 2050 1354 μόρσιέ
2146 1283 2597 1352 παρακατασχεῖν
2625 1283 2671 1337 δ’
2703 1285 2844 1354 ὑπὲρ
2876 1283 3080 1354 ταύτης
3118 1284 3313 1338 ὁπόσον
3348 1283 3445 1338 καὶ
3475 1283 3724 1354 βούλοιτο,

459 1375 581 1426 μῦν.
609 1360 718 1414 Καὶ
742 1361 834 1426 τοῦ
860 1361 1047 1429 λοιποῦ
1075 1370 1149 1438 μὴ
1182 1371 1378 1439 χρῆναι
1414 1372 1556 1441 σφᾶς
1581 1374 1889 1443 φροντίζειν
1911 1378 2039 1447 περὶ
2143 1371 2278 1443 παρ’
2301 1371 2329 1424 δ
2358 1373 2454 1425 καὶ
2501 1374 2661 1443 μόνον
2687 1375 2748 1428 τὺ
2776 1377 2962 1431 λοιπὸν
2996 1377 3057 1443 ἐξ
3099 1371 3176 1431 ὧν
3206 1375 3462 1448 χιλιάδων
3491 1373 3728 1446 ἀπῄτουν

459 1451 671 1521 κυρίου,
707 1453 780 1518 ὡς
815 1456 1114 1525 ἀναγκαῖον
1147 1459 1207 1524 δν
1242 1463 1549 1533 ἀμύνεσθαι
1598 1467 1725 1532 τοὺς
1758 1467 2039 1539 ὑπάρξαν·
2149 1466 2377 1531 διδόναι,
2405 1467 2512 1521 κᾶν
2542 1469 2601 1520 οὐ
2627 1467 2722 1524 νῦν
2751 1469 2849 1533 τὰς
2888 1470 3093 1533 πάσας,
3135 1469 3252 1523 ἀλλ’
3284 1467 3377 1522 οὖν
3396 1467 3497 1529 τὰς
3519 1467 3730 1532 πλείους

456 1565 578 1613 τας.
624 1555 716 1607 καὶ
756 1554 831 1625 μὴ
867 1555 1237 1625 καθυφεικότα
1283 1561 1384 1629 τῆς
1444 1560 1584 1632 ὑπὲρ
1631 1561 1732 1632 τῆς
1768 1564 2039 1633 σωτηρίας
2143 1557 2251 1611 τῶν
2274 1559 2413 1614 ὅλων
2434 1560 2700 1624 τέως,ὲπί
2728 1563 2785 1616 δὲ
2815 1562 2893 1632 τῷ
2912 1562 3158 1616 λείποντι
3191 1563 3272 1625 είς
3301 1561 3531 1632 διωρίαν
3560 1578 3726 1632 προσ-

458 1644 693 1715 σπουδῆς
719 1650 978 1716 ναυαγεῖν
1004 1652 1061 1702 ὲν
1085 1650 1282 1720 λιμένι.
1314 1649 1499 1705 Ταῦτα
1531 1654 1628 1708 καὶ
1641 1652 1848 1707 τοιαῦθ’
1874 1648 2038 1720 ἔτερα
2144 1654 2404 1724 αναρτᾷν.
2436 1654 2499 1706 Εί
2525 1653 2570 1707 δ’
2600 1654 2713 1720 οὖν,
2739 1656 2858 1709 ἀλλ’
2893 1656 3057 1720 αὐτὸς
3096 1655 3199 1727 μὲν
3258 1654 3413 1722 ἔλεγε
3447 1654 3632 1716 δοῦλος
3661 1649 3734 1706 εἷ-

455 1735 694 1808 κορύζης
736 1738 1001 1809 Ἰταλικῆς
1027 1741 1164 1797 πλέα
1189 1742 1678 1815 σοϐαρευσάμενος,
1711 1743 1781 1799 τὰ
1812 1747 1911 1816 μὲν
1930 1747 2039 1798 τῶν

467 1827 685 1886 Ἰταλῶν
708 1833 854 1893 κακὰ
886 1833 1248 1907 παρατρέχων
1275 1838 1369 1892 καὶ
1391 1838 1471 1902 είς
1501 1838 1682 1902 αίτίας
1711 1839 2039 1911 μεταφέρων

454 1922 729 1993 εὐλόγους,
760 1926 836 1991 ὡς
862 1927 1242 1998 ὑπελάμϐανε,
1296 1933 1364 1984 τὰ
1397 1931 1454 1986 δὲ
1477 1931 1586 1986 τῶν
1620 1931 1885 2003 βασιλέων
1914 1934 2047 1988 ὐπο-

453 2017 808 2086 κοριζόμενος
834 2021 1236 2093 ἀναισχύντως,
1263 2023 1467 2094 μᾶλλον
1497 2022 1679 2095 ἑαυτῷ
1712 2040 1770 2078 τε
1805 2026 1899 2079 καλ
1931 2027 2046 2089 τοῖς

456 2109 610 2176 ἰδίοις
636 2111 863 2178 πιθανὸς
918 2115 950 2185 ἦ
990 2119 1101 2180 τοῖς
1155 2116 1447 2172 ἀκούουσιν
1478 2116 1680 2181 ἔδοξεν.
1718 2117 1793 2169 Οὐ
1824 2115 2045 2179 πλείους

453 2203 514 2270 ἐξ
543 2205 750 2260 ἐκείνου
783 2207 890 2262 τῶν
917 2208 1049 2262 δέκα
1079 2209 1363 2279 παρῆλθον
1395 2209 1623 2281 ἡμέραι,
1651 2208 1746 2262 καὶ
1774 2209 1934 2277 γνοὺς
1963 2202 2046 2271 οἷς

453 2298 554 2366 Wst
592 2300 758 2382 ἐχρῆν
803 2302 982 2382 λόγοις
1015 2301 1363 2376 ἐξαμαρτὼν,
1395 2304 1429 2385 ἢ
1467 2306 1561 2358 καὶ
1593 2304 1692 2384 τὴν
1759 2304 1912 2374 παρὰ
1948 2302 2040 2355 τοῦ

453 2584 668 2642 actum.
725 2581 871 2649 quod
911 2580 1116 2650 injuste
1169 2580 1415 2637 fraudati
1478 2582 1776 2653 stipendiis
1816 2580 2040 2647 debitis,

453 2672 780 2744 ndactiqtte
812 2673 880 2728 ad
918 2674 1142 2741 incitas,
1183 2677 1325 2730 unde
1363 2677 1612 2732 viverem
1640 2693 1803 2733 manu
1839 2679 2042 2749 quaesi-

454 2767 716 2828 vissent.
751 2767 1059 2839 diripienda
1109 2770 1162 2824 in
1211 2785 1378 2840 quam
1428 2771 1602 2827 vocati
1667 2770 1904 2828 inissent
1957 2788 2045 2827 re-

452 2860 637 2930 gione.
669 2861 877 2921 Audire
911 2877 970 2920 se
1007 2869 1188 2920 tamen
1221 2865 1546 2920 Michaelem
1579 2866 1889 2937 Augusutm
1928 2865 2043 2920 Ro-

455 2971 652 3013 manas
673 2958 817 3017 circa
850 2974 910 3014 se
942 2959 1235 3016 habentem
1268 2960 1479 3028 capias,
1511 2959 1709 3015 minari
1736 2961 2041 3017 exercitum

453 3048 720 3108 infestum
768 3049 820 3104 in
861 3051 1012 3119 ipsos
1046 3050 1366 3107 immittere.
1405 3050 1545 3106 Huic
1581 3068 1733 3117 vero,
1780 3062 1838 3107 ιιι
1871 3052 2043 3122 impe-

2145 1762 2231 1798 ναι
2258 1746 2352 1797 καὶ
2368 1746 2530 1801 πάλιν
2561 1747 2656 1801 καὶ
2679 1749 2790 1812 τοῖς
2823 1749 2903 1809 είς
2930 1750 3030 1816 τὴν
3051 1747 3333 1818 βασιλείαν
3359 1749 3544 1818 ὅρκοις
3570 1746 3734 1799 ὑπεύ-

2151 1833 2329 1898 θυνος,
2358 1837 2500 1906 ἔχειν
2527 1838 2582 1891 δὲ
2613 1839 2705 1892 καὶ
2737 1841 2837 1894 σὺν
2863 1839 3014 1910 αὐτῷ
3044 1841 3250 1909 χιλίους
3275 1841 3406 1900 τοὺς
3445 1838 3732 1902 εὐπειθεῖς,

2150 1930 2262 1989 τοῖς
2287 1929 2332 1982 δ’
2361 1929 2542 1994 ἄλλοις
2572 1931 2637 1984 ἂν
2667 1931 2817 2000 αὐτῷ
2936 1932 3249 2003 βουλομένῳ
3276 1933 3577 2002 μάχεσθαι,
3615 1931 3734 1982 ἐπεὶ

2151 2023 2425 2087 κάκείνοις
2457 2026 2662 2087 σκοπὸς
2692 2025 2725 2097 ἢ
2760 2023 3019 2078 λαϐοῦσιν
3045 2026 3280 2096 ἠρεμεῖν
3326 2025 3360 2094 ἢ
3406 2024 3483 2094 μὴ
3509 2022 3736 2076 λαϐοῦσι

2150 2121 2247 2189 τὴν
2276 2119 2459 2191 χώραν
2481 2122 2876 2192 καταδραμεῖν,
2919 2124 3010 2176 καὶ
3041 2123 3206 2188 αὐτὸς
3244 2122 3468 2194 σύναμα
3488 2123 3608 2186 ταῖς
3641 2119 3734 2192 βα-

2152 2214 2388 2279 σιλικαῖς
2409 2215 2706 2294 δυνάμεσιν
2731 2215 3099 2282 ἐπιτίθεσθαι,

2145 2593 2233 2640 sto
2263 2581 2549 2651 Michaele,
2578 2582 2864 2654 impetum,
2894 2595 2956 2639 ut
2979 2581 3288 2647 dicebatur,
3313 2595 3442 2636 mox
3475 2580 3532 2635 in
3561 2576 3740 2651 ipsum

2146 2679 2365 2735 facturo
2399 2688 2456 2735 et
2491 2677 2560 2735 ad
2605 2679 2712 2735 hoc
2753 2679 3064 2734 exercitum
3107 2689 3344 2749 augente
3375 2677 3540 2733 novis
3590 2676 3740 2732 dele-

2144 2773 2332 2830 ctibus
2366 2786 2689 2844 quanquam
2731 2773 2931 2829 litteris
2964 2773 3142 2845 patris
3180 2771 3250 2828 ab
3279 2786 3346 2827 eo
3379 2770 3626 2827 consilio
3655 2785 3740 2823 τοι

2146 2866 2678 2924 traltebatur..Utut
2721 2867 2818 2932 sit,
2876 2878 3066 2930 cursu,
3103 2863 3250 2936 quod
3303 2865 3484 2932 aiunt,
3539 2863 3745 2920 reﬂexo

2143 2960 2480 3018 Rontzerius
2507 2962 2722 3017 litteras
2753 2962 2946 3032 plenas
2980 2960 3313 3016 humilitatis
3340 2975 3467 3015 cum
3501 2959 3744 3017 obnoxia

2145 3055 2501 3124 professione
2539 3055 2829 3111 servitutis
2873 3055 2941 3109 ad
2972 3057 3285 3125 Augustum
3338 3053 3627 3110 seniorem
3658 3052 3744 3105 ιιει

453 3142 660 3199 ratoris
692 3144 804 3198 tilio
832 3153 885 3198 et
911 3144 1128 3212 imperii
1155 3145 1424 3210 consorti,
1462 3146 1610 3200 scire
1645 3162 1766 3202 sese
1799 3161 1899 3202 nec
1923 3147 2041 3201 dis—
2070 3184 2113 3242 ε
2147 3146 2252 3212 dit,
2288 3163 2569 3204 excusans
2597 3148 2840 3203 sollicite
2872 3149 2916 3202 si
2948 3148 3081 3218 quid
3118 3148 3220 3218 ipsi
3247 3163 3380 3216 erga
3410 3146 3538 3216 ejus
3572 3145 3745 3214 maje-

453 3237 726 3294 simulare
750 3236 878 3305 quid
913 3236 1161 3292 deberet.
1195 3237 1454 3308 Adeoque
1485 3247 1822 3308 perstantem
1851 3241 1903 3296 in
1938 3240 2043 3296 tide

456 3332 638 3394 debita
663 3333 863 3403 jnrata:
891 3332 967 3387 illi
990 3332 1375 3403 subjectionis,
1411 3341 1664 3400 paratum
1701 3349 1826 3390 esse
1858 3337 2038 3403 ipsum

454 3426 712 3491 venerari
747 3426 1080 3498 procidendo
1111 3427 1178 3482 ad
1217 3426 1378 3496 pedes
1407 3425 1549 3482 ﬂexo
1584 3438 1639 3482 et
1674 3428 1823 3486 humi
1862 3429 2041 3499 posito

455 3538 624 3596 genu,
650 3522 736 3578 vel
775 3537 959 3594 usque
981 3521 1056 3580 ab
1077 3522 1510 3594 quadragesimo
1548 3524 1801 3592 vestigio.
1841 3523 1912 3578 De
1934 3541 2042 3579 rae-

457 3629 600 3683 tero,
635 3615 680 3672 si
717 3615 824 3670 vim
859 3615 1110 3682 inferret,
1144 3631 1208 3673 se
1242 3615 1389 3672 haud
1421 3625 1751 3673 cunctanter
1781 3619 2040 3689 repulsu-

454 3725 602 3775 rum,
658 3709 910 3784 nihilque
978 3711 1316 3769 omissurum
1353 3711 1498 3779 quod
1545 3727 1658 3767 suae
1714 3727 1778 3766 ac
1811 3728 2037 3766 suorum

456 3804 818 3877 expedienda
844 3806 1013 3864 saluti
1051 3805 1370 3862 necessario
1402 3805 1775 3861 adhibendum
1822 3805 2047 3864 videre-'
2090 3840 2094 3844 ι

455 3911 572 3960 tur.
621 3900 804 3956 Prtelii
854 3915 1179 3955 successum
1211 3901 1266 3954 in
1317 3899 1486 3956 sortis
1513 3899 1747 3956 arbitrio
1779 3899 1894 3955 fore
1931 3917 1945 3954 :
1982 3915 2042 3956 se

456 3996 606 4052 enim
638 4004 698 4052 et
727 3995 926 4052 cadere
954 3996 1046 4051 tali
1079 3995 1388 4054 certamine
1421 4006 1701 4064 paratum,
1733 4005 1786 4051 et
1807 3995 2043 4063 quemli-

455 4089 553 4147 bet
596 4104 658 4146 se
701 4097 894 4144 contra
930 4087 1257 4146 inferentem
1287 4088 1560 4144 occidere.
1595 4087 1709 4144 Nec
1741 4089 1880 4146 velle
1907 4104 2041 4146 suos

457 4183 798 4255 augurandis
845 4183 1138 4239 eventibus
1195 4183 1464 4239 sollicitos
1506 4199 1632 4240 esse
1682 4183 1751 4238 de
1791 4183 2040 4239 domino.

455 4273 599 4330 Nam
629 4273 820 4332 talium
858 4288 990 4333 cura
1021 4272 1156 4328 viris
1206 4272 1441 4330 fortibus
1473 4275 1525 4328 in
1572 4275 1901 4330 discrimine
1947 4289 2042 4330 ne-

459 4367 716 4441 gligenda
772 4375 879 4431 est,
925 4383 1039 4423 uno.
1086 4368 1368 4436 proposito
1409 4367 1723 4440 vigentibus
1767 4369 2043 4438 intrepide

459 4463 747 4536 pugnandi
797 4460 1214 4531 ulciscendique
1244 4475 1304 4516 se
1333 4478 1400 4515 ac
1433 4457 1718 4532 frangendi
1775 4462 2039 4516 intentam

2147 3250 2346 3296 etatem
2406 3242 2668 3297 acerbius
2725 3253 2820 3297 aut
2877 3241 3086 3311 alioqui
3122 3242 3304 3297 minus
3345 3242 3502 3297 dictu
3540 3255 3744 3296 conve-

2147 3334 2308 3388 niens
2353 3348 2568 3402 nupera
2624 3333 2896 3389 concione
2951 3333 3276 3390 excidisset.
3326 3333 3382 3388 Si
3441 3333 3582 3402 quid
3639 3331 3751 3386 tale

2146 3426 2308 3490 foret,
2350 3425 2460 3481 sibi
2496 3441 2715 3481 summa
2764 3425 2817 3481 vi
2845 3442 3202 3496 expressum,
3236 3427 3582 3482 necessitate
3609 3424 3747 3484 deli.

2147 3515 2336 3572 niendi
2375 3517 2686 3572 concitatos
2731 3519 2786 3572 in
2850 3517 3188 3574 seditionem
3247 3519 3303 3574 in
3366 3535 3546 3589 seque
3611 3519 3750 3573 adeo

2147 3614 2329 3681 ipsum
2382 3611 2602 3666 irruere
2657 3592 2941 3668 hostiliter
2992 3624 3215 3684 paratos
3275 3613 3426 3669 feros
3480 3614 3746 3669 Italorum

2145 3708 2382 3760 animos.
2417 3705 2494 3760 De
2527 3705 2759 3777 negotio.
2796 3707 2919 3778 ipso
2950 3705 3323 3777 flagitatorum
3361 3710 3432 3764 ab
3464 3706 3556 3764 his
3593 3717 3752 3763 tanto

2148 3803 2333 3857 furore
2389 3800 2817 3868 stipendiorum,
2877 3801 2959 3856 sic
3019 3815 3166 3857 nunc
3217 3800 3324 3858 sibi
3392 3800 3577 3857 videri
3634 3816 3748 3866 rem

2146 3910 2311 3965 posse
2383 3893 2603 3949 conﬁci.
2658 3891 2948 3949 Estimari
3017 3893 3214 3966 jubeat
3285 3891 3556 3963 maiestas
3628 3896 3753 3967 ejua

2145 3991 2350 4044 damna
2410 4003 2589 4059 nuper
2648 3990 2799 4043 illata
2871 3988 3084 4059 regioni
3150 3988 3352 4060 pradis
3418 3989 3750 4061 rapinisque

2144 4083 2556 4145 Catelanorum.
2589 4081 2722 4136 Eam
2766 4096 3044 4136 summam
3091 4081 3147 4136 in
3184 4079 3600 4152 stipendiorum
3659 4098 3751 4136 re-

2148 4189 2233 4234 tro
2293 4177 2608 4236 debitorum
2663 4184 2880 4247 partem
2939 4177 3215 4246 imputet,
3277 4190 3456 4246 eoque
3524 4175 3752 4234 nomine

2152 4269 2386 4330 retineat
2429 4285 2496 4324 ex
2543 4269 2654 4324 illis
2699 4283 2824 4340 qua:
2867 4278 3105 4340 poscunt
3157 4282 3521 4324 nummorum
3581 4269 3753 4325 milli-

2147 4365 2275 4429 bus,
2325 4374 2593 4433 quantum
2642 4379 2712 4419 ex
2756 4379 2916 4433 atque
2946 4362 3247 4418 censuerit.
3297 4362 3604 4436 Reliquum
3658 4364 3757 4418 de-

2148 4459 2324 4516 bitum
2380 4466 2738 4529 repraesentet
2795 4458 2980 4525 modo,
3024 4457 3071 4515 si
3119 4472 3230 4514 non
3279 4468 3484 4525 totum,
3549 4461 3753 4516 saltem

461 4573 528 4614 ex
559 4557 792 4612 adverso
843 4557 972 4610 vim.
1011 4554 1205 4624 itaque
1248 4569 1358 4609 non
1407 4553 1843 4619 committemus,
1875 4554 2044 4610 stulta
2078 4538 2122 4594 Ῐ)
2154 4569 2218 4607 ex
2271 4564 2420 4622 parte
2457 4551 2667 4622 majore
2698 4568 2714 4607 :
2744 4561 2999 4609 eaeteram
3034 4551 3370 4607 solutionem
3414 4553 3751 4623 suspendat,

461 4653 663 4710 salutis
693 4651 1024 4722 objiciendze
1064 4650 1310 4720 periculo
1357 4648 1676 4713 formidine,
1723 4659 1782 4705 ut
1826 4650 2046 4719 injuria:

461 4750 895 4803 succumbentes
929 4745 1300 4815 servitutiqne
1346 4744 1539 4813 inique
1579 4744 1862 4813 nancipati
1907 4761 2048 4802 ηου-

462 4842 700 4912 fragium
755 4840 915 4911 513
960 4839 1014 4893 in
1062 4848 1222 4910 portu
1272 4838 1562 4893 iaciamus.
1614 4837 1740 4891 i-lmc
1785 4847 1838 4892 ct
1878 4839 2046 4909 hujus

459 4935 679 5007 generis
723 4935 879 5004 plura
925 4933 1072 4987 Italae
1105 4934 1264 5002 plana
1323 4931 1634 4987 insolentia:
1678 4931 2046 4990 licentissime

459 5029 771 5089 blaterabat
823 5025 1298 5092 barbarus,'fa}tla
1333 5043 1561 5081 suorum
1609 5025 1933 5081 Latinorum
1964 5026 2041 5086 fa-

461 5124 654 5180 cinora
679 5122 971 5192 speciosis,
1004 5129 1064 5175 nt
1109 5121 1355 5189 putabat,
1400 5124 1648 5189 integens
1698 5119 2043 5181 obtentibus.

465 5235 557 5274 res
591 5218 990 5287 imperatorum
1043 5225 1351 5271 extenuans
1387 5216 1816 5285 deprimensque
1865 5215 2045 5285 impu-

464 5312 684 5374 denter,
722 5311 815 5364 sed
846 5323 913 5361 eo
955 5308 1174 5368 dicendi
1209 5323 1498 5372 successu,
1536 5317 1593 5361 ut
1636 5307 1736 5364 sibi
1773 5307 1949 5363 solum
1982 5322 2047 5364 ac

463 5407 602 5466 suis,
640 5405 774 5458 nttlli
813 5413 996 5457 autem
1034 5403 1268 5456 aliorum
1297 5404 1391 5471 qui
1419 5403 1698 5467 audirent,
1733 5400 2045 5471 probabilia

464 5498 615 5568 loqui
659 5499 732 5552 sit
784 5497 955 5551 visus.
991 5494 1109 5551 Non
1157 5497 1344 5565 plures
1387 5497 1576 5550 decem
1623 5510 1690 5550 ex
1728 5496 1828 5551 hac
1859 5494 2042 5552 habita

464 5591 734 5646 concione
765 5591 886 5644 dies
915 5590 1259 5653 etiluxerant,
1293 5604 1419 5643 cum
1450 5589 1601 5643 visus
1625 5596 1711 5644 est
1741 5588 2048 5658 intelligere

467 5683 804 5737 Rontzerius
839 5698 960 5737 sese
994 5683 1135 5735 ultra
1165 5697 1330 5751 qnam
1365 5682 1446 5736 fas
1480 5681 1623 5737 foret
1663 5682 1898 5738 dicendo
1926 5699 2051 5752 pro-

470 5791 708 5843 vectum,
740 5779 857 5832 sive
899 5776 948 5830 id
984 5776 1061 5830 illi
1091 5790 1190 5832 sua
1220 5776 1394 5844 ipsius
1429 5775 1717 5846 prudentia
1747 5780 2043 5848 suggessit,

471 5875 587 5938 sive
623 5873 779 5932 istam
807 5874 1096 5946 inspiravit
1127 5873 1506 5944 pta-nitentium
1541 5882 1720 5930 metus
1760 5872 1832 5931 ab
1853 5873 2046 5952 Augu.

2152 4645 2464 4718 pollicendo
2511 4662 2570 4702 se
2621 4646 2675 4701 in
2710 4654 2959 4716 tempore
2990 4647 3369 4716 provisurum.
3406 4647 3553 4703 Sese
3601 4647 3756 4716 quod

2151 4730 2435 4806 attineret,
2467 4743 2666 4798 iterum
2701 4756 2766 4798 ex
2802 4741 2973 4796 animi
3009 4742 3096 4796 sui
3138 4742 3413 4797 sententia
3448 4742 3758 4798 verissimo

2155 4836 2352 4897 aﬂ‘ertu
2395 4835 2639 4905 proﬁteri
2674 4835 2985 4906 subjectum
3019 4850 3080 4892 se
3111 4835 3388 4905 maiestati
3423 4835 3555 4907 ejus
3589 4851 3748 4901 esse,

2151 4944 2216 4991 ac
2245 4944 2342 4999 pro
2368 4927 2742 4999 jurisjurandi
2777 4925 3046 4997 religione
3095 4926 3610 4996 obsequentissima
3657 4941 3762 4982 vo-

2152 5024 2362 5078 luntate
2418 5032 2787 5092 praeparatum
2846 5020 2914 5074 ad
2979 5019 3028 5074 ei
3081 5019 3461 5076 serviendum.
3534 5018 3762 5078 Habere

2151 5118 2314 5179 etiam
2342 5117 2445 5175 sibi
2471 5118 2608 5174 satis
2642 5116 2946 5188 morigeros
2980 5131 3010 5170 e
3040 5116 3160 5171 suis
3199 5115 3381 5181 mille;
3411 5131 3563 5185 quos
3598 5115 3650 5171 si
3687 5116 3761 5170 sit

2150 5227 2289 5281 opus
2317 5221 2372 5266 et
2396 5213 2696 5280 imperator
2723 5209 2935 5280 jubeat,
2969 5208 3134 5281 515
3167 5210 3372 5265 ducere
3394 5223 3505 5263 non
3532 5208 3762 5265 dubitet

2156 5307 2422 5362 adversus
2460 5306 2600 5361 alios
2648 5306 2705 5361 in
2747 5305 3097 5360 contumacia
3136 5312 3448 5374 perstantes
3479 5313 3539 5359 et
3568 5303 3759 5357 adhuc

2156 5399 2524 5457 vociferantes
2581 5415 2661 5465 se,
2714 5399 2761 5453 si
2814 5398 3104 5468 pecuniam
3136 5411 3302 5468 quam
3349 5406 3552 5468 petunt
3609 5394 3765 5451 acci-

2159 5495 2332 5566 piant,
2366 5496 2679 5565 quieturos,
2710 5494 2796 5549 sin
2836 5493 3045 5559 minus,
3081 5493 3363 5562 regionem
3410 5491 3760 5548 incursuros

2159 5586 2456 5646 hostiliter.
2503 5591 2714 5646 Horum
2752 5589 2946 5646 ulcisci
2999 5588 3338 5660 proterviam
3389 5588 3760 5646 conserendo

2155 5700 2279 5739 cum
2325 5683 2410 5739 his
2471 5684 2658 5754 prmlio
2717 5683 2772 5739 in
2810 5684 2995 5737 animo
3021 5683 3128 5738 sibi
3162 5699 3308 5751 esse,
3360 5681 3451 5737 ubi
3510 5694 3756 5737 suarum

2153 5792 2480 5838 caeterarum
2535 5781 2820 5850 copiarum
2870 5779 3126 5835 idoneum
3180 5778 3247 5833 ad
3293 5791 3442 5849 spem
3495 5774 3759 5838 victoria

2153 5873 2462 5934 subsidium
2501 5873 2726 5947 adjungi
2755 5873 2858 5930 sibi
2897 5874 3179 5945 Augustus
3211 5867 3471 5943 jusserit.
