3990 6228
260 303 350 368 569
1209 311 1308 372 DE
1340 310 1786 374 ANDRONICO
1825 311 2294 378 PALEOLOGO
2323 316 2471 383 LIB.
2498 319 2596 388 VI.

3403 317 3513 385 570

246 425 494 492 καίσσρα
547 423 650 494 ἥδη
689 423 1066 494 φημιζόμενον
1094 464 1110 489 ν
1167 425 1288 478 ἐπεῖ
1345 430 1443 480 καὶ
1500 429 1533 498 ἠ
1593 426 1828 493 σύζυγος
1857 436 1901 490 Α
1934 435 2097 502 δῆθεν
2136 439 2218 502 εἰς
2249 437 2348 501 τὰς
2396 439 2690 509 λαχούσας,
2728 439 2857 504 τοὺς
2889 439 2948 493 δι
2981 438 3073 492 καῖ
3119 435 3269 506 παρά
3308 434 3513 503 φαῦλον

241 518 446 572 ἐκείνου
482 519 561 573 τὰ
595 520 913 592 Καισαρικά
946 519 1064 590 ἅμα
1094 521 1366 592 δεξαμένη
1401 523 1821 594 περιεϐέϐλητο.

240 614 345 667 Καὶ
363 611 522 665 ταῦτ’
557 615 791 683 ἔπραττε
823 616 932 668 τῶν
961 615 1171 670 πολλῶν
1200 617 1411 688 διιοτᾷν
1439 619 1650 672 ἐκεῖνον
1696 635 1790 671 πει
1808 650 1822 660 ο

239 703 503 775 ρώμενος,
547 707 666 758 ἐπεὶ
704 707 798 758 καὶ
839 708 1004 772 αὐτὸς
1041 708 1270 763 τοιαῦτα
1297 712 1532 777 πέμπων
1559 709 1694 781 πρὸς
1726 711 1824 782 βαι

236 798 384 851 ωλέα
411 797 760 870 διεμηνύετο.

233 921 334 987 καντ
366 914 514 980 Περὶ
550 916 658 987 τοῦ
681 917 1026 986 paparium),
1061 919 1286 975 καὶτοῦ
1313 920 1710 986 τελεσθέντος
1732 924 1823 987 εις

274 986 383 1038 τόν
420 985 738 1056 Ἀρμένιον
765 1005 780 1020 ο
807 989 907 1042 καὶ
940 989 1278 1059 δημηγορία
1309 992 1416 1046 τοῦ
1447 985 1779 1060 βασιλέως.

307 1077 364 1129 Ὀ
385 1077 444 1131 δέ
467 1096 538 1148 γε
571 1082 997 1152 πατριαρχεύων
1036 1083 1356 1148 ’Λθανάσιος
1382 1086 1450 1139 τὰ
1471 1085 1645 1137 πολλά
1671 1085 1824 1155 παρὰ

227 1173 315 1225 τοῦ
338 1171 616 1242 βασιλέως
636 1174 1137 1246 σνγκροτούμενος,
1161 1177 1281 1230 οὐδὲ
1308 1178 1495 1246 αὐτὸς,
1514 1177 1590 1242 ὡς
1620 1178 1820 1242 ἐδόκει,

225 1265 484 1336 καθυφίει
515 1268 617 1339 τῆς
667 1268 804 1339 πρὸς
861 1270 1070 1324 ἐκεῖνον
1113 1271 1435 1342 θεραπείας,
1485 1271 1821 1340 καὶμᾶλλον

223 1361 300 1414 ὅτι
333 1377 400 1429 γε
442 1362 547 1415 καὶ
580 1362 794 1417 πολλῶν
821 1363 933 1416 τῶν
975 1365 1293 1435 δυναμένων
1326 1365 1540 1435 βασιλεῖ
1579 1370 1822 1420 συνεῖναι

221 1456 310 1509 καὶ
363 1455 659 1527 ξυνεργεῖν
721 1461 800 1522 εἰς
849 1459 1090 1526 τάγαθὸν
1140 1459 1352 1531 ἔρημον
1390 1459 1584 1514 τοῦτον
1646 1463 1822 1515 ποιεῖν

222 1546 531 1615 συνέϐαινε,
563 1550 724 1604 τοῦτο
757 1549 858 1620 μὲν
899 1551 1298 1620 ἀποφυγόντων
1350 1554 1616 1617 ἑκουσίως
1643 1556 1701 1617 ἐς
1728 1554 1824 1606 πό-

219 1641 327 1704 λεις
357 1643 585 1714 ἑτέρας.
615 1644 776 1698 τοῦτο
800 1644 858 1698 δὲ
889 1646 983 1698 καὶ
1015 1646 1200 1699 αὐτῶν
1225 1645 1432 1709 αἰτίαις
1461 1646 1823 1717 περιϐαλλόν-

217 1739 610 1802 των.ὲκείνους
654 1731 730 1792 ὧν
775 1739 939 1792 ἕνεκα
987 1739 1082 1792 καὶ
1109 1739 1496 1810 ἀπηρτημένοι
1543 1739 1814 1808 βασιλέως

217 1827 378 1902 ἦσαν.
415 1834 534 1886 Καὶ
563 1832 652 1886 διὰ
690 1833 862 1886 ταῦτα
897 1831 1336 1900 ὑποποιούμενος
1367 1833 1460 1886 τὸν
1497 1833 1689 1903 καιρὸν
1722 1827 1816 1886 οὗ-

215 1941 303 1988 τος
333 1927 625 1997 συνεχέσιν
646 1927 981 1997 ἀγρυπνίαις
1006 1926 1101 1979 καὶ
1122 1924 1423 1988 λιτανείαις
1448 1926 1814 1995 περιεσπᾶτο,

216 2019 406 2085 στῖφος
439 2018 694 2092 μοναχῶν
735 2004 1022 2085 συγκαλῶν
1047 2017 1144 2070 καὶ
1178 2018 1512 2086 ἱερωμένους
1537 2018 1633 2071 καλ⁵
1672 2018 1814 2087 πλῆ-

215 2107 301 2170 θος
334 2109 494 2175 ἀλλο,
531 2112 627 2163 καὶ
658 2110 832 2164 πολλὰ
860 2110 1202 2179 ύπερπαθῶν
1231 2109 1311 2180 τῷ
1354 2109 1537 2164 δοκεῖν
1569 2110 1815 2172 συνόδοις

212 2199 550 2273 όλοημέροις
588 2204 748 2271 μόνος
773 2203 1094 2274 ἀρχιερέων,
1137 2203 1298 2270 μόνος
1324 2202 1434 2256 τῶν
1462 2203 1815 2274 προύχόντων

214 2292 311 2363 τῆς
360 2294 730 2364 Ἐκκλησίας,
764 2295 890 2358 τοὺς
923 2293 1011 2368 [Ρ.
1035 2292 1165 2367 561]
1199 2293 1300 2365 μὲν
1332 2294 1723 2365 παραπέμπων
1741 2294 1815 2358 ὡς

215 2473 480 2530 volentia!
539 2490 822 2544 curaeque,
875 2490 1017 2546 quas
1052 2476 1179 2530 talis
1219 2477 1574 2534 necessitudo
1619 2494 1815 2548 posce-

217 2572 327 2630 ret,
385 2567 624 2622 omnin
654 2577 940 2638 expertem
993 2568 1364 2638 relinquebat,
1401 2571 1498 2626 sed
1535 2586 1566 2626 e
1591 2582 1813 2625 contra-

214 2659 298 2714 rio
352 2674 568 2731 genere
605 2662 759 2715 omni
822 2659 1221 2716 blanditiarum
1274 2663 1646 2725 demulcebat,
1693 2665 1812 2734 iam

217 2753 407 2824 utique
438 2769 584 2826 pene
620 2754 962 2810 declaratum
993 2754 1265 2811 Caesarem
1291 2773 1304 2810 :
1329 2756 1573 2812 Caesarea
1608 2758 1813 2828 quippe

216 2844 466 2916 insignia
513 2859 655 2900 uxor
703 2845 826 2915 eius
852 2846 920 2901 ab
953 2848 1203 2916 Augusto
1239 2858 1466 2917 accepta
1523 2847 1810 2904 induerat.

218 2935 530 3005 Satagebat
565 2934 734 3006 518
773 2934 1031 2990 videlicet
1069 2936 1173 2991 hac
1207 2947 1324 2992 arte
1357 2952 1384 2989 a
1427 2939 1812 2994 communibus

221 3032 401 3098 gentis
455 3045 569 3085 suae
601 3029 866 3086 consiliis
894 3027 1257 3085 Bontzerium
1305 3029 1605 3093 abducere,
1648 3046 1809 3086 occa-

1930 528 2238 598 τιθέμινος,
2274 530 2372 591 τάς
2404 530 2849 600 ἀμφισϐητήσεις
2876 530 2971 584 τοῦ
3003 529 3245 598 πλήθους
3273 527 3513 581 διαλύειν

1927 623 2294 692 πειρώμενος,
2321 625 2424 679 κᾶν
2452 625 2628 690 ἄλλως
2655 626 2840 688 κακῶς
2873 617 2988 695 εἶχε
3029 625 3089 676 τὸ
3139 623 3243 692 τῆς
3280 617 3512 691 Ἐκκλη-

1928 716 2050 777 cia:
2079 717 2375 786 πλήρωμα,
2406 717 2516 771 τῶν
2539 719 2858 790 περιφανῶν
2889 719 2946 770 ὲν
2979 716 3158 786 ἐνδείᾳ
3191 715 3284 768 καὶ
3313 714 3511 784 ἀτιμίᾳ

1924 810 2305 868 διαϐιούντων.
2347 812 2423 864 Οὐ
2471 813 2578 883 γὰρ
2635 812 2936 885 ἐξήλλακτο
2978 810 3057 879 τῷ
3112 810 3267 877 ἀνδρὶ
3311 809 3378 861 τά
3416 806 3510 862 τοῦ

1924 902 2094 973 ἤθους
2121 903 2232 957 οὐδ’
2259 905 2319 965 ις
2343 904 2517 976 βραχὺ
2549 906 2945 965 καταστάσεως
2968 903 3068 972 τῆς
3098 901 3361 970 ἀρχῆθεν,
3387 898 3513 954 καῐα

1921 1010 2006 1046 τοι
2044 1013 2109 1064 γε
2138 993 2234 1047 τοῦ
2265 994 2534 1064 βατιλέως
2570 996 3069 1066 πληροφοροῦντος,
3105 997 3184 1048 ὅτ’
3215 995 3379 1048 αὑτὸν
3415 991 3511 1046 ἐπὶ

1923 1088 2035 1142 τῶν
2084 1087 2563 1157 ἐκκλησιαστικῶν
2611 1090 2704 1143 καὶ
2737 1089 2898 1144 πάλιν
2933 1089 3282 1158 πραγμάτιον
3310 1085 3513 1150 ἐποίει,

1924 1180 2000 1244 ὡς
2036 1181 2097 1234 τὸ
2124 1176 2255 1252 ἦθος
2288 1182 2636 1250 ὲνήλλακται.
2669 1183 2852 1248 Ὀλως
2891 1176 2946 1235 δὲ
2975 1179 3294 1242 ἀθώπευτος
3316 1175 3382 1250 ἦν
3411 1179 3507 1231 καὶ

1926 1275 2212 1344 ἄτεγκτος,
2239 1277 2334 1330 καὶ
2362 1277 2427 1328 ἶν’
2456 1276 2627 1338 οὕτως
2649 1277 2809 1341 εἴπω,
2831 1275 2973 1328 κατά
2993 1277 3121 1336 τοὺς
3142 1271 3510 1344 κερασϐόλους

1925 1368 2174 1438 κυάμους
2201 1368 2541 1436 ἀμάλακτος,
2578 1368 2750 1436 βαρὺς
2785 1369 2884 1436 μὲν
2934 1369 3208 1436 μοναχοῖς,
3253 1362 3510 1429 ἐξαλλάτ-

1923 1480 2029 1514 των
2061 1462 2155 1514 καὶ
2192 1461 2330 1514 αὑτά
2351 1466 2418 1513 τὰ
2449 1461 2558 1513 τῶν
2589 1460 2768 1531 μονῶν
2803 1461 3008 1513 τυπικᾶ
3037 1459 3132 1513 καὶ
3165 1458 3510 1528 μονοφαγῑαν

1923 1552 1990 1608 δι’
2019 1553 2174 1618 ἔτους
2207 1549 2696 1627 ξξακριόούμενος,
2716 1553 2790 1617 ὼς
2816 1553 2910 1607 καὶ
2939 1552 3237 1615 ὲννατίζειν
3267 1549 3373 1611 ἀεὶ,
3403 1551 3509 1603 κᾶν

1925 1645 2196 1714 ἐφιστῷτο
2244 1647 2574 1709 δεσπόσυνος
2632 1641 2794 1715 ἑορτὴ
2848 1645 2942 1696 καὶ
2998 1642 3107 1695 τῶν
3142 1639 3507 1710 πασχαλξων,

1926 1739 2097 1808 βαρὺς
2127 1739 2182 1791 δὲ
2217 1741 2310 1792 καὶ
2357 1736 2662 1810 κληρικοῖς,
2706 1735 2876 1808 βαρὺς
2903 1738 2960 1791 δὲ
3011 1738 3104 1790 καὶ
3138 1737 3370 1798 λαῖκοῖς,
3408 1736 3508 1787 καὶ

1919 1827 1989 1883 τὰ
2037 1829 2195 1885 πάντ’
2229 1829 2378 1899 ἄγων
2408 1831 2500 1884 καὶ
2545 1829 2732 1904 φέρων
2759 1831 2838 1895 εἰς
2868 1832 2988 1885 θεῖα
3021 1828 3392 1896 δικαιώματα,
3426 1820 3508 1889 οῖς

1918 1923 2028 1978 οὐδ’
2055 1923 2194 1988 ὅλως
2216 1923 2324 1977 οὐδ’
2357 1925 2405 1978 oi
2435 1925 2886 1994 ὁμολογουμένως
2920 1925 3051 1991 περὶ
3086 1923 3152 1976 τὰ
3188 1923 3309 1974 Θεῖα
3339 1924 3505 1989 ἠκρι-

1921 2016 2156 2085 ΰωμένοι
2205 2018 2647 2090 κατεχρήσαντο.
2701 2019 2811 2072 Καὶ
2853 2019 3152 2087 ἐπορεύετο
3202 2016 3505 2085 κραταιού-

1921 2127 2082 2179 μενος
2131 2109 2225 2164 ἐπὶ
2264 2111 2473 2174 τούτοις
2537 2111 2805 2180 βασιλέως
2859 2111 3345 2181 συγκροτησμοῖς,
3398 2110 3504 2163 κᾶν

1918 2205 2270 2268 πάντες,’κα“ι
2311 2204 2516 2274 μᾶλλον
2549 2206 2658 2257 τῶν
2692 2205 2987 2275 ὲπιδήλων,
3041 2201 3327 2274 δυσχερῶς
3357 2199 3503 2274 εἶχον

1916 2299 2031 2360 τοῖς
2083 2295 2216 2366 παρ’
2268 2298 2482 2352 ἐκείνου
2531 2297 2954 2369 πραττομένοις.
3012 2297 3095 2352 Τά
3144 2297 3251 2368 γὰρ
3287 2297 3502 2351 ἐκείνου

1917 2477 2271 2534 siasticorum
2316 2494 2634 2550 procerum.
2690 2479 2897 2550 quippe
2934 2493 3058 2534 cum
3107 2478 3351 2549 reliquos
3386 2478 3504 2550 ipse

1916 2566 1988 2623 ab
2031 2572 2166 2625 urbe
2192 2568 2543 2625 amandasset
2581 2582 2794 2634 omnes,
2830 2571 2971 2625 alios
3001 2567 3227 2640 quidem
3269 2569 3336 2623 ad
3370 2582 3504 2625 suas

1918 2661 2201 2719 Ecclesias
2235 2665 2494 2734 praesenti
2529 2679 2661 2718 cura
2699 2663 2968 2734 regendas
3006 2661 3086 2718 ire
3111 2660 3336 2733 iubens,
3364 2659 3507 2717 alios

1916 2756 2294 2812 delationibus
2316 2758 2461 2828 vulgi
2488 2757 2557 2812 ad
2584 2773 2744 2813 suum
2770 2753 3010 2812 tribunal
3032 2767 3278 2820 vocatos,
3308 2767 3505 2810 secun-

1917 2849 2045 2903 dmu
2098 2850 2477 2904 aconsantium
2525 2860 2649 2902 vota
2701 2847 2815 2904 fere
2855 2848 3153 2917 iudicans,
3198 2846 3504 2918 ignominia

1917 2939 2260 2997 deformatos
2291 2954 2494 3013 cOgeus
2530 2940 2810 2996 declinare
2848 2946 3212 3011 conspectum
3247 2938 3504 2993 multitu-

1917 3021 2185 3088 dinis'et
2245 3045 2356 3100 prae
2405 3031 2618 3102 pudore
2685 3030 2973 3088 dedec0ris
3025 3030 3195 3086 inusti
3256 3031 3504 3086 latebras

219 3125 437 3179 sionem
497 3124 621 3194 eius
655 3124 772 3192 spei
809 3140 839 3178 e
876 3123 1064 3179 missis
1117 3123 1184 3178 ah
1234 3125 1337 3178 hoc
1383 3139 1586 3179 arcano
1638 3124 1706 3180 ad
1755 3141 1815 3182 se
1843 3151 1886 3209 ο
1921 3140 2152 3195 peregre
2176 3141 2449 3196 quaerere.
2503 3123 2798 3194 Reliquum
2833 3139 2966 3180 vero
2989 3124 3497 3181 ecclesiasticarum

217 3219 439 3274 nuntiis
477 3233 728 3282 sumens,
757 3217 962 3287 quibus
994 3215 1241 3271 studiose
1271 3217 1609 3286 persuadere
1642 3233 1815 3273 cona-

222 3308 386 3364 batur
414 3326 483 3366 se
519 3311 720 3365 devoto
752 3317 1000 3379 perstare
1049 3309 1103 3362 in
1137 3310 1443 3381 Augustum
1481 3311 1688 3376 animo,
1718 3312 1814 3367 sed

221 3407 505 3472 quandam
559 3403 758 3474 agendi
807 3401 1177 3472 loquendique
1213 3405 1477 3457 adversus
1514 3402 1816 3472 imperato-

223 3511 335 3551 rem
379 3495 802 3552 simulationem
838 3493 1159 3562 extorqueri
1209 3491 1315 3546 sibi
1350 3501 1499 3547 metu
1554 3508 1619 3547 ac
1648 3493 1817 3549 minis

223 3597 500 3652 suorum,
547 3599 786 3655 quorum
839 3582 1248 3637 contumaciam
1303 3584 1511 3638 tacitus
1573 3585 1816 3638 detesta-

225 3689 390 3735 retur.
426 3677 430 3681 ’

223 3795 312 3854 2!.
344 3798 429 3852 De
457 3795 634 3850 libello
690 3796 917 3863 famoso,
945 3796 1113 3863 deque
1158 3810 1220 3847 eo
1262 3801 1402 3864 quod
1444 3796 1572 3850 mire
1615 3795 1810 3850 accidit

364 3876 604 3924 Armeno
623 3882 643 3930 ;
677 3883 933 3936 superque
964 3866 1060 3920 illo
1093 3868 1273 3919 concio
1315 3865 1674 3934 imperatoris.

296 3959 623 4017 Pati-iarcha
672 3975 842 4029 porro
878 3959 1218 4012 Athanasius
1251 3969 1311 4011 ut
1345 3957 1553 4024 ingenti
1601 3974 1824 4027 semper

233 4053 422 4109 favore
471 4063 640 4122 atque
689 4052 958 4121 applausu
1006 4050 1364 4121 imperatoris
1409 4051 1819 4112 honorabatur.

231 4149 301 4203 ita
355 4165 464 4204 nec
520 4147 638 4216 ipse
677 4145 848 4200 videri
899 4145 1118 4200 volebat
1175 4146 1282 4198 ulla
1346 4144 1591 4200 vicissim
1653 4146 1708 4198 in
1761 4161 1822 4200 re

231 4255 454 4300 cessare
487 4256 609 4312 qua
651 4241 716 4293 ad
762 4241 811 4294 ei
857 4239 1288 4311 gratificandum
1324 4239 1815 4308 obsequendumve

233 4339 554 4403 pertineret.
584 4336 661 4389 Ad
709 4335 855 4403 quod
904 4333 1058 4388 illum
1093 4332 1419 4386 stimulabat
1453 4333 1693 4386 maxime
1726 4349 1816 4385 so-

231 4429 409 4488 litudo
445 4429 797 4500 imperatoris
826 4438 880 4482 et
912 4426 1200 4482 destitutio
1233 4443 1262 4480 a
1291 4426 1478 4482 multis
1512 4442 1610 4480 sua
1648 4441 1816 4482 causa

1925 3231 2124 3288 corpus
2153 3220 2394 3287 graviter
2445 3217 2766 3274 universum
2805 3219 3118 3282 laborabat,
3170 3217 3503 3273 illustriori-

1926 3313 2029 3367 bus
2073 3307 2390 3383 quibusque
2435 3311 2633 3366 horum
2680 3313 2879 3382 partim
2919 3311 3104 3380 inepia
3150 3307 3505 3375 conﬂictatis,

1926 3405 2129 3476 partim
2187 3406 2398 3460 honore
2457 3405 2748 3459 imminuto
2808 3405 2876 3460 de
2933 3405 3104 3474 gradu
3189 3396 3504 3474 splendoris

1926 3497 2152 3568 pristini
2204 3495 2457 3567 deiectis.
2501 3495 2620 3552 Non
2677 3497 2820 3552 enim
2867 3495 3033 3568 519
3081 3497 3166 3552 vel
3212 3496 3280 3550 ad
3337 3497 3504 3551 breve

1925 3600 2147 3661 tempus
2170 3589 2508 3646 Athanasius
2533 3592 2826 3644 immutare
2851 3590 3147 3659 quidquam
3180 3599 3275 3643 aut
3309 3590 3504 3642 remit-

1924 3693 2042 3739 tere
2065 3683 2133 3737 de
2167 3683 2260 3737 illa
2292 3697 2506 3738 morum
2562 3683 2862 3738 acerbitate
2915 3683 3083 3753 priori
3125 3683 3501 3752 patriarchatu

1920 3777 2272 3832 odiosissime
2366 3774 2605 3831 exercita
2686 3785 3013 3839 curaverat,
3104 3783 3385 3842 utcunque
3448 3785 3503 3829 et

1922 3867 2247 3925 credidisset
2298 3869 2599 3940 imperator
2649 3879 2702 3923 et
2754 3869 3090 3938 persuadere
3141 3869 3263 3924 aliis
3328 3885 3504 3938 spon-

1921 3961 2102 4019 dendo
2184 3964 2514 4027 studuisset,
2589 3963 2813 4033 quando
2877 3962 3030 4015 illum
3108 3961 3505 4017 ecclesiasticis

1923 4069 2118 4110 rursus
2201 4056 2434 4124 negotiis
2504 4057 2836 4123 praeposuit,
2909 4055 3076 4108 alium
3152 4055 3312 4124 plane
3384 4053 3500 4122 iam

1920 4153 2101 4220 ipsum
2159 4164 2188 4202 a
2242 4150 2420 4218 primo
2479 4149 2572 4202 illo
2624 4150 2832 4202 dudum
2888 4164 3057 4202 exoso
3108 4164 3170 4203 ac
3204 4148 3502 4203 formidato

1925 4258 2071 4297 nunc
2128 4256 2250 4296 esse
2307 4241 2537 4304 factum,
2594 4259 2718 4292 cum
2764 4253 2946 4295 tamen
2993 4243 3042 4296 is
3090 4249 3220 4294 tunc
3263 4240 3503 4297 maxime

1924 4337 2090 4389 nullis
2149 4351 2208 4389 se
2264 4336 2554 4390 verborum
2605 4334 2804 4388 ofﬁciis
2837 4331 3202 4396 delinibilem,
3255 4331 3503 4402 praeﬁgi-

1926 4425 2052 4479 dnm
2088 4426 2246 4495 plane
2278 4425 2594 4495 quemdam,
2631 4435 2685 4480 et
2747 4437 2804 4479 ut
2857 4427 2936 4481 sic
2988 4427 3201 4493 loquar,
3241 4433 3402 4493 prout
3432 4425 3502 4480 de

231 4514 584 4586 absentibus,
612 4537 850 4591 quorum
897 4519 1189 4590 praesentia
1229 4527 1283 4572 et
1315 4532 1481 4586 opera
1516 4517 1571 4571 in
1601 4526 1680 4571 tot
1709 4516 1817 4572 illis
1852 4490 1894 4543 θ
1925 4517 2067 4574 fabis
2098 4517 2255 4587 aiunt
2279 4532 2452 4572 cornu
2485 4521 2667 4584 tactis,
2702 4521 2853 4572 nulla
2891 4528 3118 4572 coctura
3147 4514 3499 4570 emollibilem

233 4618 659 4674 difﬁcultatibus
682 4614 997 4686 gravissimi
1018 4614 1287 4680 temporis
1305 4611 1487 4682 iuvari
1523 4611 1813 4680 potuisset,

232 4711 564 4774 quibusdam
590 4725 782 4764 eorum
812 4708 1072 4762 exsilium
1102 4705 1206 4761 sibi
1233 4712 1430 4776 sponte
1459 4703 1816 4759 consciscen-

232 4806 374 4860 tibus
407 4801 719 4860 recedendo
754 4801 811 4856 in
847 4801 1106 4855 civitates
1141 4799 1304 4862 alias,
1340 4805 1394 4851 et
1428 4796 1622 4852 iisdem
1655 4806 1816 4850 ciete-

235 4911 322 4954 ros
375 4895 796 4966 implicantibus
829 4894 886 4948 in
931 4897 1153 4951 easdem
1205 4905 1405 4946 causas
1437 4889 1509 4944 ob
1543 4904 1681 4960 quas
1709 4888 1816 4958 ipsi

237 4991 299 5044 ab
371 4991 710 5060 imperatore
783 4988 1198 5044 discessissent.
1252 4986 1436 5052 Quare
1505 4983 1815 5054 patriarcha

237 5089 632 5154 congruentem
693 5082 938 5138 tristitia
1013 5089 1326 5152 temporum
1384 5078 1815 5135 sollicitudinem

238 5187 538 5242 ostentans,
599 5175 880 5232 continuis
933 5175 1135 5245 vigiliis
1193 5186 1248 5231 et
1312 5175 1521 5230 litaniis
1584 5173 1808 5227 Numen

241 5271 589 5343 propitiando
613 5285 794 5326 rerum
839 5271 896 5324 in
928 5270 1194 5340 praecipiti
1230 5271 1592 5339 pendentium
1625 5272 1818 5327 ruinas

242 5363 437 5421 fulcire
475 5364 809 5419 conabatur.
860 5362 1068 5418 Multus
1119 5363 1288 5434 igitur
1320 5373 1443 5420 erat
1473 5363 1526 5418 in
1579 5379 1818 5435 congre-

247 5457 434 5527 gandis
457 5457 528 5511 ad
563 5456 872 5510 orationem
909 5455 1312 5510 monachorum
1342 5453 1602 5519 ﬂetibus.
1631 5470 1818 5510 sacer-

247 5552 428 5606 dotum
468 5563 690 5620 quoque
737 5563 802 5602 ac
835 5551 1012 5603 turbae
1049 5557 1282 5610 craterae,
1315 5563 1427 5617 prae
1459 5564 1517 5601 se
1553 5550 1732 5603 ferens
1755 5563 1820 5602 ex

246 5633 528 5697 animose
571 5641 813 5710 compati
857 5640 1270 5694 calamitatibus
1317 5639 1576 5707 publicis.
1629 5639 1821 5706 Quoti—

247 5731 431 5787 dianas
461 5730 596 5801 quin
647 5731 810 5785 etiam
852 5730 1161 5784 celebrabat
1205 5731 1470 5802 synodos,
1498 5746 1811 5802 quanquam

250 5823 391 5877 solus
431 5823 550 5892 ipse
582 5820 805 5890 quidem
860 5821 1432 5892 archiepiscoporum,
1460 5823 1611 5879 solus
1638 5823 1815 5879 eccle-

1923 4613 2210 4682 praeberet,
2236 4627 2457 4683 gravem
2493 4614 2716 4682 quidem
2748 4613 3035 4667 monachis
3071 4611 3296 4679 (quibus
3319 4615 3497 4680 ipsum

1921 4705 2172 4774 quotidie
2230 4718 2522 4761 numerum
2582 4705 2920 4775 psalmorum
2967 4714 3021 4758 et
3070 4713 3268 4759 cantus
3317 4705 3502 4758 ecclo-

1924 4798 2175 4865 siastici,
2228 4812 2330 4853 usu
2391 4799 2854 4853 inonasteriorum
2907 4797 3250 4868 singulorum
3291 4795 3505 4870 dudum

1920 4889 2154 4956 delinlti,
2244 4892 2466 4946 modum
2546 4895 2756 4962 passim
2831 4906 3175 4962 exaggerans
3237 4895 3500 4954 mutaret,

1919 4982 2244 5051 eisdemque
2293 4985 2362 5038 de
2410 4999 2556 5038 novo
2593 4985 2997 5055 praescriberet,
3038 4992 3304 5052 tanquam
3333 4981 3501 5037 insti~

1919 5075 2023 5130 tuti
2070 5073 2446 5132 observationi
2503 5077 2791 5132 monastici
2831 5075 3148 5140 necessario
3203 5088 3500 5140 annexam,

1921 5167 2243 5237 religionem
2279 5168 2586 5223 continuati
2635 5169 2772 5221 citra
2827 5165 3298 5221 intermissionem
3333 5166 3502 5219 ullam

1917 5271 2018 5330 per
2047 5267 2223 5313 totum
2255 5273 2413 5328 aeque
2464 5273 2670 5312 annum
2714 5257 2935 5326 ieiunii,
2975 5258 3137 5310 unica
3186 5257 3238 5310 in
3269 5254 3359 5309 die
3409 5272 3502 5312 re.

1922 5352 2162 5409 fectione
2235 5352 2521 5417 contenti;
2576 5352 2721 5406 unde
2784 5351 2948 5405 fiebat
3001 5365 3282 5420 nunquam
3340 5349 3502 5420 plane

1922 5447 2058 5502 hora
2098 5446 2249 5514 prius
2280 5449 2423 5500 nona
2468 5452 2691 5514 gustare
2725 5445 3028 5515 quidquam
3077 5444 3403 5506 monachos,
3433 5456 3503 5496 ne

1927 5540 1982 5594 in
2033 5541 2192 5595 festis
2238 5540 2460 5607 quidem
2504 5538 2722 5593 Domini
2767 5548 2866 5592 aut
2905 5539 3041 5608 ipsis
3092 5533 3501 5605 Pnschalihus),

1924 5649 2142 5700 gravem
2210 5635 2376 5686 etiam
2439 5631 2681 5694 clericis,
2733 5647 2956 5702 gravem
3021 5639 3079 5684 et
3138 5631 3316 5694 laicis,
3368 5632 3498 5682 dum

1925 5725 2108 5778 omnia
2146 5725 2390 5779 omnium
2432 5726 2496 5776 ad
2539 5723 2876 5798 divinarum,
2905 5736 2964 5779 ut
3005 5721 3502 5792 aiebat,justiflca-

1926 5818 2134 5873 tionum
2182 5832 2430 5874 normam
2474 5818 2671 5874 acerbe
2718 5833 2936 5889 semper
2978 5819 3282 5875 emendans
3339 5830 3499 5870 revo-
