3990 6228
413 352 520 419 671

1636 334 1962 432 csonen
2006 331 2503 396 PACHYMERE

3462 292 3466 296 ’
3566 314 3673 381 572

550 449 686 541 πρὸς
714 466 786 521 τὰ
818 466 926 522 τῶν
952 465 1126 522 ἄλλων
1155 442 1373 529 ἐξαίσια
1403 456 1545 533 ἦσαν
1587 463 1685 514 καὶ⁵
1714 429 1823 513 οὐδ’
1854 459 1990 519 ὅλως
2022 454 2064 512 Α
2093 446 2183 542 ἦν,
2215 450 2587 542 διαφερόντιυς
2701 462 2763 514 γε
2787 445 2850 542 τῇ
2885 441 3115 542 obsidii.
3149 440 3236 501 Ὠς
3254 436 3310 542 es
3331 429 3674 542 adiungas;

407 562 639 626 δκείνοις
693 560 1034 623 συνέϐαινον,
1070 560 1185 623 τοῖς
1238 557 1339 628 μὲν
1395 555 1456 621 ἐξ
1509 548 1771 628 ἐναρέτου
1824 554 1986 622 δῆθεν

404 652 705 725 δοκήσεως,
742 654 855 713 τοῖς
892 651 937 704 δ’
978 652 1040 716 ἐξ
1076 651 1322 721 ἐμφύτου
1370 649 1598 719 γνώμης
1628 646 1843 710 δοκοῦν,
1874 647 1987 706 τοῖς

404 748 453 803 δ’
498 747 778 817 innabat");
828 745 1121 806 διαθέσεως
1177 744 1322 797 κατὰ
1364 742 1592 815 γνώμην
1638 742 1747 795 τῶν
1791 741 1992 796 πάλαι..

402 841 647 903 ΔὈιιιόϐεν
679 842 737 896 δὲ
764 840 912 895 τοῦτ’
939 836 1029 913 ἦν,
1070 840 1243 907 ἔξεστι
1274 839 1521 907 γίνεσθαι
1562 836 1658 891 τοῦ
1705 835 1987 916 πείθοντος

404 936 696 1006 λογισμοῦ.
763 938 982 1005 Ἀμέλει
1026 930 1108 988 τοι
1154 934 1249 987 καὶ
1288 934 1363 1003 μὴ
1408 932 1570 1003 μόνον
1599 933 1712 996 τοῖς
1749 929 1991 1002 ἀρχῆθεν

408 1032 782 1104 σχιζομένοις,
816 1032 951 1084 ἀλλὰ
985 1033 1078 1085 καὶ
1122 1032 1236 1094 τοῖς
1284 1029 1464 1090 ἄλλοις
1496 1025 1771 1097 ἁγλευκὴς
1817 1007 1992 1081 ὶδόκει

410 1127 507 1180 καὶ
536 1126 762 1188 ἀτενοῦς
794 1124 963 1196 ἡθους
988 1124 1083 1178 καὶ⁵
1117 1107 1257 1187 ὅλως
1289 1121 1695 1194 δυσπέμφελος.
1727 1118 1994 1184 Βασιλεὺς

406 1220 467 1275 δὲ
500 1220 563 1274 οὺ
599 1221 801 1290 μᾶλλον
834 1222 1044 1273 ἐκεῖνον
1093 1218 1124 1289 ἦ
1161 1217 1265 1285 τὴν
1298 1217 1505 1271 οίκείαν
1559 1213 1824 1269 συνιστῶν
1855 1209 1990 1277 οἷον,

410 1316 489 1379 ὡς
522 1314 709 1386 ἐῴκει,
745 1313 997 1387 γνώμην,
1033 1307 1219 1382 ὲφόίς
1246 1310 1346 1367 καὶ
1366 1300 1469 1382 τὴν
1490 1310 1666 1381 ἀρχὴν
1686 1306 2001 1386 ἑκεκρὶκει,

409 1411 519 1463 οὐδ’
571 1411 632 1473 ἐς
681 1409 856 1480 βραχὺ
911 1409 1007 1480 τῆς
1043 1409 1133 1461 ἐπ’
1166 1406 1318 1479 αὐτῷ
1364 1404 1679 1477 πολυωρίας
1711 1402 1992 1471 καθυφίει.

424 1503 579 1558 Ἐπεὶ
607 1504 665 1558 δὲ
704 1504 799 1557 καὶ
836 1488 1074 1573 φάμουσ’
1127 1501 1266 1559 ἄττα
1328 1499 1559 1571 ῥιφέντα
1595 1499 1762 1569 μέχρι
1810 1497 1906 1552 καὶ
1936 1497 1995 1560 ὲς

412 1597 581 1652 αὐτοῦ
610 1600 802 1669 χεῖρας
827 1596 1123 1667 πεφθάκει,
1154 1594 1287 1649 δείν’
1313 1594 1453 1649 ἄττα
1476 1594 1709 1663 λέγοντα
1727 1592 1820 1647 καὶ
1849 1593 1994 1664 ἀπᾴ-

411 1694 593 1757 δοντα,
637 1693 739 1746 οὐκ
770 1691 961 1762 ὀλίγην
1002 1691 1257 1753 κάκεῖνος
1292 1680 1541 1760 εὑρίσκει
1578 1685 1995 1758 σχεδιασοεϊσαν

412 1788 491 1860 τῷ
523 1786 963 1860 πατριαρχοῦντι
991 1772 1251 1840 σύστασιν
1289 1783 1350 1851 ἐξ
1380 1783 1559 1848 αἰτίας
1586 1782 1824 1838 τοιᾶσδε.
1864 1778 1995 1853 Εἶχε
2031 1826 2071 1881 Β

418 1883 560 1955 μετὰ
580 1882 791 1937 πολλῶν
819 1881 994 1937 ἄλλων
1014 1884 1047 1953 ἠ
1069 1881 1226 1945 πόλις
1254 1880 1349 1934 καὶ
1372 1879 1698 1950 Ἀρμενίους
1716 1877 2018 1953 ἐποίκους..

412 1972 540 2029 Τῶν
559 1992 644 2039 τις
664 1976 760 2029 καὶ
790 1973 1207 2045 προεπεφθάκει
1233 1970 1607 2044 προσδραμὼν
1733 1968 1995 2051 καθολικῇ

430 2068 731 2137 Ἐκκλησία
780 2070 875 2121 καὶ
933 2066 1099 2138 μύρῳ.
1137 2066 1217 2137 τῷ
1250 2066 1394 2139 ἁγίῳ
1432 2048 1706 2138 χρισθείςέ
1760 2048 1896 2132 Harp‘
1931 2064 1999 2136 ἥν

414 2161 598 2217 αίτίαν
630 2162 723 2215 καὶ
752 2160 937 2226 ἄλλοις
976 2162 1076 2234 μὲν
1125 2164 1243 2230 τοῖς
1289 2148 1610 2235 ὁμογενέσιν
1659 2162 2000 2234 ἁπόστοργος

418 2351 540 2413 cat;
577 2344 729 2414 quali
782 2343 1078 2401 severitate
1123 2344 1337 2401 nullum
1376 2360 1568 2402 eorum
1607 2346 1702 2414 qui
1749 2346 1996 2401 omnium

416 2437 774 2496 confessione
822 2438 1163 2495 haberentur
1208 2438 1521 2495 divinarum
1570 2439 1749 2511 legum
1803 2440 1998 2495 obser-

420 2541 649 2589 vatores
680 2528 1043 2600 exactissimi,
1075 2548 1237 2591 usum
1285 2534 1464 2591 fuisse
1499 2536 1809 2592 constabat.
1851 2534 1999 2591 inter

418 2623 524 2681 bos
568 2623 658 2681 ille
697 2625 852 2683 velut
892 2626 1088 2680 inanes
1119 2626 1480 2696 contemptim
1517 2627 1772 2685 fremitus
1808 2637 1998 2685 erecta

318 2722 321 2725 ’
420 2715 640 2784 fronte,
678 2732 790 2790 quo
841 2719 1156 2775 intenderat
1226 2697 1600 2791 gradiebatur,
1656 2721 1833 2779 fretus
1894 2721 1999 2778 sibi

418 2810 797 2879 paratissimo,
877 2820 933 2866 et
987 2826 1101 2882 quo
1147 2814 1325 2884 magis
1380 2820 1659 2884 pergeret,
1706 2813 2000 2887 benignius

420 2916 642 2972 semper
674 2904 958 2973 aspirante
1008 2904 1200 2960 favore
1228 2906 1607 2976 imperatoris,
1643 2910 2001 2980 quantumvis

422 2994 645 3051 interim
688 3012 883 3053 omnes
940 2999 1317 3069 ringerentnr,
1377 3002 1615 3057 maxime
1648 3012 1830 3059 autem
1864 3004 2002 3060 insi-

424 3085 646 3173 gniores
671 3078 881 3157 quique
918 3090 1206 3155 aegerrime
1231 3088 1439 3147 ferrent
1469 3108 1594 3161 qua:
1619 3095 1688 3149 ab
1716 3094 1813 3150 illo
1844 3094 2002 3151 vide-

2090 540 2239 613 εἶχον
2267 543 2363 596 καὶ
2392 540 2758 610 ἐλοιδοροῦντο
2782 536 2861 606 τῷ
2889 534 3247 590 ἁποκλίναντι
3266 530 3355 585 διὰ
3384 522 3676 599 τῆν-μετὰ-

2092 633 2715 707 οεσιν,.ἒνεπικραίνετό
2746 632 2796 685 οἱ
2849 632 2943 683 καὶ
2978 629 3009 695 ἡ
3057 626 3338 696 ὁμαίμων,
3378 622 3485 676 καῖ
3514 619 3678 691 μέσον

2090 730 2301 785 τούτων
2333 729 2506 801 ἔχθρα
2567 730 2879 781 συνίστατο.
2916 718 3019 776 ⁷ον
3070 724 3127 775 ὲν
3174 721 3273 792 μιᾷ
3306 716 3679 788 διαλοιδορου-

2094 822 2295 893 μένων,
2315 820 2575 875 κάκείνου
2594 817 2774 890 προσα
2783 814 3098 879 πειλοῦντος
3119 812 3419 883 ἀναφέρειν
3549 801 3685 879 362]

2066 915 2172 986 ,τῷ
2210 913 2530 987 πατριάρχῃ
2554 914 2651 967 καὶ
2671 913 2743 966 τὰ
2777 911 2911 984 παρ’
2948 910 3130 964 αὐτῶν
3147 906 3326 975 ὀνείδη
3347 904 3683 974 διεγκαλεῖν,

2092 1002 2180 1072 εἷς
2206 1007 2574 1078 παρευρεοεὶς
2621 1005 2857 1068 ἐκείνοις
2905 1002 3003 1057 καὶ
3047 997 3497 1068 ἀναξιοπαθήσας
3541 989 3686 1055 οἷον,

2093 1102 2193 1174 τὴν
2220 1100 2495 1172 εγκλησιν·
2536 1098 2884 1169 ἐϐλασφήμει
2937 1096 3030 1149 καὶ
3062 1093 3248 1148 πίστιν
3275 1092 3372 1146 καὶ
3408 1087 3717 1160 πατριάρι

2099 1211 2226 1266 χην,
2245 1193 2335 1248 τὸν
2350 1190 2772 1263 καταφρονητὴν
2793 1184 3261 1258 ὑπεμφαίνων,ὠς
3286 1183 3489 1255 ἣκιστα
3519 1197 3691 1252 φρον-

2094 1288 2347 1355 τιῶν,.εί
2386 1282 2698 1356 ἐπικαλοίη.
2749 1282 2965 1354 Μικρὸν
2996 1280 3185 1354 διῆλθε
3225 1279 3325 1350 τῆς
3375 1275 3549 1348 ὥρας,
3587 1276 3691 1328 καὶ

2096 1385 2345 1449 ἀποστὰς
2367 1383 2605 1447 ἐκεῖθεν,
2632 1381 2840 1454 μεταξὺ
2863 1378 2963 1450 τὴν
2985 1377 3103 1433 ὁδὸν
3132 1372 3502 1446 διερχόμενος,
3530 1368 3691 1441 παρά

2100 1478 2383 1551 μηδεμίαν
2430 1478 2614 1533 αἰτίαν
2668 1475 2890 1546 ἐμφανῆ
2922 1471 3315 1541 ξυμποδίζεται
3350 1468 3446 1522 καὶ
3492 1466 3691 1519 πίπτει

2097 1566 2302 1645 πτῶμα
2330 1572 2530 1639 δεινὸν,
2552 1571 2647 1626 καὶ
2664 1568 2845 1634 ἔδοξεν
2866 1566 3121 1638 ὑποσχὼν
3140 1565 3296 1629 δίκας
3317 1566 3417 1635 τῆς
3440 1561 3661 1631 βλασφη
3676 1589 3695 1600 ·

2050 1678 2056 1683 ”
2103 1667 2256 1741 μίας,
2304 1665 2495 1730 δεινῶς
2545 1663 2859 1735 συντριὸεἶς
2910 1660 3003 1713 τὸν
3054 1659 3212 1713 πόδα.
3260 1655 3453 1710 Ταῦτα
3497 1654 3696 1735 μαθὼν

2105 1759 2382 1834 βασιλεὺς,
2440 1760 2538 1814 καὶ
2589 1756 2666 1821 ὠς
2716 1756 2865 1819 εἰκὸς
2918 1752 2980 1808 τὸ
3035 1752 3278 1826 πραχθὲν
3333 1750 3694 1820 ἡγησάμενος

2102 1853 2607 1926 Θαυματούργημα,
2627 1852 2690 1905 τὸ
2721 1852 2833 1923 πᾶν
2856 1848 2949 1903 τοῦ
2980 1844 3287 1918 παραδόξου
3310 1843 3386 1911 τῷ
3414 1856 3698 1913 πατριαρο

2100 1943 2725 2023 χοῦντιπροσανετίθει,
2756 1942 2875 1997 δέον
2905 1934 3196 2013 ὃν,οῐμαι,
3218 1938 3314 1993 καὶ
3344 1935 3549 2007 μᾶλλον
3570 1930 3696 2003 Θεῷ

2101 2044 2197 2098 καὶ
2226 2045 2292 2114 τῇ
2324 2041 2531 2107 πίστει,
2566 2040 2635 2111 ἢν
2670 2039 2879 2100 ἐκεῖνος
2906 2034 3159 2105 ἀφρόνως
3207 2030 3694 2104 βεϐλασφημήκει.

2104 2134 2216 2190 Καὶ
2253 2133 2453 2187 αὐτίκα
2506 2130 2724 2203 πρωῖας
2773 2126 2995 2194 σύναξιν
3043 2124 3231 2197 κοινὴν
3287 2120 3711 2194 παραγγέλλει,

2102 2312 2508 2395 spargebantnr
2543 2315 2711 2373 libelli
2744 2312 3015 2371 adversus
3044 2308 3409 2367 Athanasium
3457 2302 3709 2369 famosi,

2104 2427 2167 2473 ut
2235 2414 2461 2485 quidam
2496 2425 2689 2467 eorum
2721 2408 2909 2479 gravia
2956 2414 3013 2463 et
3051 2404 3211 2460 valde
3261 2400 3471 2460 absona
3506 2398 3698 2455 conti~

2104 2516 2299 2564 nentes
2350 2518 2525 2575 usque
2587 2501 2655 2557 ad
2714 2490 2866 2574 ipsas
2930 2495 3284 2569 imperatoris
3335 2491 3697 2563 perveniret):

2102 2614 2327 2667 manus,
2376 2599 2655 2652 inventam
2714 2596 2760 2651 is
2807 2591 3158 2650 occasionem
3201 2586 3401 2660 cupide
3453 2582 3699 2656 arripuit

2104 2692 2441 2766 patriarcha:
2490 2691 2560 2745 de
2595 2703 2741 2747 novo
2780 2686 2849 2743 ad
2883 2685 3146 2756 populum
3169 2675 3598 2737 commendandi
3623 2690 3695 2732 ex

2102 2804 2270 2845 causa
2308 2802 2471 2859 quam
2534 2799 2660 2841 mox
2713 2795 3011 2854 exponam.
3056 2776 3304 2835 Habebat
3352 2774 3488 2831 urbs
3542 2771 3696 2828 inter

2040 2906 2047 2911 ’
2104 2883 2243 2939 alios
2280 2882 2559 2937 variarum
2606 2864 2854 2951 gentium
2915 2872 3227 2945 inquilinos
3279 2870 3468 2942 plures
3518 2866 3691 2924 etiam

2105 2978 2320 3048 aliquos
2353 2977 2648 3031 Armenos.
2676 2971 2883 3027 ilorum
2913 2968 3189 3041 quispiam
3229 2965 3425 3021 relicto
3453 2976 3690 3020 suorum

2104 3071 2217 3127 ritu
2272 3078 2481 3125 nostrae
2530 3082 2592 3123 se
2623 3064 2919 3124 catholicae
2969 3065 3360 3134 aggregaverat
3400 3053 3691 3113 Ecclesia.

425 3178 557 3235 bant
580 3141 718 3249 fieri,
752 3141 1079 3253 tantumque
1106 3183 1367 3241 abessent
1398 3201 1428 3240 a
1465 3141 1762 3257 dignandis
1794 3204 1992 3245 assen-
2022 3181 2070 3248 C
2103 3178 2264 3223 “"0
2300 3162 2367 3219 ad
2405 3162 2511 3218 "0°
2546 3168 2750 3216 υηθωε
2790 3156 3125 3257 chrisma“:
3153 3141 3538 3257 qf'o.“°mi'“°‘
3566 3160 3695 3202 θ’θ’

424 3268 502 3330 δυ’
521 3276 605 3330 vel
642 3276 1039 3347 approbatione
1079 3293 1180 3332 sua
1232 3281 1339 3333 ulla
1371 3278 1495 3348 ejus
1525 3282 1683 3345 actis.
1713 3291 1771 3336 ut
1818 3298 1999 3342 mores

424 3368 602 3438 ipsius
648 3369 703 3425 in
761 3372 1179 3438 comparatione
1219 3388 1344 3428 cum
1387 3375 1508 3430 aliis
1549 3375 1710 3431 laude
1750 3378 1997 3432 omnium

424 3461 722 3518 celebratis
764 3462 1092 3534 praesidibus
1135 3462 1507 3522 Ecclesiarum
1557 3468 1716 3537 plane
1774 3470 1877 3525 sibi
1924 3469 2003 3524 vi-

425 3554 544 3610 deri
592 3562 937 3612 monstrosos
978 3567 1146 3628 atque
1189 3558 1485 3615 horribiles
1519 3577 1627 3617 non
1679 3560 2012 3623 dissimula-.

425 3653 574 3703 rent.
623 3645 682 3703 in
729 3663 849 3703 eam
908 3649 1048 3707 alios
1103 3653 1430 3707 sententiam
1482 3653 1792 3709 adducebat
1849 3665 2002 3713 recta

423 3740 719 3798 aestimatio
749 3757 893 3799 verae
924 3741 1189 3801 virtutis:
1215 3746 1310 3801 alii
1342 3761 1508 3802 sensu
1538 3749 1778 3818 quodam
1807 3749 2004 3806 innato

423 3846 481 3889 et.
509 3835 663 3903 quasi
709 3837 854 3906 genii
911 3837 1262 3895 abhorrentis
1310 3839 1685 3896 incitabantur
1738 3842 1999 3913 impulsu.

425 3925 757 3996 Nonnullos,
804 3943 908 3985 nec
945 3927 1086 3985 forte
1140 3946 1369 4001 paucos,
1409 3933 1772 3990 stimulabant
1815 3937 1917 4005 irae.
1947 3936 2001 3992 in

421 4018 782 4074 Athanasium
823 4029 1056 4089 veteres,
1108 4024 1313 4095 prioris
1356 4026 1487 4080 olim
1536 4027 1660 4097 ejus
1720 4029 2004 4098 regiminis

423 4109 589 4186 520
645 4112 868 4183 injuriis
918 4130 1187 4182 accensae,
1234 4133 1470 4187 quarum
1508 4108 1830 4175 memoriam
1870 4137 2001 4193 pra:-

423 4222 552 4278 sens
612 4209 871 4266 similium
928 4212 1265 4279 experientia
1312 4212 1627 4268 refricabat.
1686 4214 2005 4284 Cujusmodi

422 4301 744 4372 praeiudicia
809 4319 951 4374 quos
1003 4304 1306 4361 insederint
1354 4306 1590 4374 animos,
1637 4307 1707 4364 iis
1742 4308 2005 4364 nimirum

422 4398 583 4453 facile
658 4398 993 4466 persuadent
1045 4398 1215 4469 iustis
1279 4415 1339 4455 se
1418 4415 1522 4456 nec
1586 4402 2007 4473 reprehensioni

422 4492 679 4547 obnoxiis
720 4493 924 4547 moveri
977 4493 1140 4559 odiis,
1192 4493 1323 4551 dum
1368 4510 1465 4551 eos
1511 4504 1837 4553 aversantur
1864 4513 2004 4567 quos

423 4593 531 4640 tam
591 4586 788 4641 merito
856 4587 1073 4642 cunctis
1146 4602 1346 4644 erosos
1405 4587 1739 4660 intelligunt.
1799 4590 2000 4647 Verum

424 4676 761 4734 Athanasius
790 4678 873 4733 vel
909 4678 1136 4749 ignarus
1165 4680 1249 4735 vel
1296 4678 1379 4735 sic
1424 4688 1688 4752 tanquam
1723 4682 2033 4753 ignoraret

426 4786 657 4827 securus
698 4772 835 4826 adeo
866 4771 1155 4843 ﬂagrantis
1205 4775 1258 4827 in
1294 4774 1473 4845 ipsum
1514 4775 1753 4840 invidiae.
1788 4792 1896 4833 non
1932 4777 2003 4833 iis

426 4862 604 4916 solum
634 4878 775 4931 quos
813 4864 979 4932 priori
1011 4864 1295 4920 functione
1324 4866 1710 4934 patriarcbalis
1757 4877 1998 4937 potesta-

428 4959 500 5012 tis
529 4958 841 5013 irritaverat
872 4958 1146 5026 vexando,
1175 4958 1542 5028 abscindique
1571 4974 1600 5013 a
1640 4959 1724 5014 sui
1750 4974 2003 5015 commu-

427 5051 595 5107 nione
642 5061 918 5121 coegerat,
957 5050 1156 5105 durum
1210 5048 1644 5117 indomitumque
1694 5063 1753 5104 se
1793 5049 2002 5119 praebe-

426 5145 541 5207 bat.
575 5144 669 5201 sed
695 5150 760 5201 ‘et
790 5146 909 5201 sine
962 5143 1291 5201 discrimine
1335 5143 1551 5199 cunctis
1580 5142 1705 5199 aliis
1742 5142 1997 5209 acerbus,

425 5250 704 5306 ansterus,
760 5254 1035 5304 morosus,
1075 5253 1138 5293 ac
1180 5238 1329 5293 velut
1386 5251 1537 5292 mare
1606 5235 1998 5307 procellosum,

427 5331 630 5387 minaci
686 5346 901 5401 semper
964 5344 1232 5402 apparere
1266 5328 1547 5403 pergebat,
1584 5328 1629 5384 si
1675 5341 1783 5382 non
1835 5326 2001 5383 etiam

426 5422 745 5485 aliectabat,
792 5424 1053 5479 terribilis
1102 5424 1311 5494 specie.
1340 5420 1511 5476 Porro
1563 5421 1861 5493 imperator
1893 5436 2001 5476 non

428 5516 603 5587 magis
638 5514 786 5570 illum
838 5530 1002 5585 quam
1057 5514 1265 5587 preprii
1310 5529 1339 5567 a
1371 5511 1643 5585 principio
1688 5510 1757 5566 de
1786 5509 1881 5564 illo
1911 5510 2006 5566 de-

428 5606 635 5662 clarati
656 5606 1044 5662 auctoritatem
1100 5603 1295 5674 judicii
1342 5603 1654 5659 constantia
1689 5616 2007 5671 persevera-

428 5700 524 5755 bat
572 5682 922 5755 irrevocabili
959 5700 1138 5765 tueri;
1184 5713 1285 5753 nec
1314 5700 1363 5752 ei
1418 5694 1741 5752 consulendi
1772 5693 2006 5765 ejusque

429 5794 753 5866 invigilandi
840 5792 1127 5849 securitati
1202 5791 1487 5861 providam
1570 5789 1998 5865 sollicitudinem

429 5887 769 5947 remittebat.
820 5883 1091 5952 Quoniam
1121 5898 1250 5941 vero
1281 5890 1393 5939 tam
1439 5881 1672 5939 licenter
1725 5880 1779 5937 in
1811 5880 2005 5952 vulgus

2104 3273 2269 3331 gnum
2300 3258 2353 3312 in
2378 3270 2437 3312 se
2467 3254 2775 3311 concitarat
2823 3249 3009 3307 odium
3043 3245 3395 3319 popularium
3433 3254 3691 3303 suorum,

2104 3350 2408 3423 praesertim
2450 3362 2581 3405 vero
2625 3344 2857 3408 sororis,
2892 3342 3031 3398 adeo
3066 3347 3125 3397 ut
3169 3337 3375 3407 passim
3398 3350 3525 3391 eum
3560 3350 3693 3389 cum

2104 3445 2288 3501 ceteri
2318 3440 2722 3517 consanguinei
2771 3437 3041 3495 conviciis
3070 3430 3515 3510 proscinderent,
3542 3428 3713 3501 quod

2104 3551 2135 3593 e
2173 3524 2442 3608 religione
2476 3534 2654 3605 patria
2686 3531 2753 3588 ad
2793 3530 2958 3586 aliam
2990 3527 3347 3590 descivisset.
3381 3531 3498 3579 tum
3532 3536 3699 3576 euin-

2106 3630 2231 3687 dem
2288 3624 2640 3686 amarissime
2666 3626 2740 3682 ob
2775 3626 2827 3682 id
2869 3625 3049 3693 ipsum
3090 3635 3363 3695 germana
3397 3618 3733 3688 increpare-

2106 3740 2218 3781 non
2263 3724 2560 3780 desineret.
2612 3720 2856 3790 Eratque
2908 3718 3005 3775 tali
3048 3732 3115 3773 ex
3150 3730 3320 3773 causa
3363 3712 3696 3770 continuum

2106 3820 2251 3877 inter
2302 3833 2401 3875 eos
2458 3819 2821 3873 commissum
2883 3814 3156 3886 iurgium.
3218 3808 3375 3879 Quod
3421 3808 3554 3866 dum
3603 3807 3700 3864 die

2107 3913 2348 3983 quadam
2383 3911 2691 3967 ferventius
2723 3910 3050 3981 agitaretur,
3088 3905 3218 3960 hinc
3251 3902 3320 3958 de
3366 3916 3519 3958 more
3551 3905 3697 3956 eon-

2080 4004 2445 4061 —viciantibus
2481 4000 2690 4056 homini
2739 3997 3085 4059 domesticis.
3141 3995 3268 4051 inde
3316 3993 3410 4049 illo
3446 3992 3697 4046 minante

2109 4114 2171 4154 se
2218 4097 2286 4152 ad
2330 4078 2704 4168 patriarcbam
2753 4092 3052 4148 relaturum
3085 4104 3207 4161 qua
3247 4085 3359 4144 sibi
3386 4086 3697 4154 exprobra-

2110 4200 2232 4248 rent
2255 4201 2309 4246 et
2333 4206 2429 4245 eos
2455 4187 2600 4259 apud
2628 4187 2809 4257 ipsum
2844 4195 3261 4247 accusaturum,
3296 4189 3549 4251 repertus
3576 4178 3692 4233 illic

2108 4284 2333 4356 quidam
2381 4277 2613 4350 estqui,
2660 4276 2809 4334 velut
2848 4292 2963 4332 rem
3004 4275 3285 4346 indignam
3330 4282 3490 4328 ratus
3528 4271 3688 4344 521

2111 4379 2376 4437 intentari
2436 4376 2574 4448 ipsis
2627 4373 3015 4431 auctoritatem
3061 4369 3226 4426 alieni
3276 4368 3604 4439 patriarcha:
3637 4376 3693 4421 et

2107 4474 2299 4543 iudicii
2342 4472 2462 4541 ejus
2499 4468 2802 4542 periculum
2842 4464 3187 4529 denuntiari,
3215 4464 3397 4533 erupit
3427 4461 3483 4516 in
3518 4462 3693 4516 male-

2038 4542 2279 4633 l)iliota,
2339 4564 2477 4621 diris
2547 4562 2823 4617 devovcns
2880 4569 2935 4614 ct
2987 4558 3145 4613 [idem
3204 4564 3260 4612 et
3318 4553 3687 4628 patriarcbam

2104 4662 2294 4725 istum,
2335 4674 2495 4730 quem
2533 4665 2901 4712 contemnere
2932 4668 2990 4709 se
3026 4667 3128 4708 nec
3156 4651 3317 4707 nauci
3354 4649 3554 4715 facere,
3592 4656 3686 4702 aut

2103 4753 2235 4827 quid
2270 4752 2339 4809 de
2371 4768 2433 4809 se
2459 4748 2796 4813 ccnserct,si
2819 4762 3009 4803 coram
3043 4761 3109 4800 eo
3133 4746 3425 4811 citaretur,
3453 4742 3684 4798 omnino

2106 4862 2302 4903 curare
2372 4842 2811 4899 demonstrabat.
2861 4838 3115 4895 Nondum
3169 4838 3299 4894 huic
3332 4828 3444 4893 tota
3488 4849 3521 4891 a
3561 4850 3689 4905 pro-

2106 4942 2235 4997 latis
2282 4938 2461 4994 verbis
2507 4936 2712 4992 talibus
2766 4934 2904 4988 bora
2956 4930 3275 4993 efﬂuxerat,
3327 4944 3453 4986 cum
3493 4932 3687 4985 abscec

2109 5037 2247 5093 dens
2298 5035 2449 5099 inde,
2490 5035 2619 5089 dum
2672 5045 2770 5103 per
2801 5030 2991 5085 urbem
3051 5027 3391 5091 ambulabat,
3420 5042 3487 5082 ex
3535 5027 3685 5082 nulla

2108 5146 2231 5204 quae
2282 5136 2578 5199 appareret
2623 5134 2792 5181 causa
2852 5121 3248 5193 supplautatur
3303 5119 3687 5190 sterniturque

2109 5222 2262 5279 hinni
2285 5222 2406 5277 diro
2427 5234 2591 5286 casu,
2630 5215 2785 5273 visus
2808 5212 3167 5285 blasphemiae
3199 5226 3395 5282 pmnas
3422 5210 3683 5283 pendere,

2109 5317 2259 5390 quod
2306 5329 2372 5370 co
2408 5313 2579 5383 lapsu
2613 5310 2812 5380 pedum
2872 5308 2949 5363 illi
2983 5305 3261 5361 contritus
3291 5304 3431 5362 alter
3460 5314 3569 5362 est.
3612 5304 3693 5360 Eo

2114 5414 2415 5483 imperator
2450 5403 2694 5477 cognito,
2726 5412 2982 5463 eventum
3026 5413 3094 5455 ex
3127 5398 3309 5478 prima
3347 5396 3534 5467 statim
3563 5410 3683 5466 spe-

2111 5506 2197 5562 cie
2229 5500 2524 5558 manifesto
2553 5494 2820 5553 miraculo
2856 5493 3158 5563 imputans,
3199 5505 3300 5562 pro
3326 5495 3526 5545 cetera
3573 5504 3682 5549 sua

2112 5596 2475 5661 admiratione
2521 5590 2865 5661 patriarcha,
2900 5578 3214 5658 prodigium
3262 5582 3318 5640 id
3350 5598 3476 5640 esse
3501 5596 3531 5639 a
3570 5583 3680 5639 Deo

2115 5693 2429 5749 declarante
2456 5702 2617 5742 suum
2642 5684 2695 5738 in
2736 5686 2911 5754 ipsum
2941 5693 3186 5735 amorem
3221 5685 3278 5731 ct
3310 5673 3439 5747 ejus
3455 5673 3598 5746 apud
3626 5690 3683 5731 se

2118 5783 2311 5840 merita
2346 5778 2669 5837 mirabiliter
2720 5783 2996 5847 patratum
3038 5769 3158 5827 sine
3199 5769 3309 5825 ulla
3345 5766 3683 5825 dubitatione

2117 5874 2371 5943 credidit,
2428 5844 2821 5939 verisimilius,
2875 5868 2927 5924 ni
2986 5864 3171 5933 fallor,
3224 5862 3577 5935 opinaturus,
3636 5862 3681 5918 si
