  <div class='ocr_page' id='page_1' title='image "/cluster/home/n/w/nwhite01/storage/ocr_20150623/144/hvd.32044073502593/292.png"; bbox 0 0 3994 6226; ppageno 0'>
   <div class='ocr_carea' id='block_1_1' title="bbox 245 361 331 423">
    <p class='ocr_par' dir='ltr' id='par_1_1' title="bbox 245 361 331 423">
     <span class='ocr_line' id='line_1_1' title="bbox 245 361 331 423; baseline -0.012 0"><span class='ocrx_word' id='word_1_1' title='bbox 245 361 331 423; x_wconf 77' lang='lat'><strong>573</strong></span> 
     </span>
    </p>
   </div>
   <div class='ocr_carea' id='block_1_2' title="bbox 1173 356 2592 423">
    <p class='ocr_par' dir='ltr' id='par_1_2' title="bbox 1173 356 2592 423">
     <span class='ocr_line' id='line_1_2' title="bbox 1173 356 2592 423; baseline -0.004 -1"><span class='ocrx_word' id='word_1_2' title='bbox 1173 363 1272 423; x_wconf 83' lang='lat' dir='ltr'><strong>DE</strong></span> <span class='ocrx_word' id='word_1_3' title='bbox 1319 361 1770 422; x_wconf 76' lang='lat' dir='ltr'><strong>ANDRONICO</strong></span> <span class='ocrx_word' id='word_1_4' title='bbox 1798 356 2262 421; x_wconf 72' lang='lat' dir='ltr'><strong>PAL/EOLOGO</strong></span> <span class='ocrx_word' id='word_1_5' title='bbox 2303 359 2452 420; x_wconf 85' lang='lat' dir='ltr'><strong>LIB.</strong></span> <span class='ocrx_word' id='word_1_6' title='bbox 2491 358 2592 421; x_wconf 82' lang='lat' dir='ltr'><strong>VI.</strong></span> 
     </span>
    </p>
   </div>
   <div class='ocr_carea' id='block_1_3' title="bbox 3375 349 3478 416">
    <p class='ocr_par' dir='ltr' id='par_1_3' title="bbox 3375 349 3478 416">
     <span class='ocr_line' id='line_1_3' title="bbox 3375 349 3478 416; baseline -0.029 0"><span class='ocrx_word' id='word_1_7' title='bbox 3375 349 3478 416; x_wconf 76' lang='grc'><strong>574</strong></span> 
     </span>
    </p>
   </div>
   <div class='ocr_carea' id='block_1_4' title="bbox 233 456 3481 547">
    <p class='ocr_par' dir='ltr' id='par_1_4' title="bbox 233 456 3481 547">
     <span class='ocr_line' id='line_1_4' title="bbox 233 456 3481 547; baseline -0.002 -21"><span class='ocrx_word' id='word_1_8' title='bbox 233 473 485 527; x_wconf 77' lang='grc' dir='ltr'>ἐπιτάττει</span> <span class='ocrx_word' id='word_1_9' title='bbox 517 472 560 526; x_wconf 84' lang='grc' dir='ltr'>δ’</span> <span class='ocrx_word' id='word_1_10' title='bbox 591 473 884 546; x_wconf 71' lang='grc' dir='ltr'><strong>ἐνεχθῆναι</strong></span> <span class='ocrx_word' id='word_1_11' title='bbox 939 476 1038 528; x_wconf 65' lang='grc' dir='ltr'>καὶ</span> <span class='ocrx_word' id='word_1_12' title='bbox 1090 456 1195 529; x_wconf 22' lang='grc' dir='ltr'>τὸν·</span> <span class='ocrx_word' id='word_1_13' title='bbox 1241 474 1661 546; x_wconf 72' lang='grc' dir='ltr'>καταραχθέντα</span> <span class='ocrx_word' id='word_1_14' title='bbox 1707 475 1781 538; x_wconf 85' lang='grc' dir='ltr'>ὠς</span> <span class='ocrx_word' id='word_1_15' title='bbox 1813 477 1858 536; x_wconf 80' lang='grc' dir='ltr'>Α</span> <span class='ocrx_word' id='word_1_16' title='bbox 1891 477 2087 547; x_wconf 80' lang='grc' dir='ltr'><strong>σχόντα</strong></span> <span class='ocrx_word' id='word_1_17' title='bbox 2117 477 2245 540; x_wconf 69' lang='grc' dir='ltr'>τοὺς</span> <span class='ocrx_word' id='word_1_18' title='bbox 2280 476 2475 540; x_wconf 79' lang='grc' dir='ltr'>ἄλλους</span> <span class='ocrx_word' id='word_1_19' title='bbox 2508 473 2885 544; x_wconf 79' lang='grc' dir='ltr'><strong>ἀποπέμπειν,</strong></span> <span class='ocrx_word' id='word_1_20' title='bbox 2935 471 3032 526; x_wconf 77' lang='grc' dir='ltr'>καὶ</span> <span class='ocrx_word' id='word_1_21' title='bbox 3076 470 3274 524; x_wconf 83' lang='grc' dir='ltr'>αὐτίκα</span> <span class='ocrx_word' id='word_1_22' title='bbox 3303 469 3481 539; x_wconf 81' lang='grc' dir='ltr'>περᾷν</span> 
     </span>
    </p>
   </div>
   <div class='ocr_carea' id='block_1_5' title="bbox 228 561 1784 642">
    <p class='ocr_par' dir='ltr' id='par_1_5' title="bbox 228 561 1784 642">
     <span class='ocr_line' id='line_1_5' title="bbox 228 561 1784 642; baseline 0.002 -23"><span class='ocrx_word' id='word_1_23' title='bbox 228 562 354 636; x_wconf 75' lang='grc' dir='ltr'>εἶχεν</span> <span class='ocrx_word' id='word_1_24' title='bbox 384 566 476 620; x_wconf 72' lang='grc' dir='ltr'><strong>ἐπὶ</strong></span> <span class='ocrx_word' id='word_1_25' title='bbox 505 564 597 620; x_wconf 81' lang='grc' dir='ltr'><strong>τοῦ</strong></span> <span class='ocrx_word' id='word_1_26' title='bbox 635 567 961 638; x_wconf 74' lang='grc' dir='ltr'><strong>σκίμποδος.</strong></span> <span class='ocrx_word' id='word_1_27' title='bbox 995 561 1073 623; x_wconf 65' lang='lat' dir='ltr'><strong>Ob</strong></span> <span class='ocrx_word' id='word_1_28' title='bbox 1098 569 1166 640; x_wconf 78' lang='grc' dir='ltr'>δὴ</span> <span class='ocrx_word' id='word_1_29' title='bbox 1195 570 1290 622; x_wconf 68' lang='grc' dir='ltr'>καὶ</span> <span class='ocrx_word' id='word_1_30' title='bbox 1322 571 1378 633; x_wconf 84' lang='grc' dir='ltr'><strong>ἐς</strong></span> <span class='ocrx_word' id='word_1_31' title='bbox 1414 570 1580 642; x_wconf 78' lang='grc' dir='ltr'>μέσον</span> <span class='ocrx_word' id='word_1_32' title='bbox 1600 571 1784 623; x_wconf 74' lang='grc' dir='ltr'>τεθέν-</span> 
     </span>
    </p>
   </div>
   <div class='ocr_carea' id='block_1_6' title="bbox 226 661 1782 736">
    <p class='ocr_par' dir='ltr' id='par_1_6' title="bbox 226 661 1782 736">
     <span class='ocr_line' id='line_1_6' title="bbox 226 661 1782 736; baseline 0.001 -22"><span class='ocrx_word' id='word_1_33' title='bbox 226 677 323 726; x_wconf 77' lang='grc' dir='ltr'>τος,</span> <span class='ocrx_word' id='word_1_34' title='bbox 360 661 555 731; x_wconf 80' lang='grc' dir='ltr'>πολλὴν</span> <span class='ocrx_word' id='word_1_35' title='bbox 582 662 672 714; x_wconf 73' lang='grc' dir='ltr'>καὶ</span> <span class='ocrx_word' id='word_1_36' title='bbox 697 661 990 731; x_wconf 81' lang='grc' dir='ltr'><strong>διωλύγιον</strong></span> <span class='ocrx_word' id='word_1_37' title='bbox 1013 663 1213 735; x_wconf 76' lang='grc' dir='ltr'>διεξῄει</span> <span class='ocrx_word' id='word_1_38' title='bbox 1239 663 1586 736; x_wconf 78' lang='grc' dir='ltr'>δημηγορίαν</span> <span class='ocrx_word' id='word_1_39' title='bbox 1605 707 1620 730; x_wconf 90' lang='grc'><strong>,</strong></span> <span class='ocrx_word' id='word_1_40' title='bbox 1655 681 1782 717; x_wconf 90' lang='grc' dir='ltr'>συν-</span> 
     </span>
    </p>
   </div>
   <div class='ocr_carea' id='block_1_7' title="bbox 227 753 1781 829">
    <p class='ocr_par' dir='ltr' id='par_1_7' title="bbox 227 753 1781 829">
     <span class='ocr_line' id='line_1_7' title="bbox 227 753 1781 829; baseline 0 -19"><span class='ocrx_word' id='word_1_41' title='bbox 227 753 370 810; x_wconf 84' lang='grc' dir='ltr'>ιστῶν</span> <span class='ocrx_word' id='word_1_42' title='bbox 403 755 648 809; x_wconf 77' lang='grc' dir='ltr'>ἐντεῦθεν</span> <span class='ocrx_word' id='word_1_43' title='bbox 673 755 733 809; x_wconf 84' lang='grc' dir='ltr'><strong>δν</strong></span> <span class='ocrx_word' id='word_1_44' title='bbox 757 759 1019 828; x_wconf 82' lang='grc' dir='ltr'>συνιστᾷν</span> <span class='ocrx_word' id='word_1_45' title='bbox 1046 757 1229 829; x_wconf 76' lang='grc' dir='ltr'>ἤθελε,</span> <span class='ocrx_word' id='word_1_46' title='bbox 1276 758 1386 812; x_wconf 85' lang='grc' dir='ltr'>τῶν</span> <span class='ocrx_word' id='word_1_47' title='bbox 1411 759 1457 811; x_wconf 82' lang='grc' dir='ltr'>δ’</span> <span class='ocrx_word' id='word_1_48' title='bbox 1489 759 1584 812; x_wconf 83' lang='grc' dir='ltr'><strong>ἀπ’</strong></span> <span class='ocrx_word' id='word_1_49' title='bbox 1616 753 1781 811; x_wconf 78' lang='grc' dir='ltr'>αὐτοῦ</span> 
     </span>
    </p>
   </div>
   <div class='ocr_carea' id='block_1_8' title="bbox 221 846 1784 922">
    <p class='ocr_par' dir='ltr' id='par_1_8' title="bbox 221 846 1784 922">
     <span class='ocr_line' id='line_1_8' title="bbox 221 846 1784 922; baseline 0.001 -22"><span class='ocrx_word' id='word_1_50' title='bbox 221 846 557 918; x_wconf 79' lang='grc' dir='ltr'><strong>σχιζομένων,</strong></span> <span class='ocrx_word' id='word_1_51' title='bbox 615 849 943 918; x_wconf 74' lang='grc' dir='ltr'>καὶμᾶλλον</span> <span class='ocrx_word' id='word_1_52' title='bbox 983 851 1092 903; x_wconf 86' lang='grc' dir='ltr'><strong>τῶν</strong></span> <span class='ocrx_word' id='word_1_53' title='bbox 1149 852 1298 915; x_wconf 85' lang='grc' dir='ltr'>ίδίως</span> <span class='ocrx_word' id='word_1_54' title='bbox 1348 851 1682 922; x_wconf 77' lang='grc' dir='ltr'><strong>ζηλούντων,</strong></span> <span class='ocrx_word' id='word_1_55' title='bbox 1716 849 1784 902; x_wconf 74' lang='grc' dir='ltr'><strong>τὰ</strong></span> 
     </span>
    </p>
   </div>
   <div class='ocr_carea' id='block_1_9' title="bbox 221 940 1783 1014">
    <p class='ocr_par' dir='ltr' id='par_1_9' title="bbox 221 940 1783 1014">
     <span class='ocr_line' id='line_1_9' title="bbox 221 940 1783 1014; baseline 0.004 -25"><span class='ocrx_word' id='word_1_56' title='bbox 221 940 432 992; x_wconf 79' lang='grc' dir='ltr'>πλεῖστα</span> <span class='ocrx_word' id='word_1_57' title='bbox 467 941 804 1009; x_wconf 86' lang='grc' dir='ltr'>καθήπτετο.</span> <span class='ocrx_word' id='word_1_58' title='bbox 845 941 950 995; x_wconf 68' lang='grc' dir='ltr'>κᾶν</span> <span class='ocrx_word' id='word_1_59' title='bbox 1002 944 1203 998; x_wconf 77' lang='grc' dir='ltr'>ἐκεῖνοι</span> <span class='ocrx_word' id='word_1_60' title='bbox 1237 943 1336 1014; x_wconf 84' lang='grc' dir='ltr'>τὴν</span> <span class='ocrx_word' id='word_1_61' title='bbox 1379 943 1611 1014; x_wconf 80' lang='grc' dir='ltr'>γνώμην</span> <span class='ocrx_word' id='word_1_62' title='bbox 1641 943 1783 1010; x_wconf 85' lang='grc' dir='ltr'>άμε-</span> 
     </span>
    </p>
   </div>
   <div class='ocr_carea' id='block_1_10' title="bbox 217 1031 1783 1110">
    <p class='ocr_par' dir='ltr' id='par_1_10' title="bbox 217 1031 1783 1110">
     <span class='ocr_line' id='line_1_10' title="bbox 217 1031 1783 1110; baseline 0.002 -23"><span class='ocrx_word' id='word_1_63' title='bbox 217 1033 426 1089; x_wconf 83' lang='grc' dir='ltr'>τάθετον</span> <span class='ocrx_word' id='word_1_64' title='bbox 475 1031 624 1107; x_wconf 75' lang='grc' dir='ltr'>εἶχον</span> <span class='ocrx_word' id='word_1_65' title='bbox 653 1037 741 1107; x_wconf 81' lang='grc' dir='ltr'>ἐφ’</span> <span class='ocrx_word' id='word_1_66' title='bbox 773 1032 858 1102; x_wconf 75' lang='grc' dir='ltr'><strong>οἷς</strong></span> <span class='ocrx_word' id='word_1_67' title='bbox 891 1038 1134 1110; x_wconf 82' lang='grc' dir='ltr'>ἀρχῆθεν</span> <span class='ocrx_word' id='word_1_68' title='bbox 1171 1037 1619 1110; x_wconf 76' lang='grc' dir='ltr'>ἐπισχυρίζοντο.</span> <span class='ocrx_word' id='word_1_69' title='bbox 1673 1036 1783 1091; x_wconf 76' lang='grc' dir='ltr'><strong>Καὶ</strong></span> 
     </span>
    </p>
   </div>
   <div class='ocr_carea' id='block_1_11' title="bbox 213 1129 1782 1204">
    <p class='ocr_par' dir='ltr' id='par_1_11' title="bbox 213 1129 1782 1204">
     <span class='ocr_line' id='line_1_11' title="bbox 213 1129 1782 1204; baseline 0.001 -21"><span class='ocrx_word' id='word_1_70' title='bbox 213 1129 438 1200; x_wconf 73' lang='grc' dir='ltr'>ἔπασχον</span> <span class='ocrx_word' id='word_1_71' title='bbox 471 1131 591 1200; x_wconf 72' lang='grc' dir='ltr'>μὶν,</span> <span class='ocrx_word' id='word_1_72' title='bbox 626 1131 869 1204; x_wconf 73' lang='grc' dir='ltr'>ἔπασχον</span> <span class='ocrx_word' id='word_1_73' title='bbox 896 1132 943 1186; x_wconf 86' lang='grc' dir='ltr'>δ’</span> <span class='ocrx_word' id='word_1_74' title='bbox 973 1134 1040 1188; x_wconf 78' lang='grc' dir='ltr'>ἂν</span> <span class='ocrx_word' id='word_1_75' title='bbox 1076 1134 1169 1186; x_wconf 74' lang='grc' dir='ltr'>καὶ</span> <span class='ocrx_word' id='word_1_76' title='bbox 1202 1132 1272 1187; x_wconf 61' lang='grc' dir='ltr'><strong>τὰ</strong></span> <span class='ocrx_word' id='word_1_77' title='bbox 1309 1132 1568 1203; x_wconf 76' lang='grc' dir='ltr'>μέγιστα,</span> <span class='ocrx_word' id='word_1_78' title='bbox 1597 1131 1648 1184; x_wconf 80' lang='grc' dir='ltr'><strong>εί</strong></span> <span class='ocrx_word' id='word_1_79' title='bbox 1681 1129 1782 1201; x_wconf 80' lang='grc' dir='ltr'><strong>βα-</strong></span> 
     </span>
    </p>
   </div>
   <div class='ocr_carea' id='block_1_12' title="bbox 216 1223 1782 1299">
    <p class='ocr_par' dir='ltr' id='par_1_12' title="bbox 216 1223 1782 1299">
     <span class='ocr_line' id='line_1_12' title="bbox 216 1223 1782 1299; baseline 0.001 -21"><span class='ocrx_word' id='word_1_80' title='bbox 216 1225 379 1289; x_wconf 70' lang='grc' dir='ltr'>σιλεὺς</span> <span class='ocrx_word' id='word_1_81' title='bbox 425 1225 574 1296; x_wconf 74' lang='grc' dir='ltr'>ύφίει</span> <span class='ocrx_word' id='word_1_82' title='bbox 603 1227 698 1280; x_wconf 75' lang='grc' dir='ltr'>καὶ</span> <span class='ocrx_word' id='word_1_83' title='bbox 723 1227 1046 1299; x_wconf 80' lang='grc' dir='ltr'><strong>συνεχώρει.</strong></span> <span class='ocrx_word' id='word_1_84' title='bbox 1093 1226 1238 1282; x_wconf 77' lang='grc' dir='ltr'>Ἀλλ’</span> <span class='ocrx_word' id='word_1_85' title='bbox 1261 1228 1478 1297; x_wconf 79' lang='grc' dir='ltr'>ἀνεῖχεν</span> <span class='ocrx_word' id='word_1_86' title='bbox 1505 1226 1643 1293; x_wconf 67' lang='grc' dir='ltr'>ὅλως</span> <span class='ocrx_word' id='word_1_87' title='bbox 1681 1223 1782 1288; x_wconf 79' lang='grc' dir='ltr'><strong>τὰς</strong></span> 
     </span>
    </p>
   </div>
   <div class='ocr_carea' id='block_1_13' title="bbox 210 1319 1778 1393">
    <p class='ocr_par' dir='ltr' id='par_1_13' title="bbox 210 1319 1778 1393">
     <span class='ocr_line' id='line_1_13' title="bbox 210 1319 1778 1393; baseline -0.001 -20"><span class='ocrx_word' id='word_1_88' title='bbox 210 1319 288 1373; x_wconf 80' lang='grc' dir='ltr'>ἐπ’</span> <span class='ocrx_word' id='word_1_89' title='bbox 315 1319 547 1386; x_wconf 83' lang='grc' dir='ltr'>ἐκείνοις</span> <span class='ocrx_word' id='word_1_90' title='bbox 573 1321 683 1376; x_wconf 84' lang='grc' dir='ltr'><strong>τῶν</strong></span> <span class='ocrx_word' id='word_1_91' title='bbox 710 1320 891 1376; x_wconf 78' lang='grc' dir='ltr'>ἄλλων</span> <span class='ocrx_word' id='word_1_92' title='bbox 917 1322 1098 1393; x_wconf 80' lang='grc' dir='ltr'>ὁρμάς</span> <span class='ocrx_word' id='word_1_93' title='bbox 1125 1323 1352 1390; x_wconf 76' lang='grc' dir='ltr'>τρόποις</span> <span class='ocrx_word' id='word_1_94' title='bbox 1378 1321 1778 1393; x_wconf 78' lang='grc' dir='ltr'><strong>χρηστότητος.</strong></span> 
     </span>
    </p>
   </div>
   <div class='ocr_carea' id='block_1_14' title="bbox 353 1457 1633 1530">
    <p class='ocr_par' dir='ltr' id='par_1_14' title="bbox 353 1457 1633 1530">
     <span class='ocr_line' id='line_1_14' title="bbox 353 1457 1633 1530; baseline -0.001 -16"><span class='ocrx_word' id='word_1_95' title='bbox 353 1457 459 1530; x_wconf 84' lang='grc' dir='ltr'>κβ’.</span> <span class='ocrx_word' id='word_1_96' title='bbox 510 1458 878 1529; x_wconf 74' lang='grc' dir='ltr'>Ἀνὰρῤησις</span> <span class='ocrx_word' id='word_1_97' title='bbox 895 1460 1003 1516; x_wconf 83' lang='grc' dir='ltr'>τοῦ</span> <span class='ocrx_word' id='word_1_98' title='bbox 1034 1462 1349 1530; x_wconf 82' lang='grc' dir='ltr'>Καίσαρος·</span> <span class='ocrx_word' id='word_1_99' title='bbox 1377 1459 1633 1515; x_wconf 73' lang='grc' dir='ltr'>Ἰταλοῦ.</span> 
     </span>
    </p>
   </div>
   <div class='ocr_carea' id='block_1_15' title="bbox 271 1591 1781 1680">
    <p class='ocr_par' dir='ltr' id='par_1_15' title="bbox 271 1591 1781 1680">
     <span class='ocr_line' id='line_1_15' title="bbox 271 1591 1781 1680; baseline 0.002 -33"><span class='ocrx_word' id='word_1_100' title='bbox 271 1591 350 1666; x_wconf 85' lang='grc' dir='ltr'>[Ρ.</span> <span class='ocrx_word' id='word_1_101' title='bbox 376 1592 510 1668; x_wconf 76' lang='grc'><strong>563]</strong></span> <span class='ocrx_word' id='word_1_102' title='bbox 553 1594 644 1648; x_wconf 81' lang='grc' dir='ltr'>Ἐν</span> <span class='ocrx_word' id='word_1_103' title='bbox 693 1595 871 1667; x_wconf 83' lang='grc' dir='ltr'>τούτῳ</span> <span class='ocrx_word' id='word_1_104' title='bbox 899 1596 997 1651; x_wconf 76' lang='grc' dir='ltr'>καὶ</span> <span class='ocrx_word' id='word_1_105' title='bbox 1053 1597 1082 1651; x_wconf 80' lang='grc' dir='ltr'><strong>ὀ</strong></span> <span class='ocrx_word' id='word_1_106' title='bbox 1131 1597 1258 1680; x_wconf 72' lang='grc' dir='ltr'><strong>ἀπὸ¹</strong></span> <span class='ocrx_word' id='word_1_107' title='bbox 1293 1597 1536 1666; x_wconf 79' lang='grc' dir='ltr'><strong>μεγάλου</strong></span> <span class='ocrx_word' id='word_1_108' title='bbox 1589 1596 1781 1662; x_wconf 84' lang='grc' dir='ltr'>δουκὺς</span> 
     </span>
    </p>
   </div>
   <div class='ocr_carea' id='block_1_16' title="bbox 217 1687 1781 1773">
    <p class='ocr_par' dir='ltr' id='par_1_16' title="bbox 217 1687 1781 1773">
     <span class='ocr_line' id='line_1_16' title="bbox 217 1687 1781 1773; baseline 0.003 -32"><span class='ocrx_word' id='word_1_109' title='bbox 217 1687 404 1753; x_wconf 77' lang='grc' dir='ltr'>Ἰταλὸς</span> <span class='ocrx_word' id='word_1_110' title='bbox 435 1689 538 1758; x_wconf 78' lang='grc' dir='ltr'>μὲν</span> <span class='ocrx_word' id='word_1_111' title='bbox 568 1690 631 1744; x_wconf 79' lang='grc' dir='ltr'>τὸ</span> <span class='ocrx_word' id='word_1_112' title='bbox 651 1690 829 1759; x_wconf 80' lang='grc' dir='ltr'>γένος,</span> <span class='ocrx_word' id='word_1_113' title='bbox 865 1695 986 1755; x_wconf 85' lang='grc' dir='ltr'>ταῖς</span> <span class='ocrx_word' id='word_1_114' title='bbox 1017 1691 1062 1746; x_wconf 89' lang='grc' dir='ltr'>δ’</span> <span class='ocrx_word' id='word_1_115' title='bbox 1097 1693 1206 1746; x_wconf 82' lang='grc' dir='ltr'><strong>ἀπὸ</strong></span> <span class='ocrx_word' id='word_1_116' title='bbox 1231 1693 1325 1746; x_wconf 82' lang='grc' dir='ltr'>τοῦ</span> <span class='ocrx_word' id='word_1_117' title='bbox 1369 1692 1646 1773; x_wconf 77' lang='grc' dir='ltr'>βασιλέως</span> <span class='ocrx_word' id='word_1_118' title='bbox 1659 1694 1781 1746; x_wconf 87' lang='grc' dir='ltr'>ὀνο-</span> 
     </span>
    </p>
   </div>
   <div class='ocr_carea' id='block_1_17' title="bbox 208 1781 1780 1857">
    <p class='ocr_par' dir='ltr' id='par_1_17' title="bbox 208 1781 1780 1857">
     <span class='ocr_line' id='line_1_17' title="bbox 208 1781 1780 1857; baseline 0.003 -22"><span class='ocrx_word' id='word_1_119' title='bbox 208 1782 424 1852; x_wconf 79' lang='grc' dir='ltr'>μασίαις</span> <span class='ocrx_word' id='word_1_120' title='bbox 454 1781 530 1847; x_wconf 84' lang='grc' dir='ltr'><strong>ὡς</strong></span> <span class='ocrx_word' id='word_1_121' title='bbox 561 1784 812 1854; x_wconf 78' lang='grc' dir='ltr'>γαμϐρὸς</span> <span class='ocrx_word' id='word_1_122' title='bbox 843 1784 1215 1857; x_wconf 74' lang='grc' dir='ltr'>κλεῖςόμενος,</span> <span class='ocrx_word' id='word_1_123' title='bbox 1248 1786 1488 1857; x_wconf 82' lang='grc' dir='ltr'>πέμπων</span> <span class='ocrx_word' id='word_1_124' title='bbox 1517 1786 1780 1851; x_wconf 80' lang='grc' dir='ltr'>πολλάκις</span> 
     </span>
    </p>
   </div>
   <div class='ocr_carea' id='block_1_18' title="bbox 1887 559 3482 640">
    <p class='ocr_par' dir='ltr' id='par_1_18' title="bbox 1887 559 3482 640">
     <span class='ocr_line' id='line_1_18' title="bbox 1887 559 3482 640; baseline -0.006 -16"><span class='ocrx_word' id='word_1_125' title='bbox 1887 571 2010 624; x_wconf 81' lang='grc' dir='ltr'>κατ’</span> <span class='ocrx_word' id='word_1_126' title='bbox 2042 571 2336 640; x_wconf 78' lang='grc' dir='ltr'>ἀνατολήν.</span> <span class='ocrx_word' id='word_1_127' title='bbox 2371 568 2512 623; x_wconf 81' lang='grc' dir='ltr'>Ἀλλ’</span> <span class='ocrx_word' id='word_1_128' title='bbox 2542 569 2694 638; x_wconf 84' lang='grc' dir='ltr'>ὅμως</span> <span class='ocrx_word' id='word_1_129' title='bbox 2727 571 2790 622; x_wconf 83' lang='grc' dir='ltr'><strong>ἐκ</strong></span> <span class='ocrx_word' id='word_1_130' title='bbox 2819 566 3122 636; x_wconf 82' lang='grc' dir='ltr'>σκαιωρῐας</span> <span class='ocrx_word' id='word_1_131' title='bbox 3170 564 3265 618; x_wconf 76' lang='grc' dir='ltr'>καὶ</span> <span class='ocrx_word' id='word_1_132' title='bbox 3320 559 3482 625; x_wconf 74' lang='grc' dir='ltr'>αὖθις</span> 
     </span>
    </p>
   </div>
   <div class='ocr_carea' id='block_1_19' title="bbox 1885 656 3481 735">
    <p class='ocr_par' dir='ltr' id='par_1_19' title="bbox 1885 656 3481 735">
     <span class='ocr_line' id='line_1_19' title="bbox 1885 656 3481 735; baseline -0.007 -17"><span class='ocrx_word' id='word_1_133' title='bbox 1885 665 1983 735; x_wconf 81' lang='grc' dir='ltr'>οὐχ</span> <span class='ocrx_word' id='word_1_134' title='bbox 2033 661 2364 717; x_wconf 81' lang='grc' dir='ltr'>ὑπελείπετο</span> <span class='ocrx_word' id='word_1_135' title='bbox 2397 664 2709 733; x_wconf 83' lang='grc' dir='ltr'>πρόφασις,</span> <span class='ocrx_word' id='word_1_136' title='bbox 2744 660 2882 714; x_wconf 82' lang='grc' dir='ltr'>ἀλλὰ</span> <span class='ocrx_word' id='word_1_137' title='bbox 2939 658 3170 720; x_wconf 84' lang='grc' dir='ltr'>πολλοὺς</span> <span class='ocrx_word' id='word_1_138' title='bbox 3227 657 3324 726; x_wconf 82' lang='grc' dir='ltr'>μὲν</span> <span class='ocrx_word' id='word_1_139' title='bbox 3377 656 3481 709; x_wconf 79' lang='grc' dir='ltr'><strong>ἀνὰ</strong></span> 
     </span>
    </p>
   </div>
   <div class='ocr_carea' id='block_1_20' title="bbox 1885 746 3481 828">
    <p class='ocr_par' dir='ltr' id='par_1_20' title="bbox 1885 746 3481 828">
     <span class='ocr_line' id='line_1_20' title="bbox 1885 746 3481 828; baseline -0.009 -15"><span class='ocrx_word' id='word_1_140' title='bbox 1885 756 2132 821; x_wconf 79' lang='grc' dir='ltr'>Κύζικον</span> <span class='ocrx_word' id='word_1_141' title='bbox 2161 759 2393 828; x_wconf 84' lang='grc' dir='ltr'>πέμπει,</span> <span class='ocrx_word' id='word_1_142' title='bbox 2427 755 2660 820; x_wconf 80' lang='grc' dir='ltr'>πολλοὺς</span> <span class='ocrx_word' id='word_1_143' title='bbox 2711 755 2756 808; x_wconf 82' lang='grc' dir='ltr'>δ’</span> <span class='ocrx_word' id='word_1_144' title='bbox 2785 754 2890 808; x_wconf 82' lang='grc' dir='ltr'>ἀνά</span> <span class='ocrx_word' id='word_1_145' title='bbox 2927 751 3121 824; x_wconf 81' lang='grc' dir='ltr'>Πηγὰς</span> <span class='ocrx_word' id='word_1_146' title='bbox 3146 792 3160 815; x_wconf 90' lang='grc'><strong>,</strong></span> <span class='ocrx_word' id='word_1_147' title='bbox 3199 748 3393 819; x_wconf 74' lang='grc' dir='ltr'>ἱκανὴν</span> <span class='ocrx_word' id='word_1_148' title='bbox 3424 746 3481 800; x_wconf 64' lang='grc' dir='ltr'>δὲ</span> 
     </span>
    </p>
   </div>
   <div class='ocr_carea' id='block_1_21' title="bbox 1889 840 3479 922">
    <p class='ocr_par' dir='ltr' id='par_1_21' title="bbox 1889 840 3479 922">
     <span class='ocr_line' id='line_1_21' title="bbox 1889 840 3479 922; baseline -0.008 -17"><span class='ocrx_word' id='word_1_149' title='bbox 1889 854 2089 922; x_wconf 83' lang='grc' dir='ltr'>μοῖραν</span> <span class='ocrx_word' id='word_1_150' title='bbox 2133 853 2228 906; x_wconf 60' lang='grc' dir='ltr'><strong>καὶ⁸</strong></span> <span class='ocrx_word' id='word_1_151' title='bbox 2275 851 2356 921; x_wconf 76' lang='grc' dir='ltr'>τῷ</span> <span class='ocrx_word' id='word_1_152' title='bbox 2412 850 2670 921; x_wconf 84' lang='grc' dir='ltr'>Λοπαδίῳ</span> <span class='ocrx_word' id='word_1_153' title='bbox 2717 847 3040 918; x_wconf 74' lang='grc' dir='ltr'>προσνέμει.</span> <span class='ocrx_word' id='word_1_154' title='bbox 3076 844 3246 906; x_wconf 77' lang='grc' dir='ltr'>Αὐτὸς</span> <span class='ocrx_word' id='word_1_155' title='bbox 3281 842 3337 895; x_wconf 73' lang='grc' dir='ltr'>δὲ</span> <span class='ocrx_word' id='word_1_156' title='bbox 3387 840 3479 894; x_wconf 68' lang='grc' dir='ltr'>καὶ</span> 
     </span>
    </p>
   </div>
   <div class='ocr_carea' id='block_1_22' title="bbox 1882 938 3478 1017">
    <p class='ocr_par' dir='ltr' id='par_1_22' title="bbox 1882 938 3478 1017">
     <span class='ocr_line' id='line_1_22' title="bbox 1882 938 3478 1017; baseline -0.006 -19"><span class='ocrx_word' id='word_1_157' title='bbox 1882 945 2014 1008; x_wconf 82' lang='grc' dir='ltr'>τοὺς</span> <span class='ocrx_word' id='word_1_158' title='bbox 2045 946 2178 1016; x_wconf 83' lang='grc' dir='ltr'>περὶ</span> <span class='ocrx_word' id='word_1_159' title='bbox 2210 945 2302 998; x_wconf 73' lang='grc' dir='ltr'>τὸν</span> <span class='ocrx_word' id='word_1_160' title='bbox 2334 945 2716 1017; x_wconf 82' lang='grc' dir='ltr'>Μπυριγέριον</span> <span class='ocrx_word' id='word_1_161' title='bbox 2760 945 2987 998; x_wconf 83' lang='grc' dir='ltr'>θάλπων</span> <span class='ocrx_word' id='word_1_162' title='bbox 3018 942 3119 1013; x_wconf 76' lang='grc' dir='ltr'>ἢδη</span> <span class='ocrx_word' id='word_1_163' title='bbox 3155 938 3478 1005; x_wconf 76' lang='grc' dir='ltr'>ἀποστατή-</span> 
     </span>
    </p>
   </div>
   <div class='ocr_carea' id='block_1_23' title="bbox 1887 1032 3480 1110">
    <p class='ocr_par' dir='ltr' id='par_1_23' title="bbox 1887 1032 3480 1110">
     <span class='ocr_line' id='line_1_23' title="bbox 1887 1032 3480 1110; baseline -0.007 -17"><span class='ocrx_word' id='word_1_164' title='bbox 1887 1056 2078 1106; x_wconf 89' lang='grc' dir='ltr'>σαντα,</span> <span class='ocrx_word' id='word_1_165' title='bbox 2109 1041 2192 1093; x_wconf 81' lang='grc' dir='ltr'><strong>ἐτι</strong></span> <span class='ocrx_word' id='word_1_166' title='bbox 2226 1039 2281 1093; x_wconf 82' lang='grc' dir='ltr'>δὲ</span> <span class='ocrx_word' id='word_1_167' title='bbox 2315 1039 2565 1103; x_wconf 73' lang='grc' dir='ltr'>καὶτοὺς</span> <span class='ocrx_word' id='word_1_168' title='bbox 2598 1039 2742 1110; x_wconf 72' lang='grc' dir='ltr'>ἀμφὶ</span> <span class='ocrx_word' id='word_1_169' title='bbox 2775 1039 2867 1092; x_wconf 73' lang='grc' dir='ltr'>τὸν</span> <span class='ocrx_word' id='word_1_170' title='bbox 2892 1037 3050 1090; x_wconf 84' lang='grc' dir='ltr'>νόθον</span> <span class='ocrx_word' id='word_1_171' title='bbox 3075 1034 3306 1102; x_wconf 83' lang='grc' dir='ltr'>ἀδελφὸν</span> <span class='ocrx_word' id='word_1_172' title='bbox 3343 1032 3480 1083; x_wconf 73' lang='grc' dir='ltr'>Θευ-</span> 
     </span>
    </p>
   </div>
   <div class='ocr_carea' id='block_1_24' title="bbox 1884 1126 3481 1203">
    <p class='ocr_par' dir='ltr' id='par_1_24' title="bbox 1884 1126 3481 1203">
     <span class='ocr_line' id='line_1_24' title="bbox 1884 1126 3481 1203; baseline -0.007 -17"><span class='ocrx_word' id='word_1_173' title='bbox 1884 1130 2101 1203; x_wconf 87' lang='grc' dir='ltr'>δερίχου</span> <span class='ocrx_word' id='word_1_174' title='bbox 2130 1131 2584 1202; x_wconf 76' lang='grc' dir='ltr'>ὑποποιούμενος,</span> <span class='ocrx_word' id='word_1_175' title='bbox 2611 1131 2822 1198; x_wconf 82' lang='grc' dir='ltr'>τούτοις</span> <span class='ocrx_word' id='word_1_176' title='bbox 2848 1129 2946 1200; x_wconf 82' lang='grc' dir='ltr'>μὲν</span> <span class='ocrx_word' id='word_1_177' title='bbox 2981 1129 3143 1200; x_wconf 80' lang='grc' dir='ltr'>μέχρι</span> <span class='ocrx_word' id='word_1_178' title='bbox 3178 1130 3270 1180; x_wconf 67' lang='grc' dir='ltr'>καὶ</span> <span class='ocrx_word' id='word_1_179' title='bbox 3303 1126 3481 1178; x_wconf 76' lang='grc' dir='ltr'>Μιτυ-</span> 
     </span>
    </p>
   </div>
   <div class='ocr_carea' id='block_1_25' title="bbox 1883 1221 3477 1303">
    <p class='ocr_par' dir='ltr' id='par_1_25' title="bbox 1883 1221 3477 1303">
     <span class='ocr_line' id='line_1_25' title="bbox 1883 1221 3477 1303; baseline -0.015 -10"><span class='ocrx_word' id='word_1_180' title='bbox 1883 1226 2055 1298; x_wconf 81' lang='grc' dir='ltr'>λήνης</span> <span class='ocrx_word' id='word_1_181' title='bbox 2070 1227 2162 1281; x_wconf 68' lang='grc' dir='ltr'>τδν</span> <span class='ocrx_word' id='word_1_182' title='bbox 2183 1226 2353 1280; x_wconf 80' lang='grc' dir='ltr'>πλοῦν</span> <span class='ocrx_word' id='word_1_183' title='bbox 2377 1226 2734 1297; x_wconf 76' lang='grc' dir='ltr'>περιώριζεν,</span> <span class='ocrx_word' id='word_1_184' title='bbox 2757 1225 2996 1287; x_wconf 77' lang='grc' dir='ltr'>ἐκείνους</span> <span class='ocrx_word' id='word_1_185' title='bbox 3018 1223 3074 1275; x_wconf 81' lang='grc' dir='ltr'>δὲ</span> <span class='ocrx_word' id='word_1_186' title='bbox 3100 1221 3477 1303; x_wconf 79' lang='grc' dir='ltr'>παρακατεῖχε</span> 
     </span>
    </p>
   </div>
   <div class='ocr_carea' id='block_1_26' title="bbox 1885 1313 3484 1393">
    <p class='ocr_par' dir='ltr' id='par_1_26' title="bbox 1885 1313 3484 1393">
     <span class='ocr_line' id='line_1_26' title="bbox 1885 1313 3484 1393; baseline -0.008 -17"><span class='ocrx_word' id='word_1_187' title='bbox 1885 1321 1984 1376; x_wconf 78' lang='grc' dir='ltr'>καὶ</span> <span class='ocrx_word' id='word_1_188' title='bbox 2014 1320 2321 1393; x_wconf 79' lang='grc' dir='ltr'>προφάσεις</span> <span class='ocrx_word' id='word_1_189' title='bbox 2373 1317 2679 1375; x_wconf 74' lang='grc' dir='ltr'>ἐπλάττετο</span> <span class='ocrx_word' id='word_1_190' title='bbox 2707 1320 2804 1373; x_wconf 72' lang='grc' dir='ltr'>καὶ</span> <span class='ocrx_word' id='word_1_191' title='bbox 2855 1317 3028 1377; x_wconf 79' lang='grc' dir='ltr'>ἄλλας</span> <span class='ocrx_word' id='word_1_192' title='bbox 3067 1317 3190 1386; x_wconf 80' lang='grc' dir='ltr'>μὲν,</span> <span class='ocrx_word' id='word_1_193' title='bbox 3244 1315 3386 1376; x_wconf 76' lang='grc' dir='ltr'>τέως</span> <span class='ocrx_word' id='word_1_194' title='bbox 3423 1313 3484 1364; x_wconf 80' lang='grc' dir='ltr'>δέ</span> 
     </span>
    </p>
   </div>
   <div class='ocr_carea' id='block_1_27' title="bbox 1885 1409 3480 1486">
    <p class='ocr_par' dir='ltr' id='par_1_27' title="bbox 1885 1409 3480 1486">
     <span class='ocr_line' id='line_1_27' title="bbox 1885 1409 3480 1486; baseline -0.005 -19"><span class='ocrx_word' id='word_1_195' title='bbox 1885 1432 1950 1484; x_wconf 87' lang='grc' dir='ltr'><strong>γε</strong></span> <span class='ocrx_word' id='word_1_196' title='bbox 1984 1416 2085 1486; x_wconf 83' lang='grc' dir='ltr'>τὴν</span> <span class='ocrx_word' id='word_1_197' title='bbox 2118 1415 2368 1486; x_wconf 74' lang='grc' dir='ltr'>ἔκδηλον,</span> <span class='ocrx_word' id='word_1_198' title='bbox 2425 1417 2498 1480; x_wconf 85' lang='grc' dir='ltr'>ὼς</span> <span class='ocrx_word' id='word_1_199' title='bbox 2535 1414 2882 1478; x_wconf 80' lang='grc' dir='ltr'>ἁκαθὲκτους</span> <span class='ocrx_word' id='word_1_200' title='bbox 2930 1412 3092 1474; x_wconf 67' lang='grc' dir='ltr'>ὄντας,</span> <span class='ocrx_word' id='word_1_201' title='bbox 3140 1411 3199 1463; x_wconf 81' lang='grc' dir='ltr'><strong>ού</strong></span> <span class='ocrx_word' id='word_1_202' title='bbox 3251 1409 3480 1461; x_wconf 82' lang='grc' dir='ltr'>δύναται</span> 
     </span>
    </p>
   </div>
   <div class='ocr_carea' id='block_1_28' title="bbox 1883 1502 3477 1580">
    <p class='ocr_par' dir='ltr' id='par_1_28' title="bbox 1883 1502 3477 1580">
     <span class='ocr_line' id='line_1_28' title="bbox 1883 1502 3477 1580; baseline -0.008 -15"><span class='ocrx_word' id='word_1_203' title='bbox 1883 1509 2231 1580; x_wconf 82' lang='grc' dir='ltr'>καθυπάγειν</span> <span class='ocrx_word' id='word_1_204' title='bbox 2264 1511 2346 1573; x_wconf 85' lang='grc' dir='ltr'><strong>είς</strong></span> <span class='ocrx_word' id='word_1_205' title='bbox 2375 1509 2437 1563; x_wconf 78' lang='grc' dir='ltr'>τὸ</span> <span class='ocrx_word' id='word_1_206' title='bbox 2479 1512 2683 1564; x_wconf 80' lang='grc' dir='ltr'>οἰκεῖον</span> <span class='ocrx_word' id='word_1_207' title='bbox 2713 1508 2953 1580; x_wconf 80' lang='grc' dir='ltr'>θέλημα,</span> <span class='ocrx_word' id='word_1_208' title='bbox 2995 1506 3093 1560; x_wconf 71' lang='grc' dir='ltr'>καὶ</span> <span class='ocrx_word' id='word_1_209' title='bbox 3125 1503 3301 1558; x_wconf 74' lang='grc' dir='ltr'>ταῦτα</span> <span class='ocrx_word' id='word_1_210' title='bbox 3339 1502 3477 1573; x_wconf 70' lang='grc' dir='ltr'>μηδὲ</span> 
     </span>
    </p>
   </div>
   <div class='ocr_carea' id='block_1_29' title="bbox 1883 1595 3480 1673">
    <p class='ocr_par' dir='ltr' id='par_1_29' title="bbox 1883 1595 3480 1673">
     <span class='ocr_line' id='line_1_29' title="bbox 1883 1595 3480 1673; baseline -0.004 -17"><span class='ocrx_word' id='word_1_211' title='bbox 1883 1605 2008 1668; x_wconf 75' lang='grc' dir='ltr'>ταῖς</span> <span class='ocrx_word' id='word_1_212' title='bbox 2059 1604 2584 1673; x_wconf 79' lang='grc' dir='ltr'>κεχρεωστημέναις</span> <span class='ocrx_word' id='word_1_213' title='bbox 2651 1599 3043 1670; x_wconf 85' lang='grc' dir='ltr'>μισθοφορίαις</span> <span class='ocrx_word' id='word_1_214' title='bbox 3087 1595 3480 1658; x_wconf 81' lang='grc' dir='ltr'>ίκανωθέντας.</span> 
     </span>
    </p>
   </div>
   <div class='ocr_carea' id='block_1_30' title="bbox 1895 1689 3478 1765">
    <p class='ocr_par' dir='ltr' id='par_1_30' title="bbox 1895 1689 3478 1765">
     <span class='ocr_line' id='line_1_30' title="bbox 1895 1689 3478 1765; baseline -0.006 -15"><span class='ocrx_word' id='word_1_215' title='bbox 1895 1696 2246 1750; x_wconf 81' lang='grc' dir='ltr'>’Υπεποιεῑτο</span> <span class='ocrx_word' id='word_1_216' title='bbox 2281 1696 2338 1749; x_wconf 83' lang='grc' dir='ltr'>δὲ</span> <span class='ocrx_word' id='word_1_217' title='bbox 2386 1699 2483 1751; x_wconf 76' lang='grc' dir='ltr'>καὶ</span> <span class='ocrx_word' id='word_1_218' title='bbox 2539 1695 2639 1765; x_wconf 76' lang='grc' dir='ltr'>τὴν</span> <span class='ocrx_word' id='word_1_219' title='bbox 2672 1695 2781 1748; x_wconf 84' lang='grc' dir='ltr'><strong>τῶν</strong></span> <span class='ocrx_word' id='word_1_220' title='bbox 2817 1694 3014 1748; x_wconf 79' lang='grc' dir='ltr'>ἑκατὸν</span> <span class='ocrx_word' id='word_1_221' title='bbox 3074 1692 3330 1764; x_wconf 83' lang='grc' dir='ltr'>χιλιάδων</span> <span class='ocrx_word' id='word_1_222' title='bbox 3383 1689 3478 1743; x_wconf 81' lang='grc' dir='ltr'>τοῦ</span> 
     </span>
    </p>
   </div>
   <div class='ocr_carea' id='block_1_31' title="bbox 1887 1783 3480 1859">
    <p class='ocr_par' dir='ltr' id='par_1_31' title="bbox 1887 1783 3480 1859">
     <span class='ocr_line' id='line_1_31' title="bbox 1887 1783 3480 1859; baseline -0.004 -17"><span class='ocrx_word' id='word_1_223' title='bbox 1887 1787 2035 1843; x_wconf 91' lang='grc' dir='ltr'>σίτου</span> <span class='ocrx_word' id='word_1_224' title='bbox 2084 1790 2436 1859; x_wconf 71' lang='grc' dir='ltr'>συναγωγήν.</span> <span class='ocrx_word' id='word_1_225' title='bbox 2476 1790 2590 1843; x_wconf 76' lang='grc' dir='ltr'><strong>Καὶ</strong></span> <span class='ocrx_word' id='word_1_226' title='bbox 2623 1789 2728 1842; x_wconf 85' lang='grc' dir='ltr'>ἀνά</span> <span class='ocrx_word' id='word_1_227' title='bbox 2769 1787 2937 1856; x_wconf 79' lang='grc' dir='ltr'>μέρος</span> <span class='ocrx_word' id='word_1_228' title='bbox 2975 1786 3074 1857; x_wconf 82' lang='grc' dir='ltr'>μὲν</span> <span class='ocrx_word' id='word_1_229' title='bbox 3102 1787 3151 1838; x_wconf 74' lang='grc' dir='ltr'>οἱ</span> <span class='ocrx_word' id='word_1_230' title='bbox 3190 1783 3285 1836; x_wconf 84' lang='grc' dir='ltr'>τοῦ</span> <span class='ocrx_word' id='word_1_231' title='bbox 3320 1783 3480 1854; x_wconf 78' lang='grc' dir='ltr'>βασι-</span> 
     </span>
    </p>
   </div>
   <div class='ocr_carea' id='block_1_32' title="bbox 204 1849 3481 1956">
    <p class='ocr_par' dir='ltr' id='par_1_32' title="bbox 204 1849 3481 1956">
     <span class='ocr_line' id='line_1_32' title="bbox 204 1849 3481 1956; baseline 0 -29"><span class='ocrx_word' id='word_1_232' title='bbox 204 1849 330 1950; x_wconf 68' lang='grc' dir='ltr'>πρὸς</span> <span class='ocrx_word' id='word_1_233' title='bbox 355 1849 589 1947; x_wconf 75' lang='grc' dir='ltr'>βασιλέα</span> <span class='ocrx_word' id='word_1_234' title='bbox 622 1849 734 1933; x_wconf 39' lang='grc' dir='ltr'>καὶ-</span> <span class='ocrx_word' id='word_1_235' title='bbox 756 1849 1088 1952; x_wconf 75' lang='grc' dir='ltr'>τεχνιτεύων</span> <span class='ocrx_word' id='word_1_236' title='bbox 1111 1849 1211 1947; x_wconf 61' lang='grc' dir='ltr'><strong>τάξ</strong></span> <span class='ocrx_word' id='word_1_237' title='bbox 1255 1849 1580 1956; x_wconf 72' lang='grc' dir='ltr'>σκαιωρίας,</span> <span class='ocrx_word' id='word_1_238' title='bbox 1625 1849 1780 1949; x_wconf 77' lang='grc' dir='ltr'>τέλος</span> <span class='ocrx_word' id='word_1_239' title='bbox 1812 1849 1858 1910; x_wconf 74' lang='grc' dir='ltr'>Β</span> <span class='ocrx_word' id='word_1_240' title='bbox 1886 1878 2024 1943; x_wconf 86' lang='grc' dir='ltr'>λέως</span> <span class='ocrx_word' id='word_1_241' title='bbox 2057 1849 2292 1948; x_wconf 77' lang='grc' dir='ltr'>συνῆγον</span> <span class='ocrx_word' id='word_1_242' title='bbox 2444 1879 2544 1950; x_wconf 78' lang='grc' dir='ltr'>τῆς</span> <span class='ocrx_word' id='word_1_243' title='bbox 2579 1849 2997 1951; x_wconf 45' lang='grc' dir='ltr'>χώρας-ἐκείνω</span> <span class='ocrx_word' id='word_1_244' title='bbox 3037 1878 3130 1930; x_wconf 84' lang='grc' dir='ltr'>τὸν</span> <span class='ocrx_word' id='word_1_245' title='bbox 3177 1849 3346 1941; x_wconf 76' lang='grc' dir='ltr'>σῖτον,</span> <span class='ocrx_word' id='word_1_246' title='bbox 3375 1875 3481 1929; x_wconf 84' lang='grc' dir='ltr'>ἁνὰ</span> 
     </span>
    </p>
   </div>
   <div class='ocr_carea' id='block_1_33' title="bbox 203 1972 1785 2049">
    <p class='ocr_par' dir='ltr' id='par_1_33' title="bbox 203 1972 1785 2049">
     <span class='ocr_line' id='line_1_33' title="bbox 203 1972 1785 2049; baseline 0.005 -25"><span class='ocrx_word' id='word_1_247' title='bbox 203 1972 575 2026; x_wconf 78' lang='grc' dir='ltr'>ἀποσταλέντα</span> <span class='ocrx_word' id='word_1_248' title='bbox 617 1974 713 2027; x_wconf 78' lang='grc' dir='ltr'>καὶ</span> <span class='ocrx_word' id='word_1_249' title='bbox 758 1973 918 2039; x_wconf 76' lang='grc' dir='ltr'>αὖθις</span> <span class='ocrx_word' id='word_1_250' title='bbox 963 1975 1032 2030; x_wconf 83' lang='grc' dir='ltr'><strong>τὰ</strong></span> <span class='ocrx_word' id='word_1_251' title='bbox 1081 1974 1176 2030; x_wconf 83' lang='grc' dir='ltr'>τοῦ</span> <span class='ocrx_word' id='word_1_252' title='bbox 1215 1977 1498 2047; x_wconf 81' lang='grc' dir='ltr'>Καίσαρος</span> <span class='ocrx_word' id='word_1_253' title='bbox 1535 1976 1785 2049; x_wconf 78' lang='grc' dir='ltr'>σύμϐολα</span> 
     </span>
    </p>
   </div>
   <div class='ocr_carea' id='block_1_34' title="bbox 203 2068 1784 2148">
    <p class='ocr_par' dir='ltr' id='par_1_34' title="bbox 203 2068 1784 2148">
     <span class='ocr_line' id='line_1_34' title="bbox 203 2068 1784 2148; baseline 0.005 -27"><span class='ocrx_word' id='word_1_254' title='bbox 203 2071 334 2123; x_wconf 75' lang='grc' dir='ltr'>κατὰ</span> <span class='ocrx_word' id='word_1_255' title='bbox 378 2068 479 2142; x_wconf 73' lang='grc' dir='ltr'>τὴν</span> <span class='ocrx_word' id='word_1_256' title='bbox 513 2071 733 2142; x_wconf 79' lang='grc' dir='ltr'>ἡμέραν</span> <span class='ocrx_word' id='word_1_257' title='bbox 765 2075 865 2143; x_wconf 83' lang='grc' dir='ltr'>τῆς</span> <span class='ocrx_word' id='word_1_258' title='bbox 897 2073 991 2126; x_wconf 78' lang='grc' dir='ltr'><strong>τοῦ</strong></span> <span class='ocrx_word' id='word_1_259' title='bbox 1026 2072 1181 2141; x_wconf 81' lang='grc' dir='ltr'>ἁγίου</span> <span class='ocrx_word' id='word_1_260' title='bbox 1215 2074 1472 2148; x_wconf 73' lang='grc' dir='ltr'>Λαζάρου</span> <span class='ocrx_word' id='word_1_261' title='bbox 1508 2074 1784 2145; x_wconf 81' lang='grc' dir='ltr'>ἐγέρσεως</span> 
     </span>
    </p>
   </div>
   <div class='ocr_carea' id='block_1_35' title="bbox 201 2161 1785 2238">
    <p class='ocr_par' dir='ltr' id='par_1_35' title="bbox 201 2161 1785 2238">
     <span class='ocr_line' id='line_1_35' title="bbox 201 2161 1785 2238; baseline 0.005 -23"><span class='ocrx_word' id='word_1_262' title='bbox 201 2161 514 2216; x_wconf 72' lang='grc' dir='ltr'>ὑποδέδεται</span> <span class='ocrx_word' id='word_1_263' title='bbox 555 2163 648 2216; x_wconf 70' lang='grc' dir='ltr'>καὶ</span> <span class='ocrx_word' id='word_1_264' title='bbox 679 2165 898 2236; x_wconf 74' lang='grc' dir='ltr'>Καῖσαρ</span> <span class='ocrx_word' id='word_1_265' title='bbox 936 2165 1262 2235; x_wconf 76' lang='grc' dir='ltr'>φημίζεται,</span> <span class='ocrx_word' id='word_1_266' title='bbox 1295 2167 1513 2238; x_wconf 82' lang='grc' dir='ltr'>δέχεταί</span> <span class='ocrx_word' id='word_1_267' title='bbox 1540 2185 1599 2220; x_wconf 81' lang='grc' dir='ltr'><strong>τε</strong></span> <span class='ocrx_word' id='word_1_268' title='bbox 1634 2167 1785 2237; x_wconf 75' lang='grc' dir='ltr'>παρὰ</span> 
     </span>
    </p>
   </div>
   <div class='ocr_carea' id='block_1_36' title="bbox 199 2254 1784 2333">
    <p class='ocr_par' dir='ltr' id='par_1_36' title="bbox 199 2254 1784 2333">
     <span class='ocr_line' id='line_1_36' title="bbox 199 2254 1784 2333; baseline 0.004 -25"><span class='ocrx_word' id='word_1_269' title='bbox 199 2254 600 2324; x_wconf 56' lang='grc' dir='ltr'>βασιλέωςριαὶ</span> <span class='ocrx_word' id='word_1_270' title='bbox 649 2259 882 2328; x_wconf 82' lang='grc' dir='ltr'>χρυσίου</span> <span class='ocrx_word' id='word_1_271' title='bbox 917 2259 1236 2329; x_wconf 81' lang='grc' dir='ltr'>νομίσματα</span> <span class='ocrx_word' id='word_1_272' title='bbox 1279 2259 1599 2333; x_wconf 79' lang='grc' dir='ltr'>χιλιοστύας</span> <span class='ocrx_word' id='word_1_273' title='bbox 1631 2264 1784 2333; x_wconf 82' lang='grc' dir='ltr'>τρεῖς</span> 
     </span>
    </p>
   </div>
   <div class='ocr_carea' id='block_1_37' title="bbox 199 2348 1783 2426">
    <p class='ocr_par' dir='ltr' id='par_1_37' title="bbox 199 2348 1783 2426">
     <span class='ocr_line' id='line_1_37' title="bbox 199 2348 1783 2426; baseline 0.004 -25"><span class='ocrx_word' id='word_1_274' title='bbox 199 2348 325 2420; x_wconf 80' lang='grc' dir='ltr'>πρὸς</span> <span class='ocrx_word' id='word_1_275' title='bbox 356 2351 684 2421; x_wconf 81' lang='grc' dir='ltr'>τριάκοντα.</span> <span class='ocrx_word' id='word_1_276' title='bbox 727 2351 1022 2407; x_wconf 74' lang='grc' dir='ltr'>Ξυνέκειτο</span> <span class='ocrx_word' id='word_1_277' title='bbox 1060 2352 1116 2408; x_wconf 75' lang='grc' dir='ltr'>δὲ</span> <span class='ocrx_word' id='word_1_278' title='bbox 1167 2355 1317 2423; x_wconf 81' lang='grc' dir='ltr'>σφίσι</span> <span class='ocrx_word' id='word_1_279' title='bbox 1349 2354 1652 2426; x_wconf 79' lang='grc' dir='ltr'>λαμῦάνειν</span> <span class='ocrx_word' id='word_1_280' title='bbox 1687 2357 1783 2409; x_wconf 75' lang='grc' dir='ltr'><strong>καὶ</strong></span> 
     </span>
    </p>
   </div>
   <div class='ocr_carea' id='block_1_38' title="bbox 201 2441 1782 2520">
    <p class='ocr_par' dir='ltr' id='par_1_38' title="bbox 201 2441 1782 2520">
     <span class='ocr_line' id='line_1_38' title="bbox 201 2441 1782 2520; baseline 0.004 -26"><span class='ocrx_word' id='word_1_281' title='bbox 201 2441 341 2495; x_wconf 87' lang='grc' dir='ltr'>σίτου</span> <span class='ocrx_word' id='word_1_282' title='bbox 391 2443 663 2507; x_wconf 69' lang='grc' dir='ltr'>τοπικοὺς</span> <span class='ocrx_word' id='word_1_283' title='bbox 708 2447 928 2516; x_wconf 73' lang='grc' dir='ltr'>μοδίους</span> <span class='ocrx_word' id='word_1_284' title='bbox 955 2445 1150 2502; x_wconf 77' lang='grc' dir='ltr'>ἐκατδν</span> <span class='ocrx_word' id='word_1_285' title='bbox 1181 2447 1451 2518; x_wconf 84' lang='grc' dir='ltr'>χιλιάδας,</span> <span class='ocrx_word' id='word_1_286' title='bbox 1489 2450 1583 2503; x_wconf 81' lang='grc' dir='ltr'>καὶ</span> <span class='ocrx_word' id='word_1_287' title='bbox 1618 2449 1782 2520; x_wconf 81' lang='grc' dir='ltr'>μέχρι</span> 
     </span>
    </p>
   </div>
   <div class='ocr_carea' id='block_1_39' title="bbox 200 2537 1781 2615">
    <p class='ocr_par' dir='ltr' id='par_1_39' title="bbox 200 2537 1781 2615">
     <span class='ocr_line' id='line_1_39' title="bbox 200 2537 1781 2615; baseline 0.003 -24"><span class='ocrx_word' id='word_1_288' title='bbox 200 2538 284 2592; x_wconf 74' lang='grc' dir='ltr'>καὶ</span> <span class='ocrx_word' id='word_1_289' title='bbox 326 2538 382 2602; x_wconf 79' lang='grc' dir='ltr'><strong>ἐς</strong></span> <span class='ocrx_word' id='word_1_290' title='bbox 414 2540 572 2608; x_wconf 82' lang='grc' dir='ltr'>τρεῖς</span> <span class='ocrx_word' id='word_1_291' title='bbox 619 2537 870 2610; x_wconf 80' lang='grc' dir='ltr'>χιλιάδας</span> <span class='ocrx_word' id='word_1_292' title='bbox 908 2542 1171 2615; x_wconf 64' lang='grc' dir='ltr'>μαχίμων</span> <span class='ocrx_word' id='word_1_293' title='bbox 1199 2541 1411 2610; x_wconf 80' lang='grc' dir='ltr'>ἀνδρῶν</span> <span class='ocrx_word' id='word_1_294' title='bbox 1453 2559 1781 2614; x_wconf 79' lang='grc' dir='ltr'>παρακατα-</span> 
     </span>
    </p>
   </div>
   <div class='ocr_carea' id='block_1_40' title="bbox 197 2720 1780 2796">
    <p class='ocr_par' dir='ltr' id='par_1_40' title="bbox 197 2720 1780 2796">
     <span class='ocr_line' id='line_1_40' title="bbox 197 2720 1780 2796; baseline 0.002 -19"><span class='ocrx_word' id='word_1_295' title='bbox 197 2720 317 2778; x_wconf 82' lang='lat' dir='ltr'><strong>fidei</strong></span> <span class='ocrx_word' id='word_1_296' title='bbox 351 2721 420 2778; x_wconf 81' lang='lat' dir='ltr'><strong>ab</strong></span> <span class='ocrx_word' id='word_1_297' title='bbox 469 2721 579 2778; x_wconf 82' lang='lat' dir='ltr'><strong>isto</strong></span> <span class='ocrx_word' id='word_1_298' title='bbox 635 2721 986 2792; x_wconf 81' lang='lat' dir='ltr'><strong>blasphemia</strong></span> <span class='ocrx_word' id='word_1_299' title='bbox 1041 2724 1261 2781; x_wconf 72' lang='lat' dir='ltr'><strong>violata:</strong></span> <span class='ocrx_word' id='word_1_300' title='bbox 1302 2725 1596 2796; x_wconf 92' lang='lat' dir='ltr'><strong>repetitam</strong></span> <span class='ocrx_word' id='word_1_301' title='bbox 1643 2726 1723 2782; x_wconf 86' lang='lat' dir='ltr'><strong>sic</strong></span> <span class='ocrx_word' id='word_1_302' title='bbox 1751 2741 1780 2780; x_wconf 89' lang='lat' dir='ltr'><strong>a</strong></span> 
     </span>
    </p>
   </div>
   <div class='ocr_carea' id='block_1_41' title="bbox 197 2813 1780 2888">
    <p class='ocr_par' dir='ltr' id='par_1_41' title="bbox 197 2813 1780 2888">
     <span class='ocr_line' id='line_1_41' title="bbox 197 2813 1780 2888; baseline 0.004 -19"><span class='ocrx_word' id='word_1_303' title='bbox 197 2813 425 2874; x_wconf 77' lang='lat' dir='ltr'><strong>Numine</strong></span> <span class='ocrx_word' id='word_1_304' title='bbox 461 2817 732 2874; x_wconf 90' lang='lat' dir='ltr'><strong>ultionem</strong></span> <span class='ocrx_word' id='word_1_305' title='bbox 769 2816 968 2873; x_wconf 80' lang='lat' dir='ltr'><strong>fuisset</strong></span> <span class='ocrx_word' id='word_1_306' title='bbox 1017 2817 1448 2888; x_wconf 81' lang='lat' dir='ltr'><strong>interpretatus.</strong></span> <span class='ocrx_word' id='word_1_307' title='bbox 1504 2819 1780 2876; x_wconf 84' lang='lat' dir='ltr'><strong>Postridie</strong></span> 
     </span>
    </p>
   </div>
   <div class='ocr_carea' id='block_1_42' title="bbox 197 2911 1778 2985">
    <p class='ocr_par' dir='ltr' id='par_1_42' title="bbox 197 2911 1778 2985">
     <span class='ocr_line' id='line_1_42' title="bbox 197 2911 1778 2985; baseline 0.001 -15"><span class='ocrx_word' id='word_1_308' title='bbox 197 2913 357 2985; x_wconf 83' lang='lat' dir='ltr'><strong>igitur</strong></span> <span class='ocrx_word' id='word_1_309' title='bbox 420 2929 588 2969; x_wconf 88' lang='lat' dir='ltr'><strong>mane</strong></span> <span class='ocrx_word' id='word_1_310' title='bbox 661 2911 965 2968; x_wconf 83' lang='lat' dir='ltr'><strong>confestim</strong></span> <span class='ocrx_word' id='word_1_311' title='bbox 1036 2915 1362 2970; x_wconf 88' lang='lat' dir='ltr'><strong>concionem</strong></span> <span class='ocrx_word' id='word_1_312' title='bbox 1431 2913 1778 2984; x_wconf 79' lang='lat' dir='ltr'><strong>frequentem</strong></span> 
     </span>
    </p>
   </div>
   <div class='ocr_carea' id='block_1_43' title="bbox 197 3008 1777 3077">
    <p class='ocr_par' dir='ltr' id='par_1_43' title="bbox 197 3008 1777 3077">
     <span class='ocr_line' id='line_1_43' title="bbox 197 3008 1777 3077; baseline -0.002 -10"><span class='ocrx_word' id='word_1_313' title='bbox 197 3011 449 3067; x_wconf 82' lang='lat' dir='ltr'><strong>advocat.</strong></span> <span class='ocrx_word' id='word_1_314' title='bbox 481 3008 753 3077; x_wconf 69' lang='lat' dir='ltr'><strong>Praecepit</strong></span> <span class='ocrx_word' id='word_1_315' title='bbox 787 3017 972 3062; x_wconf 86' lang='lat' dir='ltr'><strong>autem</strong></span> <span class='ocrx_word' id='word_1_316' title='bbox 1001 3023 1067 3062; x_wconf 91' lang='lat' dir='ltr'><strong>eo</strong></span> <span class='ocrx_word' id='word_1_317' title='bbox 1100 3009 1154 3064; x_wconf 90' lang='lat' dir='ltr'><strong>in</strong></span> <span class='ocrx_word' id='word_1_318' title='bbox 1187 3008 1390 3065; x_wconf 87' lang='lat' dir='ltr'><strong>lectulo</strong></span> <span class='ocrx_word' id='word_1_319' title='bbox 1419 3010 1623 3065; x_wconf 85' lang='lat' dir='ltr'><strong>deferri</strong></span> <span class='ocrx_word' id='word_1_320' title='bbox 1653 3027 1777 3065; x_wconf 89' lang='lat' dir='ltr'><strong>eum</strong></span> 
     </span>
    </p>
   </div>
   <div class='ocr_carea' id='block_1_44' title="bbox 197 3101 1778 3176">
    <p class='ocr_par' dir='ltr' id='par_1_44' title="bbox 197 3101 1778 3176">
     <span class='ocr_line' id='line_1_44' title="bbox 197 3101 1778 3176; baseline -0.001 -16"><span class='ocrx_word' id='word_1_321' title='bbox 197 3104 281 3176; x_wconf 87' lang='lat' dir='ltr'><strong>qui</strong></span> <span class='ocrx_word' id='word_1_322' title='bbox 316 3104 496 3175; x_wconf 81' lang='lat' dir='ltr'><strong>pridie</strong></span> <span class='ocrx_word' id='word_1_323' title='bbox 536 3101 754 3173; x_wconf 89' lang='lat' dir='ltr'><strong>pedem,</strong></span> <span class='ocrx_word' id='word_1_324' title='bbox 792 3111 850 3156; x_wconf 92' lang='lat' dir='ltr'><strong>ut</strong></span> <span class='ocrx_word' id='word_1_325' title='bbox 883 3101 1090 3157; x_wconf 88' lang='lat' dir='ltr'><strong>dictum</strong></span> <span class='ocrx_word' id='word_1_326' title='bbox 1135 3113 1241 3168; x_wconf 90' lang='lat' dir='ltr'><strong>cst,</strong></span> <span class='ocrx_word' id='word_1_327' title='bbox 1273 3101 1512 3175; x_wconf 76' lang='lat' dir='ltr'><strong>fregerat</strong></span> <span class='ocrx_word' id='word_1_328' title='bbox 1539 3121 1554 3171; x_wconf 86' lang='lat'><strong>;</strong></span> <span class='ocrx_word' id='word_1_329' title='bbox 1586 3120 1694 3174; x_wconf 89' lang='lat' dir='ltr'><strong>quo</strong></span> <span class='ocrx_word' id='word_1_330' title='bbox 1721 3105 1778 3158; x_wconf 89' lang='lat' dir='ltr'><strong>in</strong></span> 
     </span>
    </p>
   </div>
   <div class='ocr_carea' id='block_1_45' title="bbox 1891 1968 3484 2046">
    <p class='ocr_par' dir='ltr' id='par_1_45' title="bbox 1891 1968 3484 2046">
     <span class='ocr_line' id='line_1_45' title="bbox 1891 1968 3484 2046; baseline -0.003 -19"><span class='ocrx_word' id='word_1_331' title='bbox 1891 1974 2058 2046; x_wconf 84' lang='grc' dir='ltr'>μέρος</span> <span class='ocrx_word' id='word_1_332' title='bbox 2110 1973 2155 2027; x_wconf 83' lang='grc' dir='ltr'>δ’</span> <span class='ocrx_word' id='word_1_333' title='bbox 2189 1977 2396 2037; x_wconf 84' lang='grc' dir='ltr'>ἐκεῖνος</span> <span class='ocrx_word' id='word_1_334' title='bbox 2431 1974 2559 2038; x_wconf 71' lang='grc' dir='ltr'>τοὺς</span> <span class='ocrx_word' id='word_1_335' title='bbox 2619 1973 2784 2038; x_wconf 79' lang='grc' dir='ltr'>ἰδίους</span> <span class='ocrx_word' id='word_1_336' title='bbox 2843 1975 3079 2044; x_wconf 83' lang='grc' dir='ltr'>πέμπων</span> <span class='ocrx_word' id='word_1_337' title='bbox 3135 1971 3386 2043; x_wconf 69' lang='grc' dir='ltr'>ἐξεφόρει</span> <span class='ocrx_word' id='word_1_338' title='bbox 3419 1968 3484 2022; x_wconf 82' lang='grc' dir='ltr'>τὸ</span> 
     </span>
    </p>
   </div>
   <div class='ocr_carea' id='block_1_46' title="bbox 1886 2066 3482 2140">
    <p class='ocr_par' dir='ltr' id='par_1_46' title="bbox 1886 2066 3482 2140">
     <span class='ocr_line' id='line_1_46' title="bbox 1886 2066 3482 2140; baseline -0.004 -18"><span class='ocrx_word' id='word_1_339' title='bbox 1886 2069 2316 2140; x_wconf 81' lang='grc' dir='ltr'>εὑρισκόμενον,</span> <span class='ocrx_word' id='word_1_340' title='bbox 2376 2069 2652 2140; x_wconf 77' lang='grc' dir='ltr'>προφάσει</span> <span class='ocrx_word' id='word_1_341' title='bbox 2708 2070 2810 2139; x_wconf 78' lang='grc' dir='ltr'>μὲν</span> <span class='ocrx_word' id='word_1_342' title='bbox 2866 2071 2940 2130; x_wconf 84' lang='grc' dir='ltr'>ὡς</span> <span class='ocrx_word' id='word_1_343' title='bbox 2991 2066 3338 2138; x_wconf 71' lang='grc' dir='ltr'>ἐπιταχύνων</span> <span class='ocrx_word' id='word_1_344' title='bbox 3382 2066 3482 2136; x_wconf 74' lang='grc' dir='ltr'>τὴν</span> 
     </span>
    </p>
   </div>
   <div class='ocr_carea' id='block_1_47' title="bbox 1886 2161 3482 2234">
    <p class='ocr_par' dir='ltr' id='par_1_47' title="bbox 1886 2161 3482 2234">
     <span class='ocr_line' id='line_1_47' title="bbox 1886 2161 3482 2234; baseline -0.003 -17"><span class='ocrx_word' id='word_1_345' title='bbox 1886 2162 2299 2228; x_wconf 85' lang='grc' dir='ltr'>ἀπανάστασιν,</span> <span class='ocrx_word' id='word_1_346' title='bbox 2335 2165 2395 2217; x_wconf 83' lang='grc' dir='ltr'>τὸ</span> <span class='ocrx_word' id='word_1_347' title='bbox 2418 2162 2463 2216; x_wconf 83' lang='grc' dir='ltr'>δ’</span> <span class='ocrx_word' id='word_1_348' title='bbox 2489 2163 2694 2232; x_wconf 80' lang='grc' dir='ltr'>ἀληθὲς</span> <span class='ocrx_word' id='word_1_349' title='bbox 2730 2162 2826 2217; x_wconf 82' lang='grc' dir='ltr'>καὶ</span> <span class='ocrx_word' id='word_1_350' title='bbox 2852 2163 2878 2215; x_wconf 83' lang='grc' dir='ltr'><strong>ὃ</strong></span> <span class='ocrx_word' id='word_1_351' title='bbox 2919 2161 3122 2234; x_wconf 81' lang='grc' dir='ltr'>μᾶλλον</span> <span class='ocrx_word' id='word_1_352' title='bbox 3145 2162 3482 2225; x_wconf 83' lang='grc' dir='ltr'>κατενοεῖτο,</span> 
     </span>
    </p>
   </div>
   <div class='ocr_carea' id='block_1_48' title="bbox 1886 2253 3484 2326">
    <p class='ocr_par' dir='ltr' id='par_1_48' title="bbox 1886 2253 3484 2326">
     <span class='ocr_line' id='line_1_48' title="bbox 1886 2253 3484 2326; baseline 0.001 -20"><span class='ocrx_word' id='word_1_353' title='bbox 1886 2253 1988 2318; x_wconf 77' lang='grc' dir='ltr'><strong>τὰς</strong></span> <span class='ocrx_word' id='word_1_354' title='bbox 2042 2255 2341 2323; x_wconf 71' lang='grc' dir='ltr'>ἐπιθυμίας</span> <span class='ocrx_word' id='word_1_355' title='bbox 2399 2257 2696 2326; x_wconf 85' lang='grc' dir='ltr'>ἐμπιπλῶν</span> <span class='ocrx_word' id='word_1_356' title='bbox 2751 2257 2846 2310; x_wconf 74' lang='grc' dir='ltr'>καὶ</span> <span class='ocrx_word' id='word_1_357' title='bbox 2894 2254 3257 2326; x_wconf 80' lang='grc' dir='ltr'>καταφρονῶν</span> <span class='ocrx_word' id='word_1_358' title='bbox 3301 2255 3358 2318; x_wconf 71' lang='grc' dir='ltr'><strong>ἐς</strong></span> <span class='ocrx_word' id='word_1_359' title='bbox 3398 2253 3484 2308; x_wconf 80' lang='grc' dir='ltr'>ὅτι</span> 
     </span>
    </p>
   </div>
   <div class='ocr_carea' id='block_1_49' title="bbox 1888 2347 3483 2422">
    <p class='ocr_par' dir='ltr' id='par_1_49' title="bbox 1888 2347 3483 2422">
     <span class='ocr_line' id='line_1_49' title="bbox 1888 2347 3483 2422; baseline 0 -20"><span class='ocrx_word' id='word_1_360' title='bbox 1888 2347 2148 2420; x_wconf 89' lang='grc' dir='ltr'>μάλιστα.</span> <span class='ocrx_word' id='word_1_361' title='bbox 2191 2348 2280 2402; x_wconf 85' lang='grc' dir='ltr'>Ἐν</span> <span class='ocrx_word' id='word_1_362' title='bbox 2309 2349 2553 2422; x_wconf 80' lang='grc' dir='ltr'>τοσούτῳ</span> <span class='ocrx_word' id='word_1_363' title='bbox 2584 2349 2642 2404; x_wconf 77' lang='grc' dir='ltr'>δὲ</span> <span class='ocrx_word' id='word_1_364' title='bbox 2678 2350 2768 2402; x_wconf 81' lang='grc' dir='ltr'>ἵνα</span> <span class='ocrx_word' id='word_1_365' title='bbox 2809 2349 2876 2421; x_wconf 80' lang='grc' dir='ltr'>δὴ</span> <span class='ocrx_word' id='word_1_366' title='bbox 2920 2349 3016 2404; x_wconf 73' lang='grc' dir='ltr'>καὶ</span> <span class='ocrx_word' id='word_1_367' title='bbox 3063 2348 3228 2402; x_wconf 85' lang='grc' dir='ltr'>πλέον</span> <span class='ocrx_word' id='word_1_368' title='bbox 3255 2349 3348 2402; x_wconf 81' lang='grc' dir='ltr'><strong>τδν</strong></span> <span class='ocrx_word' id='word_1_369' title='bbox 3380 2348 3483 2419; x_wconf 85' lang='grc' dir='ltr'><strong>βα·</strong></span> 
     </span>
    </p>
   </div>
   <div class='ocr_carea' id='block_1_50' title="bbox 1888 2442 3485 2516">
    <p class='ocr_par' dir='ltr' id='par_1_50' title="bbox 1888 2442 3485 2516">
     <span class='ocr_line' id='line_1_50' title="bbox 1888 2442 3485 2516; baseline -0.001 -19"><span class='ocrx_word' id='word_1_370' title='bbox 1888 2443 2044 2498; x_wconf 74' lang='grc' dir='ltr'>σιλέα</span> <span class='ocrx_word' id='word_1_371' title='bbox 2076 2445 2517 2516; x_wconf 77' lang='grc' dir='ltr'>ὑποποιήσηται,</span> <span class='ocrx_word' id='word_1_372' title='bbox 2549 2446 2666 2515; x_wconf 77' lang='grc' dir='ltr'>ἅμα</span> <span class='ocrx_word' id='word_1_373' title='bbox 2692 2443 2746 2498; x_wconf 83' lang='grc' dir='ltr'><strong>δέ</strong></span> <span class='ocrx_word' id='word_1_374' title='bbox 2775 2445 2870 2498; x_wconf 71' lang='grc' dir='ltr'>καὶ</span> <span class='ocrx_word' id='word_1_375' title='bbox 2904 2444 3052 2499; x_wconf 85' lang='grc' dir='ltr'>κατά</span> <span class='ocrx_word' id='word_1_376' title='bbox 3099 2459 3253 2507; x_wconf 85' lang='grc' dir='ltr'>τινας</span> <span class='ocrx_word' id='word_1_377' title='bbox 3285 2442 3485 2513; x_wconf 75' lang='grc' dir='ltr'>ἐτέρας</span> 
     </span>
    </p>
   </div>
   <div class='ocr_carea' id='block_1_51' title="bbox 1885 2534 3483 2610">
    <p class='ocr_par' dir='ltr' id='par_1_51' title="bbox 1885 2534 3483 2610">
     <span class='ocr_line' id='line_1_51' title="bbox 1885 2534 3483 2610; baseline -0.002 -18"><span class='ocrx_word' id='word_1_378' title='bbox 1885 2539 2217 2610; x_wconf 76' lang='grc' dir='ltr'>προφάσεις,</span> <span class='ocrx_word' id='word_1_379' title='bbox 2247 2541 2346 2610; x_wconf 77' lang='grc' dir='ltr'><strong>τὴν</strong></span> <span class='ocrx_word' id='word_1_380' title='bbox 2400 2541 2501 2609; x_wconf 79' lang='grc' dir='ltr'>μὶν</span> <span class='ocrx_word' id='word_1_381' title='bbox 2534 2538 2805 2609; x_wconf 80' lang='grc' dir='ltr'>πενθεράν</span> <span class='ocrx_word' id='word_1_382' title='bbox 2854 2541 2947 2592; x_wconf 75' lang='grc' dir='ltr'>καὶ</span> <span class='ocrx_word' id='word_1_383' title='bbox 2994 2538 3094 2608; x_wconf 82' lang='grc' dir='ltr'>τὴν</span> <span class='ocrx_word' id='word_1_384' title='bbox 3137 2537 3372 2606; x_wconf 74' lang='grc' dir='ltr'>σύζυγον</span> <span class='ocrx_word' id='word_1_385' title='bbox 3400 2534 3483 2608; x_wconf 80' lang='grc' dir='ltr'>τῷ</span> 
     </span>
    </p>
   </div>
   <div class='ocr_carea' id='block_1_52' title="bbox 1885 2723 3485 2796">
    <p class='ocr_par' dir='ltr' id='par_1_52' title="bbox 1885 2723 3485 2796">
     <span class='ocr_line' id='line_1_52' title="bbox 1885 2723 3485 2796; baseline 0 -16"><span class='ocrx_word' id='word_1_386' title='bbox 1885 2727 2157 2780; x_wconf 80' lang='lat' dir='ltr'><strong>duntaxat</strong></span> <span class='ocrx_word' id='word_1_387' title='bbox 2207 2723 2538 2780; x_wconf 89' lang='lat' dir='ltr'><strong>bellatorum</strong></span> <span class='ocrx_word' id='word_1_388' title='bbox 2593 2724 2818 2780; x_wconf 88' lang='lat' dir='ltr'><strong>fortium</strong></span> <span class='ocrx_word' id='word_1_389' title='bbox 2874 2723 3046 2779; x_wconf 82' lang='lat' dir='ltr'><strong>millia</strong></span> <span class='ocrx_word' id='word_1_390' title='bbox 3096 2739 3125 2778; x_wconf 84' lang='grc' dir='ltr'><strong>ο</strong></span> <span class='ocrx_word' id='word_1_391' title='bbox 3157 2725 3275 2779; x_wconf 84' lang='lat' dir='ltr'><strong>suis</strong></span> <span class='ocrx_word' id='word_1_392' title='bbox 3309 2723 3485 2796; x_wconf 81' lang='lat' dir='ltr'><strong>cupiis</strong></span> 
     </span>
    </p>
   </div>
   <div class='ocr_carea' id='block_1_53' title="bbox 1886 2816 3485 2888">
    <p class='ocr_par' dir='ltr' id='par_1_53' title="bbox 1886 2816 3485 2888">
     <span class='ocr_line' id='line_1_53' title="bbox 1886 2816 3485 2888; baseline -0.002 -15"><span class='ocrx_word' id='word_1_393' title='bbox 1886 2827 2257 2880; x_wconf 87' lang='lat' dir='ltr'><strong>retenturum,</strong></span> <span class='ocrx_word' id='word_1_394' title='bbox 2292 2832 2356 2872; x_wconf 84' lang='lat' dir='ltr'><strong>ac</strong></span> <span class='ocrx_word' id='word_1_395' title='bbox 2409 2816 2656 2872; x_wconf 86' lang='lat' dir='ltr'><strong>dimissis</strong></span> <span class='ocrx_word' id='word_1_396' title='bbox 2703 2816 2940 2888; x_wconf 87' lang='lat' dir='ltr'><strong>reliquis</strong></span> <span class='ocrx_word' id='word_1_397' title='bbox 2976 2831 3101 2870; x_wconf 90' lang='lat' dir='ltr'><strong>cum</strong></span> <span class='ocrx_word' id='word_1_398' title='bbox 3145 2817 3257 2870; x_wconf 89' lang='lat' dir='ltr'><strong>illis</strong></span> <span class='ocrx_word' id='word_1_399' title='bbox 3314 2816 3485 2885; x_wconf 80' lang='lat' dir='ltr'><strong>traje-</strong></span> 
     </span>
    </p>
   </div>
   <div class='ocr_carea' id='block_1_54' title="bbox 1883 2907 3491 2976">
    <p class='ocr_par' dir='ltr' id='par_1_54' title="bbox 1883 2907 3491 2976">
     <span class='ocr_line' id='line_1_54' title="bbox 1883 2907 3491 2976; baseline -0.004 -10"><span class='ocrx_word' id='word_1_400' title='bbox 1883 2921 2104 2966; x_wconf 90' lang='lat' dir='ltr'><strong>cturum</strong></span> <span class='ocrx_word' id='word_1_401' title='bbox 2153 2910 2205 2964; x_wconf 88' lang='lat' dir='ltr'><strong>in</strong></span> <span class='ocrx_word' id='word_1_402' title='bbox 2256 2910 2562 2969; x_wconf 85' lang='lat' dir='ltr'><strong>Orientem.</strong></span> <span class='ocrx_word' id='word_1_403' title='bbox 2597 2911 2816 2976; x_wconf 82' lang='lat' dir='ltr'><strong>Quibus</strong></span> <span class='ocrx_word' id='word_1_404' title='bbox 2889 2909 2944 2963; x_wconf 91' lang='lat' dir='ltr'><strong>in</strong></span> <span class='ocrx_word' id='word_1_405' title='bbox 2989 2909 3200 2964; x_wconf 89' lang='lat' dir='ltr'><strong>cunctis</strong></span> <span class='ocrx_word' id='word_1_406' title='bbox 3249 2907 3491 2962; x_wconf 80' lang='lat' dir='ltr'><strong>admini-</strong></span> 
     </span>
    </p>
   </div>
   <div class='ocr_carea' id='block_1_55' title="bbox 1884 3001 3488 3070">
    <p class='ocr_par' dir='ltr' id='par_1_55' title="bbox 1884 3001 3488 3070">
     <span class='ocr_line' id='line_1_55' title="bbox 1884 3001 3488 3070; baseline -0.002 -13"><span class='ocrx_word' id='word_1_407' title='bbox 1884 3001 2128 3057; x_wconf 88' lang='lat' dir='ltr'><strong>strandis</strong></span> <span class='ocrx_word' id='word_1_408' title='bbox 2159 3005 2452 3058; x_wconf 84' lang='lat' dir='ltr'><strong>consuetas</strong></span> <span class='ocrx_word' id='word_1_409' title='bbox 2495 3001 2790 3056; x_wconf 79' lang='lat' dir='ltr'><strong>adhibebat</strong></span> <span class='ocrx_word' id='word_1_410' title='bbox 2821 3002 3074 3066; x_wconf 89' lang='lat' dir='ltr'><strong>astutias,</strong></span> <span class='ocrx_word' id='word_1_411' title='bbox 3129 3001 3296 3057; x_wconf 89' lang='lat' dir='ltr'><strong>variis</strong></span> <span class='ocrx_word' id='word_1_412' title='bbox 3344 3016 3488 3070; x_wconf 74' lang='lat' dir='ltr'><strong>pra:-</strong></span> 
     </span>
    </p>
   </div>
   <div class='ocr_carea' id='block_1_56' title="bbox 1885 3094 3488 3166">
    <p class='ocr_par' dir='ltr' id='par_1_56' title="bbox 1885 3094 3488 3166">
     <span class='ocr_line' id='line_1_56' title="bbox 1885 3094 3488 3166; baseline 0.001 -16"><span class='ocrx_word' id='word_1_413' title='bbox 1885 3094 2133 3152; x_wconf 80' lang='lat' dir='ltr'><strong>textibus</strong></span> <span class='ocrx_word' id='word_1_414' title='bbox 2171 3095 2430 3151; x_wconf 85' lang='lat' dir='ltr'><strong>illudens.</strong></span> <span class='ocrx_word' id='word_1_415' title='bbox 2457 3095 2592 3149; x_wconf 84' lang='lat' dir='ltr'><strong>Nam</strong></span> <span class='ocrx_word' id='word_1_416' title='bbox 2620 3111 2685 3150; x_wconf 81' lang='lat' dir='ltr'><strong>ex</strong></span> <span class='ocrx_word' id='word_1_417' title='bbox 2721 3096 2831 3153; x_wconf 86' lang='lat' dir='ltr'><strong>illis</strong></span> <span class='ocrx_word' id='word_1_418' title='bbox 2865 3111 3006 3166; x_wconf 89' lang='lat' dir='ltr'><strong>quos</strong></span> <span class='ocrx_word' id='word_1_419' title='bbox 3038 3111 3098 3152; x_wconf 89' lang='lat' dir='ltr'><strong>se</strong></span> <span class='ocrx_word' id='word_1_420' title='bbox 3127 3096 3488 3152; x_wconf 87' lang='lat' dir='ltr'><strong>dimissurum</strong></span> 
     </span>
    </p>
   </div>
   <div class='ocr_carea' id='block_1_57' title="bbox 197 3189 3484 3277">
    <p class='ocr_par' dir='ltr' id='par_1_57' title="bbox 197 3189 3484 3277">
     <span class='ocr_line' id='line_1_57' title="bbox 197 3189 3484 3277; baseline -0.004 -20"><span class='ocrx_word' id='word_1_421' title='bbox 197 3200 372 3256; x_wconf 83' lang='lat' dir='ltr'><strong>medio</strong></span> <span class='ocrx_word' id='word_1_422' title='bbox 404 3199 590 3271; x_wconf 92' lang='lat' dir='ltr'><strong>posito</strong></span> <span class='ocrx_word' id='word_1_423' title='bbox 622 3213 758 3253; x_wconf 85' lang='lat' dir='ltr'><strong>sane</strong></span> <span class='ocrx_word' id='word_1_424' title='bbox 787 3197 1008 3268; x_wconf 78' lang='lat' dir='ltr'><strong>longam</strong></span> <span class='ocrx_word' id='word_1_425' title='bbox 1033 3208 1088 3251; x_wconf 87' lang='lat' dir='ltr'><strong>et</strong></span> <span class='ocrx_word' id='word_1_426' title='bbox 1117 3197 1406 3252; x_wconf 82' lang='lat' dir='ltr'><strong>verbosam</strong></span> <span class='ocrx_word' id='word_1_427' title='bbox 1440 3215 1470 3254; x_wconf 91' lang='lat' dir='ltr'><strong>e</strong></span> <span class='ocrx_word' id='word_1_428' title='bbox 1495 3199 1780 3269; x_wconf 74' lang='lat' dir='ltr'><strong>superiore</strong></span> <span class='ocrx_word' id='word_1_429' title='bbox 1807 3214 1851 3277; x_wconf 73' lang='grc' dir='ltr'><strong>ρ</strong></span> <span class='ocrx_word' id='word_1_430' title='bbox 1886 3191 2246 3262; x_wconf 76' lang='lat' dir='ltr'><strong>promiserat,</strong></span> <span class='ocrx_word' id='word_1_431' title='bbox 2282 3190 2484 3247; x_wconf 91' lang='lat' dir='ltr'><strong>multos</strong></span> <span class='ocrx_word' id='word_1_432' title='bbox 2518 3189 2778 3262; x_wconf 83' lang='lat' dir='ltr'><strong>Cyzicum</strong></span> <span class='ocrx_word' id='word_1_433' title='bbox 2814 3191 2989 3256; x_wconf 89' lang='lat' dir='ltr'><strong>misit,</strong></span> <span class='ocrx_word' id='word_1_434' title='bbox 3028 3193 3231 3247; x_wconf 89' lang='lat' dir='ltr'><strong>multos</strong></span> <span class='ocrx_word' id='word_1_435' title='bbox 3277 3190 3484 3261; x_wconf 83' lang='lat' dir='ltr'><strong>Pegas;</strong></span> 
     </span>
    </p>
   </div>
   <div class='ocr_carea' id='block_1_58' title="bbox 198 3290 1784 3365">
    <p class='ocr_par' dir='ltr' id='par_1_58' title="bbox 198 3290 1784 3365">
     <span class='ocr_line' id='line_1_58' title="bbox 198 3290 1784 3365; baseline -0.002 -16"><span class='ocrx_word' id='word_1_436' title='bbox 198 3295 478 3365; x_wconf 74' lang='lat' dir='ltr'><strong>Augustus</strong></span> <span class='ocrx_word' id='word_1_437' title='bbox 513 3291 636 3347; x_wconf 91' lang='lat' dir='ltr'><strong>loco</strong></span> <span class='ocrx_word' id='word_1_438' title='bbox 688 3290 886 3346; x_wconf 78' lang='lat' dir='ltr'><strong>eﬂ‘udit</strong></span> <span class='ocrx_word' id='word_1_439' title='bbox 940 3291 1277 3356; x_wconf 87' lang='lat' dir='ltr'><strong>orationem,</strong></span> <span class='ocrx_word' id='word_1_440' title='bbox 1325 3291 1623 3361; x_wconf 80' lang='lat' dir='ltr'><strong>exquisitis</strong></span> <span class='ocrx_word' id='word_1_441' title='bbox 1657 3307 1784 3348; x_wconf 87' lang='lat' dir='ltr'><strong>eve-</strong></span> 
     </span>
    </p>
   </div>
   <div class='ocr_carea' id='block_1_59' title="bbox 199 3385 1782 3457">
    <p class='ocr_par' dir='ltr' id='par_1_59' title="bbox 199 3385 1782 3457">
     <span class='ocr_line' id='line_1_59' title="bbox 199 3385 1782 3457; baseline 0 -15"><span class='ocrx_word' id='word_1_442' title='bbox 199 3388 329 3443; x_wconf 82' lang='lat' dir='ltr'><strong>liens</strong></span> <span class='ocrx_word' id='word_1_443' title='bbox 357 3385 658 3457; x_wconf 66' lang='lat' dir='ltr'><strong>praeconiis</strong></span> <span class='ocrx_word' id='word_1_444' title='bbox 688 3399 855 3455; x_wconf 87' lang='lat' dir='ltr'><strong>quem</strong></span> <span class='ocrx_word' id='word_1_445' title='bbox 879 3385 1103 3439; x_wconf 84' lang='lat' dir='ltr'><strong>volebat</strong></span> <span class='ocrx_word' id='word_1_446' title='bbox 1133 3388 1551 3451; x_wconf 84' lang='lat' dir='ltr'><strong>commendare,</strong></span> <span class='ocrx_word' id='word_1_447' title='bbox 1575 3385 1782 3442; x_wconf 81' lang='lat' dir='ltr'><strong>abscis-</strong></span> 
     </span>
    </p>
   </div>
   <div class='ocr_carea' id='block_1_60' title="bbox 199 3476 1784 3548">
    <p class='ocr_par' dir='ltr' id='par_1_60' title="bbox 199 3476 1784 3548">
     <span class='ocr_line' id='line_1_60' title="bbox 199 3476 1784 3548; baseline -0.001 -12"><span class='ocrx_word' id='word_1_448' title='bbox 199 3492 286 3536; x_wconf 81' lang='lat' dir='ltr'><strong>sos</strong></span> <span class='ocrx_word' id='word_1_449' title='bbox 319 3489 507 3533; x_wconf 91' lang='lat' dir='ltr'><strong>autem</strong></span> <span class='ocrx_word' id='word_1_450' title='bbox 542 3477 611 3532; x_wconf 87' lang='lat' dir='ltr'><strong>ab</strong></span> <span class='ocrx_word' id='word_1_451' title='bbox 649 3491 740 3541; x_wconf 90' lang='lat' dir='ltr'><strong>eo,</strong></span> <span class='ocrx_word' id='word_1_452' title='bbox 779 3485 875 3530; x_wconf 90' lang='lat' dir='ltr'><strong>aut</strong></span> <span class='ocrx_word' id='word_1_453' title='bbox 926 3479 1110 3547; x_wconf 87' lang='lat' dir='ltr'><strong>potius</strong></span> <span class='ocrx_word' id='word_1_454' title='bbox 1136 3477 1186 3532; x_wconf 90' lang='lat' dir='ltr'><strong>ei</strong></span> <span class='ocrx_word' id='word_1_455' title='bbox 1235 3476 1495 3548; x_wconf 80' lang='lat' dir='ltr'><strong>privatim</strong></span> <span class='ocrx_word' id='word_1_456' title='bbox 1532 3477 1784 3535; x_wconf 85' lang='lat' dir='ltr'><strong>inviden-</strong></span> 
     </span>
    </p>
   </div>
   <div class='ocr_carea' id='block_1_61' title="bbox 201 3566 1781 3642">
    <p class='ocr_par' dir='ltr' id='par_1_61' title="bbox 201 3566 1781 3642">
     <span class='ocr_line' id='line_1_61' title="bbox 201 3566 1781 3642; baseline -0.001 -14"><span class='ocrx_word' id='word_1_457' title='bbox 201 3581 296 3635; x_wconf 87' lang='lat' dir='ltr'><strong>tes.</strong></span> <span class='ocrx_word' id='word_1_458' title='bbox 325 3571 472 3628; x_wconf 82' lang='lat' dir='ltr'><strong>lisud</strong></span> <span class='ocrx_word' id='word_1_459' title='bbox 506 3566 675 3642; x_wconf 84' lang='lat' dir='ltr'><strong>parce</strong></span> <span class='ocrx_word' id='word_1_460' title='bbox 702 3569 854 3626; x_wconf 89' lang='lat' dir='ltr'><strong>omni</strong></span> <span class='ocrx_word' id='word_1_461' title='bbox 886 3571 1184 3627; x_wconf 87' lang='lat' dir='ltr'><strong>occasione</strong></span> <span class='ocrx_word' id='word_1_462' title='bbox 1216 3571 1538 3636; x_wconf 86' lang='lat' dir='ltr'><strong>incursans.</strong></span> <span class='ocrx_word' id='word_1_463' title='bbox 1577 3571 1781 3629; x_wconf 87' lang='lat' dir='ltr'><strong>frustra</strong></span> 
     </span>
    </p>
   </div>
   <div class='ocr_carea' id='block_1_62' title="bbox 201 3664 1783 3739">
    <p class='ocr_par' dir='ltr' id='par_1_62' title="bbox 201 3664 1783 3739">
     <span class='ocr_line' id='line_1_62' title="bbox 201 3664 1783 3739; baseline -0.001 -16"><span class='ocrx_word' id='word_1_464' title='bbox 201 3667 253 3724; x_wconf 91' lang='lat' dir='ltr'><strong>id</strong></span> <span class='ocrx_word' id='word_1_465' title='bbox 305 3665 558 3739; x_wconf 87' lang='lat' dir='ltr'><strong>quidem,</strong></span> <span class='ocrx_word' id='word_1_466' title='bbox 601 3673 879 3737; x_wconf 83' lang='lat' dir='ltr'><strong>quantum</strong></span> <span class='ocrx_word' id='word_1_467' title='bbox 918 3665 987 3721; x_wconf 87' lang='lat' dir='ltr'><strong>ad</strong></span> <span class='ocrx_word' id='word_1_468' title='bbox 1032 3679 1129 3721; x_wconf 88' lang='lat' dir='ltr'><strong>eos</strong></span> <span class='ocrx_word' id='word_1_469' title='bbox 1175 3664 1245 3721; x_wconf 88' lang='lat' dir='ltr'><strong>de</strong></span> <span class='ocrx_word' id='word_1_470' title='bbox 1285 3667 1562 3722; x_wconf 84' lang='lat' dir='ltr'><strong>sententia</strong></span> <span class='ocrx_word' id='word_1_471' title='bbox 1607 3666 1783 3723; x_wconf 84' lang='lat' dir='ltr'><strong>diuto-</strong></span> 
     </span>
    </p>
   </div>
   <div class='ocr_carea' id='block_1_63' title="bbox 202 3758 1786 3833">
    <p class='ocr_par' dir='ltr' id='par_1_63' title="bbox 202 3758 1786 3833">
     <span class='ocr_line' id='line_1_63' title="bbox 202 3758 1786 3833; baseline 0.001 -20"><span class='ocrx_word' id='word_1_472' title='bbox 202 3761 407 3818; x_wconf 72' lang='lat' dir='ltr'><strong>vendos</strong></span> <span class='ocrx_word' id='word_1_473' title='bbox 469 3760 758 3833; x_wconf 91' lang='lat' dir='ltr'><strong>pertinuit.</strong></span> <span class='ocrx_word' id='word_1_474' title='bbox 794 3759 947 3815; x_wconf 84' lang='lat' dir='ltr'><strong>Adeo</strong></span> <span class='ocrx_word' id='word_1_475' title='bbox 989 3758 1134 3814; x_wconf 88' lang='lat' dir='ltr'><strong>enim</strong></span> <span class='ocrx_word' id='word_1_476' title='bbox 1165 3759 1432 3831; x_wconf 90' lang='lat' dir='ltr'><strong>quidquid</strong></span> <span class='ocrx_word' id='word_1_477' title='bbox 1485 3760 1786 3833; x_wconf 83' lang='lat' dir='ltr'><strong>imperator</strong></span> 
     </span>
    </p>
   </div>
   <div class='ocr_carea' id='block_1_64' title="bbox 203 3852 1781 3921">
    <p class='ocr_par' dir='ltr' id='par_1_64' title="bbox 203 3852 1781 3921">
     <span class='ocr_line' id='line_1_64' title="bbox 203 3852 1781 3921; baseline 0 -13"><span class='ocrx_word' id='word_1_478' title='bbox 203 3856 430 3921; x_wconf 89' lang='lat' dir='ltr'><strong>diceret,</strong></span> <span class='ocrx_word' id='word_1_479' title='bbox 485 3853 698 3909; x_wconf 86' lang='lat' dir='ltr'><strong>nullam</strong></span> <span class='ocrx_word' id='word_1_480' title='bbox 757 3852 868 3907; x_wconf 87' lang='lat' dir='ltr'><strong>vim</strong></span> <span class='ocrx_word' id='word_1_481' title='bbox 936 3865 1132 3907; x_wconf 87' lang='lat' dir='ltr'><strong>eorum</strong></span> <span class='ocrx_word' id='word_1_482' title='bbox 1186 3853 1402 3908; x_wconf 87' lang='lat' dir='ltr'><strong>animos</strong></span> <span class='ocrx_word' id='word_1_483' title='bbox 1453 3852 1781 3908; x_wconf 87' lang='lat' dir='ltr'><strong>immutandi</strong></span> 
     </span>
    </p>
   </div>
   <div class='ocr_carea' id='block_1_65' title="bbox 207 3945 1782 4017">
    <p class='ocr_par' dir='ltr' id='par_1_65' title="bbox 207 3945 1782 4017">
     <span class='ocr_line' id='line_1_65' title="bbox 207 3945 1782 4017; baseline 0 -15"><span class='ocrx_word' id='word_1_484' title='bbox 207 3949 412 4014; x_wconf 85' lang='lat' dir='ltr'><strong>habuit,</strong></span> <span class='ocrx_word' id='word_1_485' title='bbox 437 3955 500 4004; x_wconf 89' lang='lat' dir='ltr'><strong>ut</strong></span> <span class='ocrx_word' id='word_1_486' title='bbox 531 3953 727 4001; x_wconf 88' lang='lat' dir='ltr'><strong>contra</strong></span> <span class='ocrx_word' id='word_1_487' title='bbox 764 3946 821 4002; x_wconf 89' lang='lat' dir='ltr'><strong>in</strong></span> <span class='ocrx_word' id='word_1_488' title='bbox 852 3945 1094 4017; x_wconf 83' lang='lat' dir='ltr'><strong>antiquis</strong></span> <span class='ocrx_word' id='word_1_489' title='bbox 1125 3945 1782 4003; x_wconf 78' lang='lat' dir='ltr'><strong>adversus&#39;Athanasium</strong></span> 
     </span>
    </p>
   </div>
   <div class='ocr_carea' id='block_1_66' title="bbox 203 4037 1780 4109">
    <p class='ocr_par' dir='ltr' id='par_1_66' title="bbox 203 4037 1780 4109">
     <span class='ocr_line' id='line_1_66' title="bbox 203 4037 1780 4109; baseline 0.001 -16"><span class='ocrx_word' id='word_1_490' title='bbox 203 4041 425 4109; x_wconf 74' lang='lat' dir='ltr'><strong>indiciis</strong></span> <span class='ocrx_word' id='word_1_491' title='bbox 455 4050 512 4096; x_wconf 86' lang='lat' dir='ltr'><strong>et</strong></span> <span class='ocrx_word' id='word_1_492' title='bbox 555 4039 701 4097; x_wconf 82' lang='lat' dir='ltr'><strong>odiis</strong></span> <span class='ocrx_word' id='word_1_493' title='bbox 757 4039 934 4109; x_wconf 81' lang='lat' dir='ltr'><strong>magis</strong></span> <span class='ocrx_word' id='word_1_494' title='bbox 969 4037 1257 4108; x_wconf 78' lang='lat' dir='ltr'><strong>magisque</strong></span> <span class='ocrx_word' id='word_1_495' title='bbox 1296 4039 1780 4094; x_wconf 77' lang='lat' dir='ltr'><strong>confirmarentur.</strong></span> 
     </span>
    </p>
   </div>
   <div class='ocr_carea' id='block_1_67' title="bbox 209 4131 1784 4207">
    <p class='ocr_par' dir='ltr' id='par_1_67' title="bbox 209 4131 1784 4207">
     <span class='ocr_line' id='line_1_67' title="bbox 209 4131 1784 4207; baseline -0.003 -17"><span class='ocrx_word' id='word_1_496' title='bbox 209 4135 266 4190; x_wconf 81' lang='lat' dir='ltr'><strong>Et</strong></span> <span class='ocrx_word' id='word_1_497' title='bbox 295 4135 648 4207; x_wconf 86' lang='lat' dir='ltr'><strong>patiebantur</strong></span> <span class='ocrx_word' id='word_1_498' title='bbox 700 4134 777 4188; x_wconf 90' lang='lat' dir='ltr'><strong>illi</strong></span> <span class='ocrx_word' id='word_1_499' title='bbox 819 4133 1045 4202; x_wconf 88' lang='lat' dir='ltr'><strong>quidem</strong></span> <span class='ocrx_word' id='word_1_500' title='bbox 1095 4131 1166 4186; x_wconf 89' lang='lat' dir='ltr'><strong>ab</strong></span> <span class='ocrx_word' id='word_1_501' title='bbox 1215 4132 1524 4187; x_wconf 78' lang='lat' dir='ltr'><strong>Athanasio</strong></span> <span class='ocrx_word' id='word_1_502' title='bbox 1590 4132 1784 4198; x_wconf 86' lang='lat' dir='ltr'><strong>multa,</strong></span> 
     </span>
    </p>
   </div>
   <div class='ocr_carea' id='block_1_68' title="bbox 209 4223 1786 4300">
    <p class='ocr_par' dir='ltr' id='par_1_68' title="bbox 209 4223 1786 4300">
     <span class='ocr_line' id='line_1_68' title="bbox 209 4223 1786 4300; baseline -0.002 -19"><span class='ocrx_word' id='word_1_503' title='bbox 209 4230 374 4282; x_wconf 90' lang='lat' dir='ltr'><strong>multo</strong></span> <span class='ocrx_word' id='word_1_504' title='bbox 416 4228 576 4300; x_wconf 91' lang='lat' dir='ltr'><strong>plura</strong></span> <span class='ocrx_word' id='word_1_505' title='bbox 616 4235 669 4280; x_wconf 90' lang='lat' dir='ltr'><strong>et</strong></span> <span class='ocrx_word' id='word_1_506' title='bbox 705 4225 1035 4298; x_wconf 86' lang='lat' dir='ltr'><strong>gravissima</strong></span> <span class='ocrx_word' id='word_1_507' title='bbox 1070 4223 1318 4295; x_wconf 83' lang='lat' dir='ltr'><strong>passuri,</strong></span> <span class='ocrx_word' id='word_1_508' title='bbox 1349 4225 1397 4279; x_wconf 89' lang='lat' dir='ltr'><strong>si</strong></span> <span class='ocrx_word' id='word_1_509' title='bbox 1440 4225 1786 4294; x_wconf 85' lang='lat' dir='ltr'><strong>permitteret</strong></span> 
     </span>
    </p>
   </div>
   <div class='ocr_carea' id='block_1_69' title="bbox 208 4319 1784 4394">
    <p class='ocr_par' dir='ltr' id='par_1_69' title="bbox 208 4319 1784 4394">
     <span class='ocr_line' id='line_1_69' title="bbox 208 4319 1784 4394; baseline -0.003 -16"><span class='ocrx_word' id='word_1_510' title='bbox 208 4340 323 4378; x_wconf 89' lang='lat' dir='ltr'><strong>eum</strong></span> <span class='ocrx_word' id='word_1_511' title='bbox 373 4325 678 4394; x_wconf 75' lang='lat' dir='ltr'><strong>imperator</strong></span> <span class='ocrx_word' id='word_1_512' title='bbox 729 4322 797 4375; x_wconf 88' lang='lat' dir='ltr'><strong>ad</strong></span> <span class='ocrx_word' id='word_1_513' title='bbox 856 4329 1166 4379; x_wconf 80' lang='lat' dir='ltr'><strong>extremum</strong></span> <span class='ocrx_word' id='word_1_514' title='bbox 1204 4319 1492 4388; x_wconf 79' lang='lat' dir='ltr'><strong>indulgere</strong></span> <span class='ocrx_word' id='word_1_515' title='bbox 1542 4319 1784 4389; x_wconf 90' lang='lat' dir='ltr'><strong>maligno</strong></span> 
     </span>
    </p>
   </div>
   <div class='ocr_carea' id='block_1_70' title="bbox 208 4411 1785 4488">
    <p class='ocr_par' dir='ltr' id='par_1_70' title="bbox 208 4411 1785 4488">
     <span class='ocr_line' id='line_1_70' title="bbox 208 4411 1785 4488; baseline -0.003 -16"><span class='ocrx_word' id='word_1_516' title='bbox 208 4433 300 4472; x_wconf 79' lang='lat' dir='ltr'><strong>sou</strong></span> <span class='ocrx_word' id='word_1_517' title='bbox 341 4417 531 4488; x_wconf 82' lang='lat' dir='ltr'><strong>genio.</strong></span> <span class='ocrx_word' id='word_1_518' title='bbox 574 4414 858 4470; x_wconf 87' lang='lat' dir='ltr'><strong>Inltibebat</strong></span> <span class='ocrx_word' id='word_1_519' title='bbox 895 4412 1042 4469; x_wconf 90' lang='lat' dir='ltr'><strong>enim</strong></span> <span class='ocrx_word' id='word_1_520' title='bbox 1081 4413 1170 4466; x_wconf 83' lang='lat' dir='ltr'><strong>ille</strong></span> <span class='ocrx_word' id='word_1_521' title='bbox 1215 4411 1444 4466; x_wconf 87' lang='lat' dir='ltr'><strong>omnino</strong></span> <span class='ocrx_word' id='word_1_522' title='bbox 1474 4422 1530 4466; x_wconf 89' lang='lat' dir='ltr'><strong>et</strong></span> <span class='ocrx_word' id='word_1_523' title='bbox 1567 4411 1639 4466; x_wconf 87' lang='lat' dir='ltr'><strong>ab</strong></span> <span class='ocrx_word' id='word_1_524' title='bbox 1675 4412 1785 4467; x_wconf 87' lang='lat' dir='ltr'><strong>illis</strong></span> 
     </span>
    </p>
   </div>
   <div class='ocr_carea' id='block_1_71' title="bbox 209 4499 1784 4574">
    <p class='ocr_par' dir='ltr' id='par_1_71' title="bbox 209 4499 1784 4574">
     <span class='ocr_line' id='line_1_71' title="bbox 209 4499 1784 4574; baseline -0.006 -12"><span class='ocrx_word' id='word_1_525' title='bbox 209 4511 449 4574; x_wconf 81' lang='lat' dir='ltr'><strong>arcebat,</strong></span> <span class='ocrx_word' id='word_1_526' title='bbox 501 4507 704 4563; x_wconf 75' lang='lat' dir='ltr'><strong>innata:</strong></span> <span class='ocrx_word' id='word_1_527' title='bbox 756 4503 1201 4560; x_wconf 80' lang='lat' dir='ltr'><strong>mansuetudinis</strong></span> <span class='ocrx_word' id='word_1_528' title='bbox 1260 4499 1552 4564; x_wconf 88' lang='lat' dir='ltr'><strong>instinctu,</strong></span> <span class='ocrx_word' id='word_1_529' title='bbox 1611 4513 1784 4553; x_wconf 73' lang='lat' dir='ltr'><strong>saevos</strong></span> 
     </span>
    </p>
   </div>
   <div class='ocr_carea' id='block_1_72' title="bbox 1893 3285 3486 3356">
    <p class='ocr_par' dir='ltr' id='par_1_72' title="bbox 1893 3285 3486 3356">
     <span class='ocr_line' id='line_1_72' title="bbox 1893 3285 3486 3356; baseline -0.001 -14"><span class='ocrx_word' id='word_1_530' title='bbox 1893 3304 1994 3345; x_wconf 88' lang='lat' dir='ltr'><strong>nec</strong></span> <span class='ocrx_word' id='word_1_531' title='bbox 2042 3286 2317 3342; x_wconf 86' lang='lat' dir='ltr'><strong>modicam</strong></span> <span class='ocrx_word' id='word_1_532' title='bbox 2378 3300 2571 3340; x_wconf 88' lang='lat' dir='ltr'><strong>eorum</strong></span> <span class='ocrx_word' id='word_1_533' title='bbox 2631 3294 2842 3355; x_wconf 85' lang='lat' dir='ltr'><strong>partem</strong></span> <span class='ocrx_word' id='word_1_534' title='bbox 2894 3285 3122 3356; x_wconf 86' lang='lat' dir='ltr'><strong>Lopadii</strong></span> <span class='ocrx_word' id='word_1_535' title='bbox 3172 3285 3486 3356; x_wconf 75' lang='lat' dir='ltr'><strong>collocavit.</strong></span> 
     </span>
    </p>
   </div>
   <div class='ocr_carea' id='block_1_73' title="bbox 1893 3379 3486 3452">
    <p class='ocr_par' dir='ltr' id='par_1_73' title="bbox 1893 3379 3486 3452">
     <span class='ocr_line' id='line_1_73' title="bbox 1893 3379 3486 3452; baseline -0.001 -16"><span class='ocrx_word' id='word_1_536' title='bbox 1893 3381 2118 3437; x_wconf 86' lang='lat' dir='ltr'><strong>Interim</strong></span> <span class='ocrx_word' id='word_1_537' title='bbox 2151 3380 2271 3450; x_wconf 88' lang='lat' dir='ltr'><strong>ipse</strong></span> <span class='ocrx_word' id='word_1_538' title='bbox 2303 3380 2703 3452; x_wconf 79' lang='lat' dir='ltr'><strong>Mpyrigerium</strong></span> <span class='ocrx_word' id='word_1_539' title='bbox 2741 3383 2920 3449; x_wconf 88' lang='lat' dir='ltr'><strong>palam</strong></span> <span class='ocrx_word' id='word_1_540' title='bbox 2957 3381 3277 3446; x_wconf 87' lang='lat' dir='ltr'><strong>imperatori</strong></span> <span class='ocrx_word' id='word_1_541' title='bbox 3303 3379 3486 3436; x_wconf 84' lang='lat' dir='ltr'><strong>rebel-</strong></span> 
     </span>
    </p>
   </div>
   <div class='ocr_carea' id='block_1_74' title="bbox 1894 3471 3491 3543">
    <p class='ocr_par' dir='ltr' id='par_1_74' title="bbox 1894 3471 3491 3543">
     <span class='ocr_line' id='line_1_74' title="bbox 1894 3471 3491 3543; baseline -0.003 -11"><span class='ocrx_word' id='word_1_542' title='bbox 1894 3478 2002 3533; x_wconf 88' lang='lat' dir='ltr'><strong>lem</strong></span> <span class='ocrx_word' id='word_1_543' title='bbox 2035 3476 2276 3542; x_wconf 87' lang='lat' dir='ltr'><strong>fovehat,</strong></span> <span class='ocrx_word' id='word_1_544' title='bbox 2313 3485 2369 3530; x_wconf 90' lang='lat' dir='ltr'><strong>et</strong></span> <span class='ocrx_word' id='word_1_545' title='bbox 2403 3489 2526 3528; x_wconf 89' lang='lat' dir='ltr'><strong>cum</strong></span> <span class='ocrx_word' id='word_1_546' title='bbox 2549 3475 2720 3529; x_wconf 77' lang='lat' dir='ltr'><strong>fratre</strong></span> <span class='ocrx_word' id='word_1_547' title='bbox 2741 3473 2910 3528; x_wconf 85' lang='lat' dir='ltr'><strong>notho</strong></span> <span class='ocrx_word' id='word_1_548' title='bbox 2930 3472 3312 3536; x_wconf 62' lang='lat' dir='ltr'><strong>,‘I‘heuderichi</strong></span> <span class='ocrx_word' id='word_1_549' title='bbox 3338 3471 3491 3543; x_wconf 83' lang='lat' dir='ltr'><strong>ejus-</strong></span> 
     </span>
    </p>
   </div>
   <div class='ocr_carea' id='block_1_75' title="bbox 1893 3566 3487 3644">
    <p class='ocr_par' dir='ltr' id='par_1_75' title="bbox 1893 3566 3487 3644">
     <span class='ocr_line' id='line_1_75' title="bbox 1893 3566 3487 3644; baseline -0.004 -18"><span class='ocrx_word' id='word_1_550' title='bbox 1893 3588 2001 3644; x_wconf 91' lang='lat' dir='ltr'><strong>que</strong></span> <span class='ocrx_word' id='word_1_551' title='bbox 2031 3571 2213 3628; x_wconf 84' lang='lat' dir='ltr'><strong>classc</strong></span> <span class='ocrx_word' id='word_1_552' title='bbox 2246 3570 2476 3642; x_wconf 84' lang='lat' dir='ltr'><strong>piratica</strong></span> <span class='ocrx_word' id='word_1_553' title='bbox 2509 3569 2782 3624; x_wconf 86' lang='lat' dir='ltr'><strong>familiare</strong></span> <span class='ocrx_word' id='word_1_554' title='bbox 2807 3567 3196 3622; x_wconf 86' lang='lat' dir='ltr'><strong>commercium</strong></span> <span class='ocrx_word' id='word_1_555' title='bbox 3225 3566 3487 3634; x_wconf 84' lang='lat' dir='ltr'><strong>habebat,</strong></span> 
     </span>
    </p>
   </div>
   <div class='ocr_carea' id='block_1_76' title="bbox 1893 3661 3487 3744">
    <p class='ocr_par' dir='ltr' id='par_1_76' title="bbox 1893 3661 3487 3744">
     <span class='ocr_line' id='line_1_76' title="bbox 1893 3661 3487 3744; baseline -0.004 -20"><span class='ocrx_word' id='word_1_556' title='bbox 1893 3667 2108 3724; x_wconf 86' lang='lat' dir='ltr'><strong>idoneis</strong></span> <span class='ocrx_word' id='word_1_557' title='bbox 2132 3680 2227 3720; x_wconf 83' lang='lat' dir='ltr'><strong>eos</strong></span> <span class='ocrx_word' id='word_1_558' title='bbox 2255 3665 2451 3722; x_wconf 81' lang='lat' dir='ltr'><strong>ofliciis</strong></span> <span class='ocrx_word' id='word_1_559' title='bbox 2473 3664 2768 3719; x_wconf 88' lang='lat' dir='ltr'><strong>deliniens.</strong></span> <span class='ocrx_word' id='word_1_560' title='bbox 2803 3664 2879 3718; x_wconf 81' lang='lat' dir='ltr'><strong>Ac</strong></span> <span class='ocrx_word' id='word_1_561' title='bbox 2903 3663 3102 3718; x_wconf 87' lang='lat' dir='ltr'><strong>Siculis</strong></span> <span class='ocrx_word' id='word_1_562' title='bbox 3127 3661 3348 3730; x_wconf 87' lang='lat' dir='ltr'><strong>quidem</strong></span> <span class='ocrx_word' id='word_1_563' title='bbox 3372 3661 3487 3744; x_wconf 80' lang='lat' dir='ltr'><strong>illis</strong></span> 
     </span>
    </p>
   </div>
   <div class='ocr_carea' id='block_1_77' title="bbox 1894 3757 3488 3837">
    <p class='ocr_par' dir='ltr' id='par_1_77' title="bbox 1894 3757 3488 3837">
     <span class='ocr_line' id='line_1_77' title="bbox 1894 3757 3488 3837; baseline -0.006 -15"><span class='ocrx_word' id='word_1_564' title='bbox 1894 3765 2139 3836; x_wconf 83' lang='lat' dir='ltr'><strong>spatium</strong></span> <span class='ocrx_word' id='word_1_565' title='bbox 2171 3762 2496 3819; x_wconf 87' lang='lat' dir='ltr'><strong>incursandi</strong></span> <span class='ocrx_word' id='word_1_566' title='bbox 2525 3761 2696 3817; x_wconf 88' lang='lat' dir='ltr'><strong>maris</strong></span> <span class='ocrx_word' id='word_1_567' title='bbox 2719 3775 2893 3830; x_wconf 89' lang='lat' dir='ltr'><strong>usque</strong></span> <span class='ocrx_word' id='word_1_568' title='bbox 2916 3762 2982 3814; x_wconf 86' lang='lat' dir='ltr'><strong>ad</strong></span> <span class='ocrx_word' id='word_1_569' title='bbox 3005 3757 3321 3837; x_wconf 80' lang='lat' dir='ltr'><strong>Mytilencm</strong></span> <span class='ocrx_word' id='word_1_570' title='bbox 3346 3772 3488 3830; x_wconf 69' lang='lat' dir='ltr'><strong>prae-</strong></span> 
     </span>
    </p>
   </div>
   <div class='ocr_carea' id='block_1_78' title="bbox 1893 3849 3489 3922">
    <p class='ocr_par' dir='ltr' id='par_1_78' title="bbox 1893 3849 3489 3922">
     <span class='ocr_line' id='line_1_78' title="bbox 1893 3849 3489 3922; baseline -0.008 -9"><span class='ocrx_word' id='word_1_571' title='bbox 1893 3856 2106 3913; x_wconf 61' lang='lat' dir='ltr'><strong>finivitr:</strong></span> <span class='ocrx_word' id='word_1_572' title='bbox 2149 3855 2450 3912; x_wconf 86' lang='lat' dir='ltr'><strong>Catelanos</strong></span> <span class='ocrx_word' id='word_1_573' title='bbox 2481 3862 2667 3916; x_wconf 88' lang='lat' dir='ltr'><strong>autem</strong></span> <span class='ocrx_word' id='word_1_574' title='bbox 2699 3866 2842 3922; x_wconf 85' lang='lat' dir='ltr'><strong>quos</strong></span> <span class='ocrx_word' id='word_1_575' title='bbox 2879 3849 3241 3906; x_wconf 87' lang='lat' dir='ltr'><strong>dimissurum</strong></span> <span class='ocrx_word' id='word_1_576' title='bbox 3271 3863 3332 3903; x_wconf 88' lang='lat' dir='ltr'><strong>se</strong></span> <span class='ocrx_word' id='word_1_577' title='bbox 3359 3863 3489 3919; x_wconf 73' lang='lat' dir='ltr'><strong>pro-</strong></span> 
     </span>
    </p>
   </div>
   <div class='ocr_carea' id='block_1_79' title="bbox 1894 3934 3488 4017">
    <p class='ocr_par' dir='ltr' id='par_1_79' title="bbox 1894 3934 3488 4017">
     <span class='ocr_line' id='line_1_79' title="bbox 1894 3934 3488 4017; baseline -0.005 -11"><span class='ocrx_word' id='word_1_578' title='bbox 1894 3951 2122 4007; x_wconf 87' lang='lat' dir='ltr'><strong>miserat</strong></span> <span class='ocrx_word' id='word_1_579' title='bbox 2165 3958 2358 4004; x_wconf 88' lang='lat' dir='ltr'><strong>contra</strong></span> <span class='ocrx_word' id='word_1_580' title='bbox 2397 3957 2554 4017; x_wconf 85' lang='lat' dir='ltr'><strong>pacta</strong></span> <span class='ocrx_word' id='word_1_581' title='bbox 2590 3946 2862 4010; x_wconf 86' lang='lat' dir='ltr'><strong>retinens,</strong></span> <span class='ocrx_word' id='word_1_582' title='bbox 2915 3945 3077 4001; x_wconf 83' lang='lat' dir='ltr'><strong>fictas</strong></span> <span class='ocrx_word' id='word_1_583' title='bbox 3111 3943 3353 4016; x_wconf 62' lang='lat' dir='ltr'><strong>perfidia:</strong></span> <span class='ocrx_word' id='word_1_584' title='bbox 3388 3934 3488 3999; x_wconf 81' lang='lat' dir='ltr'><strong>ex-</strong></span> 
     </span>
    </p>
   </div>
   <div class='ocr_carea' id='block_1_80' title="bbox 1893 4037 3485 4108">
    <p class='ocr_par' dir='ltr' id='par_1_80' title="bbox 1893 4037 3485 4108">
     <span class='ocr_line' id='line_1_80' title="bbox 1893 4037 3485 4108; baseline -0.005 -8"><span class='ocrx_word' id='word_1_585' title='bbox 1893 4044 2213 4100; x_wconf 81' lang='lat' dir='ltr'><strong>cusationes</strong></span> <span class='ocrx_word' id='word_1_586' title='bbox 2255 4041 2616 4106; x_wconf 85' lang='lat' dir='ltr'><strong>obtendebat,</strong></span> <span class='ocrx_word' id='word_1_587' title='bbox 2666 4056 2790 4094; x_wconf 88' lang='lat' dir='ltr'><strong>cum</strong></span> <span class='ocrx_word' id='word_1_588' title='bbox 2827 4039 2987 4106; x_wconf 86' lang='lat' dir='ltr'><strong>alias,</strong></span> <span class='ocrx_word' id='word_1_589' title='bbox 3035 4047 3152 4094; x_wconf 91' lang='lat' dir='ltr'><strong>tum</strong></span> <span class='ocrx_word' id='word_1_590' title='bbox 3185 4038 3333 4093; x_wconf 89' lang='lat' dir='ltr'><strong>illam</strong></span> <span class='ocrx_word' id='word_1_591' title='bbox 3371 4037 3485 4108; x_wconf 83' lang='lat' dir='ltr'><strong>jam</strong></span> 
     </span>
    </p>
   </div>
   <div class='ocr_carea' id='block_1_81' title="bbox 1897 4132 3490 4204">
    <p class='ocr_par' dir='ltr' id='par_1_81' title="bbox 1897 4132 3490 4204">
     <span class='ocr_line' id='line_1_81' title="bbox 1897 4132 3490 4204; baseline -0.005 -12"><span class='ocrx_word' id='word_1_592' title='bbox 1897 4136 2241 4201; x_wconf 86' lang='lat' dir='ltr'><strong>tralatitiam,</strong></span> <span class='ocrx_word' id='word_1_593' title='bbox 2284 4135 2428 4190; x_wconf 89' lang='lat' dir='ltr'><strong>haud</strong></span> <span class='ocrx_word' id='word_1_594' title='bbox 2459 4149 2620 4204; x_wconf 86' lang='lat' dir='ltr'><strong>posse</strong></span> <span class='ocrx_word' id='word_1_595' title='bbox 2654 4148 2714 4188; x_wconf 88' lang='lat' dir='ltr'><strong>se</strong></span> <span class='ocrx_word' id='word_1_596' title='bbox 2745 4132 2964 4203; x_wconf 76' lang='lat' dir='ltr'><strong>adigere</strong></span> <span class='ocrx_word' id='word_1_597' title='bbox 2991 4147 3102 4202; x_wconf 89' lang='lat' dir='ltr'><strong>quo</strong></span> <span class='ocrx_word' id='word_1_598' title='bbox 3137 4143 3361 4201; x_wconf 90' lang='lat' dir='ltr'><strong>cuperet</strong></span> <span class='ocrx_word' id='word_1_599' title='bbox 3392 4132 3490 4185; x_wconf 85' lang='lat' dir='ltr'><strong>lio-</strong></span> 
     </span>
    </p>
   </div>
   <div class='ocr_carea' id='block_1_82' title="bbox 1896 4226 3486 4301">
    <p class='ocr_par' dir='ltr' id='par_1_82' title="bbox 1896 4226 3486 4301">
     <span class='ocr_line' id='line_1_82' title="bbox 1896 4226 3486 4301; baseline -0.006 -11"><span class='ocrx_word' id='word_1_600' title='bbox 1896 4234 2074 4290; x_wconf 86' lang='lat' dir='ltr'><strong>ntincs</strong></span> <span class='ocrx_word' id='word_1_601' title='bbox 2112 4231 2392 4294; x_wconf 71' lang='lat' dir='ltr'><strong>itifrtenes,</strong></span> <span class='ocrx_word' id='word_1_602' title='bbox 2430 4231 2522 4301; x_wconf 88' lang='lat' dir='ltr'><strong>qui</strong></span> <span class='ocrx_word' id='word_1_603' title='bbox 2561 4230 2860 4300; x_wconf 67' lang='lat' dir='ltr'><strong>praesertim</strong></span> <span class='ocrx_word' id='word_1_604' title='bbox 2905 4227 3090 4282; x_wconf 87' lang='lat' dir='ltr'><strong>debita</strong></span> <span class='ocrx_word' id='word_1_605' title='bbox 3127 4227 3336 4282; x_wconf 88' lang='lat' dir='ltr'><strong>dudum</strong></span> <span class='ocrx_word' id='word_1_606' title='bbox 3382 4226 3486 4282; x_wconf 87' lang='lat' dir='ltr'><strong>sibi</strong></span> 
     </span>
    </p>
   </div>
   <div class='ocr_carea' id='block_1_83' title="bbox 1897 4321 3485 4393">
    <p class='ocr_par' dir='ltr' id='par_1_83' title="bbox 1897 4321 3485 4393">
     <span class='ocr_line' id='line_1_83' title="bbox 1897 4321 3485 4393; baseline -0.005 -11"><span class='ocrx_word' id='word_1_607' title='bbox 1897 4341 1997 4382; x_wconf 90' lang='lat' dir='ltr'><strong>nec</strong></span> <span class='ocrx_word' id='word_1_608' title='bbox 2071 4325 2252 4380; x_wconf 78' lang='lat' dir='ltr'><strong>adhuc</strong></span> <span class='ocrx_word' id='word_1_609' title='bbox 2316 4331 2711 4393; x_wconf 54' lang='lat' dir='ltr'><strong>repraesentata</strong></span> <span class='ocrx_word' id='word_1_610' title='bbox 2763 4321 3041 4391; x_wconf 86' lang='lat' dir='ltr'><strong>stipendia</strong></span> <span class='ocrx_word' id='word_1_611' title='bbox 3109 4327 3485 4389; x_wconf 81' lang='lat' dir='ltr'><strong>reposcerent.</strong></span> 
     </span>
    </p>
   </div>
   <div class='ocr_carea' id='block_1_84' title="bbox 1894 4414 3488 4487">
    <p class='ocr_par' dir='ltr' id='par_1_84' title="bbox 1894 4414 3488 4487">
     <span class='ocr_line' id='line_1_84' title="bbox 1894 4414 3488 4487; baseline -0.004 -13"><span class='ocrx_word' id='word_1_612' title='bbox 1894 4418 2009 4474; x_wconf 84' lang='lat' dir='ltr'><strong>Nec</strong></span> <span class='ocrx_word' id='word_1_613' title='bbox 2045 4420 2394 4487; x_wconf 79' lang='lat' dir='ltr'><strong>temperabat</strong></span> <span class='ocrx_word' id='word_1_614' title='bbox 2437 4416 2571 4484; x_wconf 89' lang='lat' dir='ltr'><strong>quin</strong></span> <span class='ocrx_word' id='word_1_615' title='bbox 2605 4415 2901 4470; x_wconf 86' lang='lat' dir='ltr'><strong>fraudandi</strong></span> <span class='ocrx_word' id='word_1_616' title='bbox 2947 4415 3298 4471; x_wconf 85' lang='lat' dir='ltr'><strong>occasionem</strong></span> <span class='ocrx_word' id='word_1_617' title='bbox 3342 4414 3488 4468; x_wconf 85' lang='lat' dir='ltr'><strong>arri-</strong></span> 
     </span>
    </p>
   </div>
   <div class='ocr_carea' id='block_1_85' title="bbox 1897 4510 3488 4586">
    <p class='ocr_par' dir='ltr' id='par_1_85' title="bbox 1897 4510 3488 4586">
     <span class='ocr_line' id='line_1_85' title="bbox 1897 4510 3488 4586; baseline -0.005 -13"><span class='ocrx_word' id='word_1_618' title='bbox 1897 4522 2048 4586; x_wconf 87' lang='lat' dir='ltr'><strong>peret</strong></span> <span class='ocrx_word' id='word_1_619' title='bbox 2082 4531 2148 4568; x_wconf 80' lang='lat' dir='ltr'><strong>ex</strong></span> <span class='ocrx_word' id='word_1_620' title='bbox 2190 4514 2458 4582; x_wconf 84' lang='lat' dir='ltr'><strong>imperata</strong></span> <span class='ocrx_word' id='word_1_621' title='bbox 2503 4511 2573 4567; x_wconf 93' lang='lat' dir='ltr'><strong>de</strong></span> <span class='ocrx_word' id='word_1_622' title='bbox 2608 4528 2712 4579; x_wconf 84' lang='lat' dir='ltr'><strong>qua</strong></span> <span class='ocrx_word' id='word_1_623' title='bbox 2755 4511 3000 4565; x_wconf 70' lang='lat' dir='ltr'><strong>diximus</strong></span> <span class='ocrx_word' id='word_1_624' title='bbox 3048 4510 3488 4581; x_wconf 85' lang='lat' dir='ltr'><strong>comportatione</strong></span> 
     </span>
    </p>
   </div>
   <div class='ocr_carea' id='block_1_86' title="bbox 209 4591 3482 4677">
    <p class='ocr_par' dir='ltr' id='par_1_86' title="bbox 209 4591 3482 4677">
     <span class='ocr_line' id='line_1_86' title="bbox 209 4591 3482 4677; baseline -0.002 -20"><span class='ocrx_word' id='word_1_625' title='bbox 209 4602 461 4674; x_wconf 83' lang='lat' dir='ltr'><strong>ferosque</strong></span> <span class='ocrx_word' id='word_1_626' title='bbox 486 4597 892 4656; x_wconf 85' lang='lat' dir='ltr'><strong>imminentium</strong></span> <span class='ocrx_word' id='word_1_627' title='bbox 928 4598 998 4654; x_wconf 89' lang='lat' dir='ltr'><strong>iis</strong></span> <span class='ocrx_word' id='word_1_628' title='bbox 1046 4593 1345 4668; x_wconf 86' lang='lat' dir='ltr'><strong>pcrdendis</strong></span> <span class='ocrx_word' id='word_1_629' title='bbox 1375 4591 1786 4650; x_wconf 74' lang='lat' dir='ltr'><strong>Athanasiano—</strong></span> <span class='ocrx_word' id='word_1_630' title='bbox 1819 4594 1861 4649; x_wconf 86' lang='lat' dir='ltr'><strong>D</strong></span> <span class='ocrx_word' id='word_1_631' title='bbox 1894 4609 2177 4667; x_wconf 62' lang='lat' dir='ltr'><strong>frumenti,</strong></span> <span class='ocrx_word' id='word_1_632' title='bbox 2215 4607 2317 4677; x_wconf 64' lang='lat' dir='ltr'><strong>ipsi</strong></span> <span class='ocrx_word' id='word_1_633' title='bbox 2367 4605 2523 4675; x_wconf 69' lang='lat' dir='ltr'><strong>prius</strong></span> <span class='ocrx_word' id='word_1_634' title='bbox 2561 4619 2727 4674; x_wconf 75' lang='lat' dir='ltr'><strong>quam</strong></span> <span class='ocrx_word' id='word_1_635' title='bbox 2776 4603 3162 4658; x_wconf 58' lang='lat' dir='ltr'><strong>transit-ctare;</strong></span> <span class='ocrx_word' id='word_1_636' title='bbox 3208 4603 3262 4657; x_wconf 77' lang='lat' dir='ltr'><strong>in</strong></span> <span class='ocrx_word' id='word_1_637' title='bbox 3296 4602 3482 4656; x_wconf 71' lang='lat' dir='ltr'><strong>Asiam</strong></span> 
     </span>
    </p>
   </div>
   <div class='ocr_carea' id='block_1_87' title="bbox 214 4698 615 4768">
    <p class='ocr_par' dir='ltr' id='par_1_87' title="bbox 214 4698 615 4768">
     <span class='ocr_line' id='line_1_87' title="bbox 214 4698 615 4768; baseline 0.002 -19"><span class='ocrx_word' id='word_1_638' title='bbox 214 4713 324 4752; x_wconf 85' lang='lat' dir='ltr'><strong>runt</strong></span> <span class='ocrx_word' id='word_1_639' title='bbox 349 4698 615 4768; x_wconf 87' lang='lat' dir='ltr'><strong>impetus.</strong></span> 
     </span>
    </p>
   </div>
   <div class='ocr_carea' id='block_1_88' title="bbox 523 4830 1466 4891">
    <p class='ocr_par' dir='ltr' id='par_1_88' title="bbox 523 4830 1466 4891">
     <span class='ocr_line' id='line_1_88' title="bbox 523 4830 1466 4891; baseline -0.002 -1"><span class='ocrx_word' id='word_1_640' title='bbox 523 4835 616 4890; x_wconf 68' lang='lat'><strong>2&#39;2.</strong></span> <span class='ocrx_word' id='word_1_641' title='bbox 649 4833 979 4891; x_wconf 77' lang='lat' dir='ltr'><strong>Aoclamatio</strong></span> <span class='ocrx_word' id='word_1_642' title='bbox 1026 4831 1257 4890; x_wconf 62' lang='grc' dir='ltr'>ϐάτοι-ξε</span> <span class='ocrx_word' id='word_1_643' title='bbox 1311 4830 1466 4888; x_wconf 82' lang='lat' dir='ltr'><strong>Itali.</strong></span> 
     </span>
    </p>
   </div>
   <div class='ocr_carea' id='block_1_89' title="bbox 280 4965 1791 5041">
    <p class='ocr_par' dir='ltr' id='par_1_89' title="bbox 280 4965 1791 5041">
     <span class='ocr_line' id='line_1_89' title="bbox 280 4965 1791 5041; baseline -0.005 -13"><span class='ocrx_word' id='word_1_644' title='bbox 280 4975 424 5030; x_wconf 87' lang='lat' dir='ltr'><strong>Inter</strong></span> <span class='ocrx_word' id='word_1_645' title='bbox 447 4973 564 5028; x_wconf 60' lang='lat' dir='ltr'><strong>haec</strong></span> <span class='ocrx_word' id='word_1_646' title='bbox 588 4973 634 5026; x_wconf 86' lang='lat' dir='ltr'><strong>is</strong></span> <span class='ocrx_word' id='word_1_647' title='bbox 651 4970 740 5041; x_wconf 88' lang='lat' dir='ltr'><strong>qui</strong></span> <span class='ocrx_word' id='word_1_648' title='bbox 768 4985 998 5040; x_wconf 87' lang='lat' dir='ltr'><strong>magnus</strong></span> <span class='ocrx_word' id='word_1_649' title='bbox 1023 4969 1129 5022; x_wconf 73' lang='lat' dir='ltr'><strong>dux</strong></span> <span class='ocrx_word' id='word_1_650' title='bbox 1162 4968 1358 5032; x_wconf 81' lang='lat' dir='ltr'><strong>fuerat,</strong></span> <span class='ocrx_word' id='word_1_651' title='bbox 1379 4965 1542 5021; x_wconf 85' lang='lat' dir='ltr'><strong>italus</strong></span> <span class='ocrx_word' id='word_1_652' title='bbox 1573 4969 1791 5036; x_wconf 89' lang='lat' dir='ltr'><strong>quidem</strong></span> 
     </span>
    </p>
   </div>
   <div class='ocr_carea' id='block_1_90' title="bbox 217 5061 1790 5136">
    <p class='ocr_par' dir='ltr' id='par_1_90' title="bbox 217 5061 1790 5136">
     <span class='ocr_line' id='line_1_90' title="bbox 217 5061 1790 5136; baseline -0.005 -15"><span class='ocrx_word' id='word_1_653' title='bbox 217 5084 429 5134; x_wconf 65' lang='lat' dir='ltr'><strong>genere,</strong></span> <span class='ocrx_word' id='word_1_654' title='bbox 467 5065 561 5121; x_wconf 84' lang='lat' dir='ltr'><strong>sed</strong></span> <span class='ocrx_word' id='word_1_655' title='bbox 590 5065 752 5136; x_wconf 79' lang='lat'><strong>522</strong></span> <span class='ocrx_word' id='word_1_656' title='bbox 783 5065 876 5134; x_wconf 91' lang='lat' dir='ltr'><strong>qui</strong></span> <span class='ocrx_word' id='word_1_657' title='bbox 906 5061 1089 5132; x_wconf 84' lang='lat' dir='ltr'><strong>generi</strong></span> <span class='ocrx_word' id='word_1_658' title='bbox 1124 5062 1488 5130; x_wconf 86' lang='lat' dir='ltr'><strong>appellatione</strong></span> <span class='ocrx_word' id='word_1_659' title='bbox 1518 5061 1587 5114; x_wconf 92' lang='lat' dir='ltr'><strong>ab</strong></span> <span class='ocrx_word' id='word_1_660' title='bbox 1620 5064 1790 5130; x_wconf 89' lang='lat' dir='ltr'><strong>impe-</strong></span> 
     </span>
    </p>
   </div>
   <div class='ocr_carea' id='block_1_91' title="bbox 219 5155 1792 5224">
    <p class='ocr_par' dir='ltr' id='par_1_91' title="bbox 219 5155 1792 5224">
     <span class='ocr_line' id='line_1_91' title="bbox 219 5155 1792 5224; baseline -0.003 -11"><span class='ocrx_word' id='word_1_661' title='bbox 219 5176 395 5217; x_wconf 82' lang='lat' dir='ltr'><strong>ratore</strong></span> <span class='ocrx_word' id='word_1_662' title='bbox 435 5161 830 5222; x_wconf 86' lang='lat' dir='ltr'><strong>ltonorabatur,</strong></span> <span class='ocrx_word' id='word_1_663' title='bbox 866 5160 1088 5214; x_wconf 87' lang='lat' dir='ltr'><strong>mittens</strong></span> <span class='ocrx_word' id='word_1_664' title='bbox 1125 5156 1358 5211; x_wconf 87' lang='lat' dir='ltr'><strong>subinde</strong></span> <span class='ocrx_word' id='word_1_665' title='bbox 1386 5156 1450 5208; x_wconf 87' lang='lat' dir='ltr'><strong>ad</strong></span> <span class='ocrx_word' id='word_1_666' title='bbox 1486 5155 1792 5224; x_wconf 80' lang='lat' dir='ltr'><strong>Augustum</strong></span> 
     </span>
    </p>
   </div>
   <div class='ocr_carea' id='block_1_92' title="bbox 220 5249 1794 5318">
    <p class='ocr_par' dir='ltr' id='par_1_92' title="bbox 220 5249 1794 5318">
     <span class='ocr_line' id='line_1_92' title="bbox 220 5249 1794 5318; baseline -0.002 -11"><span class='ocrx_word' id='word_1_667' title='bbox 220 5254 547 5310; x_wconf 76' lang='lat' dir='ltr'><strong>mirandum</strong></span> <span class='ocrx_word' id='word_1_668' title='bbox 586 5253 736 5309; x_wconf 84' lang='lat' dir='ltr'><strong>illum</strong></span> <span class='ocrx_word' id='word_1_669' title='bbox 783 5267 1009 5310; x_wconf 82' lang='lat' dir='ltr'><strong>suarum</strong></span> <span class='ocrx_word' id='word_1_670' title='bbox 1055 5249 1304 5306; x_wconf 87' lang='lat' dir='ltr'><strong>artiliciis</strong></span> <span class='ocrx_word' id='word_1_671' title='bbox 1346 5250 1656 5318; x_wconf 79' lang='lat' dir='ltr'><strong>impiicans.</strong></span> <span class='ocrx_word' id='word_1_672' title='bbox 1699 5250 1794 5304; x_wconf 88' lang='lat' dir='ltr'><strong>de-</strong></span> 
     </span>
    </p>
   </div>
   <div class='ocr_carea' id='block_1_93' title="bbox 224 5344 1792 5420">
    <p class='ocr_par' dir='ltr' id='par_1_93' title="bbox 224 5344 1792 5420">
     <span class='ocr_line' id='line_1_93' title="bbox 224 5344 1792 5420; baseline -0.005 -16"><span class='ocrx_word' id='word_1_673' title='bbox 224 5350 380 5420; x_wconf 83' lang='lat' dir='ltr'><strong>nique</strong></span> <span class='ocrx_word' id='word_1_674' title='bbox 415 5363 604 5406; x_wconf 84' lang='lat' dir='ltr'><strong>rursus</strong></span> <span class='ocrx_word' id='word_1_675' title='bbox 633 5349 703 5406; x_wconf 88' lang='lat' dir='ltr'><strong>ab</strong></span> <span class='ocrx_word' id='word_1_676' title='bbox 736 5362 800 5405; x_wconf 83' lang='lat' dir='ltr'><strong>eo</strong></span> <span class='ocrx_word' id='word_1_677' title='bbox 841 5350 1007 5404; x_wconf 86' lang='lat' dir='ltr'><strong>missa</strong></span> <span class='ocrx_word' id='word_1_678' title='bbox 1039 5348 1303 5402; x_wconf 67' lang='lat' dir='ltr'><strong>Caesarea:</strong></span> <span class='ocrx_word' id='word_1_679' title='bbox 1326 5345 1615 5417; x_wconf 72' lang='lat' dir='ltr'><strong>dignitatis</strong></span> <span class='ocrx_word' id='word_1_680' title='bbox 1652 5344 1792 5398; x_wconf 77' lang='lat' dir='ltr'><strong>insl~</strong></span> 
     </span>
    </p>
   </div>
   <div class='ocr_carea' id='block_1_94' title="bbox 221 5438 1794 5512">
    <p class='ocr_par' dir='ltr' id='par_1_94' title="bbox 221 5438 1794 5512">
     <span class='ocr_line' id='line_1_94' title="bbox 221 5438 1794 5512; baseline -0.002 -18"><span class='ocrx_word' id='word_1_681' title='bbox 221 5442 361 5508; x_wconf 77' lang='lat' dir='ltr'><strong>guis.</strong></span> <span class='ocrx_word' id='word_1_682' title='bbox 389 5442 477 5497; x_wconf 91' lang='lat' dir='ltr'><strong>die</strong></span> <span class='ocrx_word' id='word_1_683' title='bbox 505 5458 610 5512; x_wconf 84' lang='lat' dir='ltr'><strong>qua</strong></span> <span class='ocrx_word' id='word_1_684' title='bbox 653 5439 847 5496; x_wconf 77' lang='lat' dir='ltr'><strong>Lasari</strong></span> <span class='ocrx_word' id='word_1_685' title='bbox 877 5439 1214 5496; x_wconf 87' lang='lat' dir='ltr'><strong>resurrectio</strong></span> <span class='ocrx_word' id='word_1_686' title='bbox 1243 5439 1577 5502; x_wconf 86' lang='lat' dir='ltr'><strong>celebratur,</strong></span> <span class='ocrx_word' id='word_1_687' title='bbox 1610 5438 1794 5492; x_wconf 88' lang='lat' dir='ltr'><strong>induit</strong></span> 
     </span>
    </p>
   </div>
   <div class='ocr_carea' id='block_1_95' title="bbox 223 5532 1794 5603">
    <p class='ocr_par' dir='ltr' id='par_1_95' title="bbox 223 5532 1794 5603">
     <span class='ocr_line' id='line_1_95' title="bbox 223 5532 1794 5603; baseline 0.001 -19"><span class='ocrx_word' id='word_1_688' title='bbox 223 5544 274 5587; x_wconf 88' lang='lat' dir='ltr'><strong>et</strong></span> <span class='ocrx_word' id='word_1_689' title='bbox 301 5533 482 5591; x_wconf 55' lang='lat' dir='ltr'><strong>Caesar</strong></span> <span class='ocrx_word' id='word_1_690' title='bbox 508 5533 864 5590; x_wconf 81' lang='lat' dir='ltr'><strong>acclamatur.</strong></span> <span class='ocrx_word' id='word_1_691' title='bbox 893 5532 1119 5603; x_wconf 75' lang='lat' dir='ltr'><strong>Accepit</strong></span> <span class='ocrx_word' id='word_1_692' title='bbox 1141 5543 1323 5587; x_wconf 85' lang='lat' dir='ltr'><strong>autem</strong></span> <span class='ocrx_word' id='word_1_693' title='bbox 1356 5533 1424 5589; x_wconf 88' lang='lat' dir='ltr'><strong>ab</strong></span> <span class='ocrx_word' id='word_1_694' title='bbox 1462 5532 1794 5598; x_wconf 82' lang='lat' dir='ltr'><strong>imperatOre</strong></span> 
     </span>
    </p>
   </div>
   <div class='ocr_carea' id='block_1_96' title="bbox 228 5623 1791 5700">
    <p class='ocr_par' dir='ltr' id='par_1_96' title="bbox 228 5623 1791 5700">
     <span class='ocr_line' id='line_1_96' title="bbox 228 5623 1791 5700; baseline -0.001 -22"><span class='ocrx_word' id='word_1_695' title='bbox 228 5627 324 5682; x_wconf 84' lang='lat' dir='ltr'><strong>tria</strong></span> <span class='ocrx_word' id='word_1_696' title='bbox 356 5641 409 5684; x_wconf 91' lang='lat' dir='ltr'><strong>et</strong></span> <span class='ocrx_word' id='word_1_697' title='bbox 443 5629 666 5700; x_wconf 74' lang='lat' dir='ltr'><strong>triginta</strong></span> <span class='ocrx_word' id='word_1_698' title='bbox 703 5642 1054 5684; x_wconf 90' lang='lat' dir='ltr'><strong>nummorum</strong></span> <span class='ocrx_word' id='word_1_699' title='bbox 1090 5641 1380 5682; x_wconf 89' lang='lat' dir='ltr'><strong>aureorum</strong></span> <span class='ocrx_word' id='word_1_700' title='bbox 1419 5626 1611 5680; x_wconf 83' lang='lat' dir='ltr'><strong>millia.</strong></span> <span class='ocrx_word' id='word_1_701' title='bbox 1649 5623 1791 5679; x_wconf 86' lang='lat' dir='ltr'><strong>Con-</strong></span> 
     </span>
    </p>
   </div>
   <div class='ocr_carea' id='block_1_97' title="bbox 229 5718 1793 5794">
    <p class='ocr_par' dir='ltr' id='par_1_97' title="bbox 229 5718 1793 5794">
     <span class='ocr_line' id='line_1_97' title="bbox 229 5718 1793 5794; baseline 0.003 -24"><span class='ocrx_word' id='word_1_702' title='bbox 229 5732 554 5794; x_wconf 81' lang='lat' dir='ltr'><strong>veneratque</strong></span> <span class='ocrx_word' id='word_1_703' title='bbox 604 5723 748 5778; x_wconf 90' lang='lat' dir='ltr'><strong>inter</strong></span> <span class='ocrx_word' id='word_1_704' title='bbox 792 5723 915 5778; x_wconf 87' lang='lat' dir='ltr'><strong>illos</strong></span> <span class='ocrx_word' id='word_1_705' title='bbox 952 5723 1212 5777; x_wconf 84' lang='lat' dir='ltr'><strong>tradenda</strong></span> <span class='ocrx_word' id='word_1_706' title='bbox 1257 5730 1520 5790; x_wconf 63' lang='lat' dir='ltr'><strong>praeterea</strong></span> <span class='ocrx_word' id='word_1_707' title='bbox 1564 5720 1640 5774; x_wconf 90' lang='lat' dir='ltr'><strong>illi</strong></span> <span class='ocrx_word' id='word_1_708' title='bbox 1678 5718 1793 5775; x_wconf 88' lang='lat' dir='ltr'><strong>fore</strong></span> 
     </span>
    </p>
   </div>
   <div class='ocr_carea' id='block_1_98' title="bbox 234 5815 1791 5875">
    <p class='ocr_par' dir='ltr' id='par_1_98' title="bbox 234 5815 1791 5875">
     <span class='ocr_line' id='line_1_98' title="bbox 234 5815 1791 5875; baseline 0.003 -9"><span class='ocrx_word' id='word_1_709' title='bbox 234 5815 520 5873; x_wconf 85' lang='lat' dir='ltr'><strong>modiorum</strong></span> <span class='ocrx_word' id='word_1_710' title='bbox 571 5817 828 5873; x_wconf 88' lang='lat' dir='ltr'><strong>frumenti</strong></span> <span class='ocrx_word' id='word_1_711' title='bbox 885 5833 1157 5875; x_wconf 78' lang='lat' dir='ltr'><strong>mensura:</strong></span> <span class='ocrx_word' id='word_1_712' title='bbox 1208 5816 1351 5873; x_wconf 87' lang='lat' dir='ltr'><strong>locis</strong></span> <span class='ocrx_word' id='word_1_713' title='bbox 1400 5818 1508 5873; x_wconf 88' lang='lat' dir='ltr'><strong>illis</strong></span> <span class='ocrx_word' id='word_1_714' title='bbox 1573 5817 1791 5871; x_wconf 67' lang='lat' dir='ltr'><strong>usitatae</strong></span> 
     </span>
    </p>
   </div>
   <div class='ocr_carea' id='block_1_99' title="bbox 236 5911 1791 5982">
    <p class='ocr_par' dir='ltr' id='par_1_99' title="bbox 236 5911 1791 5982">
     <span class='ocr_line' id='line_1_99' title="bbox 236 5911 1791 5982; baseline 0.002 -19"><span class='ocrx_word' id='word_1_715' title='bbox 236 5917 440 5968; x_wconf 80' lang='lat' dir='ltr'><strong>centum</strong></span> <span class='ocrx_word' id='word_1_716' title='bbox 499 5911 689 5970; x_wconf 81' lang='lat' dir='ltr'><strong>millia.</strong></span> <span class='ocrx_word' id='word_1_717' title='bbox 739 5911 863 5982; x_wconf 79' lang='lat' dir='ltr'><strong>ipse</strong></span> <span class='ocrx_word' id='word_1_718' title='bbox 917 5919 1101 5966; x_wconf 83' lang='lat' dir='ltr'><strong>autem</strong></span> <span class='ocrx_word' id='word_1_719' title='bbox 1154 5915 1522 5982; x_wconf 82' lang='lat' dir='ltr'><strong>spoponderat</strong></span> <span class='ocrx_word' id='word_1_720' title='bbox 1580 5911 1676 5966; x_wconf 76' lang='lat' dir='ltr'><strong>tria</strong></span> <span class='ocrx_word' id='word_1_721' title='bbox 1732 5927 1791 5966; x_wconf 83' lang='lat' dir='ltr'><strong>se</strong></span> 
     </span>
    </p>
   </div>
   <div class='ocr_carea' id='block_1_100' title="bbox 1898 4697 3486 4767">
    <p class='ocr_par' dir='ltr' id='par_1_100' title="bbox 1898 4697 3486 4767">
     <span class='ocr_line' id='line_1_100' title="bbox 1898 4697 3486 4767; baseline -0.001 -13"><span class='ocrx_word' id='word_1_722' title='bbox 1898 4699 2261 4754; x_wconf 86' lang='lat' dir='ltr'><strong>admetiendi.</strong></span> <span class='ocrx_word' id='word_1_723' title='bbox 2295 4697 2373 4753; x_wconf 82' lang='lat' dir='ltr'><strong>Ne</strong></span> <span class='ocrx_word' id='word_1_724' title='bbox 2400 4698 2548 4752; x_wconf 91' lang='lat' dir='ltr'><strong>enim</strong></span> <span class='ocrx_word' id='word_1_725' title='bbox 2596 4713 2834 4767; x_wconf 84' lang='lat' dir='ltr'><strong>unquam</strong></span> <span class='ocrx_word' id='word_1_726' title='bbox 2884 4699 3222 4754; x_wconf 88' lang='lat' dir='ltr'><strong>constitutus</strong></span> <span class='ocrx_word' id='word_1_727' title='bbox 3273 4697 3486 4753; x_wconf 87' lang='lat' dir='ltr'><strong>modio-</strong></span> 
     </span>
    </p>
   </div>
   <div class='ocr_carea' id='block_1_101' title="bbox 1896 4790 3486 4862">
    <p class='ocr_par' dir='ltr' id='par_1_101' title="bbox 1896 4790 3486 4862">
     <span class='ocr_line' id='line_1_101' title="bbox 1896 4790 3486 4862; baseline 0 -14"><span class='ocrx_word' id='word_1_728' title='bbox 1896 4809 2018 4849; x_wconf 90' lang='lat' dir='ltr'><strong>rum</strong></span> <span class='ocrx_word' id='word_1_729' title='bbox 2048 4808 2310 4849; x_wconf 87' lang='lat' dir='ltr'><strong>numerus</strong></span> <span class='ocrx_word' id='word_1_730' title='bbox 2332 4793 2488 4862; x_wconf 85' lang='lat' dir='ltr'><strong>plene</strong></span> <span class='ocrx_word' id='word_1_731' title='bbox 2508 4799 2696 4861; x_wconf 86' lang='lat' dir='ltr'><strong>posset</strong></span> <span class='ocrx_word' id='word_1_732' title='bbox 2715 4792 2936 4855; x_wconf 82' lang='lat' dir='ltr'><strong>confici,</strong></span> <span class='ocrx_word' id='word_1_733' title='bbox 2962 4802 3020 4846; x_wconf 92' lang='lat' dir='ltr'><strong>ut</strong></span> <span class='ocrx_word' id='word_1_734' title='bbox 3042 4807 3316 4862; x_wconf 88' lang='lat' dir='ltr'><strong>quamque</strong></span> <span class='ocrx_word' id='word_1_735' title='bbox 3341 4790 3486 4848; x_wconf 76' lang='lat' dir='ltr'><strong>illius</strong></span> 
     </span>
    </p>
   </div>
   <div class='ocr_carea' id='block_1_102' title="bbox 1895 4882 3485 4956">
    <p class='ocr_par' dir='ltr' id='par_1_102' title="bbox 1895 4882 3485 4956">
     <span class='ocr_line' id='line_1_102' title="bbox 1895 4882 3485 4956; baseline 0.001 -17"><span class='ocrx_word' id='word_1_736' title='bbox 1895 4896 2102 4956; x_wconf 86' lang='lat' dir='ltr'><strong>partem</strong></span> <span class='ocrx_word' id='word_1_737' title='bbox 2138 4883 2271 4955; x_wconf 77' lang='lat' dir='ltr'><strong>regii</strong></span> <span class='ocrx_word' id='word_1_738' title='bbox 2309 4882 2545 4940; x_wconf 64' lang='lat' dir='ltr'><strong>ministri</strong></span> <span class='ocrx_word' id='word_1_739' title='bbox 2579 4885 2819 4941; x_wconf 84' lang='lat' dir='ltr'><strong>conferri</strong></span> <span class='ocrx_word' id='word_1_740' title='bbox 2857 4886 3034 4939; x_wconf 88' lang='lat' dir='ltr'><strong>locum</strong></span> <span class='ocrx_word' id='word_1_741' title='bbox 3078 4886 3130 4938; x_wconf 91' lang='lat' dir='ltr'><strong>in</strong></span> <span class='ocrx_word' id='word_1_742' title='bbox 3164 4882 3324 4954; x_wconf 81' lang='lat'><strong>523</strong></span> <span class='ocrx_word' id='word_1_743' title='bbox 3345 4900 3485 4955; x_wconf 69' lang='lat' dir='ltr'><strong>pnn-</strong></span> 
     </span>
    </p>
   </div>
   <div class='ocr_carea' id='block_1_103' title="bbox 1896 4977 3486 5047">
    <p class='ocr_par' dir='ltr' id='par_1_103' title="bbox 1896 4977 3486 5047">
     <span class='ocr_line' id='line_1_103' title="bbox 1896 4977 3486 5047; baseline -0.001 -14"><span class='ocrx_word' id='word_1_744' title='bbox 1896 4981 2163 5046; x_wconf 88' lang='lat' dir='ltr'><strong>scriptum</strong></span> <span class='ocrx_word' id='word_1_745' title='bbox 2212 4986 2543 5032; x_wconf 85' lang='lat' dir='ltr'><strong>curaverant</strong></span> <span class='ocrx_word' id='word_1_746' title='bbox 2599 4994 2630 5033; x_wconf 91' lang='lat' dir='ltr'><strong>e</strong></span> <span class='ocrx_word' id='word_1_747' title='bbox 2684 4978 2853 5033; x_wconf 88' lang='lat' dir='ltr'><strong>variis</strong></span> <span class='ocrx_word' id='word_1_748' title='bbox 2903 4977 3220 5047; x_wconf 83' lang='lat' dir='ltr'><strong>regionibus</strong></span> <span class='ocrx_word' id='word_1_749' title='bbox 3272 4989 3486 5032; x_wconf 88' lang='lat' dir='ltr'><strong>tractus</strong></span> 
     </span>
    </p>
   </div>
   <div class='ocr_carea' id='block_1_104' title="bbox 1895 5069 3486 5141">
    <p class='ocr_par' dir='ltr' id='par_1_104' title="bbox 1895 5069 3486 5141">
     <span class='ocr_line' id='line_1_104' title="bbox 1895 5069 3486 5141; baseline 0 -15"><span class='ocrx_word' id='word_1_750' title='bbox 1895 5069 2149 5135; x_wconf 89' lang='lat' dir='ltr'><strong>Occidui,</strong></span> <span class='ocrx_word' id='word_1_751' title='bbox 2178 5086 2300 5125; x_wconf 87' lang='lat' dir='ltr'><strong>eam</strong></span> <span class='ocrx_word' id='word_1_752' title='bbox 2331 5069 2517 5125; x_wconf 88' lang='lat' dir='ltr'><strong>statim</strong></span> <span class='ocrx_word' id='word_1_753' title='bbox 2558 5085 2654 5140; x_wconf 87' lang='lat' dir='ltr'><strong>per</strong></span> <span class='ocrx_word' id='word_1_754' title='bbox 2685 5085 2715 5124; x_wconf 90' lang='lat' dir='ltr'><strong>a</strong></span> <span class='ocrx_word' id='word_1_755' title='bbox 2759 5085 2818 5125; x_wconf 87' lang='lat' dir='ltr'><strong>se</strong></span> <span class='ocrx_word' id='word_1_756' title='bbox 2857 5071 3061 5125; x_wconf 86' lang='lat' dir='ltr'><strong>missos</strong></span> <span class='ocrx_word' id='word_1_757' title='bbox 3086 5070 3318 5141; x_wconf 87' lang='lat' dir='ltr'><strong>jubehat</strong></span> <span class='ocrx_word' id='word_1_758' title='bbox 3365 5071 3486 5126; x_wconf 91' lang='lat' dir='ltr'><strong>tolli</strong></span> 
     </span>
    </p>
   </div>
   <div class='ocr_carea' id='block_1_105' title="bbox 1897 5150 3486 5236">
    <p class='ocr_par' dir='ltr' id='par_1_105' title="bbox 1897 5150 3486 5236">
     <span class='ocr_line' id='line_1_105' title="bbox 1897 5150 3486 5236; baseline 0.001 -16"><span class='ocrx_word' id='word_1_759' title='bbox 1897 5165 2290 5234; x_wconf 77' lang='lat' dir='ltr'><strong>exportarique</strong></span> <span class='ocrx_word' id='word_1_760' title='bbox 2349 5150 2617 5235; x_wconf 70' lang='lat' dir='ltr'><strong>praetenu</strong></span> <span class='ocrx_word' id='word_1_761' title='bbox 2687 5165 3066 5219; x_wconf 74' lang='lat' dir='ltr'><strong>acceleranda:</strong></span> <span class='ocrx_word' id='word_1_762' title='bbox 3132 5165 3486 5236; x_wconf 81' lang='lat' dir='ltr'><strong>migrationis</strong></span> 
     </span>
    </p>
   </div>
   <div class='ocr_carea' id='block_1_106' title="bbox 1897 5255 3481 5328">
    <p class='ocr_par' dir='ltr' id='par_1_106' title="bbox 1897 5255 3481 5328">
     <span class='ocr_line' id='line_1_106' title="bbox 1897 5255 3481 5328; baseline 0.002 -17"><span class='ocrx_word' id='word_1_763' title='bbox 1897 5257 2146 5326; x_wconf 78' lang='lat' dir='ltr'><strong>Augusto</strong></span> <span class='ocrx_word' id='word_1_764' title='bbox 2168 5266 2438 5328; x_wconf 65' lang='lat' dir='ltr'><strong>exoptata:</strong></span> <span class='ocrx_word' id='word_1_765' title='bbox 2456 5255 2868 5324; x_wconf 87' lang='lat' dir='ltr'><strong>Catelanorum,</strong></span> <span class='ocrx_word' id='word_1_766' title='bbox 2891 5274 3080 5314; x_wconf 84' lang='lat' dir='ltr'><strong>revera</strong></span> <span class='ocrx_word' id='word_1_767' title='bbox 3098 5271 3308 5323; x_wconf 82' lang='lat' dir='ltr'><strong>autem,</strong></span> <span class='ocrx_word' id='word_1_768' title='bbox 3333 5260 3481 5328; x_wconf 86' lang='lat' dir='ltr'><strong>quod</strong></span> 
     </span>
    </p>
   </div>
   <div class='ocr_carea' id='block_1_107' title="bbox 1901 5349 3484 5422">
    <p class='ocr_par' dir='ltr' id='par_1_107' title="bbox 1901 5349 3484 5422">
     <span class='ocr_line' id='line_1_107' title="bbox 1901 5349 3484 5422; baseline 0.003 -16"><span class='ocrx_word' id='word_1_769' title='bbox 1901 5351 2036 5407; x_wconf 81' lang='lat' dir='ltr'><strong>satis</strong></span> <span class='ocrx_word' id='word_1_770' title='bbox 2060 5351 2208 5405; x_wconf 89' lang='lat' dir='ltr'><strong>clare</strong></span> <span class='ocrx_word' id='word_1_771' title='bbox 2238 5349 2550 5420; x_wconf 87' lang='lat' dir='ltr'><strong>pellucebat</strong></span> <span class='ocrx_word' id='word_1_772' title='bbox 2576 5352 2767 5420; x_wconf 86' lang='lat' dir='ltr'><strong>peritis</strong></span> <span class='ocrx_word' id='word_1_773' title='bbox 2793 5368 3000 5417; x_wconf 87' lang='lat' dir='ltr'><strong>rerum,</strong></span> <span class='ocrx_word' id='word_1_774' title='bbox 3026 5352 3339 5422; x_wconf 79' lang='lat' dir='ltr'><strong>inexplebili</strong></span> <span class='ocrx_word' id='word_1_775' title='bbox 3372 5370 3484 5410; x_wconf 63' lang='lat' dir='ltr'><strong>suae</strong></span> 
     </span>
    </p>
   </div>
   <div class='ocr_carea' id='block_1_108' title="bbox 1898 5442 3484 5515">
    <p class='ocr_par' dir='ltr' id='par_1_108' title="bbox 1898 5442 3484 5515">
     <span class='ocr_line' id='line_1_108' title="bbox 1898 5442 3484 5515; baseline 0.001 -16"><span class='ocrx_word' id='word_1_776' title='bbox 1898 5443 2186 5514; x_wconf 80' lang='lat' dir='ltr'><strong>indulgens</strong></span> <span class='ocrx_word' id='word_1_777' title='bbox 2213 5444 2500 5513; x_wconf 88' lang='lat' dir='ltr'><strong>cupiditati</strong></span> <span class='ocrx_word' id='word_1_778' title='bbox 2533 5454 2587 5498; x_wconf 89' lang='lat' dir='ltr'><strong>et</strong></span> <span class='ocrx_word' id='word_1_779' title='bbox 2627 5442 3267 5515; x_wconf 72' lang='lat' dir='ltr'><strong>Romanumimperium</strong></span> <span class='ocrx_word' id='word_1_780' title='bbox 3310 5447 3484 5502; x_wconf 79' lang='lat' dir='ltr'><strong>licen-</strong></span> 
     </span>
    </p>
   </div>
   <div class='ocr_carea' id='block_1_109' title="bbox 1899 5534 3481 5608">
    <p class='ocr_par' dir='ltr' id='par_1_109' title="bbox 1899 5534 3481 5608">
     <span class='ocr_line' id='line_1_109' title="bbox 1899 5534 3481 5608; baseline 0.005 -20"><span class='ocrx_word' id='word_1_781' title='bbox 1899 5535 2113 5590; x_wconf 87' lang='lat' dir='ltr'><strong>tissime</strong></span> <span class='ocrx_word' id='word_1_782' title='bbox 2139 5535 2450 5590; x_wconf 82' lang='lat' dir='ltr'><strong>luditicans.</strong></span> <span class='ocrx_word' id='word_1_783' title='bbox 2494 5534 2608 5591; x_wconf 88' lang='lat' dir='ltr'><strong>Sub</strong></span> <span class='ocrx_word' id='word_1_784' title='bbox 2639 5537 2776 5599; x_wconf 70' lang='lat' dir='ltr'><strong>htec,</strong></span> <span class='ocrx_word' id='word_1_785' title='bbox 2815 5547 2872 5592; x_wconf 93' lang='lat' dir='ltr'><strong>ut</strong></span> <span class='ocrx_word' id='word_1_786' title='bbox 2909 5539 3296 5608; x_wconf 87' lang='lat' dir='ltr'><strong>imperatorem</strong></span> <span class='ocrx_word' id='word_1_787' title='bbox 3328 5549 3481 5596; x_wconf 83' lang='lat' dir='ltr'><strong>tanto</strong></span> 
     </span>
    </p>
   </div>
   <div class='ocr_carea' id='block_1_110' title="bbox 1899 5629 3479 5710">
    <p class='ocr_par' dir='ltr' id='par_1_110' title="bbox 1899 5629 3479 5710">
     <span class='ocr_line' id='line_1_110' title="bbox 1899 5629 3479 5710; baseline 0.005 -28"><span class='ocrx_word' id='word_1_788' title='bbox 1899 5629 2267 5700; x_wconf 82' lang='lat' dir='ltr'><strong>adstringeret</strong></span> <span class='ocrx_word' id='word_1_789' title='bbox 2299 5631 2496 5697; x_wconf 85' lang='lat' dir='ltr'><strong>artius,</strong></span> <span class='ocrx_word' id='word_1_790' title='bbox 2543 5644 2704 5701; x_wconf 83' lang='lat' dir='ltr'><strong>prout</strong></span> <span class='ocrx_word' id='word_1_791' title='bbox 2749 5633 2797 5688; x_wconf 88' lang='lat' dir='ltr'><strong>ei</strong></span> <span class='ocrx_word' id='word_1_792' title='bbox 2839 5641 2955 5688; x_wconf 83' lang='lat' dir='ltr'><strong>erat</strong></span> <span class='ocrx_word' id='word_1_793' title='bbox 2999 5644 3370 5710; x_wconf 66' lang='lat' dir='ltr'><strong>opportunum</strong></span> <span class='ocrx_word' id='word_1_794' title='bbox 3410 5636 3479 5691; x_wconf 85' lang='lat' dir='ltr'><strong>ad</strong></span> 
     </span>
    </p>
   </div>
   <div class='ocr_carea' id='block_1_111' title="bbox 1895 5726 3477 5796">
    <p class='ocr_par' dir='ltr' id='par_1_111' title="bbox 1895 5726 3477 5796">
     <span class='ocr_line' id='line_1_111' title="bbox 1895 5726 3477 5796; baseline 0.004 -17"><span class='ocrx_word' id='word_1_795' title='bbox 1895 5726 2080 5780; x_wconf 89' lang='lat' dir='ltr'><strong>varios</strong></span> <span class='ocrx_word' id='word_1_796' title='bbox 2102 5727 2389 5794; x_wconf 87' lang='lat' dir='ltr'><strong>quospiam</strong></span> <span class='ocrx_word' id='word_1_797' title='bbox 2416 5728 2796 5795; x_wconf 80' lang='lat' dir='ltr'><strong>perpiexarum</strong></span> <span class='ocrx_word' id='word_1_798' title='bbox 2823 5727 3292 5783; x_wconf 88' lang='lat' dir='ltr'><strong>machinationum</strong></span> <span class='ocrx_word' id='word_1_799' title='bbox 3321 5730 3477 5796; x_wconf 85' lang='lat' dir='ltr'><strong>fines,</strong></span> 
     </span>
    </p>
   </div>
   <div class='ocr_carea' id='block_1_112' title="bbox 1895 5820 3478 5892">
    <p class='ocr_par' dir='ltr' id='par_1_112' title="bbox 1895 5820 3478 5892">
     <span class='ocr_line' id='line_1_112' title="bbox 1895 5820 3478 5892; baseline 0.001 -20"><span class='ocrx_word' id='word_1_800' title='bbox 1895 5835 2117 5873; x_wconf 86' lang='lat' dir='ltr'><strong>socrum</strong></span> <span class='ocrx_word' id='word_1_801' title='bbox 2153 5834 2308 5877; x_wconf 88' lang='lat' dir='ltr'><strong>suam</strong></span> <span class='ocrx_word' id='word_1_802' title='bbox 2344 5828 2400 5874; x_wconf 92' lang='lat' dir='ltr'><strong>et</strong></span> <span class='ocrx_word' id='word_1_803' title='bbox 2435 5835 2558 5876; x_wconf 90' lang='lat' dir='ltr'><strong>cum</strong></span> <span class='ocrx_word' id='word_1_804' title='bbox 2609 5834 2671 5874; x_wconf 88' lang='lat' dir='ltr'><strong>ea</strong></span> <span class='ocrx_word' id='word_1_805' title='bbox 2706 5834 2932 5876; x_wconf 75' lang='lat' dir='ltr'><strong>uxorem</strong></span> <span class='ocrx_word' id='word_1_806' title='bbox 2970 5820 3251 5892; x_wconf 88' lang='lat' dir='ltr'><strong>gravidam</strong></span> <span class='ocrx_word' id='word_1_807' title='bbox 3286 5822 3338 5875; x_wconf 91' lang='lat' dir='ltr'><strong>in</strong></span> <span class='ocrx_word' id='word_1_808' title='bbox 3381 5838 3478 5876; x_wconf 84' lang='lat' dir='ltr'><strong>nr-</strong></span> 
     </span>
    </p>
   </div>
   <div class='ocr_carea' id='block_1_113' title="bbox 1895 5912 3478 5988">
    <p class='ocr_par' dir='ltr' id='par_1_113' title="bbox 1895 5912 3478 5988">
     <span class='ocr_line' id='line_1_113' title="bbox 1895 5912 3478 5988; baseline 0.001 -18"><span class='ocrx_word' id='word_1_809' title='bbox 1895 5913 2014 5970; x_wconf 84' lang='lat' dir='ltr'><strong>bcm</strong></span> <span class='ocrx_word' id='word_1_810' title='bbox 2046 5914 2112 5969; x_wconf 82' lang='lat' dir='ltr'><strong>ad</strong></span> <span class='ocrx_word' id='word_1_811' title='bbox 2152 5912 2538 5983; x_wconf 84' lang='lat' dir='ltr'><strong>imperatorem</strong></span> <span class='ocrx_word' id='word_1_812' title='bbox 2565 5929 2624 5972; x_wconf 78' lang='lat' dir='ltr'><strong>se</strong></span> <span class='ocrx_word' id='word_1_813' title='bbox 2652 5915 2904 5973; x_wconf 71' lang='lat' dir='ltr'><strong>conferre</strong></span> <span class='ocrx_word' id='word_1_814' title='bbox 2938 5914 3114 5986; x_wconf 84' lang='lat' dir='ltr'><strong>jubet,</strong></span> <span class='ocrx_word' id='word_1_815' title='bbox 3149 5916 3478 5988; x_wconf 79' lang='lat' dir='ltr'><strong>allegaturas</strong></span> 
     </span>
    </p>
   </div>
  </div>
