3994 6226
58 48 468 150 1-!-

232 292 319 355 577
1125 296 1225 357 DE
1266 290 1709 363 ANDRONICO
1746 291 2216 359 PALIEOLOGO
2256 299 2399 360 LIB.
2433 299 2532 361 Vl.

3368 300 3479 365 578

236 412 495 482 Ἀδριανοῦ
540 416 757 472 εἴσεισι.
797 416 1015 489 Ταύτην
1059 415 1115 470 δὲ
1150 417 1242 470 καὶ
1281 415 1383 485 τὴν
1421 413 1538 483 μετ’
1568 411 1790 481 ἐκείνην
1820 425 1863 471 Α
1894 412 2192 481 ὶγείρεται,
2227 414 2314 487 [Ρ.
2345 414 2473 488 566]
2508 417 2603 471 καὶ
2638 416 2687 469 οἱ
2717 416 2814 470 ἀπ’
2836 415 3124 489 ἀνατολῆς,
3157 416 3232 481 ὡς
3277 419 3484 487 εἰπεῖν,-

221 506 409 574 dmin;
444 508 783 579 φιλοτησίαις
818 508 985 578 αὐτον
1030 509 1287 579 βασιλεὺς
1341 505 1578 577 παρῄνει
1608 505 1681 559 τὰ
1703 506 1788 567 sl;

218 600 538 668 προσήνειαν
579 600 973 673 διοριζόμενος.
1020 603 1097 665 ὡς
1130 603 1297 672 μηδὲν
1322 602 1471 663 ὅλως
1501 600 1613 653 τῶν
1652 599 1788 652 Ῥω-

215 696 380 763 μαίων
414 696 744 766 χωρούντων
774 696 1002 751 τοιαῦτα
1028 697 1132 768 ἥϐη
1160 696 1465 769 τυραννικὰ
1513 696 1611 749 καὶ
1648 692 1790 747 ἁπό-

216 801 391 853 κροτα.
438 787 677 851 Ἐκεῖνος
732 789 780 842 δ’
832 792 912 844 ἐτι
974 790 1227 845 σπεύδων
1275 790 1374 860 τὴν
1432 788 1790 857 ἀποχώρησιν

212 879 359 929 οἱονεὶ
419 880 795 947 συνετάττετο,
855 897 951 937 και
1007 884 1107 955 τὴν
1156 883 1484 951 παραίνεσιν
1532 879 1790 950 ἀσμένως

208 972 439 1041 ἐδέχετο.

434 1110 535 1165 κδ’.
568 1114 760 1181 Φόνος
793 1113 899 1169 τοῦ
945 1114 1181 1173 Ἰταλοῦ
1217 1113 1544 1187 Καίσαρος.

268 1253 331 1307 Ol
366 1255 429 1307 δὲ
474 1255 691 1308 ’Δλανσὶ
722 1255 1020 1327 ιθύμαινον
1069 1256 1191 1310 κατ’
1224 1256 1412 1322 αὑτοῦ,
1445 1258 1536 1311 τὸν
1589 1259 1786 1330 καιρὸν

206 1349 615 1420 ἐπιτηροῦντες,
654 1348 874 1419 ἔχοντες
914 1350 1037 1419 μεθ’
1082 1351 1292 1409 ἑαυτῶν
1328 1352 1423 1406 καὶ
1462 1351 1557 1403 τον
1606 1353 1787 1424 Γεωρ-

204 1441 349 1508 τοῦν,
385 1437 451 1503 οὗ
476 1443 508 1495 ὁ
540 1444 655 1505 υίὸς
686 1442 830 1499 κατὰ
860 1444 961 1510 τὴν
998 1442 1237 1518 Κύζικον
1268 1445 1612 1515 ἀπεκτάνθη.
1643 1446 1784 1499 καθὰ

204 1533 510 1601 φθάσαντες
543 1536 795 1605 εἴπομεν.
833 1536 1294 1608 Παρηκολούοουν
1325 1537 1419 1590 οὖν
1445 1538 1623 1609 τούτῳ
1658 1543 1783 1611 σιγῇ

202 1626 351 1680 ἕωθεν
386 1628 664 1682 κάκεῖθεν.
687 1629 949 1694 Δοθέντος
974 1629 1068 1683 οὖν
1089 1632 1285 1702 ἐκείνῳ
1326 1632 1521 1703 καιροῦ
1549 1632 1647 1705 τὴν
1680 1635 1785 1686 Αὐ-

204 1723 436 1789 γοῦσταν
468 1724 600 1776 ἰδεῖν
623 1723 807 1793 μόνον.
834 1725 943 1777 τῶν
968 1724 1145 1779 ἄλλων
1184 1725 1406 1780 Ἰταλῶν
1435 1728 1653 1780 πάντων
1678 1729 1782 1793 ἔξω

200 1833 298 1871 που
320 1817 600 1879 ἑστώτων,
614 1820 995 1890 ἀπερχόμενος
1016 1819 1113 1873 καὶ
1128 1819 1232 1892 ἤδη
1253 1822 1350 1889 τῆς
1374 1820 1552 1889 πύλης
1570 1824 1782 1892 ἀνοιγο-

201 1912 369 1980 μένης
395 1912 492 1966 τοῦ
524 1914 830 1983 οἰκήματος
861 1915 919 1966 ὲν
960 1905 1005 1981 ᾧ
1041 1914 1073 1983 ἡ
1124 1913 1415 1982 Αὐγοῦστα
1453 1910 1542 1985 ἦν,
1569 1915 1782 1985 δέχεται

196 2003 423 2076 καιρίαν
465 2004 564 2074 τὴν
595 2005 817 2077 πληγὴν
845 2004 1070 2059 ὄπισθεν
1096 2006 1187 2059 διὰ
1218 2007 1325 2058 τῶν
1360 2008 1577 2078 νεφρῶν
1633 2008 1785 2076 παρὰ

195 2099 283 2150 τοῦ
312 2098 571 2168 Γεωργοῦ
604 2097 897 2168 ζητοῦντος
924 2101 986 2154 τὺ
1008 2094 1151 2170 αἷμα
1181 2100 1277 2154 τοῦ
1310 2103 1445 2156 ιδεου
1480 2101 1621 2158 υἱοῦ.
1671 2104 1784 2156 Καὶ

192 2192 338 2247 οὕτω
372 2196 727 2264 παραχρῆμα
772 2193 987 2260 πίπτει,
1040 2193 1180 2265 ἀνὴρ
1232 2194 1512 2265 βάρσαρος
1559 2196 1661 2264 μὲν
1691 2196 1787 2248 καὶ¹

194 2284 380 2346 ἄδικος
406 2285 501 2337 καὶ
530 2284 602 2349 ὡς
632 2287 700 2339 τὰ
726 2286 901 2339 πολλὰ
934 2287 1340 2359 φρονηματίας,
1373 2288 1490 2343 ἀλλ’
1528 2289 1625 2343 οὖν
1657 2290 1786 2355 ὀξὺς

192 2381 272 2444 τες
332 2380 608 2451 πολέμους
664 2382 757 2434 καὶ
806 2380 1255 2452 διεγηγερμένος.
1303 2382 1481 2453 Θροῦς
1530 2386 1786 2439 ὶντεῦθεν

192 2566 461 2635 scriptum
497 2563 549 2618 in
582 2564 863 2618 Orientem
906 2563 1032 2619 iter.
1070 2562 1152 2619 At]
1184 2578 1248 2619 ea
1283 2564 1373 2619 ille
1400 2575 1599 2621 cuncta
1622 2565 1784 2638 δεῖ)

190 2658 548 2727 obsequiosis
611 2658 1025 2727 humilibusque
1080 2674 1384 2714 occurrens
1458 2663 1781 2730 responsis,

189 2752 356 2807 ﬁdem
409 2752 625 2822 paciﬁci
664 2766 727 2807 ac
762 2754 1025 2807 submissi
1064 2768 1322 2809 accessus
1358 2754 1574 2825 plenam
1628 2754 1781 2809 fecit.

191 2848 399 2915 Quarta
431 2855 548 2901 erat
582 2846 718 2901 feria
752 2848 1112 2902 hebdomadas
1140 2863 1305 2917 quam
1348 2848 1388 2901 Τ
1397 2848 1572 2903 bonne
1606 2848 1785 2903 nomi-

186 2952 351 3007 stant,
388 2942 609 3011 quando
648 2942 752 2995 sub
788 2956 1074 3010 vesperam
1112 2942 1389 2997 admissus
1424 2943 1493 2997 ab
1532 2944 1783 3012 Augusto

193 3038 373 3093 Caesar
401 3052 525 3099 cum
549 3036 760 3091 caeteris
787 3036 1075 3106 utriusque
1103 3050 1354 3105 persona:
1377 3036 1627 3107 dignitati
1651 3051 1786 3092 con-

1888 505 2101 559 ὲκεῙνον
2145 506 2519 578 διεσπάραξαν
2561 510 2654 562 καὶ
2689 510 3043 581 ἀπερρὀουν
3072 509 3167 563 τοῦ
3215 510 3477 579 αἵματος.

1891 597 2002 651 τῶν
2052 600 2197 658 ἰδίων
2253 603 2639 673 μεμνημένοι·
2695 603 2871 667 οὕτως
2918 603 3157 669 ὥπλιζεν
3193 607 3395 672 αὐτοὺς
3439 609 3475 679 ή

1892 695 2084 751 κακία.
2120 698 2391 764 Ἄραντες
2434 694 2530 752 οὖν
2585 698 2679 752 τὸν
2716 685 2911 770 νεκρὸν
2962 700 3173 753 ἐκείνου
3210 700 3317 765 ἔξω
3368 719 3476 756 που

1892 790 2355 861 καταῤῥίπτονσι.
2389 790 2558 846 Τοῦτο
2591 792 2780 863 μαθὼν
2819 793 2850 845 ὁ
2882 793 3140 863 βασιλεὺς
3177 797 3272 853 καὶ
3316 795 3476 865 μόλις

1892 882 2090 935 ἑαυτοῦ
2139 885 2381 952 γεγονὼς
2428 886 2619 957 ὴρὼτα
2662 888 2769 958 πρὸ
2804 887 3024 942 πάντων
3068 889 3332 960 περὶτῆς
3362 890 3474 946 Αὑ-

1893 975 2130 1045 γούστης
2162 981 2209 1031 εξ
2246 982 2433 1051 περιῇο
2469 980 2630 1050 φόνος
2657 972 2786 1051 γᾶρ,
2820 983 2897 1046 ὡς
2922 983 3144 1054 ἢκουον,
3172 986 3476 1054 εἰργασμέ-

1890 1085 1977 1131 νος
2008 1071 2067 1121 ὲν
2100 1070 2175 1139 τῷ
2225 1072 2397 1141 αὐτῆς
2428 1074 2692 1143 οἰκήματι
2731 1075 2806 1143 μή
2839 1092 2890 1128 τι
2920 1075 3148 1150 κάκιιενη
3202 1077 3475 1131 πέπονθεν

1890 1164 2193 1232 ἀνήκεστον
2226 1164 2418 1235 φοϐεῖν
2462 1166 2691 1236 ἐπῆγεν.
2734 1167 2821 1231 Ὠς
2854 1167 2985 1236 γοῦν
3019 1167 3087 1224 τὰ
3132 1170 3339 1241 χρηστὰ
3372 1170 3474 1239 μὲν

1890 1257 2021 1325 περὶ
2050 1256 2150 1327 τῆς
2179 1259 2501 1329 Δὺγούστης
2537 1259 2724 1330 μαθὼν
2752 1257 2839 1332 ἦν,
2874 1261 2976 1316 κᾶν
3003 1256 3116 1315 οἷον
3148 1262 3477 1335 ὑπερπαθή-

1890 1362 1989 1409 σας
2016 1348 2112 1401 τοῦ
2140 1348 2355 1420 ἀνδρὸς,
2403 1350 2555 1421 ὅμως
2598 1351 2862 1423 φρόνιμος
2892 1350 2969 1407 ὢν
3018 1353 3478 1423 προεμηθεύσατο

1893 1440 2032 1493 πάνυ
2060 1442 2259 1511 σοφῶς,
2284 1444 2381 1495 καὶ
2405 1445 2735 1515 προσέταττε
2762 1443 2839 1515 μὴ
2864 1444 3207 1515 ὲκφανθῆναι
3230 1446 3291 1499 τὸ
3320 1446 3480 1501 σύνο-

1888 1532 1980 1588 λον
2006 1536 2119 1598 τοῖς
2154 1535 2336 1597 ἄλλοις
2376 1536 2613 1598 -Ὶταλοῖς
2645 1537 2843 1594 ἑκατὸν
2886 1537 2983 1590 καὶ
3024 1539 3364 1607 πεντήκοντα
3380 1538 3475 1596 τδν

1891 1629 2125 1697 ἀριθμὸν
2180 1627 2354 1685 οὖσιν.
2404 1630 2679 1693 Ἐκείνους
2734 1629 2830 1683 οὖν
2888 1618 3051 1700 μήδὲν
3108 1631 3317 1694 εἰδότας
3360 1631 3474 1686 τῶν

1896 1722 2220 1791 συμϐάντων
2277 1725 2404 1793 σιγῇ
2467 1723 2610 1779 κατὰ
2654 1722 2713 1777 rb
2748 1722 3079 1792 πρόσταγμα
3126 1723 3477 1793 περικυκλώ-

1893 1831 2081 1877 σαντες
2118 1816 2416 1871 ἐκέλευσαν
2445 1816 2663 1887 ὁρισμῷ
2695 1815 2790 1869 τοῦ
2826 1815 3092 1885 βασιλέως
3120 1816 3187 1870 τὰ
3221 1817 3365 1871 ὅπλα
3393 1818 3476 1879 εἰς

1887 1907 1992 1976 γῆν
2030 1907 2222 1971 θεῖναι,
2252 1908 2348 1961 καὶ
2378 1908 2588 1963 ἀκονιτὶ
2619 1906 3013 1979 ἐχειρώσαντο,
3054 1910 3199 1971 ταῖς·
3226 1910 3475 1977 εἱρκταῖς

1888 2001 1981 2054 ἀνά
1994 2001 2155 2064 πλους
2182 2000 2694 2070 ἑγκατακλιίοντις.
2742 2001 3024 2059 Ἐντεῦθεν
3054 2003 3103 2055 οἱ
3133 2000 3351 2057 ’Δλανοὶ
3379 2004 3476 2059 καὶ

1888 2094 2199 2149 ἀνατολικοὶ
2228 2094 2323 2147 τοῦ
2354 2096 2632 2165 Καίσαρος
2666 2098 2846 2164 φονεῖς
2878 2096 3106 2163 φανέντι
3148 2096 3228 2168 τῷ
3262 2095 3478 2165 βασιλιτ

1885 2188 1986 2255 τὴν
2012 2186 2221 2256 τόλμαν
2252 2188 2644 2257 ἀπελογοῦντο.
2692 2178 2768 2252 ὡς
2808 2191 2908 2245 οὐκ
2951 2190 3130 2253 ἄλλως
3162 2191 3266 2245 οὐκ
3294 2188 3352 2244 ὃν
3396 2190 3473 2261 μὴ

1887 2282 1979 2335 τὸν
2010 2283 2227 2337 πολλῶν
2255 2283 2557 2357 ἀλάστορα,
2578 2284 2761 2340 αὐτῶν
2783 2285 2840 2337 δὲ
2863 2285 3131 2356 βασιλέων
3155 2284 3474 2358 ἀποστάτην

1888 2377 1987 2449 τὴν
2016 2377 2261 2449 γνώμην,
2303 2378 2553 2450 ἀνηλεῶς
2578 2380 3044 2448 κατασφάττοιεν.
3077 2378 3262 2435 Ἄλλοι
3287 2378 3344 2434 δὲ
3376 2378 3476 2433 καὶ

1889 2565 2141 2637 protinus
2188 2562 2447 2626 concidit,
2496 2567 2658 2619 homo
2706 2564 2975 2621 barbarus
3014 2565 3107 2621 ille
3151 2567 3375 2637 quidem
3418 2574 3476 2621 et

1889 2656 2149 2729 injustus,
2187 2675 2510 2731 magnorum
2569 2671 2748 2714 tamen
2792 2663 3115 2730 plerumque
3170 2661 3467 2731 spirituum

1888 2752 2054 2823 526
2079 2756 2311 2824 altaeque
2342 2756 2561 2820 mentis,
2604 2770 2703 2807 nec
2744 2770 2849 2807 non
2882 2762 3042 2810 acute
3071 2754 3338 2825 providus
3372 2770 3473 2809 es-

1886 2846 2165 2919 pedltique
2196 2849 2250 2903 in
2304 2848 2462 2905 bellis
2504 2850 2748 2910 consilii,
2780 2850 2845 2903 ad
2884 2848 3001 2903 hrec
3032 2856 3392 2918 experrectus
3417 2856 3476 2904 et

1891 2944 2089 2997 acerin
2120 2942 2506 2997 occasionibus
2538 2942 2613 2997 rei
2645 2943 2922 3012 gerendae.
2945 2941 3185 3011 Strepitu
3213 2956 3309 3012 per
3327 2940 3474 2996 hunc

1887 3051 2078 3091 casum
2119 3036 2399 3091 concitato
2442 3036 2645 3091 cohors
2692 3035 2941 3104 quaedam
2988 3050 3095 3093 non
3141 3034 3302 3105 longe
3347 3034 3475 3090 inde

195 3132 349 3199 gruis
372 3129 604 3185 aﬂ'ectus
622 3140 702 3185 est
729 3128 1058 3195 honoribus,
1086 3139 1197 3183 tum
1226 3145 1429 3184 mensae
1454 3132 1614 3201 regia:
1636 3147 1785 3185 rom-
1810 3136 1852 3193 ο
1889 3128 2101 3184 distans
2145 3129 2378 3182 militum
2412 3129 2743 3184 Asianorum
2779 3128 2954 3198 prima
3001 3126 3149 3198 quod
3197 3127 3478 3183 acciderat

197 3224 344 3278 muni
368 3223 799 3295 participatione
827 3222 1108 3293 dignatus.
1144 3220 1419 3276 Postridie
1451 3223 1618 3277 simul
1649 3239 1774 3278 eum

192 3319 527 3389 imperatore
563 3318 618 3371 itt
660 3317 851 3373 urbem
894 3316 1306 3386 Adriannpolim
1362 3318 1616 3372 invectus
1656 3326 1775 3384 est;

199 3428 302 3483 qua
347 3423 405 3469 et
448 3410 805 3481 consequenti
838 3410 927 3466 die
957 3412 1220 3467 omnibus
1256 3412 1480 3467 indiciis
1510 3412 1779 3467 liberalis-

196 3510 345 3558 sima'
362 3503 754 3559 benevolentia:
769 3501 1045 3559 deliniens
1064 3518 1221 3556 suum
1246 3502 1518 3572 hospitem
1542 3502 1776 3559 Michael

197 3596 478 3667 Augustus
513 3610 636 3650 eunt
692 3593 912 3651 interim
950 3608 1282 3664 magnopere
1329 3594 1660 3649 hortabatur
1708 3595 1777 3651 ad

190 3690 509 3746 tractandos
548 3687 853 3744 modestius
895 3701 961 3743 ac
991 3688 1330 3742 mansuetius
1371 3684 1679 3753 Romanos,
1716 3688 1781 3743 li-

195 3782 321 3838 bere
362 3782 498 3849 quin
533 3780 698 3835 etiam
751 3778 1089 3834 denuntians
1134 3778 1247 3834 fieri
1295 3792 1406 3832 non
1451 3793 1614 3849 posse
1647 3789 1706 3833 ut
1739 3779 1773 3833 ii

199 3876 431 3945 amplius
465 3873 705 3929 obnoxio
755 3875 1051 3942 quieteque
1100 3871 1402 3926 tolerarent
1453 3873 1777 3941 tyrannicas

199 3968 329 4023 istos
359 3976 417 4023 et
462 3966 670 4037 rigidos
711 3965 888 4034 ipsius
919 3972 974 4019 et
1007 3977 1236 4023 suorum
1285 3976 1490 4018 mores.
1521 3964 1651 4019 Eam
1686 3964 1779 4018 ille

201 4060 621 4118 admonitionem
654 4058 891 4115 libenter
919 4056 1114 4113 audire
1150 4070 1263 4127 pra:
1294 4070 1354 4111 se
1384 4055 1588 4119 ferens,
1617 4054 1774 4126 quasi

202 4153 458 4208 festinans
488 4152 554 4206 ad
589 4151 910 4220 imperatam
944 4150 1089 4203 viam
1121 4148 1323 4205 dimitti
1352 4163 1410 4203 se
1448 4149 1772 4218 postulavit,

202 4248 591 4304 ollieiosissime
616 4245 672 4300 in
707 4244 960 4315 digressu
988 4242 1108 4300 vale
1137 4243 1347 4299 dicens.

609 4383 701 4438 24.
724 4381 907 4438 Credet
930 4380 1063 4436 Itin
1086 4380 1337 4436 Cresam.

261 4530 326 4583 At
364 4526 527 4582 Alani
562 4524 656 4594 qui
701 4532 818 4578 tutn
853 4532 1011 4577 erant
1043 4520 1095 4574 in
1132 4520 1419 4575 Michaelis
1458 4522 1725 4577 comitatu
1754 4561 1769 4586 ,

202 4623 392 4677 dudum
425 4620 627 4675 infensi
664 4617 981 4679 Rontzerio,
1010 4616 1131 4684 ejus
1168 4616 1473 4670 ulciscendi
1524 4617 1771 4681 occasio-

200 4732 310 4769 nem
344 4713 731 4776 observabant,
769 4710 911 4765 haud
962 4711 1137 4764 lenem
1190 4710 1255 4763 ad
1292 4710 1342 4764 id
1391 4711 1767 4779 instigatoretn

200 4824 371 4863 secum
411 4808 675 4861 habentes
703 4803 976 4872 Geor-gum
1020 4803 1194 4869 illum,
1228 4802 1385 4870 cujus
1425 4804 1593 4857 tilium
1624 4806 1765 4871 apud

200 4906 442 4973 Cyzicum
475 4898 725 4956 Catelani
761 4897 1115 4957 occiderant,
1150 4907 1311 4965 prout
1346 4898 1600 4965 superius
1638 4914 1765 4952 uar-

201 4997 452 5051 raviutus.
474 4993 635 5047 Hunc
656 4991 825 5060 igitur
857 4988 1009 5045 taciti
1035 5005 1368 5060 quocunque
1400 5006 1458 5045 se
1488 4990 1765 5047 conferret

200 5090 575 5160 sequebantur.
609 5086 853 5158 Contigit
892 5095 1075 5142 autem
1141 5087 1187 5141 ei
1231 5086 1473 5156 poscenti
1516 5086 1632 5140 dari
1668 5086 1768 5140 ho-

202 5198 306 5238 ram
331 5182 685 5241 admissionis
727 5182 795 5238 ad
822 5182 1150 5251 Augustam,
1184 5195 1290 5248 quo
1321 5190 1440 5232 crat
1473 5178 1588 5248 ipse
1616 5179 1766 5235 solus

201 5274 641 5343 introducendus,
668 5274 821 5331 Italis
840 5288 984 5346 quos
1022 5272 1257 5328 ducebat
1284 5271 1541 5338 comites,
1571 5274 1763 5341 procul

201 5381 342 5427 extra
365 5371 511 5428 iores
534 5369 723 5442 palatii
742 5370 912 5443 jussis
936 5367 1258 5424 subsistere.
1285 5366 1397 5423 lloc
1421 5380 1763 5424 momentum

200 5466 306 5521 suis
334 5466 581 5523 consiliis
613 5462 958 5534 aptissimum
1004 5462 1163 5516 Alani
1214 5463 1414 5532 cupide
1450 5472 1762 5532 captantes,

199 5559 503 5616 destitutum
535 5558 795 5630 pmsidio
829 5572 1057 5613 suorum
1098 5555 1368 5611 Caesarem
1421 5556 1476 5611 in
1512 5557 1635 5628 ipso
1666 5572 1765 5613 cu-

200 5655 349 5711 biculi
380 5658 640 5728 Augusta
686 5655 838 5709 aditu
886 5666 915 5705 a
947 5660 1099 5722 tergo
1152 5651 1307 5719 plaga
1347 5652 1532 5709 lcthali
1570 5654 1625 5707 in
1675 5669 1763 5708 re-

202 5748 354 5805 nibus
399 5750 787 5808 transl'odiunt.
823 5749 1027 5804 Auctor
1079 5748 1322 5803 vulneris
1369 5749 1488 5817 ipse
1514 5746 1764 5819 Georgus

202 5836 317 5907 fuit,
347 5858 526 5913 pinnas
561 5840 839 5898 interfecti
872 5840 966 5895 lilii
998 5852 1271 5909 repetens.
1312 5838 1389 5893 Eo
1419 5838 1607 5896 Caesar
1647 5843 1759 5897 ictu

1885 3222 2160 3291 cognovit.
2189 3221 2252 3275 lli
2300 3238 2574 3293 memores
2596 3224 2848 3293 gravium
2897 3222 3236 3292 injuriarum
3271 3220 3476 3292 quibus

1886 3314 2215 3369 Rontterius
2248 3330 2379 3370 suos
2409 3316 2650 3385 ipsorum
2678 3316 2831 3370 cives
2884 3315 3307 3385 popularesque.
3336 3315 3473 3385 quin

1882 3416 1933 3463 et
1954 3409 2336 3480 plerornmque
2352 3418 2612 3480 ceguatos
2628 3409 2959 3479 intimasque
2973 3406 3162 3465 attines
3182 3405 3441 3465 afﬂixerat
3453 3445 3474 3472 ,

1882 3520 1945 3559 ea
1977 3504 2031 3557 itt
2063 3502 2245 3573 ipsum
2282 3505 2562 3558 irrucrunt
2591 3506 2745 3558 rabie
2786 3511 2847 3561 ut
2876 3503 2995 3569 ejus
3037 3502 3363 3573 sanguinem
3400 3500 3475 3555 li-

1882 3598 2067 3667 gurire
2120 3597 2259 3652 velle
2285 3598 2624 3651 viderentur.
2662 3598 3081 3666 Discerpserunt
3128 3609 3261 3664 ergo
3302 3593 3473 3650 mori-

1884 3695 2125 3748 bundum
2154 3692 2452 3748 insatiabili
2480 3692 2687 3757 lurore,
2716 3702 2882 3761 atque
2911 3704 3193 3760 exsangue
3220 3687 3333 3758 jam
3374 3702 3470 3745 oa-

1882 3790 2051 3845 daver
2093 3791 2146 3843 in
2180 3788 2357 3845 locum
2392 3797 2543 3843 ertra
2578 3790 2867 3843 seductum
2900 3786 3269 3855 projecerunt.
3318 3783 3469 3839 Con-

1883 3895 2167 3942 sternatus
2208 3885 2311 3939 isto
2344 3882 2628 3954 inopinato
2653 3880 2892 3935 tumultu
2922 3880 3208 3945 Augustus
3238 3877 3471 3933 Michael

1884 3981 2119 4049 primum
2165 3976 2434 4041 omnium,
2485 3974 2631 4045 quod
2680 3974 2787 4027 vim
2814 3974 2867 4026 in
2920 3973 3180 4041 Augusta
3217 3969 3473 4030 cubiculo

1882 4075 2082 4127 factam
2124 4071 2382 4136 audiret,
2418 4070 2486 4125 de
2538 4068 2656 4137 ipsa
2703 4068 2905 4131 timuit,
2956 4081 3023 4121 ne
3064 4064 3199 4138 quid
3253 4062 3471 4121 sinistri

1882 4182 2043 4237 passa
2081 4176 2248 4222 esset.
2291 4164 2767 4233 Percontatusque
2791 4204 2806 4227 ,
2843 4171 2903 4217 ttt
2951 4158 3209 4231 cognovit
3259 4159 3468 4215 salvam

1882 4277 2005 4317 esse
2035 4262 2229 4331 ipsam,
2265 4260 2443 4315 solum
2481 4258 2812 4313 trucidatum
2848 4256 3015 4312 tuisse
3034 4254 3328 4317 Caesarem,
3363 4252 3469 4307 etsi

1882 4354 1983 4407 viri
2024 4367 2158 4407 casu
2196 4350 2451 4415 indoluit,
2491 4360 2669 4405 tamen
2698 4389 2713 4412 ,
2754 4360 2813 4404 ut
2858 4358 2980 4402 erat
3026 4346 3287 4417 prudens,
3328 4359 3468 4414 pm-

1882 4447 2204 4501 vertendnm
2239 4455 2465 4499 strenue
2498 4446 2711 4514 putavit
2734 4484 2746 4505 ,
2781 4458 2848 4497 nc
2892 4442 3027 4512 quid
3077 4455 3108 4495 a
3143 4438 3467 4493 Latinorum

1881 4540 2119 4595 Caesaris
2148 4540 2411 4594 comitum
2444 4537 2732 4607 desperata
2772 4537 2925 4591 rabie
2953 4536 3186 4588 funestae
3222 4545 3468 4587 commo-

1886 4632 2053 4684 tinnis
2113 4630 2377 4684 oriretur.
2449 4627 2694 4681 Primum
2765 4624 3244 4681 accuratissimatn
3321 4622 3472 4677 dedit

1881 4740 2103 4793 operam
2146 4740 2210 4777 ne
2261 4725 2432 4777 ultum
2484 4722 2553 4775 ad
2609 4737 2731 4784 eos,
2786 4720 2923 4775 foris
2963 4719 3053 4773 ubi
3104 4719 3351 4783 stabant,
3390 4716 3468 4771 rei

1878 4829 2041 4890 gestae
2101 4816 2365 4871 indicium
2406 4828 2723 4881 emanaret;
2773 4814 3109 4883 interimque
3136 4813 3293 4883 jussu
3342 4812 3467 4877 ejus

1879 4910 2195 4981 praetoriani
2223 4911 2465 4965 maxime
2488 4924 2722 4963 numero
2744 4906 3154 4963 eircumdanles
3183 4905 3305 4959 illos
3332 4902 3466 4956 nihil

1874 5010 2056 5061 minus
2078 5011 2376 5077 opinantes
2410 5014 2463 5061 et
2495 5006 2741 5059 funditus
2774 5005 2993 5074 ignaros
3024 5003 3223 5071 patrati
3256 5000 3467 5056 facino-

1872 5103 1972 5165 ris,
2007 5102 2297 5171 jusserunt
2326 5100 2561 5169 Augttsti
2600 5099 2819 5153 nomine
2847 5112 2999 5151 arma
3033 5112 3152 5167 qua:
3176 5095 3463 5165 gestabant

1874 5195 2025 5250 humi
2065 5195 2361 5265 deponere.
2399 5194 2492 5249 Sic
2523 5209 2619 5249 eos
2649 5194 2769 5247 sine
2798 5192 3099 5247 certamine
3146 5199 3466 5245 exarmatos

1874 5295 1929 5341 et
1964 5287 2394 5355 comprehensos
2442 5285 2732 5339 universos
2779 5285 3047 5338 custodiis
3093 5282 3464 5337 incluserunt.

1876 5378 1992 5434 Sub
2019 5382 2131 5433 haec
2158 5381 2309 5435 danti
2333 5394 2391 5434 se
2416 5380 2469 5434 in
2503 5387 2864 5449 conspectum
2892 5378 3138 5446 Augusto
3160 5376 3459 5429 Alanorum

1874 5476 2147 5545 primores
2168 5486 2423 5529 auctores
2446 5476 2610 5529 caulis
2639 5482 2693 5526 et
2717 5472 3001 5541 adjutores
3020 5472 3207 5526 Asiani
3231 5469 3466 5523 ddenter

1873 5569 2217 5625 excusabant
2248 5568 2471 5632 factum.
2500 5568 2626 5637 jure
2658 5568 2904 5621 occisum
2926 5582 2955 5619 a
2980 5580 3039 5619 se
3067 5564 3264 5619 falsum
3296 5564 3461 5616 istum

1872 5665 2147 5720 Caesarem
2181 5663 2412 5727 aientes,
2452 5677 2576 5716 cum
2630 5662 2684 5714 in
2727 5659 2992 5714 ultionem
3047 5658 3363 5727 rapinarum
3408 5666 3463 5708 et

1872 5754 2203 5825 ﬂagitiorum
2235 5753 2435 5823 quibus
2477 5752 2755 5809 Romanos
2785 5751 3220 5807 insolentissime
3261 5762 3462 5802 vexas-

1871 5856 1977 5913 set,
2028 5853 2143 5901 tum
2178 5844 2234 5899 in
2270 5846 2704 5916 prarcautionem
2738 5845 3053 5902 rebellionis
3087 5857 3247 5915 quam
3296 5842 3465 5914 perli-
