3994 6226
458 226 639 344 583⁵

1639 281 1971 347 GEORGII
2006 286 2496 352 PACHYMER/E

3627 279 3733 348 588

461 421 630 483 ἄλλας
683 420 913 473 κατόπιν
972 420 1291 495 ἐκπέμπειν
1342 431 1839 500 συναμυνουμένας
1914 431 2043 498 τοὺς
2073 436 2119 494 Α
2152 432 2459 504 ξύγκλυδας
2492 436 2589 489 καὶ
2627 429 2710 499 οἷς
2743 434 2984 505 συνήθης
3008 433 3040 487 ὁ
3066 428 3320 501 θόρυδος.
3376 426 3484 482 Καὶ
3518 426 3579 481 εν
3624 445 3732 482 τινι

461 516 739 577 ἐπιόντας.
810 512 899 576 Ὠς
941 514 1075 583 γοῦν
1128 519 1484 573 συνετάττετο
1535 520 1628 593 μ’.
1655 522 1787 596 569]
1830 524 2047 594 βασιλεῖ

460 608 719 678 καὶπρὸς
758 612 880 673 ταῖς
926 609 1129 675 ἐξόδοις
1163 604 1254 682 ἦν,
1295 613 1622 681 ἀγγέλλεταί
1673 619 1725 670 οἱ
1758 620 1909 690 παρά
1948 619 2045 673 τοῦ

460 703 705 774 κόμητος
741 701 844 772 τῆς
874 701 1013 767 νεὼς
1046 703 1121 767 ὡς
1167 702 1585 776 Ἀμογαὸάρους
1621 711 1714 764 καὶ
1745 710 1888 782 ὑπὲρ
1919 713 2048 777 τοὺς

462 801 827 867 πεντήκοντα,
851 797 928 860 ὡς
965 798 1214 864 είκάσαι,
1258 803 1540 874 κρυφηδὸν
1573 806 1689 876 ἔχει
1726 806 1841 861 τῶν
1877 826 2049 863 κατα-

462 894 809 962 στρωμάτων
862 894 1051 959 ὲντός·
1102 897 1131 945 δ
1162 895 1228 965 δὴ
1278 898 1376 949 καὶ⁸
1429 900 1686 970 φωραθὲν
1712 901 1919 965 εὐθέως
1947 903 2049 972 τὴν

460 976 725 1042 ἀπιστίαν
783 989 1027 1061 παρίστα
1059 988 1155 1043 καὶ⁸
1199 990 1294 1044 τοῦ
1337 976 1702 1064 τριηράρχου.
1735 995 1901 1052 Καὶὸ
1949 996 2049 1061 μὲν

459 1082 846 1150 ἐγκέκλειστο,
897 1085 947 1137 οι
994 1084 1052 1137 δὲ
1086 1084 1181 1138 καὶ
1220 1083 1377 1137 αὐτοὶ
1409 1084 1601 1154 (οὔπω
1632 1088 1742 1156 γὰρ
1772 1087 1869 1140 καὶ
1898 1082 2049 1142 οὗτοι

458 1176 665 1240 τελέως
704 1168 1055 1247 ’ἠγγέλλοντο
1109 1178 1178 1231 τὰ
1209 1177 1399 1247 δεινὰ)
1452 1180 1510 1228 ἐν
1550 1181 1849 1249 τηρήσεσιν
1880 1176 2045 1252 ἦσαν,

459 1268 604 1338 πλὴν
638 1269 747 1319 τῶν
795 1270 1155 1323 ἀποστάντων
1193 1270 1431 1323 ἐκεῖθεν.
1496 1272 1635 1325 Ἀλλ’
1671 1274 1833 1336 εὐθὺς
1870 1277 1924 1329 αἱ
1954 1294 2046 1327 πι-

460 1362 594 1429 κραὶ
628 1360 700 1427 φῆ
711 1378 808 1432 μαι
839 1361 1288 1430 κατελάμϐανον,
1318 1360 1385 1426 ἃς
1409 1362 1511 1415 οὐκ
1539 1361 1722 1428 ἄλλος,
1750 1362 1865 1416 ἀλλ’
1890 1363 2048 1417 αὐτοὶ

462 1451 741 1521 ἑφήμιζον
771 1453 821 1506 οἱ
856 1453 1145 1519 παθόντες,
1170 1453 1267 1507 καὶ
1295 1453 1460 1524 Θροῦς
1492 1455 1754 1527 ἠγείρετο
1784 1456 2053 1526 παμπλη-

462 1543 583 1614 θὴς,
606 1547 703 1597 καὶ
728 1545 957 1616 θόρυϐος
988 1548 1055 1599 ἐκ
1079 1546 1302 1602 πάντων
1330 1547 1416 1600 διὰ
1446 1548 1509 1600 τὸ
1531 1548 1812 1615 φίλοικτον
1835 1549 2047 1618 ἵστατο,

461 1639 560 1691 καὶ
594 1637 692 1708 τὴν
726 1637 834 1690 τῶν
885 1638 1213 1707 Ῥωμαϊκῶν
1260 1640 1399 1713 νεῶν
1430 1641 1776 1712 κατῃτιῶντο
1811 1645 2049 1697 κατάλυο

463 1749 573 1797 σιν,
612 1733 686 1797 ὡς
713 1732 815 1785 οὐκ
848 1731 914 1786 ἂν
945 1730 1181 1787 πάθοιεν
1207 1732 1461 1798 τοιαῦτα,
1492 1736 1542 1788 εἰ
1574 1736 1603 1787 ὁ
1638 1736 1888 1807 συνήθης
1924 1740 2048 1790 στό-

462 1825 554 1893 λος
582 1827 788 1898 περιὼν
816 1826 1137 1896 ἐξηρτύετο,
1168 1829 1262 1880 καὶ
1296 1828 1464 1880 πολλὰ
1498 1830 1593 1881 καὶ
1624 1831 1777 1900 παρᾶ
1801 1828 1863 1882 τὸ
1899 1831 2048 1895 εἰκὸς
2080 1811 2123 1865 Β

461 1921 768 1974 διελάλουν.
824 1921 1001 1975 Τοῦτο
1048 1926 1212 1990 γνοὺς
1266 1923 1641 1995 πατριάρχης,
1697 1925 1921 1994 ἀπάρας
1971 1925 2049 1988 ὡς

461 2004 577 2077 εἶχε
626 2010 723 2079 τῆς
758 2010 1043 2074 κατοικίας
1147 2030 1249 2064 που
1301 2014 1567 2084 κατῴκει,
1607 2014 1772 2086 ἔργον
1811 2015 1956 2083 ἔχων
1986 2016 2048 2071 τὺ

463 2100 894 2153 σπουδαιότατον
928 2104 1053 2174 περὶ
1086 2103 1179 2156 τὸν
1202 2103 1375 2175 δῆμον
1420 2106 1901 2179 σπουδαιοτριῧεῖν
1952 2109 2051 2165 καί

461 2208 527 2260 γε
552 2193 619 2245 τὰ
654 2193 827 2247 πολλὰ
884 2194 1330 2267 δημοχαριστεῖν,
1389 2201 1537 2254 κατὰ
1576 2202 1678 2270 τὴν
1748 2185 1923 2273 μέσην
1947 2202 2050 2274 τῆς

462 2286 675 2356 ἀγορᾶς
714 2289 1069 2359 μεσημϐρίας
1123 2290 1442 2359 ἐφίσταται,
1497 2295 1589 2346 καὶ
1624 2294 1887 2363 ξνγκαλεϊ
1924 2297 2050 2361 τοὺς

464 2486 610 2556 ginta
649 2486 1026 2559 Amogabaros
1056 2499 1320 2548 armatos.
1360 2492 1415 2546 id
1448 2494 1591 2564 quod
1621 2511 1647 2546 a
1681 2497 1864 2552 missis
1901 2499 2049 2555 illico

463 2582 911 2650 exploratoribus
942 2585 1281 2643 incredibilis
1314 2588 1443 2641 facti
1478 2592 1826 2646 verissimum
1868 2606 2051 2663 reper-

461 2684 578 2731 tum
619 2676 905 2746 perfidiam
941 2680 1263 2737 trierarchm
1296 2682 1641 2739 manifestam
1672 2686 1825 2745 fecit.
1862 2687 2047 2755 Quare

464 2770 514 2824 is
572 2769 791 2837 quidem
840 2771 1061 2829 clausus
1103 2783 1437 2838 asservatur,
1468 2776 1793 2847 deprehensi
1831 2796 1961 2836 vero
1995 2782 2047 2835 in

460 2863 691 2919 latebris
727 2863 927 2921 milites
950 2905 964 2927 ,
996 2866 1156 2936 quasi
1193 2874 1252 2921 ut
1287 2868 1505 2938 plenius
1550 2870 1935 2941 inquireretur
1980 2874 2050 2931 de

463 2956 707 3011 nondum
747 2959 986 3026 perfecte
1035 2960 1311 3018 convictis
1354 2962 1574 3033 maligni
1617 2965 1807 3031 animi,
1854 2967 1907 3024 in
1955 2982 2053 3023 cu-

463 3052 674 3107 stodias
703 3062 755 3105 et
787 3052 889 3120 ipsi
926 3052 1034 3107 dati
1065 3061 1226 3115 sunt,
1260 3063 1459 3124 praeter
1488 3072 1718 3125 paucos,
1755 3059 1904 3115 inter
1932 3063 2047 3131 pri-

2125 528 2262 582 -τῶν
2289 530 2407 583 ἐκεῖ
2435 528 2583 583 ναῶν
2608 527 2890 589 καταστὰς
2928 520 3146 596 μακρὰν
3179 522 3457 583 κατέτεινε
3494 518 3594 592 τὴν
3618 520 3729 575 δια·

2150 624 2345 679 λαλιὰν
2380 625 2476 676 καὶ
2513 619 2905 676 καταστέλλειν
2939 617 3309 690 θορυὸοὗντας
3354 616 3641 688 ἠπείγετο,
3666 611 3733 668 τὰ

2154 717 2325 772 πολλὰ
2363 718 2629 775 συναινῶν
2678 699 2942 779 ἐκείνοις,
2971 714 3067 769 καὶ
3098 713 3209 766 τῶν
3242 712 3580 781 δυναμένων,
3621 702 3733 772 οἷος

2152 813 2210 864 ὲν
2248 812 2469 873 πολλοῖς
2511 803 2689 873 οὗτος,
2734 810 3191 877 καταιτιώμενος.
3248 804 3417 868 Τέλος
3465 802 3590 883 ἐπεὶ
3642 802 3735 855 τὸν

2151 904 2327 959 πολὺν
2364 903 2685 974 γογγυσμδν
2718 903 2846 972 περὶ
2882 902 2992 953 τῶν
3019 900 3156 953 νεῶν
3187 896 3626 969 κατεμάνθανεν,
3659 894 3734 957 ὼς

2154 999 2232 1069 μὴ
2261 1000 2376 1053 οἴου
2414 998 2460 1051 τ’
2482 998 2638 1061 ὄντος
2668 997 2874 1059 αὐτοὺς
2920 994 3182 1066 ἀσφαλῶς
3215 991 3411 1060 διαζῇν
3431 1029 3448 1055 ,
3487 990 3537 1043 εἰ
3571 989 3647 1060 μή
3674 1003 3735 1057 γε

2152 1094 2279 1163 νῆες
2304 1093 2448 1147 κατὰ
2473 1092 2533 1146 τὸ
2565 1093 2733 1145 πάλαι
2774 1091 3072 1161 Ῥωμαίοις
3103 1087 3334 1157 σύνηθες
3364 1082 3734 1155 ὲξαρτύοιντο.

2151 1188 2380 1258 γνώμας
2439 1185 2813 1256 ἀγριουμένας
2873 1181 3216 1255 ἐξομαλίζειν
3267 1179 3440 1233 Θέλων
3468 1175 3735 1248 ἀμηγέπη

2153 1280 2248 1333 καὶ
2278 1277 2463 1348 λόγοις
2497 1278 2595 1331 καὶ
2634 1276 3011 1346 ὑποσχέσεσι,
3045 1274 3202 1339 τινὰς
3231 1271 3459 1327 ἐκείνων
3490 1271 3738 1332 καὶτοὺς

2151 1370 2548 1442 ὲκδηλοτέρους
2571 1368 2913 1436 παραλαϐὼν
2948 1368 3252 1438 ἀναφέρειν
3282 1364 3735 1435 καθυπισχνεῐτο,

2152 1466 2235 1520 ἔτι
2257 1465 2312 1519 δὲ
2333 1465 2430 1519 καὶ
2448 1463 2550 1535 τὴν
2566 1464 2831 1535 ταχίστην
2859 1462 3170 1531 ἐξοτρύνειν
3191 1463 3272 1525 εις
3298 1461 3397 1530 τὴν
3426 1459 3537 1512 τῶν
3559 1457 3739 1512 ἐπιόν-

2151 1573 2260 1609 των
2289 1557 2505 1625 ἄμυναν
2540 1554 2825 1627 πρόθυμον
2851 1553 3068 1607 ἑαυτόν.
3101 1551 3209 1605 Καὶ
3233 1552 3262 1605 ὁ
3300 1549 3403 1619 μὲν
3434 1548 3493 1601 ἐν
3525 1537 3738 1610 τούτοις

2152 1643 2217 1720 ἦν
2242 1646 2591 1717 δημαγωγῶν
2628 1648 2724 1700 καὶ
2754 1647 3182 1719 δημοχαριστῶν
3211 1642 3268 1705 ἐς
3290 1642 3359 1696 τὰ
3399 1640 3664 1714 μάλιστα,
3690 1640 3739 1692 εί

2153 1743 2249 1807 καὶ
2281 1743 2340 1796 τὸ
2368 1740 2498 1815 ἦθος
2530 1742 2682 1812 αὐτῷ
2707 1742 3093 1811 ἀμετάϐλητον
3129 1734 3220 1811 ἦν,
3252 1736 3505 1809 βασιλεὺς
3529 1736 3588 1789 δὲ
3614 1733 3740 1787 Γεν-

2152 1836 2372 1900 νουϊτας
2423 1836 2582 1906 ἠξίου
2618 1835 2712 1888 καὶ
2762 1834 3073 1906 χρημάτων
3113 1829 3430 1906 χιλιοστύας
3466 1828 3645 1885 ἒδίδου
3682 1828 3740 1892 ἐς

2152 1931 2290 2001 ὅπερ
2321 1930 2378 1995 ἐξ
2407 1930 2589 1983 αὐτῶν
2621 1928 2959 1999 ὲσόήσαντες
2992 1918 3407 1997 πολεμαρχικὸν
3439 1922 3739 1993 ἐπιθήσον-

2151 2042 2266 2081 ται.
2311 2024 2374 2077 '0
2403 2023 2642 2093 ξύγκλυς
2665 2022 2712 2076 δ’
2746 2020 2903 2093 ὄχλος
2931 2022 3012 2085 είς
3041 2018 3243 2074 ταυτὸν
3274 2017 3593 2086 γεγονότες,
3620 2016 3742 2068 ἐπεὶ

2151 2116 2220 2169 τὰ
2253 2116 2355 2185 μὲν
2396 2115 2501 2179 ἔξω
2530 2114 2686 2168 δεινὰ
2719 2111 3182 2184 κατηγγέλλοντο,
3225 2110 3428 2174 αὐτοὺς
3457 2108 3510 2161 δ’
3550 2108 3652 2161 οὐκ
3676 2102 3742 2178 ἦν

2153 2210 2273 2263 ἐκεῖ
2303 2210 2635 2281 γενομένους
2661 2208 2994 2277 ἀμύνεσθαι,
3018 2207 3266 2276 ἔγνωσαν
3314 2207 3429 2268 τοῖς
3464 2205 3622 2267 ἐντὸς
3646 2203 3741 2273 τῆς

2154 2306 2366 2370 πόλεως
2398 2304 2734 2367 Κατελάνοις
2766 2303 3093 2374 ἐπιχειρεῖν.
3153 2296 3250 2370 Οἷς
3284 2302 3384 2373 μὲν
3419 2297 3493 2374 ἦν
3527 2298 3743 2352 συνδιὰο

2156 2491 2454 2541 tumultum
2491 2485 2701 2555 populi.
2738 2484 2900 2554 Ergo.
2934 2496 3202 2557 quantum
3248 2483 3512 2560 affectare
3551 2486 3743 2543 conni-

2155 2580 2325 2635 teudo
2354 2587 2602 2650 poterat,
2634 2578 3020 2650 popularitatis
3067 2591 3186 2635 arte
3241 2580 3402 2635 homo
3439 2594 3639 2649 parum
3677 2581 3743 2635 ad

2156 2675 2206 2728 id
2240 2682 2435 2728 natura
2470 2673 2646 2729 factus
2680 2674 2975 2729 conciliare
3006 2673 3111 2728 sibi
3145 2675 3379 2743 gratiam
3413 2672 3574 2727 iratze
3606 2672 3745 2728 mul-

2155 2767 2409 2822 titudinis
2444 2766 2722 2831 studebat,
2750 2765 3186 2822 meridiemedio
3218 2781 3277 2822 sc
3316 2765 3428 2822 fere
3466 2766 3661 2823 densis
3692 2775 3744 2821 et

2156 2863 2390 2917 invicem
2425 2861 2777 2917 trudentibus
2817 2862 3014 2916 cuneis
3040 2861 3359 2915 immiscens
3391 2869 3605 2915 temere
3635 2860 3740 2914 huc

2154 2957 2394 3027 illucque
2422 2957 2787 3011 cursantinm.
2816 2956 2896 3011 lbi
2930 2970 3207 3011 convenas
3241 2956 3549 3026 praesertim
3587 2954 3656 3009 ad
3685 2971 3742 3011 se

2154 3056 2445 3107 convocat.
2473 3048 2548 3102 uti
2580 3046 2885 3115 praecipuos
2910 3062 2972 3100 ex
3004 3062 3153 3101 more
3177 3048 3517 3102 tumultuum
3554 3056 3742 3102 aucto-

463 3160 613 3197 mum
654 3144 949 3199 tumultum
985 3145 1224 3216 elapsos.
1266 3145 1398 3215 Ejus
1432 3150 1511 3203 rei
1558 3150 1699 3205 fama
1735 3153 1917 3207 statim
1956 3169 2047 3221 per

2158 3159 2268 3196 res.
2300 3140 2641 3209 Tractosque
2673 3142 2739 3193 ad
2772 3154 2831 3194 se
2858 3155 2967 3193 non
3004 3152 3211 3209 paucos
3250 3139 3307 3193 in
3334 3141 3604 3211 templum
3632 3139 3740 3195 illic

460 3237 738 3291 civitatem
773 3236 1169 3291 incredibiliter
1190 3241 1872 3309 consternavitpOpulum,
1907 3244 2046 3298 ima-

461 3332 589 3398 gine
640 3330 898 3385 horrendi
934 3331 1089 3386 exitii
1145 3331 1198 3386 in
1244 3332 1394 3403 quod
1449 3349 1589 3405 pene
1635 3335 1828 3391 fuisset
1875 3338 2043 3393 nimia

462 3425 728 3478 facilitate
778 3423 1039 3479 credendi
1090 3426 1399 3496 respublica
1436 3428 1706 3498 conjecta.
1753 3427 1953 3486 Prima:
1987 3431 2042 3485 in

462 3520 567 3573 hoc
597 3518 827 3571 tumultu
868 3518 1051 3588 partes
1089 3529 1244 3575 erant
1275 3535 1676 3585 convenarum,
1728 3523 1797 3578 de
1845 3524 2048 3593 quibus

461 3612 964 3677 diximus,illorum
996 3616 1046 3666 vi
1078 3629 1141 3668 ac
1174 3624 1384 3670 terrore
1414 3616 1740 3671 Catelauirze
1775 3618 2047 3673 incursio-

458 3705 546 3761 nis
580 3707 990 3776 compulsorum
1034 3706 1173 3762 intra
1222 3710 1437 3769 urbem.
1490 3708 1558 3768 lii
1596 3722 1655 3764 ut
1700 3712 1912 3785 experti
1946 3712 2047 3766 im-

458 3798 777 3853 manitatem
805 3798 926 3868 ejus
958 3800 1156 3867 gentis,
1188 3799 1344 3870 cujus
1375 3801 1431 3857 in
1466 3810 1789 3873 potestatem
1830 3812 2044 3862 tantum

458 3907 567 3946 non
597 3890 722 3945 data
758 3892 890 3947 urbs
923 3890 1140 3959 luisset,
1169 3892 1453 3961 ejulabant
1487 3892 1736 3952 videlicet
1769 3896 2039 3965 impoten-

460 3986 573 4041 tius
597 3986 837 4046 caeteris.
863 3999 1001 4041 unos
1032 4000 1091 4041 se
1117 3986 1374 4041 nimirum
1397 3987 1639 4043 omnium
1671 3987 1812 4042 scire
1836 3989 2046 4052 aieutos

458 4089 726 4152 quantum
757 4080 981 4138 haberet
1026 4079 1291 4152 perniciei
1331 4079 1647 4136 Catelanica
1676 4120 1692 4142 ,
1720 4096 1885 4151 quam
1920 4091 2048 4139 tan-

460 4182 576 4228 tum
630 4187 739 4227 non
796 4169 1182 4232 incurrissent.
1223 4170 1501 4229 servitus:
1539 4180 1595 4226 et
1653 4171 1976 4227 mmstitiam
2011 4189 2042 4229 e

459 4267 661 4321 vicinia
716 4266 945 4337 periculi
997 4265 1285 4335 querulam
1337 4264 1667 4333 contagione
1718 4267 1771 4320 in
1834 4267 2045 4337 plebem

466 4361 613 4417 facili
662 4362 971 4431 vulgantes,
1027 4361 1206 4414 luctus
1262 4358 1366 4414 Sibi
1422 4360 1787 4428 planctusque
1841 4362 2047 4431 pariter

461 4453 916 4520 cmuplorantimn
968 4450 1133 4505 simul
1175 4451 1556 4504 universorum
1592 4450 1748 4522 531
1785 4466 2047 4525 aggrega-

463 4545 615 4599 bant.
667 4544 806 4598 Hinc
852 4542 1252 4613 procedebatur
1287 4544 1350 4596 ad
1387 4558 1583 4598 causas
1640 4544 1802 4608 inali,
1852 4561 2047 4612 nempe

463 4640 584 4692 i-leo
620 4639 826 4692 exteris
859 4638 1177 4692 necessario
1214 4652 1328 4690 rem
1379 4641 1628 4691 navalem
1662 4639 1851 4701 credi,
1900 4640 2047 4707 quod

460 4733 692 4786 classem
722 4731 925 4784 dudum
950 4729 1251 4783 Rootanam
1278 4729 1608 4798 negligentia
1636 4732 2043 4797 praesidentium

462 4830 677 4883 absumi
739 4844 803 4883 ac
848 4827 1093 4881 iiiiulitns
1129 4828 1341 4883 destrui
1390 4828 1599 4885 siverit.
1650 4828 1705 4882 ιιι
1752 4830 1805 4884 ni
1858 4830 2051 4885 fuisset

465 4935 744 4991 perperam
791 4920 1113 4981 admissum,
1152 4921 1293 4973 haud
1343 4935 1403 4972 se
1449 4920 1534 4972 his
1586 4936 1732 4973 nunc
1780 4920 2050 4975 obnoxios

464 5011 711 5065 miseriis
735 5010 969 5065 futuros.
1008 5008 1133 5063 Haec
1161 5008 1581 5065 e'll'undebantur
1606 5012 1852 5080 populari
1894 5012 2047 5065 licen-

466 5108 534 5157 tia
570 5106 620 5157 in
657 5106 877 5159 liberam
905 5104 1360 5174 vituperationem
1388 5104 1903 5158 administrantium
1933 5120 2046 5159 rem

467 5201 760 5272 publicam,
808 5215 969 5271 quam
1022 5198 1315 5255 dissolutis
1367 5198 1752 5269 perversisque
1797 5199 2049 5253 consiliis

467 5298 739 5368 perditum
775 5295 1029 5350 nimirum
1064 5295 1231 5350 irent.
1282 5293 1692 5348 lncrebesccbat
1758 5304 1870 5348 tota
1910 5293 2048 5347 civi--

466 5401 579 5445 tate
616 5391 852 5460 gliscens
890 5406 1136 5443 murmur
1163 5430 1177 5454 ,
1214 5405 1312 5443 nec
1347 5389 1535 5459 procul
1578 5405 1607 5441 a
1649 5389 1915 5443 seditione
1964 5404 2051 5443 res

470 5495 606 5543 crat.
628 5495 993 5539 concurrente
1020 5500 1080 5536 ac
1110 5482 1445 5538 vociferante
1470 5484 1838 5553 undecunque
1872 5484 2047 5545 turba,

469 5580 687 5648 (plaudo
712 5580 1023 5648 patriarcha
1044 5579 1162 5647 ejus
1186 5579 1573 5633 commotionis
1598 5579 1801 5633 indicio
1828 5588 2053 5646 accepto

469 5674 663 5742 raptim
709 5673 870 5725 doino
909 5672 997 5726 ubi
1054 5673 1441 5727 diversabatnr
1493 5674 1713 5742 prodiit,
1764 5672 1897 5725 nihil
1945 5687 2052 5725 non

468 5765 702 5831 experiri
746 5774 954 5823 certus,
1002 5780 1108 5828 quo
1152 5779 1279 5831 spes
1309 5775 1453 5818 esset
1483 5764 1785 5819 deliniendi
1820 5766 2055 5833 cOmpo-

473 5859 748 5929 ncudiquc
788 5860 837 5912 in
876 5858 1259 5925 obmuuiosam
1290 5858 1527 5928 quietem
1580 5858 1786 5915 eﬂerati
1834 5860 1945 5926 jam
2000 5859 2052 5912 in

2154 3236 2297 3289 forte
2336 3234 2557 3287 obvium
2605 3232 2877 3287 inducens
2921 3232 3249 3301 prmlongam
3288 3235 3572 3303 peroravit
3614 3248 3742 3287 con-

2152 3332 2390 3395 cionem,
2444 3337 2609 3397 prout
2655 3326 2903 3396 putabat,
2952 3324 3424 3381 accommodatam
3480 3324 3742 3395 pacandis

2151 3425 2351 3480 animis
2406 3434 2461 3477 et
2513 3421 2771 3479 seditioni
2830 3419 3265 3491 compescendos.
3326 3420 3383 3475 In
3432 3436 3497 3475 ea
3548 3435 3741 3475 sensus

2150 3519 2453 3576 ostentavit
2505 3517 2697 3588 majori
2743 3518 2799 3571 in
2847 3524 3005 3585 parte
3057 3522 3467 3570 consentaneas
3517 3514 3740 3587 iudiciis

2152 3613 2537 3676 audientium,
2591 3613 2793 3681 pariter
2832 3620 2889 3663 ut
2946 3610 3021 3662 illi
3076 3609 3432 3680 magistratus
3464 3609 3519 3662 in
3555 3608 3739 3663 multis

2151 3708 2404 3777 culpans.
2434 3704 2677 3775 Denique
2709 3704 2841 3757 illud
2896 3704 3073 3771 ipsum
3119 3703 3358 3759 maxime
3404 3703 3734 3759 invidiosum

2151 3801 2492 3873 querelarum
2530 3807 2691 3868 caput
2718 3838 2731 3860 ,
2766 3797 2834 3851 de
2884 3798 3063 3851 classe
3113 3794 3356 3852 Romana
3405 3796 3621 3851 incuria
3654 3811 3737 3850 re-

2152 3892 2396 3963 gentium
2433 3890 2807 3963 pessuuuiata,
2844 3890 2984 3943 haud
3015 3906 3175 3961 parce
3212 3890 3479 3945 invehens
3514 3904 3740 3961 exagge-

2152 4002 2391 4057 rausque
2426 3985 2708 4041 ventilavit
2735 4026 2747 4047 ,
2779 3994 2833 4038 et
2876 3984 2989 4053 ipse
3023 3982 3300 4039 allirtnans
3347 3985 3497 4053 large
3528 3985 3582 4039 in
3619 3987 3735 4046 hoc,

2152 4095 2255 4140 nec
2286 4094 2391 4134 non
2426 4076 2897 4149 perniciosissimo
2930 4117 2945 4142 ,
2988 4088 3295 4146 peccatum,
3328 4078 3585 4148 ultroque
3617 4093 3737 4146 pro-

2154 4174 2314 4230 ﬁtens
2360 4172 2565 4227 nullam
2615 4168 2876 4241 atl‘ulgere
2923 4185 3073 4239 spem
3112 4170 3467 4224 restituendae
3509 4172 3736 4238 publicae

2151 4265 2488 4329 securitatis,
2522 4262 2628 4317 nisi
2668 4278 2857 4327 naves,
2891 4274 2951 4315 ut
2984 4260 3139 4326 olim,
3177 4260 3436 4317 [tentante
3474 4262 3734 4317 Romanis

2149 4361 2438 4417 instructae
2464 4357 2769 4414 classiariis
2803 4371 2953 4410 mare
2987 4367 3239 4410 nostrum
3289 4371 3353 4412 ac
3396 4366 3587 4425 portus
3622 4373 3647 4410 a
3684 4358 3730 4411 vi

2149 4464 2377 4509 externa
2396 4460 2725 4506 tutarentur.
2748 4450 2952 4504 Laberis
2978 4448 3190 4502 scilicet
3217 4436 3476 4503 audiebat
3500 4448 3731 4519 ﬂagrans

2081 4524 2121 4578 θ
2160 4548 2239 4601 ira
2280 4549 2516 4617 populus
2552 4545 2743 4599 eadem
2781 4560 2901 4610 qua-
2934 4543 3163 4596 sentiret
3192 4543 3311 4609 ipse
3359 4558 3388 4595 ει
3426 4543 3729 4614 patriarcha

2156 4644 2285 4697 dici.
2324 4645 2441 4707 Quo
2484 4640 2574 4693 ille.
2616 4638 2683 4692 ad
2731 4652 2855 4691 eum
2915 4635 3217 4690 sedandum
3273 4647 3525 4705 prompte
3580 4646 3733 4693 nteus

2157 4745 2434 4790 momento
2470 4734 2679 4802 gratiae,
2711 4732 3110 4787 dissertissime
3139 4729 3427 4784 afﬁrmavit
3458 4748 3523 4786 ac
3545 4739 3732 4787 sant-te

2155 4828 2411 4900 promisit
2448 4827 2672 4880 omnino
2707 4834 3026 4879 curaturum
3071 4836 3131 4878 se
3164 4832 3222 4877 ut
3255 4825 3345 4879 isti
3383 4824 3523 4879 male
3552 4828 3733 4878 hacte-

2156 4938 2259 4977 nus
2293 4932 2455 4992 gestac
2483 4920 2798 4991 reipublicm
2828 4918 2969 4988 parti
2999 4917 3255 4987 protinus
3286 4926 3729 4973 succurreretur.

2153 5014 2259 5070 Pro
2304 5023 2456 5068 certo
2505 5014 2673 5083 igitur
2712 5015 2977 5077 haberent
3009 5013 3232 5066 visuros
3267 5026 3327 5067 se
3376 5011 3523 5065 brevi
3559 5025 3731 5064 arma-

2155 5121 2265 5163 tam
2304 5106 2608 5163 Romanam
2639 5106 2797 5177 532
2825 5108 3092 5169 classem;
3132 5120 3295 5177 quam
3320 5106 3481 5159 etiam
3518 5105 3655 5175 ipse,
3684 5103 3729 5159 si

2158 5215 2304 5258 esset
2351 5218 2513 5273 opus,
2550 5202 2801 5258 alacriter
2834 5200 3250 5264 conscenderet,
3278 5200 3608 5268 duceretque
3633 5197 3729 5252 ad-

2160 5311 2352 5350 versus
2401 5294 2721 5349 infestantes
2764 5307 2915 5347 mare
2964 5293 3272 5347 Romanum
3327 5293 3533 5347 hostes.
3590 5289 3726 5357 Quin

2160 5390 2297 5443 adeo
2332 5392 2444 5458 jam
2493 5404 2641 5441 nunc.
2678 5403 2800 5442 sese
2832 5386 3102 5457 proﬁcisci
3135 5386 3201 5440 ad
3239 5402 3360 5441 eam
3395 5401 3505 5440 rem
3534 5398 3731 5455 urgen-

2160 5483 2306 5542 dam,
2328 5482 2597 5550 istiusquc
2632 5482 2834 5548 negotii
2869 5480 3147 5551 adjutores
3176 5494 3473 5546 exposcere
3501 5489 3724 5546 quorum

2158 5576 2404 5630 eminere
2440 5575 2621 5627 studia
2672 5573 2904 5643 publicae
2955 5573 3151 5629 salutis
3205 5574 3259 5627 in
3314 5574 3429 5643 ipsa
3472 5583 3728 5627 concione

2160 5677 2431 5727 cerneret.
2476 5667 2569 5722 Sic
2622 5668 2735 5736 ipsa
2783 5670 2966 5736 capita
2996 5666 3284 5721 turbarum
3320 5680 3501 5720 secum
3548 5662 3726 5716 abiens

2162 5759 2407 5822 abduxit,
2440 5775 2549 5812 non
2588 5761 2850 5814 mediocri
2884 5776 2985 5815 nec
3021 5774 3048 5813 ιι
3088 5760 3260 5832 rigida
3292 5760 3411 5829 ejus
3444 5757 3622 5811 indole
3652 5756 3726 5806 ia-
3820 5749 3824 5753 ⁴

2161 5854 2265 5907 cite
2294 5852 2549 5922 sperabili
2585 5853 2819 5909 artiﬁcio
2856 5860 3044 5925 bratim
3074 5853 3220 5926 vulgi
3253 5869 3385 5909 sane
3410 5856 3459 5908 in
3491 5860 3722 5921 tempore
