3994 6226
207 267 300 331 585

1092 264 1193 326 DE
1231 261 1672 326 ANDRONILO
1712 261 2172 326 PALIEOLOGO
2212 262 2360 326 LIB.
2401 262 2505 325 Vl.

3327 260 3434 324 586

200 404 303 455 γιιν
348 383 482 438 κατὰ
510 380 607 454 τὴν
639 381 879 454 περαίαν
907 383 1024 446 τοῖς
1051 381 1420 446 Γεννουίταις,
1453 380 1557 434 οὐκ
1593 375 1740 453 εἶχον
1773 386 1814 442 Α
1847 397 2101 453 στρεφεν.
2137 382 2363 454 Ὠρμων
2398 381 2444 435 δ’
2475 380 2675 435 αὖτίκα
2710 379 2808 434 καὶ
2842 379 3033 441 ἄλλαις
3072 377 3274 440 οίκξαις
3308 380 3435 429 im-

198 480 295 534 ist
323 478 602 547 γενόμενοι
623 475 923 547 τιμωρεῖν’
977 474 1245 546 μαθόντες
1282 472 1343 527 δὲ
1375 472 1752 545 τηρουμένους

196 572 350 634 τινὰς,
398 573 456 623 ὲν
479 564 561 633 οἷς
588 570 616 621 ὁ
660 566 957 640 ἀμηραλῆς
998 565 1327 637 ἐπεφέρετο,
1357 565 1501 619 κατὰ
1521 566 1621 634 τὴν
1650 563 1747 619 τοῦ

196 664 376 731 παχέος
446 659 645 715 Ῥαοὺλ
704 659 904 728 οἰκίαν,
957 657 1289 732 παμπληθεὶ
1341 655 1751 730 συρρεύσαντες

197 752 452 825 ιμὸριθῶς
475 750 724 823 ἀπῄτουν
760 752 1029 816 ἐκείνους.
1091 751 1183 816 Ὠς
1202 750 1248 806 δ’
1279 750 1379 805 οὐκ
1407 746 1475 822 ἦν
1501 751 1748 811 ἐκείνους

192 849 248 902 ἐκ
284 845 374 901 τοῦ
412 847 588 918 ῥᾷστα
628 845 995 917 προδοθέντας
1029 846 1300 916 ἀναιρεῖν,
1354 843 1441 919 [Ρ.
1465 844 1594 918 570]
1638 844 1748 913 πῦρ

191 937 377 990 ἐνιᾶσιν
400 936 598 989 αὐτίκα
624 936 720 989 καὶ
746 928 928 988 οἰκίαν
959 933 1339 1004 πυρπολοῦσιν
1379 935 1621 999 ἐκείνην,
1654 934 1749 995 καὶ

192 1031 349 1085 πάντα
387 1046 444 1083 τε
500 1027 731 1099 τάκείνῃ
779 1026 1104 1099 διαφέρουσι
1153 1027 1251 1081 καὶ
1278 1028 1381 1080 οὐκ
1406 1026 1568 1094 ὀλίγα
1594 1028 1747 1083 δεινά

190 1123 316 1177 κατὰ
345 1122 445 1193 τὴν
493 1122 673 1176 οίκίαν
704 1119 813 1175 τῶν
840 1119 1176 1192 τολμώντων
1226 1118 1460 1189 ἐγίνετο.
1490 1121 1747 1175 Καταλα-

186 1235 294 1279 seu;
320 1215 374 1268 δὲ
417 1214 584 1287 μέχρι
618 1214 716 1269 καὶ
764 1214 933 1268 αὐτοῦ
978 1214 1212 1270 θανάτου
1241 1213 1488 1284 στερρῶς
1527 1215 1745 1285 ἀντεχοσ

187 1309 365 1374 μένους
403 1307 506 1361 σὺν
533 1306 717 1379 πολλῷ
760 1306 839 1379 τῷ
868 1307 1023 1379 πόνῳ
1074 1306 1194 1377 ἃμα
1230 1306 1333 1378 μὲν
1367 1306 1597 1377 σιδήρῳ,
1630 1306 1748 1376 ἅμα

184 1400 232 1453 δὲ
256 1402 344 1453 καὶ
370 1399 511 1470 πυρὶ
554 1399 908 1470 καθαιροῦσι.
947 1400 1181 1473 μηδενὸς
1237 1400 1351 1454 οἴου
1386 1402 1433 1454 τ’
1460 1400 1614 1464 ὄντος
1644 1400 1747 1472 τὴν

183 1493 343 1563 ὁρμὴν
365 1495 590 1564 ιπέχειν
605 1494 701 1547 τοῦ
727 1493 989 1564 πλήθους.
1026 1493 1138 1547 Καὶ
1170 1494 1283 1566 γὰρ
1304 1495 1398 1548 καὶ
1419 1496 1447 1548 ὁ
1473 1509 1746 1564 πατριαρ-

182 1586 340 1657 χεύων
378 1587 617 1650 ἐπιστὰς
653 1586 839 1655 λόγοις
873 1587 1279 1659 μειλικτηρίοις
1331 1590 1596 1658 ἐπειρᾶτο
1645 1588 1746 1659 τὴν

1853 478 2079 546 χειρεῖν,
2108 476 2204 530 καὶ
2230 477 2468 547 μάλιστα
2488 475 2857 546 μεγιστάνων,
2885 477 2998 537 τοῖς
3018 473 3434 543 δημαγωγικοῑς

1851 568 2034 637 λόγοις
2085 570 2195 624 τῶν
2230 571 2572 625 ἐπιστάντων
2603 571 2699 625 καὶ
2737 568 2939 640 μᾶλλον
2974 564 3433 638 παρακροτοὺμε-

1852 678 1952 715 νοι.
1976 662 2087 715 Καὶ
2116 663 2271 734 παρὰ
2297 664 2397 736 τὴν
2446 663 2556 717 τῶν
2587 661 2918 716 Κατελάνων
2955 662 3140 714 αἰτίαν
3162 659 3238 722 ὡς
3269 658 3432 729 δῆθεν

1852 753 1912 805 ὲν
1942 753 2134 818 αὐταῖς
2166 756 2587 826 κρυπτομένων,
2642 756 2891 827 ἐχείρουν
2923 754 3017 808 καὶ
3046 747 3129 816 οἷς
3160 754 3250 823 ἄρ’
3285 747 3434 823 εἶχον

1850 846 1914 899 ἐκ
1943 864 2105 901 τινων
2143 850 2486 919 αίτιαμάτων
2523 850 2865 921 μέμφεσθαι.

1851 953 1954 1023 κζ’.
1987 960 2124 1027 Περὶ
2159 960 2279 1014 τῶν
2302 962 2370 1016 ἐκ
2402 964 2715 1043 Γεννούᾳς
2752 961 3061 1035 φανεισῶν
3088 959 3165 1028 ις’
3187 958 3439 1032 μακρῶν

2678 1052 2732 1088 ν.

2678 1052 2732 1088 ν.

1917 1118 2008 1191 μ’.
2045 1120 2196 1194 57η]
2256 1122 2376 1177 Κᾶν
2426 1124 2484 1179 τὸ
2523 1052 2696 1180 κζῗιῗν
2750 1113 2987 1197 προέϐη,
3024 1128 3071 1179 εί
3106 1125 3181 1199 μή
3213 1141 3274 1194 γε
3309 1134 3432 1178 κατ’
3500 1191 3502 1193 ν

1846 1212 2064 1283 ικείνην
2090 1212 2188 1284 τὴν
2213 1214 2386 1269 νύκτα
2420 1217 2485 1269 ἐκ
2516 1216 2785 1283 Γεννούας
2830 1219 3043 1288 μακραὶ
3078 1219 3204 1285 νῆες
3244 1216 3439 1270 ἐκκαί-

1847 1300 2003 1369 δεκα,
2043 1305 2366 1375 ἐμπορικῶν
2422 1308 2711 1379 ὲπίφορτοε
2763 1308 3239 1380 προσδοκώμεναι,
3282 1308 3435 1361 νότου

1849 1396 2112 1462 πεσόντος
2147 1398 2376 1470 μετρίου
2433 1403 2531 1454 καὶ
2590 1401 2745 1472 παρὰ
2796 1401 2889 1456 τὸν
2942 1402 3045 1471 τῆς
3102 1400 3440 1471 προσδοκίας

1848 1489 2048 1560 καιρὸν
2075 1492 2388 1560 ἐφίσταντο.
2427 1488 2534 1546 Ἦν
2563 1494 2662 1565 μὲν
2691 1488 2785 1547 οὖν
2823 1496 2937 1557 τοῖς
2967 1493 3306 1556 Κατελάνοις
3338 1496 3440 1546 καὶ

1859 1582 2264 1654 Ἀμογαϐάροις
2312 1586 2817 1657 ναυλοχησαμένοις
2872 1589 3014 1640 κατὰ
3073 1585 3135 1641 τὸ
3215 1585 3442 1655 Ῥήγιον

181 1678 340 1750 ὁρμὴν
405 1679 786 1748 ἀναστέλλειν,
840 1679 898 1744 ὃς
959 1681 1056 1735 καὶ
1104 1682 1205 1751 τὴν
1246 1682 1748 1750 παρακινδύνευσιν
1778 1704 1823 1760 Β
1851 1677 2211 1747 πραττόμενα
2236 1676 2301 1731 τὰ
2326 1678 2497 1742 δεινὰ,
2530 1681 2626 1735 καὶ
2650 1681 2726 1744 ὡς
2762 1681 2987 1752 φοὸεροὶ
3038 1681 3178 1734 κατά
3202 1680 3261 1732 τὸ
3292 1679 3442 1741 εἰκὸς

180 1774 546 1838 ὕποτοπάσας,
601 1773 782 1839 ἄλλως
835 1776 1027 1846 φανεὶς
1058 1776 1293 1840 ὲκείνοις
1322 1775 1401 1848 τῷ
1431 1774 1753 1844 καθυφεῖναι

180 1865 206 1935 ἢ
243 1867 313 1926 ὡς
361 1866 583 1920 οἴκοθεν
616 1866 805 1937 ὥρμα,
856 1867 1158 1921 καὶπολλὰ
1208 1867 1468 1941 ἐλπίζων,
1505 1868 1754 1922 καθυπε-

177 2058 470 2128 captandae.
527 2053 752 2110 lnterim
804 2052 1133 2110 Genuenses
1184 2054 1381 2111 orabat
1427 2051 1751 2125 imperator,

173 2148 565 2219 aliquotetiam
600 2162 955 2203 nummorum
990 2147 1162 2202 millia
1194 2146 1343 2207 ultro
1379 2146 1621 2219 largiens
1645 2186 1661 2211 ,
1693 2154 1754 2202 ut

173 2258 200 2296 e
229 2243 343 2297 suis
377 2239 489 2296 sibi
541 2239 837 2294 navarcbis
870 2238 937 2293 ad
972 2238 1025 2293 id
1069 2247 1258 2309 aptum
1310 2238 1549 2309 aliquem
1588 2239 1751 2311 classi

175 2331 432 2389 Romana
484 2332 895 2403 praeﬁciendum
952 2330 1174 2385 darent.
1238 2329 1535 2386 Multitudo
1586 2346 1753 2401 porro

169 2441 533 2484 convenarum
580 2432 787 2480 temere
818 2439 919 2495 per
950 2424 1141 2480 urbem
1196 2439 1424 2494 vagans,
1466 2438 1647 2479 causa;
1683 2438 1747 2479 ac

169 2520 397 2578 fortuna:
426 2521 692 2577 societate
730 2518 784 2574 ln
817 2532 988 2573 unum
1016 2526 1205 2574 coacta
1235 2526 1465 2585 cretum,
1498 2519 1751 2589 querulis

168 2633 221 2673 se
242 2627 464 2683 mutuo,
488 2624 549 2670 ut
574 2613 691 2670 ﬁeri
719 2613 882 2680 solet,
905 2611 1237 2670 incendebat
1266 2610 1521 2675 vocibus,
1546 2614 1753 2668 iterans

165 2724 281 2781 quat
310 2708 384 2764 de
408 2704 814 2762 vastationibus
837 2704 1126 2776 regionum
1152 2713 1306 2759 extra
1337 2704 1529 2760 urbem
1555 2705 1742 2774 gravia

166 2803 214 2858 in
274 2802 452 2858 horas
496 2809 553 2856 et
605 2799 943 2857 miserabilia
990 2798 1414 2855 nuntiabantur.
1464 2798 1752 2854 Addehsnt

170 2890 398 2961 quidam
435 2881 740 2962 provinciis
765 2890 993 2961 perditis
1025 2890 1305 2947 civitatem
1347 2905 1496 2946 nunc
1533 2892 1705 2960 ipsam
1732 2931 1749 2958 ,

168 2990 392 3044 unicum
425 2987 663 3043 cladium
696 2984 1032 3057 perfugium,
1067 3000 1236 3056 prope
1274 3000 1304 3038 ιι
1332 2986 1619 3040 dominatu
1648 2986 1750 3039 lto-

1857 1765 2086 1834 δοκοῖεν,
2117 1769 2286 1839 νήπια
2320 1771 2416 1841 μὲν
2444 1771 2502 1836 ἐξ
2524 1772 2839 1841 ἁφεδρῶνος
2862 1774 2918 1835 ἐς
2947 1772 3124 1842 στόμα
3148 1773 3263 1833 τοῖς
3286 1769 3437 1831 ἰδίοις

1859 1859 2084 1926 παλτοῖς
2145 1862 2532 1934 ἐμπείρουσιν,
2574 1863 2786 1935 ἀνδρῶν
2831 1864 2889 1920 δὲ
2918 1866 3042 1927 τοὺς
3089 1862 3190 1933 μὲν
3224 1877 3441 1930 πυρπο-

1856 2040 1964 2107 nis,
2013 2043 2184 2098 multa
2226 2057 2477 2115 sperans,
2523 2054 2577 2101 et
2622 2058 2811 2117 parata
2854 2061 2979 2119 quae
3016 2047 3229 2102 diceret
3270 2046 3439 2101 domo

1856 2132 2127 2200 aﬂ‘erens,
2174 2137 2348 2192 turba
2393 2152 2541 2193 nunc
2569 2154 2733 2208 quam
2780 2150 2940 2195 antea
2988 2140 3190 2196 serius
3230 2137 3437 2193 furenti

1858 2242 2031 2282 ausus
2065 2243 2388 2297 occurrere,
2425 2232 2652 2287 minime
2692 2232 2807 2303 jam
2850 2232 3219 2289 familiaribus
3250 2242 3440 2288 astan-

1859 2321 1991 2376 tium
2019 2324 2306 2380 obtutibus
2339 2326 2561 2383 territus
2592 2342 2655 2381 ac
2681 2328 2787 2382 sibi
2813 2328 2926 2383 vim
2968 2328 3067 2399 ipsi
3111 2328 3338 2394 timens,
3380 2330 3438 2386 in

1856 2414 2012 2473 lucro
2042 2419 2225 2487 posuit
2245 2420 2393 2489 quod
2422 2435 2451 2475 ιι
2480 2420 2633 2489 plebe
2669 2420 2781 2491 jam
2819 2422 3028 2477 imbuta
3053 2437 3253 2478 cruore
3285 2422 3437 2481 civili

1857 2508 2191 2567 incolumem
2222 2527 2537 2584 regressum
2571 2506 2894 2570 humillimis
2924 2516 3197 2572 eblandiri
3226 2519 3434 2575 valuis-

1856 2613 1939 2658 set
1963 2604 2267 2675 obsequiis.
2296 2604 2437 2660 liinc
2463 2606 2578 2675 jam
2606 2607 2682 2663 illi
2712 2608 2862 2663 velut
2894 2625 3074 2663 rerum
3103 2610 3245 2667 haud
3269 2610 3439 2668 dubie

1855 2703 2134 2766 potentes,
2191 2698 2547 2755 destinabant
2600 2700 2895 2771 direptioni
2938 2710 3110 2771 atque
3183 2702 3438 2759 incendio

1856 2788 1993 2843 alias
2023 2788 2240 2856 domos,
2274 2792 2583 2861 praesertim
2622 2808 2753 2848 vero
2786 2806 3120 2864 magnatum,
3151 2808 3309 2865 prout
3339 2810 3437 2853 eos

1854 2883 2057 2937 ducum
2093 2898 2347 2950 suorum,
2382 2885 2601 2939 cuidam
2636 2886 2928 2957 procerum
2964 2887 3317 2956 peculiariter
3346 2890 3436 2944 in-

1858 2976 2156 3031 videntium
2192 2986 2287 3032 aut
2319 2977 2425 3031 alia
2453 2976 2519 3033 de
2544 2992 2708 3033 causa
2735 2979 3107 3050 infensorum,
3143 2982 3435 3041 malitiosa

168 3082 337 3137 stium
368 3080 584 3137 abesse.
610 3079 669 3134 ln
687 3094 751 3135 ea
779 3073 1004 3150 impune
1032 3078 1264 3145 versari,
1292 3080 1640 3148 indulgenter
1671 3076 1756 3132 fo-
1785 3059 1826 3117 ο
1861 3069 2243 3142 instigatioues
2262 3071 2317 3124 in
2340 3085 2467 3125 eum
2493 3072 2869 3139 concitabant,
2887 3073 3046 3143 quasi
3076 3074 3194 3130 suis
3222 3078 3277 3132 ln
3304 3078 3439 3134 tedi-

170 3175 276 3231 veri
310 3172 637 3237 Catelanos,
669 3171 836 3228 etiam
866 3180 1157 3242 postquam
1190 3171 1243 3225 in
1269 3169 1519 3239 ﬂagranti
1543 3170 1754 3226 scelere

162 3267 521 3325 consiliorum
593 3256 973 3336 Opprimendae
1040 3263 1359 3334 reipublicae
1413 3264 1749 3334 deprehensi

162 3360 327 3417 modo
356 3359 493 3416 sint.
519 3356 671 3414 Haud
695 3374 839 3427 aegre
872 3359 1009 3413 hinc
1029 3358 1329 3414 deveutum
1360 3358 1430 3413 ad
1450 3359 1749 3415 vehemens

161 3453 507 3523 propositum
558 3447 1004 3505 ulciscendorum
1056 3464 1223 3503 manu
1269 3449 1611 3504 nefariorum
1648 3449 1748 3506 lto-

160 3543 327 3596 stium
367 3541 638 3609 urbisque
670 3538 891 3595 funesta
921 3538 1234 3595 colluvione
1257 3541 1576 3611 purgandae.
1606 3540 1743 3596 Cum

162 3645 345 3689 autem
386 3630 776 3687 Catelanorum
811 3629 1109 3701 plerosque
1142 3640 1426 3701 receptum
1465 3631 1611 3702 apud
1644 3632 1780 3689 Pen

159 3742 326 3801 rasam
368 3726 515 3780 inter
538 3724 862 3782 Genuenses
896 3724 1166 3797 quasisse
1188 3736 1610 3795 cognoscerent,
1636 3724 1753 3783 illic

162 3834 311 3881 tutos
337 3840 367 3876 a
406 3822 587 3893 plebis
614 3820 1246 3890 Constantinopolitanae
1280 3820 1355 3886 vi,
1381 3830 1439 3874 at
1466 3834 1563 3876 eos
1598 3824 1749 3876 eerte

165 3923 257 3989 qui
288 3914 495 3973 servati
536 3916 681 3970 intra
713 3915 906 3970 urbem
938 3912 1183 3984 contigui
1218 3911 1339 3968 suis
1380 3912 1504 3967 telis
1540 3920 1748 3977 essent,

170 4012 313 4065 haud
346 4008 557 4064 inultos
593 4006 956 4062 dimittendos
991 4014 1331 4062 statuerunt.
1368 4002 1482 4061 Hoc
1525 4006 1752 4076 impulsi

168 4104 357 4159 furore
403 4115 572 4155 manu
607 4116 803 4170 magna
851 4099 998 4154 facta
1049 4100 1198 4155 aedes
1243 4100 1516 4157 invadunt
1562 4098 1754 4155 Baulis

166 4194 374 4263 Crassi,
411 4194 502 4249 ubi
536 4195 683 4265 apud
720 4208 974 4248 socerum
1018 4192 1289 4248 amerales
1317 4194 1582 4248 custodiri
1611 4192 1751 4250 iere-

166 4291 351 4345 batur.
387 4289 448 4345 In
494 4304 616 4344 eam
658 4301 892 4342 nurnero
933 4286 1213 4353 maximo,
1248 4284 1639 4342 vociferatione
1684 4301 1750 4344 ac

167 4387 368 4454 impetu
411 4383 648 4439 vesanis
679 4380 1050 4450 irrumpentes
1077 4378 1328 4445 domum,
1374 4377 1499 4435 dedi
1533 4379 1639 4436 sibi
1666 4380 1750 4435 las

1858 3165 1964 3222 bus
1993 3165 2283 3221 Catelanos
2312 3165 2716 3234 occultantem;
2745 3181 2979 3238 quarum
3015 3169 3269 3227 videlicet
3294 3188 3438 3244 prte-

1859 3271 2010 3318 testu
2046 3263 2499 3328 scrutandarum,
2531 3263 2599 3317 ad
2631 3278 2727 3320 eas
2754 3262 2953 3320 deinde
2987 3265 3343 3334 diripiendas,
3373 3284 3438 3326 ac

1855 3354 1902 3409 si
1936 3355 2101 3411 ferret
2124 3359 2381 3427 impetus,
2414 3373 2538 3412 ιιιοι
2593 3356 2965 3412 incendendas
3004 3360 3322 3416 occasionis
3356 3361 3439 3416 fac

1840 3447 2085 3515 -ci|itate,
2113 3449 2311 3519 praedm
2331 3449 2584 3519 pellacia,
2610 3451 2910 3505 securitate
2938 3450 3281 3521 impunitatis
3317 3453 3439 3511 elle-

1856 3547 1973 3594 rata
2003 3539 2153 3611 plebs
2184 3540 2581 3611 impelleretur.

1852 3655 1947 3713 27.
1993 3655 2074 3711 De
2110 3658 2489 3727 apparentibus
2529 3674 2556 3712 e
2590 3657 2772 3713 Genua
2808 3662 3087 3729 sexdecim
3124 3661 3293 3733 longis
3336 3680 3438 3719 na-

2559 3732 2727 3786 uibus.

1854 3806 1861 3813 ’
1928 3820 1995 3875 Et
2030 3824 2396 3894 processisset
2423 3824 2477 3877 in
2505 3824 2801 3879 maximam
2844 3825 3146 3895 perniciem
3172 3827 3435 3885 inchoata

1851 3923 1907 3971 et
1960 3922 2243 3971 auctorata
2274 3932 2534 3972 successu
2584 3920 2764 3987 primo
2821 3934 3037 3974 vaesana
3071 3921 3292 3977 licentia
3325 3924 3428 3978 do-

1856 4026 2045 4067 muum
2094 4014 2610 4085 expugnandarum,
2655 4015 2712 4069 ni
2761 4025 2990 4086 repente
3020 4033 3160 4072 nova
3197 4036 3283 4075 res
3334 4036 3434 4090 ap-

1854 4122 2058 4177 parens
2108 4107 2354 4163 civitatis
2390 4107 2661 4163 universae
2714 4109 3002 4180 ipsiusque
3030 4112 3295 4167 concitati
3330 4128 3430 4183 po-

1852 4201 1970 4273 puli
1999 4201 2473 4272 exspectationem
2503 4210 2560 4257 et
2591 4203 2959 4271 cogitationes
2988 4204 3042 4258 in
3066 4220 3125 4260 se
3152 4206 3430 4262 vertisset.

1851 4293 1946 4349 llla
1995 4294 2258 4349 nimirum
2297 4295 2415 4363 ipsa
2467 4301 2630 4361 nocte
2682 4295 2735 4348 in
2777 4304 3135 4363 conspectum
3179 4297 3337 4352 urbis
3376 4313 3436 4354 se

1854 4385 2123 4441 dederunt
2156 4385 2396 4441 sedecim
2437 4400 2607 4441 naves
2653 4386 2825 4455 longas
2856 4393 3072 4444 onusta:
3102 4388 3379 4445 mercibus
3405 4406 3436 4446 e

169 4487 347 4534 tentes
392 4475 512 4533 illic
566 4473 860 4532 Catelanos
909 4472 1185 4546 ﬂagitant.
1225 4473 1465 4546 Moxque
1515 4475 1749 4533 incertis
1780 4457 1827 4513 Ῑ)
1856 4479 2069 4545 Genua,
2100 4488 2425 4549 exspectatas
2450 4479 2556 4534 illa:
2588 4479 2834 4549 quidem,
2876 4480 2971 4535 sed
3002 4480 3438 4540 beneﬂcio-lenis

171 4570 383 4628 consilii
419 4568 745 4626 domesticis
772 4567 923 4624 haud
953 4579 1039 4624 sat
1068 4572 1183 4625 cito
1213 4570 1634 4636 expedientibus
1666 4587 1756 4629 re-
1858 4576 2033 4631 austri
2090 4576 2254 4630 citius
2302 4590 2467 4645 quam
2522 4577 2852 4645 sperabatur
2902 4576 3260 4645 appellentes.
3322 4578 3435 4635 Sub

169 4679 452 4735 sponsum,
480 4673 579 4719 aut
628 4663 815 4734 potius
848 4662 991 4731 quod
1024 4663 1402 4731 imperabatur
1436 4679 1750 4735 exsequen-

166 4759 329 4824 tibus,
360 4759 493 4829 igne
521 4758 685 4813 tectis
715 4754 970 4821 subiecto
1008 4756 1348 4811 domicitium
1402 4756 1455 4813 id
1488 4766 1660 4814 totum
1692 4760 1748 4815 in

167 4852 400 4907 cinerem
430 4851 711 4921 redigunt,
754 4848 967 4912 multis,
1013 4848 1232 4903 interim
1257 4851 1386 4904 dum
1421 4850 1739 4907 incendium

168 4956 465 5016 grassatur,
498 4944 846 5000 crudelitatis
886 4954 941 5000 et
975 4944 1220 4999 avaritia:
1252 4946 1305 5000 in
1338 4946 1743 5017 direptionibus

176 5054 346 5096 rerum
386 5048 441 5095 et
470 5040 734 5095 resistere
754 5053 1016 5094 ausorum
1042 5039 1193 5109 gravi
1229 5040 1550 5097 multatione
1582 5040 1742 5096 fami-

174 5130 379 5187 liarium
410 5132 577 5188 editis
613 5133 900 5203 exemplis.
940 5132 999 5187 ln
1045 5133 1134 5188 bis
1179 5131 1427 5188 Catelani
1479 5136 1602 5191 sine
1645 5150 1743 5206 spe

172 5225 339 5282 venia
393 5241 493 5296 pro
556 5226 737 5295 capite
781 5226 1182 5295 atqueanima
1235 5237 1545 5297 pugnantes
1596 5227 1743 5283 haud

178 5317 327 5375 inulti
359 5318 517 5391 533
548 5319 892 5383 ceciderunt,
927 5320 1126 5388 partim
1168 5319 1315 5375 ferro
1346 5324 1544 5390 partim
1578 5319 1739 5375 ﬂant-

175 5428 277 5482 ma,
315 5429 344 5468 a
390 5428 607 5471 summa
641 5412 691 5467 vi
737 5413 1126 5468 annitentibus
1160 5414 1443 5469 seditiosis
1498 5416 1739 5487 denique

179 5508 498 5578 consumpti,
532 5506 751 5575 nemine
797 5505 910 5575 jam
945 5505 1185 5575 amplius
1227 5510 1505 5564 sustinere
1536 5521 1632 5562 aut
1665 5508 1741 5562 si-

181 5608 316 5652 stere
343 5600 446 5651 vim
470 5596 710 5652 εὕει-διε
741 5596 1110 5652 multitudinis
1139 5596 1373 5655 valente.
1400 5598 1536 5654 Nam
1560 5607 1617 5655 et
1642 5600 1748 5656 hoc.

181 5700 397 5745 conatus
431 5690 744 5761 patriarcha
798 5705 855 5745 re
906 5689 1111 5746 infecta
1150 5701 1377 5748 coactus
1411 5701 1498 5748 est
1538 5694 1741 5748 redire.

184 5774 374 5857 Nempe
399 5784 490 5842 ille
519 5798 797 5843 successu
826 5784 1092 5841 invitatus
1136 5789 1337 5855 prioris
1368 5801 1480 5843 suae
1522 5789 1746 5855 concio-

489 5883 767 5944 ΡΛτιιοι..
810 5882 926 5945 Gn.
960 5880 1055 5946 CX
1068 5885 1224 5949 LIV.

1856 4677 1982 4717 eum
2037 4664 2300 4733 temporis
2351 4663 2646 4719 articulum
2699 4662 2944 4719 Catelani
2992 4675 3047 4720 et
3102 4666 3436 4737 Amogabari

1855 4754 2063 4813 nostris
2094 4756 2443 4811 institoribus
2472 4756 2618 4823 apud
2650 4757 3021 4828 prepinquunt
3060 4758 3183 4812 urbi
3220 4760 3435 4825 navale,

1852 4846 2122 4918 Rhegium
2160 4851 2393 4913 dictum,
2422 4853 2803 4904 onerariarum
2842 4851 3147 4906 stationem
3170 4852 3432 4906 habenti-

1854 4944 1985 5006 bus.
2015 4960 2160 5000 saevo
2191 4945 2642 5015 supervenientes
2676 4946 2883 5013 impetu
2920 4955 2974 4998 et
2998 4946 3119 4999 loco
3154 4961 3218 4999 ac
3253 4946 3434 5015 praeda

1853 5035 1904 5085 vi
1938 5034 2121 5104 potiti,
2155 5050 2264 5103 quo
2292 5048 2559 5089 terrorem
2578 5036 2661 5090 sui
2698 5036 2811 5089 late
2843 5036 3056 5090 scilicet
3086 5047 3432 5107 spargerent,

1855 5129 1975 5185 dira
2000 5130 2343 5185 crudelitatis
2375 5130 2669 5201 plusquam
2710 5131 2924 5184 hostilis
2952 5131 3199 5201 exempla
3237 5132 3429 5187 edide-

1859 5230 2010 5277 ruttt.
2060 5220 2332 5277 Parvulos
2368 5224 2513 5277 enim
2581 5224 2693 5277 illic
2755 5231 3004 5293 repertos
3055 5224 3287 5292 tragulis
3339 5238 3437 5294 per
3512 5240 3517 5247 '

1858 5315 2110 5386 podicem
2145 5316 2196 5369 in
2232 5332 2294 5371 os
2336 5317 2602 5372 immissis
2645 5317 2793 5371 velut
2828 5332 2959 5370 veru
3008 5303 3434 5384 transﬁxeran’t;

1853 5412 2160 5467 adultiores
2212 5422 2416 5477 autem,
2449 5410 2611 5483 534
2646 5410 2734 5466 ubi
2780 5412 2935 5481 prius
2970 5419 3261 5481 coegerant
3302 5427 3436 5482 pro-

1856 5504 1989 5574 priis
2024 5503 2267 5557 humeris
2299 5519 2387 5557 res
2422 5505 2662 5573 ipsorum
2697 5501 2842 5558 ferre
2876 5518 2988 5573 quo
3017 5518 3173 5558 suam
3203 5504 3433 5575 congeri

1856 5597 2094 5666 praedam
2147 5597 2247 5651 feri
2298 5596 2538 5650 latrones
2570 5597 2845 5659 volebant,
2876 5598 3076 5652 deinde
3123 5598 3436 5653 immaniter

1857 5689 2287 5754 trucidaverant,
2325 5702 2632 5759 moturaque
2661 5689 2747 5743 his
2780 5699 3149 5744 consentanea
3184 5691 3433 5744 fecerant

1854 5785 2128 5842 barbaria:
2181 5782 2417 5839 furorem
2470 5784 2652 5841 Omnis
2701 5786 2860 5856 longe
2908 5793 3204 5853 superante
3245 5781 3430 5854 Stygia

2926 5880 2999 5942 19
