3990 6228
508 269 611 335 591

1726 267 2057 330 GEORGII
2100 264 2587 328 PACHYMERIE
2657 288 2661 293 ο

3666 265 3765 331 592

513 390 614 461 μὲν
642 385 903 459 ἀμηραλῇ
944 384 1037 441 τδν
1081 383 1249 439 τόπον
1289 384 1683 457 άπεχαρίζετο,
1718 386 1847 449 τοὺς
1875 383 1933 438 δὲ
1961 400 2092 454 φρε-
2122 391 2169 448 Α
2198 380 2362 447 θεῖεν,
2395 380 2626 453 μηδενὸς
2678 379 2738 433 τὸ
2789 377 3055 449 παράπαν
3119 377 3550 450 ἐσκυλευμένου,
3575 382 3696 445 τοὺς
3728 381 3773 434 δ’

512 485 664 558 ρίους
715 482 892 550 ἀξίοις
940 482 1333 553 άποτιμήμασι
1378 478 1707 553 θεραπεύειν
1750 481 1956 552 ᾑρεῖτο,
1987 477 2090 534 κᾶν

509 578 665 631 αὐτοὶ
718 575 780 629 τὺ
814 574 1080 644 παράπαν
1129 572 1570 641 ἀποστυγοῦντες
1614 571 1710 627 τοῦ
1750 576 1823 643 μὴ
1858 572 2093 643 μεταπί-

511 678 672 725 πτειν
725 670 981 740 προεῖντο
1030 667 1127 720 καὶ
1166 665 1265 736 τὴν
1316 664 1487 737 ζωήν.
1522 665 1670 735 Πλὴν
1701 664 1749 720 δ’
1777 665 1877 736 οὐχ
1906 659 2011 720 οἷοί
2042 666 2091 720 τ’

510 764 665 826 ὄντες
688 763 825 833 πρὸς
863 760 1155 833 βασιλικὰς
1197 761 1444 831 ἀντέχειν
1478 758 1765 826 διαταγὰς,
1804 759 1943 831 πρὸς
1998 759 2095 829 μό-

514 878 605 915 νον
650 860 715 913 τδ
768 858 998 922 εὑλαδὶς
1050 857 1179 927 περὶ
1216 857 1285 910 τὰ
1339 855 1460 909 θεῖα
1508 853 1603 907 τοῦ
1654 854 2094 924 προστάσσοντος

512 954 806 1026 ἀφεώρων.
832 954 942 1008 Καὶ
965 952 1088 1023 ἱερὰ
1114 950 1215 1022 μὲν
1238 951 1426 1003 ἐκεῖνα
1446 949 1540 1003 καὶ
1568 947 1750 1003 πᾶσαν
1780 946 1879 1017 τὴν
1911 943 2119 1000 αὐτῶν

515 1049 840 1121 ἑτοιμασίαν
889 1046 1234 1117 ἀμετάθετον
1286 1043 1559 1109 είακότες,
1601 1025 1755 1096 οὐδὲν
1800 1036 1964 1115 ἦττον
2000 1042 2097 1093 καὶ

517 1142 781 1215 περὶτῶν
810 1140 1016 1195 λοιπῶν
1049 1138 1194 1193 οὕτω
1214 1134 1551 1201 διατεθέντες
1575 1134 1652 1200 ὡς
1685 1134 1853 1207 μηδὲν
1883 1132 2096 1187 ἐκεῖθεν

517 1237 626 1290 τῶν
658 1235 756 1290 τοῦ
796 1235 926 1289 ναοῦ
960 1220 1299 1304 μεταθεῖναὶ,
1336 1230 1576 1302 ἠμέλουν
1610 1229 1685 1295 ὼς
1716 1228 1791 1300 μὴ
1824 1228 1891 1282 ἂν
1929 1242 2093 1298 μετα-

519 1331 861 1402 θησομένων,
892 1329 965 1393 tit;
1002 1346 1066 1398 γε
1102 1332 1242 1398 σφᾶς
1263 1326 1502 1382 οἴεσθαι.
1549 1326 1707 1379 Ἐπεὶ
1732 1326 1788 1380 δὲ
1820 1326 1915 1378 καὶ
1937 1322 2098 1388 αὖθις

521 1428 549 1478 ὁ
581 1425 805 1496 κρατῶν
838 1426 1139 1495 ἠνωχλεῖτο
1173 1429 1269 1476 καὶ
1306 1419 1687 1493 ἀπαραίτητον
1720 1418 1968 1472 κατενόει
1998 1416 2099 1487 τὴν

523 1518 669 1589 βίαν,
700 1517 926 1589 πέμψας
958 1518 1037 1587 τῷ
1064 1516 1173 1569 τῶν
1216 1517 1456 1569 Πισαίων
1492 1514 1708 1584 ὲξάρχῳ
1762 1513 2099 1584 προστάσσει

522 1615 586 1665 ὲκ
624 1612 884 1679 γειτόνων
913 1609 1027 1661 ὄντι
1056 1606 1566 1681 συμπαραλαϐόντα
1606 1604 1735 1667 τοὺς
1766 1605 1823 1658 ὲν
1856 1601 1936 1673 τῷ
1975 1599 2097 1654 καθ’

526 1703 674 1774 ίεροῦ
708 1702 799 1755 τοῦ
838 1699 1139 1756 ἀποστόλου
1160 1697 1369 1767 Πέτρου
1396 1696 1563 1767 ἱερεῖς
1589 1693 1676 1767 [Ρ.
1712 1690 1842 1764 574]
1876 1691 2102 1760 ἐπιστῆ-

2202 475 2369 548 ίερετς
2398 474 2646 539 εὐλαϐῶς
2666 472 3038 536 ἀναλαϐόντας
3059 472 3218 528 τάκεῖ
3240 475 3471 543 κείμενα
3495 474 3554 527 ὲν
3582 472 3661 543 τῷ
3681 470 3775 528 τοῦ

2200 570 2504 641 κορυφαίου
2546 568 2655 622 τῶν
2704 566 3027 621 ἀποστόλων
3067 564 3389 635 μεταθεῖναι
3423 566 3558 636 ναῷ.
3604 564 3691 630 Ὠς
3722 564 3777 623 δὲ

2199 656 2393 728 γέγονε
2442 657 2618 713 ταῦτα
2667 661 2763 711 καὶ
2815 655 3069 727 ἐπράχθη
3122 655 3295 726 ἡτῶν
3330 656 3491 725 ἱερῶν
3539 656 3631 709 καὶ
3666 655 3775 708 τῶν

2200 750 2376 807 ἄλλων
2412 751 2725 821 μετάθεσις,
2762 750 2814 804 oi
2840 750 3057 822 φρέριοι
3093 748 3259 819 μηδὲν
3288 748 3506 820 ἔχοντες
3534 749 3561 802 ὃ
3586 766 3638 801 τι
3670 749 3779 810 τοῖς

2201 844 2383 909 ἄλλοις
2414 850 2741 917 χρήσαιντο,
2784 845 2923 915 πρὸς
2971 845 3066 898 τὸν
3096 844 3400 898 ἐπιστάντα
3432 844 3491 896 τὸ
3535 844 3643 895 πᾶν
3686 841 3782 907 τῆς

2202 936 2375 1007 ὀργῆς
2434 937 2747 1004 ὲξεκένουν,
2807 936 2903 988 καὶ
2954 934 3255 990 ἀνεκάλουν
3305 934 3440 1006 πρὸς
3470 933 3785 997 Γεννουῑτας

2207 1032 2350 1085 κατὰ
2384 1029 2485 1100 τὴν
2546 1028 2813 1101 Περαίαν,
2867 1030 2959 1081 καὶ
3014 1027 3203 1098 ⁴ίχξίουν
3234 1028 3328 1081 τὸν
3370 1026 3785 1096 καταφρονητὴν

2217 1122 2559 1192 ἀμύνασθαι.
2617 1122 2728 1175 Καὶ
2784 1122 2812 1173 ὁ
2856 1121 3212 1190 ὲξουσιαστὴς
3262 1119 3513 1185 ἐκείνων,
3562 1118 3661 1188 τὴν
3699 1117 3785 1169 ἐπὶ

2205 1217 2419 1279 τούτοις
2462 1216 2685 1286 ἄμυναν
2725 1212 2833 1267 τῶν
2872 1212 3054 1267 καλῶν
3104 1214 3483 1283 ἡγησάμενος,
3514 1210 3787 1279 ἐκπέμπει

2206 1308 2392 1382 κρύφα
2443 1308 2571 1371 τοὺς
2626 1308 2836 1360 ἐκεῖνον
2896 1306 3068 1387 ὲγγὺς
3117 1304 3353 1357 θανάτου
3423 1304 3786 1373 ποιήσοντας·

2207 1405 2427 1459 κτανεῖν
2479 1402 2586 1471 γάρ
2642 1403 2744 1456 οὐκ
2799 1400 3091 1466 ἐδικαίουν,
3142 1399 3281 1454 ἀλλὰ
3320 1397 3561 1463 σπάθαις
3594 1398 3789 1463 στίξειν

2208 1500 2474 1568 ὲσχάτως.
2524 1494 2977 1567 Ἐνεδρεύσαντες
3005 1495 3187 1548 τοίνυν
3222 1492 3559 1563 ἐξεπλήρουν
3602 1492 3668 1544 τὰ
3698 1488 3788 1544 τοῦ

2209 1588 2600 1662 βουλεύματος,
2634 1587 2728 1641 καὶ
2752 1586 2976 1649 πολλαῖς
3006 1587 3096 1639 τὸν
3119 1585 3407 1657 ἄνθρωπον
3426 1582 3786 1638 ἐπεισπεσόν-

2208 1699 2300 1747 τες
2338 1685 2403 1735 Ex.
2452 1680 2548 1735 τοῦ
2605 1678 2868 1750 αίφνηδδν
2898 1678 3184 1750 ᾐκίσαντο,
3240 1677 3313 1741 ὡς
3370 1676 3619 1746 φοράδην
3656 1676 3789 1765 οἴκοι

523 1763 613 1851 ναι
642 1793 721 1867 τῷ
757 1796 928 1865 τόπῳ,
955 1792 1050 1846 καί
1077 1808 1139 1861 γε
1158 1763 1288 1853 τοὺς
1312 1789 1413 1859 μὲν
1449 1763 1772 1859 περὶ-αὺτὸν
1796 1763 1855 1838 ὲν
1882 1780 2101 1848 ἀξιοπί-
2129 1769 2178 1831 Β
2208 1773 2364 1867 μᾉόλις
2384 1770 2776 1867 πιστευόμενον
2808 1767 2909 1839 ζῇν
2936 1768 3274 1867 ἀπαχθῆναι·
3330 1765 3505 1818 Τοῦτο
3546 1763 3793 1867 ﬂectitis-

527 1905 678 1953 στοις
710 1886 972 1958 τετάχθαι
999 1889 1268 1957 μάρτυσιν
1299 1882 1376 1948 ὦς
1416 1882 1468 1936 θ’
1496 1880 1712 1953 εὕροιεν
1743 1880 1838 1934 καὶ⁵
1864 1877 1903 1933 ἃ.
1939 1893 2107 1947 μετα-

528 2072 695 2140 nique
727 2080 959 2137 corpora
986 2064 1433 2121 Christianorum
1494 2058 1888 2116 defunctorum
1942 2057 2109 2128 depo-

530 2164 634 2219 sita
673 2164 727 2217 in
751 2160 1096 2229 sepulturam
1121 2160 1256 2221 sint,
1285 2154 1553 2211 resecrari
1577 2166 1773 2206 rursus
1797 2150 2112 2219 mutarique

532 2259 588 2311 in
624 2256 850 2327 vulgare
880 2250 1275 2308 diversorium.
1315 2250 1495 2318 Atque
1528 2247 1644 2327 haec
1669 2259 1789 2315 quae
1813 2258 1843 2298 a
1894 2241 2112 2297 nemine

532 2324 760 2423 possent
800 2348 943 2413 ﬁeri,
970 2327 1199 2401 minime
1233 2331 1457 2399 aiebant
1488 2324 1786 2398 convenire
1809 2338 1879 2392 ab
1906 2338 1976 2392 iis
2024 2341 2112 2389 at-

533 2443 733 2501 tentari
758 2442 851 2513 qui
882 2441 1125 2497 studium
1158 2436 1462 2495 ferventius
1502 2450 1631 2507 erga
1672 2447 1761 2487 res
1796 2430 1962 2486 divini
1991 2428 2115 2484 cul-

533 2546 625 2595 tus
653 2536 1067 2609 proﬁterentur.
1130 2530 1283 2586 Talia
1325 2528 1402 2584 illi
1428 2526 1733 2598 quamlibet
1791 2533 2115 2580 constanter

533 2630 901 2688 obtendentcs
933 2626 1071 2681 nihil
1102 2624 1360 2696 agebant,
1411 2620 1604 2690 utique
1633 2618 1778 2689 apud
1812 2616 2111 2682 hominem,

533 2724 717 2794 qualis
754 2730 875 2778 erat
900 2719 1242 2791 patriarcha.
1274 2712 1714 2771 irrevocabiliter
1767 2726 1878 2781 quo
1934 2709 2116 2764 inten-

534 2817 710 2874 disset
757 2827 920 2869 ruere
979 2796 1229 2866 solitum.
1283 2805 1427 2877 Ergo
1463 2806 1509 2859 is
1566 2798 1942 2875 prmjudicatis
1999 2800 2117 2857 Suis

536 2908 833 2979 indulgens
894 2904 1211 2969 affectibus,
1256 2911 1310 2956 et
1354 2914 1654 2970 persuasus
1706 2898 1825 2952 zelo
1875 2896 1969 2951 illo
2008 2910 2119 2966 quo

529 3005 820 3061 ferebatur
869 3008 1081 3058 exactae
1143 2998 1450 3068 religionis,
1508 2995 1709 3063 debere
1771 3006 1832 3049 se
1892 2991 2120 3046 omnino

2210 1865 2289 1929 είς
2323 1862 2518 1917 ἑαυτὸν
2564 1860 2855 1932 ἀναφέρων
2901 1861 3013 1913 ἀπὸ
3070 1857 3372 1930 προσώπου
3420 1859 3467 1910 τ’
3498 1856 3673 1910 ἐποίει
3707 1854 3789 1907 τὸν

2170 2086 2175 2091 ‘
2213 2074 2305 2129 tali
2336 2072 2571 2136 ﬁduciae,
2607 2068 2757 2125 vasis
2786 2069 2965 2123 sacris
2999 2084 3062 2122 ac
3090 2066 3340 2122 vestibus
3370 2065 3549 2136 palam
3585 2064 3639 2119 in
3672 2077 3790 2134 pro-

2215 2165 2404 2237 patulo
2429 2162 2640 2217 relictis
2673 2159 3000 2224 assidentes,
3027 2165 3087 2213 ut
3115 2158 3252 2213 nihil
3286 2158 3470 2212 minus
3495 2170 3658 2225 quam
3692 2159 3788 2209 vim

2214 2260 2283 2313 ab
2348 2255 2725 2328 imperatoriis
2780 2254 3051 2310 ministris
3102 2252 3403 2307 formidare
3463 2252 3789 2307 viderentur.

2216 2351 2438 2408 Interim
2470 2350 2560 2422 qui
2590 2350 2759 2407 semel
2786 2348 3167 2404 Andronicum
3206 2350 3273 2401 ad
3307 2345 3359 2400 id
3395 2346 3675 2417 negotium
3707 2359 3790 2399 ca.

2217 2444 2546 2515 pessendum
2582 2442 2938 2513 impulerant,
2990 2456 3097 2495 non
3144 2439 3481 2494 desistentes
3539 2438 3711 2493 eidem
3740 2443 3796 2489 ut

2216 2542 2458 2607 emptum
2484 2534 2795 2591 absolveret
2823 2535 3056 2599 instare,
3086 2546 3150 2587 eo
3173 2532 3416 2601 denique
3445 2532 3797 2602 perpulerunt

2219 2634 2551 2704 principem,
2585 2631 2732 2686 clare
2756 2632 2869 2700 jam
2903 2629 3181 2683 videntem
3233 2642 3520 2697 nunquam
3580 2626 3793 2681 Latinus

2220 2724 2521 2780 monachos
2576 2723 2887 2778 voluntarie
2936 2736 3238 2787 cessuros,
3306 2736 3411 2777 nec
3454 2721 3644 2792 perﬁci
3692 2734 3793 2775 rem

2220 2819 2360 2875 citra
2401 2810 2511 2872 vim
2546 2833 2733 2887 posse,
2765 2825 2822 2870 ut
2852 2816 3179 2872 Pisanorum
3223 2815 3493 2879 erarcho.
3534 2813 3677 2870 mdes
3724 2814 3799 2867 in—

2219 2905 2425 2968 colenti
2453 2911 2661 2966 vicinas
2687 2908 3014 2964 Latinorum
3066 2907 3441 2975 monasterio,
3496 2907 3793 2963 mandatum

2221 3005 2436 3061 dederit
2469 3014 2785 3074 assumptos
2809 3019 2837 3057 e
2865 3002 3068 3073 templo
3092 3012 3146 3057 et
3173 3003 3300 3072 ipso
3330 3000 3643 3072 prepinquo
3683 3013 3799 3055 san-

536 3101 980 3167 qualemcunque
1027 3093 1230 3158 aliam,
1266 3088 1505 3144 maxime
1539 3095 1724 3141 autem
1768 3082 2042 3146 Latinam,
2088 3094 2112 3133 a

2224 3098 2295 3152 cti
2346 3096 2491 3153 Petri
2527 3095 2759 3167 apostoli
2816 3094 3138 3150 sacerdotes
3171 3092 3398 3150 Graecos
3452 3094 3507 3149 in
3550 3093 3795 3165 templum

538 3193 711 3247 libero
736 3186 1021 3253 exercitio,
1042 3186 1096 3238 in
1124 3184 1245 3236 loco
1271 3179 1576 3251 praesertim
1614 3187 1719 3229 tam
1750 3174 1973 3247 publico
2005 3188 2121 3227 me-

530 3284 772 3355 uopolis
807 3282 892 3339 sui
921 3278 1358 3350 patriarchatus,
1386 3272 1701 3343 prohibere,
1758 3270 1991 3337 urgebat
2028 3268 2119 3321 ni-

538 3380 651 3435 hilo
683 3374 970 3433 remissius
991 3371 1141 3444 qnod
1172 3374 1442 3439 cmperat,
1474 3375 1530 3420 et
1570 3380 1728 3435 Opem
1772 3361 2120 3434 imperatoris

533 3474 608 3531 ad
643 3467 1049 3542 perrumpenda
1078 3479 1203 3535 qua:
1242 3461 1461 3517 amoliri
1487 3474 1583 3528 per
1616 3473 1675 3512 se
1710 3458 1831 3527 ipse
1864 3454 2120 3524 nequiret

538 3562 827 3623 obstacula
897 3558 1251 3631 implorabat.
1296 3552 1580 3607 Pendehat
1641 3548 1997 3603 Andronicus
2049 3559 2117 3599 ex

537 3663 660 3734 ejus
698 3669 857 3724 nutu,
891 3671 994 3711 nec
1040 3666 1142 3709 suo
1204 3647 1534 3722 patriarchae
1586 3659 1686 3716 pro
1736 3643 1855 3698 viro
1906 3639 2119 3696 eximia:

539 3733 847 3812 sanctitatis
875 3748 1177 3821 gratiaeque
1202 3744 1345 3813 apud
1382 3744 1548 3797 Deum
1584 3736 1836 3792 maximae
1864 3749 1895 3789 a
1930 3750 1992 3790 se
2019 3733 2119 3785 du-

538 3855 668 3906 dum
696 3849 846 3904 culto
878 3857 1076 3913 negare
1101 3840 1401 3911 quidquam
1429 3837 1527 3889 au’t
1547 3840 1736 3889 contra
1766 3830 1980 3885 hiscere
2010 3826 2120 3881 ulla

541 3948 594 4002 in
630 3959 690 3999 re
724 3946 960 4012 poterat.
1014 3934 1199 4005 Itaque
1231 3931 1564 3986 amotionem
1622 3926 1747 3980 inde
1779 3923 2117 3988 Freriorum,

537 4050 703 4110 quam
739 4037 785 4087 is
814 4029 1090 4102 cupiebat,
1126 4027 1246 4097 ipse
1279 4022 1616 4080 auctoritate
1666 4018 1950 4074 mandavit
1996 4031 2118 4080 sua,

537 4109 658 4188 eam
689 4132 741 4184 in
775 4122 1135 4183 exsecutione
1173 4118 1444 4175 invidiosa
1478 4114 1911 4169 moderationem
1960 4109 2119 4165 adbi-

540 4226 698 4285 hens,
732 4219 917 4275 utloci
969 4214 1186 4286 quidem
1240 4226 1304 4266 ac
1328 4209 1430 4266 soli
1468 4207 1858 4278 preprietatem
1904 4201 2117 4257 Latinis

538 4311 806 4384 eripiendi
862 4306 1073 4363 homini
1140 4302 1335 4357 Latino
1403 4298 1744 4355 condonaret
1801 4296 2065 4350 Amerala:
2099 4334 2113 4359 ,

541 4406 746 4462 Freriis
778 4414 960 4458 autem
1004 4410 1279 4469 expensas
1304 4408 1444 4465 quas
1487 4393 1539 4446 in
1570 4391 1905 4460 emptionem
1941 4398 1993 4442 et
2020 4403 2116 4441 or-

2229 3190 2550 3244 Latinorum
2580 3188 2895 3252 inducendi,
2945 3188 3124 3259 iisque
3177 3186 3282 3243 loci
3319 3186 3697 3257 praefecturam
3745 3185 3793 3238 in

2232 3290 2551 3353 perpetuam
2640 3284 2905 3351 deinceps
2993 3279 3244 3335 tradendi
3355 3279 3795 3351 possessionem,

2229 3376 2409 3447 ipsum
2442 3376 2722 3446 imperans
2781 3374 2834 3427 in
2864 3387 3091 3429 censum
3126 3380 3383 3429 exactum
3437 3372 3667 3437 referre,
3702 3369 3796 3426 sub

2229 3469 2549 3525 testimonio
2596 3469 2702 3525 ﬁde
2753 3467 3041 3535 dignorum
3087 3464 3391 3532 hominum,
3457 3476 3564 3521 tam
3596 3481 3657 3519 ea
3688 3476 3795 3535 qua:

2228 3567 2503 3622 inveniret
2542 3566 2598 3620 in
2651 3565 2855 3635 templo
2887 3563 3240 3631 Latinorum,
3297 3577 3465 3634 quam
3501 3577 3623 3632 qua:
3684 3560 3798 3614 inde

2227 3661 2335 3715 alio
2368 3658 2715 3727 transferret,
2764 3658 3054 3730 diligenter
3105 3657 3351 3711 cavendo
3406 3671 3477 3711 ne
3510 3660 3791 3727 quisquam

2226 3761 2419 3802 eorum
2464 3760 2523 3801 re
2578 3748 2688 3800 ulla
2737 3760 2837 3801 sua
2895 3745 3289 3805 fraudaretur:
3343 3760 3541 3802 curare
3593 3758 3796 3816 quoque

2228 3845 2486 3908 praeterea
2520 3845 2579 3892 ut
2626 3851 2842 3893 sacram
2876 3852 3095 3893 omnem
3132 3838 3540 3909 supellectilem
3579 3841 3632 3894 in
3680 3836 3798 3892 Fre-

2232 3933 2439 3987 riorum
2479 3929 2815 3987 monasterio
2868 3929 3149 3987 inventam
3180 3940 3237 3988 et
3271 3942 3563 3989 numerato
3618 3946 3796 4001 accep-

2231 4037 2338 4080 tam
2370 4023 2545 4080 Graaci
2573 4024 2889 4081 sacerdotes
2921 4034 3240 4082 reverenter
3267 4027 3614 4098 deportatam
3644 4030 3797 4097 depo-

2228 4126 2422 4175 nerent
2444 4120 2497 4173 in
2532 4132 2839 4173 memorato
2864 4118 3134 4190 principis
3162 4119 3544 4191 apostolorum
3582 4120 3791 4189 templo.

2223 4212 2294 4269 Ut
2360 4225 2542 4267 autem
2600 4211 2917 4268 benefacta
2975 4222 3106 4267 sunt
3140 4222 3196 4269 et
3245 4215 3596 4271 exsecutioni
3651 4213 3793 4285 plene

2223 4307 2479 4360 mandata
2512 4319 2801 4361 sacrorum
2871 4320 3155 4370 vasorum,
3210 4306 3503 4374 librorum,
3572 4308 3789 4362 vestiunt

2226 4400 2572 4470 aiiarntuque
2606 4399 2656 4455 id
2689 4414 2865 4471 genus
2891 4401 3184 4456 translatio
3216 4417 3425 4469 rerum,
3451 4418 3573 4473 qua:
3598 4400 3791 4455 Latinis

540 4509 727 4554 natum
765 4496 866 4551 loci
900 4495 1142 4550 fecerant
1198 4488 1489 4543 rcfundere
1537 4501 1597 4541 se
1644 4483 1811 4555 533
1868 4490 2112 4551 paratum

2230 4494 2284 4547 in
2341 4509 2447 4549 usu
2497 4492 2758 4557 fuerant,
2819 4493 3059 4562 perculsi
3083 4510 3219 4549 casu
3268 4495 3558 4565 inepinato
3610 4492 3790 4553 Frerii,

541 4593 926 4665 proﬁteretur;
954 4585 1098 4656 quod
1131 4583 1350 4653 quidem
1384 4578 1487 4648 ipsi
1545 4586 1898 4639 recusarunt,
1970 4575 2118 4628 nulla

540 4704 601 4745 se
635 4685 828 4740 adduci
859 4681 1180 4737 conditione
1200 4690 1379 4747 posse
1407 4690 1519 4744 pra:
1544 4690 1605 4729 se
1634 4676 1873 4727 ferentes
1902 4670 1965 4725 ad
1998 4685 2120 4725 ces—

540 4784 748 4836 sionem
780 4775 967 4846 templi
996 4771 1229 4845 proprii,
1256 4769 1402 4840 quod
1464 4767 1529 4822 ad
1591 4778 1898 4821 extremum
1931 4763 2118 4818 defen-

540 4872 717 4929 dendo
746 4870 910 4924 vitam
948 4867 1110 4920 etiam
1143 4877 1248 4916 non
1291 4860 1605 4915 dubitarent
1671 4857 2008 4925 impendere.
2042 4856 2121 4908 At;

541 4966 801 5019 videbant
834 4962 907 5015 illi
938 4958 1158 5030 quidem
1198 4955 1353 5009 facile
1405 4954 1545 5008 haud
1586 4966 1813 5007 suarum
1871 4966 1995 5003 esse
2043 4951 2123 5002 vi-

542 5064 681 5114 rium
739 5055 1013 5111 mandatis
1068 5050 1420 5121 imperatoris
1498 5047 1699 5109 obniti,
1764 5043 2121 5099 contidelmut

542 5167 719 5207 tamen
750 5166 814 5204 ex
845 5162 907 5202 ea
935 5162 1097 5217 quam
1152 5143 1417 5199 celebrari
1468 5141 1759 5195 audierant
1818 5138 2119 5192 Andronici

532 5260 671 5311 erga
699 5258 782 5297 res
811 5256 1000 5295 sacras
1055 5237 1385 5300 reverentia,
1437 5247 1786 5301 nequaquam
1847 5230 1998 5283 illuni
2055 5245 2121 5284 eo

542 5352 718 5407 usque
749 5335 1051 5394 ruiturum,
1078 5341 1135 5383 ut
1174 5343 1337 5381 manu
1382 5326 1498 5393 rapi
1530 5341 1592 5379 ac
1633 5324 1871 5392 dispergi
1898 5324 2123 5392 juhere'.

541 5447 756 5490 sacrant
792 5427 978 5496 templi
1011 5423 1316 5479 Christiani
1355 5419 1772 5491 supellectilem.
1806 5416 1989 5484 Quare
2016 5416 2118 5487 ipsi

542 5534 888 5586 recusantes,
924 5532 1088 5593 prout
1110 5520 1467 5589 jubebantur,
1498 5529 1587 5569 res
1620 5529 1753 5568 suas
1783 5512 1890 5566 alio
1936 5523 2121 5565 trans-

542 5619 720 5680 ferre,
782 5616 886 5670 sibi
930 5612 1274 5683 spondebant
1317 5610 1592 5663 neminem
1642 5605 1810 5659 alium
1856 5604 1993 5674 ipsis
2026 5619 2119 5660 eas

542 5711 729 5767 invitis
766 5712 886 5765 loco
912 5717 1213 5772 moturum,
1250 5706 1501 5773 Augusto
1529 5699 1580 5755 id
1613 5698 1829 5754 scilicet
1864 5698 2115 5769 praescri-

542 5810 673 5869 bere
723 5824 831 5866 non
894 5818 1121 5863 ausuro.
1168 5802 1409 5869 Tamque
1472 5811 1665 5853 secure
1709 5795 2116 5851 indormiebant

2223 4585 2385 4657 539
2424 4601 2526 4640 nec
2580 4585 2722 4655 quid
2785 4595 3011 4656 agerent
3067 4586 3216 4641 aliud
3282 4588 3570 4654 habentes,
3636 4597 3788 4641 telam

2224 4682 2360 4734 iram
2397 4680 2451 4736 in
2484 4681 2789 4735 exarchum
2829 4680 3120 4746 Pisanum,
3157 4683 3250 4751 qui
3303 4684 3523 4752 negotio
3578 4679 3793 4751 pra-fue-

2226 4782 2341 4838 rat,
2375 4772 2716 4828 effuderunt.
2763 4772 2924 4829 Hunc
2953 4773 3119 4845 igitur
3174 4775 3373 4831 acerbe
3405 4782 3789 4848 conquerentes

2227 4878 2569 4922 accusarunt
2605 4866 2751 4939 apud
2786 4866 3113 4922 Genuenses
3153 4867 3470 4923 habitantes
3498 4870 3551 4923 in
3599 4866 3785 4923 Patara.

2224 4974 2449 5017 orantes
2492 4972 2551 5017 ut
2591 4963 2645 5016 in
2685 4971 3121 5032 contemptorem
3166 4966 3477 5019 communis
3531 4958 3786 5034 religionis

2223 5056 2553 5127 sacrilegum
2609 5073 2707 5127 pro
2788 5057 3001 5113 meritis
3069 5058 3397 5114 vindicaret.
3461 5055 3787 5115 ExiStimavit

2229 5142 2586 5213 magistratus
2637 5145 3016 5200 Geuuensitnn
3072 5162 3284 5219 aequam
3343 5164 3374 5203 a
3411 5165 3472 5205 se
3496 5164 3605 5204 rem
3662 5144 3781 5217 peti.

2232 5237 2677 5306 prmclarumqne
2702 5240 2805 5292 sibi
2840 5240 2958 5293 fore
2982 5238 3195 5296 facinus
3225 5242 3488 5297 ultionem
3516 5242 3581 5298 de
3604 5241 3783 5295 Pisano

2229 5347 2447 5399 gravem
2476 5347 2714 5387 sumere.
2753 5333 3022 5389 Submisit
3066 5335 3233 5406 igitur
3264 5336 3520 5400 sicarios,
3545 5336 3631 5407 qui
3657 5336 3781 5388 clam

2230 5426 2682 5480 circumventum
2723 5428 2896 5498 plagis
2929 5430 3211 5487 atrocibus
3245 5431 3511 5493 caedendo
3554 5426 3783 5504 proxime

2232 5534 2417 5572 necem
2474 5520 2808 5575 adducerent
2845 5538 2860 5575 :
2901 5538 3007 5577 non
3073 5524 3217 5578 enim
3275 5526 3441 5582 certis
3494 5528 3557 5581 de
3617 5516 3781 5579 causis

2232 5613 2391 5681 plane
2440 5612 2676 5669 interfici
2735 5615 2973 5683 volebat,
3024 5617 3123 5674 sed
3180 5620 3362 5691 gladio
3392 5621 3529 5675 citra
3574 5622 3780 5687 mortem

2235 5705 2553 5763 vulneribus
2608 5710 2821 5764 exarat'i
2851 5710 3167 5770 luculentis.
3232 5712 3503 5771 Fecerunt
3531 5704 3775 5771 emlssarii

2234 5796 2380 5875 quod
2431 5801 2572 5871 iussi
2637 5801 2878 5872 fuerant,
2933 5815 2985 5862 et
3022 5806 3299 5864 irruentes
3358 5824 3425 5864 ex
3487 5803 3689 5865 insidiis
3728 5800 3775 5855 in
