3990 6228
306 319 401 388 593

1182 315 1282 380 DE
1322 318 1772 382 ANDBONICO
1804 315 2276 380 PALEOLOGO
2318 316 2468 377 LIB.
2510 315 2613 379 VI.

3337 312 3562 379 .594

299 439 399 495 τῶν
424 438 752 494 ΓιΜυῖτῶν
780 438 1046 510 ἄρχοντα,
1073 439 1169 494 καί
1200 430 1329 510 σφιν
1362 440 1449 511 ἐφ’
1480 440 1724 511 ἡμέραις
1749 440 1858 493 ἐπι·
1905 437 1958 497 Δ
1982 435 2224 489 κλιθεῖεν
2247 434 2667 507 ἀντιμαχοῦσιν,
2693 434 2744 487 si
2787 432 2833 487 δ’
2863 432 3231 497 ἀνθίσταιντο,
3264 430 3428 496 εὐθὺς
3455 449 3564 488 πο-

295 528 579 599 ζυγοῦσθαι
595 530 698 593 τὰς
722 529 822 600 τῆς
846 528 1059 594 πόλεως
1079 529 1258 595 πύλας
1284 530 1679 601 προσέταττεν,
1703 530 1878 601 ἀναρ-

294 620 394 677 τῶν
418 623 478 677 τὸ
506 623 753 695 πραχθὲν
780 624 863 688 είς
887 624 1072 695 κρίσιν
1103 624 1198 679 τοῦ
1232 625 1594 695 κουμουνίου,
1633 625 1863 697 μέλλον-

290 733 377 779 τος
423 716 611 789 ἑτέρου
666 718 812 773 κατὰ
842 717 1055 773 πύστιν
1107 722 1233 774 ὅσον
1291 719 1396 773 οὐκ
1429 717 1533 791 ἤδη
1562 718 1663 791 τὴν
1698 718 1877 791 ἀρχὴν

290 810 647 883 διαδέχεσθαι.
697 811 886 866 Ταῦτα
943 812 1330 884 Μπυριγέριος
1391 815 1515 866 τότε
1569 813 1647 877 ὡς
1696 812 1876 884 λαϐὴν

289 900 567 973 προῦτεινε
623 902 951 969 σκανδάλου,
1005 904 1103 958 καὶ
1127 903 1451 977 ἀλλοτριοῦν
1477 903 1572 959 τοῦ
1604 904 1877 977 βασιλέως

287 996 381 1060 τὰς
427 994 654 1050 ὶκείνων
687 996 915 1067 γνώμας
949 997 1173 1069 ἐπείρα,
1204 995 1282 1069 μὴ
1308 996 1488 1062 είδὼς,
1527 998 1561 1067 ἢ
1601 1002 1699 1055 καὶ
1728 999 1875 1053 ἑκὼν

288 1087 659 1159 παραλείπων,
676 1088 755 1152 ὡς
777 1088 1030 1159 βασιλεὺς
1053 1088 1271 1158 φθάσας
1288 1090 1475 1159 σφίσιν
1492 1088 1874 1161 ἑξευμενίζετο

288 1180 377 1234 καὶ
414 1178 744 1251 ξυμμάχους
796 1181 1279 1252 προσελάμϐανεν,
1324 1183 1710 1254 ἀγγελθέντων
1756 1184 1872 1240 τῶν

285 1273 466 1337 αὐτοῖς
494 1273 920 1345 πραττομένων,
961 1272 1050 1338 Ὠς
1086 1275 1232 1348 ἀωρὶ
1268 1276 1379 1331 τῶν
1416 1278 1635 1333 νυκτῶν
1664 1280 1698 1349 ἡ
1734 1283 1871 1345 ναῦς

284 1367 485 1440 interr;
526 1369 626 1424 καὶ
655 1369 757 1440 ἦδη
799 1370 1145 1434 Γεννουϊταις
1178 1372 1211 1441 ἡ
1240 1371 1349 1424 τῶν
1387 1372 1536 1440 νηῶν
1564 1374 1869 1444 ἠγγέλλετο

282 1458 488 1528 ἄφιξις,
513 1460 745 1531 προσέτι
774 1461 832 1515 δὲ
858 1462 1036 1516 καὶτὸ
1057 1463 1313 1532 ποιητέον
1328 1465 1578 1534 ἐζητεῖτο
1598 1465 1673 1531 ὡς
1703 1467 1869 1531 εὐθὺς

280 1550 737 1621 ὑποστρεψάντων
767 1554 859 1608 καὶ
889 1555 1233 1623 κομισάντων
1265 1555 1364 1620 τὰς
1391 1556 1680 1626 ἀγγελίας,
1703 1558 1868 1626 εὐθὺς

279 1644 478 1698 ἐκεῖνοι
531 1644 688 1715 παρᾶ
724 1643 951 1714 βασιλέα
1007 1646 1117 1701 ὑπὸ
1170 1648 1532 1720 λαμπτῆρσιν
1562 1653 1866 1723 ἀφιγμένοι

279 1738 373 1801 τὰς
398 1738 619 1793 ἐκεῖθεν
658 1738 1004 1811 δκχωρήσεις
1039 1740 1373 1813 ἐλάμϐανον,
1408 1744 1485 1809 ὡς
1505 1746 1555 1800 εί
1592 1746 1694 1814 μὲν
1727 1748 1857 1803 sxa.

275 1920 411 1978 nihil
447 1923 639 1981 minus
671 1927 989 1995 opinantem
1050 1929 1355 1986 exercitum
1389 1930 1720 1990 Pisanorum
1783 1943 1865 1991 tot.

272 2030 396 2071 eum
452 2027 813 2075 cruentatum
847 2022 1071 2079 ensium
1126 2020 1333 2081 ictibus
1390 2026 1759 2097 reliquerunt,
1804 2036 1865 2084 ut

272 2109 440 2167 miser
471 2126 502 2166 a
538 2115 657 2170 suis
711 2129 743 2171 e
794 2116 1139 2174 carniﬁcina:
1168 2116 1295 2175 loco
1325 2133 1452 2176 cum
1489 2122 1701 2179 modica
1765 2139 1866 2196 spe

155 2208 161 2217 ‘
273 2203 399 2259 vitae
429 2206 697 2263 manibus
742 2207 967 2265 domum
1027 2209 1358 2270 referretur.
1405 2212 1542 2279 Hoc,
1601 2224 1661 2270 ut
1720 2227 1863 2286 erat,

272 2295 327 2353 in
366 2299 455 2354 sui
500 2301 898 2357 contumeliam
968 2302 1378 2363 intolerabilem
1447 2310 1654 2368 factum
1691 2310 1867 2367 inter-

273 2398 530 2460 pretatus
583 2393 885 2465 imperator
937 2396 1208 2456 continuo
1270 2409 1562 2471 praetorem
1606 2402 1866 2463 Galatea-

272 2483 435 2553 sium,
481 2487 541 2542 in
590 2488 854 2546 comitatu
894 2490 966 2545 ad
1002 2506 1092 2548 res
1119 2490 1364 2563 ipsorum
1411 2497 1692 2555 curandas
1733 2516 1857 2556 vero

272 2576 381 2632 sari
415 2577 669 2644 solitum,
721 2596 988 2651 apparere
1021 2580 1289 2657 deinceps
1319 2601 1509 2645 ceram
1536 2605 1599 2647 se
1660 2594 1859 2659 vetuit,

271 2666 525 2741 ipsisque
556 2670 623 2726 ad
676 2672 796 2731 dies
827 2675 1037 2747 aliquot
1082 2681 1341 2753 praecepit
1370 2682 1621 2741 obserari
1672 2696 1863 2757 portas

269 2766 447 2832 urbis,
508 2783 611 2825 nec
667 2769 721 2824 in
782 2786 901 2827 eam
937 2772 1032 2828 ulli
1094 2788 1289 2830 eorum
1348 2776 1556 2833 aditum
1594 2781 1859 2848 permitti.

269 2854 398 2915 Haec
455 2860 543 2918 sic
606 2862 892 2933 Angustus
959 2866 1096 2940 egit,
1134 2870 1359 2925 sensum
1393 2873 1615 2941 quidem
1645 2874 1862 2945 injuriae

268 2947 623 3019 significans,
654 2953 774 3023 ejus
833 2964 1014 3012 tamen
1052 2957 1321 3016 ultionem
1388 2962 1636 3021 nondum
1699 2982 1861 3023 exse-

268 3057 451 3111 quens
479 3060 496 3111 ;
522 3044 684 3115 cujus
721 3049 1095 3121 cognitionem
1153 3058 1549 3113 reservandam
1586 3058 1857 3130 integram

1978 527 2189 597 λεμεϊν,
2223 527 2320 583 καὶ
2349 526 2593 598 πλήθους
2617 524 2816 596 συχνοῦ
2852 526 3069 597 πρωτας
3118 522 3434 596 Ῥωμαϊκοῦ
3461 522 3559 579 τοῦ

1982 623 2082 692 μὲν
2115 621 2256 676 κατὰ
2300 621 2400 682 τὰς
2423 621 2599 684 ἀκτὰς
2653 620 2989 690 στησομένου
3028 620 3166 691 πρὸς
3192 619 3433 690 ἄμυναν,
3464 619 3558 675 τοῦ

1977 716 2024 770 δ’
2046 716 2229 772 ἁλιάσι
2257 714 2571 777 διαποντίου
2594 715 2966 786 γενησομένου
2990 732 3005 748 ο
3041 714 3165 769 οὐδὲ
3193 715 3301 784 γὰρ
3326 713 3560 767 ἀπέϐλι-

1974 808 2099 880 ψεν,
2126 809 2205 871 ὡς
2237 808 2400 871 αὐτὸς
2429 810 2528 879 μὲν
2559 807 2619 862 οὐ
2647 809 2917 877 ποιήσων,
2954 808 3093 879 πρὸς
3132 808 3377 867 ἐκείνους
3401 807 3458 860 δὲ
3498 804 3561 860 τὸ

1975 904 2086 957 πᾶν
2108 893 2439 974 πράξοντας.
2478 901 2641 972 Σφίσι
2696 904 2795 974 μὲν
2816 902 2911 957 οῦν
2949 902 3009 957 τὸ
3037 903 3166 965 δάος
3189 898 3260 974 ἦν
3289 903 3347 955 ὲν
3377 900 3557 973 χερσὶ,

1975 998 2070 1052 καὶ
2099 997 2467 1069 ὑπέστρεφον.

1972 1114 2078 1170 κθν.
2111 1116 2317 1185 Ὅπως
2346 1117 2736 1189 Ἀμογάὸίιροί
2762 1134 2831 1189 re
2874 1115 2973 1172 καὶ
3022 1115 3352 1172 Κατελὰνοι
3390 1132 3561 1170 κατε-

2540 1187 3000 1259 πολεμήθησαν.
3516 1198 3519 1199 ⁷

2012 1282 2314 1347 ηΒασιλεὺς
2370 1282 2459 1357 [Ρ.
2509 1281 2774 1356 575-576]
2817 1283 2875 1336 δὲ
2927 1283 3161 1355 μυρίους
3209 1281 3379 1352 satia
3440 1279 3561 1348 μεθ’

1968 1375 2172 1441 ὃπλων,
2209 1375 2457 1446 πορθμὸς
2496 1376 2542 1429 δ’
2572 1370 2728 1437 οὗτος
2762 1377 2915 1447 ,νηῶν
2947 1375 3263 1448 ἐπληροῦτο
3292 1376 3559 1431 διαπλωῖ-

1971 1467 2217 1537 σομένων
2246 1468 2383 1539 πρὸς
2424 1468 2664 1539 Ῥήγιον.
2712 1468 2883 1524 υῦπω
2933 1470 2999 1547 δὲ.
3022 1469 3208 1534 καλῶς
3246 1469 3561 1537 ἐπέστησαν

1968 1562 2019 1615 οἱ
2054 1562 2423 1633 πεμφθέντες,
2481 1563 2762 1629 κάκείνοις
2788 1563 2849 1631 ἐξ
2898 1565 3127 1619 ἑωθινοῦ
3182 1564 3391 1636 στερρὰ
3429 1556 3559 1617 συν-

1973 1656 2160 1711 ίστατο
2183 1658 2357 1728 μάχη,
2388 1657 2551 1712 τοῦτο
2580 1659 2680 1727 μὲν
2709 1660 2804 1713 καὶ
2836 1659 2926 1712 διὰ
2965 1659 3066 1730 τὴν
3096 1658 3352 1714 ἐντεῦθεν
3382 1657 3559 1729 δήλω-

1970 1765 2076 1816 σιν,
2104 1750 2264 1804 τοῦτο
2287 1750 2344 1805 δὲ
2377 1750 2474 1805 καὶ
2512 1752 2717 1820 τρόπον
2748 1752 3022 1822 ἀνάγκης.
3059 1751 3166 1806 Τοῦ
3198 1752 3310 1823 γὰρ
3331 1751 3558 1823 Μπυρι-

1968 1935 2215 2005 ipsorum
2265 1934 2624 2006 imperatoris
2681 1936 2985 2001 voluntate,
3034 1944 3310 2007 negarunt
3347 1934 3556 1991 delibe-

1966 2027 2201 2084 randum
2259 2044 2385 2085 esse
2436 2031 2696 2101 amplius,
2748 2045 2877 2087 cum
2937 2031 3134 2102 ipsone
3165 2047 3234 2086 an
3276 2046 3399 2085 cum
3431 2032 3553 2098 eius

1966 2122 2221 2178 hostibus
2283 2124 2645 2195 Amogabaris
2719 2140 2871 2180 arma
2944 2125 3370 2197 coniungerent.
3448 2124 3556 2179 Pro

1966 2215 2128 2281 urbe,
2175 2231 2299 2286 qute
2353 2215 2490 2285 ipsis
2541 2211 2854 2272 communis
2889 2230 3015 2272 cum
3074 2214 3340 2271 Romanis
3392 2216 3552 2285 quasi

1966 2307 2148 2378 patria
2172 2318 2339 2371 esset,
2374 2308 2497 2364 sine
2528 2308 2637 2364 ulla
2663 2307 3021 2387 cunctatione
3047 2309 3406 2379 pugnandum
3432 2322 3556 2364 esse

1966 2402 2232 2459 adversus
2315 2402 2466 2459 illius
2523 2413 2955 2474 oppugnatores.
3023 2402 3141 2458 Hoc
3201 2402 3397 2459 nuntio
3482 2401 3551 2457 ad

1964 2494 2201 2552 classem
2253 2495 2592 2568 operientem
2640 2496 2780 2554 foris
2836 2498 2892 2552 in
2954 2497 3075 2553 salo
3136 2512 3237 2568 per
3295 2496 3555 2551 celeriter

1967 2602 2245 2644 reversam
2300 2589 2468 2646 allato
2520 2591 2791 2646 triremim
2849 2590 3035 2646 subito
3064 2604 3131 2644 ex
3198 2604 3262 2645 ea
3322 2587 3552 2657 delegati

1965 2682 2190 2752 quidam
2241 2683 2312 2740 ad
2376 2684 2769 2754 imperatorem
2823 2682 3055 2755 profecti
3088 2690 3251 2738 nocte
3308 2682 3426 2752 ipsa
3461 2681 3551 2734 in-

1966 2782 2263 2846 tempesta,
2312 2775 2744 2847 praelucentibus
2804 2776 3041 2843 facibus,
3109 2775 3337 2831 admissi
3367 2774 3436 2829 ab
3488 2788 3553 2828 eo

1966 2870 2304 2941 perbenigne
2357 2880 2507 2927 sunt.
2569 2871 2648 2927 Eo
2694 2869 2974 2938 colloquio
3030 2869 3395 2925 constitutum
3467 2872 3554 2922 est

1964 2967 2202 3022 classem
2237 2965 2697 3036 Amogabaricam
2729 2973 2782 3020 et
2813 2961 3209 3025 Catelanicam,
3262 2961 3366 3018 nisi
3404 2959 3547 3017 uitro

1964 3059 2190 3130 eligeret
2223 3058 2419 3114 cedere
2463 3059 2817 3129 acceptisque
2877 3057 3030 3129 pacis
3091 3055 3306 3127 legibus
3372 3055 3550 3120 abire,

267 3137 521 3238 putavit“
558 3139 718 3238 novis
774 3143 1197 3215 magistratibus
1257 3147 1658 3209 Galatensium.
1722 3152 1858 3211 Nam
1888 3175 1935 3238 ο
1965 3151 2143 3222 primo
2178 3164 2340 3205 mane
2393 3147 2605 3220 junctis
2656 3147 2893 3205 viribus.
2925 3147 3298 3203 Romanorum
3334 3156 3389 3203 et
3439 3145 3552 3202 Ge-

269 3230 592 3303 respublica
619 3231 840 3291 illorum
872 3238 1109 3294 concilio
1134 3240 1377 3311 quodam
1407 3244 1628 3312 publico
1685 3246 1859 3303 lecto-

266 3336 390 3377 rum
417 3340 457 3380 e
486 3333 653 3394 gente
689 3341 983 3397 procerum
1016 3329 1450 3402 gubernabatur,
1510 3322 1672 3409 cujus
1736 3349 1857 3396 erat

267 3416 534 3488 regimini
580 3426 799 3475 certum
827 3423 1098 3494 temporis
1154 3426 1397 3497 spatium
1452 3431 1857 3504 prmecriptum.

269 3509 383 3567 lloe
397 3520 603 3570 exacto
631 3512 780 3570 aliud
801 3518 1164 3573 communium
1188 3520 1293 3591 (sic
1306 3520 1451 3577 enim
1479 3521 1535 3578 id
1565 3524 1857 3597 collegium

269 3622 355 3665 res
435 3609 617 3677 gentis
677 3610 1187 3681 administrantium
1272 3617 1600 3691 vocabatur)
1682 3622 1857 3691 priori

267 3702 630 3761 succedebat.
656 3705 793 3762 Cum
829 3707 998 3779 igitur
1028 3709 1274 3767 audisset
1307 3711 1608 3783 imperator
1651 3716 1861 3774 instare

269 3796 438 3855 istius
491 3798 814 3855 mutationis
869 3801 1041 3866 diem,
1090 3814 1145 3860 et
1174 3820 1305 3862 mox
1353 3823 1530 3865 novos
1575 3810 1860 3883 delegatos

268 3892 541 3966 abrogato
569 3893 851 3953 veteribus
894 3896 1132 3968 imperio
1164 3898 1409 3957 habenas
1442 3919 1623 3958 rerum
1668 3921 1863 3978 sump-

268 3993 431 4044 turos
459 3986 517 4042 in
565 4002 786 4056 manus,
828 3991 975 4061 apud
1030 3993 1157 4058 hos,
1202 3995 1292 4050 ubi
1333 3997 1721 4067 magistratum
1754 4001 1865 4057 ini-

268 4081 512 4147 vissent,
535 4082 895 4153 expostulare
927 4084 997 4141 de
1012 4083 1202 4142 Pisani
1228 4090 1453 4145 exarchi
1503 4074 1873 4163 Oppressione‘

268 4174 616 4232 decreverat.
674 4174 832 4233 Talia
869 4193 1038 4249 porro
1091 4178 1464 4253 Mpyrigerius
1491 4184 1544 4238 in
1579 4201 1645 4240 ea
1695 4203 1861 4256 quam

267 4265 439 4320 retuli
472 4265 541 4322 ad
572 4264 902 4325 Genuenses
930 4284 1164 4342 peregre
1215 4270 1577 4330 adventantes
1609 4279 1865 4337 oratione

267 4355 473 4428 cupide
505 4367 567 4413 ut
594 4372 788 4415 ansam
808 4368 1174 4431 opportunam
1195 4362 1507 4434 arripuerat
1548 4367 1857 4427 alienandis

271 4448 339 4503 ab
370 4448 651 4520 obsequio
701 4450 1057 4521 imperatoris
1089 4453 1311 4510 illorum
1338 4458 1540 4515 animis
1566 4463 1856 4533 atrocique

1935 3269 1939 3273 -
1968 3242 2259 3300 nuensinm
2290 3240 2740 3314 oppugnandam.
2776 3239 3039 3297 Promisit
3077 3240 3377 3308 imperator
3423 3256 3549 3294 cum

1968 3336 2147 3408 prima
2183 3337 2306 3393 luce
2362 3335 2717 3406 apparituras
2749 3331 3032 3390 Romanas
3066 3332 3280 3403 copias,
3349 3332 3550 3403 partim

1969 3428 2270 3502 dispositas
2317 3444 2416 3500 per
2478 3442 2636 3512 oram
2672 3426 2841 3483 maris
2894 3424 2963 3482 ad
3021 3425 3380 3495 iaculantium
3422 3424 3552 3479 inde

1967 3524 2027 3580 in
2058 3521 2373 3587 Catelanos,
2434 3520 2635 3593 partim
2687 3518 2739 3578 e‘
2784 3519 2902 3591 ripa
2961 3528 3182 3577 evectas
3232 3518 3554 3591 piscatoriis

1967 3616 2228 3681 navibus,
2261 3623 2322 3671 ut
2344 3613 2533 3686 prtelio
2567 3612 2753 3669 navali
2791 3625 2894 3685 pro
2923 3608 3069 3669 virili
3106 3628 3223 3669 rem
3248 3621 3505 3683 gererent
3532 3630 3548 3666 :

1969 3711 2119 3767 nolle
2152 3709 2359 3780 quippe
2399 3724 2458 3764 se
2482 3707 2623 3765 dixit
2651 3723 2784 3765 suos
2807 3708 3020 3764 otiosos
3048 3708 3240 3763 sedere
3271 3714 3551 3778 spectato~

1970 3820 2060 3860 res
2095 3802 2420 3861 certaminis
2452 3802 2755 3868 sociorum,
2782 3801 2878 3857 sed
2903 3811 3111 3870 partem
3142 3801 3293 3871 ipsos
3348 3800 3551 3855 laboris

1972 3914 2039 3955 ac
2066 3899 2323 3970 periculi,
2362 3905 2422 3953 nt
2454 3907 2891 3954 consentaneum
2918 3905 3062 3961 erat,
3098 3912 3197 3966 pro
3242 3897 3351 3951 aris
3385 3895 3554 3951 focis-
3632 3920 3635 3925 ί

1966 4008 2077 4064 que
2132 3991 2394 4048 certando
2428 4003 2741 4060 capessere.
2776 3986 2863 4043 Ab
2915 3988 3000 4043 his
3030 3988 3317 4043 conventis
3375 3986 3553 4056 digre-

1964 4090 2182 4145 dientes
2209 4089 2279 4142 ab
2307 4087 2557 4156 Augusto
2572 4083 2742 4155 legati
2775 4082 3099 4138 Genuenses
3122 4098 3218 4153 per
3252 4090 3551 4135 nocturnas

1964 4182 2149 4237 adhuc
2206 4180 2487 4247 tenebras,
2550 4192 2678 4233 cum
2715 4174 2890 4232 funali
2940 4176 3179 4248 quisque
3241 4177 3299 4231 in
3357 4189 3548 4241 manu,

1962 4275 2200 4345 regressi
2235 4274 2305 4330 ad
2340 4289 2477 4331 suos
2503 4280 2656 4331 sunt.
2828 4274 2831 4275 ⁷

2039 4412 2130 4469 29.
2166 4410 2232 4467 Ut
2262 4409 2591 4483 Amogabari
2613 4420 2661 4463 et
2684 4408 2933 4465 Catelani
2960 4405 3147 4477 praelia
3193 4405 3314 4459 uicti
3345 4405 3477 4459 sint.

270 4541 339 4599 iis
364 4542 672 4625 inserendo
700 4543 759 4599 in
795 4545 973 4616 ipsum
1004 4547 1154 4604 odio.
1176 4546 1386 4619 Nempe
1414 4560 1509 4607 aut
1542 4554 1853 4625 nesciebat,
1887 4546 1933 4601 Ι)
2033 4554 2436 4611 Eduxitautem
2462 4551 2761 4619 imperator
2780 4546 2968 4603 decem
2988 4552 3326 4600 armatorum
3353 4541 3544 4605 millia,

270 4646 368 4692 aut
398 4624 593 4694 sciens
624 4637 1043 4706 dissimulabat,
1078 4641 1356 4711 placatum
1388 4644 1660 4715 ultrojam
1691 4647 1859 4722 550

269 4739 437 4788 antea
468 4728 855 4789 Genuensibus
919 4734 1329 4804 imperatorem,
1388 4738 1603 4809 prolixa
1654 4757 1854 4813 per-pe.

270 4839 390 4881 ram
452 4833 703 4880 actorum
759 4826 1055 4897 impertitis
1084 4828 1271 4893 venia,
1312 4830 1479 4885 etiam
1549 4834 1852 4891 renovandi

275 4914 508 4974 [sederis
534 4918 1027 4989 instaurandaaque
1054 4921 1337 4978 societatis
1372 4924 1634 4995 probatas
1660 4943 1860 5001 accep-

272 5019 471 5085 taeque
499 5011 635 5083 ipsis
667 5012 1019 5071 conditiones
1050 5015 1344 5073 obtulisse.
1398 5016 1455 5073 Id
1490 5020 1583 5076 ille
1632 5032 1857 5079 strenue

271 5113 758 5174 praeoccupaverat
820 5106 1046 5172 facere,
1122 5110 1381 5165 nuntiato
1430 5112 1536 5181 ipsi
1611 5115 1854 5171 adventu

273 5200 476 5271 saepius
502 5207 934 5256 memoratarum
962 5218 992 5256 e
1050 5202 1239 5258 Genua
1264 5206 1594 5271 triremium,
1646 5218 1699 5264 et
1728 5210 1857 5266 inde

274 5302 397 5350 orto
452 5302 602 5349 metu
634 5295 866 5364 provido
920 5295 1328 5351 imminentium
1386 5298 1507 5352 urbi
1559 5300 1853 5371 maiorum,

274 5387 319 5443 si
376 5402 475 5453 eae,
530 5386 744 5457 junctis
808 5390 1112 5458 praesertim
1151 5406 1275 5445 cum
1323 5391 1501 5447 classe
1536 5392 1853 5452 Catelanica

273 5482 511 5549 viribus,
535 5492 726 5555 aperto
746 5482 895 5539 bello
924 5482 1203 5539 Romanos
1238 5481 1614 5541 adorirentur.
1661 5486 1856 5560 itaque

276 5578 452 5645 navis,
484 5592 652 5647 quam
679 5576 950 5645 diximus,
982 5577 1050 5633 ad
1079 5577 1477 5653 explorandum
1498 5580 1666 5635 missa
1688 5582 1856 5639 simul

276 5674 483 5744 appulit
509 5671 829 5745 Galatam,et
854 5674 1058 5733 missos
1092 5673 1161 5729 ad
1190 5673 1637 5745 cognoscendum
1666 5690 1851 5732 rerum

279 5777 473 5823 statum
524 5767 789 5839 exposuit
832 5768 904 5824 in.
949 5768 1133 5839 littus,
1181 5766 1477 5840 confestim
1526 5766 1565 5823 ii
1596 5769 1780 5826 edocti
1823 5786 1853 5826 a

280 5861 733 5924 moderatoribus
776 5860 1099 5939 reipublicae
1152 5863 1223 5922 de
1282 5861 1490 5935 optima
1538 5864 1595 5922 in
1628 5873 1850 5937 gentem

1964 4662 2107 4720 quos
2141 4660 2263 4717 quas
2303 4644 2554 4700 ferebant
2619 4656 2787 4697 naves
2818 4637 3088 4710 Rhegium
3139 4647 3336 4693 euntes
3395 4644 3549 4689 tanto

1963 4748 2124 4797 erant
2190 4752 2439 4801 numero,
2484 4742 2541 4791 ut
2578 4743 2753 4790 totum
2784 4733 2889 4789 hoc
2921 4732 3093 4786 maris
3149 4728 3386 4799 spatium
3440 4741 3551 4795 quo

1964 4834 2098 4889 urbs
2136 4846 2164 4886 a
2207 4830 2418 4902 Bliegio
2447 4828 2729 4884 dirimitur
2774 4827 2843 4883 iis
2872 4823 3080 4894 expleri
3135 4823 3435 4877 videretur.
3466 4819 3547 4875 Ex

1964 4935 2121 4997 parte
2147 4940 2312 4995 porro
2347 4922 2749 4984 Genuensium,
2816 4918 3038 4974 vixdum
3098 4918 3258 4987 plene
3308 4914 3547 4970 reversis
3611 4905 3614 4909 ’

1966 5036 2107 5093 quos
2139 5020 2207 5074 ab
2240 5017 2308 5071 iis
2337 5015 2404 5070 ad
2438 5018 2747 5087 Angustum
2778 5012 2975 5067 missos
3003 5009 3268 5072 diximus,
3300 5022 3329 5062 a
3369 5008 3550 5078 primo

1964 5114 2209 5171 diluculo
2264 5126 2391 5166 acer
2423 5121 2506 5164 cst
2548 5109 2791 5178 impetus
2846 5104 2903 5159 in
2934 5103 3309 5171 Amogabaros
3340 5100 3547 5158 factus.

1962 5209 2141 5265 Causa
2174 5202 2649 5280 properandiiuit,
2690 5198 2849 5273 54],
2884 5208 3085 5269 praeter
3112 5197 3306 5252 allatas
3336 5211 3376 5250 a
3398 5196 3548 5265 lega-

1962 5306 2033 5359 tis
2094 5302 2487 5357 conventiones
2552 5313 2677 5352 cum
2742 5296 3074 5363 imperatore
3131 5290 3320 5355 initas,
3378 5289 3543 5343 etiam

1964 5414 2105 5455 nova
2147 5396 2449 5452 necessitas
2475 5391 2603 5448 inde
2634 5398 2753 5446 orla
2780 5386 2925 5459 quod
2962 5401 3061 5458 per
3090 5395 3307 5440 noctem
3338 5382 3546 5453 Mpyri-

1962 5492 2172 5562 gerium
2238 5494 2644 5557 compererant,
2696 5485 2983 5553 desperata
3037 5494 3163 5535 cum
3217 5477 3545 5533 ductoribus

1961 5584 2162 5641 classis
2193 5580 2505 5639 Genuensis
2556 5594 2715 5650 pace,
2750 5583 3005 5631 tentasse
3041 5572 3283 5627 alienare
3316 5570 3548 5626 classia-

1963 5679 2076 5735 rios
2099 5677 2167 5732 ab
2197 5676 2369 5747 ipsis:
2409 5674 2845 5731 circumvectum
2875 5670 3023 5725 enim
3060 5665 3311 5722 triremes
3341 5678 3544 5719 navar—

1961 5774 2098 5829 chos
2126 5771 2470 5845 singularum
2504 5782 2714 5841 magnae
2743 5764 2987 5837 pecuniae
3034 5759 3534 5834 pollicitationibus

1960 5867 2195 5927 delinire
2220 5864 2521 5936 studuisse,
2550 5875 2607 5923 ut
2647 5878 2827 5936 pugna
2862 5863 3238 5931 temperarent
3261 5865 3543 5922 navesque
