3990 6228
319 316 409 383 601

1273 325 1372 385 DE
1411 327 1866 390 ANDRONICO
1900 331 2363 399 PALEOLOGO
2402 339 2548 400 LIB.
2589 339 2691 402 Vl.

3485 335 3594 400 i302

313 428 390 490 si;
418 445 544 483 τινα
587 430 749 501 δῆθεν
783 431 1109 505 ἁναστολὴν,
1146 433 1299 506 ὅμως
1338 438 1394 491 δὲ
1446 439 1538 492 καὶ
1572 439 1904 512 Μαιμακτη-
1931 446 1978 503 Α
2007 447 2234 513 ἀταξίαν
2283 451 2653 522 ἀνείργοντας,
2685 449 2810 505 καθ’
2837 451 2905 522 ἣν
2947 447 3132 503 πολλοὶ
3176 447 3482 520 δυσχερῶς,
3513 449 3591 514 ὡς

311 522 503 593 ριῶνος
537 523 735 597 πρώτῃ
788 525 849 580 τδ
891 526 1174 595 πρωτεῦον
1224 529 1326 598 τῆς
1390 530 1670 595 πολιτείας
1736 551 1924 605 συνηί

310 613 542 686 θροικὼς
578 619 796 689 μακρὰν
822 620 1103 675 κατέτεινε
1138 622 1508 694 δημηγορίαν,
1533 626 1603 680 τὰ
1632 628 1763 699 περὶ
1789 627 1899 680 τῶν

306 708 642 764 Κατελάνων
684 710 1151 783 ἀπολογούμενος,
1203 715 1305 769 καὶ
1351 716 1427 781 ὡς
1460 715 1900 791 ὲξησθενηκυιῶν

304 802 412 855 τῶν
441 804 776 882 Ῥωμαϊκῶν
792 808 1080 877 δυνάμεων
1107 809 1292 876 ξένους
1319 811 1714 868 ἀνακαλεῖσθαι
1727 815 1900 884 ἀναγ-

303 896 539 970 κασθείη
586 899 748 962 τοῦτο
798 902 900 970 μὲν
961 901 1244 969 Ἀλανοὺς.
1294 903 1456 960 τοῦτο
1512 907 1570 961 δὲ
1633 907 1896 975 Ἰταλοὺς,

302 991 395 1043 καὶ
423 989 504 1054 ὡς
555 991 679 1045 οὐδὲ
717 995 879 1064 μόνος
927 997 1023 1052 καὶ
1066 996 1287 1068 πρῶτος
1329 999 1440 1052 τῶν
1475 997 1643 1064 ξένων
1689 999 1901 1068 δέξαιτό

301 1099 424 1136 τινα
449 1084 551 1138 καὶ
579 1086 886 1159 τιμήσειεν,
913 1088 1050 1143 ἀλλὰ
1075 1089 1168 1143 καὶ
1206 1091 1460 1163 Ἰωάννης
1481 1092 1509 1143 ὁ
1532 1090 1742 1156 Δούκας
1768 1092 1902 1146 Γου-

301 1173 525 1246 λίελμόν
569 1195 694 1230 τινα
741 1180 1191 1252 προσλαϐόμενος
1225 1183 1332 1236 ἐπ’
1365 1183 1546 1248 ἀξίαις
1601 1184 1725 1239 ἵστα
1763 1184 1898 1240 Ῥω-

302 1269 557 1337 μῖκαῖς,
609 1272 704 1324 καὶ
752 1273 780 1324 ὁ
809 1271 896 1345 [Ρ.
924 1273 1052 1346 380]
1097 1275 1279 1346 πατὴρ
1315 1275 1483 1330 αὑτοῦ
1535 1276 1628 1330 τὸν
1667 1276 1900 1350 Ἰκάριον

296 1355 376 1426 τῷ
410 1360 866 1433 μεγαλοδουκικῷ
897 1363 1196 1435 τετίμηκεν
1223 1365 1524 1438 ἀξιώματι,
1555 1370 1652 1422 καὶ
1681 1369 1757 1432 ὡς
1784 1368 1896 1423 οὐδ’

297 1449 464 1514 αὐτὸς
493 1452 687 1523 ἀνίησι
740 1453 989 1509 σπεύδων
1019 1457 1114 1509 ἐπὶ
1142 1457 1220 1529 τῷ
1253 1459 1363 1521 σῶς
1389 1454 1530 1513 ιῐναι
1569 1458 1896 1533 Ῥωμαίους,

283 1542 344 1595 sl
389 1543 489 1597 καὶ
525 1545 673 1599 θεῖον
716 1547 934 1616 μήνιμα
987 1551 1087 1613 τὰς
1138 1551 1320 1621 ἡμῶν,
1379 1552 1565 1622 φησὶν,
1619 1554 1898 1625 ἁμαρτίας

295 1639 659 1710 μετέρχεται,
698 1643 807 1703 καὶ¹
830 1642 908 1706 ὡς
930 1644 1218 1716 ἡγεμόνων
1247 1648 1317 1700 τὰ
1345 1648 1577 1702 πλεῖστα
1629 1650 1896 1720 κακότητι

293 1734 671 1803 παραπόλωλε
703 1737 773 1792 τὰ
808 1739 983 1796 πολλά
1029 1735 1398 1812 ἀμελούντων.
1440 1746 1550 1799 Καὶ
1579 1746 1729 1800 πόλλ’
1759 1747 1896 1803 ἄττα

293 1829 620 1898 συνυφάνας
668 1833 1116 1909 τοιαῦτα,ξτέλος
1161 1835 1250 1906 ἐφ’
1279 1836 1514 1908 ἡσυχίας
1561 1838 1659 1910 μὲν
1698 1840 1898 1902 αὐτοὺς

289 1920 510 1989 διάγειν
545 1926 813 1980 intrasse
860 1928 953 1981 καὶ
989 1931 1100 1993 τοῖς
1133 1929 1316 2000 ἔργοις
1369 1932 1662 2003 προσέχειν
1689 1934 1786 1987 καὶ
1823 1932 1897 2006 μὴ

290 2014 812 2090 πολυπραγμονεῖν,
841 2019 1028 2086 ἀξίους
1061 2022 1224 2090 μόνον
1265 2022 1496 2089 ἑαυτοὺς
1535 2027 1896 2094 καθιστάντας

289 2108 380 2180 ἐφ’
428 2111 559 2166 ὅσον
586 2111 835 2180 δυνατὸν,
863 2114 1016 2187 αὐτῷ
1042 2115 1098 2171 δὲ
1130 2119 1222 2172 καὶ
1256 2120 1372 2181 τοῖς
1408 2118 1577 2174 αὐτοῦ
1605 2123 1675 2175 τὰ
1716 2122 1898 2193 πράγ-

292 2219 446 2272 ματα
510 2205 930 2278 ἐπιτρέποντας,
964 2207 1068 2263 κᾶν
1122 2227 1227 2264 που
1268 2211 1362 2265 καὶ
1402 2210 1758 2284 θορυϐηθείη,
1792 2213 1894 2285 τὴν

288 2396 510 2443 vocatis
553 2388 755 2444 civium
801 2388 1026 2461 longam
1070 2390 1340 2462 explicuit
1384 2393 1715 2458 oralionem,
1769 2405 1892 2453 acta

285 2494 416 2535 cum
451 2480 738 2538 Catalenis
783 2497 1062 2540 excusans
1093 2499 1213 2546 sua.
1247 2484 1752 2559 demonstransque
1810 2490 1894 2545 ul-

289 2575 426 2630 tima
466 2590 531 2633 se
561 2577 816 2632 adactum
847 2579 1203 2647 necessitate,
1229 2579 1303 2634 ob
1337 2581 1595 2639 redactas
1617 2584 1673 2638 in
1705 2591 1892 2641 extre-

288 2681 442 2720 mam
481 2666 859 2724 inﬁrmitatem
901 2669 1182 2728 Romanas
1213 2673 1431 2744 copias,
1492 2684 1642 2731 recte
1669 2691 1735 2731 ac
1762 2693 1890 2746 pru-

284 2755 488 2815 denter
525 2759 850 2832 (utcunque
899 2761 1050 2817 bono
1111 2763 1346 2820 consilio
1382 2764 1531 2820 haud
1566 2780 1668 2836 par
1710 2767 1893 2825 exitus

287 2852 696 2923 responderit)
748 2861 955 2910 exterae
1005 2857 1386 2927 supplementa
1443 2857 1658 2913 militiae
1693 2859 1893 2927 quaesi-

281 2943 462 3011 visse,
505 2947 758 3002 mercede
811 2947 1187 3005 conducendis
1230 2948 1600 3007 auxiliaribus
1648 2953 1887 3023 primum

283 3034 618 3100 Alanorum,
648 3037 850 3094 deinde
869 3039 1161 3095 Italorum.
1193 3039 1382 3110 Neque
1409 3041 1464 3097 id
1490 3056 1550 3098 se
1579 3043 1756 3098 solum
1790 3053 1888 3097 aut

2003 543 2098 594 καὶ
2131 541 2358 605 ἑαυτοὺς
2406 542 2550 613 ἔχειν
2588 543 2807 606 εἰδέναι,
2841 544 2982 597 κατὰ
3018 542 3308 614 διαφόρους
3362 544 3592 610 καιροὺς

2003 632 2405 706 ἀπηλλάχασιν,
2461 636 2536 699 ὡς
2592 635 2850 706 μεγίστου
2901 636 3143 706 πολέμου
3193 636 3290 704 τῆς
3351 636 3594 697 στάσεως

2001 727 2173 797 οὔσης
2205 729 2306 797 τῆς
2338 731 2397 784 ὲν
2434 733 2557 792 ταῖς
2586 729 2794 794 πόλεσι,
2828 730 2952 784 καθ’
2981 732 3048 800 ἢν
3094 730 3263 786 οὐκ...
3295 729 3387 782 καὶ
3419 745 3596 799 πραγ-

2005 820 2215 893 μάτων,
2258 822 2378 876 ἀλλ’
2423 823 2648 894 εἰρήνης
2679 822 2820 877 εἶναι
2859 825 2954 877 καὶ
3002 823 3255 892 ὁμονοίας
3297 813 3590 895 ζημίαν,ᾗ

2001 912 2073 967 τὰ
2105 915 2282 968 πάντα
2334 915 2678 985 συγχέονται.
2728 915 2816 979 Ὠς
2837 915 2951 989 γὰρ
2987 915 3050 969 τὸ
3087 913 3180 984 ὑφ’
3213 915 3426 976 ἑαυτοῖς
3462 913 3589 978 ὲξαο

2003 1007 2282 1062 πατᾶσθαι
2316 1008 2536 1062 πάντων
2565 1010 2842 1081 χείριστον
2862 1009 2948 1063 διὰ
2981 1010 3042 1061 τὸ
3070 1009 3331 1063 καθυ.....
3357 1006 3591 1077 σμικρὴν

2000 1100 2354 1158 ἀποπατεῖν,
2387 1099 2504 1154 ἀλλ’
2542 1100 2632 1154 ἀεὶ
2672 1103 2926 1174 παρεῖναι
2958 1101 3051 1152 τὸν
3100 1098 3463 1166 ἐξαπατῶντα
3496 1099 3591 1153 καὶΙ

2003 1194 2228 1256 πειθοῦς
2274 1195 2544 1273 ἁνᾲγκαις
2584 1194 3053 1264 δουὶιαγωγεῖσθαι
3091 1193 3184 1247 τὸν
3231 1191 3591 1266 ὲξαπατώμτσ

2002 1305 2114 1351 νον,
2169 1287 2313 1341 οὕτω
2360 1289 2457 1342 καὶ
2504 1288 2569 1342 τὸ
2611 1287 2704 1359 ὑφ’
2755 1290 2968 1352 ἑαυτοῖς
3023 1287 3381 1357 πολεμεῖσθαι
3434 1289 3592 1342 πόλιν

2001 1379 2324 1451 δεινότερον,
2360 1379 2436 1445 ὡς
2471 1380 2621 1444 ἐντὸς
2651 1380 2762 1434 τῶν
2806 1379 3252 1450 ὑπεκκαυμάτων
3282 1378 3469 1446 ὅντων,
3510 1381 3592 1443 είς

2005 1473 2183 1546 βιαίας
2218 1476 2416 1546 ἕτοιμα
2449 1474 2654 1540 κακίας
2701 1473 2917 1546 ἄναψιν.
2968 1477 3067 1530 Διὰ
3112 1475 3280 1528 ταῦτα
3311 1477 3408 1529 καὶ
3460 1474 3592 1543 περὶ

2002 1566 2252 1630 πλείονος
2299 1568 2537 1621 ἐποιεῖτο
2578 1568 2639 1621 τὸ
2672 1569 2772 1637 τῆς
2807 1569 3018 1632 πόλεως
3069 1567 3454 1632 ἀστασίαστον,
3496 1567 3591 1621 καὶ

2003 1653 2210 1727 μᾶλλον
2251 1660 2309 1712 ἐν
2336 1659 2571 1729 τοιούτῳ
2612 1659 2790 1731 καιρῷ
2822 1660 2946 1712 καθ’
2971 1660 3030 1714 ὃν
3059 1660 3169 1716 τῶν
3200 1661 3358 1724 ἐκτὸς
3389 1661 3589 1730 ἀνεγη-

2000 1747 2290 1820 γερμένων
2331 1750 2391 1817 ἑξ
2441 1751 2746 1820 ἀναγκαίου
2788 1751 2967 1805 καὶτὸ
3012 1752 3165 1816 ὲντδς
3199 1752 3592 1822 συγκραδαίνε-

2003 1842 2151 1896 σθαι.
2195 1841 2362 1896 Ὥστε
2388 1843 2482 1895 καὶ
2509 1842 2739 1912 ὁρᾶσθαι
2767 1845 2909 1914 σφᾶς
2935 1843 3418 1916 ἀνσγηγερμένους
3441 1841 3592 1910 πρῶ-

1999 1950 2094 1987 τον
2125 1933 2226 2005 μὲν
2257 1934 2369 1988 τῶν
2398 1932 2807 2005 ξυμϐαινόντων
2846 1935 3006 2006 χάριν
3035 1934 3100 1988 ὲκ
3129 1933 3231 2002 τῆς
3261 1931 3592 1993 στασιώδους

1999 2025 2252 2096 ταραχῆς
2275 2025 2516 2097 ἑκείνης,
2554 2026 2631 2087 ὡς
2667 2026 3247 2098 παρακινησειομένων
3271 2026 3336 2079 ὲκ
3377 2023 3476 2094 τῆς
3497 2041 3594 2076 τυ-

1999 2119 2209 2190 χούσης
2251 2119 2601 2190 προφάσεως.
2638 2122 3040 2193 στρατιωτικὰς
3095 2120 3288 2189 εἰσῆγε
3331 2119 3592 2190 δυνάμεις

2000 2211 2125 2266 κατ’
2179 2212 2585 2282 ἀναχαιτισμὸν
2631 2212 2739 2266 τῶν
2793 2213 3266 2285 προσδοκωμένων
3319 2212 3589 2284 θορύόων.

1997 2409 2291 2470 promptos
2321 2398 2610 2469 adjutores
2669 2398 2914 2456 babituri
2963 2412 3107 2468 quos
3156 2397 3221 2453 ad
3275 2399 3383 2454 hoc
3412 2399 3588 2470 ipsum

2001 2493 2410 2551 introduxisset
2437 2494 2491 2546 in
2526 2494 2716 2549 urbem
2748 2493 2970 2548 milites.
3033 2490 3240 2548 Horum
3296 2507 3400 2562 ope
3455 2491 3590 2548 fides

1997 2588 2248 2659 ipsorum
2293 2589 2556 2642 roborata
2589 2601 2868 2658 magnam,
2922 2585 2970 2641 si
3019 2595 3288 2655 quantum
3323 2600 3428 2655 par
3473 2597 3590 2642 erat

1997 2679 2372 2743 anniteretur,
2407 2693 2438 2732 a
2470 2679 2694 2734 civitate
2737 2677 3108 2733 calamitatem
3160 2685 3459 2739 averteret,
3501 2692 3591 2730 se-

1996 2774 2290 2840 ditionem,
2317 2788 2423 2840 qua
2475 2774 2681 2828 multos
2711 2770 2950 2828 diversis
2999 2770 3348 2840 temporibus
3376 2771 3432 2829 in
3465 2786 3586 2825 ma-

1993 2867 2174 2923 lorum
2212 2875 2461 2922 extrema
2493 2868 2784 2922 devenisse
2813 2865 3046 2936 populos
3075 2864 3273 2935 partim
3306 2863 3408 2933 ipsi
3456 2879 3573 2918 me-

1993 2959 2331 3025 minissent,
2386 2959 2588 3029 partim
2639 2957 2845 3012 indicio
2897 2956 3176 3011 annalium
3227 2971 3261 3011 ο
3319 2957 3587 3010 memoria

1992 3051 2166 3107 veteri
2190 3056 2420 3120 possent
2463 3055 2738 3120 repetere.
2777 3046 2869 3102 Sic
2893 3061 3028 3103 sane
3055 3045 3344 3114 baberent,
3371 3046 3580 3099 nullam

282 3128 532 3197 Primum
558 3127 777 3195 ίθῠὶεεθ.
831 3145 957 3185 cum
985 3141 1042 3187 ei
1065 3130 1310 3188 JOaImeS
1339 3133 1518 3189 Ducas
1552 3133 1885 3192 Gulielmum
1916 3153 1959 3211 c
1991 3140 2353 3214 quantumvis
2382 3139 2600 3199 cruenti
2627 3145 2682 3194 et
2713 3136 3049 3195 internecini
3085 3136 3261 3192 exteri
3292 3136 3419 3192 belli
3463 3147 3584 3190 tan-

282 3220 588 3291 quemdam
616 3237 682 3278 ex
712 3222 920 3278 exteris
951 3234 1297 3294 assumptum
1334 3225 1594 3283 Romana:
1627 3226 1767 3284 aulae
1799 3228 1885 3282 di-

282 3312 597 3382 gnitatibus
629 3314 938 3385 ornaverit,
966 3322 1022 3369 et
1055 3316 1352 3371 recentiori
1399 3317 1670 3372 memoria
1725 3326 1887 3388 pater

284 3417 427 3460 suus
460 3403 692 3461 Michael
724 3404 959 3460 lcarium
994 3407 1179 3477 magni
1208 3406 1370 3464 ducis
1395 3407 1686 3478 splendido
1723 3411 1887 3466 titulo

285 3496 456 3571 547
490 3485 968 3555 cobonestaverit.
1033 3498 1179 3557 Sane
1208 3503 1357 3557 nulla
1393 3503 1450 3558 in
1489 3515 1649 3574 parte
1705 3520 1892 3562 cessa-

283 3598 401 3646 tum
435 3605 465 3644 a
498 3605 579 3657 se,
616 3606 720 3645 nec
769 3591 1074 3662 quidquam
1145 3610 1390 3665 unquam
1451 3597 1888 3666 prtetermissum

285 3701 396 3755 quo
434 3686 693 3740 sustineri
741 3701 908 3755 posse
957 3688 1237 3742 labantem
1278 3691 1684 3761 rempublicam
1738 3693 1892 3746 salu-

287 3780 746 3858 temqnepOpuli
789 3781 1051 3837 constitui
1092 3798 1220 3852 spes
1246 3785 1648 3854 qualiscunque
1681 3788 1886 3842 suade-

283 3882 390 3930 ret.
421 3871 582 3929 Unde
628 3889 739 3928 non
781 3875 1039 3945 imputari
1098 3876 1217 3946 ejus
1279 3878 1625 3949 negligentia
1683 3881 1886 3937 debere

281 3965 480 4020 ruinas
512 3979 634 4034 quae
668 3976 1033 4021 cernerentur
1063 3982 1246 4022 rerum
1275 3985 1291 4023 :
1342 3971 1435 4024 sed
1489 3969 1585 4026 irae
1640 3973 1884 4042 primum

283 4058 492 4114 divinae
523 4070 745 4127 peccata
777 4069 970 4116 nostra
1039 4061 1358 4129 ulciscenti,
1407 4075 1594 4134 postea
1654 4065 1887 4137 ignavia:

285 4152 631 4228 incurireque
665 4152 1049 4220 praefectorum
1107 4155 1368 4226 negotiis,
1414 4173 1513 4225 per
1561 4173 1700 4227 quas
1747 4161 1885 4216 satis

285 4256 571 4302 constaret
603 4246 863 4317 pleraque
883 4248 1172 4304 materiam
1232 4248 1454 4319 publico
1507 4251 1681 4306 luctui
1742 4270 1881 4323 prse-

281 4339 471 4396 bentia
507 4339 678 4396 fuisse
710 4348 934 4409 accepta
974 4341 1326 4396 detrimenta.
1383 4340 1480 4398 llis
1521 4343 1618 4398 ubi
1673 4344 1879 4400 similia

1991 3236 2102 3290 tam
2135 3249 2259 3290 esse
2287 3233 2614 3305 perniciem,
2639 3246 2762 3301 qua:
2787 3230 3007 3286 damnis
3031 3241 3087 3286 et
3111 3229 3304 3285 exitiis
3338 3230 3584 3284 civilium

1990 3327 2356 3384 certaminum
2409 3336 2728 3396 comparata
2781 3338 2890 3379 non
2965 3323 3274 3392 reperiatur
3324 3323 3584 3378 tolerabi-

1992 3420 2098 3476 lior
2125 3437 2188 3477 ac
2213 3421 2409 3477 levior.
2428 3420 2726 3491 Nunquam
2746 3419 2892 3475 enim
2926 3417 3206 3474 seditiosis
3232 3416 3586 3474 conflictibus

1997 3522 2094 3570 aut
2130 3512 2295 3570 saluti
2333 3511 2618 3569 hominum
2650 3512 2960 3567 consulitur
2985 3522 3078 3566 aut
3104 3509 3290 3565 tutela:
3315 3508 3580 3564 domumn

1996 3623 2063 3666 ac
2096 3624 2310 3674 rerum,
2344 3607 2438 3663 sed
2475 3613 2668 3662 contra
2699 3619 2802 3675 per
2830 3619 2926 3660 eos
2971 3607 3119 3672 pacis
3170 3610 3226 3658 et
3266 3601 3588 3658 consensio-

1997 3703 2082 3758 nis
2114 3699 2316 3767 civilis,
2359 3714 2483 3768 qutc
2526 3706 2657 3752 sunt
2693 3701 2868 3766 prima
2904 3695 3261 3749 fundamenta
3309 3695 3582 3749 bonorum

1996 3795 2268 3858 omnium,
2319 3793 2539 3863 jactura
2601 3791 2950 3860 irreparabili
3015 3789 3160 3843 facta
3215 3789 3471 3843 universa
3526 3787 3582 3842 in

1996 3888 2379 3945 confusionem
2412 3883 2782 3940 miserrimam
2824 3884 3072 3939 veniunt.
3105 3884 3180 3936 Ac
3223 3882 3583 3946 qureonadmo-

1997 3982 2128 4038 dum
2159 3979 2548 4050 deccptionum
2582 3991 2644 4030 ca
2705 3977 2867 4046 longe
2919 3976 3164 4029 omnium
3207 3975 3445 4042 pessima
3497 3982 3582 4028 est

1993 4090 2102 4144 qua
2138 4073 2264 4146 quis
2303 4086 2332 4125 a
2364 4086 2425 4126 se
2451 4072 2572 4141 ipso
2599 4068 2895 4138 decipitur,
2932 4077 3156 4138 prepter
3189 4067 3386 4122 intime
3417 4077 3581 4132 atque

1995 4164 2443 4237 inseparabiliter
2466 4163 2758 4218 admotum,
2782 4162 3013 4233 decepto
3044 4160 3393 4229 deceptorem
3419 4156 3584 4230 5‘8

1990 4271 2047 4318 et
2076 4269 2301 4331 propter
2353 4257 2645 4313 obnoxiam
2701 4256 2914 4326 decepti
2970 4254 3285 4308 faciiitatcm
3333 4252 3399 4306 ad
3453 4267 3582 4330 suc-

1986 4351 2355 4408 cumbendum
2376 4346 2864 4418 insuspicabilibus
2883 4345 3020 4399 adeo
3041 4345 3193 4398 cbari
3211 4359 3274 4398 ac
3295 4343 3576 4411 conjuncti

284 4434 458 4490 multa
485 4431 798 4498 subtexuit,
827 4430 1052 4486 tandem
1091 4448 1158 4487 eo
1189 4432 1413 4501 collegit
1444 4448 1717 4489 summam
1752 4450 1879 4496 ora-

1993 4445 2307 4515 deceptoris
2339 4442 2653 4506 fraudibus,
2687 4441 2759 4494 ita
2787 4440 2915 4527 belli
2948 4453 3112 4509 supra
3144 4439 3326 4493 omnia
3365 4437 3574 4507 capita-

284 4527 492 4592 tionis,
558 4533 621 4579 ut
678 4540 1018 4596 magnopere
1081 4525 1302 4580 cunctis
1359 4525 1689 4596 praeciperet
1737 4535 1877 4583 astu

209 4669 214 4674 .
282 4623 599 4678 animorum
634 4634 956 4690 compresso
981 4620 1294 4690 quiescere,
1337 4620 1736 4690 attendereque
1757 4623 1876 4679 suis

283 4728 562 4785 quemque
599 4712 923 4769 domesticis
964 4713 1146 4778 rebus,
1175 4728 1277 4769 nec
1315 4721 1526 4769 temere
1556 4727 1619 4768 se
1667 4714 1724 4770 in
1776 4730 1876 4769 cu-

281 4821 399 4862 ram
442 4805 651 4877 publici
683 4804 967 4876 regiminis
1003 4806 1273 4875 ingerere.
1303 4805 1543 4860 Tantum
1588 4823 1688 4876 pro
1719 4806 1872 4862 virili

283 4901 364 4958 sic
395 4902 586 4956 vivere
640 4909 926 4964 curarent,
968 4911 1028 4955 ttt
1079 4901 1514 4955 commutatione
1543 4917 1760 4956 morum
1816 4901 1871 4955 in

285 4994 487 5050 melius
516 4993 714 5066 dignos
738 5009 798 5050 se
825 4993 1161 5063 prOSperiori
1195 4993 1434 5056 fortuna,
1453 4994 1670 5062 judicio
1693 4995 1884 5050 mode-

178 5081 180 5083 }
281 5088 464 5144 rantis
492 5087 731 5140 humana
761 5085 1044 5152 Numinis,
1084 5085 1400 5150 redderent,
1432 5086 1538 5142 sibi
1587 5097 1790 5150 autem,
1826 5095 1882 5143 et

260 5180 488 5251 quibus
521 5180 590 5234 ad
639 5177 694 5233 id
735 5177 1010 5233 ministris
1071 5177 1151 5231 uti
1206 5179 1391 5243 vellet,
1447 5178 1740 5234 arbitrium
1773 5195 1877 5250 pu-

280 5277 440 5332 blicae
475 5276 554 5331 rei
587 5273 958 5345 gubernanda:
993 5273 1373 5341 permitterent
1405 5274 1704 5343 integrum,
1730 5275 1871 5330 nihil

282 5371 502 5425 curiose
571 5367 914 5424 sciscitando
964 5383 1130 5437 super
1187 5368 1436 5423 consiliis
1468 5379 1738 5431 actorum,
1777 5380 1871 5424 aut

283 5465 431 5520 circa
467 5477 767 5519 successus
792 5463 845 5516 in
889 5461 1135 5515 futurum
1164 5462 1406 5517 incertos
1453 5462 1606 5516 inani
1658 5462 1872 5516 divina-

281 5560 430 5615 tione
458 5555 852 5613 conﬂictando.
877 5554 1065 5624 Neque
1089 5557 1143 5610 in
1171 5556 1272 5611 ista
1301 5572 1361 5611 se
1390 5557 1630 5627 quisque
1666 5556 1869 5609 viritim

269 5652 568 5724 continere
629 5650 900 5707 modestia
955 5648 1092 5705 satis
1146 5649 1444 5704 baberent:
1486 5663 1676 5702 verum
1729 5649 1870 5702 etsi

284 5762 424 5816 quos
455 5746 671 5801 initium
701 5743 1075 5799 tumultuandi
1122 5743 1306 5799 facere
1330 5752 1646 5804 cernerent,
1679 5752 1867 5795 contra

287 5843 467 5901 Statim
527 5841 873 5914 insurgendo
926 5841 1188 5898 cobibcrc
1235 5851 1619 5907 conarentur,
1681 5839 1735 5894 in
1802 5854 1868 5895 eo

1987 4539 2259 4595 lissimum
2296 4551 2471 4607 genus
2502 4543 2609 4596 est.
2633 4549 2750 4604 quo
2775 4534 2922 4588 cives
2949 4533 3104 4586 urbis
3134 4533 3302 4587 unius
3337 4530 3575 4586 invicem

1946 4634 2437 4694 committuntur,
2501 4628 2649 4698 quod
2688 4628 2736 4683 is
2787 4625 3159 4683 exardescens
3212 4628 3367 4681 furor
3425 4624 3578 4681 faces

1986 4727 2232 4797 applicet
2261 4733 2453 4796 parato
2491 4723 2644 4777 intus
2681 4732 2738 4777 et
2767 4730 3032 4791 congesto
3068 4720 3269 4784 fomiti,
3313 4719 3462 4774 unde
3491 4718 3580 4773 in-

1988 4819 2250 4874 cendium
2285 4808 2540 4886 erumpat
2595 4815 2855 4869 universa
2909 4823 3393 4884 consumpturum.
3447 4809 3576 4867 Hac

1987 4927 2114 4967 cum
2148 4913 2222 4965 ita
2259 4910 2390 4973 sint,
2420 4923 2528 4977 prae
2559 4906 2819 4962 omnibus
2846 4920 3048 4976 cupere
3100 4920 3161 4961 se
3191 4919 3256 4959 ac
3311 4913 3574 4973 tanquam

1988 5004 2318 5077 nptabilium
2349 5004 2646 5056 maximum
2685 5013 2905 5055 summo
2940 4998 3126 5054 studio
3143 5012 3389 5068 quaerere
3421 5005 3578 5051 tran-

1987 5099 2221 5169 quillum
2278 5096 2523 5150 civitatis
2556 5093 2852 5149 concordis
2913 5100 3139 5147 statum.
3193 5089 3387 5157 Qualis
3445 5105 3589 5165 cum

1986 5193 2165 5261 expeti
2200 5204 2418 5261 semper
2451 5189 2672 5252 debeat.
2701 5187 2808 5242 hoc
2845 5185 3154 5257 praesertim
3191 5184 3427 5239 maxime
3470 5200 3574 5239 ne-

1984 5285 2288 5342 cessarium
2340 5288 2600 5351 appareat
2652 5289 2924 5350 tempore,
2967 5292 3078 5348 quo
3121 5277 3286 5333 rebus
3326 5277 3575 5332 exterius

1986 5380 2227 5436 turbatis
2264 5376 2582 5433 inevitabile
2613 5376 2682 5430 sit
2745 5390 2852 5428 non
2903 5374 3095 5428 urbem
3144 5371 3354 5442 pariter
3391 5371 3566 5440 ipsam

1983 5475 2105 5544 ipso
2128 5474 2338 5529 circum
2390 5470 2636 5540 undique
2690 5467 3047 5520 titubantium
3085 5466 3370 5533 regionum
3418 5474 3570 5517 motu

1985 5584 2049 5621 ac
2081 5565 2316 5634 strepitu
2378 5563 2636 5626 concuti;
2692 5561 2783 5615 cui
2819 5560 2865 5614 si
2923 5564 3165 5613 externa!
3212 5555 3569 5636 impressioni

1981 5655 2257 5710 tumultus
2291 5653 2525 5708 interior
2544 5651 2795 5716 accedat,
2823 5652 3001 5721 palam
3027 5649 3100 5704 sit
3125 5657 3322 5703 cuncta
3351 5648 3407 5703 in
3429 5664 3571 5719 pra-

1981 5765 2112 5819 ceps
2149 5743 2591 5802 irrevocabiliter
2623 5746 2872 5818 lapsura.
2910 5742 3043 5797 Tam
3074 5742 3292 5796 lubrico
3322 5750 3377 5795 et
3403 5739 3564 5795 anci-

1976 5841 2075 5918 piti
2109 5848 2411 5908 momento,
2443 5854 2501 5895 se
2521 5854 2624 5914 pro
2657 5835 2914 5910 vigilandi
2947 5833 3129 5893 oﬁcio
3163 5834 3216 5888 in
3255 5835 3570 5894 communis
