3994 6226
513 265 624 368 soi

508 603 755 671 σημείων
810 603 1072 676 φανέντος
1119 611 1592 685 ἑπιισφρήσαντες
1645 615 1910 683 οὔταζον,
1965 617 2100 674 ,ὥστ’

494 693 846 766 ,ἂξικνεῖσθαι
880 702 978 755 καὶ
999 703 1146 757 κατά
1176 703 1274 760 τοῦ
1301 705 1558 780 σώματος
1590 711 1691 775 τὰς
1725 714 1963 783 πληγὰς,
1993 713 2097 767 κᾶν

505 789 605 874 και
635 784 889 859 βασιλεὺς
926 793 1328 866 ἀγχιστρόφους
1376 799 1552 856 ἁποίει
1581 802 1680 868 τὰς
1725 805 2093 874 μετακλίσεις,

503 879 557 933 εί
589 880 665 951 μὴ
708 883 820 939 τῶν
845 884 1024 941 ἄλλων
1057 892 1528 962 φυγομαχοῦντων
1571 896 1734 960 αὐτὸς
1764 896 1863 952 σὺν
1894 897 2095 966 ὀλίγοις

503 971 564 1026 ιν
585 975 872 1050 ἀναγκαίῳ
904 980 1138 1053 κινδύνῳ
1163 979 1233 1054 ἦν
1270 987 1368 1041 καὶ
1395 990 1778 1060 παρακληθεὶς
1823 992 2093 1065 ὑπέστρε-

504 1084 624 1136 φεν.
656 1068 798 1123 Ἀλλ’
829 1073 877 1125 οί
907 1073 1007 1143 μὲν
1058 1077 1422 1150 ἐπισπόμενοι
1459 1083 1562 1137 οὐκ
1590 1085 1803 1155 ἀνῆκαν
1843 1085 1948 1154 ἔτι,
1977 1089 2005 1141 ὁ
2035 1087 2093 1142 δὲ

506 1161 708 1232 μικρὸν
759 1164 1124 1240 ἀναχωρήσας
1167 1171 1263 1225 τοῦ
1315 1175 1576 1244 κυδοιμοῦ
1630 1177 1842 1247 δάκρυά
1873 1197 1932 1234 τε
1983 1181 2094 1236 τῶν

488 1253 821 1333 ὀφθαλμῶν,
855 1255 943 1314 οἷα
970 1260 1125 1332 λόγος
1151 1265 1244 1320 τὸν
1265 1267 1675 1341 Ἀγαμέμνονα,
1706 1271 1877 1345 ἔρρει,
1903 1274 2093 1328 ἕλκετο
2111 1287 2128 1299 “

499 1345 550 1439 δ’
581 1348 647 1402 ὲκ
689 1353 936 1424 κεφαλῆς
984 1357 1396 1429 προθελύμνους
1427 1363 1529 1427 τὰς
1549 1365 1788 1439 ,τρίχας
1834 1370 1948 1431 τοῖς
1979 1367 2091 1421 τῶν

513 1438 805 1532 Ῥωμαίων
853 1446 1300 1521 ἐποικτιζόμενος
1339 1438 1655 1527 πράγμασι,
1688 1461 1784 1512 καὶ
1822 1460 2092 1532 ὑποστρέ-

502 1531 959 1627 ιρειν-ίεσφάδαζε,
1015 1539 1121 1593 κᾶν
1147 1541 1251 1595 οὐκ
1305 1540 1454 1614 εἶχεν
1496 1545 1654 1610 ὅλως.
1689 1548 1878 1614 Ἔλεος
1927 1552 1975 1605 δ’
2020 1549 2089 1627 ἦν

501 1620 752 1712 εντεῦθεν
790 1625 949 1693 Θεοῦ,
1000 1633 1094 1685 καὶ
1129 1634 1310 1688 ἔννοιά
1339 1653 1425 1700 τις
1469 1639 1645 1712 εἰσῄει
1688 1641 1815 1707 τοὺς
1855 1620 2089 1701 ἀντιπά-

500 1709 630 1778 λους
655 1715 732 1778 ὡς
775 1719 900 1773 κατ’
938 1723 1157 1795 ἀπάτην
1190 1725 1539 1807 ἀναχωροῦσι
1562 1709 1688 1786 "atat
1715 1733 1792 1797 ὡς
1840 1734 2089 1806 ἐνέδραις

501 1807 913 1901 προλοχίζουσιν
961 1817 1136 1882 ἄλλοι,
1192 1826 1288 1874 καὶ
1334 1821 1511 1888 οὕτως
1565 1826 1918 1899 ἀνείργονται
1979 1830 2082 1901 τῆς

499 1898 759 1991 διώξεως.
795 1905 962 1962 Ὅθεν
992 1912 1087 1965 καὶ
1116 1905 1264 1967 οὗτοι
1300 1915 1400 1984 μὲν
1427 1921 1528 1987 τῆς
1558 1917 1650 1971 ἐπὶ
1679 1920 1740 1972 τὸ
1772 1922 1960 1991 πρόσω
1991 1898 2085 1991 φό-

497 1993 605 2063 ρᾶς
636 1987 908 2066 ἵστανται,
935 2002 1131 2059 ἐκεῖνοι
1157 2006 1214 2058 δὲ
1245 2005 1400 2071 ἄλλος
1425 2008 1662 2081 ἀλλαχοῦ
1687 1987 2086 2085 διασπαρέντες

499 2088 924 2155 περισώζονται.
963 2094 1024 2148 Ὀ
1053 2100 1238 2164 μέντοι
1266 2115 1329 2168 γε
1374 2099 1631 2172 βασιλεὺς
1668 2106 2086 2176 καταλαμϐάνει

504 2178 660 2247 μόλις
691 2185 750 2233 τὸ
783 2182 1101 2252 Πάμφυλον.
1147 2189 1258 2241 Καὶ
1289 2188 1354 2261 δὴ
1385 2193 1486 2262 τῆς
1529 2193 1722 2263 φήμης
1745 2194 2088 2267 διαδοθείσης

500 2270 600 2324 ούκ
629 2267 696 2344 ἦν
727 2275 876 2339 ὅστις
912 2278 1021 2331 τῶν
1047 2282 1334 2352 γεωργῶν,
1379 2285 1440 2337 ὲν
1468 2285 1618 2357 ἀκμῇ
1664 2289 1757 2341 καὶ
1790 2288 1963 2342 ταῦτα
1990 2289 2085 2343 τοῦ

486 2366 719 2438 θέρους,
752 2368 859 2434 ἔξω
893 2371 993 2441 τῆς
1034 2374 1449 2430 Κωνσταντίνου
1493 2378 1936 2444 ἐναπολέλειπτο,
1965 2382 2085 2436 ἀλλ’

444 2533 446 2535 _
496 2456 617 2528 ἃμα
642 2459 1272 2538 πάντοθενίμυρμηκιὰν
1304 2469 1636 2541 μιμούμενοι
1661 2471 2083 2544 ἐσκευαγώγουν

497 2551 586 2622 ἐφ’
612 2553 859 2624 ἁμαξῶν,
892 2555 1025 2629 θέρη
1059 2561 1156 2612 καὶ
1181 2559 1474 2633 δράγματα
1509 2566 1605 2619 καὶ
1633 2565 1838 2630 σωροὺς
1871 2567 2084 2638 χαίρειν

493 2645 718 2711 ἐῶντες.
748 2649 874 2715 Τοῖς
904 2651 1004 2722 μὲν
1042 2650 1135 2707 οὖν
1165 2654 1451 2727 ἑναντίοις,
1486 2656 1590 2713 κάν
1624 2660 1787 2714 ἴστων
1816 2661 1885 2714 τὰ
1906 2663 2083 2732 ὁρμή-

489 2829 638 2886 bosti
677 2831 872 2887 victori
895 2832 1148 2901 obiectus
1181 2843 1362 2893 terror
1411 2843 1500 2895 est
1545 2837 1875 2896 insidiarum
1911 2856 1940 2894 a
1977 2857 2080 2896 no-

495 2924 631 2979 etris
671 2925 1000 2996 positarum,
1039 2928 1094 2983 in
1127 2944 1265 2999 quas
1294 2929 1446 3000 ipsus
1467 2931 1728 2986 videlicet
1761 2933 2082 3002 pertrahere

493 3016 797 3075 artificiosa
863 3021 1006 3092 fugae
1037 3022 1396 3078 simulatione
1431 3025 1769 3097 cegitarent.
1799 3025 1926 3082 Hmc
1955 3029 2080 3084 illos

493 3110 562 3178 ab
589 3111 822 3167 ulterius
856 3117 1241 3185 persequendo
1300 3116 1566 3173 cohibens
1621 3135 1786 3175 causa
1842 3123 2076 3191 spatium

495 3204 749 3261 Michaeli
773 3206 926 3264 dedit
956 3224 1151 3266 manus
1184 3227 1378 3266 eorum
1411 3215 1707 3272 evadendi.
1740 3217 1817 3270 Ac
1845 3216 2074 3272 Romani

492 3300 713 3372 quidem
740 3302 922 3357 caeteri
958 3305 1111 3359 varie
1136 3304 1378 3376 dispersi
1421 3305 1681 3371 salutem,
1713 3307 1802 3362 ubi
1838 3310 2076 3380 quisque

492 3393 690 3463 potuit,
738 3395 1030 3466 quaesiere.
1055 3395 1364 3467 Imperator
1404 3412 1549 3468 aegre
1589 3398 2076 3472 Pamphylum-de-

491 3489 642 3544 latus
671 3486 1014 3558 ibi'quievit.
1063 3489 1234 3545 Fama
1286 3488 1464 3547 eladis
1513 3490 1679 3562 hujus
1739 3492 1849 3551 late
1879 3493 2073 3561 didita,

488 3584 677 3640 nullus
709 3583 1110 3656 agricolarum,
1160 3584 1263 3638 etsi
1325 3598 1568 3652 summa,
1628 3595 1688 3640 ut
1739 3596 1872 3642 tunc
1931 3598 2074 3653 erat,

487 3687 685 3737 aestate
709 3680 791 3736 vel
830 3679 1068 3735 maxime
1120 3692 1289 3747 opera
1319 3691 1512 3733 eorum
1547 3679 1776 3732 maturis
1806 3680 2076 3746 colligen-

489 3773 577 3830 dis
613 3768 892 3843 segetibus
923 3786 1054 3826 rure
1086 3771 1487 3842 requirerelur,
1542 3779 1699 3828 extra
1749 3771 2073 3829 Constanti—

489 3867 734 3938 nopolim
766 3867 1070 3922 subsistere
1097 3864 1296 3920 voluit.
1319 3862 1528 3936 Longis
1561 3865 1806 3936 undique
1832 3865 2075 3937 agmini-

487 3960 592 4016 bus
621 3961 797 4014 instar
845 3959 1226 4026 formicarum,
1276 3959 1637 4016 domesticam
1675 3961 2072 4031 supellectilem

485 4052 754 4124 plaustris
781 4051 1098 4121 impositam
1136 4066 1247 4123 prae
1277 4067 1338 4108 se
1372 4059 1627 4123 agentes,
1659 4052 1711 4107 in
1769 4053 1961 4108 urbem
1992 4051 2076 4109 fe-

484 4146 777 4212 rebantur,
813 4144 994 4201 securi
1031 4145 1319 4208 messium,
1351 4158 1493 4215 quas
1537 4145 1739 4214 partim
1774 4145 1829 4199 in
1862 4145 2075 4216 campis

486 4241 735 4297 nondum
768 4240 1023 4295 desectas
1059 4238 1244 4302 falce,
1271 4238 1476 4310 partim
1524 4238 1580 4292 in
1636 4239 1787 4294 areis
1819 4241 2076 4310 manipu-

486 4335 638 4389 latim
688 4335 742 4388 in
795 4343 983 4389 strues
1021 4339 1328 4404 congestas
1392 4330 1810 4401 relinquebant,
1865 4335 2075 4389 condo-

488 4434 686 4479 nantes
719 4423 998 4489 hostibus,
1029 4432 1085 4478 et
1123 4424 1176 4476 in
1209 4424 1366 4476 lucro
1397 4433 1668 4495 ponentes
1699 4425 1847 4495 quod
1878 4424 2074 4481 barba-

485 4520 665 4573 ricum
699 4516 985 4572 servitium
1020 4526 1113 4571 aut
1162 4515 1371 4572 ferrum
1399 4517 1487 4571 vel
1534 4516 1668 4572 nudi
1725 4528 1781 4574 et
1823 4520 2073 4574 omnium

484 4610 1031 4680 inopes‘eli‘ugerent.
1066 4609 1321 4666 Victores
1353 4609 1612 4676 Barbari,
1648 4611 1743 4667 ubi
1783 4614 1921 4669 satis
1956 4613 2073 4671 dis-

483 4713 786 4759 cusserunt
831 4702 1209 4772 suspicionem
1243 4701 1577 4758 insidiarum
1614 4719 1738 4774 qua:
1764 4705 1888 4762 illos
1924 4721 1953 4760 a
1989 4707 2073 4762 vi-

1737 315 2061 380 GEORGII
2100 319 2591 382 PACHYMEWE

512 384 718 489 ρίσκων
759 417 1008 490 δέχονται
1060 419 1156 481 καὶ
1201 422 1301 495 τὴν
1330 423 1618 500 βασιλικὴν
1651 427 1736 503 [Ρ.
1774 430 1904 504 585]
1938 447 2095 501 περι·
2122 432 2170 490 Δ
2203 452 2348 504 ματα
2378 435 2500 489 τότε
2527 434 2670 490 κατά
2702 451 2825 488 τινα
2857 434 3088 505 ὲνεδρῶν
3118 435 3379 507 ὑποψίαν.
3409 438 3525 497 anc
3561 438 3648 495 οὖν
3673 447 3766 501 οὐκ

509 509 795 565 ποιοῦνται
816 511 986 584 ιζωήν
1009 528 1024 544 ·
1073 514 1262 584 πολλοὶ
1289 517 1400 588 γὰρ
1433 520 1531 575 Utta
1575 520 1843 592 βασιλέως
1882 527 1946 578 ἐκ
1987 523 2099 577 τῶν
2141 550 2143 553 -

3659 327 3765 397 668-

2201 527 2358 596 ὁλίγα
2397 527 2506 580 τῶν
2534 527 2852 600 ἀνηκέστων
2883 527 3121 600 πράξασι
3150 530 3245 582 καὶ
3298 529 3370 584 τά
3411 536 3764 605 προστυχόντα

2201 620 2557 692 ληῖσαμένοις
2609 623 2770 695 fiatﬁat
2818 621 2921 692 τὴν
2962 623 3160 693 ’Ᾱπρω
3211 623 3616 696 περικαθῆσθαι
3664 631 3766 683 τῶν

2202 713 2587 768 είσδεδυκὸτων
2629 714 2814 780 ἕνεκα,
2846 716 2941 770 καὶ
2985 716 3288 786 ιπειρῶντο
3330 717 3632 787 πολιορκεῖν
3653 737 3666 752 ο
3695 723 3766 786 ὡς

2198 805 2244 860 δ’
2275 808 2376 862 οὐκ
2413 807 2611 877 ἤνυτον
2656 808 2718 862 τὸ
2769 808 3056 879 παράπαν,
3107 810 3356 880 ἔγνωσαν
3397 811 3765 882 ὑποστρέφειν.

2211 900 2458 967 Ἀλανοῖς
2485 903 2530 956 δ’
2565 902 2715 968 ἅπαξ
2739 903 2994 972 ἀφεικόσι
3023 902 3122 976 τὴν
3149 905 3289 976 πρὸς
3312 905 3439 967 τοὺς
3473 903 3766 974 βασιλεύον-

2196 1014 2300 1062 τας
2325 998 2536 1052 ἐννοιαν
2581 999 2866 1054 σκυλεύειν
2889 1000 2958 1054 τὰ
2986 1001 3049 1053 ἐν
3103 1000 3264 1055 ποσὶν
3295 999 3463 1066 ἔδοξε,
3502 999 3596 1054 καὶ
3629 1002 3762 1069 φίλοι

2200 1091 2301 1162 μὲν
2349 1092 2660 1160 ἐφίσταντο,
2693 1093 2879 1167 ἐχθροὶ
2915 1093 2962 1147 δ’
3016 1092 3405 1147 ἀπανίσταντο.
3450 1093 3629 1148 Ταῦτα
3670 1111 3766 1163 μαο

2197 1186 2308 1241 θὼν
2336 1188 2364 1241 ὁ
2403 1186 2678 1258 βασιλεὺς,
2707 1187 2803 1242 καὶ
2847 1187 2924 1252 ὡς
2967 1187 3116 1250 εἰκὸς
3173 1187 3496 1260 ἑπαλγήσας
3525 1190 3590 1259 τῇ
3634 1204 3764 1259 συμ-

2195 1281 2361 1352 φορᾷ,
2404 1278 2482 1350 τῷ
2518 1280 2619 1350 μὲν
2647 1280 2750 1350 υἱῷ
2787 1297 2849 1334 τε
2879 1280 2975 1334 καὶ
3010 1278 3226 1352 βασιλεῖ
3260 1279 3388 1343 τοὺς
3417 1279 3766 1351 παρακλητη-

2195 1375 2344 1446 ρίους
2373 1374 2448 1438 ὡς
2485 1370 2633 1445 εἶχεν
2661 1374 3024 1447 ὲνεσχεδίαζε,
3051 1376 3146 1429 τὸν
3195 1374 3610 1446 Κουτζίμπαξιν
3639 1377 3768 1429 ἀπο-

2193 1469 2314 1523 λύει
2352 1470 2506 1538 -πρδς
2532 1469 2815 1532 Ἀλανοὺς,
2859 1470 2977 1538 ἅμα
3011 1467 3112 1542 μὲν
3147 1468 3392 1531 ἐκείνους
3444 1469 3769 1541 ἐγκαθεστήι

2193 1557 2373 1628 eam,
2409 1563 2528 1633 ἅμα
2556 1563 2614 1617 δὲ
2648 1567 2744 1618 καὶ
2766 1563 3230 1633 Τουρκοπούλους
3253 1562 3763 1638 δουλαγωγήσοντσ·

2189 1655 2269 1726 τῷ
2308 1656 2420 1726 γὰρ
2445 1655 2694 1726 δμοεθνεῖ
2723 1673 2784 1710 τε
2828 1657 2922 1710 καὶ
2947 1657 3308 1728 δμογλὼσσῳ,
3346 1657 3443 1711 καὶ
3485 1657 3569 1710 ὅτι
3611 1658 3765 1726 συνήο

2117 1786 2160 1842 Β
2192 1749 2294 1817 θης
2324 1743 2394 1820 ἦν
2421 1747 2672 1812 ’Δλανοῖς
2697 1749 2757 1803 ὲν
2785 1747 2958 1821 Νογᾷ,
2990 1749 3083 1802 καὶ
3109 1750 3190 1804 ὅτι
3216 1749 3319 1822 τὴν
3347 1750 3483 1820 πρὸς
3509 1748 3771 1842 Τουκτάῖν

2152 1864 2167 1881 ι
2189 1841 2490 1911 πρεσϐείαν
2521 1841 2686 1904 αὐτὸς
2716 1842 2975 1906 ἐποιεῖτο,
3008 1841 3089 1904 είς
3120 1841 3255 1896 αίδὼ
3289 1843 3610 1912 πρέπουσαν
3637 1841 3768 1910 ὑπη·

2187 1933 2338 2000 κόοις
2364 1934 2744 2002 ἐπαγαγέσθαι
2775 1937 2918 2004 σφᾶς
2950 1934 3290 1989 ἐπιστεύετο.
3320 1935 3492 1998 Αὐτὸς
3522 1935 3568 1988 δ’
3600 1935 3657 2000 ἐξ
3680 1934 3770 1987 αὐ-

2183 2027 2285 2098 τῆς
2340 2029 2723 2098 στρατολογεῖν
2763 2046 2822 2082 τε
2876 2029 2972 2083 καὶ
3024 2031 3274 2101 ὲφορμᾷν
3326 2029 3591 2096 ἠϐούλετο
3653 2029 3764 2099 μὲν,

2185 2121 2435 2192 ἐπείχετο
2484 2120 2542 2176 δὲ
2583 2124 2639 2188 ἐξ
2687 2123 3005 2191 ἀναγκαίων
3056 2123 3270 2177 πολλῶν
3331 2123 3766 2193 άντισπώμενος.

2185 2213 2287 2267 Διά
2336 2212 2510 2267 ταῦτα
2561 2215 2654 2267 καὶ
2686 2215 2795 2268 ἀπὸ
2837 2214 2943 2284 γῆς
2979 2216 3079 2286 μὲν
3128 2215 3388 2287 δυνάμεις
3437 2215 3766 2279 ἀποστόλους

2103 2361 2116 2375 ,
2145 2305 2154 2338 -’
2187 2305 2644 2376 προσετοιμάζει,
2693 2302 2773 2369 οἷς
2809 2305 3146 2378 θαρροῦντες
3175 2308 3242 2362 οί
3289 2307 3610 2380 πρόσχωροι
3642 2308 3766 2378 ἀφό-

2185 2397 2297 2460 ϐως
2327 2397 2634 2468 ὲργάζοιντ⁹
2664 2397 2730 2453 ἂν
2767 2397 2853 2472 [Ρ.
2887 2399 3016 2471 584]
3053 2400 3124 2454 τά
3148 2400 3243 2455 τοῦ
3277 2399 3494 2471 θέρους,
3537 2401 3768 2472 ’Δμογα-

2185 2491 2377 2563 δάροις
2428 2492 2492 2545 δὲ
2518 2491 2659 2555 τέως
2707 2492 2994 2564 ἀνακωχὰς
3047 2492 3225 2556 διδοὺς
3267 2491 3343 2555 ὡς
3373 2493 3578 2548 αὐτίκα
3611 2509 3768 2547 καταο

2182 2582 2570 2654 δραμούμενος
2607 2584 2978 2656 συναχθεισῶν
3011 2584 3120 2638 τῶν
3155 2584 3460 2657 δυνάμεων,
3492 2588 3687 2640 ἔπειτα
3715 2589 3769 2638 ἐν

2182 2679 2339 2756 τρισὶ.
2391 2678 2488 2733 καὶ
2534 2678 2666 2734 δέκα
2717 2680 2878 2735 ναυσὶ
2932 2680 3258 2745 Γεννουϊτας
3307 2682 3372 2735 ὲκ
3415 2681 3530 2736 τῶν
3581 2682 3767 2748 Λαζῶν

2183 2875 2244 2916 se
2277 2860 2423 2917 feris
2469 2846 2756 2918 maleficiis
2800 2863 3209 2920 monstrabant.
3253 2865 3352 2922 Eis
3402 2864 3760 2923 Andronicus

2183 2957 2403 3012 cunctis
2425 2957 2686 3027 cognitis,
2710 2967 2765 3012 et
2788 2973 2949 3029 quem
2976 2972 3073 3028 par
3100 2969 3224 3015 erat
3251 2976 3316 3016 ex
3349 2961 3512 3017 clade
3544 2973 3762 3032 accepta

2184 3049 2430 3105 dolorem
2466 3059 2523 3105 et
2564 3051 2812 3106 sentiens
2842 3060 2896 3104 et
2931 3052 3217 3120 promens,
3254 3052 3366 3110 filio
3395 3055 3626 3126 quidem
3658 3057 3766 3113 Au-

2107 3137 2153 3200 C
2186 3149 2349 3214 gusto
2376 3141 2780 3198 consolatorias
2805 3158 2968 3211 quam
2996 3143 3235 3214 primum
3253 3147 3506 3218 scripsit,
3534 3148 3769 3205 Cutzim-

2184 3235 2367 3306 paxim
2400 3244 2586 3290 autem
2613 3235 2824 3290 dimisit
2864 3235 2930 3291 ad
2981 3234 3214 3302 Alanos,
3249 3252 3484 3308 sperans
3539 3256 3765 3297 revoca-

2180 3336 2365 3383 turum
2396 3341 2491 3382 eos
2514 3325 2582 3381 ad
2606 3325 2878 3390 officium.
2913 3328 3080 3384 simul
3111 3337 3164 3383 et
3188 3328 3541 3402 TurcOpulos
3569 3332 3769 3389 delini-

2177 3431 2391 3484 turum,
2416 3422 2619 3490 quibus
2640 3429 2789 3477 esset
2813 3422 3033 3491 generis
3057 3430 3114 3479 et
3145 3421 3347 3494 linguae
3374 3425 3765 3482 communione

2179 3513 2622 3580 commendatus,
2657 3514 2850 3570 Alanis
2906 3515 3074 3570 etiam
3118 3515 3406 3575 familiaris
3434 3532 3503 3574 ex
3555 3533 3622 3575 eo
3655 3519 3763 3590 jam

2179 3613 2296 3659 tum
2362 3615 2634 3674 tempore,
2666 3621 2777 3675 quo
2820 3605 3036 3663 militiae
3080 3621 3206 3662 cum
3257 3609 3396 3678 ipsis
3443 3610 3763 3667 societatem

2177 3695 2343 3767 Nega:
2372 3697 2684 3752 communis
2708 3697 2866 3754 ducis
2891 3697 3162 3769 auspiciis
3184 3696 3490 3768 habuerat;
3536 3709 3764 3770 praeter-

2177 3805 2353 3860 eaque
2380 3789 2654 3862 legatione
2695 3789 2924 3846 functus
2973 3789 3045 3844 ad
3069 3790 3545 3860 Tuctainem'erat
3581 3795 3763 3850 :unde

2178 3883 2507 3939 eredebatur
2579 3891 2776 3939 auctor
2860 3883 3099 3939 idoneus
3177 3883 3400 3942 futurus
3463 3889 3764 3946 suadenda

2177 3974 2316 4046 ipsis
2351 3974 2763 4031 emendationis
2807 3977 3024 4032 ostendi
3068 3975 3138 4032 ab
3179 3977 3265 4032 his
3321 3987 3518 4050 coepta:
3569 3992 3765 4038 contu-

2177 4067 2371 4123 maciae
2401 4078 2454 4124 et
2483 4068 2695 4124 reditus
2723 4068 2792 4124 ad
2822 4069 3033 4141 frugem
3059 4071 3371 4138 meliorem,
3403 4075 3760 4139 resumenda.

2175 4161 2327 4231 quod
2388 4161 2548 4217 decet
2599 4161 2876 4227 subditos,
2937 4177 3070 4235 erga
3129 4163 3414 4235 principes
3465 4158 3760 4239 obsequio.

2175 4250 2301 4324 Ipse
2344 4263 2529 4310 autem
2588 4256 2886 4326 imperator
2931 4257 3121 4313 senior
3158 4260 3523 4317 conscribere
3582 4261 3766 4317 confe—

2176 4350 2305 4404 stim
2336 4349 2646 4405 exercitum
2670 4357 2727 4405 et
2754 4350 3020 4422 impetum
3053 4352 3109 4406 in
3143 4353 3331 4410 hostes
3358 4353 3542 4411 facere
3574 4358 3763 4427 cupie-

2104 4485 2153 4545 υ
2176 4442 2273 4500 bat
2301 4442 2546 4514 quidem,
2581 4444 2972 4501 retardabatur
3011 4455 3192 4503 autem
3221 4449 3557 4504 necessariis
3588 4452 3760 4521 pturl-v

2179 4536 2286 4592 mis
2320 4537 2377 4590 in
2413 4536 2632 4591 diversa
2665 4537 3036 4595 trahentibus.
3069 4539 3206 4596 Illud
3239 4542 3506 4599 continuo
3538 4544 3762 4614 expedi-

2173 4630 2273 4698 vit,
2304 4630 2454 4701 quod
2498 4631 2804 4688 instantius
2861 4635 3116 4704 urgebat,
3165 4645 3393 4706 propter
3435 4637 3624 4709 fugam
3666 4639 3763 4694 tali

2171 4723 2418 4788 tempore
2453 4719 2823 4790 perniciosam
2858 4736 2923 4778 ex
2955 4723 3103 4793 agris
3124 4727 3483 4794 rusticorum.
3519 4728 3743 4784 Paravit

483 4808 606 4849 ctos
630 4797 975 4866 insequendo
1011 4797 1414 4863 retardaverat,
1458 4810 1558 4852 nec
1588 4811 1762 4868 pauca
1801 4814 1905 4854 nec
1927 4800 2068 4858 levia
2169 4806 2428 4862 videlicet
2461 4814 2608 4861 terra
2647 4808 3052 4866 submittendas
3079 4813 3292 4882 copias,
3347 4813 3464 4872 illis
3509 4817 3645 4872 dum
3680 4834 3764 4872 sc-

483 4891 662 4946 obviis
697 4889 858 4962 553
888 4891 1189 4946 crudeliter
1229 4889 1516 4947 vastandis
1561 4893 1814 4963 exempla
1865 4895 2070 4964 passim

481 4997 662 5039 avara:
697 4984 936 5039 feritatis
966 4983 1290 5040 ediderunt.
1322 4985 1484 5041 Arcis
1517 4985 1719 5042 deinde
1744 4989 1893 5058 Apro
1915 4989 2076 5044 dictae

482 5077 864 5149 oppugnandae
917 5093 985 5133 ex
1050 5093 1117 5133 eo
1165 5078 1303 5150 ipsis
1360 5078 1662 5135 consilium
1725 5091 1914 5136 natum
1964 5090 2072 5151 est,

480 5170 632 5240 quod
665 5170 719 5226 in
751 5185 873 5226 eam
917 5186 977 5228 se
1003 5173 1286 5242 recepisse
1312 5172 1514 5227 multos
1539 5188 1569 5227 e
1593 5173 1781 5243 praelia
1802 5189 2076 5244 cognove-

477 5275 627 5328 rant,
661 5266 808 5320 unde
838 5266 1020 5334 prada
1070 5264 1337 5322 refertam
1392 5265 1833 5323 arbitrabantur.
1884 5268 2075 5338 Copiis

477 5373 613 5430 ergo
657 5361 899 5416 admotis
948 5375 1072 5416 cum
1098 5362 1315 5432 egregie
1357 5363 1562 5432 repulsi
1600 5378 1792 5434 parum
1831 5364 2067 5435 prolice-

476 5461 626 5516 rent,
660 5469 763 5509 nec
796 5454 918 5524 plus
963 5469 1029 5508 es
1075 5455 1488 5524 perseverantia
1534 5467 1842 5524 sperarent,
1878 5458 2060 5514 soluta

475 5542 767 5600 obsidione
800 5546 1003 5600 reverti
1029 5553 1372 5601 statuerunt.
1409 5546 1631 5603 Interim
1667 5547 1858 5604 Alanis
1886 5551 2060 5605 semel

479 5637 688 5693 amissa
718 5654 852 5710 erga
885 5639 1224 5708 imperantes
1251 5637 1634 5696 benevolentia
1668 5645 1867 5711 passim
1899 5644 2062 5698 obvia

481 5730 726 5798 diripere
753 5745 816 5784 ac
847 5729 1079 5785 licenter
1127 5717 1448 5786 Iatroiiinari
1482 5734 1683 5786 bonum
1721 5732 1863 5787 factu
1880 5734 2067 5789 visum

486 5827 596 5876 est.
627 5818 768 5892 Ergo
800 5828 859 5876 et
881 5814 993 5887 isti,
1041 5829 1166 5877 cum
1203 5832 1262 5876 ut
1287 5821 1447 5878 amici
1482 5822 1839 5890 haberentur,
1881 5825 2071 5884 hostes

2172 4911 2327 4974 getes
2381 4911 2656 4960 meterent
2684 4915 2740 4961 et
2769 4917 2968 4963 caetera
3002 4918 3196 4966 εεειοιο
3232 4922 3501 4969 consueta
3536 4915 3592 4970 in
3631 4932 3759 4986 pro-

2174 4995 2467 5051 curatione
2499 5011 2733 5054 annonae
2774 5015 2944 5070 opera
2986 5012 3340 5072 exercerent,
3399 5008 3755 5065 securitatem

2173 5086 2440 5144 allaturas
2491 5090 2844 5159 requisitam.
2879 5091 3243 5168 Amogabaris
3302 5097 3550 5154 indutias
3609 5101 3760 5156 velut

2174 5176 2441 5246 quasdam
2472 5177 2793 5251 indulgebat
2814 5182 3058 5249 interim,
3087 5184 3181 5239 sed
3212 5183 3536 5258 55ﬁ'quas
3561 5189 3760 5246 breves

2176 5270 2297 5326 fore
2330 5272 2657 5337 minaretur,
2695 5261 2980 5331 affirmans
3013 5290 3073 5332 se
3122 5278 3308 5332 statim
3342 5288 3504 5350 atque
3525 5295 3757 5352 congre-

2176 5374 2364 5434 gasset
2388 5366 2602 5434 cupias,
2645 5365 2700 5421 in
2745 5367 2868 5423 illos
2914 5368 3171 5425 infestum
3229 5373 3602 5428 incursurum.
3637 5372 3761 5430 Post

2177 5451 2292 5507 haec
2315 5468 2568 5508 reversos
2597 5471 2626 5509 e
2658 5454 2818 5510 Lazis
2861 5454 3185 5514 Genuenses
3227 5476 3351 5515 cum
3385 5463 3620 5519 navibus
3655 5475 3754 5519 tre-

2175 5545 2352 5601 decim
2410 5546 2477 5601 ad
2540 5562 2818 5603 armorum
2855 5564 3041 5606 secum
3098 5554 3420 5609 societatem
3460 5555 3755 5611 iucundam

2173 5649 2259 5696 est
2295 5640 2552 5711 pellicere
2598 5652 2856 5699 conatus.
2899 5641 3004 5700 Sed
3059 5654 3273 5702 tantum
3316 5647 3489 5704 abfuit
3519 5662 3582 5704 ut
3612 5650 3666 5705 id
3709 5650 3756 5703 ei

2173 5733 2468 5789 consilium
2516 5735 2839 5792 succederet
2893 5753 2959 5793 ex
2997 5747 3150 5808 voto,
3213 5751 3270 5797 ut
3316 5742 3456 5802 duas
3488 5743 3756 5799 continuo

2177 5845 2346 5883 naves
2379 5829 2626 5885 omnium
2673 5833 2909 5902 optimas
2942 5832 3132 5890 viderit
3184 5838 3428 5909 expediri
3461 5837 3528 5892 ab
3581 5836 3653 5892 iis
3703 5839 3755 5891 in
