3994 6226
258 259 346 325 609

1163 256 1264 320 DE
1301 251 1750 343 ANDRONICO
1781 249 2247 313 PAL.‘EOLOGO
2271 250 2420 313 LIB.
2456 251 2559 312 VI.

3394 243 3501 313 610

258 374 690 445 ὑποστρέψαντας
727 377 1040 447 συμμαχεῖν
1072 375 1359 447 inexsfpst-
1378 371 1611 428 πείθειν.
1657 369 1823 425 Ἀλλά
1851 375 1897 431 Α
1926 368 2438 440 δουλαγωγηθέντες
2484 367 3049 445 ἑγκατεκλείσθησαν,
3096 367 3213 425 οὐδ’
3245 344 3406 424 αὐτοί
3446 385 3514 439 γε

251 461 490 516 τοσοῦτον
548 462 661 518 τῶν
718 463 1106 536 βουλευμάτων
1157 465 1380 535 ἐδέησεν
1437 464 1580 520 ὥστε
1627 463 1724 517 καὶ
1764 461 1825 528 ἐξ

249 554 417 608 αὐτῶν
445 554 543 609 δύο
580 557 714 621 ναῦς
759 557 859 622 τὰς
895 560 1195 621 καλλίστας
1250 557 1549 612 ἐκπλεῦσαι
1580 554 1823 625 ἀγούσας

250 647 373 716 πρὸς
404 648 624 705 Ἰταλῶν
669 650 774 723 ἢθη
829 654 923 707 καὶ
974 651 1470 723 Μπυριγέριον.οί
1516 650 1561 704 δ’
1593 652 1653 703 ὲν
1702 651 1825 713 ταῖς

246 737 453 802 λοιπαῖς
478 739 797 797 Γεννουῗται
825 742 887 795 τὸ
915 742 1220 813 ἐμπορικὸν
1246 743 1632 814 προϊσχόμενοι
1658 741 1827 796 ἀπαί-
1866 788 1869 791 λ

248 848 355 899 ρειν
378 833 477 886 καὶ
510 833 669 887 αὐτοὶ
694 835 1099 906 εήτοιμάζοντο.
1128 835 1297 900 Μόλις
1346 834 1629 901 ἀξιώσεως
1661 836 1825 906 χάριν

246 924 557 994 ἐκλέγονται
590 924 721 991 δύο,
753 928 958 999 ,μισθοῦ
1004 929 1362 999 νομισμάτων
1412 927 1822 1000 ἑξακισχιλίων,

244 1016 377 1087 πλὴν
409 1018 503 1070 ἐπὶ
538 1020 750 1089 ῥητοῖς,
792 1018 935 1075 ὥστε
968 1021 1057 1089 ὑφ’
1083 1023 1233 1093 ὅρκῳ
1280 1021 1488 1093 βεϐαίῳ
1515 1021 1610 1076 δύο
1646 1022 1826 1092 μῆνας

243 1109 591 1165 ἐκδουλεῦσαι
620 1112 698 1184 τῷ
729 1113 961 1184 βασιλεῖ,
993 1116 1452 1186 συμπράττοντας
1480 1117 1592 1178 τοῖς
1616 1114 1825 1177 λοιποῖς

244 1204 333 1257 καὶ
374 1204 753 1276 πολεμοῦντας
806 1208 864 1271 ἐς
900 1206 1046 1261 ἆπαν
1085 1209 1161 1272 ὡς
1196 1207 1413 1279 ἐχθροῖς
1463 1208 1730 1278 βασιλέως
1764 1224 1824 1261 τε

244 1298 454 1353 καὶτοῦ
497 1300 833 1371 περιφανοῦς
887 1301 1039 1371 σφῶν
1094 1302 1395 1372 ξυνεδρίου.
1426 1304 1489 1357 Οί
1523 1302 1567 1356 δ’
1613 1305 1669 1356 ὲν
1706 1303 1825 1365 ταῖς

245 1393 546 1456 ὲπιλοίποις
601 1396 758 1449 ἐννέα
786 1395 1100 1465 ὡμολόγουν
1148 1397 1225 1467 τῷ
1272 1396 1487 1466 βασιλεῖ
1530 1399 1623 1451 καὶ
1668 1396 1828 1450 αὐτοὶ

242 1489 534 1559 ἐπιστῆναι
570 1490 802 1559 δωρεὰν,
865 1494 956 1544 καὶ
996 1493 1080 1561 ἐφ’
1114 1493 1352 1562 ἡμέραις
1408 1492 1826 1563 προσκαρτερή-

241 1578 433 1645 σαντες
466 1583 614 1637 κατά
642 1600 765 1637 τινα
811 1584 918 1637 τῶν
954 1585 1167 1657 ἐχθρῶν
1220 1585 1423 1639 δειλίαν
1476 1584 1683 1656 πρᾶξαι
1731 1583 1831 1638 καὶ

240 1671 382 1744 ὑπὲρ
415 1671 524 1726 τῶν
560 1671 885 1741 Ῥωμαϊκῶν
912 1674 1257 1746 πραγμάτων
1286 1675 1675 1747 πειράσασθαι,
1702 1676 1830 1731 κάν-

237 1764 433 1819 τεῦθεν
460 1767 790 1839 ἀναχωρεῖν,
832 1768 938 1823 κᾶν
967 1770 1202 1825 εὐοδοϊεν
1232 1770 1340 1825 κᾶν
1371 1772 1472 1843 μή.
1501 1770 1688 1825 Ταῦτα
1713 1772 1830 1825 διαί-

238 1859 589 1929 πραξάμενος
611 1860 887 1932 βασιλεὺς,
907 1865 1023 1929 πῶς
1043 1864 1109 1919 ἂν
1130 1865 1192 1918 τὺ
1212 1862 1464 1920 ἐντεῦθεν
1486 1865 1598 1920 τῶν
1619 1864 1833 1937 ὲχθρῶν

237 1956 624 2027 περιγένηται,
653 1956 1048 2029 βουλευόμενος
1077 1959 1381 2017 διεσκόπει.

236 2067 344 2137 λγ’.
387 2067 529 2137 Περὶ
589 2067 713 2124 τῶν
852 2071 931 2142 τῇ
966 2071 1483 2146 ᾗἈδριανουπόλει
1520 2073 1829 2146 ἐγκεκλει-

688 2142 933 2213 σμένων
964 2144 1403 2216 Ἀμογαόἀρων.

315 2231 402 2306 [Ρ.
437 2231 570 2307 585]
617 2236 693 2290 υύ
745 2236 858 2307 μὴν
911 2236 967 2291 δὲ
1020 2238 1118 2291 καὶ
1173 2239 1223 2291 oi
1256 2239 1359 2293 ἀνὰ
1405 2240 1508 2310 τὴν
1548 2236 1830 2309 Ἀδριανοῦ

239 2327 691 2401 ἐγκεκλεισμένοι
720 2330 1047 2394 Κατελάνοι,
1097 2333 1229 2402 περὶ
1258 2330 1538 2403 ,ἑξήκοντα
1572 2331 1749 2400 ὄντες,
1780 2332 1831 2386 οἶ

240 2421 339 2475 καὶ
364 2421 457 2476 τοῦ
502 2421 784 2494 Καίσαρος
810 2423 1055 2479 ἐκποδὼν
1090 2426 1377 2496 γεγονότος
1406 2424 1601 2479 ἔπειτα
1645 2425 1833 2498 ὅρκοις

242 2604 483 2672 Italiam,
528 2614 911 2676 reportaturas
954 2605 1085 2662 illuc
1128 2604 1518 2680 Mpyrigerium
1567 2609 1635 2663 ad
1672 2607 1832 2665 sedes

245 2704 515 2769 ipsorum.
564 2699 670 2768 Qui
705 2710 889 2758 autem
928 2710 1254 2772 supererant
1307 2703 1362 2758 in
1421 2702 1545 2758 aliis
1596 2704 1834 2760 navibus

243 2792 592 2859 Genuenses,
626 2798 693 2851 ad
734 2798 1058 2852 solvendum
1108 2807 1165 2852 et
1204 2796 1310 2867 ipsi
1344 2797 1831 2868 comparabantur,

247 2887 620 2943 obtendentes
654 2891 729 2944 ita
762 2889 849 2945 sui
884 2891 1241 2946 mercimonii
1296 2892 1543 2946 rationes
1578 2906 1833 2961 poscere.

248 2978 415 3050 IEgre
439 2982 662 3035 tandem
689 2981 875 3038 multis
910 2984 1166 3052 precibus
1196 2984 1247 3037 in
1277 2998 1475 3055 magna
1506 2996 1681 3052 parte
1706 2999 1832 3055 gra-

1925 461 1987 513 τὸ
2016 458 2149 529 περὶ
2183 460 2274 513 τὸν
2304 458 2532 530 βασιλέα
2559 457 2874 515 ἀνάποστον
2902 460 3121 530 γεγονὸς
3151 458 3214 515 τὸ
3249 460 3515 532 παράπαν

1927 552 2184 624 ἠμέλουν,
2213 552 2355 607 ἀλλά
2384 553 2595 624 ιφήμης
2644 551 2983 623 διαδοθείσης
3013 557 3091 619 ὼς
3138 552 3282 609 κατὰ
3311 553 3514 625 κράτος

1926 643 2275 715 ἡττηθέντων
2302 644 2411 699 τῶν
2444 642 2730 717 ἡμετέρων
2758 644 2853 699 καὶ
2882 647 2932 698 οἱ
2962 646 3074 701 τοῦ
3103 646 3300 716 γένους
3330 646 3516 703 αὐτῶν

1931 736 2095 807 μέχρι
2126 738 2224 791 καὶ
2272 737 2455 792 αὐτῶν
2484 738 2982 811 ἵασιι,,ἀρήξοντες
3030 740 3203 810 σφεσι,
3251 741 3515 811 ῥήξαντες

1926 830 1997 884 τὰ
2024 830 2224 903 δεσμὰ,
2275 831 2401 885 ἐπεὶ
2431 832 2804 902 ὲκφυγγάνειν
2836 832 2937 887 οὐκ
2968 829 3114 903 εἶχον
3162 833 3514 887 δυσανοίκτου

1926 925 2080 990 ὄντος
2130 924 2226 978 τοῦ
2277 925 2492 996 πύργου
2544 923 2634 981 ἱνα
2673 926 2769 995 καὶ
2803 924 3218 998 ἐγκαθίδρυντο,
3249 923 3361 981 ἅνω
3411 941 3515 979 που

1918 1016 2307 1096 -ἀνερρηφότες
2347 1016 2490 1072 κατά
2520 1017 2582 1072 τὺ
2618 1014 2889 1096 ὕπαιθρον
2919 1017 3133 1094 ἐκεῖθεν
3167 1017 3518 1087 παρακειμέ-

1927 1126 2050 1171 ναις
2078 1110 2310 1180 πέτραις
2338 1108 2758 1182 ἠκροϐολίζοντο
2794 1111 2892 1164 καὶ
2922 1112 3049 1174 τοὺς
3081 1109 3334 1173 ἐπιόντας
3366 1107 3515 1180 ἠμύ-

1929 1218 2101 1263 νοντο,
2160 1203 2525 1272 σκοπούμενοι
2580 1202 2951 1257 καταπίπτειν
3004 1202 3125 1273 μετ’
3187 1202 3512 1269 ἀσφαλείας.

1942 1293 2083 1349 Ἀλλ’
2121 1295 2223 1348 οὐκ
2249 1294 2445 1365 ἦνυτον
2483 1296 2543 1348 τὸ
2584 1296 2869 1367 παράπαν,
2910 1295 3020 1350 τῶν
3046 1294 3284 1348 πολιτῶν
3325 1294 3515 1367 ἐκείνῃ

1930 1406 2007 1460 πη
2061 1390 2454 1460 περιστάντων.
2492 1389 2652 1456 Ὅθεν
2701 1392 2797 1443 καὶ
2841 1389 3039 1456 ὀλίγων
3088 1389 3518 1461 φυγομσχησεὶν-

1930 1498 2037 1535 των
2067 1479 2164 1535 καὶ
2202 1480 2433 1545 ἑαυτοὺς
2477 1481 2855 1553 παραδόντων,
2895 1483 2943 1537 oi
2994 1483 3174 1537 λοιποὶ
3224 1483 3384 1554 μέχρι
3420 1485 3519 1537 καὶ

1930 1573 2097 1629 αὑτοῦ
2132 1573 2368 1628 θανάτου
2400 1574 2790 1646 ἐνεργέστερον
2828 1576 3132 1646 ἐπολέμουν
3164 1576 3258 1632 καὶ
3297 1575 3519 1647 βάλλον-

1930 1684 2023 1731 τες
2054 1668 2475 1738 ἐτιτρώσκοντο,
2522 1668 2692 1732 Τέλος
2724 1667 2857 1738 ῦλην
2906 1668 3256 1741 παντοδαπὴν
3302 1685 3518 1740 συμφο-

1937 1763 2203 1836 ρήσαντες
2239 1762 2290 1816 oi
2337 1762 2553 1827 πολῖται
2587 1761 2700 1833 πῦρ
2733 1763 2942 1817 ἐνιᾶσιν
2973 1763 3049 1828 ὡς
3089 1761 3519 1833 καταφλέξοντες

1931 1856 2027 1910 καὶ
2056 1853 2268 1926 πύργον
2314 1852 2568 1921 καὶτοὺς
2616 1856 2675 1910 ἐν
2720 1855 2916 1928 τούτῳ.
2945 1857 3055 1911 Καὶ
3108 1857 3169 1910 τὸ
3218 1858 3317 1929 μὲν
3353 1855 3520 1928 ᾔρετο

1906 1992 1909 1995 γ
1934 1946 2102 2018 μέγα,
2144 1948 2193 1999 oi
2226 1945 2283 2000 δὲ
2308 1949 2374 2017 τῇ
2404 1946 2566 2017 φλογὶ
2599 1945 2970 2020 ἐνειλούμενοι
2994 1948 3109 2003 οὐδ’
3132 1949 3190 2012 ις
3224 1947 3399 2021 βραχὺ
3421 1945 3518 2003 τοῦ

1932 2040 2198 2111 εὐτόλμου
2234 2041 2639 2111 καθυφείκεσαν
2668 2042 2933 2113 λήματος,
2956 2043 3094 2098 ἀλλὰ
3120 2042 3334 2115 πρῶτον
3364 2059 3523 2114 περι·-

1930 2134 2180 2202 δυόμενοι
2219 2136 2472 2206 ἐσθῆτας,
2528 2136 2688 2191 κατὰ·
2725 2137 2900 2205 πυρὸς
2953 2135 3263 2210 βάλλοντες,
3309 2137 3369 2189 τὸ
3405 2134 3523 2209 πῦρ

1930 2222 2043 2297 οἷον
2090 2228 2384 2301 ἠμύνοντο,
2429 2230 2624 2296 ἔπειτα
2673 2231 2799 2286 κατ’
2844 2231 3026 2301 ὀλίγον
3084 2229 3520 2306 κραταιουμένου

1932 2322 2030 2377 τοῦ
2061 2325 2354 2394 φλέγοντος
2403 2325 2763 2396 ἀνηλίσκοντο
2793 2328 2851 2394 ἐς
2885 2328 3019 2383 αὐτὸ
3053 2327 3338 2398 πηδῶντες
3361 2324 3521 2380 ἑκόν-

1932 2434 2046 2484 τες,
2082 2417 2384 2491 φιλήμασιν
2427 2421 2688 2493 ἀλλήλους
2730 2422 3121 2494 ἀφοσιούμενοι
3155 2422 3251 2475 καὶ
3298 2418 3522 2493 σταυρῷ

1938 2615 2138 2672 magno
2167 2600 2356 2673 praalio
2396 2600 2773 2657 Romanorum
2798 2618 2829 2656 a
2861 2602 2979 2657 suis
3011 2601 3415 2660 contribullhus
3446 2601 3518 2659 ad

1936 2694 2089 2764 ipsos
2122 2709 2347 2765 quoque
2393 2694 2761 2764 pervenisset,
2795 2694 3029 2749 audacia
3068 2695 3364 2751 confestim
3396 2696 3520 2753 inde

1937 2798 2155 2859 sumpta
2190 2804 2289 2861 sua
2326 2789 2563 2859 primum
2594 2789 2696 2859 ipsi
2726 2788 2949 2843 vincula
2987 2804 3207 2858 rupere.
3243 2786 3518 2855 Quoniam

1939 2893 2120 2940 autem
2157 2899 2225 2938 ne
2265 2883 2346 2937 sic
2372 2882 2595 2952 quidem
2626 2880 2871 2953 effugere
2913 2881 3192 2947 valebant,
3244 2892 3397 2938 turre
3434 2883 3516 2937 in-

1937 2985 2024 3033 tra
2049 2993 2214 3045 quam
2241 2985 2401 3033 erant
2422 2976 2598 3031 clausi
2625 2990 2751 3031 cuin
2783 2974 2954 3031 muris
2981 2976 3303 3031 solidissimi
3339 2976 3519 3047 operis

251 3074 341 3127 tia:
378 3073 734 3144 impetratum
771 3086 880 3142 est,
921 3087 979 3129 ιιι
1009 3074 1134 3131 dum
1164 3090 1334 3132 naves
1368 3077 1686 3155 imperatori
1733 3077 1836 3132 mi—
1860 3105 1905 3164 α
1938 3086 2043 3127 nec
2073 3071 2288 3141 eiii-iugi
2322 3085 2486 3125 manu
2515 3062 2834 3134 ',facilibtts,
2880 3080 2993 3123 tum
3041 3069 3215 3125 valvis
3273 3071 3521 3127 securis-

244 3166 489 3222 litatum!
538 3176 964 3239 segri-garentur
1009 3184 1039 3223 e
1080 3169 1261 3229 classe
1308 3168 1545 3237 reliqua,
1579 3171 1835 3226 mercede

253 3267 406 3326 pacta
442 3274 540 3314 sex
579 3262 810 3315 millium
866 3276 1244 3327 nummorum,
1283 3262 1451 3333 idque
1487 3263 1593 3319 sub
1642 3263 1835 3319 condi-

253 3359 405 3408 tione
448 3354 663 3410 diserte
710 3354 969 3425 stipulata
1007 3364 1059 3411 et
1111 3354 1476 3426 jurejurando
1527 3356 1835 3413 inviolabili

252 3451 493 3514 lirmata,
542 3448 686 3503 haud
734 3449 875 3503 ultra
914 3465 1136 3506 menses
1169 3451 1314 3507 duos
1349 3451 1474 3507 illas
1512 3452 1833 3524 imperatori

255 3543 587 3605 scrvituras,
619 3542 714 3597 sed
745 3542 853 3597 isto
894 3543 1141 3599 bimestri
1170 3544 1439 3600 duntaxat
1466 3548 1646 3617 spatio
1668 3548 1838 3618 impe-

257 3639 473 3692 ratoria:
496 3638 633 3700 istas
655 3644 1030 3693 accensendas
1068 3640 1259 3705 classi,
1286 3644 1643 3712 navigatura:
1673 3655 1725 3698 et
1750 3643 1835 3698 ci-

257 3738 337 3781 tra
377 3729 768 3799 exceptionem
802 3739 1142 3801 pugnaturas
1175 3732 1341 3786 ullam
1386 3734 1655 3791 adversus
1681 3735 1836 3791 Cate-

262 3822 410 3877 lanos
463 3832 516 3876 et
568 3820 948 3891 Amogabaros
992 3822 1070 3877 uti
1128 3825 1315 3881 hostes
1356 3828 1711 3899 imperatoris
1779 3839 1836 3885 et

260 3911 588 3980 perillustris
612 3924 839 3968 senatus
868 3914 1140 3983 ipsorum.
1168 3917 1420 3973 Aliarum
1450 3934 1574 3990 quae
1610 3936 1839 3995 supere-

262 4017 379 4061 runt
415 4022 613 4063 novem
646 4012 872 4061 navium
910 4018 1157 4064 vectores
1182 4010 1410 4079 polliciti
1445 4022 1576 4069 sunt
1626 4015 1836 4072 substi-

260 4111 410 4156 turos
441 4118 500 4155 se
529 4098 600 4155 ad
636 4099 755 4155 dies
778 4100 993 4171 aliquot
1025 4103 1222 4172 gratis,
1247 4113 1302 4160 et
1334 4105 1400 4161 ad
1431 4113 1701 4165 terrorem
1733 4110 1834 4165 ho-

259 4194 431 4247 stibus
492 4191 874 4247 incutiendum
949 4195 1188 4259 speciem
1269 4198 1597 4263 praebituros
1674 4203 1833 4271 quasi

262 4284 609 4337 militantium
634 4284 902 4355 auspiciis
924 4285 1179 4357 Augusti,
1203 4290 1339 4358 quin
1362 4299 1417 4343 et
1446 4291 1492 4347 si
1519 4306 1580 4348 se
1614 4292 1833 4351 interim

259 4377 438 4448 aliqua
474 4377 694 4433 offerret
730 4381 951 4433 occasio
987 4378 1064 4433 rei
1099 4378 1241 4434 bene
1272 4382 1551 4451 gerendae,
1600 4385 1837 4440 collatu-

262 4486 348 4528 ros
381 4487 482 4542 pro
514 4471 656 4525 virili
692 4486 915 4541 operam
959 4472 1296 4541 adjuvandis
1340 4472 1632 4542 Romanis,
1680 4481 1832 4536 salva
1865 4481 1909 4535 ι)
1939 4477 2142 4531 bantur
2181 4474 2259 4529 illi
2303 4474 2529 4545 quidem
2586 4477 2754 4529 noxie
2808 4493 2822 4529 :

261 4581 476 4637 semper
511 4567 725 4632 integra
765 4565 1021 4620 libertate
1051 4565 1277 4635 quando
1310 4568 1520 4625 vellent
1568 4571 1831 4639 abeundi,

264 4660 376 4713 sive
407 4658 617 4728 aliquid
647 4656 898 4713 enectum
942 4656 1055 4726 jam
1115 4670 1262 4714 esset
1299 4659 1417 4715 sive
1456 4675 1591 4720 non.
1629 4662 1725 4717 His
1754 4664 1837 4721 sic

266 4755 561 4811 transactis
597 4756 896 4824 imperator
933 4761 1082 4808 totus
1113 4763 1235 4807 erat
1271 4745 1323 4809 in
1358 4754 1713 4825 disquirenda
1748 4747 1839 4815 ra-

267 4853 411 4907 tione
448 4851 695 4905 victoria:
718 4848 785 4903 de
817 4850 1068 4905 hostibus
1101 4852 1469 4919 reportandae.

400 4991 489 5047 '55,
528 4989 600 5044 De
637 4990 897 5042 conclusis
930 4988 1285 5055 Adrianopoli
1323 4991 1701 5061 Amogabaris.

332 5132 480 5186 inter
514 5132 627 5185 haec
663 5146 729 5186 ne
756 5129 857 5200 ipsi
896 5129 1117 5199 quidem
1168 5130 1433 5185 custoditi
1464 5130 1830 5201 Adriauopoli

264 5226 506 5282 Catelani
530 5223 753 5279 circiter
785 5225 1089 5293 sexaginta,
1125 5237 1264 5291 quos
1291 5223 1587 5278 interfecm
1620 5223 1841 5279 (lassare

266 5320 596 5375 deditionem
629 5318 740 5369 vita
763 5315 1292 5385 salvajurejurando
1332 5326 1524 5384 pactos
1572 5316 1686 5370 illic
1718 5332 1841 5372 car-

269 5430 390 5471 cere
437 5413 694 5469 conditos
756 5410 1018 5473 diximus,
1062 5416 1156 5464 aut
1215 5425 1444 5479 prorsus
1510 5412 1841 5481 ignorarunt

272 5509 393 5579 quid
428 5504 748 5576 imperatori
782 5498 943 5574 555
987 5512 1181 5559 contra
1220 5520 1377 5560 suam
1416 5506 1661 5575 ipsorum
1705 5522 1840 5577 gen-

274 5613 381 5660 tem
423 5598 690 5673 pugnanti
723 5599 1037 5660 accidisset,
1071 5607 1165 5652 aut
1189 5614 1252 5653 ea
1290 5600 1369 5652 uti
1402 5602 1598 5654 notitia
1636 5600 1703 5654 ad
1731 5604 1838 5657 sibi

275 5706 608 5765 quoqueper
640 5706 701 5746 se
758 5688 1156 5744 consulendum
1220 5690 1529 5762 neglexere,
1567 5692 1837 5762 siquidem

276 5804 394 5848 cum
426 5791 567 5841 fama
606 5784 717 5837 late
774 5798 1084 5854 pervagans
1125 5782 1371 5839 fusorum
1412 5785 1838 5859 fugatorumque

1944 3167 2083 3223 sime
2144 3163 2446 3221 obstructis
2503 3163 2936 3219 ineluctabiliter
2998 3164 3207 3219 exitum
3260 3173 3519 3235 negante,

1944 3242 2200 3331 superato
2234 3258 2357 3330 ejus
2390 3256 2638 3328 fastigio,
2676 3257 2771 3313 ubi
2802 3258 3089 3314 subdivale
3141 3258 3363 3328 patebat
3392 3270 3524 3327 spa-

1943 3352 2104 3419 tium,
2138 3351 2266 3408 inde
2291 3359 2541 3423 repertas
2569 3350 2683 3407 illic
2734 3360 2921 3421 petras
2949 3351 3003 3405 in
3044 3359 3268 3407 nostros
3296 3351 3521 3420 dejicie-

1944 3448 2100 3514 haut,
2134 3447 2217 3504 sic
2248 3450 2537 3503 studentes
2563 3454 2893 3516 praevertere
2923 3460 2993 3500 ne
3034 3446 3335 3500 descensus
3362 3459 3429 3500 ex
3459 3457 3525 3499 eo

1946 3539 2068 3595 loco
2122 3538 2400 3610 ipsorum,
2460 3537 2517 3593 in
2564 3553 2677 3607 quo
2725 3553 2890 3611 quam
2935 3535 3295 3593 sccurissime
3333 3534 3528 3591 liceret

1946 3632 2270 3687 adornando
2303 3630 2529 3687 interim
2569 3630 2846 3687 industria
2880 3645 3077 3700 magna
3106 3629 3456 3697 satagebant,
3491 3641 3525 3681 a

1944 3724 2267 3781 custodibus
2334 3724 2552 3781 inferne
2612 3723 3052 3795 repugnantibus
3109 3720 3524 3792 prohiberetur.

1946 3817 2151 3875 Verum
2178 3817 2699 3889 Adrianopolitanis
2731 3817 2798 3872 ad
2827 3818 3126 3872 tumultum
3182 3816 3528 3881 accurrenti-

1942 3918 2048 3972 bus
2070 3913 2509 3986 juvantibusque
2532 3913 2818 3979 custodes,
2847 3928 3038 3983 parum
3079 3911 3217 3980 ipsis
3264 3925 3398 3970 suus
3429 3918 3528 3966 aut

1946 4023 2177 4081 prorsus
2237 4007 2389 4063 .nihil
2446 4007 2833 4078 quantnslibct
2887 4015 3126 4061 conatus
3178 4004 3530 4075 proﬁciebat.

1947 4103 2104 4161 Unde
2132 4103 2321 4175 paucis
2357 4102 2455 4174 qui
2487 4102 2711 4159 demissi
2761 4117 2825 4157 ex
2866 4103 2979 4156 alto
3010 4099 3244 4164 frustra,
3284 4098 3528 4167 undique

1943 4198 2157 4263 ambiti,
2191 4195 2379 4267 fugere
2405 4194 2835 4259 contenderant,
2889 4194 3133 4263 denique
3167 4208 3291 4251 sese
3325 4193 3526 4250 dedere

1944 4289 2177 4353 coactis,
2228 4287 2427 4359 reliqui
2482 4303 2728 4359 pugnare
2769 4305 2948 4359 usque
2999 4288 3065 4341 ad
3130 4298 3383 4354 mortem,
3415 4303 3529 4357 qua

1943 4384 2127 4441 solent
2178 4381 2454 4454 desperati
2500 4381 2729 4449 ferocia,
2782 4394 3165 4454 perrexerunt.
3208 4383 3274 4438 Et
3314 4384 3530 4453 jacula-

2879 4486 3141 4530 caeterum
3197 4472 3439 4545 undique
3470 4480 3529 4528 et

1948 4570 2051 4636 ipsi
2085 4568 2212 4625 telis
2264 4569 2489 4639 appetiti
2553 4569 3014 4623 vulnerabantur.
3080 4567 3419 4625 Procedente
3472 4566 3529 4623 in

1948 4665 2168 4734 longum
2193 4663 2524 4727 certamine,
2568 4664 2784 4733 ρει-ιωεί
2823 4678 2993 4719 mora
3020 4664 3173 4719 cives
3218 4672 3375 4717 strue
3415 4662 3531 4717 cir-

1949 4772 2076 4812 cum
2107 4757 2351 4827 undique
2388 4757 2631 4812 materia:
2681 4768 2945 4827 congesta
2976 4758 3156 4828 ignem
3201 4756 3528 4828 subjiciunt,

1948 4862 2005 4908 ut
2035 4852 2229 4906 turrim
2263 4852 2427 4906 simul
2456 4866 2586 4905 eum
2613 4865 2675 4905 ea
2702 4851 2936 4907 inclusis
2964 4848 3334 4905 combusturi.
3361 4845 3529 4902 Exar-

1943 4946 2015 5002 sit
2076 4947 2421 5001 luculentum
2488 4943 2837 5011 incendimur,
2906 4942 3069 5013 cujus
3126 4941 3355 4997 involuti
3402 4940 3533 4997 licet

1944 5041 2175 5098 ﬂammis
2227 5038 2583 5112 Amogabari,
2614 5054 2683 5093 ne
2723 5038 2809 5093 vel
2862 5038 3151 5091 minimum
3187 5035 3409 5103 quidem
3460 5034 3528 5089 de

1949 5152 2215 5208 generosa
2263 5133 2539 5207 pugnandi
2596 5131 2827 5187 audacia
2870 5130 3157 5192 remisere,
3190 5129 3283 5183 scd
3319 5126 3529 5197 princi-

1949 5230 2040 5301 pio
2070 5229 2289 5300 quidem
2321 5235 2591 5283 eruentes
2640 5242 2700 5281 se
2739 5223 2985 5279 vestibus
3017 5236 3113 5278 eas
3144 5222 3198 5275 in
3233 5221 3412 5291 ignem
3445 5218 3531 5273 in-

1948 5319 2289 5392 diguabundi
2349 5333 2412 5374 ac
2480 5319 2625 5372 velut
2677 5316 2952 5371 fiantmam
3030 5314 3195 5370 ferire
3237 5314 3530 5368 studentes

1945 5411 2246 5480 jaciebant,
2282 5410 2487 5466 deinde
2534 5409 2800 5480 paulatim
2837 5416 2975 5464 testu
3023 5424 3083 5463 se
3131 5406 3531 5463 corroborante

1952 5506 2446 5570 consumebantur,
2486 5504 2631 5561 ultro
2666 5505 2721 5561 in
2764 5505 2960 5576 globos
3001 5501 3349 5557 flammarum
3393 5501 3531 5556 insi-

1953 5601 2170 5667 lientes,
2205 5610 2495 5670 postquam
2523 5600 2729 5654 mutuis
2758 5598 2862 5653 sibi
2912 5598 3089 5653 oculis
3123 5598 3242 5651 vale
3271 5596 3529 5651 dixerant

1950 5706 2005 5753 et
2030 5696 2187 5770 signo
2213 5697 2397 5751 crucis
2418 5688 2583 5749 manu
2608 5694 2844 5749 formato
2866 5709 2986 5749 sese
3013 5694 3380 5747 muniveram.
3411 5692 3529 5746 Duo

1951 5790 2227 5847 inter‘lios
2283 5787 2535 5861 juvenes,
2584 5797 2638 5847 et
2677 5788 2948 5862 sanguine
3007 5787 3210 5844 fratres
3256 5796 3314 5843 ct
3367 5784 3532 5860 556
