3990 6228
420 264 538 359 615

1640 255 1963 318 GEORGII
2015 251 2505 316 PACHYMERAZ

3596 243 3705 312 616

421 357 584 454 μενον
632 378 789 441 δίκας
818 371 892 431 ὧν
932 372 1193 447 ἱμφανῶς
1226 371 1326 443 οὐχ
1370 364 1474 425 οἷοί
1528 369 1575 424 τ’
1620 365 1764 442 ἦσαν
1798 369 1999 422 ειδέναι
2027 376 2072 433 Α
2102 364 2211 417 λῶν
2240 362 2335 417 καὶ
2361 361 2625 433 μεγάλων
2662 358 2735 432 τῷ
2758 358 2979 453 ,βασιλεῖ
3007 357 3425 454 πλησιαζόντων
3453 375 3704 454 κατεκω·

419 473 935 545 πλημμελημάτων,
983 471 1031 525 εί
1070 469 1165 524 καὶ
1208 470 1237 522 δ
1270 472 1370 540 τῆς
1421 466 1635 529 πόλεως
1689 466 1869 537 ἱερεὺς
1905 464 2006 526 τὰς

416 566 528 620 τῶν
578 564 1019 636 εἰσπραττόντων
1059 561 1390 636 ἐργολαϐίας
1442 562 1728 633 ὲπῃτιᾶτο,
1766 553 1844 611 ὧν
1894 556 2006 610 οὐδ’

420 660 571 732 αὐτῷ
596 661 652 724 ἐς
688 660 858 723 ἅπαν,
889 659 965 723 ὡς
992 660 1118 722 τοὺς
1146 657 1353 720 πάντας
1381 656 1604 723 εἰδέναι,
1632 655 1694 709 οὐ
1723 653 1885 722 μετὸν
1912 646 2003 723 ἦν,

419 753 516 808 καὶ
546 753 744 824 μᾶλλον
774 753 869 807 ἐπὶ
894 753 1011 815 τοῖς
1041 751 1139 822 τῆς
1174 749 1499 819 Ἑκκλησίας
1530 746 1873 820 πράγμασιν.
1901 746 2007 799 Οὐ-

418 847 506 902 δὲν
535 845 646 917 γὰρ
695 842 765 919 ἦν
798 842 1081 914 ἐλλειφθὲν
1107 841 1217 897 τῶν
1260 842 1547 915 προτέρων
1596 838 1820 894 ἐκείνων
1866 838 2005 909 ὅπερ

420 940 521 994 οὐκ
554 939 717 1001 αὐτὸς
772 938 935 1008 ἔχων,
983 937 1078 991 καὶ
1128 934 1267 989 αὐτὰ
1314 934 1378 1005 δὴ
1407 932 1478 986 τὰ
1524 934 1635 986 τῶν
1674 931 2007 1001 ἀξιωμάτων

421 1031 695 1103 προνόμια
726 1030 975 1102 ἀκριϐῶς
1008 1029 1191 1090 αὐτοῖς
1218 1025 1608 1097 ἐνεργούμενα,
1646 1024 1721 1087 ὡς
1747 1025 2002 1095 ἀπαυαν-

422 1121 583 1192 θῆναι
612 1121 810 1185 τελέως
855 1119 1069 1185 τούτοις
1122 1120 1217 1171 καὶ
1262 1122 1362 1180 τὰς
1408 1118 1595 1187 τιμὰς,
1640 1116 1871 1187 πτωχῶν
1905 1117 2005 1187 μὲν

423 1214 735 1282 πολυωρίαν
762 1212 1075 1284 προΐσχετο,
1105 1210 1318 1280 τιμίους
1360 1209 1414 1263 δ’
1451 1209 1651 1278 ἄνδρας
1686 1210 1781 1261 καὶ
1823 1208 2007 1273 αἰδοῦς

420 1305 685 1367 etiamdie;
735 1304 918 1370 ἀξίους
971 1306 1104 1372 παρ’
1149 1304 1301 1357 οὐδὲν
1332 1303 1494 1373 ἔχων,
1551 1301 1718 1371 μηδὲν
1772 1301 2003 1365 ἐκείνοις

422 1400 566 1471 ζωῆς
594 1398 863 1470 προνοῶν,
899 1396 1037 1451 ἀλλὰ
1061 1396 1153 1451 καὶ
1185 1397 1507 1466 ἀναλγήτως
1536 1395 1612 1460 ὡς
1655 1396 1782 1463 ἐνῆν
1832 1412 2003 1467 προσ-

424 1494 724 1566 φερόμενος
756 1496 820 1546 ὲκ
845 1492 1047 1563 πικροῦ
1088 1491 1184 1545 καὶ
1227 1491 1446 1552 ἀτενοῦς
1488 1490 1672 1562 ἡθονς,
1700 1489 2004 1559 πτωχεύειν

424 1588 621 1653 ἐποίει,
654 1585 699 1641 ὣ
732 1587 1019 1656 συμφορᾶς
1050 1586 1148 1656 οὐχ
1192 1584 1308 1647 οἵας
1340 1583 1387 1636 τ’
1425 1584 1667 1651 ἐνεγκεῖν
1697 1582 2003 1653 ἐλευθέροις

422 1682 596 1745 ὅλωςί
650 1680 951 1752 πανταχόθι
998 1683 1095 1751 τῆς
1126 1680 1354 1742 πόλεως.
1391 1678 1482 1747 Τῷ
1526 1677 1633 1747 γὰρ
1667 1677 1789 1747 ἤθει
1820 1676 2003 1748 πικρῷ

422 1788 484 1837 γε
540 1770 653 1824 ὄντι
691 1774 718 1823 ὁ
762 1770 870 1823 τῶν
929 1769 1095 1823 πάλαι
1160 1769 1545 1837 ξυμπεσόντων
1589 1770 1727 1821 κατὰ
1782 1769 2004 1838 μνήμην

424 1865 713 1922 συντακεὶς
737 1862 895 1925 κότος
924 1863 1109 1932 κοινὴν
1136 1862 1384 1931 Ἐριννῦν
1415 1864 1671 1931 ἄντικρυς
1702 1861 1877 1913 ἐποίει
1911 1860 2005 1912 τὸν

423 1956 733 2026 ἄνθρωπον,
791 1954 913 2024 μηδ’
975 1952 1138 2008 αὑτοῦ
1191 1950 1459 2023 βασιλέως
1509 1954 1644 2016 ὅλως
1697 1953 2003 2021 δυναμένου

428 2048 797 2119 μεταϐάλλειν
818 2050 878 2099 τὸ
899 2042 1051 2119 ἦθος,
1077 2046 1129 2098 εἴ
1156 2047 1255 2100 πού
1283 2063 1345 2112 γε
1380 2046 1473 2100 καὶ
1495 2046 1805 2111 οίκτίζοιτο.
1847 2045 2007 2115 Ὀση-

428 2141 593 2212 μέραι
626 2141 734 2213 γὰρ
766 2140 1054 2211 ἀναφορῶν
1089 2140 1223 2210 πρὸς
1269 2140 1432 2194 αὑτὸν
1464 2141 1804 2209 γιγνομὲνων
1853 2139 2006 2193 οὐδὲν

422 2233 483 2284 τὸ
534 2233 801 2300 παρὰπαν
857 2231 1071 2302 ἠνύετο.
1109 2233 1217 2284 Καὶ
1257 2230 1333 2291 ὡς
1366 2230 1512 2293 size;
1551 2230 1860 2283 κατενοεῖτο
1909 2229 2005 2282 καὶ

423 2324 692 2396 πρότερον
724 2323 899 2378 ταῦτα
930 2326 1196 2395 πράττειν
1243 2322 1435 2387 θέλων,
1474 2324 1524 2377 εί
1552 2324 1646 2377 καὶ
1683 2322 1834 2395 παρὰ
1873 2323 2005 2377 πολ-

426 2460 568 2514 citas
616 2459 1024 2523 criminaretur,
1070 2458 1139 2513 iis
1185 2472 1406 2512 causam
1452 2459 1731 2519 impulsus
1770 2458 1865 2512 irae
1892 2471 2007 2511 cm-

428 2550 604 2615 lestis,
650 2553 800 2619 paris
846 2550 963 2621 ipse
1018 2560 1224 2611 tamen,
1269 2550 1319 2602 id
1360 2549 1504 2616 quod
1553 2562 1746 2604 omnes
1782 2561 2005 2616 norant,

425 2641 572 2697 haud
612 2657 812 2711 expers
845 2643 1041 2713 culpae,
1077 2642 1315 2696 maxime
1342 2642 1400 2695 in
1448 2640 1840 2696 ecclesiasticis
1874 2655 2003 2712 pos-

423 2734 768 2788 sessionibus
817 2741 872 2788 et
920 2733 1292 2802 proventibus.
1340 2732 1487 2787 Nihil
1536 2734 1681 2788 enim
1729 2735 1841 2801 jam
1886 2745 2007 2789 erat

424 2821 588 2876 istius
648 2823 868 2893 generis
924 2837 954 2877 e
1002 2822 1280 2892 prioribus
1331 2822 1441 2879 illis
1492 2822 2006 2893 depeculationibus

424 2914 727 2983 reliquum,
788 2916 933 2984 quod
995 2930 1104 2970 non
1163 2916 1277 2986 ipse
1340 2928 1654 2986 usurparet,
1712 2933 1886 2988 usque
1938 2924 2005 2973 ad

422 3006 575 3077 ipsos
598 3008 958 3077 dignitatibus
983 3008 1373 3064 ecclesiasticis
1390 3011 1732 3067 sustinendis
1756 3012 2004 3069 addictos

2107 457 2286 512 λὺετο.
2324 456 2441 510 Νῦν
2469 456 2516 509 δ’
2563 454 2701 510 ἀλλὰ
2732 449 2845 509 τῶν
2882 454 2983 525 μὲν
3034 450 3094 519 ἐξ
3127 452 3437 524 ἀνθρώπων
3476 453 3708 521 γενομέ-

2107 567 2238 615 νων,
2276 548 2387 602 τῶν
2418 549 2464 603 δ’
2498 546 2744 602 ἐκποδὼν
2776 548 3036 614 ἑκόντων,
3060 546 3167 600 τῶν
3196 546 3253 600 δὲ
3287 548 3384 602 καὶ
3418 547 3540 601 κατ’
3562 545 3705 615 ἐπή-

2112 659 2267 714 ρειαν
2326 640 2885 714 ἁπαλλοτριωθέντων
2941 642 3037 694 καὶ
3086 639 3376 713 βασιλέως,
3420 640 3587 700 αὐτὸς
3636 639 3702 704 τί)

2107 738 2228 790 κατ’
2260 734 2379 799 ἔθος
2410 734 2614 809 πικρὸν
2653 735 2742 798 ὡς
2780 734 2928 797 είκδς
2959 733 3184 804 θελητὸν
3232 733 3433 805 ῥᾳδίως
3480 733 3703 818 ὲξήνυι,

2112 829 2343 902 μηδενὸς
2400 830 2492 883 τὸν
2554 826 2865 900 κρατοῦντα
2926 826 3235 897 τολμῶντος
3299 825 3534 881 νῦττειν.
3590 826 3704 891 Καὶ.

2107 923 2300 993 ὥσπερ
2327 921 2395 977 ἂν
2420 922 2469 995 εί
2493 919 2632 976 θεοῦ
2662 920 2988 993 ἀργοῦντος,
3024 921 3170 997 κατὰ
3208 920 3307 992 τὴν
3338 918 3563 991 δημώδη
3590 934 3704 979 παρ-

2109 1015 2352 1085 ροιμίαν,
2370 1006 2494 1068 τινὰ
2517 1015 2871 1085 πράττονται,
2895 1013 3041 1067 οὕτω
3058 1016 3153 1068 καὶ
3180 1012 3444 1085 βασιλέως
3459 1010 3705 1082 ἀργοῦν-

2105 1123 2218 1173 τος,
2260 1094 2668 1178 δικαιωμάτων
2691 1107 3105 1178 προϊσχομένων
3132 1101 3405 1171 Θεοῦ,νοῐς
3452 1105 3560 1160 οὐδ’
3600 1108 3706 1168 αὑτ-

2106 1200 2196 1264 τὸς
2243 1194 2531 1271 ἄνθρωπος
2578 1199 2824 1269 γεγονὼς
2854 1201 3147 1271 ἐχρήσατο,
3191 1198 3346 1254 ταῦτ’
3393 1200 3706 1269 ἐγίγνοντο.

2106 1291 2219 1347 Καὶ
2242 1293 2323 1347 ὅτι
2351 1298 2451 1364 μὲν
2473 1294 2542 1348 δι’
2570 1296 2848 1367 ἁμαρτίας
2873 1298 2905 1365 ή
2934 1292 3359 1365 παραχώρησις,
3400 1295 3701 1365 πρόδηλον.

2107 1388 2259 1457 Πλὴν
2291 1389 2407 1444 ἀλλ’
2435 1391 2464 1442 6
2505 1390 2639 1461 πρὸς
2670 1389 2755 1462 [ιν.
2786 1386 2913 1461 589]
2954 1389 3014 1443 τδ
3042 1388 3300 1454 κολάζειν
3343 1388 3567 1459 κληθεις
3600 1403 3705 1456 φο-

2108 1479 2314 1533 ϐείῢθω
2339 1483 2437 1553 τὴν
2470 1482 2831 1553 πρόσκλησιν,
2860 1482 2939 1545 ὼς
2966 1482 3120 1536 οὐδὲν
3153 1484 3292 1545 ὅλως
3329 1484 3441 1537 τῶν
3471 1483 3704 1552 divellit-sa

2107 1572 2355 1641 ἀγγέλων
2373 1574 2626 1638 κολάζειν
2655 1576 2784 1638 τοὺς
2809 1578 2890 1638 είς
2917 1575 3052 1631 Θεὸν
3074 1577 3514 1650 ἁμαρτάνοντας.
3552 1576 3704 1631 Ἀλλ’

2105 1661 2179 1725 ὡς
2211 1662 2378 1730 ἔοικε,
2410 1665 2573 1733 μέλον
2598 1660 2671 1738 ἦν
2700 1666 2821 1738 Θεῷ
2851 1670 3007 1738 κοινῇ
3048 1669 3146 1721 καὶ
3173 1669 3301 1731 τοὺς
3329 1669 3480 1731 ἐντὸς
3524 1670 3705 1741 κυρῆ-

2038 1751 2078 1807 B
2113 1773 2203 1809 σαι
2230 1760 2339 1821 τοῖς
2365 1758 2642 1828 χαλεποῖς,
2678 1761 2727 1812 ei
2758 1761 2853 1812 καὶ
2884 1761 2959 1832 μὴ
2988 1763 3186 1831 ὁμοίως
3222 1766 3336 1826 τοῖς
3375 1764 3701 1834 προσ-τιμῶσ-

2109 1868 2195 1903 σιν
2218 1851 2460 1923 ἐχρῶντο
2485 1853 2623 1923 μηδὲ
2646 1854 2745 1916 τὰς
2774 1856 3024 1919 κολάσεις
3046 1857 3344 1926 ὑφίσταντο
3368 1859 3473 1922 τὰς
3502 1858 3702 1930 αὑτὰς,

2105 1945 2178 2008 ὼς
2212 1948 2331 1999 ἐκεῖ
2372 1947 2473 2014 μὲν
2504 1948 2784 2017 πολεμίων
2806 1950 2982 2004 ὄντων
3009 1951 3119 2005 τῶν
3153 1952 3575 2022 ἐπιτιθεμένων,
3606 1958 3701 2011 ἐν·

2106 2038 2285 2093 ταῦθα
2317 2039 2362 2093 δ’
2420 2040 2588 2105 ίδίων,
2623 2045 2785 2097 κάκεῖ
2829 2043 2929 2114 μὲν
2976 2047 3059 2111 είς
3091 2045 3251 2116 σῶμα
3285 2047 3380 2101 τοῦ
3439 2049 3699 2122 κινδύνοιξ

2107 2132 2561 2204 περιισταμένου,
2582 2136 2816 2191 ἐνταῦθα
2830 2138 2884 2191 δὲ
2902 2140 2995 2192 καὶ
3008 2140 3090 2204 είς
3100 2139 3284 2212 ψυχὴν
3299 2141 3703 2214 διαϐαίνοντος.

2107 2225 2276 2280 Ἀλλὰ
2326 2226 2501 2281 ταῦτα
2552 2229 2652 2297 μὲν
2681 2230 2790 2300 ὅπη
2836 2230 2913 2301 τῷ
2944 2231 3257 2302 Θεῷφίλον
3290 2235 3540 2304 ἀγέσθω,
3574 2237 3696 2295 aliis

2107 2318 2165 2373 δέ
2203 2336 2265 2389 γε
2295 2323 2392 2374 καὶ
2418 2321 2676 2393 ἄμεινον’
2710 2326 2843 2395 ἡμῖν
2876 2325 3086 2392 δἀῦθις
3106 2328 3300 2383 ἑκτέον
3332 2329 3443 2384 τῶν
3462 2332 3695 2402 ἑφεξῆς.

2108 2468 2344 2524 saretur,
2398 2460 2542 2515 haud
2592 2476 2716 2518 esse
2763 2462 3031 2521 indicium
3080 2476 3257 2524 aucta:
3312 2485 3463 2527 nunc
3515 2471 3699 2541 ipsius

2110 2554 2372 2608 malellcae
2420 2554 2748 2624 voluntatis,
2809 2557 2907 2612 sed
2954 2573 3081 2614 cum
3136 2561 3254 2630 pari
3304 2577 3525 2630 semper
3572 2565 3700 2635 ejus

2108 2656 2267 2701 atrox
2297 2647 2517 2703 animus
2545 2650 2895 2706 inclementia
2922 2650 3178 2719 ferretur,
3202 2656 3503 2711 cohibitum
3536 2657 3694 2714 illum

2109 2740 2515 2808 quadamtenus
2538 2752 2698 2799 antea
2728 2746 3018 2815 praesentia
3044 2757 3098 2801 et
3122 2749 3349 2805 monitis
3371 2764 3695 2820 maguatum

2110 2835 2477 2905 plurimorum
2516 2837 2739 2913 propria
2770 2839 3063 2896 nobilitate
3110 2855 3175 2895 ac
3220 2842 3484 2913 principis
3524 2843 3695 2900 fami-

2112 2925 2235 2979 liari
2265 2926 2443 2995 gratia
2476 2926 2582 2997 ipsi
2621 2931 3256 2999 quoqueverendorum
3284 2951 3301 3002 ;
3334 2937 3526 3004 quales
3560 2951 3690 2992 cum

2070 3082 2073 3086 ι
2112 3018 2274 3073 modo
2315 3034 2422 3074 non
2453 3020 2747 3084 adessent,
2781 3023 2978 3093 partim
3030 3035 3205 3082 morte
3237 3028 3524 3092 subtracti,
3563 3045 3697 3100 par-

422 3097 557 3153 olim
595 3113 830 3163 census,
853 3098 993 3154 adeo
1026 3113 1085 3153 ut
1116 3103 1186 3155 ad
1219 3100 1418 3159 incitas
1450 3103 1656 3160 redacti
1686 3104 1783 3176 qui
1817 3120 2005 3161 sacro-
2031 3113 2076 3174 ε
2113 3112 2205 3164 tim
2248 3113 2567 3168 voluntario
2620 3130 2839 3171 secessu
2873 3117 2981 3172 alio
3014 3118 3211 3185 delati,
3240 3122 3440 3191 partim
3474 3122 3699 3183 damnis

424 3207 547 3246 rum
619 3194 893 3247 honorum
964 3195 1158 3248 titulos
1233 3205 1526 3266 gererent,
1591 3197 2007 3256 obsolescerent

423 3298 652 3353 prorsus
704 3293 757 3340 et
810 3286 1059 3356 pudenda
1112 3290 1300 3342 iliutie
1350 3290 1661 3347 sorderent.
1694 3291 1760 3344 Et
1799 3294 2007 3362 rapinis

424 3377 516 3430 ille
544 3376 764 3446 quidem
804 3378 1116 3434 istiusmodi
1149 3396 1337 3433 curam
1375 3381 1757 3436 niendieorum
1783 3383 2009 3440 alendo-

421 3482 543 3523 rum
585 3470 943 3534 obtendebat,
998 3472 1144 3527 haud
1176 3474 1640 3531 animadvertetis
1675 3475 1837 3549 560
1860 3478 2007 3533 mul-

422 3563 674 3632 tiplicare
719 3579 781 3621 se
825 3564 933 3618 hoc
980 3566 1142 3620 modo
1183 3565 1562 3623 mendiroruui
1611 3586 1905 3625 numerum
1949 3571 2007 3626 in

421 3670 659 3728 eumque
733 3657 1081 3730 compingare
1154 3661 1301 3715 viros
1366 3662 1633 3716 natalium
1689 3672 1745 3717 et
1794 3665 2003 3720 (lotium

420 3751 716 3820 splendore
771 3768 973 3823 magna
1029 3753 1226 3824 dignos
1278 3759 1625 3825 reverentia,
1678 3774 1816 3828 quos
1854 3760 2004 3815 omni

419 3846 552 3900 vitae
611 3845 915 3903 tolerandae
966 3847 1229 3903 facultate
1282 3844 1580 3905 destitutos
1632 3850 2003 3921 relinquebat,

419 3950 491 3991 ne
520 3936 570 3991 id
603 3936 827 4006 quidem
850 3939 1115 3994 solatium
1144 3940 1440 4011 indulgens
1469 3944 1706 4007 miseris,
1730 3955 1788 3998 ut
1812 3958 2003 3999 eorum

422 4045 561 4099 quas
598 4032 778 4102 palam
807 4040 1058 4088 cerneret
1086 4034 1347 4088 aerumnis
1374 4034 1667 4091 condolere
1704 4037 1999 4092 videretur.

418 4121 664 4179 Crudum
698 4126 843 4179 enim
882 4133 935 4178 et
986 4124 1249 4181 immitem
1298 4141 1397 4196 pro
1437 4142 1534 4181 sua
1578 4134 1773 4181 caetera
1818 4127 2006 4199 rigidae

421 4217 624 4274 indolis
684 4207 988 4274 acerbitate
1035 4219 1325 4275 obvertere
1372 4222 1761 4290 perseverabat
1792 4223 2001 4277 vultum

420 4321 588 4383 atque
618 4315 877 4367 obtutum
909 4314 978 4367 iis
1013 4312 1169 4384 ipsis,
1212 4330 1353 4382 quos
1395 4330 1425 4369 e
1457 4315 1741 4384 splendida
1785 4316 2002 4372 fortuna

2109 3208 2355 3277 acceptis
2403 3208 2626 3264 alienati
2674 3225 2703 3264 a
2739 3212 2991 3282 principe
3039 3224 3444 3288 preptereaque
3490 3228 3697 3290 sponte

2110 3300 2235 3354 aula
2286 3309 2341 3355 et
2391 3303 2526 3357 urbe
2583 3303 2867 3373 digressi,
2910 3306 3027 3377 ipse
3066 3326 3211 3364 nunc
3263 3312 3463 3369 solutis
3510 3302 3717 3372 omnis.
3755 3340 3759 3342 ν

2110 3402 2396 3464 respectus
2434 3395 2665 3451 habenis
2717 3396 2888 3453 libere
2934 3408 3103 3455 totum
3152 3406 3444 3459 exserehat
3490 3406 3698 3462 innata

2113 3484 2533 3543 inhumanitatis
2584 3487 2885 3555 feritatem,
2930 3494 3157 3548 nemine
3184 3496 3295 3559 jam
3326 3498 3420 3560 qui
3448 3500 3696 3553 auctori-

2110 3586 2223 3632 tate
2276 3578 2503 3649 polleret
2547 3580 2733 3649 aliqua
2774 3582 2842 3637 de
2874 3582 2964 3639 his
2998 3585 3353 3657 interpellare
3384 3588 3690 3660 Augustum

2108 3672 2370 3727 audente.
2405 3671 2601 3744 itaque
2633 3674 2799 3740 sicut,
2825 3675 2984 3747 juxta
3014 3678 3280 3751 populare
3299 3683 3552 3747 verbum,
3581 3683 3693 3740 Deo

2110 3774 2365 3821 cessante
2394 3782 2459 3823 ac
2485 3771 2641 3838 quasi
2671 3770 3008 3828 dormitante
3039 3773 3293 3844 quaedam
3322 3787 3584 3844 aguntur,
3618 3779 3693 3833 ita

2110 3871 2259 3912 nunc
2286 3856 2523 3914 feriante
2548 3875 2613 3916 ac
2639 3863 2975 3920 connivente
3004 3867 3257 3939 Augusto
3290 3868 3381 3924 ha!
3400 3868 3559 3942 56]
3589 3872 3697 3928 im-

2108 3962 2257 4019 pune
2303 3965 2610 4023 secureque
2642 3951 3024 4015 immanitates
3081 3960 3515 4027 exercebantur,
3558 3980 3693 4036 spe-

2109 4041 2260 4096 cioso
2312 4045 2713 4101 commendata
2767 4050 2999 4106 obtentu
3053 4056 3537 4125 exsequendarum
3593 4056 3695 4117 Dei

2102 4132 2589 4203 justilicationum,
2622 4140 2826 4210 quibus
2858 4143 2978 4214 ipse
3012 4145 3106 4214 qui
3151 4131 3237 4203 sic
3264 4161 3473 4221 ageret,
3510 4167 3695 4223 quan-

2110 4229 2338 4290 tumvis,
2394 4239 2452 4284 ut
2506 4232 2697 4300 homo,
2756 4236 2927 4293 nihilo
2979 4254 3143 4310 quam
3197 4243 3451 4303 homines
3504 4252 3695 4307 exteri

2109 4319 2293 4375 minus
2310 4321 2610 4387 obnoxius,
2639 4325 2693 4380 in
2721 4341 2779 4382 se
2806 4328 2927 4398 ipso
2958 4340 3138 4390 tamen
3165 4336 3390 4393 minime
3416 4348 3692 4401 uteretur.

419 4405 711 4473 spoliando
759 4407 1105 4475 compulerat
1152 4406 1221 4462 ad
1270 4408 1474 4461 victum
1529 4408 1635 4462 sibi
1696 4409 2003 4464 mendicato
2034 4490 2066 4496 _
2107 4411 2284 4482 Atque
2316 4414 2458 4469 hanc
2492 4417 2567 4471 illi
2595 4420 2816 4487 quidem
2850 4433 3075 4492 prepter
3105 4440 3328 4496 peccata
3360 4443 3552 4490 nostra
3584 4452 3695 4494 nos

418 4499 823 4567 quaeritandum
862 4500 917 4570 (ο
964 4500 1355 4554 contumeliam
1398 4499 1569 4554 libere
1601 4501 1743 4557 natis
1772 4513 1826 4556 et
1866 4503 1995 4557 cdn-
2034 4490 2079 4545 ι)
2111 4508 2186 4559 ita
2233 4509 2598 4564 conculeaudi
2650 4490 2929 4568 licentiam
2961 4532 3027 4573 ex
3058 4518 3170 4573 alto
3203 4522 3549 4588 concessam.
3578 4543 3692 4585 non

418 4588 561 4645 eatis
616 4604 845 4659 prorsus
908 4590 1388 4661 intolerandam!)
1450 4593 1654 4661 passim
1708 4608 1805 4663 per
1855 4595 2003 4651 vicos

421 4679 741 4749 plateasque
788 4682 1052 4737 civitatis.
1113 4680 1347 4737 Tantum
1389 4681 1646 4738 videlicet
1689 4685 1941 4741 abluerat
1972 4705 2001 4743 a

422 4775 715 4828 minuenda
746 4775 1152 4845 molliendaque
1190 4776 1271 4831 vel
1315 4779 1595 4848 paululum
1627 4781 1833 4835 duritie
1864 4784 2004 4838 anti-

419 4879 549 4935 qua,
584 4874 640 4918 ut
666 4881 773 4935 qua
816 4880 876 4921 se
916 4869 1194 4937 quondam
1246 4867 1507 4939 ﬂagrasse
1534 4874 1605 4927 ob
1632 4889 1749 4928 eam
1796 4876 2000 4931 invidia

420 4957 766 5023 meminerat,
794 4972 912 5010 eam
940 4960 1098 5028 quasi
1125 4959 1236 5029 jam
1268 4961 1460 5017 ulcisci
1487 4965 1737 5032 studens,
1764 4968 2003 5038 indeque

420 5063 687 5104 accensus
714 5051 1094 5123 indignatione
1113 5057 1351 5121 saeviori,
1379 5054 1596 5113 Furiam
1619 5060 1782 5130 plane
1807 5080 2004 5133 quam-

418 5140 544 5194 dam
599 5153 651 5196 et
709 5159 1058 5200 communem
1123 5147 1370 5220 Erinnyn
1429 5167 1489 5206 se
1552 5155 1818 5221 prteberet
1882 5158 2003 5214 vice

422 5237 693 5301 hominis;
721 5254 817 5291 nec
838 5254 961 5294 eum
990 5241 1309 5310 imperator,
1338 5254 1635 5316 utcumque
1657 5250 2001 5308 calamitates

420 5330 669 5395 publicas
721 5330 1020 5400 miserans,
1073 5335 1366 5393 deﬂectere
1416 5341 1485 5393 ab
1537 5342 1763 5397 immani
1817 5348 2000 5417 rigore

420 5430 627 5490 posset,
646 5425 885 5491 querelis
910 5427 1145 5484 adhunc
1164 5433 1408 5502 quotidie
1429 5436 2001 5509 obtestationibtssque

422 5516 719 5571 multorum
757 5519 873 5573 dira
903 5524 1221 5590 patientium
1250 5527 1369 5581 sine
1400 5528 1512 5582 ullo
1542 5544 1772 5599 prorsus
1799 5534 1999 5590 effectu

419 5608 636 5663 delatis.
707 5610 1196 5685 Intelligebantque
1249 5620 1342 5687 qui
1416 5631 1619 5674 statqu
1675 5636 1998 5690 praesentem

420 5715 604 5755 rerum
668 5717 789 5755 cum
851 5706 1124 5772 superiori
1178 5715 1576 5779 comparabant
1637 5715 1997 5787 prudentius,

422 5796 567 5866 quod
613 5812 761 5852 nunc
792 5798 1129 5858 Athanasius
1155 5802 1418 5871 licentius
1450 5822 1614 5877 quam
1646 5818 1808 5867 antea
1840 5828 1998 5883 gras-

2107 4608 2192 4652 est
2222 4598 2475 4657 dubium.
2524 4602 2793 4659 Caeterum
2840 4608 2934 4675 qui
2984 4610 3051 4664 ad
3099 4612 3237 4668 alios
3271 4617 3630 4689 castigandus
3660 4637 3693 4678 α

2108 4688 2218 4746 Deo
2254 4707 2509 4763 vocatur,
2550 4700 2744 4755 timeat
2779 4703 3158 4774 praeiudicium
3191 4708 3415 4767 infamis
3444 4714 3697 4771 ministe-

2105 4787 2193 4849 rii,
2230 4794 2573 4857 peccantium
2607 4796 2662 4850 in
2699 4795 2870 4852 Deum
2902 4802 3327 4859 cruciandorum
3354 4823 3370 4873 ;
3397 4808 3597 4878 quippe
3620 4812 3691 4864 ad

2105 4881 2251 4949 quod
2292 4883 2370 4937 rei
2403 4888 2579 4939 solum
2613 4898 2667 4943 et
2697 4892 2852 4958 mali,
2880 4907 2989 4949 non
3029 4906 3214 4951 autem
3266 4900 3395 4955 boui
3437 4903 3691 4961 adhiberi

2106 4974 2284 5041 angeli
2309 4980 2724 5035 consueverint.
2755 4983 2957 5039 Verum
2993 4989 3072 5041 uti
3102 4999 3345 5060 apparet,
3381 4991 3435 5047 id
3458 4994 3691 5051 curabat

2105 5063 2247 5122 Deus
2298 5079 2355 5122 ut
2398 5069 2628 5125 Romani
2683 5090 2837 5145 teque
2872 5093 3087 5145 omnes,
3124 5082 3217 5137 imi
3251 5087 3476 5152 summi,
3515 5088 3694 5145 eccle-

2105 5160 2338 5225 siastici,
2400 5165 2564 5231 laici,
2618 5167 2765 5224 intra
2831 5171 3024 5227 urbem
3064 5184 3118 5231 et
3175 5188 3328 5233 extra
3384 5181 3689 5253 degentes,

2105 5252 2476 5320 plecterentur
2518 5259 2675 5314 malis
2712 5260 2765 5316 ln
2794 5279 2998 5334 genere
3024 5267 3281 5325 dissimili
3324 5271 3415 5327 vix
3449 5274 3693 5344 disparis

2103 5350 2414 5418 gravitatis.
2475 5352 2605 5407 licet
2658 5354 2794 5411 foris
2848 5358 3070 5427 quidem
3124 5362 3238 5419 hac
3291 5365 3362 5422 ab
3412 5366 3689 5437 hostibus,

2106 5444 2253 5495 intus
2303 5459 2330 5495 a
2382 5444 2597 5501 civibus
2641 5448 3002 5517 inferrentur,
3037 5470 3180 5511 noxa
3211 5457 3328 5514 illic
3363 5458 3419 5514 in
3459 5474 3692 5531 corpore

2108 5537 2372 5603 haerente,
2399 5538 2485 5593 hic
2506 5542 2669 5596 etiam
2694 5557 3021 5612 penetrante
3043 5566 3219 5621 usque
3243 5534 3521 5609 adanima:
3563 5557 3690 5613 inti-

2106 5648 2278 5685 nium.
2297 5631 2399 5687 Sed
2422 5632 2522 5685 ista
2541 5652 2648 5703 quo
2674 5639 2779 5692 Deo
2802 5641 2977 5695 visum
3001 5643 3441 5717 fueritaguutor.
3467 5648 3688 5708 Utinam

2104 5735 2289 5780 autem
2318 5725 2670 5783 reflectantur
2692 5734 2743 5785 in
2774 5736 2987 5792 melius.
3018 5738 3212 5794 Nostra
3248 5758 3413 5812 porro
3429 5745 3689 5817 deinceps

2102 5818 2365 5874 reddatur
2387 5836 2553 5893 Opera
2582 5825 2827 5898 reliquis,
2853 5845 3013 5901 prout
3042 5843 3167 5891 sunt
3188 5844 3340 5907 gesta
3362 5838 3680 5898 referendis.
