3990 6228
238 279 315 347 649

1065 280 1164 342 DE
1206 276 1639 342 ANDRONICO
1673 272 2131 340 PA'LIEOLOGO
2170 277 2315 341 LIB.
2362 278 2491 339 VII.

3312 276 3421 350 650

230 392 507 447 Κατελάνων
536 392 789 463 αἴσθησιν
821 391 973 465 ἠξίου
1011 396 1139 466 περὶ
1175 393 1440 459 σπονδῶν,
1474 391 1549 457 ὡς
1584 392 1743 447 αὑτό·
1774 397 1818 451 Α
1845 390 1940 445 τοῦ
1962 390 2147 445 λαϐεῖν
2169 390 2346 447 θέλειν
2374 392 2474 458 τὰς
2496 390 2760 462 συζύγους
2780 392 2917 459 τοὺς
2942 393 3412 465 τουρκοπούλους,

226 491 295 542 ϐιν
325 488 701 558 ἀποστατήσων
753 471 1156 560 ⁸’Δμογοιϐάρων
1175 529 1191 552 ,
1237 486 1334 542 καὶ
1358 488 1458 542 ὅσα
1489 487 1601 549 τοῖς
1648 484 1742 540 τοῦ

219 578 445 650 βασιλέως
497 578 734 633 συνοίσει
784 580 1078 651 πράγμασι
1112 578 1253 633 κατὰ
1286 578 1350 633 τὸ
1389 576 1745 641 δυνατὸν.·ῶς

216 672 329 743 ἔχει,
362 671 808 741 διαπραξόμενος,
837 671 1022 744 ἢγοῦν
1061 671 1251 726 αὐτόθι
1284 671 1484 742 μένων,
1514 672 1564 725 εί
1583 671 1746 726 δυναν

212 765 286 818 τὸν
303 760 382 835 ἢν,
410 763 443 837 ἢ
469 764 559 817 καὶ
591 766 685 819 ἐπὶ
711 767 827 827 τοῖς
853 765 1154 836 ἀντιπέραν
1180 764 1277 818 σὺν
1303 764 1418 835 ίδίῳ
1444 762 1562 834 λαῷ
1587 764 1743 832 γενό-

211 873 365 928 μενος.
398 856 660 920 Βασιλεὺς
711 856 771 911 δὲ
797 856 905 911 τῶν
936 856 1129 910 δεινῶν
1171 854 1443 927 ὁσημέραι
1475 855 1748 926 πληθυνθ-

208 951 363 1017 μένων
417 949 508 1003 καὶ
568 951 644 1022 μὴ
677 948 890 1005 ιὼντων
924 950 1051 1006 ἄλλο
1102 967 1155 1003 τι
1211 948 1568 1020 βουλεύεσθαι
1611 949 1645 1020 ἢ
1685 949 1746 1003 τδ

204 1042 350 1116 χείρω
372 1043 541 1095 ποιεῖν
573 1042 642 1096 τὰ
673 1042 782 1097 τῶν
804 1042 1017 1115 ἐχθρῶν
1040 1041 1183 1096 κατά
1215 1058 1339 1096 τινα
1365 1040 1584 1095 σύνεσιν
1617 1043 1747 1115 (ἆλ-

152 1142 153 1145 ‘
201 1134 293 1198 λως
318 1132 421 1206 γὰρ
469 1134 855 1205 ἀντιπράττειν
923 1135 1022 1191 καὶ
1053 1135 1315 1201 πολεμεῖν
1340 1134 1451 1188 οὐδ’
1477 1133 1615 1198 ὅλως
1637 1129 1745 1205 ἦν)

199 1225 430 1295 ἀσμένως
478 1227 735 1299 προσίετο
780 1229 881 1298 τὴν
916 1229 1239 1301 πρεσϐείαν,
1273 1228 1371 1282 καὶ
1396 1228 1745 1299 ἀντιπέμψας

199 1321 275 1374 διά
295 1337 432 1385 τινος
467 1322 705 1393 Πέρσου,
746 1320 822 1393 μὴ
846 1321 1132 1391 φωραθείη
1158 1322 1318 1391 δῆθεν
1344 1320 1404 1374 τδ
1429 1320 1746 1391 μελετώμε-

200 1429 294 1481 νον,
319 1410 499 1467 δοῦναι
536 1414 635 1484 μιν
664 1414 745 1477 είς
779 1415 1019 1482 γυναῖκα
1051 1414 1110 1468 τδ
1138 1414 1233 1467 τοῦ
1263 1412 1501 1466 παλαιοῦ
1536 1412 1747 1466 ἐκείνου

197 1505 368 1576 Μελὴιι
424 1506 720 1579 Θυγάτριον
779 1505 857 1578 τῷ
922 1506 1219 1579 Περσάρχῃ
1277 1504 1745 1575 καθυπισχνεῖτο,

196 1600 438 1671 παρέχειν
459 1598 517 1653 δὲ
548 1598 650 1654 δσα
680 1615 740 1652 τε
766 1597 910 1652 κατὰ
943 1599 1147 1670 προῖκα
1172 1597 1268 1651 καὶ
1300 1597 1399 1651 ὅσα
1431 1597 1551 1651 κατ’
1578 1595 1746 1669 ἄλλην

193 1690 488 1761 φιλοτιμίαν
524 1692 590 1745 τὰ
625 1690 807 1746 ἱκανά.
848 1689 1013 1745 Ἀλλὰ
1034 1691 1239 1744 τούτων
1280 1689 1567 1761 όσημιίραι⁴
1593 1690 1748 1758 διαγ-

1849 485 1999 555 Πλὴν
2024 484 2414 553 ὑπονοηθέντες
2451 485 2700 542 ἐντεῦθεν
2726 487 2828 552 τὰς
2861 482 2941 552 είς
2972 488 3170 553 αὐτοὺς
3209 489 3418 563 πληρο-

1847 577 2045 648 φορίας
2099 576 2208 631 τῶν
2277 579 2674 650 ’Δμογαϐἀρων
2720 580 2978 637 ἀπιλυον.
3034 580 3201 635 Ὅθεν
3237 582 3333 635 καὶ
3359 581 3418 647 ἐξ

1846 671 2014 743 αὐτῆς
2041 672 2345 744 ἀντιπερᾷν
2372 673 2687 743 ἐγνώκεσαν
2717 673 2808 727 τὸν
2852 672 3204 745 Περσάρχην.
3253 674 3419 728 Αὐτοὶ

1846 764 1901 817 δλ
1922 764 2065 819 κατά
2098 763 2184 837 [Ρ.
2208 764 2335 837 LM]
2366 766 2538 820 νώτου
2568 766 2815 830 λιπόντες
2847 766 2973 829 τοὺς
3019 768 3259 836 Πέρσας,
3284 768 3417 835 περί

1848 874 1950 911 που
1981 855 2048 909 τὰ
2077 856 2175 927 τῆς
2195 857 2450 912 Μαδύτου
2486 858 2652 930 μέρη,
2677 858 2829 913 ἔνθεν
2864 860 2964 932 μὲν
2994 861 3115 924 ταῖς
3142 862 3272 930 παρ’
3317 861 3420 922 αὑ-

1846 951 1957 1012 τοῖς
1986 951 2238 1021 τριήρεσι
2258 949 2535 1021 χρώμενοι
2557 951 2617 1004 τὸ
2651 953 2960 1024 προστυχδν
2987 952 3267 1025 ἐληΐζοντο
3286 955 3411 1025 τρό-

1847 1057 1950 1094 πον
1986 1042 2259 1113 πειρατῶν
2286 1043 2424 1097 κατὰ
2453 1042 2749 1109 θάλασσαν,
2793 1046 2935 1100 κατὰ
2964 1046 3020 1099 δὲ
3060 1045 3233 1117 ξηρὰν
3268 1047 3421 1100 ἔθεον

1849 1134 2195 1204 παμπληοεὶ,
2253 1137 2351 1188 καὶ
2400 1136 2759 1207 προσδόκιμοι
2795 1133 2935 1207 ἦσαν
2964 1138 3294 1208 προσϐαλεῖν
3325 1142 3419 1193 καὶ

1849 1226 2001 1279 πόλει
2022 1242 2039 1259 ’
2073 1228 2463 1296 προσετόλμων
2491 1230 2548 1283 δὲ
2574 1232 2667 1284 καὶ
2694 1231 2829 1300 πρὸς
2864 1230 3090 1301 βασιλέα
3118 1233 3420 1303 πρεσϐείαν

1850 1319 2113 1389 πέμπειν,
2142 1321 2238 1373 καὶ
2276 1322 2459 1388 ἀξιοῦν
2488 1323 2692 1378 διδόναι
2731 1323 2830 1394 μὲν
2860 1326 2986 1388 τοὺς
3018 1326 3266 1395 μισθοὺς,
3297 1344 3422 1381 συν-

1847 1410 2106 1465 ωνεῖσθαι
2143 1412 2199 1466 δὲ
2258 1416 2352 1467 καὶ
2404 1416 2474 1467 τὰ
2526 1415 2915 1483 σκυλευθέντα,
2970 1418 3066 1470 καὶ
3121 1417 3264 1473 οὕτω
3301 1420 3420 1489 μετ’

1847 1501 2069 1576 εἰρήνης
2099 1501 2195 1555 ἐπὶ
2223 1502 2369 1573 νηῶν
2399 1504 2646 1575 πέμπειν
2674 1505 2871 1570 αὐτοὺς
2898 1509 2977 1570 είς
3001 1508 3070 1561 τὰ
3102 1508 3231 1564 ίδιοι.
3268 1510 3422 1564 Ἐπεὶ

1823 1593 1903 1648 -δὲ
1928 1594 2081 1648 ταῦτ’
2131 1595 2235 1649 οὐκ
2283 1595 2527 1667 ἐχώρουν
2578 1598 2849 1667 γίνεσθαι,
2887 1599 3148 1671 ἄπρακτα
3177 1602 3248 1656 τὰ
3302 1604 3421 1675 τῇδ’

1844 1683 2007 1761 ἦσαν,
2046 1689 2238 1760 μόναις
2267 1690 2326 1745 δὲ
2353 1693 2477 1757 rati;
2510 1692 2646 1764 πρὸς
2689 1694 2825 1749 Θεὸν
2849 1758 2854 1764 η
2878 1696 3140 1763 ἱκετείαις
3192 1699 3423 1771 ἤλπιζον
3510 1770 3511 1773 η

191 1759 538 1853 γελλομένων,
565 1784 689 1838 καθ’
713 1784 1037 1855 ὑποσχέσεις
1068 1782 1161 1838 τοῦ
1190 1782 1290 1840 καὶ
1311 1759 1469 1846 αὖθις
1496 1799 1746 1854 προσχω-
1777 1759 1820 1816 Β
1850 1759 2146 1846 σώζεσθαι,
2192 1780 2259 1847 ἃς
2312 1784 2516 1854 συχνὰς
2624 1759 3046 1857 πατριαρχιὺων
3101 1759 3423 1861 παμπληδεὶ

192 1876 295 1944 ρείν
316 1877 445 1939 τοὺς
476 1875 967 1946 ἁποστατήσαντας
996 1872 1447 1945 Τουρκοπούλους
1488 1873 1651 1927 αὑτοῦ
1681 1888 1745 1942 γε

192 1968 650 2039 συμπράττοντος,
702 1968 750 2021 si
782 1967 945 2037 μόνον
993 1967 1299 2038 πέμποιντο
1322 1965 1379 2019 ai
1406 1963 1616 2019 τούτων
1645 1979 1746 2031 10-

188 2062 383 2123 ναῖκες,
433 2058 579 2125 πλὴν
613 2057 730 2130 μετ’
779 2056 1082 2129 ἀσφαλείας
1114 2054 1208 2110 τοῦ
1244 2058 1397 2127 μήτι
1426 2054 1747 2126 παραϐῆναι

189 2155 300 2209 κατ’
333 2154 557 2223 ἀπάτην
588 2152 699 2207 τῶν
727 2152 1131 2222 συγκειμένων,
1161 2150 1235 2213 ὡς
1266 2147 1399 2218 γοῦν
1426 2145 1576 2201 ταῦτ’
1603 2143 1749 2218 ᾠκο-

189 2243 407 2313 νόμηντο
428 2244 527 2296 καὶ
552 2243 654 2314 ἢδη
697 2243 1034 2312 ἐπέμποντο,
1085 2242 1337 2311 φωρᾶται
1366 2240 1481 2303 τοῖς
1504 2237 1749 2309 Ἀμογα·

188 2335 365 2407 ϐάροις
405 2336 467 2390 τὸ
502 2337 713 2408 δρᾶμα,
756 2335 851 2389 καὶ
887 2334 1255 2406 Ῥομοφόρτος
1281 2332 1374 2386 τδν
1420 2330 1750 2401 Περσάρχην

189 2427 259 2492 είς
278 2430 459 2499 κρίσιν
490 2428 636 2495 ἄγει,
664 2427 760 2482 καὶ
786 2428 902 2481 ὅσοι
949 2423 1323 2495 συνεμελέτων
1370 2420 1522 2492 αὐτῷ
1547 2421 1617 2475 τὰ
1648 2422 1750 2492 τῆς

188 2523 623 2593 ἀποστατήσεως.
682 2521 809 2585 Τοῖς
851 2520 908 2573 δλ
942 2519 1018 2589 μὴ
1043 2518 1262 2590 ἔχουσιν
1293 2516 1432 2581 ὅλως
1459 2513 1751 2582 ἀπολογετρ

189 2614 322 2680 σθαι,
349 2614 409 2669 ἓν
430 2616 517 2679 είς
540 2612 836 2683 ἀπολογίαν
867 2609 1237 2687 προύτείνετο,
1256 2607 1318 2661 τὸ
1347 2606 1566 2686 ἀπατᾷν
1608 2600 1751 2675 ὑπὲρ

184 2810 297 2850 cum
321 2808 387 2850 eo
413 2793 559 2848 inire
585 2791 917 2848 admitteret.
953 2787 1231 2845 Oderebat
1258 2784 1439 2843 autem
1481 2802 1541 2843 se
1566 2788 1750 2844 statim

184 2886 499 2942 relicturum
534 2883 998 2955 Amogabarorum
1049 2892 1253 2955 partes.
1299 2892 1353 2938 et
1378 2881 1641 2955 quidquid
1683 2884 1750 2935 ad

183 2993 265 3035 res
300 2982 354 3035 et
384 2979 631 3034 rationes
691 2977 1036 3048 imperatoris
1089 2978 1347 3048 expedire
1402 2976 1749 3045 intelligeret,

186 3086 276 3137 pro
313 3071 461 3126 virili
498 3080 773 3133 acturum,
794 3068 908 3125 sive
950 3069 1062 3125 illic.
1092 3069 1179 3123 ubi
1208 3078 1347 3134 erat,
1380 3069 1424 3122 si
1459 3068 1573 3122 fieri
1626 3081 1750 3137 pos-

183 3170 277 3219 set.
307 3160 678 3230 persistendo,
711 3159 824 3214 sive
859 3159 913 3212 in
939 3159 1223 3212 adversam
1270 3173 1393 3212 cum
1433 3156 1549 3210 suis
1580 3158 1751 3224 capiis

185 3249 593 3309 transfretando
627 3251 1016 3304 continentem.
1042 3246 1139 3301 liis
1170 3248 1469 3316 imperator
1522 3244 1751 3313 auditis,

182 3353 443 3413 reputans
472 3340 634 3397 malis
664 3340 909 3409 quotidie
933 3337 1437 3409 ingravescentibus
1460 3352 1568 3393 non
1589 3337 1748 3394 aliam

178 3436 390 3493 aliunde
413 3449 570 3507 spem
629 3431 859 3489 remedii
895 3432 1132 3492 ostendi.
1194 3431 1416 3502 quando
1474 3430 1753 3491 exhaustae

177 3542 299 3596 Opes
323 3527 549 3598 imperii
609 3524 921 3581 facultatem
983 3524 1254 3591 negabant
1300 3523 1432 3594 justi
1482 3524 1752 3579 exercitus

179 3625 474 3680 rebellibus
506 3619 839 3691 opponendi,
874 3633 1036 3688 quam
1071 3633 1097 3672 a
1148 3610 1517 3685 procuranda,
1568 3617 1753 3687 siqua

176 3725 355 3787 posset
412 3723 539 3770 arte
586 3712 803 3775 confici,
850 3709 1228 3767 debilitatione
1269 3719 1432 3777 atque
1489 3708 1751 3763 imminu-

175 3810 317 3863 tione
357 3803 625 3879 poteutiai
656 3803 892 3867 hostilis.
954 3802 1285 3872 perlibenter
1346 3802 1555 3871 excepit
1608 3802 1755 3870 lega-

175 3901 394 3961 tionem,
425 3908 484 3954 et
526 3898 755 3952 remisso
794 3894 860 3949 ad
894 3894 1165 3948 Melecum
1201 3893 1365 3948 Persa
1407 3895 1640 3961 quodam
1686 3894 1753 3946 fi-

177 3991 261 4056 do,
297 4002 357 4046 ut
388 4006 483 4045 res
516 3988 685 4043 tutius
731 3988 944 4047 lateret,
997 3983 1245 4054 promisit
1271 3998 1331 4038 se
1390 3984 1463 4038 illi
1494 3984 1750 4038 daturum

178 4082 227 4137 in
258 4097 488 4138 uxorem
518 4078 838 4150 antiquioris
873 4078 1017 4134 illius
1058 4074 1242 4132 Meleci
1276 4076 1463 4141 liliam,
1492 4076 1750 4147 adjectu-

180 4162 404 4246 rnmque
427 4177 613 4231 dotem
642 4172 897 4242 amplam,
924 4185 1020 4226 nec
1044 4170 1096 4223 in
1124 4169 1357 4234 caeteris,
1381 4169 1592 4237 quoties
1604 4169 1756 4223 foret

179 4286 306 4338 opus
351 4282 450 4324 aut
497 4267 613 4337 ipse
658 4263 725 4318 ad
763 4257 915 4318 suam
955 4260 1375 4317 munificentiam
1431 4260 1752 4330 appellaret,

180 4374 526 4433 negaturum.
562 4357 625 4412 Et
656 4354 985 4426 procedebat
1036 4352 1269 4409 feliciter
1326 4353 1573 4408 tractatio
1622 4353 1753 4406 mis-

1846 1872 2222 1943 διεπράττετο.
2280 1875 2431 1940 Τέως
2466 1875 2525 1929 δὲ
2559 1877 2651 1931 καὶ
2689 1877 2750 1929 τὸ
2776 1877 2871 1953 τοῦ
2926 1880 3227 1950 Κοσμιδίου
3259 1883 3426 1952 epod.

1849 1978 1986 2032 ριον,
2014 1961 2267 2017 δεδιότων
2317 1964 2393 2035 μὴ
2442 1965 2766 2029 ἐπιστάντες
2801 1968 3184 2036 κατάσχοιντο.
3223 1968 3289 2021 ἐκ
3324 1968 3425 2037 μὲ-

1851 2067 1976 2117 ρους
1992 2053 2352 2132 πατὴρειπτο,
2374 2053 2471 2107 καὶ
2500 2052 2714 2119 ξενικὰς
2736 2054 2994 2125 δυνάμεις
3017 2054 3080 2110 ἐκ
3095 2058 3143 2110 τ’
3171 2058 3425 2132 Ἰϐηρίας

1851 2130 2052 2212 (κὰ)ιεῖ
2087 2142 2197 2214 γὰρ
2250 2143 2599 2199 ἀποστέλλων
2648 2142 2901 2214 βασιλεὺς
2936 2148 3066 2218 περὶ
3098 2130 3424 2220 συμμαχίας

1849 2230 2039 2303 ἠξίου)
2064 2233 2128 2288 εκ
2175 2251 2236 2287 τε
2262 2232 2526 2299 Γεννούας
2571 2235 2955 2308 ἀπεξεδέχετο.
2999 2239 3134 2293 Οὐδὲ
3163 2241 3270 2311 γὰρ
3300 2241 3455 2301 οὐδὲ,

1848 2324 1917 2379 τὰ
1950 2326 2105 2390 ἐντὸς
2151 2314 2368 2395 ἐσάπαξ
2416 2327 2674 2397 ἀσφαλῶς
2721 2324 2869 2401 εῐχον
2898 2331 2978 2402 τῷ
3014 2331 3247 2402 βασιλεῖ,
3305 2335 3424 2388 ἀλλ’

1850 2419 2003 2472 ἐνθεν
2036 2418 2136 2490 μιν
2163 2436 2247 2482 τις
2276 2420 2386 2475 τῶν
2416 2420 2733 2493 ἐπιῤῥήτων
2765 2423 2831 2476 ὲκ
2863 2420 3091 2487 δύσεως,
3125 2424 3427 2495 ἱερωσύνης

1853 2513 2218 2585 περικτᾶσθαι
2250 2514 2408 2580 δόξας
2438 2514 2658 2583 ἀξίωμα
2690 2518 2782 2571 καὶ
2807 2513 2915 2587 πρδ
2943 2517 3152 2590 χρόνων
3176 2536 3430 2591 προσχωτ

1854 2610 2025 2685 ρήσας
2056 2606 2264 2667 ἐκεῖθεν
2291 2607 2368 2687 τῷ
2405 2607 2637 2681 βασιλεῖ,
2673 2610 2702 2662 ὁ
2730 2609 2973 2681 τοιοῦτος
2995 2610 3206 2691 Δριμὺς
3233 2611 3431 2671 rotari.

1854 2790 2133 2845 retrahere
2195 2803 2393 2845 uxores
2446 2785 2904 2858 'l'urcopulorum.
2982 2782 3169 2844 Fidem
3216 2787 3429 2849 invenit

1854 2880 1997 2952 apud
2030 2879 2400 2949 Amogabaros
2431 2878 2734 2949 plausibilis
2786 2881 3089 2935 excusatio.
3143 2880 3319 2948 Atque
3353 2879 3427 2941 ita

1856 2984 2054 3040 magno
2081 2969 2321 3026 defuncti
2352 2971 2596 3041 periculo
2626 2970 2920 3041 coniurati,
2968 2970 3280 3027 l'ersarcha:
3308 2971 3431 3026 Me.

1856 3063 1976 3119 leco
2028 3072 2416 3133 persuaserunt
2482 3063 2722 3119 velocem
2784 3064 2838 3118 in
2873 3064 3058 3119 Asiam
3123 3062 3428 3132 trajectum,

1854 3170 2013 3226 quem
2049 3156 2094 3211 is
2123 3142 2261 3210 clam
2289 3155 2675 3213 administrare
2718 3171 2785 3213 eo
2834 3156 3173 3212 commodius
3228 3158 3425 3225 potuit,

1853 3250 1995 3318 quod
2026 3249 2180 3319 quasi
2215 3248 2375 3304 soluti
2400 3247 2512 3318 jam
2534 3263 2663 3303 cura
2703 3248 2969 3313 Catelani,
2994 3247 3177 3304 Persis
3207 3262 3236 3301 a
3272 3258 3430 3319 tergo

1852 3341 2059 3397 relictis
2089 3342 2234 3397 circa
2266 3348 2446 3412 partes
2475 3340 2700 3414 Madyti,
2728 3342 2858 3398 hinc
2916 3342 3130 3412 quidem
3192 3342 3431 3397 ιτίιοιιιξν

1853 3434 1956 3490 bus
2006 3435 2322 3490 conscensis
2381 3448 2532 3489 mare
2594 3434 2993 3490 latrocinantes
3073 3432 3429 3502 infestabant,

1854 3528 1979 3582 inde
2042 3536 2219 3582 autem
2266 3529 2616 3584 terrestribus
2673 3529 2845 3597 copiis
2908 3528 3013 3583 late
3078 3529 3428 3597 praedabundi

1856 3620 2104 3690 regiones
2135 3619 2508 3684 incursabant,
2561 3619 2661 3689 ipsi
2704 3633 2922 3689 quoque
2962 3619 3080 3674 urbi
3128 3618 3425 3681 formidati,

1856 3714 2018 3766 anxia
2056 3728 2244 3767 eorum
2312 3713 2722 3782 exspectatione
2784 3711 3053 3775 sollicitae,
3105 3714 3321 3782 quando
3375 3724 3433 3767 et

1856 3806 1971 3861 ausi
2008 3814 2130 3859 sunt
2163 3819 2303 3860 nova
2331 3806 2711 3874 imperatorem
2764 3805 3028 3875 legatione
3070 3806 3301 3874 superbe
3337 3805 3459 3865 l.i--

1855 3914 2095 3961 cessere,
2122 3912 2224 3967 qua
2254 3898 2511 3966 petebant
2538 3898 2671 3951 solvi
2705 3897 2809 3951 sibi
2842 3897 3003 3967 plane
3042 3899 3308 3967 stipendia
3344 3911 3430 3949 rn-

1857 3998 1940 4042 tru
1968 3988 2169 4052 debita,
2201 3998 2311 4040 tum
2358 4003 2476 4056 qua:
2527 3997 2681 4054 rapta
2721 3989 2772 4041 iu
2834 3987 3083 4041 manibus
3144 3984 3430 4049 haberent.

1856 4081 1961 4135 alia
1985 4079 2225 4149 ipsorum
2249 4078 2514 4133 arbitratu
2554 4078 2786 4132 taxanda
2834 4078 3059 4147 pecunia
3105 4079 3331 4145 redimi;
3364 4080 3429 4134 iis

1857 4174 2087 4241 peractis
2124 4171 2348 4239 praeberi
2403 4171 2506 4226 sibi
2549 4171 2615 4239 ab
2667 4172 2995 4241 imperatore
3038 4186 3223 4237 naves,
3262 4180 3320 4224 et
3350 4174 3429 4224 sic

1856 4277 1980 4317 eum
2016 4262 2223 4331 pacein
2263 4260 2494 4328 patriam
2543 4261 2771 4319 remitti.
2828 4260 2890 4315 Ni
2919 4264 3031 4315 huic
3081 4261 3293 4324 fierent,
3348 4262 3431 4314 in-

1859 4354 2194 4408 terneciuum
2217 4355 2281 4405 ad
2297 4362 2595 4407 extremum
2626 4352 3020 4407 denuntiabant
3047 4353 3265 4407 bellum.
3306 4352 3433 4406 llaec

179 4455 247 4511 sis
274 4454 417 4510 ultro
454 4451 702 4519 citroque
734 4446 974 4519 quotidie
1000 4446 1469 4508 commeantibus;
1514 4459 1742 4514 quorum
1775 4457 1827 4515 ι)
1855 4461 1976 4502 cum
2025 4446 2233 4503 admitti
2294 4446 2440 4498 nullo
2468 4446 2627 4498 modo
2657 4456 2895 4515 possent,
2927 4446 3103 4515 palam
3135 4459 3251 4500 erat
3296 4462 3433 4500 cun,

179 4549 391 4615 quidam
430 4562 462 4597 a
508 4542 706 4596 Meleco
760 4538 1025 4595 nuntiarit
1063 4538 1163 4607 ipsi
1219 4535 1386 4590 videri
1419 4552 1579 4605 posse
1614 4536 1756 4589 Tur-

179 4639 397 4708 copulas
435 4651 467 4690 a
504 4636 762 4690 societate
801 4631 1180 4687 Catelanorum
1240 4629 1487 4684 abscindi
1523 4638 1576 4682 ct
1629 4627 1758 4681 dato

182 4732 373 4786 idoneo
414 4730 542 4786 ﬁdei
574 4728 801 4800 pignore
862 4725 1126 4781 Romanis
1182 4724 1488 4789 conciliari,
1546 4721 1590 4777 si
1646 4737 1759 4778 suae

179 4821 306 4892 ipsis
327 4822 614 4881 mulieres.
653 4832 789 4889 quas
849 4826 1038 4888 captas
1089 4817 1156 4871 ab
1202 4814 1390 4870 Alanis
1438 4814 1754 4883 imperatori

178 4915 381 4971 deditas
420 4912 636 4971 dictum
669 4918 774 4977 est,
832 4910 899 4964 ab
931 4910 1035 4964 hoc
1076 4910 1180 4963 illis
1236 4910 1609 4961 redderentur.
1656 4904 1754 4961 Iis

178 5007 332 5065 facile
362 5018 638 5063 annuente
658 5004 901 5070 Augusto
923 5012 975 5057 et
1035 5002 1351 5056 mulieribus
1390 5002 1500 5067 jam
1547 5000 1750 5065 missis,

178 5100 603 5169 deprehenditur
619 5096 688 5152 ab
713 5095 1067 5162 Amogabaris
1098 5109 1292 5148 arcana
1319 5092 1544 5147 molitio.
1573 5091 1754 5156 Ouare

181 5192 527 5250 Itomofurtus
583 5192 649 5245 ad
688 5188 955 5260 judicium
988 5186 1341 5241 Persarcham
1400 5187 1556 5249 citat,
1589 5183 1773 5255 592'

181 5303 377 5358 easque
422 5300 620 5341 omnes
671 5298 806 5354 quos
839 5280 1164 5336 defectionis
1228 5295 1349 5333 cum
1407 5293 1471 5332 eo
1502 5280 1751 5347 cogitata:

184 5376 815 5450 suspicio'contingebat.
870 5373 963 5429 His
1014 5387 1236 5428 causam
1272 5371 1566 5434 dillicilem,
1602 5372 1749 5425 exitu

184 5489 308 5528 sane
338 5472 589 5542 ancipiti,
618 5466 925 5524 dicentibus
954 5481 1077 5519 cum
1120 5482 1224 5519 non
1254 5474 1565 5518 occurreret
1617 5464 1749 5532 quid

186 5565 322 5618 aliud
362 5560 729 5617 verisimiliter
800 5558 1121 5627 allegat-ent,
1191 5558 1245 5609 in
1269 5573 1333 5610 eo
1357 5561 1752 5609 consenserunt

188 5667 239 5706 ut
270 5656 733 5711 aﬂiriuarentnou
765 5666 890 5705 vere
949 5648 1178 5703 deiicere
1237 5662 1295 5702 se
1336 5648 1591 5710 voluisse,
1655 5647 1748 5700 sed

188 5748 499 5803 ostentanda
554 5745 685 5799 [also
715 5744 832 5811 ejus
870 5743 947 5797 rei
1002 5742 1275 5796 Vtilttitlale
1317 5740 1384 5795 ab
1420 5741 1747 5807 imperatore

460 5845 726 5913 Panos.
778 5843 889 5907 Gs.
939 5838 1193 5910 CXLIV.

1862 4541 1964 4594 ctis
1998 4555 2147 4609 spem
2178 4540 2549 4593 conventionis
2576 4539 2773 4592 nullam
2804 4553 3109 4605 superesse.
3143 4540 3321 4606 Quare
3375 4543 3427 4595 in

1859 4633 1973 4685 sola
2006 4630 2202 4687 ﬁducia
2235 4629 2405 4685 divini
2454 4628 2641 4683 auxilii
2700 4629 2954 4698 precibus
2989 4632 3248 4688 exorandi
3286 4630 3434 4687 salu—

1863 4723 1934 4777 tis
1965 4722 2191 4790 publica:
2240 4720 2471 4776 facultas
2506 4730 2561 4776 ct
2594 4721 2737 4776 ratio
2761 4722 3051 4791 pendebat,
3080 4722 3223 4777 haud
3276 4726 3430 4793 segni

1859 4815 1922 4869 ad
1980 4814 2028 4867 id
2074 4814 2310 4868 ofticium
2349 4815 2698 4882 patriarcha,
2781 4814 2874 4883 qui
2930 4814 3185 4871 maximis
3237 4819 3432 4871 crebro

1859 4908 2223 4967 conventibus
2259 4909 2449 4964 solitas
2480 4925 2607 4963 suas
2655 4909 2868 4962 litanias
2905 4910 3154 4964 iterabat.
3206 4910 3428 4965 Interim

1858 5010 2036 5055 autem
2078 5005 2233 5070 periti
2292 5019 2472 5057 rerum
2524 5004 2861 5067 bellicarum,
2922 5011 2978 5056 ut
3012 5002 3224 5058 defendi
3291 4994 3425 5058 Satis

1858 5106 2039 5165 posset
2072 5109 2170 5148 arx
2204 5093 2476 5148 Cosmodii
2507 5104 2774 5158 verentes.
2842 5096 3015 5151 deseri
3058 5104 3110 5151 et
3152 5111 3214 5151 ex
3275 5104 3430 5162 parte

1858 5184 2095 5238 Subrerti
2129 5198 2371 5238 suasere.
2405 5184 2705 5254 Imperator
2755 5196 2933 5243 autem
2970 5187 3153 5257 copias
3204 5187 3430 5241 auxilia-

1858 5292 1945 5330 res
1982 5293 2043 5329 ex
2074 5276 2243 5330 lheria
2271 5285 2322 5330 et
2351 5276 2416 5330 ab
2453 5278 2586 5331 urbe
2645 5276 2856 5341 Genua,
2916 5282 3056 5333 unde
3087 5291 3427 5348 poposcerat,

1857 5372 2205 5436 exspectabat
2239 5384 2302 5422 eo
2331 5371 2603 5438 cupidius,
2638 5386 2748 5441 quo
2781 5388 2846 5425 ne
2880 5373 3143 5429 interiora
3206 5374 3427 5442 quidem

1855 5460 2005 5514 urbis
2028 5459 2186 5531 593
2220 5471 2302 5515 sat
2344 5461 2448 5517 sibi
2480 5473 2591 5515 tnta
2639 5466 2903 5519 sentiebat
2936 5476 3152 5535 prOpter
3194 5468 3430 5522 subodo-

1854 5564 2002 5606 ratas
2031 5556 2386 5621 quorumdam
2419 5556 2843 5612 machinationes
2866 5558 3224 5627 proditorum.
3258 5558 3431 5621 Nimie

1856 5662 1971 5699 rum
1992 5646 2210 5716 quidam
2245 5658 2597 5713 cognomento
2651 5649 2885 5724 Driinys,
2937 5652 3026 5722 qui
3078 5654 3205 5730 olim
3273 5653 3431 5716 fama;

1855 5754 2042 5809 parum
2076 5746 2227 5795 bona:
2260 5740 2462 5797 dudum
2492 5758 2555 5797 ex
2592 5742 2833 5800 Occiduo
2885 5755 3062 5800 tractu
3100 5746 3165 5799 ad
3199 5747 3431 5816 impera:

2950 5843 3021 5915 21
