3994 6226
489 229 596 303 663

1713 252 2027 316 GEORGII
2065 257 2546 326 ΡΑΕΗῩΜΕΒΑΞ

3639 254 3756 327 664

489 356 750 454 γέστερον
797 362 1172 454 ξπολιόρκουν.
1218 364 1329 422 Καὶ
1354 365 1424 434 τὰ,
1462 362 1560 440 μὶν
1595 362 1787 441 πρῶτα
1836 373 1935 444 τὴν
1963 372 2057 428 τοῦ
2087 378 2133 438 Α
2165 379 2402 435 Καλλίου
2455 381 2784 453 βαδίζουσιν.
2846 383 3230 454 Διδυμοτείχου
3286 384 3379 438 καὶ
3425 384 3560 438 λίαν
3615 383 3761 436 ἀπέ-

491 446 716 523 Βαρέως
766 452 911 508 οὕτω
964 456 1145 529 πύλην
1202 459 1571 532 καλουμένην,
1632 459 1743 534 πῦρ
1797 465 2052 530 ἐνιέντες,

490 543 862 615 πυρπολοῦσιν
905 548 984 611 τις
1014 549 1200 615 τέλοςο
1233 552 1309 618 ὡς
1350 552 1395 606 δ’
1427 553 1638 610 ἔνδοθεν
1672 558 1766 610 καὶ
1805 548 1944 628 αὕτη
1982 559 2058 631 τῷ

490 635 557 694 ἐκ
589 642 806 713 πετρῶν
833 645 1145 715 τειχίσματι
1176 664 1242 700 πε
1254 649 1636 719 ριεφράγνυτο,
1667 651 2062 721 ἀμηχανήσαν-

486 742 582 796 τες
633 733 910 798 ἑλεπόλεις
949 737 1151 792 ἱστᾶσι.
1189 740 1295 792 Καὶ
1346 739 1647 811 μηχάνημά
1679 760 1730 794 τι
1780 743 2061 814 πολιορκι-

493 827 612 893 κδν,
662 830 1092 902 προωθουμένην
1124 832 1424 897 εὐκινήτως
1462 833 1548 906 [Ρ.
1593 833 1720 906 ιτα]
1761 834 2062 906 ὑπότροχον

489 919 758 990 κλίμακα,
797 921 1024 993 βύρσαις
1055 924 1195 994 βοῶν
1225 924 1294 979 δι’
1317 927 1439 980 ὅλου
1468 929 1911 999 κεκαλυμμένην,
1945 929 2064 994 ἐξε-

488 1013 854 1082 τοιμάσαντες
887 1015 1026 1087 πρὸς
1049 1020 1162 1079 τοῖς
1193 1017 1428 1087 τείχεσιν
1456 1013 1638 1080 ἴστων,
1672 1022 1912 1086 καὶτοὺς
1943 1024 2061 1076 ἐπι·

488 1108 831 1177 δησομένους
881 1109 1201 1180 ἐξώτρυνον.
1236 1104 1346 1166 Ἦν
1378 1113 1420 1166 δ’
1454 1115 1509 1166 ὲν
1543 1115 1725 1178 αὐτοῖς
1757 1115 1852 1170 καὶ
1891 1119 1919 1170 ὁ
1949 1117 2060 1171 Φαο

492 1201 656 1268 ρέντα
709 1201 924 1271 Τζιμῆς
957 1204 1201 1272 σημαίαν
1251 1207 1373 1266 ταῖς
1408 1207 1563 1278 χερσὶ
1621 1207 1802 1279 φέρων
1854 1208 1950 1262 καὶ
2003 1209 2062 1274 te

488 1293 668 1366 ἄκρας
728 1297 968 1367 κορύζης
1031 1297 1136 1369 ρὴξ
1199 1298 1303 1367 μὲν
1361 1298 1611 1363 Σικελίας
1665 1300 2060 1371 φημιζὸμενος,

489 1386 712 1452 εὔελπις
743 1387 819 1440 ὣν
845 1389 934 1442 καὶ
963 1390 1058 1443 ἐπὶ
1082 1392 1148 1460 τῇ
1173 1389 1369 1444 ἁλώσει
1400 1391 1523 1444 ὅσον
1543 1391 1698 1449 οὔπω
1726 1391 1820 1446 τοῦ
1848 1394 2060 1458 ἄστεος.

501 1471 596 1533 Ἐκ
628 1479 812 1548 χειρὸς
834 1479 1017 1532 τοίνυν
1047 1484 1398 1550 καταστάσης
1440 1483 1538 1554 τῆς
1569 1482 1747 1556 μάχης
1773 1487 1867 1538 καὶ
1899 1486 2065 1558 ἀναρο

493 1557 814 1635 ριχωμένων
861 1567 964 1638 ἤδη
995 1569 1104 1621 τῶν
1152 1569 1526 1640 θερμοτέρων,
1560 1573 1610 1624 οἱ
1638 1572 1788 1637 ἐντὸς
1829 1557 2061 1629 ἀντιπα-

489 1647 829 1727 λαμὼμενοι,
863 1657 1016 1712 κίονα
1054 1664 1275 1729 μακρὰν
1316 1655 1855 1733 ὕπαναϐιὸασάμενοε
1881 1681 1938 1716 τε
1974 1665 2064 1717 καὶ

2160 489 2351 544 σχοντο
2374 490 2389 505 ⁶
2434 477 2529 530 καὶ
2561 477 2669 550 γὰρ
2707 480 2734 532 ὁ
2769 476 3020 548 βασιλεὺς
3057 477 3273 550 Μιχαὴλ
3319 477 3542 531 ἐκεῖθεν
3584 475 3768 546 ἐξώρ-

2163 582 2304 635 μησε
2336 566 2431 621 καὶ
2467 569 2597 641 περὶ
2629 569 2993 644 τὴν,Μόρῤαν
3020 570 3285 639 διέτριϐε.

2160 678 2229 735 κ’.
2260 683 2588 756 ιιάταγωγὴ
2624 686 2724 742 καὶ
2752 686 2928 767 αὖθις
2959 685 3080 767 niis-
3103 688 3170 754 ἐς
3201 684 3429 754 Δὰζους
3461 687 3766 757 ἀναχθει-

2771 774 2901 812 σων
2933 774 3118 825 νηων.

2236 848 2377 919 Πρὶν
2407 849 2452 904 δ’
2483 851 2682 916 αὐτοὺς
2729 852 2846 905 ἐκεῖ
2870 853 3261 922 παραγγεῖλαι.
3307 851 3429 907 ἐπεὶ
3468 853 3574 906 καὶ
3605 853 3665 906 ai
3702 851 3768 906 ὲκ

2163 939 2428 1004 Γεννοῦας
2466 942 2591 1013 νῆες
2625 944 2690 996 ὲκ
2712 941 3120 1014 Τραπεζοῦντος
3145 946 3242 999 καὶ
3275 941 3386 999 τῶν
3415 948 3538 1001 άνω
3574 946 3766 998 τόπων

2165 1030 2477 1102 κατάρασαι
2522 1033 2823 1102 προσέσχον
2848 1037 2912 1103 τῇ
2954 1035 3365 1090 Κωνσταντίνου
3399 1037 3498 1089 καὶ
3528 1035 3640 1108 ἢδη
3678 1035 3768 1086 ἐπ’

2165 1123 2317 1177 οῐκου
2349 1122 2573 1193 ἔμελλον
2599 1125 2861 1179 ἀποπλεῖν
2893 1127 3036 1196 (οὐδὲ
3066 1127 3176 1195 γὰρ
3211 1127 3389 1182 ἐδόκει
3417 1126 3502 1198 τῷ
3544 1124 3770 1196 βασιλεῖ

2168 1216 2575 1286 παρακατέχειν
2626 1220 2764 1286 σφᾶς
2807 1218 2949 1271 κατά
2994 1218 3350 1289 συμμαχίαν·
3397 1219 3602 1281 αὐτοῖς
3666 1217 3770 1287 μὲν

2167 1310 2275 1382 γὰρ
2300 1312 2400 1364 οὐκ
2426 1306 2492 1380 ἦν
2513 1309 2654 1364 κατὰ
2682 1311 2785 1380 γῆν
2810 1309 3086 1380 πολεμεῖν,
3127 1310 3184 1365 ’Δ
3196 1311 3506 1382 μογάϐαροι
3532 1310 3593 1363 δὲ
3628 1318 3768 1363 κατα

2167 1402 2318 1456 ἔθεον
2379 1403 2479 1475 τὴν
2542 1405 2871 1474 μεσόγειον).
2911 1410 3048 1468 τέως
3090 1404 3136 1458 δ’
3161 1405 3299 1476 ὅπερ
3329 1399 3398 1476 ἦν
3439 1404 3644 1458 αὐτοῖς
3669 1404 3773 1456 δυ-

2167 1497 2326 1549 νατὸν
2353 1496 2446 1549 καὶ
2469 1494 2543 1564 τῷ
2569 1495 2781 1565 βασιλεί
2804 1498 3077 1567 χρήσιμον
3104 1499 3494 1567 κατεφαίνετο,
3527 1495 3771 1564 βασιλέα

2167 1601 2226 1638 τε
2266 1584 2452 1654 ἠξίουν
2504 1586 2642 1654 ὅπερ
2675 1585 2741 1638 ἂν
2793 1584 3036 1654 βούλοιτο
3084 1588 3464 1656 προστάττειν.
3507 1584 3604 1657 [Ρ.
3635 1584 3768 1654 425]

2183 1673 2242 1726 '(l
2270 1674 2324 1728 δὲ
2358 1677 2421 1728 ἐκ
2454 1675 2691 1746 παρόδου
2724 1678 3018 1745 προσσχεῖν
3048 1680 3112 1746 τῇ
3141 1675 3379 1729 Καλλίου
3408 1675 3770 1746 προσέταττε

491 1748 936 1819 προσαράξαντες
979 1752 1045 1804 ἐκ
1083 1745 1177 1805 τοῦ
1212 1749 1489 1822 αὶτρνηδὺν,
1526 1755 1585 1808 τὸ
1625 1755 1722 1824 μὲν
1767 1757 2065 1828 μηχάνημα
2091 1734 2140 1794 Β
2171 1761 2264 1814 καὶ
2313 1766 2510 1834 πεῖραν
2539 1734 2868 1834 ’προσάξαι’,
2903 1734 3169 1818 ’.κάκεῖνοι
3222 1734 3550 1835 ὑφίσταντο,
3613 1766 3773 1836 παρά

492 1841 839 1906 κατασπῶσι,
873 1844 1082 1913 πάντας
1111 1841 1169 1899 δὲ
1200 1849 1328 1910 τοὺς
1363 1849 1479 1902 ἐκεῖ
1516 1851 2066 1922 μεταχειριζομένους

492 1933 671 2006 φθορᾷ
698 1936 1139 2005 προσεπέλασαν.
1166 1941 1280 1996 Καὶ
1303 1938 1448 1995 οὕτω
1477 1941 1578 2012 μὲν
1609 1943 1936 2011 ἀπογνόντες
1966 1947 2066 2017 τῆς

491 2029 926 2095 ἀπαναστάσεως
977 2023 1261 2100 ἅπτονται,
1294 2035 1394 2090 οὐκ
1427 2036 1639 2106 ὀλίγους
1686 2039 1888 2112 ἄνδρας
1917 2040 2070 2111 ἀρεῖ-

492 2124 626 2186 κους
668 2118 1057 2188 ἀποϐαλόντες.
1092 2124 1360 2182 Κάκεῖθεν
1389 2129 1691 2201 Παμφύλου
1739 2131 2065 2203 πειρῶνται,

495 2217 662 2270 κάκεῖ
711 2215 781 2272 τὰ
831 2219 993 2290 ὅμοια
1049 2217 1350 2290 δράσαντες
1405 2225 1502 2278 καὶ
1547 2223 1812 2290 παθόντες
1847 2225 1941 2280 ἐπὶ
1970 2225 2069 2297 τὴν

496 2409 764 2467 ρναιιειιθα
832 2402 1128 2458 traderent.
1189 2394 1262 2458 Ea
1319 2402 1362 2459 si
1397 2403 1610 2469 tierent,
1670 2405 2070 2477 pollicebantur

497 2493 697 2548 nemini
752 2492 1219 2553 Orestiadensium
1283 2498 1580 2568 quidquam
1638 2516 1692 2554 se
1746 2501 1813 2556 de
1865 2513 2070 2556 cretero

498 2585 766 2642 molestia:
827 2588 1099 2644 illaturos.
1137 2587 1242 2645 Ubi
1305 2602 1484 2648 autem
1544 2596 1737 2648 surdos
1791 2595 1856 2649 ad
1891 2595 2069 2650 omnia

498 2669 757 2738 obsessos
792 2692 1134 2752 repererunt,
1187 2685 1252 2740 ad
1292 2687 1750 2742 vehementiorem
1783 2703 1841 2743 se
1897 2704 2070 2758 oppu-

497 2775 809 2844 goationem
844 2776 1215 2848 accingentes,
1255 2789 1380 2833 ante
1417 2779 1596 2833 omnia
1627 2789 1861 2848 portam,
1899 2780 1986 2834 cui
2041 2796 2072 2835 α

499 2858 647 2939 Bury
706 2883 800 2924 seu
857 2867 1020 2943 σικιρὶ
1075 2885 1271 2925 nomen
1306 2880 1446 2935 erat,
1491 2873 1614 2944 igne
1643 2873 1844 2942 injecto
1874 2890 2075 2930 consu-

501 2972 657 3017 munt
695 2972 885 3027 totam,
936 2963 1083 3018 aditu
1118 2979 1214 3034 per
1241 2966 1291 3018 id
1332 2966 1527 3021 ostium
1556 2966 1666 3037 jam
1715 2977 1904 3038 patens
1937 2969 2071 3039 ipsis

2167 1871 2332 1908 τινων
2379 1856 2770 1928 εὐαριθμήτων
2801 1857 3204 1929 φυλασσομένη,
3258 1857 3353 1911 καί
3385 1873 3437 1911 τι
3483 1859 3768 1925 γενναῖον,

2171 1949 2220 2001 εἰ
2249 1946 2553 2018 δυνηθεῖεν,
2590 1940 3286 2020 διαπραξαμένουςέπειτα
3331 1951 3638 2004 ἀποπλεῖν.
3679 1951 3770 2014 Ὠς

2173 2034 2310 2104 γοῦν
2343 2021 2670 2110 προσέσχον,
2703 2039 2884 2112 μάχην
2929 2043 3301 2111 συστήσαντες
3336 2041 3397 2094 τὸ
3428 2041 3537 2111 μὲν
3591 2042 3770 2112 ἐμπό-

2174 2145 2290 2199 ριον
2331 2131 2632 2201 πυρπολεῖν
2658 2132 3019 2204 ἐπιχειροῦσι,
3067 2131 3181 2202 πῦρ
3209 2132 3254 2186 δ’
3289 2132 3635 2197 ὲναύσαντες
3674 2133 3767 2187 καί

2171 2237 2295 2275 τινα
2321 2220 2428 2277 τῶν
2459 2222 2603 2292 νηῶν
2637 2224 2967 2295 ἐφορμῶσαν
2988 2221 3066 2294 τῷ
3097 2223 3278 2297 λιμένι
3313 2225 3772 2295 καταφλέξαντες

2175 2401 2408 2458 admissa
2438 2420 2453 2456 :
2489 2400 2636 2456 illinc
2671 2401 2813 2455 enim
2842 2402 3089 2471 erupisse
3121 2417 3243 2459 cum
3277 2419 3442 2460 manu
3478 2403 3669 2460 valida
3699 2405 3766 2460 ad

2175 2511 2292 2563 eos,
2328 2497 2371 2550 si
2424 2511 2490 2550 eo
2524 2497 2662 2549 viam
2720 2506 3072 2562 attentarent,
3109 2499 3425 2568 priusquam
3464 2499 3766 2555 admovere

2176 2605 2236 2646 se
2272 2602 2509 2660 possent,
2545 2591 2833 2646 ctedendos
2860 2591 3180 2646 Micltaclem
3234 2594 3544 2663 Augustum
3606 2607 3766 2648 ιιι-οε·-

2175 2695 2388 2754 perant,
2429 2685 2530 2738 hac
2581 2684 2695 2755 ipsa
2774 2685 3187 2755 exspectatione
3229 2687 3434 2740 circum
3479 2684 3761 2742 Mori-bam

2175 2777 2570 2832 considentem.

2176 2891 2268 2948 ΞΟ.
2310 2891 2579 2948 Secundus
2611 2895 2865 2964 appulsu:
2913 2895 2966 2950 in
3007 2897 3187 2951 urbem
3229 2895 3482 2951 reducam
3525 2913 3554 2952 e
3595 2890 3760 2951 Lazis

2215 2974 2220 2975 '
2650 2965 3004 3020 Gettucnsium
3044 2967 3277 3022 navium.

503 3052 677 3112 libero
736 3055 942 3122 futuro,
999 3056 1102 3111 nisi
1143 3057 1289 3112 cives
1321 3070 1796 3129 praeoccupassent
1856 3078 2070 3116 murum
2103 3087 2147 3149 ε
2252 3057 2571 3128 Priusquam
2610 3071 2790 3114 atttem
2826 3060 3156 3129 Amogabari
3213 3058 3520 3128 Callipolim
3576 3073 3762 3121 rever-

503 3142 920 3220 intuselapide
979 3159 1245 3206 structum
1303 3151 1434 3220 ipsis
1477 3166 1772 3222 opponere.
1833 3152 1946 3210 Hoc
2001 3153 2075 3208 illi

501 3244 622 3298 viso
683 3244 1038 3313 desperantes
1097 3243 1220 3298 illac
1287 3244 1620 3315 ingressum,
1685 3246 1752 3300 ad
1795 3246 2080 3303 machinas

503 3332 806 3387 rnolieudas
865 3333 1107 3387 animum
1170 3334 1472 3404 appellunt.
1529 3333 1910 3390 Constructam
1947 3352 2081 3406 ergo

505 3425 698 3478 turrim
729 3422 876 3478 intus
904 3424 1047 3479 scala
1079 3424 1344 3492 perviam,
1374 3425 1630 3492 subjectis
1663 3425 1798 3480 rotis
1828 3426 2080 3480 mobilem

503 3528 558 3573 et
613 3517 824 3572 taurino
875 3517 1116 3572 exterius
1155 3517 1304 3571 corio
1360 3518 1722 3589 undecunque
1761 3528 2080 3589 protectam,

509 3593 680 3665 muris
712 3611 1036 3677 admovent;
1076 3610 1593 3682 conscensurosque
1655 3612 1706 3666 in
1738 3611 1882 3666 illam
1910 3637 1915 3641 -
1941 3613 2085 3669 mili-

509 3713 615 3767 tes,
649 3716 713 3754 ac
736 3716 830 3770 per
863 3715 980 3753 eam
1012 3715 1222 3754 summa
1261 3703 1548 3771 pinnarum
1585 3703 1738 3758 urbis
1787 3715 2086 3772 occupatu-

508 3812 601 3851 ros
630 3794 694 3848 ad
729 3810 837 3850 rem
866 3802 1090 3850 strenue
1114 3795 1427 3862 gerendam.
1467 3794 1819 3850 adhortantes
1850 3804 1904 3849 et
1947 3813 2082 3866 prae-
2110 3811 2114 3815 ‘

509 3890 611 3944 mia
643 3888 948 3961 pollicendo
980 3888 1246 3941 animant.
1283 3886 1572 3942 Eminebat
1629 3889 1770 3942 inter
1826 3890 1924 3944 hos
1959 3891 2084 3944 bor-

509 3994 715 4039 tatores
759 3981 1045 4036 Phareuda
1108 3980 1326 4036 'l‘zinzes
1358 3982 1608 4036 vexillum
1650 3993 1868 4052 gestans
1921 3984 2087 4038 mani-

508 4084 633 4146 bus,
665 4097 825 4153 quem
864 4079 1136 4151 arrOgauti
1171 4079 1406 4134 ludibrio
1437 4079 1853 4134 circmustautes
1884 4077 2084 4133 Sicilire

514 4191 692 4247 regem
750 4174 1139 4244 praedicabant.
1199 4171 1370 4241 Hujus
1423 4188 1486 4225 ea
1514 4176 1844 4227 cernebatur
1911 4172 2085 4233 conli-

512 4269 692 4324 dcntia
723 4267 1062 4323 contumacis
1096 4268 1232 4330 oris,
1265 4274 1321 4319 ut
1353 4264 1510 4318 facile
1572 4258 1804 4320 sentires
1836 4265 1989 4334 quasi
2019 4265 2086 4320 de

507 4363 616 4428 jam
649 4372 802 4432 capta
858 4361 1030 4430 ipsum
1093 4357 1195 4412 sibi
1262 4359 1486 4412 civitate
1530 4357 1879 4426 applaudcre.
1922 4355 2081 4410 Manu

2183 3150 2400 3217 tisseut,
2435 3152 2692 3220 appulere
2739 3152 3269 3222 Constantitmpolim
3305 3154 3539 3210 reduces
3570 3170 3602 3208 e
3624 3154 3761 3207 Tra-

2180 3250 2414 3312 pezunte
2467 3258 2530 3297 ac
2567 3242 2701 3299 locis
2763 3242 3136 3314 superioribus
3169 3241 3545 3299 Genuensium
3592 3258 3758 3299 naves

2181 3351 2314 3403 quas
2345 3351 2410 3389 eo
2443 3335 2714 3403 profectas
2745 3337 3001 3392 diximus.
3056 3335 3148 3390 Ha:
3181 3351 3302 3391 cum
3323 3338 3432 3408 jam
3471 3345 3664 3392 essent
3706 3334 3758 3388 in

2185 3429 2469 3497 procinctu
2499 3428 2743 3484 solvendi
2780 3430 2998 3502 domum
3024 3445 3238 3498 versus,
3283 3430 3545 3501 quoniam
3580 3433 3753 3497 impe-

2183 3534 2333 3575 ratur
2385 3522 2770 3583 terrestribus,
2807 3536 2912 3576 non
2952 3522 3241 3577 maritimis
3279 3538 3448 3593 egens
3509 3519 3756 3586 auxiliis,

2183 3613 2371 3681 tttique
2467 3613 2733 3668 adversus
2797 3614 3168 3683 Amogabaros
3213 3614 3615 3671 mediterranea
3671 3628 3759 3665 va-

2190 3711 2398 3757 stmtes
2431 3699 2770 3768 (Geuueuses
2822 3713 3001 3757 autem
3062 3704 3392 3760 exscendere
3447 3702 3752 3761 achellum

2187 3807 2331 3850 terra
2395 3810 2587 3863 gerere
2655 3811 2716 3872 se
2774 3797 3043 3864 negabant
3099 3797 3308 3867 posse),
3365 3812 3460 3853 eas
3516 3797 3757 3852 detinere

2188 3889 2253 3942 ad
2316 3887 2417 3942 sibi
2483 3887 2822 3942 militandum
2881 3904 2989 3945 non
3047 3889 3202 3944 duxit
3263 3905 3442 3960 opera:
3504 3888 3755 3963 pretium.

2185 3981 2352 4036 duces
2414 3996 2600 4036 earum
2666 3985 2970 4052 Augustum
3049 3984 3101 4037 in
3183 3983 3429 4052 digressu
3491 3983 3756 4055 salutan-

2188 4085 2287 4136 tes,
2338 4074 2387 4130 ei
2445 4090 2504 4129 se
2564 4072 2802 4130 officiose
2848 4085 3127 4143 promptos
3184 4076 3490 4130 obtulerunt
3535 4075 3601 4129 ad
3662 4088 3755 4126 na-

2186 4169 2438 4233 vandam,
2499 4167 2543 4220 si
2602 4183 2768 4236 quam
2831 4168 3069 4236 iuberet,
3155 4169 3446 4222 militarem
3515 4179 3751 4238 operam.

2186 4259 2278 4314 Ille
2330 4259 2568 4314 ostendit
2635 4269 2850 4326 gratum
2899 4259 3002 4316 sibi
3045 4260 3308 4326 facturos,
3365 4262 3408 4315 si
3444 4263 3751 4332 priusquam

2189 4352 2303 4406 Vt‘la
2366 4351 2605 4408 facerent
2665 4354 2719 4407 in
2787 4353 3012 4417 Italiam,
3073 4356 3253 4410 obiter
3303 4355 3650 4410 admoverent
3699 4366 3755 4404 se

513 4457 678 4524 igitur
730 4457 795 4506 ad
855 4451 992 4506 muri
1055 4450 1308 4504 viciniam
1384 4449 1632 4503 machina
1695 4457 1962 4518 promota,
2021 4464 2084 4502 ac
2118 4438 2162 4494 Β
2191 4446 2461 4516 Gallipoli,
2497 4460 2550 4501 et
2592 4464 2710 4517 qua:
2736 4448 2842 4503 illic
2874 4464 2932 4503 se
2964 4448 3184 4503 oﬂ‘erret
3215 4451 3287 4503 rei
3338 4451 3472 4503 bene
3518 4445 3755 4515 gerendi!

515 4545 901 4601 fervidiorihus
967 4543 1278 4610 quibusque
1335 4540 1448 4610 jam
1487 4555 1647 4609 super
1682 4555 1800 4594 eam
1855 4554 2088 4593 ascensu

513 4651 735 4694 strenuo
800 4645 1110 4707 superatam
1202 4637 1496 4700 stantibus,
1575 4636 1889 4689 defensores
1950 4632 2090 4687 muri

516 4737 728 4804 longam
763 4741 816 4786 et
844 4744 1176 4802 praegravem
1224 4728 1292 4782 ad
1323 4729 1423 4782 hoc
1461 4727 1512 4781 in
1563 4727 1615 4780 id
1651 4724 1924 4796 fastigium
1967 4736 2092 4781 ante

515 4825 786 4879 sublatam
817 4826 1074 4875 deorsum
1117 4819 1427 4874 columnam
1487 4817 1855 4883 devolventes,
1894 4819 2087 4872 turrim

519 4915 700 4976 subito
763 4916 892 4968 casu
923 4909 1180 4965 alﬂictam
1216 4907 1498 4977 dejiciunt,
1544 4907 1706 4978 605
1757 4918 2092 4976 cuttCtosque

520 5009 573 5061 iu
640 5021 700 5059 ea
740 5015 986 5076 repertos
1032 5003 1308 5067 obierunt,
1341 5001 1478 5055 alios
1501 4997 1749 5069 'quoque
1783 5000 2090 5064 universos,

520 5084 611 5169 qui
678 5099 884 5152 circum
916 5110 1109 5166 magno
1164 5095 1403 5163 undique
1465 5107 1692 5146 numero
1754 5093 2094 5160 satagebant,

525 5195 642 5262 pari
673 5193 829 5248 ruina
888 5192 1250 5246 involventes.
1310 5187 1416 5242 Isto
1464 5185 1786 5258 Att20gabari
1843 5201 2094 5240 successu

526 5286 756 5356 denique
789 5282 1038 5356 persuasi
1063 5280 1207 5337 haud
1241 5296 1462 5334 suarum
1500 5293 1622 5334 esse
1676 5278 1870 5331 virium
1929 5293 2097 5347 expu-

523 5380 837 5449 gnationem
870 5377 1019 5430 urbis
1050 5376 1192 5440 talis,
1224 5375 1397 5431 soluta
1427 5375 1549 5428 inde
1573 5371 1855 5426 obsidione
1876 5373 2096 5434 al:ennt,

527 5490 632 5528 non
658 5473 843 5544 paucis
872 5466 1654 5540 virisfortibusamissis.inde
1683 5466 1906 5536 profecti
1943 5465 2099 5518 Pam-

527 5565 746 5636 phylum
778 5574 1010 5617 tentant.
1046 5562 1151 5615 Sed
1184 5560 1270 5615 hic
1323 5574 1540 5627 quoque
1573 5567 1690 5628 post
1744 5566 1865 5611 acta
1900 5556 2099 5636 similia

531 5659 681 5728 paria
720 5657 888 5728 passi,
938 5655 1242 5724 tiallipolim
1295 5655 1398 5708 iter
1453 5652 1762 5713 intendunt,
1823 5667 1890 5704 ne
1927 5650 2098 5720 prima

527 5751 751 5825 Quidem
786 5747 950 5808 vicini
977 5750 1334 5820 Didymoticbi
1371 5738 1717 5819 oppugnandi
1776 5741 2100 5817 cogitatione

2193 4539 2440 4601 occasio,
2498 4547 2818 4610 captarent:
2868 4540 2970 4594 sibi
3004 4540 3146 4592 enim
3189 4540 3427 4594 nuntiari
3457 4553 3657 4609 paucos
3685 4533 3751 4588 ibi

2194 4633 2565 4704 praesidiarios
2589 4632 2834 4699 relictos,
2867 4643 2921 4686 et
2945 4634 3175 4686 fortasse
3199 4649 3303 4686 uott
3338 4648 3535 4702 magno
3566 4636 3750 4686 conatu

2195 4728 2313 4797 capi
2342 4743 2522 4782 arcem
2560 4729 2705 4782 illam
2730 4743 2911 4798 posse.
2953 4728 3005 4783 Si
3039 4730 3166 4797 quid
3200 4728 3304 4782 tale
3337 4727 3660 4795 reperiretur
3703 4731 3754 4774 et

2159 4847 2162 4849 λ
2200 4824 2330 4889 ipsis
2361 4821 2506 4879 brevi
2545 4833 2788 4891 tempore
2823 4818 3031 4875 facinus
3050 4820 3210 4874 edere
3241 4819 3457 4888 aliquod
3499 4829 3754 4872 memora-

2201 4917 2307 4971 bile
2358 4914 2716 4982 contingeret,
2765 4919 2872 4964 tum
2905 4925 3039 4965 sane
3073 4924 3269 4978 magna
3297 4910 3438 4977 apud
3477 4923 3536 4964 se
3567 4905 3752 4977 gratia,

2203 5010 2314 5079 pari
2343 5007 2444 5061 sibi
2502 5006 2634 5073 ipsis
2668 5004 2862 5071 gloria,
2893 5003 3101 5072 exigua:
3132 5017 3295 5056 morte
3333 5000 3488 5056 facile
3547 5009 3752 5068 reparao

2205 5103 2296 5156 bili
2328 5100 2492 5170 606
2511 5106 2661 5164 parta
2693 5096 2996 5164 dispendio,
3026 5096 3258 5160 patriam
3288 5095 3438 5149 lucro
3467 5103 3520 5148 et
3563 5093 3752 5146 honore

2207 5196 2479 5247 auctiores
2519 5198 2845 5259 repeterent.
2871 5189 3093 5243 Assensi
3139 5187 3282 5242 haud
3311 5188 3581 5242 illibeuter
3604 5179 3750 5238 Calli—

2203 5286 2366 5353 pulitn
2398 5283 2582 5339 infesti
2633 5283 2880 5344 tendunt,
2943 5282 3227 5347 primoque
3276 5282 3478 5348 impetu
3503 5282 3752 5338 conantur

2203 5379 2507 5448 emporium
2560 5375 2672 5430 arci
2729 5373 3033 5442 proximum
3095 5372 3406 5428 incendere.
3439 5373 3515 5426 Ac
3554 5369 3748 5424 lla'nma

2204 5473 2285 5526 illi
2329 5471 2547 5539 quidem
2574 5485 2639 5521 eo
2674 5465 2871 5536 injecta
2907 5466 3069 5520 etiam
3123 5481 3312 5519 navem
3341 5481 3369 5517 e
3398 5464 3577 5518 multis
3603 5469 3745 5513 unum

2210 5565 2260 5616 in
2324 5571 2478 5630 portu
2513 5559 2784 5613 stantibus
2839 5572 2904 5612 ex
2967 5565 3120 5625 parte
3168 5557 3600 5610 combusserunt.
3655 5544 3745 5602 Sed

2208 5657 2458 5708 ardorem
2500 5651 2794 5704 instantius
2825 5649 3048 5716 urgendi
3094 5649 3436 5716 refrigeravit
3486 5644 3650 5700 cedes
3689 5638 3747 5692 ab

2210 5744 2366 5799 hoste
2401 5740 2693 5796 resistcutc
2722 5740 2936 5796 interim
2973 5739 3115 5794 facta
3146 5738 3433 5807 cujusdam
3457 5739 3593 5792 inter
3620 5735 3744 5802 ipse!
