3990 6228
178 310 275 376 685

1084 308 1184 374 DE
1223 309 1673 381 ANDRONLCO
1710 310 2184 373 PALEOLOGO
2228 312 2371 374 LIB.
2434 309 2564 371 VII.

3314 306 3423 374 686

172 427 373 500 βασιλεῖ
403 429 498 482 καὶ
543 426 857 498 Ῥωμαίοις,
884 425 973 501 ἐφ’
1008 426 1089 495 οἷς
1117 433 1210 485 καὶ
1241 432 1436 501 ὅρκους
1475 428 1737 484 ἀπαιτούο
1765 433 1813 487 Α
1841 424 1953 491 οὖν,
2005 428 2171 495 ἄλλας
2222 433 2407 501 χώρας
2457 428 2678 483 σπεύδει
2734 428 2966 482 λαϐόντα
3007 431 3283 500 κατέχειν,
3329 408 3431 482 νισιὶ

171 538 312 593 μενοι
370 522 496 585 τοὺς
539 523 1050 593 παλαμναιοτάτους
1105 524 1368 587 ἐδίδοσαν,
1417 519 1453 595 ἦ
1496 522 1603 596 μὴν
1642 524 1735 576 καὶ

168 609 314 673 αὖθις
349 614 493 685 ὑπὲρ
536 614 826 687 Ῥωμαίων
854 656 869 671 .
904 654 917 671 .
950 655 968 672 .
1000 658 1014 671 .
1138 620 1235 671 καὶ
1268 604 1475 689 ὅρκους
1503 656 1517 671 .
1553 654 1568 670 .
1606 654 1624 670 .
1663 650 1679 669 .
1718 656 1732 670 .

171 710 354 779 ἑτέραν
382 708 582 779 βουλὴν
620 711 647 762 ὁ
670 727 887 779 κρατων
910 709 1403 781 προσανετίθειτῷ
1445 709 1741 781 ἡγουμένῳ

169 803 253 855 καὶ
279 802 378 870 τὴν
408 802 543 872 παρ’
569 802 738 857 αὐτοῦ
768 802 1070 873 πρεσϐείαν
1107 803 1244 872 πρὸς
1298 802 1740 873 ’Δμογαὸἁρουςι

167 894 245 961 ἐφ’
282 887 326 959 ᾧ
357 894 598 947 ἐθέλοιεν
650 895 954 966 χρημάτων
1013 895 1270 967 μεγάλων
1305 894 1400 949 καὶ
1433 895 1606 965 τιμῆς
1642 893 1745 966 τῆς

167 987 551 1058 προσηκούσης
603 988 699 1041 καὶ
750 987 1159 1061 κυὸερνήσεως,
1220 988 1295 1052 ὡς
1324 987 1419 1042 καὶ
1478 987 1746 1058 ἀναδοχῆς

166 1077 446 1145 ἀξιοῦσθαι
476 1081 603 1142 τοὺς
640 1076 871 1149 βασιλεῖ,
897 1077 1169 1133 δουλεύειν
1229 1077 1503 1141 θέλοντας,
1530 1074 1745 1130 διαλύε-

168 1175 306 1229 σθαι.
350 1172 464 1227 Καὶ
490 1172 663 1229 ταῦτα
694 1174 1061 1245 προσαναθεὶς
1115 1172 1196 1244 τῷ
1245 1171 1391 1241 ἁϐὀᾷ
1422 1174 1705 1237 έκπέμπει
1730 1186 1745 1202 ο

165 1272 255 1320 καὶ
279 1268 347 1338 τῇ
376 1264 583 1336 μεταξὺ
623 1267 980 1338 διημερεύσει
1004 1267 1266 1339 ἀνακωχὴ
1298 1263 1389 1340 ἦν,
1418 1270 1469 1321 εί
1498 1267 1593 1321 καὶ¹
1620 1265 1750 1321 ἄλλο

165 1378 211 1413 τι
238 1359 626 1427 ἔσκευαγὼγει
679 1359 816 1431 πρὸς
850 1359 1026 1432 πόλιν,
1056 1359 1153 1415 καὶ
1181 1359 1452 1430 ὁσημέραι
1489 1358 1621 1422 λαδς
1653 1356 1750 1411 καὶ

166 1452 279 1517 ζῶα
305 1455 459 1517 ἐντὸς
485 1454 580 1507 τοῦ
597 1452 791 1517 ἄστεος
809 1451 1163 1524 ἐπληθύνετο,
1184 1453 1262 1513 ὠς
1288 1452 1383 1507 καὶ
1416 1450 1485 1504 τὰ
1518 1448 1754 1521 περιττὰ

166 1544 269 1597 τῶν
296 1542 461 1609 ζώων
487 1549 671 1618 σφαγῇ
707 1545 800 1600 καὶ
833 1544 1090 1617 μακέλλῳ
1122 1543 1381 1599 δίδοσθαι.
1427 1542 1569 1597 Ἀλλ’
1595 1544 1623 1597 ὁ
1654 1542 1755 1613 μὶν

168 1636 336 1700 ἀόσᾶς
372 1639 626 1704 ὲπιστὰς,
683 1638 778 1692 καὶ
839 1639 923 1708 ἔφ’
974 1638 1210 1709 ἡμέραις
1241 1635 1333 1711 [Ρ.
1375 1635 1505 1709 4⁵56]
1540 1635 1610 1689 τὰ
1654 1635 1758 1705 τῆς

171 1730 466 1797 πρεσϐείας
524 1731 944 1803 μεταχειρίζων,
1005 1729 1158 1783 οὐδὲν
1209 1729 1378 1801 ἤνυσε
1410 1729 1598 1792 πλέον,
1628 1727 1757 1781 οὔτε

170 1795 455 1895 ᾅπρακτος
484 1795 841 1893 ὑποστρέιρει,
899 1821 1075 1877 πολλά
1103 1839 1162 1876 τε
1190 1795 1286 1875 καὶ
1316 1820 1605 1877 ἀτάσθαλα
1657 1820 1754 1873 καί
1791 1795 1835 1854 Β

171 1934 231 1985 γε
262 1916 337 1987 μὴ
368 1910 459 1969 οἶά
488 1918 535 1969 τ’
560 1914 625 1969 ἂν
647 1915 901 1985 γενέσθαι
929 1913 1292 1978 ἀπαιτοῦντος
1319 1912 1416 1966 τοῦ
1454 1912 1757 1984 Ῥομοφόρ-

170 2028 281 2064 του.
331 2008 621 2063 Ἐὅούλετο
672 2008 781 2081 γὰρ
834 2009 934 2063 καὶ
994 2007 1196 2071 τόπους
1239 2007 1334 2061 καὶ
1369 2009 1601 2077 σώματα
1660 2008 1755 2061 καὶ

171 2102 405 2176 φρούρια
435 2100 783 2171 ἀπεμπολεῖν
814 2100 952 2172 πρὸς
982 2098 1210 2171 βασιλέα
1257 2099 1512 2168 μεγάλων
1533 2100 1755 2171 χρημάο

167 2213 297 2260 των,
322 2194 507 2266 καίγε
541 2189 1008 2264 πῳσαπῄτεικαὶ
1036 2191 1139 2256 τὰς
1194 2191 1579 2264 μισθοφορίας.
1623 2190 1686 2245 Ei
1709 2189 1755 2244 δ’

170 2394 327 2448 quem
380 2377 454 2435 iis
490 2385 792 2448 opponeret
820 2388 969 2436 ,-nec
1015 2374 1248 2430 habebat
1277 2374 1342 2430 ad
1390 2389 1609 2429 manum
1652 2390 1756 2431 nec

174 2472 311 2526 unde
341 2480 565 2540 cogeret
597 2466 946 2538 suppetebat.
981 2465 1216 2521 Tantum
1255 2468 1477 2536 quidam
1505 2468 1640 2522 levis
1670 2452 1776 2521 aro.

176 2575 398 2616 maturae
422 2561 649 2617 ordines
678 2568 1037 2627 supererant;
1069 2573 1203 2626 quos
1229 2574 1456 2628 magnus
1475 2560 1758 2613 hetaeriar~

176 2655 272 2709 rita
311 2655 489 2710 Ducas
519 2655 793 2708 exercitus
814 2653 982 2707 tutius
1006 2691 1021 2716 ,
1050 2661 1340 2721 antequam
1372 2652 1755 2722 dissiparetnr,

176 2749 304 2812 dux,
353 2746 597 2817 reliquas
624 2746 802 2800 adhuc
836 2744 1097 2809 habebat,
1133 2746 1197 2799 ad
1227 2762 1381 2798 usum
1425 2744 1753 2801 l‘urtivarnm

176 2837 439 2893 duntaxat
477 2838 1022 2893 excursiunculartnn
1056 2856 1069 2892 :
1107 2837 1248 2892 haud
1280 2838 1426 2890 enim
1454 2838 1631 2904 palam
1663 2852 1755 2893 os-

178 2941 388 2988 tentare
418 2948 485 3011 ex
521 2930 751 2987 adverso
808 2928 1042 2985 lrontem
1100 2942 1206 2982 tam
1238 2930 1421 2984 llllliliS
1469 2940 1579 2985 tam
1628 2946 1759 3001 pau-

179 3039 268 3079 cos
323 3024 450 3081 belli
490 3025 633 3079 ratio
681 3032 775 3077 aut
823 3022 1131 3078 communis
1166 3023 1479 3089 prudentia
1521 3021 1755 3077 sinebat.

180 3116 299 3173 llatc
357 3126 556 3174 cuncta
621 3131 805 3172 secum
868 3115 1167 3185 imperator
1210 3126 1469 3183 reputans
1523 3116 1757 3185 primum

181 3211 580 3280 experiundum
625 3209 857 3279 putavit,
884 3209 1083 3277 ecquid
1120 3222 1383 3263 revocare
1438 3207 1760 3264 Geuuenscs

181 3317 209 3354 a
240 3303 472 3359 consilio
506 3302 655 3372 pacis
688 3303 1107 3375 Amogaharicte
1172 3315 1377 3375 posset.
1436 3304 1593 3360 Misit
1630 3320 1763 3375 ergo

182 3396 268 3465 qui
292 3410 419 3451 eam
438 3396 856 3463 dissuaderent;
885 3398 1081 3466 quibus
1112 3414 1233 3454 cum
1266 3407 1411 3454 esset
1441 3413 1762 3468 responsum

183 3503 210 3539 a
240 3486 627 3544 Genuensibus
674 3489 1003 3545 necessariis
1029 3504 1090 3543 se
1142 3490 1324 3544 causis
1359 3490 1425 3544 ad
1473 3504 1592 3543 eum
1643 3499 1763 3544 ten-

184 3584 400 3637 tandem
432 3583 857 3638 conventionem
887 3583 1053 3648 trahi,
1080 3596 1178 3636 nec
1208 3580 1385 3636 fraudi
1416 3597 1535 3636 eam
1568 3582 1767 3636 Roma-

186 3673 265 3728 nis
288 3684 381 3729 aut
406 3674 722 3745 imperatori
751 3672 890 3741 fore,
919 3673 1117 3742 quibus
1154 3675 1315 3728 amici
1344 3684 1398 3729 et
1435 3674 1524 3726 ﬁdi
1553 3689 1674 3729 esse
1707 3685 1768 3730 ut

186 3777 335 3822 antea
358 3782 465 3824 non
497 3767 868 3831 desisterent,
903 3778 1191 3837 postquam
1220 3766 1527 3822 indemnem
1559 3766 1613 3821 in
1648 3765 1764 3821 loca

188 3859 315 3929 ipsis
372 3871 697 3933 opportuna
771 3861 1057 3917 transitum
1112 3859 1181 3915 ab
1244 3859 1492 3916 hostibus
1565 3859 1767 3916 Roma-

188 3967 375 4010 norum
417 3955 777 4028 pepigissent,
812 3964 976 4023 prout
1024 3966 1250 4009 suorum
1281 3954 1526 4010 rationes
1560 3953 1766 4008 merci-

193 4046 498 4106 tnohior'um
554 4046 896 4122 ﬂagitabant.
929 4047 1058 4105 Post
1099 4065 1221 4119 quae
1261 4048 1434 4121 rogati
1469 4057 1531 4104 ut
1563 4049 1761 4103 saitem

186 4140 537 4215 iurisiurandi
586 4142 694 4198 ﬁde
753 4142 1076 4213 interposita
1125 4153 1387 4198 caverent
1422 4157 1483 4198 se
1531 4158 1637 4197 non
1670 4142 1764 4197 ad-

187 4234 393 4302 juturos
454 4237 721 4294 adversus
788 4251 900 4291 rem
974 4235 1275 4290 Romanam
1350 4235 1763 4306 Amogabaros,

193 4342 279 4384 aut
312 4331 609 4403 quidquam
642 4332 744 4386 hoc
794 4339 908 4386 toto
953 4331 1009 4385 in
1071 4331 1289 4399 negotio
1321 4341 1540 4383 acturos
1564 4329 1765 4382 abhor-

197 4435 312 4479 rens
358 4424 429 4478 ab
476 4422 742 4490 obsequio
800 4420 1176 4490 imperatoria
1234 4434 1293 4474 se
1342 4419 1524 4474 debito
1578 4427 1635 4487 et
1697 4420 1763 4473 ad

1840 519 1999 573 ἄλλον
2022 519 2411 575 ἐπιϐάλλεσθαι
2440 520 2498 574 ὃν
2525 521 2591 574 ἂν
2616 519 2835 574 δύναιτο
2856 519 3057 591 τρόπον
3082 517 3424 583 ἀντιπάλων,
3519 548 3522 551 ~

1840 615 1935 669 καὶ
1966 616 2023 678 ἐς
2066 614 2220 677 τέλος
2274 613 2642 684 διαμάχεσθαι
2675 613 2991 666 διετείνετο.
3039 611 3229 666 Ταῦτα
3260 615 3355 665 καὶ
3396 614 3425 666 ὁ

1843 709 1986 764 κατὰ
2001 708 2061 761 τὸ
2086 707 2336 761 Μάδυτον
2356 708 2599 775 Φαρέντα
2627 705 2841 776 Τζιμῆς
2863 707 3098 775 πέμπων
3129 708 3420 777 ἀπέλεγεψ

1845 803 1893 855 εί
1926 799 2035 870 γὰρ
2065 798 2424 871 ἡμερώτερον
2452 795 2604 861 οὗτος
2636 802 2789 869 παρὰ
2806 798 2899 852 τὸν
2926 795 3297 869 Ῥομοφόρτον
3315 804 3429 861 τοῖς

1858 892 2154 963 Ῥωμαίων
2189 895 2535 962 πράγμασιν.
2588 891 2825 953 Ἐ’κεῖνος
2876 890 2994 961 ἅμα
3033 892 3298 962 Τούρκοις
3335 897 3434 945 καὶ

1848 987 1964 1049 τοῖς
1996 984 2171 1049 ἰδίοις,
2205 983 2285 1055 ἔτι
2312 983 2375 1053 δὴ
2410 982 2505 1035 καὶ
2536 984 2652 1045 τοῖς
2690 981 2990 1051 Ῥωμαίοις
3040 984 3431 1052 ἀποστατήσα·

1853 1097 1940 1132 σιν
1965 1077 2026 1143 ἐξ
2048 1076 2337 1147 ἀνατολῆς,
2367 1074 2513 1147 οἶοδὴ
2544 1076 2639 1129 καὶ
2665 1077 2837 1147 κουρᾷ
2865 1076 3069 1147 τριχῶν
3101 1076 3195 1157 παὶ
3218 1078 3430 1145 γενείου

1863 1169 2265 1241 ’Δμογασάροις
2323 1166 2704 1232 ἔξοικειοῦντο,
2738 1167 2892 1221 οὔπω
2941 1167 3122 1232 καλῶς
3152 1168 3251 1231 τὰς
3291 1170 3434 1222 ἀπο-

1855 1262 2067 1334 κρίσεις
2107 1260 2201 1314 τοῦ
2257 1260 2403 1314 άσὸᾶ
2438 1260 2644 1325 δόντος,
2698 1260 2959 1327 διατάξας
3008 1262 3109 1332 τὴν
3144 1262 3436 1332 στρατείαν

1856 1357 2038 1427 κρότῳ
2064 1357 2240 1428 χερῶν
2276 1357 2439 1427 μέχρι
2468 1357 2565 1410 καὶ¹
2594 1357 2692 1426 τῆς
2725 1358 2933 1419 πόλεως
2967 1356 3192 1428 ἤλαυνε.
3228 1360 3337 1414 Καὶ
3366 1353 3434 1431 ἦν

1856 1448 2107 1504 ἐντεῦθεν
2143 1449 2361 1519 βλέπειν
2394 1448 2882 1519 σκευαγωγοῦντας
2925 1450 3049 1515 τοὺς
3083 1450 3188 1517 ἔξω
3209 1452 3305 1506 καὶ
3334 1454 3437 1507 αύ-

1858 1539 1984 1601 τοῦς
2020 1539 2085 1610 δὴ
2118 1541 2245 1604 τοὺς
2291 1541 2352 1594 ὲν
2385 1541 2599 1614 Περαίᾳ
2651 1544 3099 1614 κατῳκημένους,
3134 1542 3212 1608 ὡς
3265 1546 3437 1600 νύκτα

1860 1634 1955 1688 καὶ
1985 1636 2200 1704 ἡμέραν
2230 1634 2335 1689 ἀνὰ
2363 1635 2464 1699 τὰς
2482 1635 2586 1705 τῆς
2618 1635 2832 1701 πόλεως
2854 1636 3032 1703 πύλας
3077 1636 3435 1709 συνθλιϐομέ-

1861 1742 1985 1785 νους
2011 1724 2291 1796 δυσχερῶς
2313 1726 2618 1782 διεκπαίειν
2654 1728 2852 1795 αὐτοὺς
2882 1733 2978 1786 καὶ
3018 1732 3137 1798 ζῶα
3178 1736 3437 1800 παντοῖα,

1863 1816 1960 1872 καὶ
2014 1816 2245 1881 πολλοὺς
2300 1820 2405 1873 ἀνὰ
2444 1820 2692 1889 ’ταςλτῆς
2728 1823 2937 1887 πόλεως
2986 1824 3207 1881 κεῖσθαι
3258 1825 3440 1898 ῥύμας

1861 1908 2170 1981 ἀφεμένους
2203 1908 2314 1964 τῶν
2367 1910 2570 1981 ἔργων.
2613 1911 2748 1965 Τότε
2779 1914 2807 1966 ό
2861 1913 2963 1978 μὲν
3019 1915 3440 1987 πατριαρχεύων

1862 2001 2133 2072 ὁσημέραι
2171 1999 2272 2065 τὰς
2299 2001 2576 2067 λιτανείας
2605 2004 2757 2069 ἐντὸς
2798 2006 2896 2072 τῆς
2926 2006 3137 2071 πόλεως
3176 2008 3439 2080 ἐπεδαψιο

1861 2093 2071 2160 λεύετο,
2100 2094 2358 2167 βασιλεὺς
2393 2097 2438 2151 δ’
2472 2099 2847 2169 ὲπαμηχανῶν
2876 2104 2990 2164 τοῖς
3019 2117 3091 2173 φη
3103 2100 3439 2173 μιζομένοις,

1862 2188 1947 2242 ὃτι
1982 2187 2077 2243 καὶ
2105 2188 2207 2243 οὐκ
2261 2183 2441 2258 ὀλίγος
2488 2191 2808 2263 ἐπέπρακτο
2862 2194 3043 2264 φόνος,
3076 2191 3159 2259 οἷς
3189 2196 3443 2271 ὑστερεῖν

1866 2374 2056 2445 utique
2086 2376 2346 2431 continuo
2378 2385 2433 2429 et
2475 2376 2647 2448 magis
2688 2393 2904 2449 semper
2939 2379 3218 2451 magisque
3259 2381 3444 2439 incre-

1864 2467 2119 2523 bescenle
2142 2478 2375 2524 tumultu
2416 2476 2862 2528 concursantium
2894 2474 3102 2542 trepide
3132 2475 3186 2533 in
3229 2477 3443 2542 urbem,

1864 2560 2246 2628 Amogabarici
2291 2562 2415 2617 belli
2451 2574 2683 2629 terrore,
2723 2566 3078 2632 rusticorum,
3120 2581 3315 2638 greges
3350 2583 3443 2624 ar-

1866 2663 2160 2725 mentaque
2190 2668 2301 2724 pra
2332 2669 2390 2710 se
2414 2640 2692 2725 agentium
2715 2672 2835 2712 sna.
2864 2654 3015 2715 Unde
3040 2660 3370 2721 animalibus
3391 2674 3449 2719 et

1865 2748 2020 2815 plebe
2048 2746 2189 2816 inopi
2215 2746 2551 2817 cunctarjam
2571 2749 2721 2803 urbis
2744 2750 2843 2803 viae
2862 2749 3076 2805 referta:
3103 2742 3443 2811 visebantur.

1867 2838 2301 2916 Minuendusque
2332 2844 2645 2895 necessario
2668 2856 2809 2897 esset
2829 2844 3040 2911 pecoris
3062 2853 3219 2901 extra
3244 2862 3445 2916 pascua

1867 2912 2262 2988 maerescenti’s
2290 2947 2574 2999 numerus,
2613 2935 2817 3006 ingenti
2857 2938 3153 2993 bestiarum
3195 2942 3311 2995 esui
3345 2944 3449 2996 lm-

1870 3040 2030 3079 mano
2062 3033 2308 3096 aptatum
2344 3026 2686 3080 ntultitudine
2722 3028 2771 3082 in
2798 3029 3035 3085 macellis
3062 3032 3307 3101 quotidie
3332 3052 3448 3089 rna-

1870 3119 2086 3173 ctanda.
2123 3117 2192 3171 At
2232 3116 2415 3171 Abbas
2456 3117 2642 3173 multis
2677 3118 2866 3174 diebus
2901 3121 3038 3191 apud
3080 3120 3450 3189 Amoqabaros

1866 3209 2156 3264 eammissa
2188 3208 2471 3264 tractando
2504 3221 2767 3278 moratus,
2809 3213 2952 3282 quod
2986 3227 3071 3266 res
3105 3212 3325 3284 quidem
3367 3225 3448 3268 at-

1870 3301 2457 3357 tineretGenuensium
2495 3316 2741 3367 suorum,
2769 3304 2874 3357 n'on
2916 3303 3034 3358 sine
3064 3318 3242 3371 Opera:
3280 3307 3451 3372 pretio

1870 3394 2051 3458 rediit,
2093 3395 2159 3449 de
2187 3408 2324 3464 pace
2365 3408 2544 3448 autem
2577 3409 2699 3448 cum
2745 3393 3007 3451 Romanis
3048 3396 3183 3450 nihil
3229 3412 3451 3467 prorsus

1870 3488 2202 3558 impetravit,
2238 3487 2403 3541 multa
2440 3487 2686 3557 improba
2712 3495 2765 3540 et
2790 3485 3095 3541 facultatem
3123 3491 3452 3557 modumque

1867 3598 2082 3637 omnem
2143 3582 2458 3637 excedentia
2512 3580 2793 3651 ﬂagitante
2836 3578 3173 3635 Rumolorto.
3228 3582 3452 3636 Petebat

1868 3677 2011 3731 enim
2040 3691 2096 3729 ut
2116 3691 2183 3729 ex
2207 3690 2264 3730 se
2290 3689 2351 3729 ac
2381 3675 2521 3737 suis,
2552 3673 2867 3744 priusqtiam
2891 3688 2919 3727 e
2949 3673 3084 3729 locis
3115 3674 3452 3742 cmigmrcnt

1870 3788 1991 3842 quae
2030 3780 2297 3829 tenerent.
2328 3778 2614 3842 numerata
2650 3768 2872 3839 pecunia
2910 3768 3205 3837 imperator
3230 3770 3450 3839 oppida,

1870 3864 2056 3927 urbes,
2074 3878 2232 3918 arces
2249 3855 2512 3933 singulas,
2535 3871 2908 3931 praetereaque
2936 3869 3194 3929 quotquot
3224 3860 3454 3917 lloinani

1870 3958 2084 4029 generis
2116 3956 2360 4028 captivos
2392 3956 2444 4010 in
2477 3953 2742 4010 custodiis
2783 3964 3087 4019 servarent,
3138 3955 3449 4010 redimeret.

1869 4053 2105 4111 Jubebat
2146 4051 2277 4107 item
2317 4048 2469 4106 reddi
2493 4049 2559 4102 ad
2594 4063 2844 4102 exactum
2878 4048 3140 4103 militibus
3186 4049 3454 4120 stipendia

1870 4158 2065 4205 cuncta
2093 4157 2241 4202 retro
2269 4145 2470 4200 debita.
2504 4140 2563 4196 Ni
2590 4141 2705 4197 haec
2736 4139 2954 4207 ﬁerent,
2988 4142 3343 4196 denuntiabat
3371 4156 3450 4204 sc,

1873 4253 2068 4313 praeter
2089 4254 2222 4308 quas
2242 4237 2351 4308 iam
2385 4244 2748 4306 occupassent
2773 4234 2933 4290 urbes
2956 4244 3006 4289 et
3038 4249 3218 4301 arces,
3244 4234 3455 4303 reliqua

1873 4334 2078 4404 pariter
2108 4334 2224 4385 loca
2256 4328 2601 4393 subacturos,
2636 4342 2812 4393 neque
2848 4327 3015 4379 ullum
3046 4326 3366 4381 hostilitatis
3401 4330 3453 4381 in

1874 4429 2151 4483 Bouianos
2178 4422 2493 4477 exercendte
2515 4421 2819 4476 OliiiSSlll'US
2842 4433 3033 4488 genus,
3063 4418 3302 4488 atquein
3336 4419 3456 4476 istis

194 4528 489 4571 extremum
536 4516 613 4569 uti
642 4513 909 4569 hactenus
952 4511 1279 4578 exhibenﬂo,
1314 4511 1388 4565 illi
1445 4512 1585 4565 haud
1628 4527 1759 4565 cun-

1874 4516 2153 4590 proposito
2189 4525 2241 4567 et
2277 4525 2474 4567 conatu
2510 4511 2741 4566 bellandi
2791 4528 2853 4565 ac
2884 4510 3163 4579 prtuliaudi
3199 4526 3456 4579 perseve-

196 4617 395 4663 ctanter
427 4605 595 4679 625
634 4605 738 4662 sibi
770 4606 993 4674 suisque
1021 4602 1292 4673 capitibus
1334 4604 1607 4658 horrenda
1635 4613 1767 4658 sunt

199 4700 494 4769 imprecati,
523 4702 569 4757 si
603 4715 764 4755 secus
812 4698 1073 4754 facerent.
1113 4699 1249 4753 Tum
1280 4698 1495 4752 demum
1532 4696 1769 4766 impera-

200 4803 275 4847 tor
320 4798 657 4866 procinctum
705 4794 815 4864 iam
877 4795 943 4848 ad
1002 4795 1106 4858 iter
1160 4807 1347 4847 versus
1396 4792 1769 4861 Amogabaros

200 4885 530 4946 Genuensem
565 4886 773 4942 Abbam
806 4902 963 4943 suum
999 4900 1217 4953 quoque
1252 4885 1317 4938 ad
1348 4884 1566 4938 eosdem
1620 4886 1766 4952 lega—

200 4985 306 5033 lttm
336 4979 570 5036 instituit
603 5017 621 5043 ,
659 4980 795 5031 dans
819 4976 871 5030 in
907 4978 1175 5030 mandatis
1212 4986 1266 5028 ut
1298 4990 1483 5029 eorum
1518 4975 1769 5045 primori-

202 5064 294 5124 bus
331 5084 361 5124 tt
410 5085 471 5126 se
516 5068 740 5125 offerret
787 5071 1044 5135 pecunias
1092 5067 1371 5137 plurimas,
1424 5065 1656 5121 honores
1716 5074 1771 5119 et

204 5161 537 5228 prtel'ccturas
557 5162 819 5224 illustres.
842 5160 1131 5214 alliuitates
1156 5160 1285 5229 quin
1318 5158 1499 5225 etiam,
1532 5170 1585 5213 et
1616 5158 1771 5229 quid-

206 5256 324 5323 quid
352 5274 379 5312 a
409 5272 471 5314 se
494 5266 687 5326 optare
723 5255 1021 5309 maximum
1056 5263 1299 5325 possent,
1342 5254 1391 5308 si
1428 5269 1650 5308 suorum
1675 5269 1770 5307 eos

208 5347 290 5413 qui
318 5348 513 5404 vellent
538 5347 859 5418 imperamri
895 5346 1149 5411 militare,
1178 5354 1235 5400 ut
1260 5347 1429 5417 prius,
1458 5348 1770 5402 conStitutte

210 5441 447 5505 pactione
495 5442 767 5498 mercedis
820 5442 872 5495 id
918 5440 1090 5497 libere
1143 5441 1388 5494 sinerent
1431 5439 1634 5495 facere.
1678 5440 1769 5493 llis

211 5530 362 5590 Abbae
393 5537 790 5591 commendatis
828 5551 950 5589 eum
979 5534 1247 5590 .dimittit.
1295 5533 1628 5603 luterimque
1666 5535 1767 5588 sibi

212 5632 423 5689 quadam
448 5626 860 5703 exspectatione
877 5639 1166 5680 successus
1183 5640 1248 5679 8X
1266 5638 1331 5678 ϐο
1355 5634 1587 5679 tractatu
1611 5640 1769 5693 pl'OS-

214 5717 317 5783 peri
341 5719 620 5781 blandiens
642 5724 695 5776 in
725 5719 1047 5791 quibusdam
1078 5718 1231 5789 quasi
1257 5732 1509 5773 curarum
1539 5718 1769 5776 induciis

218 5810 463 5885 paulisper
483 5812 777 5894 acquievit,
809 5800 916 5870 non
952 5819 1134 5870 tamen
1156 5812 1390 5884 placide,
1422 5812 1768 5885 obstrepente

1874 4625 2089 4669 futuros
2131 4612 2197 4661 uti
2244 4618 2549 4660 extremum
2599 4605 3053 4659 irrevocabiliter.
3104 4602 3315 4658 Similia
3365 4621 3455 4659 re-

1872 4704 2086 4773 spondit
2110 4701 2344 4769 Madyto,
2371 4700 2457 4753 ubi
2481 4709 2618 4761 erat,
2649 4698 2788 4751 alios
2809 4701 2914 4751 dux
2946 4696 3259 4750 Latinorum
3290 4697 3458 4770 626

1871 4798 2161 4852 Pbarenda
2180 4793 2416 4857 Tzimes,
2443 4796 2709 4845 eXcttsans
2735 4806 2832 4859 per
2855 4790 3077 4844 missum
3106 4790 3355 4856 privatim
3387 4796 3456 4843 ad

1874 4896 2257 4961 imperatorem
2291 4903 2369 4949 se,
2410 4886 2454 4938 si
2498 4884 2679 4938 mitius
2706 4894 2867 4954 quam
2911 4871 3255 4937 Rotnol'urtus
3295 4894 3457 4952 agere

1873 5000 1995 5039 cum
2042 4980 2302 5037 Romanis
2338 4978 2521 5042 vellet,
2560 4985 2920 5044 praeterquam
2955 4977 3006 5029 in
3036 4990 3156 5030 sese
3185 4978 3456 5045 potentio‘

1877 5094 1988 5133 rem
2021 5075 2347 5139 concitaret,
2376 5073 2540 5127 etiam
2570 5072 2699 5125 nihil
2735 5074 2787 5125 in
2816 5086 3025 5127 summa
3060 5069 3455 5141 profecturum,

1872 5173 2130 5240 quoniam
2176 5183 2295 5236 qua:
2347 5164 2661 5219 Romolorto
2699 5164 2930 5232 propria:
2965 5165 3225 5234 parebant
3261 5162 3454 5230 copia=,

1876 5264 2074 5333 triplici
2097 5276 2294 5332 genere
2311 5268 2645 5319 constantes,
2668 5258 2970 5311 'i'urcorum
2991 5257 3455 5326 Aruogabarornm

1872 5368 1927 5413 et
1964 5356 2361 5424 transfugarum
2402 5351 2457 5405 in
2506 5351 2626 5419 ejus
2658 5363 2836 5404 castra
2874 5366 2939 5404 ex
2986 5349 3245 5405 Orientali
3281 5349 3457 5403 conti-

1877 5458 2037 5504 nente
2064 5450 2453 5510 Romanorum,
2478 5445 2567 5511 qui
2593 5454 2814 5496 tonsura
2839 5443 3158 5512 capillorum
3185 5453 3239 5496 et
3268 5454 3464 5496 rasura

1873 5542 2057 5597 barbae
2099 5552 2220 5594 sese
2255 5536 2611 5606 Amogabaris
2653 5535 2856 5589 similes
2898 5533 3159 5601 lueerant,
3205 5544 3260 5587 ut
3298 5548 3362 5589 ex
3394 5549 3459 5590 ea

1875 5648 1998 5690 esse
2030 5640 2187 5703 gente
2225 5631 2565 5693 viderentur,
2606 5630 2743 5689 ista),
2788 5628 3032 5703 inquam,
3087 5629 3221 5681 adeo
3269 5644 3457 5681 nume-

1876 5742 2013 5783 rosa:
2038 5742 2100 5781 ac
2124 5726 2298 5780 fortes
2328 5724 2518 5793 copiae,
2555 5723 2791 5787 abunde,
2834 5737 2893 5776 se
2925 5720 3323 5791 quantumlibet
3346 5736 3454 5775 ces-

1875 5830 2051 5886 sante,
2078 5815 2390 5876 sull‘ecturae
2420 5814 2598 5873 forent
2631 5815 2699 5871 ad
2728 5813 2926 5872 bellum
2956 5822 3111 5870 atrox
3138 5812 3193 5868 in
3218 5812 3462 5883 impera-
