4012 6236
428 299 535 368 ’ΖῦἸ

1614 307 1936 370 GEORGII
1979 296 2459 371 ΡΑειιΥΜΕιιίἘ

3350 17 4012 119 ινιτ-πμ

3584 309 3693 372 708

430 415 836 485 σκευοφύλακος
868 414 1055 482 ἄλλου,
1081 417 1179 473 καὶ
1201 416 1443 488 καθεξῆς
1467 416 1573 472 τῶν
1592 418 1818 472 λοιπῶν.
1842 416 2004 471 Ξένον
2030 416 2083 476 Α
2110 418 2453 486 μαρτυρήσει
2482 412 2576 468 καὶ
2605 413 2653 468 οἱ
2686 410 2968 477 ἐλεοῦντες
3002 412 3171 484 ἡμᾶς.
3207 408 3336 469 Εἶτα
3371 414 3417 467 τί
3448 413 3590 480 ἔδοξε
3623 422 3689 488 τῇ

426 505 525 564 οὖν
581 509 629 561 εί
684 507 907 561 ἐκείνων
961 509 1359 580 ἀφαιρεθέντες
1406 510 1477 565 τὰ
1532 508 1608 581 μὴ
1659 510 2003 580 προσήκοντα

430 598 838 669 ἀπαιτούμεθα.
874 600 1023 664 Τέως
1049 600 1104 653 δὲ
1129 600 1224 655 καὶ
1249 602 1448 671 συχναὶ
1469 601 1678 671 γραφαὶ
1707 601 1804 672 τῆς
1836 602 1999 669 erat.»

432 690 601 763 σύνης
656 709 750 745 σου
788 694 869 755 είς
914 692 1074 746 τοῦτο
1123 694 1528 763 ἀναγκάζουσιν
1569 696 1713 767 ἡμᾶς
1746 695 1827 759 είς
1865 695 2000 764 ὅπερ

429 784 480 838 οἱ
534 769 771 866 πατέρες
831 785 990 854 ήμῶν
1044 786 1306 854 νηπιόθεν
1352 789 1496 857 ἡμᾶς
1532 787 1777 857 ἐδίδαξαν
1824 790 1918 840 καὶ
1953 790 2002 840 oi.

428 876 971 948 παιδαγωγήσαντες.
1002 875 1136 934 Εἶτα
1174 880 1231 934 δέ
1273 881 1367 933 καὶ
1398 882 1661 953 πολυετὴς
1690 878 1843 946 οὗτος
1872 879 2002 954 χρόα

429 989 538 1037 νος,
572 971 691 1024 καθ’
723 971 782 1024 ὃν
818 974 885 1043 τῇ
922 972 1219 1043 Ἐκκλησία
1249 973 1342 1026 τοῦ
1378 972 1515 1027 Θεοῦ
1561 973 2002 1047 προσεδρεύομεν

428 1065 522 1116 καὶ
548 1063 885 1134 σχολάζομεν
915 1064 1033 1135 μεθ’
1066 1064 1229 1135 ἱερῶν
1256 1064 1592 1131 ἐνδυμάτων.
1626 1066 1813 1120 Ταῦτα
1840 1067 2005 1138 ζητη-

429 1159 601 1229 σάσης
628 1158 727 1229 τῆς
764 1158 1076 1229 ἁγιωσύνης
1110 1175 1205 1211 σου
1256 1160 1599 1232 πράττομεν,
1633 1161 1693 1213 ού
1732 1161 1888 1213 τόσον
1934 1158 2002 1213 δι’

427 1252 647 1323 ἐντολὴν
683 1251 964 1323 πατρικὴν
1017 1253 1140 1306 ὅσον
1198 1254 1294 1306 καὶ
1349 1254 1481 1322 ἡμῖν
1525 1254 1709 1316 αὐτοῖς
1749 1252 1835 1325 [Ρ.
1871 1253 2000 1327 450]

427 1344 879 1416 περιποιούμενοι
938 1345 1036 1416 τὴν
1090 1346 1282 1416 τιμήν.
1342 1346 1565 1414 ’Δληθὶς
1593 1344 1649 1399 δὲ
1680 1346 1775 1401 ύπῖ
1823 1346 2002 1415 ὀλίγον

422 1436 805 1508 ἡμελήσαμεν.
855 1438 966 1491 Καὶ
1017 1438 1049 1501 ἡ
1098 1437 1246 1491 αίτία
1280 1438 1380 1492 οὐκ
1428 1436 1521 1508 ἀφ’
1562 1440 1743 1509 ήμῶν.
1779 1438 2004 1511 Ἐπειδὴ

424 1529 625 1601 ἐπέστη
655 1530 689 1601 ἡ
720 1530 1006 1602 ἁγιωσύνῃ
1045 1547 1162 1594 σου,
1194 1530 1387 1603 ὥσπερ
1420 1532 1493 1586 ἂν
1518 1533 1594 1603 μὴ
1625 1528 1774 1603 εἶχεν
1809 1534 1843 1603 ἡ
1883 1533 2006 1587 Ἐκ-

422 1622 623 1694 κλησία
654 1623 877 1696 κλῆρον,
916 1624 1087 1687 οὕτως
1118 1624 1272 1696 ἤρξω
1294 1627 1433 1697 πρὸς
1466 1628 1610 1697 ἡμᾶς
1638 1626 2002 1693 διατίθεσθαι,
2036 1664 2077 1720 Β

424 1716 502 1786 μὴ
530 1715 835 1785 φροντίζων
868 1717 1023 1788 ήμῶν
1054 1717 1116 1772 τὸ
1144 1717 1388 1785 σύνολον,
1418 1720 1557 1790 μήτε
1587 1720 1835 1790 μείζονος
1863 1722 2002 1793 μήτε

420 1806 732 1874 ἐλάττονος.
795 1810 906 1864 Καὶ
964 1811 1105 1882 πρὸς
1149 1810 1411 1880 τοιαύτην
1467 1812 1879 1885 ἀκυῦερνησίαν
1936 1814 2005 1868 τὰ

420 1899 596 1957 πολλὰ
626 1901 726 1972 τῆς
767 1902 1099 1976 προσεδρίας
1130 1902 1615 1974 κατημελήσαμεν,
1661 1905 1743 1958 ὅτι
1782 1905 1883 1959 οὐκ
1906 1906 2007 1974 ὀφ-

421 1991 606 2063 φίκιον
637 1991 949 2064 ἐνηργεῖτο,
972 1994 1096 2048 ούδέ
1123 1993 1250 2049 ἄλλο
1278 2012 1347 2059 τι,
1381 1995 1414 2068 ἢ
1451 1987 1713 2068 πρόσοδος
1741 1998 1773 2069 ἦ
1809 1999 1942 2069 τιμὴ
1969 2000 2002 2067 ἢ

419 2084 557 2159 ζωὴ,
596 2086 806 2141 ἐκεῖθεν
858 2086 1133 2157 ἐφαίνετο.
1190 2091 1290 2143 Διά
1344 2089 1505 2144 τοῦτο
1542 2094 2006 2163 προσεδράμομεν

416 2180 499 2243 είς
548 2179 640 2233 τὸν
673 2178 857 2234 κοινὸν
910 2179 1216 2251 εὐεργέτην
1274 2181 1433 2250 ἡμῶν
1485 2184 1577 2235 τὸν
1632 2182 1863 2253 βασιλέα
1911 2186 2005 2239 τὸν

416 2270 597 2337 ἅγιον.
628 2270 739 2324 Καὶ
763 2268 961 2323 ὁπόθεν
988 2269 1309 2341 ἐνεποδεσθη
1334 2271 1367 2339 ή
1401 2270 1691 2325 ἀπεκεῖθεν
1714 2274 2005 2345 εὐεργεσία

415 2363 447 2418 ό
478 2362 609 2426 Θεὸς
639 2358 815 2418 οἶδεν.
854 2364 1053 2434 Ὅμως
1096 2363 1328 2430 διετάξω
1358 2364 1560 2419 διδόναι
1597 2367 1658 2419 τὸ
1701 2369 1873 2439 ἥμισυ
1904 2369 2003 2439 τῆς

418 2455 610 2528 ρόγας.
644 2457 757 2510 Καὶ
781 2458 809 2512 ό
830 2452 1101 2529 ,βασιλεὺς
1129 2457 1313 2526 ὀλίγον
1340 2453 1480 2512 εἶναι
1515 2459 1810 2530 διέκρινεν.
1840 2463 2005 2517 Ἀλλά

415 2550 469 2604 τί
510 2549 614 2603 κᾶν
645 2547 807 2603 τοῦτο
845 2550 1096 2619 γίνεται;
1130 2550 1202 2605 Ἦ
1246 2550 1305 2603 ἐν
1334 2552 1479 2621 λόγῳ
1516 2553 1626 2605 τινί
1658 2556 1828 2625 ἐσμεν
1860 2555 1892 2628 ἢ
1946 2554 2004 2609 ἐν

414 2643 589 2714 τιμῇς
632 2641 877 2712 Ὀπόοην
931 2640 990 2696 δι
1042 2640 1422 2697 κακοπάθειαν
1479 2642 1721 2713 ἔχομεν,
1781 2646 1810 2700 ὁ
1871 2646 2006 2711 Θεὸς

415 2823 771 2895 diligentiam,
797 2822 1084 2896 aliquoties
1099 2824 1168 2880 ab
1187 2825 1271 2882 bis
1292 2831 1573 2888 cessando.
1592 2829 1698 2890 Sed
1712 2849 1870 2893 causa
1892 2837 2015 2909 ejus

415 2917 492 2970 rei
533 2933 561 2970 a
592 2917 748 2971 nobis
780 2932 887 2971 non
920 2924 1024 2982 est,
1055 2932 1153 2973 nec
1206 2930 1405 2976 nostra:
1454 2924 1625 2994 culpas
1672 2928 2006 2999 imputanda.

413 3008 512 3064 Est
538 3020 715 3063 autem
755 3008 889 3065 haec.
927 3008 1007 3065 Ex
1031 3026 1137 3081 quo
1160 3024 1358 3083 praeest
1396 3023 1488 3071 tua
1543 3022 1829 3086 sanctitas,
1853 3026 2007 3094 quasi

2107 506 2388 577 ιίιγιωιτύνι·⁸
2438 522 2531 560 σου
2573 507 2724 577 ἡμᾶς
2758 504 3192 575 ἐπισκέψασθαι,
3226 507 3321 559 καὶ
3351 506 3517 560 τοῦτο
3550 512 3695 578 μετὰ

2109 601 2379 669 πικρίαςς
2429 596 2840 667 Ὀνειδιζόμεθα
2892 595 3003 667 γὰρ
3058 597 3135 662 ὡς
3192 600 3695 667 καιροσκοποῦντες

2107 692 2378 761 Μαρτίους
2411 693 2499 745 καὶ
2516 692 2942 763 Σεπτεμϐρίους.
2978 691 3086 744 Καὶ
3109 691 3204 743 ἐπὶ
3226 693 3442 757 τούτοις
3465 695 3496 761 ἡ
3528 694 3699 761 δρυλ-

2108 785 2345 855 λουμένη
2380 785 2526 847 δόσις
2560 789 2625 839 τὰ
2657 784 2717 849 ἒξ
2752 782 3046 857 ὑπόρπυρα
3075 786 3107 855 ἦ
3153 788 3246 838 καὶ
3296 787 3466 841 ὀκτὼ.
3497 786 3566 840 Ai
3604 785 3691 851 αἳ,

2106 880 2365 943 δέσποτα,
2391 878 2442 931 τί
2478 877 2617 949 πρὸς
2640 877 2807 933 τοῦτα
2840 879 3137 931 διανοεῖται
3173 881 3206 950 ἡ
3239 880 3519 952 ἀγιωσύνη
3554 897 3651 933 σου
3678 896 3695 947 ;

2106 970 2303 1044 Θαῦμα
2343 972 2420 1042 μὰ
2444 973 2542 1043 τὴν
2567 971 2849 1043 ἀλήθειαν,
2878 971 3017 1041 ὅπερ
3046 974 3122 1032 είς
3162 973 3311 1042 ημᾶς
3336 972 3696 1042 διαπράττει.

2111 1064 2241 1119 Ὅτε
2272 1065 2462 1136 καιρὸς
2491 1064 2713 1128 δόσεως,
2759 1064 2792 1134 ὴ
2840 1063 3060 1133 ἀνάγκη
3102 1064 3215 1116 τῶν
3262 1064 3627 1135 πραγμάτων,
3661 1064 3703 1137 ἠ

2112 1157 2203 1230 βία
2233 1157 2328 1211 καὶ
2363 1156 2422 1211 τὸ
2466 1156 2727 1229 δυσχερὲς
2770 1155 2864 1213 τοῦ
2895 1154 3121 1227 καιροῦ.
3157 1157 3565 1227 Καμνέτωσαν,
3593 1174 3704 1210 τα-

2107 1250 2603 1321 λαιπωρείτωσαν·
2650 1248 2806 1321 κοινὴ
2841 1250 2953 1320 γὰρ
3006 1250 3040 1319 ἠ
3094 1249 3411 1320 δυσχέρεια.
3465 1251 3593 1304 Ὅτε
3636 1248 3704 1305 δι

2107 1343 2302 1416 καιρὸς
2367 1343 2658 1411 δουλείας,
2723 1344 2981 1406 ἀπαιτεῖς
3025 1344 3176 1413 ἡμᾶς
3227 1340 3404 1407 οὕτως
3451 1342 3707 1398 δουλείαν

2108 1436 2300 1508 ὥσπερ
2351 1438 2398 1491 εί
2457 1436 2682 1507 εἴχομεν
2740 1436 2946 1501 ίκανὼς
2991 1436 3102 1489 τῶν
3141 1436 3469 1501 οἰκονομιῶν
3512 1436 3706 1506 ἡμῶν.

2109 1532 2279 1586 Ὅταν
2306 1531 2364 1586 δὲ
2391 1531 2797 1604 ἀπαντήσωμεν
2828 1533 2907 1593 είς
2937 1530 3030 1583 τὸν
3061 1530 3196 1585 ναὸν
3226 1530 3322 1585 τοῦ
3348 1530 3515 1595 Θεοῦ,
3540 1530 3706 1602 πρῶ-

2106 1640 2198 1677 ⁶τον
2220 1624 2441 1695 opust;
2463 1618 2598 1693 ἦθος
2620 1626 2713 1676 καὶ
2736 1624 3119 1695 ἀπροσήγορον
3140 1621 3518 1694 λαμϐάνομεν.
3540 1624 3705 1687 Τέως

2107 1717 2165 1770 δὲ
2196 1714 2331 1789 εὐχὴ
2356 1715 2616 1786 ἀνεθῆναι
2646 1716 2755 1770 τῶν
2793 1716 3073 1788 δυσχερῶν
3099 1719 3195 1771 καὶ
3227 1716 3322 1771 τὸν
3352 1715 3509 1783 ἆγιον
3542 1714 3711 1785 βαστ-

2108 1809 2206 1863 λέα
2240 1810 2423 1880 ἡμῶν.
2458 1810 2565 1863 Καὶ
2600 1810 2726 1863 τότε
2781 1808 3248 1879 ἀναδραμούμεθα
3288 1808 3427 1881 πρὸς
3455 1811 3517 1861 τὸ
3550 1809 3708 1863 θετον

2109 1907 2310 1980 κράτος
2341 1907 2530 1975 αὑτοῦ,
2577 1909 2672 1961 καὶ
2714 1908 2849 1977 ὅπερ
2883 1905 2950 1959 ἂν
2983 1905 3145 1977 νεύσῃ
3182 1906 3216 1975 ἡ
3248 1905 3382 1972 ἁγία
3597 1902 3708 1971 τῆς

2112 1997 2387 2069 βασιλείας
2414 1995 2605 2058 αὑτοῦ,
2634 1994 2795 2050 τοῦτο
2836 1995 2931 2049 καὶ
2962 1996 3277 2065 γενήσεταιο
3313 1994 3363 2046 εί
3386 1993 3454 2045 δὲ
3484 1997 3575 2045 καὶ
3605 1991 3712 2044 οῦ-

2108 2109 2217 2154 τως
2249 2093 2405 2162 ὁρίσῃ
2453 2089 2724 2143 δουλεύειν
2755 2090 2939 2161 ἡμᾶς,
2976 2089 3026 2143 οἱ
3051 2086 3481 2157 καταδεξάμενοι
3533 2100 3714 2153 προσ-

2109 2184 2455 2255 κυνήσουσιν.
2528 2182 2721 2253 Ἡμεῖς
2769 2183 2825 2235 δὲ
2881 2183 3043 2235 πλέον
3100 2183 3202 2235 οὐκ
3260 2181 3466 2251 ἔχομεν
3520 2180 3711 2247 λέγειν

2107 2277 2245 2347 πρὸς
2276 2279 2375 2347 τὴν
2407 2278 2506 2348 σὴν
2536 2277 2823 2345 ἁγιότητα,
2872 2277 2919 2328 εί
2974 2274 3050 2345 μὴ
3080 2277 3161 2329 ὅτι
3190 2276 3249 2327 ἐν
3295 2277 3364 2344 τῇ
3403 2271 3711 2343 Ἐκκλησία

2107 2371 2201 2424 τοῦ
2233 2370 2366 2424 Θεοῦ
2390 2372 2483 2423 καὶ
2515 2367 2884 2440 ἐγεννήθημεν
2926 2369 3021 2421 καὶ
3044 2369 3366 2438 ἐτράφημεν
3386 2367 3480 2419 καὶ
3501 2362 3715 2434 ἐγηρά-

2108 2478 2317 2531 σαμεν,
2361 2464 2453 2515 καὶ
2486 2462 2542 2512 ἐν
2588 2462 2656 2529 τῇ
2696 2457 2997 2529 Ἐκκλησία
3046 2458 3210 2511 παλιν
3266 2454 3536 2524 μενοῦμεν
3590 2453 3698 2506 καὶ

2107 2554 2248 2607 κατά
2279 2555 2338 2608 τὸ
2366 2553 2590 2607 δυνατὸν
2624 2554 2757 2623 ἡμῖν
2784 2551 3169 2620 δουλεύσομεν.
3213 2550 3282 2603 Ἦ
3312 2548 3370 2603 δὲ
3413 2547 3483 2619 σὴ
3518 2546 3709 2615 ἀγιωο

2108 2650 2243 2721 σύνη
2268 2646 2403 2701 οἶδεν
2429 2649 2457 2700 ὅ
2487 2664 2538 2701 τι
2566 2647 2729 2712 ποιεῖ,
2754 2645 2835 2699 ὅτι
2858 2648 2954 2699 καὶ
2980 2645 3076 2698 ἐὰν
3101 2641 3195 2698 καί
3223 2660 3277 2697 τι
3303 2639 3707 2708 ἐναπελειφθὲν

2121 2839 2211 2884 aut
2236 2830 2318 2885 vis
2349 2840 2439 2883 aut
2468 2827 2750 2885 dimcultas
2800 2825 3082 2897 temporis.
3135 2824 3271 2879 Tum
3320 2824 3553 2889 additur,
3582 2839 3714 2893 per-

2118 2933 2245 2994 gant
2277 2938 2405 2992 ergo
2427 2919 2751 2984 conﬂictari,
2780 2921 3073 2991 perdurent
3103 2919 3155 2974 iu
3182 2918 3435 2985 miseria;
3466 2932 3721 2972 commu-

2116 3015 2167 3068 ni
2195 3014 2394 3084 quippe
2418 3026 2607 3066 omines
2650 3025 2892 3067 :erumna
2948 3011 3269 3078 premimur.
3323 3010 3553 3077 Quando
3603 3022 3718 3062 au-

414 3117 520 3174 uou
557 3102 779 3159 haberet
807 3101 1045 3159 Ecclesia
1077 3106 1305 3171 clerum,
1337 3107 1418 3161 sic
1450 3120 1503 3163 te
1555 3110 1835 3169 nobiscum
1887 3133 2002 3187 ges.
2032 3103 2075 3161 (Ξ
2110 3117 2216 3162 tem
2242 3106 2393 3160 adest
2426 3108 2555 3159 hora
2591 3103 2902 3167 ministerii,
2938 3112 3063 3159 tunc
3085 3103 3155 3157 ita
3181 3103 3466 3157 servitium
3492 3118 3521 3157 a
3547 3101 3715 3156 nobis

407 3194 556 3256 s'ist',
589 3194 789 3247 nullam
824 3194 978 3263 plane
1005 3211 1187 3251 curam
1231 3202 1522 3255 ostendens
1589 3214 1679 3258 aut
1739 3208 2003 3265 rationem

415 3284 622 3339 habens
650 3284 972 3356 cujusquam
1026 3300 1294 3356 nostrum,
1344 3292 1566 3360 majoris
1620 3307 1716 3353 aut
1759 3300 2009 3357 minoris.

416 3369 541 3427 Haec
571 3374 960 3441 praetermissio
991 3384 1094 3430 tuae
1119 3378 1170 3431 in
1205 3395 1301 3434 nos
1355 3385 1707 3451 providentia
1754 3392 2015 3445 cessatio-

416 3477 542 3518 nem
584 3467 753 3520 suasit
787 3477 1095 3523 nostrorum
1117 3470 1505 3541 obsequiorum
1547 3486 1601 3531 et
1630 3481 2003 3537 remissiOuem

417 3554 758 3611 assiduitatis
789 3558 1217 3618 iuministrando
1233 3578 1432 3621 nostra;
1464 3570 1722 3639 pristinae,
1748 3578 2002 3644 quoniam

418 3662 594 3718 neque
618 3664 685 3703 ex
719 3665 819 3703 usu
859 3649 1018 3708 ollicii
1060 3656 1215 3711 nobis
1247 3663 1503 3731 adempto
1539 3664 1832 3733 quidquam
1859 3684 2006 3724 eruo-

417 3738 640 3794 lumenti
672 3744 1024 3813 percipimus,
1062 3763 1234 3818 neque
1286 3750 1432 3808 aliud
1483 3754 1766 3827 undepiam
1824 3762 2007 3817 subsi-

415 3833 564 3889 dium
594 3848 837 3905 apparot,
874 3839 1000 3892 stati
1038 3853 1329 3908 proventus
1352 3847 1737 3903 authouorarii
1764 3854 2003 3915 nomine,

415 3928 558 3982 unde
592 3933 756 3983 vitam
789 3928 1101 3988 toleremus.
1136 3931 1361 4005 Propter
1404 3937 1506 3992 hoc
1559 3945 1890 3998 recurrimus
1938 3946 2004 4004 ad

414 4035 754 4075 communem
799 4022 1195 4079 benefactorem
1221 4038 1278 4081 et
1301 4030 1575 4085 dominum
1626 4047 1868 4091 nostrum
1900 4038 2005 4092 lm-

2103 3199 2295 3269 exigis,
2331 3198 2487 3267 quasi
2522 3196 2639 3267 ejus
2658 3206 3137 3253 auctoramentaet
3153 3196 3377 3251 idoneas
3406 3196 3716 3261 mercedes,

2105 3293 2292 3350 solitas
2324 3292 2531 3346 scilicet
2558 3292 2684 3346 olim
2735 3290 2891 3346 uobis
2944 3288 3353 3346 subministrari
3398 3288 3719 3360 pensiones,

2110 3401 2255 3441 nunc
2289 3386 2650 3440 cummaxime
2685 3384 3034 3439 haberemus.
3077 3383 3212 3437 Cum
3252 3392 3431 3439 autem
3460 3383 3716 3437 occurri~

2112 3493 2233 3533 mus
2265 3478 2316 3532 in
2359 3492 2568 3533 sacram
2592 3476 2760 3531 adem
2802 3476 3034 3544 primum
3079 3485 3233 3531 torvo
3284 3473 3458 3538 vultu,
3516 3472 3716 3528 obtutu

2115 3569 2418 3625 truculento
2448 3568 2803 3638 despicimur.
2838 3566 2944 3621 Sed
2981 3575 3036 3621 et
3086 3566 3345 3636 praeclare
3378 3578 3565 3621 secum
3615 3564 3715 3634 agi

2112 3662 2366 3719 dominus
2401 3662 2517 3731 ipse
2549 3670 2733 3715 noster
2758 3647 3034 3730 Augustus
3060 3659 3351 3726 putaverit,
3387 3658 3433 3714 si
3460 3659 3510 3713 ei
3554 3656 3717 3713 irori-
3760 3658 3767 3664 ‘

2114 3764 2168 3811 te
2200 3754 2341 3809 forte
2366 3754 2666 3808 arumniori‘
2686 3753 2863 3821 excipi
2895 3754 3195 3821 contingat.
3228 3753 3299 3806 At
3327 3766 3584 3808 vovemus
3599 3766 3713 3807 nos

2112 3846 2330 3916 quidem
2361 3860 2425 3902 ac
2453 3860 2741 3916 precamur
2771 3843 2991 3899 liberari
3022 3857 3144 3897 eum
3170 3853 3261 3897 aut
3292 3841 3484 3897 saltem
3534 3842 3717 3897 levari

2112 3937 2308 4006 quibus
2338 3952 2479 3991 nunc
2509 3936 2771 4005 premitur
2800 3936 3177 3991 incommodis.
3228 3933 3381 3991 Tunc
3425 3935 3571 3991 enim
3620 3950 3716 3989 re-

2112 4043 2395 4083 curremus
2459 4030 2655 4085 iterum
2708 4030 2774 4083 ad
2830 4045 3043 4084 sacram
3127 4029 3246 4099 ejus
3340 4030 3706 4100 majestatem,

414 4126 723 4186 peratorem
758 4128 1028 4175 sanctum:
1067 4136 1095 4174 a
1126 4137 1233 4191 quo
1262 4135 1442 4179 autem
1480 4127 1734 4198 impedita
1762 4135 2007 4202 sitquam

2119 4130 2173 4177 et
2208 4122 2466 4191 quidquid
2515 4123 2749 4177 inuuerit
2795 4124 2972 4177 anima
2996 4123 3115 4191 ejus
3166 4131 3381 4186 sancta,
3422 4122 3552 4177 illud
3588 4122 3709 4179 Ilet.

416 4210 545 4265 inde
594 4226 1010 4281 speraveramus
1056 4215 1430 4287 beneficentia,
1488 4221 1630 4277 Deus
1662 4224 1785 4281 scit.
1848 4227 2014 4300 646
2122 4217 2217 4273 Vel
2246 4220 2290 4273 si
2324 4230 2432 4273 tam
2474 4218 2607 4273 dura
2660 4230 2719 4275 ut
2751 4220 3011 4275 hactenus
3065 4220 3272 4274 servire
3330 4218 3384 4273 in
3432 4228 3717 4286 posterum

414 4302 618 4360 Tamen
643 4307 945 4376 praecepisti
994 4309 1109 4361 dari
1165 4311 1317 4365 nobis
1372 4313 1651 4369 dimidium
1703 4320 2011 4386 pensionis-
2121 4327 2333 4382 quoque
2371 4327 2467 4367 "05
2495 4314 2806 4368 εοηάίῑίοηθ
2838 4312 3161 4379 ἀθυτθνθτίιν
3188 4312 3281 4381 qui
3312 4312 3417 4367 hoc
3462 4314 3534 4367 διε
3568 4326 3718 4382 Dm“

411 4396 570 4463 Quod
602 4398 894 4467 imperalor
925 4414 1113 4469 parum
1145 4416 1263 4457 esse
1288 4404 1573 4473 judicavit,
1611 4411 1808 4465 merito
1844 4427 2011 4469 sane:
2047 4446 2091 4501 D
2121 4408 2382 4473 scriptum
2418 4407 2720 4473 admittant,
2777 4406 2996 4475 insuper
3025 4406 3189 4461 etiam
3245 4404 3566 4460 adorabunt.
3626 4402 3713 4461 De

416 4502 522 4545 non
558 4492 699 4544 enim
725 4508 818 4559 per
842 4494 939 4546 hoc
975 4504 1082 4547 tam
1111 4495 1361 4565 exiguum
1403 4498 1455 4551 in
1505 4500 1777 4557 meliorem
1821 4508 2007 4575 reponi
2047 4492 2084 4501 ’
2124 4502 2334 4573 reliquo
2398 4518 2503 4558 non
2566 4503 2826 4558 habemus
2876 4516 3017 4556 nunc
3065 4502 3194 4571 quid
3270 4502 3503 4572 amplius
3551 4501 3712 4557 dica-

412 4582 777 4637 conditiunem
834 4599 1142 4654 possumus,
1210 4598 1301 4643 aut
1359 4592 1544 4660 gradui
1599 4599 2005 4655 convenientem
2112 4612 2232 4651 mus
2339 4595 2610 4652 sanctitati
2702 4605 2824 4662 tute,
2862 4595 2963 4651 nisi
3017 4608 3071 4652 et
3148 4597 3203 4650 in
3287 4594 3383 4651 Dei
3463 4594 3711 4650 Ecclesia

416 4687 601 4729 uosu'o
636 4692 958 4747 recuperare
989 4681 1327 4749 dignitatem;
1388 4689 1518 4753 quin
1564 4703 1662 4742 nec
1714 4705 1742 4742 a
1808 4694 2009 4759 probro
2110 4688 2272 4760 647
2327 4705 2425 4745 nos
2482 4700 2639 4743 natos
2664 4699 2713 4743 et
2755 4689 3218 4753 educatosl‘nisse,
3242 4689 3295 4743 lu
3320 4690 3509 4745 eadem
3532 4688 3705 4742 etiam

410 4784 471 4839 in
502 4782 608 4833 quo
638 4783 827 4822 sumus
861 4784 926 4823 ac
947 4772 1199 4838 despectu
1238 4776 1517 4830 vindicari.
1562 4777 1772 4843 Quanta
1829 4793 2007 4837 autem
2115 4784 2381 4845 senuisse.
2417 4797 2692 4852 porroque
2727 4784 2777 4835 in
2813 4798 2873 4836 ea
2904 4797 3299 4852 permansuros
3332 4794 3504 4851 usque
3528 4786 3597 4835 ad
3631 4784 3704 4835 ti-

410 4872 481 4912 e:
509 4858 684 4927 inopia
711 4869 950 4914 extrema
978 4863 1269 4929 patiamur,
1315 4867 1498 4921 testari
1530 4866 1691 4935 Deus,
1719 4873 1807 4939 qui
1836 4874 2012 4948 novit,

415 4954 635 5021 poterit,
663 4963 716 5007 et
744 4955 960 5022 quidam
982 4955 1278 5022 hominum,
1310 4959 1504 5027 quibus
1531 4966 1755 5032 contigit
1796 4975 2015 5022 nostras

412 5060 683 5100 att-umnas
726 5048 1098 5114 introspicere,
1151 5063 1252 5103 non
1307 5054 1420 5107 sine
1478 5057 1588 5109 aeri
1649 5059 2012 5117 miserationis

413 5155 601 5196 sensu.
634 5140 836 5195 Deinde
866 5145 993 5211 quid
1032 5142 1100 5196 ita
1136 5146 1302 5198 visum
1338 5158 1419 5199 est
1456 5154 1726 5205 Sainctitati
1759 5163 1861 5207 ture
1890 5158 2007 5209 ani-

413 5235 754 5289 madvertere
801 5238 850 5291 iu
891 5252 1007 5300 nos,
1060 5239 1217 5308 idque
1266 5256 1385 5293 cum
1420 5244 1766 5298 acerbitate?
1806 5246 2010 5316 EXpi-o-

411 5328 601 5382 bratur
630 5331 773 5381 enim
809 5330 962 5383 nobis
988 5334 1140 5400 quasi
1170 5334 1323 5387 avide
1353 5346 1735 5404 exspectemus
1785 5337 2005 5395 Martios

412 5429 469 5472 ct
498 5418 865 5489 Septembres.
904 5420 965 5474 Et
990 5439 1149 5491 super
1180 5426 1261 5477 bis
1295 5426 1578 5481 decantata
1616 5428 1865 5499 largitio:
1912 5449 2007 5485 sex

415 5513 751 5584 llyperpyra,
791 5517 873 5568 vel
905 5517 1071 5570 etiam
1106 5528 1252 5572 octo.
1293 5516 1403 5571 Heu
1443 5521 1567 5586 lieu,
1597 5520 1836 5587 domine,
1876 5526 2007 5594 quid

416 5622 575 5689 super
608 5610 689 5663 his
722 5610 923 5678 cogitat
950 5611 1215 5666 sanctitas
1241 5613 1376 5665 tua?
1405 5613 1598 5669 Mirum
1635 5626 1738 5683 est,
1774 5631 1871 5686 per
1919 5634 2009 5673 ve-

412 5701 658 5766 ritatem,
694 5705 835 5770 quod
865 5719 991 5774 erga
1025 5719 1121 5759 nos
1156 5705 1287 5773 agit.
1320 5704 1456 5760 Dum
1491 5709 1639 5762 venit
1661 5719 1874 5779 tempus
1896 5720 2009 5764 sta-

414 5804 485 5851 ta:
514 5796 841 5869 largitionis,
869 5799 1137 5871 allegatur
1164 5811 1255 5857 aut
1308 5805 1607 5860 necessitas
1666 5807 2004 5877 negotiorum

2110 4890 2258 4935 nem.
2294 4884 2347 4929 ct
2374 4876 2549 4945 quoad
2598 4886 2785 4931 nostra
2818 4875 3049 4931 iacultas
3077 4890 3139 4931 ac
3171 4875 3317 4929 vires
3359 4873 3555 4937 ferent,
3584 4888 3708 4930 ser-

2113 4967 2338 5021 viluros.
2402 4966 2514 5022 Tua
2550 4984 2682 5024 vero
2716 4968 2983 5023 sanctitas
3019 4968 3127 5024 scit
3174 4969 3304 5038 quid
3358 4966 3543 5024 faciat.
3590 4966 3706 5023 Nec

2120 5062 2357 5132 ignorat,
2407 5063 2451 5117 si
2500 5064 2629 5131 quid
2666 5072 2979 5116 nostrorum
3016 5071 3377 5130 proventuum
3410 5060 3479 5116 ab
3515 5060 3705 5115 hostili

2120 5156 2296 5211 adhuc
2348 5159 2650 5211 vastatione
2712 5158 2954 5209 immune
3001 5156 3388 5223 permanserit,
3442 5165 3705 5223 tanquam

2119 5260 2269 5305 tuum
2307 5251 2484 5320 colligi
2520 5268 2548 5304 a
2585 5261 2939 5319 procuratore
2963 5250 3165 5315 jurium
3193 5258 3432 5305 tuorum.
3464 5248 3576 5304 lloc
3602 5266 3709 5303 au-

2118 5354 2223 5399 tem
2278 5362 2403 5399 num
2453 5361 2665 5414 aequum
2702 5345 2826 5398 est?
2872 5344 3138 5399 Caeterum
3195 5344 3320 5398 llOC‘
3348 5343 3540 5399 saltem
3571 5358 3706 5397 ora-

2121 5454 2261 5503 mus,
2322 5450 2379 5493 ut
2429 5441 2687 5507 quoniam
2724 5455 2859 5507 quas
2894 5438 3174 5508 scriptitas
3225 5439 3381 5493 nobis
3414 5439 3705 5495 censorias

2115 5532 2373 5601 epistolas
2416 5534 2631 5601 pnelegi
2656 5532 2815 5601 jubes
2849 5534 2901 5585 in
2955 5531 3115 5601 plena
3147 5534 3375 5601 synodo,
3405 5541 3462 5586 et
3498 5532 3702 5607 fratres

2116 5624 2285 5679 nostri
2346 5626 2617 5693 przepositi
2676 5623 3132 5679 monasteriorum
3190 5624 3304 5678 suis
3336 5628 3704 5695 comprobant

2112 5716 2385 5785 suffragiis
2420 5732 2757 5787 qmccunque
2792 5717 3069 5772 sanctitati
3110 5719 3240 5773 libet
3277 5727 3381 5773 tua
3424 5718 3610 5774 dicere
3634 5721 3705 5776 tle

2119 5811 2294 5880 nobis,
2334 5822 2519 5869 nostra
2546 5813 2659 5870 haec
2684 5827 2899 5885 quoque
2932 5813 3197 5870 recitetur
3222 5813 3453 5886 epistola
3475 5813 3583 5871 illis
3605 5829 3710 5870 au-
