4012 6236
535 279 649 342 3H9

1453 274 1521 338 Ρ.
1560 273 1865 337 POSSINI
1904 271 2562 373 OBSERVATIONUM
2604 274 2753 338 LIB.
2792 275 2848 343 Ι.

3679 278 3787 340 720

534 407 746 467 genus:
776 408 894 450 sunt
914 393 1144 464 quinque
1182 390 1327 447 statis
1360 392 1591 464 optimis.
1628 392 1689 447 In
1721 392 1953 449 historia
1980 406 2116 464 quo-
2138 396 2189 455 »Α
2218 388 2541 445 diuturnam
2588 390 2917 463 probassent
2943 405 3193 462 operam,
3245 390 3374 449 inde
3398 393 3617 449 emeriti
3671 411 3803 461 pro-

535 502 646 557 que
682 488 929 556 Angusta
955 480 1247 540 Romanos
1266 474 1938 555 imperatnres’tnunerari
1969 485 2107 541 soli-

536 590 627 634 tos
670 580 929 650 pretiosis
958 579 1201 634 vestibus
1250 592 1389 647 quos
1443 578 1648 633 vellem
1681 577 1980 640 honorare.
2036 577 2111 635 de

534 672 847 728 Alexandro
874 671 1081 727 Severo
1112 670 1357 725 refertur
1382 685 1414 725 a
1454 658 1793 740 Lampridio,
1826 669 1895 725 de
1926 667 2110 726 Probo

533 782 565 821 a
589 764 779 820 Flavio
815 763 1071 833 Vopisco.
1100 762 1278 830 Quem
1314 762 1443 817 olim
1484 776 1695 817 morem
1723 761 1780 817 in
1814 762 1937 817 aula
1965 760 2111 817 Con-

534 856 1026 922 stantinopolitana
1085 855 1448 911 Orientalium
1507 853 1789 910 Caesarum
1834 855 2108 926 viguisse,

531 958 899 1021 praterquam
951 949 1007 1003 bi
1060 948 1421 1020 Pachymeris
1470 947 1577 1001 loci
1635 946 1901 1009 indicant,
1942 945 2107 1001 etiam

534 1048 715 1109 potest
741 1039 972 1111 intelligi
1006 1054 1074 1095 ex
1098 1040 1501 1096 consuetudine
1536 1038 1841 1094 Turcarum
1871 1037 1985 1093 illic
2011 1037 2110 1093 ho-

532 1132 626 1187 die
662 1132 1047 1203 regnantium;
1081 1146 1221 1201 quos
1252 1131 1307 1187 in
1336 1130 1763 1186 admissionibus
1800 1130 2107 1199 legatorum

438 1237 442 1241 ’
534 1222 906 1291 insigniumve
937 1235 1297 1293 personarum
1348 1219 1635 1277 ‘donativis
1683 1221 1885 1277 talibus
1933 1230 2106 1277 vesta-

532 1334 679 1381 rnm,
714 1324 775 1371 ut
825 1318 991 1388 vulgo
1023 1327 1243 1383 vocant,
1276 1318 1482 1388 passim
1513 1317 1592 1371 uti
1624 1326 1968 1387 compertum
2000 1325 2106 1373 est.

524 1407 599 1463 Et
632 1407 907 1462 Andream
952 1409 1121 1478 igitur
1180 1418 1239 1464 et
1282 1406 1673 1479 Mpyrigerium
1720 1408 2103 1478 Pacliymeres,

531 1502 662 1556 dum
695 1500 960 1568 ἀλλαγαῖς
1009 1503 1079 1557 ab
1106 1496 1427 1559 Andronico
1464 1502 1764 1559 honoratos
1788 1501 2005 1562 scribit.
2032 1504 2107 1558 si-

517 1579 755 1665 ;gnilicat
777 1592 939 1647 donis
969 1594 1335 1663 pretiosarum
1378 1604 1437 1649 et
1467 1594 1841 1666 speciosarum
1868 1595 2103 1650 vestium

530 1699 640 1738 non
664 1683 833 1739 semel
850 1685 1053 1739 cultos.
1075 1685 1201 1740 Haec
1218 1684 1486 1741 hactenus
1508 1685 1863 1756 scripseram,
1884 1688 2105 1757 quando

529 1777 674 1831 forte
709 1780 764 1832 in
813 1778 998 1833 locum
1046 1778 1214 1833 incidi
1268 1779 1644 1848 parapltrastis
1691 1780 1939 1836 Vaticani
1992 1796 2104 1850 quo

530 1868 849 1924 declaratur
894 1868 1075 1941 ipsum
1126 1870 1180 1925 in
1211 1871 1404 1925 eadem
1459 1885 1673 1927 mecum
1718 1871 1787 1927 de
1836 1882 2105 1941 potestate

529 1961 682 2017 vocis
742 1960 957 2033 ἀλλαγὴ
1006 1963 1279 2019 sententia
1336 1964 1530 2030 fuisse,
1572 1962 1849 2043 siquidem
1911 1964 1959 2021 is
2011 1966 2104 2022 illa

527 2053 696 2108 verba
746 2050 1101 2125 Pachymeris
1146 2054 1315 2126 658
1379 2054 1613 2127 p.512,
1665 2055 1789 2119 Τοῖς
1836 2054 1935 2126 μὲν
1973 2074 2106 2112 ναυ-

530 2149 722 2217 άρχοις
781 2148 853 2200 τὰ
904 2146 1014 2200 τῶν
1060 2148 1387 2213 ἁναϐολῶν,’
1422 2146 1496 2214 ὡς
1543 2144 1708 2219 εἶχον,
1763 2142 1901 2223 πρὸς
1944 2150 2105 2222 βασι.

525 2237 666 2300 Mm;
698 2235 783 2309 [P.
817 2234 942 2309 460]
979 2237 1397 2308 φιλοτιμότερον
1445 2239 1855 2311 μετημφιαστο,
1891 2241 1972 2295 sic
2011 2254 2106 2296 ex-

531 2329 763 2401 primit:
796 2331 859 2384 Oi
913 2326 1181 2401 ναύαρχοι
1239 2329 1554 2386 Γιννουτται
1618 2333 1888 2404 τιμῶνται
1948 2334 2103 2403 παρὰ

529 2423 626 2477 τοῦ
662 2424 929 2493 pastum;
974 2423 1240 2492 ἀλλαγαῖς
1276 2426 1509 2494 ἱματίων
1539 2425 1833 2496 λαμπρῶν.
1874 2426 1953 2480 Ita
1980 2426 2099 2489 ille;

530 2518 586 2573 in
619 2515 825 2589 quibus
860 2531 969 2571 non
1003 2508 1211 2573 temere
1239 2517 1491 2588 suspicor
1530 2532 1721 2575 vocem
1760 2517 1987 2589 quidem
2023 2519 2104 2589 ip-

531 2625 653 2666 sum
681 2609 933 2678 ἀλλαγῶν
952 2623 1020 2665 ex
1046 2609 1195 2666 hisee
1216 2626 1337 2682 qua:
1370 2610 1533 2667 modo
1559 2620 1861 2667 tractamus
1898 2612 2107 2684 Pachy-

530 2702 701 2767 meris
728 2698 867 2759 locis
910 2704 1213 2772 accepisse,
1265 2702 1398 2773 quid
1432 2711 1616 2758 autem
1647 2717 1710 2759 ea
1755 2719 1856 2758 suo
1892 2704 2104 2774 judicio

528 2792 773 2860 valeret,
833 2795 1213 2850 demonstrare
1272 2794 1553 2851 studuisse
1613 2796 1968 2865 adiunctione
2036 2797 2103 2851 ad

527 2886 680 2941 ﬂiam
716 2885 999 2955 exegetiea
1052 2886 1295 2957 ἱματίων
1340 2886 1639 2958 λαμπρῶν.
1666 2888 1786 2945 Non
1817 2889 2105 2945 omittatur

529 2976 599 3031 ad
659 2984 990 3041 extremum,
1027 2974 1160 3031 hinc
1213 2974 1447 3032 fortasse
1498 2976 1917 3047 originationem
1976 2976 2105 3032 duci

2178 511 2182 515 ρ
2214 481 2585 537 movebantur
2624 485 2679 539 in
2708 485 3047 554 speciosiora
3077 484 3289 550 ollicia,
3316 496 3377 541 ut
3410 486 3500 541 hic
3531 486 3804 543 Nicolaus

2215 572 2283 628 ad
2316 574 2723 645 episcopatum.
2776 592 3095 648 quanquam
3134 592 3201 632 ne
3232 580 3457 648 ἀμέσως
3503 594 3710 634 manus
3771 597 3801 630 e

2213 665 2397 721 culina
2441 666 2695 722 sordidas
2727 667 2795 723 ad
2822 683 2949 726 aras
2997 668 3192 735 ferret,
3236 670 3589 741 professione
3644 672 3803 740 prius

2214 756 2520 813 monastica
2582 769 2845 830 purgatus
2897 761 3073 817 videri
3130 764 3339 832 potuit,
3383 779 3589 836 nomen
3630 778 3701 818 es
3734 780 3798 818 ea

2213 857 2520 920 sumptum,
2550 852 2845 924 Neapliyti,
2879 849 3155 911 cathedris
3190 854 3455 913 Prusrnsi
3500 858 3801 912 honestius

2212 939 2483 997 inferens.
2513 943 2634 1000 Etsi
2668 944 2854 999 autem
2900 944 2957 1000 in
2992 945 3203 1003 Graecis
3248 947 3563 1017 originibus
3595 948 3800 1004 culina:

2210 1031 2305 1087 hic
2334 1032 2595 1091 Palatinis
2648 1036 2799 1092 nulla
2843 1036 3109 1095 iudicatio
3137 1048 3243 1105 est,
3298 1054 3388 1096 res
3440 1051 3628 1096 tamen
3678 1043 3801 1112 ipsa

2213 1125 2469 1194 prudenti
2531 1128 2908 1200 conjecturam
2976 1132 3255 1202 suggerit,
3321 1132 3483 1187 talem
3553 1133 3796 1204 intelligi

2210 1228 2492 1288 oportere,
2530 1219 2637 1275 hoc
2671 1221 2790 1291 ipso
2832 1222 2978 1292 quod
3023 1224 3209 1278 culina
3243 1235 3607 1280 memoratur.
3659 1225 3806 1281 Nam

2208 1310 2264 1365 id
2294 1327 2476 1382 perae
2528 1322 2637 1368 tam
2693 1314 2803 1371 vile
2847 1315 3221 1372 ministerium
3273 1318 3380 1373 nisi
3428 1334 3459 1373 e
3496 1318 3797 1389 principali

2208 1404 2371 1458 domo
2394 1403 2708 1473 splendoris
2734 1405 2945 1476 aliquid
2974 1408 3231 1478 accipiat,
3260 1408 3569 1467 obsoletius
3591 1409 3803 1467 obscu-

2210 1496 2439 1567 riusque
2473 1512 2571 1567 per
2610 1510 2671 1552 se
2701 1498 2775 1553 sit
2802 1512 2968 1568 quam
3014 1508 3077 1554 ut
3114 1500 3169 1555 in
3213 1500 3424 1571 scripto
3448 1500 3685 1571 publico
3708 1517 3798 1557 re-

2207 1598 2297 1643 ete
2330 1595 2662 1643 ostentetur.
2712 1588 3089 1658 Praeterquam
3136 1589 3386 1646 favorem
3441 1594 3790 1663 principum,

2212 1683 2333 1737 sine
2388 1696 2501 1750 quo
2547 1682 2650 1738 iste
2709 1682 3034 1755 Neophytus
3092 1699 3202 1739 non
3265 1697 3698 1755 promoveretur
3743 1688 3797 1741 in

2209 1774 2591 1845 episcopatum
2629 1775 2784 1830 urbis
2815 1775 3069 1839 illustris,
3115 1791 3354 1847 pronum
3382 1779 3669 1835 aestimata
3713 1792 3799 1836 est

2210 1882 2322 1923 non
2364 1868 2469 1923 alia
2506 1870 2679 1938 gratia
2729 1868 2860 1924 huic
2890 1869 3165 1941 aspirasse
3198 1882 3364 1940 quam
3400 1886 3470 1927 ex
3502 1888 3796 1931 commen-

2210 1960 2430 2016 datione
2482 1960 2661 2015 intimi
2720 1960 3017 2019 ministerii
3074 1961 3208 2018 olim
3270 1965 3643 2035 regnantibus
3691 1966 3798 2023 im-

2208 2050 2387 2120 pensi.
2440 2050 2710 2122 Congrnit
2760 2059 2944 2106 autem
2994 2051 3268 2123 analogia,
3341 2062 3402 2108 ut
3460 2055 3791 2113 missionem

2206 2140 2373 2211 659
2401 2153 2597 2197 naCtus
2624 2139 2823 2195 bonam
2873 2157 2904 2197 a
2934 2142 3280 2212 eoquinariis
3331 2145 3659 2215 imperatori
3694 2163 3793 2204 ex-

2209 2232 2468 2289 liibendis
2522 2234 2809 2305 obsequiis
2856 2234 2938 2289 sic
2971 2235 3378 2306 ἀμαγιίρευτος
3427 2249 3682 2304 vocetur,
3734 2252 3792 2297 ut

2208 2325 2575 2395 ἀστράτευτος
2596 2326 2801 2383 dicitur
2828 2328 2923 2398 qui
2952 2327 3153 2384 bonam
3184 2345 3216 2384 a
3241 2330 3436 2385 militia
3462 2333 3789 2389 missionem

2207 2416 2473 2472 emeruit.
3175 2407 3181 2414 ’

2285 2510 2373 2585 [Ρ.
2423 2510 2553 2586 Mil]
2586 2512 2993 2585 Ἀμοτάϐαροι,
3025 2529 3083 2585 p.
3117 2514 3244 2572 395.
3272 2513 3401 2572 Haec
3426 2517 3610 2588 prima
3634 2517 3787 2588 quod

2209 2605 2556 2661 meminerim
2605 2606 2662 2661 in
2719 2606 2823 2662 hac
2873 2607 3105 2663 historia
3152 2608 3360 2665 mentio
3412 2618 3498 2665 est
3544 2611 3787 2681 Amoga-

2208 2697 2493 2764 barornm,
2517 2712 2657 2769 quos
2699 2700 2833 2755 alibi
2869 2711 3076 2767 noster,
3104 2717 3306 2775 nempe
3339 2717 3395 2771 p.
3422 2702 3551 2766 M6,
3589 2702 3674 2757 sic
3704 2703 3788 2757 di-

2208 2800 2327 2845 ctos
2374 2799 2533 2861 putat
2592 2790 2740 2862 quod
2793 2792 3061 2863 originem
3126 2792 3413 2849 traherent
3466 2808 3537 2849 es
3591 2792 3794 2850 Araris

2208 2886 2327 2939 sive
2382 2884 2675 2951 Avaribus,
2710 2886 3035 2943 Borealibus
3076 2887 3331 2942 videlicet
3385 2887 3527 2945 Asia:
3566 2887 3790 2959 populis

2208 2978 2357 3033 circa
2384 2977 2690 3035 Caucasum
2746 2978 2907 3035 sedes
2936 2977 3293 3033 habentibus.
3347 2976 3456 3034 Sed
3490 2993 3558 3035 ea
3608 2978 3791 3034 histo-

530 3065 967 3139 plausibiliorem
1024 3082 1188 3140 posse
1239 3068 1495 3124 vocabuli
1530 3068 1789 3138 ἀλλάγιον
1837 3084 1900 3125 ea
1937 3085 2100 3138 quam
2129 3093 2175 3150 α
2209 3071 2311 3125 rici
2358 3070 2601 3142 suspicio
2646 3078 2731 3127 est
2779 3071 2941 3141 plane
2982 3069 3364 3127 inverisimilis
3407 3085 3424 3124 :
3464 3070 3602 3141 quid
3636 3071 3785 3127 enim

529 3159 701 3231 priori
750 3169 939 3215 nostro
988 3159 1269 3215 Glossario
1334 3161 1701 3216 hazsitabundi
1753 3161 2098 3230 proponeba-

518 3266 677 3306 snus.
701 3253 841 3320 Quid
890 3254 936 3308 si
986 3236 1133 3308 enim
1169 3252 1407 3322 ἀλλὰγια
1452 3263 1715 3322 putemus
1749 3254 1896 3308 dicta
1932 3253 2103 3309 fuisse

520 3346 761 3415 collegia
809 3361 905 3401 seu
940 3360 1174 3415 corpora
1224 3344 1459 3401 militum
1517 3344 1727 3417 ἀλλαγῇ
1776 3346 1964 3409 simili,
1996 3345 2102 3402 hoc

530 3448 615 3494 est
663 3451 836 3501 veste.
868 3437 1179 3493 utentium?
1215 3452 1335 3507 qua
1379 3438 1692 3492 communio
1724 3437 1882 3493 facile
1917 3438 2100 3494 coale-

529 3543 686 3584 scere
720 3526 863 3582 inter
893 3528 1141 3597 ejusdem
1163 3526 1403 3584 nationis
1434 3537 1676 3583 armatos
1713 3530 1911 3598 potuit.
1942 3528 2101 3585 Certe

518 3619 585 3674 id
617 3619 943 3675 convenisse
967 3620 1191 3688 proprio
1219 3620 1524 3689 pra’sertim
1557 3620 1909 3689 imperatoris
1940 3620 2101 3673 ωλα-

518 3713 633 3782 γίῳ
665 3712 987 3767 nominatim
1010 3712 1078 3766 ab
1102 3711 1417 3781 Acropolita
1441 3722 1762 3777 memorato,
1790 3712 1905 3768 sive
1926 3713 2100 3779 τάξει,

504 3808 692 3877 Δ-ηυαιιι
722 3804 1077 3859 ἰάεηιννοευιη
1112 3821 1211 3875 pro
1244 3805 1391 3861 illius
1422 3805 1652 3861 alterius
1675 3820 1975 3877 synonyma
2006 3822 2101 3876 po-

528 3898 634 3962 nit,
664 3896 1068 3962 verisimillime
1115 3898 1447 3969 cogitabitur
1480 3913 1546 3952 es
1582 3912 1683 3955 usu
1730 3914 1950 3969 quoque
2000 3900 2100 3953 lio~

517 3989 728 4043 ~tiierno
761 3989 1139 4060 distinguendi
1188 4004 1341 4045 certo
1377 4006 1580 4058 genere
1612 3992 1833 4057 coleris,
1868 3990 2099 4062 insignis

521 4077 757 4135 habitus
813 4082 1241 4151 aut-peculiaris
1292 4082 1597 4153 chlamydis
1652 4090 1835 4139 certos
1873 4085 2099 4139 ordines

528 4170 791 4238 militum,
814 4172 1046 4244 principi
1081 4174 1301 4229 nomine
1336 4174 1453 4245 ipso
1486 4189 1555 4230 ac
1584 4174 1845 4246 singulari
1879 4175 2096 4232 delectu

514 4263 893 4321 addictorum‘.
928 4265 1059 4322 Post
1104 4266 1224 4323 haec
1259 4267 1444 4323 omnia
1484 4267 1689 4338 scripta
1732 4269 2097 4326 animadverti

525 4358 709 4413 locum
759 4357 929 4413 alium
984 4357 1096 4416 huc
1156 4360 1524 4430 pertinentem
1592 4361 1771 4416 nostri
1829 4362 2095 4429 auctoris,

526 4465 692 4520 quem
713 4452 837 4507 vide
862 4464 919 4521 p.
946 4450 1035 4507 81.

600 4543 1063 4611 Ἀλληλένδετα,
1111 4561 1159 4615 p.
1206 4543 1295 4598 93.
1335 4546 1411 4601 ita
1449 4545 1655 4616 optime
1682 4545 1927 4601 omnium
1961 4546 2095 4600 Bar-

505 4637 754 4692 -berinus
787 4636 983 4701 codex,
1025 4652 1148 4691 cum
1184 4638 1490 4693 Allatianus
1522 4639 1922 4709 ἁλληϐενδεκτὰ
1956 4642 2093 4696 scri-

524 4732 641 4791 bat.
693 4730 991 4787 Vaticanus
1052 4742 1236 4785 autem
1274 4731 1659 4802 αλληλενδοτὰ,
1690 4731 1782 4786 ille
1817 4731 2095 4802 vitiosius,

514 4822 613 4877 hic
642 4821 1009 4891 propinquius
1040 4838 1193 4874 vero.
1230 4822 1427 4875 Notum
1464 4830 1546 4875 est
1579 4821 1731 4875 δετὸν
1762 4823 2009 4879 vinctum
2040 4832 2097 4879 et

510 4928 720 4969 'ncsum
773 4928 993 4975 sonare.
1047 4930 1075 4967 a
1107 4915 1211 4967 δεω
1246 4914 1369 4985 ligo.
1418 4914 1513 4968 Est
1543 4930 1668 4983 ergo
1708 4915 2096 4982 ἀλληλένδετον

521 5009 741 5061 invicem
798 5022 1018 5071 nexum,
1079 5016 1139 5058 ut
1210 5006 1277 5059 sit
1336 5005 1663 5074 ῐσοδύναμον
1728 5008 1806 5075 τῷ
1859 5006 2094 5077 ἀλληλό-

524 5102 703 5154 «iam
733 5116 855 5154 mox
903 5101 1103 5169 posito.
1137 5100 1418 5169 aptissima
1471 5102 1692 5155 notione
1730 5102 1795 5154 ad
1830 5103 1936 5155 loci
1974 5117 2099 5156 sen-

515 5194 775 5254 tentiam,
810 5202 867 5246 ut
897 5192 1072 5245 lector
1102 5191 1355 5245 ocniattts
1384 5193 1564 5245 statim
1604 5200 1809 5247 cernet.

594 5284 1018 5353 ’Δμαγ-είρευτοι
1076 5300 1129 5352 p.
1166 5281 1252 5337 b8.
1310 5282 1413 5347 Qui
1464 5292 1792 5336 vocarentur
1824 5284 1927 5339 hoc
1973 5284 2095 5339 loco

522 5378 911 5446 ἀιαγείρευτοι
976 5394 1100 5430 cum
1146 5376 1285 5431 fore}.
1330 5374 1583 5429 divinare
1630 5378 2003 5431 necessarium
2036 5376 2092 5431 in

520 5470 747 5523 silentio
796 5467 1148 5538 scriptorum,
1190 5484 1297 5521 non
1354 5467 1594 5522 occurrit
1630 5467 1774 5535 quod
1822 5468 2096 5522 verisimi-

530 5564 639 5617 lius
661 5563 901 5616 dicerem
946 5576 1107 5630 quam
1136 5560 1282 5630 quod
1327 5561 1380 5614 in
1425 5560 1879 5631 interpretatione
1911 5561 2093 5631 posui,

513 5654 601 5709 sic
638 5668 834 5722 nempe
880 5661 1106 5707 vocatos
1162 5665 1258 5707 eos
1315 5653 1405 5721 qui
1464 5662 1750 5721 postquam
1797 5653 1850 5706 in
1912 5652 2095 5722 aliqua

514 5754 677 5808 parte
713 5742 999 5799 ministerii
1030 5752 1123 5797 aut
1152 5743 1501 5814 praefecturae
1535 5743 1787 5815 coquinae
1835 5741 2094 5799 Palatinae

2210 3163 2482 3219 Avaribus
2540 3161 2895 3218 Hamaxobiis
2951 3177 3021 3217 es
3086 3160 3347 3233 Scythico
3411 3176 3618 3231 genere
3663 3178 3786 3217 rem

2211 3259 2364 3313 hisee
2406 3255 2685 3312 Catelanis
2735 3269 2859 3311 esse
2918 3269 3215 3311 commune
3261 3254 3440 3325 potuit
3470 3270 3543 3309 es
3597 3253 3787 3311 Sicilia

2210 3347 2490 3418 profectis,
2524 3361 2633 3417 quo
2666 3345 2820 3417 prius
2848 3358 2917 3399 ex
2944 3342 3203 3415 Hispania
3234 3344 3612 3401 transierant?
3632 3344 3788 3417 plau-

2209 3441 2429 3495 sibilius
2485 3438 2542 3493 bi
2582 3452 2786 3494 nomen
2832 3436 3053 3493 duxisse
3088 3434 3264 3491 videri
3298 3440 3557 3506 poterant
3593 3450 3625 3489 a
3656 3449 3789 3503 pro-

2210 3531 2490 3586 montorio
2543 3528 2981 3597 Tarraconensis
3037 3527 3338 3597 Hispaniae,
3396 3526 3548 3597 quod
3606 3525 3789 3581 Ptole—

2212 3639 2382 3678 nnnus
2418 3621 2630 3692 Αὖαρον
2688 3622 2931 3677 Avarum
2981 3628 3240 3674 vocatum
3295 3618 3506 3674 scribit.
3545 3615 3785 3687 Reperio

2210 3716 2352 3784 apud
2385 3713 2708 3777 Marianam,
2744 3714 2783 3768 l.
2817 3729 2910 3780 sit,
2960 3727 3010 3767 c.
3045 3712 3134 3779 i7,
3169 3710 3245 3765 De
3290 3710 3444 3766 rebus
3487 3709 3781 3781 Hispania,

2212 3808 2592 3876 Almogaraves
2628 3806 2739 3860 illic
2793 3804 3098 3877 appellatos
3150 3813 3441 3860 veteranos
3498 3803 3707 3857 milites
3753 3816 3783 3855 e

2210 3910 2372 3969 gente
2401 3898 2659 3954 Maurica.
2696 3899 2901 3954 Horum
2946 3899 3152 3954 multos
3200 3897 3468 3953 admistos
3501 3894 3783 3951 Catelanis

2210 3988 2462 4045 subsidio
2491 3989 2688 4044 missos
2717 3989 2997 4046 Friderico
3025 3990 3233 4045 bellum
3261 3990 3318 4044 in
3344 3987 3531 4045 Sicilia
3562 3988 3778 4061 gerenti

2208 4095 2238 4135 a
2267 4081 2439 4135 fratre
2470 4080 2645 4151 ipsius
2666 4096 2793 4152 rege
2822 4081 3111 4152 Aragoniae
3137 4081 3400 4150 arbitrer,
3424 4091 3481 4136 et
3509 4080 3615 4137 hos
3638 4080 3780 4137 bello

2208 4172 2392 4229 Siculo
2420 4186 2552 4242 pace
2595 4172 2737 4228 facta
2789 4173 3107 4240 terminato,
3140 4173 3283 4229 duce
3314 4172 3554 4243 Rogerio
3600 4173 3781 4229 Brun-

2208 4264 2429 4328 dusino,
2457 4280 2617 4334 quem
2653 4274 2840 4319 noster
2860 4264 3215 4323 Rontzcrium
3252 4276 3431 4333 vocat,
3465 4264 3781 4322 Constanti-

2208 4357 2449 4425 nopolim
2486 4359 2722 4412 venisse.
2772 4358 2961 4427 Itaque
3002 4358 3120 4429 pari
3174 4357 3399 4414 licentia
3444 4373 3553 4429 qua
3586 4358 3775 4413 Fride-

2130 4448 2175 4507 D
2211 4451 2382 4505 ricnm
2437 4451 2491 4503 in
2552 4448 3024 4515 Tlteuderichuni,
3082 4451 3377 4521 Rogerium
3434 4450 3491 4505 in
3541 4449 3779 4506 Rontze—

2210 4544 2375 4609 r'tum,
2404 4542 2767 4613 l'acltymeres
2802 4543 3088 4605 deformat,
3119 4543 3287 4597 etiam
3326 4543 3382 4597 in
3422 4541 3775 4614 Amogabaris

2210 4634 2546 4696 balbutierit,
2605 4634 2685 4689 sic
2716 4650 2813 4688 eos
2872 4650 2970 4703 pro
3036 4634 3402 4705 Almogaravt':
3463 4638 3772 4689 nominans.

2206 4725 2377 4780 liabet
2406 4742 2467 4780 ea
2506 4742 2605 4780 vox
2640 4727 2785 4783 haud
2814 4726 3044 4782 dubium
3070 4728 3272 4798 lingua:
3301 4726 3546 4783 Arabica:
3575 4727 3775 4783 Mauris

2206 4816 2495 4869 familiaris
2548 4816 2947 4873 characterem.
3000 4815 3185 4887 itaque
3238 4818 3438 4888 placet,
3474 4834 3638 4886 quam
3692 4818 3775 4871 vir

2204 4908 2559 4979 pereruditus
2614 4910 2859 4978 mihique
2892 4910 3262 4973 amicissimus
3312 4909 3634 4966 Dominicus
3661 4911 3773 4965 lla-

2204 5002 2351 5071 grins
2379 5015 2408 5056 e
2434 5005 2593 5071 patrii
2624 5002 2924 5059 Melitensis
2949 5004 3225 5071 idiomatis
3260 5021 3361 5062 usu
3394 5015 3450 5060 et
3475 5005 3771 5061 domestica

2206 5095 2399 5148 notitia
2452 5097 2711 5165 suggerit,
2768 5097 3062 5165 originatio
3127 5097 3280 5154 vocis
3343 5098 3527 5169 hujus.
3584 5099 3674 5155 Ait
3727 5098 3772 5153 is

2197 5185 2489 5240 Africanos
2519 5187 2775 5256 Algharbi
2806 5188 3000 5242 Melita:
3031 5189 3239 5257 vocari,
3267 5191 3764 5260 quod'voeabulum

2204 5279 2560 5334 Occidentales
2622 5293 2797 5346 sonat,
2869 5281 3131 5351 quoniam
3193 5282 3259 5337 ab
3319 5281 3528 5340 Occasu
3584 5284 3761 5339 Melita

2202 5372 2437 5429 Mricam
2471 5374 2715 5443 respicit.
2750 5375 3018 5429 Inseritur
3049 5384 3232 5430 autem
3270 5376 3413 5433 inter
3447 5377 3675 5448 primam
3713 5382 3766 5432 'et

2203 5467 2498 5520 secundam
2528 5466 2791 5537 syllabam
2822 5467 3073 5523 vocabuli
3104 5469 3364 5540 Algharbi
3393 5470 3656 5541 particula
3687 5468 3765 5525 nia

2204 5557 2412 5614 Latina:
2462 5561 2835 5631 praepositioni
2880 5579 2943 5617 ex
2994 5562 3349 5633 aequivalens,
3384 5565 3604 5635 quoties
3630 5554 3765 5619 desi-

2201 5669 2369 5723 gnare
2403 5669 2541 5723 Opus
2566 5664 2650 5707 est
2676 5654 2915 5723 aliquem
2945 5670 3010 5710 ex
3046 5656 3227 5712 Africa
3256 5657 3372 5713 sive
3416 5658 3520 5714 alia
3549 5657 3760 5729 regiam.

2202 5743 2445 5801 Occidua
2495 5745 2805 5817 profectum
2856 5750 3027 5804 :talis
3062 5750 3213 5805 enim
3265 5750 3378 5807 illic
3428 5747 3762 5823 Almoghiarbi
