4004 6234
258 337 344 405 721
1609 355 2125 419 GLOSSARIUM.

3392 349 3502 415 τρε
3570 439 3572 441 _

252 475 463 542 dicitur.
499 474 606 532 hoc
653 448 738 534 est
772 479 863 551 qui
896 496 960 536 ex
993 482 1170 553 Africa
1208 484 1325 540 sive
1370 482 1598 542 Occidno
1643 497 1818 542 tractu

1936 476 2139 523 tantum
2179 469 2346 538 habet
2376 485 2392 523 ι
2424 469 2530 522 Καὶ
2559 467 2740 522 πάντα
2778 467 3081 537 ἀνέτρεπον
3113 465 3205 519 καὶ
3231 464 3490 533 συνέχεον

251 572 474 627 venerit.
511 573 624 628 Nec
651 583 737 630 est
787 576 1116 632 incredibile
1147 596 1215 634 ex
1239 588 1424 652 etymo
1453 584 1814 652 ejusmodi-in

249 665 495 736 Hispania
553 682 776 740 quoque
832 687 1031 726 nomen
1089 673 1234 728 istud
1298 674 1590 731 inolcvisse
1629 696 1644 732 :
1687 693 1813 732 nam

247 759 458 813 Mauros
487 755 683 816 omnes
729 773 966 820 certum.
993 775 1076 818 est
1110 781 1176 819 ex
1218 766 1401 822 Africa
1439 771 1725 840 trajecisse
1761 770 1814 824 in

244 853 492 919 lberiam,
535 864 590 910 et
625 870 693 910 ex
719 856 884 926 hujus
912 857 1170 913 Οοείιιιιίε
1211 861 1468 927 partibus
1504 860 1560 915 in
1590 871 1819 916 caeteras

245 944 581 998 dominatum
625 947 966 1010 extendisse,
1005 949 1152 1002 unde
1201 950 1364 1005 isthic
1408 967 1632 1022 quoque
1666 962 1819 1007 recte

243 1035 583 1106 Almogharbi
611 1037 722 1092 dici
763 1041 1088 1108 potuerint,
1111 1052 1204 1094 aut
1237 1043 1509 1099 vocabulo
1547 1044 1602 1100 in
1638 1059 1817 1114 popu-

243 1127 408 1183 larem
440 1144 640 1183 sonum
679 1129 903 1184 detorto
952 1131 1294 1202 Almogabari
1339 1149 1458 1196 seu.
1510 1145 1675 1204 prout
1707 1135 1820 1190 Ma-

242 1224 394 1277 riana
425 1221 643 1290 scribit,
674 1224 1074 1293 Atmogaraves,
1106 1223 1280 1278 Mauri
1311 1227 1512 1282 milites
1539 1244 1605 1282 ex
1636 1227 1821 1283 Africa

242 1326 297 1371 et
343 1315 604 1371 Oceiduis
659 1317 931 1370 tractibus
987 1317 1295 1371 venientes.
1359 1319 1653 1388 Postquam
1703 1320 1823 1375 haec

242 1409 593 1478 scripseram,
629 1407 739 1462 vidi
788 1423 911 1476 qua:
961 1409 1158 1462 Petrus
1194 1409 1660 1465 d'Outremannus
1716 1427 1821 1466 no-

240 1510 372 1563 ster,
405 1502 462 1555 in
509 1499 655 1555 notis
685 1499 753 1554 ad
787 1515 837 1555 c.
883 1500 917 1553 ὅ
944 1501 1076 1556 libri
1117 1502 1207 1556 sui
1247 1501 1315 1556 de
1359 1503 1577 1557 excidio
1599 1501 1820 1561 Graeco-

241 1609 384 1658 rum,
420 1593 571 1648 cirea
605 1608 796 1648 vocem
834 1593 1157 1663 Anwgabari
1192 1593 1381 1649 tradit.
1422 1595 1498 1649 Ea
1530 1594 1667 1649 nihil
1700 1609 1823 1649 mu-

241 1683 468 1740 tandum
502 1683 557 1738 in
604 1682 675 1738 iis
703 1697 828 1754 quae
867 1697 1033 1753 supra
1072 1684 1232 1754 posui
1263 1681 1531 1750 suadent.
1560 1685 1824 1742 Indican-

1920 559 2006 612 διὰ
2055 563 2154 629 τὴν
2181 559 2549 631 νομιζομένην
2599 559 2919 630 ἀκρίϐειαν.
2970 558 3174 615 Habuit
3219 564 3406 611 autem
3443 553 3504 607 in

1921 653 2112 707 animo
2156 653 2271 707 haec
2312 653 2562 710 scribens
2609 653 2972 725 Pachymeres
3006 652 3225 708 initium
3261 647 3502 705 celebris

1920 747 2106 812 operis
2165 745 2234 799 ab
2269 744 2589 816 Anaxagora
2657 745 2727 800 de
2781 760 2966 801 rerum
3029 752 3224 798 natura
3281 739 3498 810 scripti.

1921 841 2217 894 recitatum
2259 857 2289 895 a
2328 843 2566 913 Diogene
2597 841 2820 897 Laertia
2862 843 2916 896 in
2948 842 3069 914 ejus
3099 839 3223 894 Vita
3248 838 3337 895 his
3379 851 3505 892 ver-

1922 931 2054 986 bis:
2094 935 2276 988 Πάντα
2323 935 2587 1006 χρήματα
2633 925 2702 1004 ἦν
2756 934 2928 1005 ὁμοῦ*
2983 934 3104 988 εἶτα
3155 931 3280 993 νοῦς
3333 929 3506 984 ἐλθὼν

1919 1024 2065 1077 αὐτὰ
2115 1026 2470 1096 διεκόσμησε.
2508 1026 2698 1082 Omnes
2753 1044 2833 1082 res
2883 1036 3041 1082 erant
3075 1025 3272 1090 simul;
3317 1022 3506 1077 deinde

1922 1134 2066 1170 mens
2093 1121 2302 1176 veniens
2329 1123 2470 1190 ipsas
2501 1131 2689 1176 ornate
2716 1121 2992 1192 disposuit.

2009 1213 2402 1268 Ἀποσκιπτω.
2432 1213 2608 1285 Hujus
2632 1229 2855 1283 quoque
2883 1227 3158 1282 nusquam
3194 1213 3326 1268 alibi
3359 1229 3393 1268 a
3428 1221 3510 1268 tot

1922 1302 2368 1374 diligentissimis
2417 1304 2816 1382 vocabulorum
2844 1303 3244 1360 collectoribus
3297 1305 3508 1373 reperti

1922 1395 2082 1451 verbi
2116 1396 2358 1466 aliquam
2387 1397 2443 1451 in
2489 1397 2596 1452 hoc
2625 1397 2809 1452 minus
2839 1398 3131 1450 obviorum
3175 1412 3342 1451 censu
3385 1398 3510 1454 ﬁeri

1925 1490 2262 1545 mentionem
2320 1506 2538 1559 aequum
2564 1501 2683 1554 est;
2719 1491 2880 1561 cujus
2932 1492 3275 1560 praeteritum
3323 1490 3514 1545 inlini-

1927 1583 2023 1638 tivi
2061 1584 2261 1653 passivi
2288 1593 2479 1638 noster
2505 1593 2735 1653 usurpat
2761 1583 2890 1637 dum
2931 1584 3014 1638 sic
3043 1583 3258 1649 scribit,
3289 1600 3343 1654 p.
3367 1583 3509 1640 269:

1927 1677 2018 1746 Μὴ
2103 1677 2202 1741 τῆς
2286 1679 2461 1745 φορᾶς
2546 1677 2823 1745 ληγούτης
2910 1678 3041 1749 πρὶν
3120 1677 3189 1732 ἂν
3273 1678 3511 1731 ἀπεσκί-

243 1773 368 1826 dum
410 1779 598 1852 tamen
647 1770 826 1826 locum
858 1772 1047 1842 putavi
1099 1760 1350 1830 studiosa
1384 1774 1598 1842 lectori,
1629 1787 1689 1831 ut
1733 1791 1819 1838 eo.

1936 1767 2061 1838 pOat
2108 1768 2182 1837 τῷ
2231 1770 2402 1839 τείχει
2464 1788 2565 1837 της
2603 1773 2833 1833 πόλεως.
2875 1769 2998 1824 Non
3038 1778 3272 1834 cessante
3310 1769 3512 1841 impetu

241 1863 284 1918 si
316 1847 421 1930 ipsi
461 1860 768 1924 videbitur,
799 1861 976 1924 adito,
1006 1863 1176 1933 eligat
1211 1879 1277 1918 ex
1318 1865 1580 1920 omnibus
1608 1880 1708 1935 pro
1738 1882 1827 1922 ar-

241 1954 408 2011 bitrio
443 1970 567 2025 qua:
593 1956 769 2024 magis
808 1954 1148 2025 probaverit.

309 2047 731 2117 'Ajtsotapdpta,
777 2063 832 2119 p.
866 2047 995 2104 282.
1025 2049 1162 2103 ossi
1195 2050 1304 2120 γὰρ
1327 2051 1477 2114 εἰκὸς
1507 2082 1578 2092 -
1602 2053 1706 2105 οιαὶ
1735 2053 1827 2107 εὐ-

240 2143 440 2209 λογεῖν.
476 2139 886 2196 Perobscurum
949 2141 1017 2198 de
1059 2157 1214 2198 more
1252 2143 1501 2198 auctoris
1547 2143 1698 2200 hunc
1748 2145 1829 2200 lo-

239 2248 385 2299 cum,
435 2234 536 2303 qui
586 2231 775 2290 Graeca
805 2235 973 2306 660
1001 2234 1282 2304 inspiciet,
1321 2237 1584 2305 reperiet,
1617 2237 1673 2292 ni
1722 2236 1826 2292 l‘al-

239 2327 343 2383 lor.
398 2327 538 2382 Mihi
599 2327 826 2397 quidem
898 2328 1047 2382 haud
1112 2342 1307 2397 parum
1369 2329 1579 2399 negotii
1653 2329 1826 2393 dedit,

239 2419 419 2488 quoad
455 2421 722 2474 omnibus
749 2420 997 2490 pensatis
1029 2436 1195 2489 quam
1228 2421 1612 2491 interpretatio
1643 2425 1830 2494 expri-

242 2514 338 2566 mit
390 2513 675 2581 exsculpsl
724 2515 1084 2568 sententiam.
1137 2515 1410 2571 Caeterum
1474 2519 1830 2588 ἁρχαιολογία

243 2603 329 2660 hic
375 2603 624 2657 notanda
657 2603 712 2657 in
744 2603 917 2657 verbo
963 2603 1309 2675 ἅμφιδρὸμια
1346 2605 1495 2677 quod
1545 2616 1737 2664 noster
1763 2625 1831 2667 ex

243 2715 344 2753 suo
371 2703 662 2752 mutuatur
694 2695 989 2767 Hesychia,
1047 2699 1126 2752 sic
1159 2699 1434 2755 scribente
1476 2719 1490 2755 :
1533 2703 1830 2772 Ἀμφιδρό-

248 2808 345 2860 pte
385 2791 580 2861 ἡμέρα
619 2793 868 2860 ἀγομένη
915 2794 1030 2854 τοῖς
1064 2793 1330 2860 παιδίοις,
1375 2789 1492 2867 ὲνῇ
1537 2796 1599 2848 τὺ
1630 2796 1831 2865 βρέφος

244 2885 375 2954 περὶ
402 2885 506 2949 τὴν
540 2883 730 2956 ἑστίαν
750 2881 950 2952 εφερον
982 2884 1275 2955 τρέχοντες
1312 2884 1525 2957 κύκλῳ,
1573 2889 1670 2941 καὶ
1699 2890 1830 2943 ὲπεο

245 2977 473 3029 τίθεσαν
529 2976 696 3047 (forte
743 2977 1134 3046 corrigendum
1170 2978 1266 3030 καὶ
1318 2979 1631 3048 ἑπετίθουν)
1678 2981 1830 3052 αὐτῷ

243 3071 417 3138 ὄνομα
467 3069 560 3120 ὅτε
612 3067 854 3122 ὐπὸ-τῶν
887 3069 1107 3124 οίκείων
1153 3072 1246 3124 καὶ
1276 3071 1449 3141 φίλων
1479 3072 1632 3144 δῶρα
1659 3075 1830 3144 ἑπέμ-
1857 3111 1903 3169 c

247 3179 398 3216 πετο.
470 3162 642 3217 Paulo
693 3162 1012 3218 distinctius
1058 3163 1282 3228 Suidas.
1344 3167 1438 3234 qui
1488 3181 1688 3221 nomen
1727 3167 1833 3222 hoc

253 3257 541 3327 singulare
581 3255 905 3312 femininum
955 3257 1136 3312 facit:
1183 3259 1580 3330 Ἃμφιδρομία,
1626 3261 1830 3329 inquit,

243 3353 311 3422 ἢν
342 3351 612 3421 πέμπτην
651 3349 886 3418 ἄγουσιν
922 3351 1019 3405 ἐπὶ
1057 3353 1174 3414 τοῖς
1211 3353 1495 3423 βρέφεσιν,
1529 3355 1586 3406 ὲν
1688 3355 1833 3409 ἀπο·

245 3443 614 3516 καθαίρονται
649 3442 749 3505 τὰς
778 3445 970 3513 χεῖρας
998 3445 1054 3498 αι
1085 3444 1480 3516 συναψάμεναι
1521 3444 1834 3516 τῆς-μαιώσ-

248 3554 404 3602 σεως,
435 3538 497 3590 τὸ
522 3535 726 3607 βρέφος
757 3539 1126 3609 περιφέρουσι
1163 3539 1262 3610 τὴν
1297 3540 1485 3594 ἑστίαν
1508 3541 1833 3613 τρέχοντος,

247 3631 345 3682 καὶ
395 3629 550 3699 δῶρα
594 3630 914 3699 πέμπουσιν
962 3631 1012 3685 σί
1074 3632 1454 3702 προσήκοντες
1499 3631 1576 3696 ὡς
1632 3632 1730 3684 ἐπὶ
1775 3631 1836 3686 τὸ

247 3719 509 3772 πλεῖστον
559 3717 871 3782 πολύποδας
922 3721 1020 3773 καὶ
1087 3719 1316 3791 σηπίας,
1373 3723 1441 3792 τῇ
1478 3721 1686 3793 δεκάτῃ
1738 3723 1837 3774 καὶ

247 3809 494 3880 τοῦνομα
533 3809 800 3865 τίθενται.
853 3809 968 3865 Hoc
1015 3818 1147 3865 est:
1201 3810 1630 3880 Amphidromia,
1674 3825 1835 3880 quam

249 3904 388 3957 diem
421 3902 691 3957 celebrant
731 3903 976 3974 quintam
1001 3919 1033 3957 a
1064 3904 1207 3958 natis
1237 3903 1549 3974 infantibus,
1583 3919 1686 3973 qua
1711 3919 1838 3972 pur—

247 4003 376 4067 gant
433 4009 628 4048 manus
661 4009 778 4064 quae
823 3993 1236 4050 obstetricationi
1287 4011 1502 4063 operam
1554 3995 1835 4060 dederunt,

248 4087 514 4156 infantem
553 4087 752 4143 circum
784 4087 957 4156 focum
995 4096 1202 4156 gestant
1251 4099 1545 4154 currentes,
1611 4100 1660 4142 et
1697 4090 1836 4142 dona

253 4182 468 4234 mittunt
504 4179 812 4251 propinqui,
847 4178 1138 4250 polypodas
1180 4179 1487 4250 plerumque
1527 4197 1589 4236 ac
1629 4181 1836 4249 sepius;

249 4271 456 4326 decima
483 4287 602 4325 vero
627 4286 814 4325 nomen
853 4273 1150 4340 imponunt.
1189 4271 1264 4324 Ex
1300 4270 1386 4324 his
1410 4284 1638 4341 apparet
1663 4287 1837 4327 caere-

249 4366 496 4420 muniam
537 4374 780 4421 veterem
815 4374 1005 4435 aptare
1035 4364 1314 4419 studuisse
1348 4364 1678 4420 Christianis
1715 4365 1836 4419 riti-
1871 4359 1912 4413 D

250 4458 355 4514 bus
414 4457 813 4528 Pachymerent
852 4464 954 4512 :et
997 4456 1142 4511 forte
1189 4456 1235 4510 is
1294 4458 1471 4511 voluit
1513 4459 1619 4512 isto
1665 4461 1835 4513 verbo

251 4551 515 4622 baptismi
549 4551 865 4622 panegyrim
889 4548 973 4624 [P.
1001 4547 1129 4621 462]
1155 4549 1483 4619 exprimere.
1511 4550 1624 4619 Ego
1653 4559 1835 4606 tamen

253 4648 588 4716 conjecturas
617 4644 764 4700 docti
797 4643 1028 4702 lectoris
1075 4643 1476 4698 divinationem
1525 4645 1836 4700 istiusmodi

256 4742 604 4810 relinquens,
661 4737 795 4794 satis
856 4737 1025 4802 habui
1083 4739 1336 4806 quintam
1389 4736 1459 4790 ab
1515 4747 1642 4790 ortu
1691 4737 1834 4791 diem

257 4835 592 4903 exprimere,
619 4839 846 4902 quotam
875 4844 1010 4885 voce
1035 4828 1404 4899 ἁμφιδρομία,
1425 4832 1513 4883 cui
1537 4844 1838 4900 synonyma

259 4919 574 4980 consonant
593 4923 662 4978 τὰ
690 4922 1062 4993 ἀμφιδρὸμια,
1094 4921 1371 4992 designari
1407 4922 1632 4978 Suidam
1675 4925 1835 4980 retuli

260 5017 578 5072 docentem.
1017 5073 1023 5080 ε

330 5109 691 5178 ’Δνὰγωγυςι,
745 5121 800 5178 p.
858 5108 982 5165 557.
1041 5109 1202 5164 Vocis
1255 5110 1542 5178 ἀνάγωγος
1591 5128 1714 5182 quae
1749 5113 1838 5168 hic

264 5209 562 5271 usurpatur
595 5201 748 5256 notio
785 5201 1084 5271 repetenda
1137 5205 1203 5256 e'x
1237 5201 1508 5274 liesychio
1552 5214 1658 5267 est,
1694 5206 1839 5275 apud

264 5309 425 5364 quem
484 5293 764 5362 legimus:
813 5295 1122 5362 ’Λνάγωγος
1179 5293 1463 5364 ὑϐριστὴς,
1525 5299 1553 5348 ὁ
1605 5298 1679 5368 μὴ
1719 5301 1839 5368 .τῆς

264 5387 490 5454 δεούσης
525 5388 750 5456 ἀγωγῆς
783 5391 1120 5458 τετυχηκώς.

335 5478 763 5548 Ἀναξατόρεια
805 5479 1106 5548 χρήματα,
1158 5498 1212 5550 p.
1252 5481 1370 5536 l50.
1407 5483 1591 5536 Πάντα
1638 5483 1683 5536 δ’
1713 5485 1838 5537 ἀνέ-

269 5588 470 5641 τρεπον
523 5574 620 5627 καὶ
655 5573 913 5642 συνέχεον
974 5575 1064 5629 διὰ
1121 5577 1220 5644 τὴν
1254 5578 1626 5647 νομιζομένην
1681 5578 1841 5649 ἀκρί-

271 5667 467 5744 61m,~
501 5669 642 5720 κατὰ
678 5669 744 5720 τὰ
793 5667 1189 5738 Ἀναξαγόρεια
1249 5670 1536 5741 χρήματα.
1583 5671 1676 5728 Sic
1725 5672 1838 5727 duo

270 5757 424 5809 codd.
465 5760 658 5827 Optimi
691 5760 1042 5816 concorditer
1071 5761 1110 5814 Β
1150 5771 1203 5815 et
1237 5765 1298 5814 Δ.
1341 5762 1638 5818 Vaticanus
1668 5767 1837 5818 inter-

274 5850 505 5919 polator,
558 5869 657 5924 pro
709 5868 810 5910 suo
862 5868 1014 5909 more
1062 5853 1296 5910 obscura
1340 5856 1708 5921 transiliendi.
1761 5859 1840 5914 sic

1929 1861 2242 1931 priusquam
2275 1862 2604 1917 iliiderentur
2644 1880 2794 1916 muro
2834 1866 3083 1918 civitatis.
3115 1864 3239 1931 Agit
3268 1863 3338 1918 de
3366 1863 3514 1918 casis

1927 1951 2265 2005 rusticorum
2313 1953 2572 2007 eluvione
2621 1955 2832 2008 avulsis
2864 1965 2918 2008 et
2965 1964 3211 2009 torrente
3240 1954 3508 2024 abreptis.

1928 2041 2086 2107 Quod
2124 2042 2356 2098 verbum
2401 2048 2565 2116 vulgo
2601 2045 2867 2100 scribitur
2908 2047 3160 2116 σκήπιω,
3193 2039 3330 2102 alias
3363 2061 3462 2115 per
3496 2066 3511 2100 ι

1929 2136 2098 2190 scribi
2133 2137 2381 2201 solitum,
2425 2153 2534 2193 non
2575 2140 2811 2194 obscura
2856 2141 3086 2209 vestigia
3116 2148 3420 2209 snpersunt
3456 2135 3511 2195 in

1930 2227 2160 2284 vocibus
2211 2229 2339 2285 inde
2392 2230 2678 2294 derivatis,
2715 2232 2948 2294 σκίπων,
3003 2248 3168 2303 quam
3201 2233 3513 2304 Hesychius

1929 2321 2158 2389 exponit
2184 2322 2483 2393 βακτηρία,
2519 2323 2740 2390 ῥάϐδος,
2794 2333 2850 2379 et
2883 2325 3141 2391 σκιτιίων,
3193 2340 3362 2395 quam
3397 2328 3519 2394 jam

1929 2413 2089 2484 661
2131 2414 2260 2468 olim
2287 2414 2467 2468 Latini
2502 2416 2882 2485 arripuerunt,
2912 2417 3215 2485 scipionem
3247 2416 3518 2474 baculum

1934 2508 2206 2562 dicentes.
2243 2505 2385 2573 Quin
2421 2518 2476 2561 et
2528 2508 2730 2580 ipsum,
2766 2508 2862 2563 sed
2895 2510 3177 2564 ἐπενοέσει
3219 2509 3312 2564 τοῦ
3344 2511 3383 2580 μ
3410 2530 3513 2569 au-

1933 2611 2082 2657 ctum
2115 2605 2390 2670 reperitur
2435 2601 2668 2656 verbum
2701 2601 2960 2672 σκίμπτω
3009 2602 3287 2673 Hesychio
3310 2607 3513 2675 saepius

1934 2705 2298 2751 memoratum
2340 2714 2354 2752 :
2393 2711 2519 2750 nam
2581 2696 2728 2764 apud
2763 2697 2912 2751 hunc
2955 2697 3160 2768 legitur
3215 2698 3508 2770 σκίμπτει,

1936 2789 2294 2857 σκίμπτεται,
2341 2789 2686 2858 χαλεπαίνει,
2739 2789 3033 2859 ἐρείδεται,
3093 2792 3406 2857 ἐπιπίπτει,
3447 2802 3506 2847 et

1936 2880 2174 2947 σκίμψαι
2207 2877 2551 2948 ἐμπαγῆναι,
2575 2879 3007 2949 ἐμπελασθῆναι,
3039 2880 3281 2950 denique
3315 2891 3374 2936 ut
3403 2882 3514 2938 alia

1933 2965 2207 3034 omittam,
2247 2973 2517 3042 σκιμφθῇ,
2542 2972 2774 3040 ἐγγίσει,
2811 2972 3207 3042 προσπελάσει.
3237 2973 3382 3029 Bene
3417 2975 3512 3030 h8-

1934 3063 2051 3128 bet,
2119 3064 2266 3118 dicet
2324 3063 2564 3134 aliquis:
2598 3065 2694 3120 sed
2741 3066 2798 3119 τὸ
2851 3066 2963 3118 ἀπὸ
3005 3067 3082 3136 τῷ
3131 3069 3512 3140 σκίμπτισθαι

1935 3161 2292 3227 praepositum
2336 3157 2792 3227 significationem
2840 3160 2896 3216 in
2931 3162 3274 3216 contrarium
3325 3165 3513 3218 vertit.

1935 3248 2072 3302 Huic
2103 3264 2203 3320 ego
2232 3251 2311 3304 sic
2343 3265 2575 3304 occurro
2602 3261 2662 3306 ut
2701 3252 2844 3307 ultro
2894 3253 3160 3309 conﬁtear
3191 3256 3518 3326 plerumque

1936 3340 2263 3409 στερητικὸν
2297 3358 2418 3396 esse
2465 3343 2524 3395 τὸ
2556 3343 2662 3395 ζιπό
2698 3344 2751 3398 in
2783 3347 3186 3414 compositione
3221 3348 3517 3402 verborum

1934 3444 2031 3490 aut
2081 3437 2393 3491 nominum.
2425 3436 2514 3492 Sic
2566 3439 2834 3493 ἀπανθεῖν
2860 3447 2945 3494 est
2976 3441 3337 3512 deﬂorescere.
3377 3443 3516 3495 ἀπά-

1939 3524 2052 3589 ξιος
2095 3527 2367 3596 indignus.
2405 3544 2470 3584 ac
2495 3531 2696 3584 similia
2727 3533 2930 3600 passim
2961 3532 3118 3588 obvia
3145 3543 3425 3590 sexcenta.
3457 3535 3518 3600 In

1938 3618 2142 3689 quibus
2205 3622 2362 3690 juvat
2421 3623 2603 3678 obiter
2657 3641 2966 3682 memorare
3029 3643 3219 3683 vocem
3285 3630 3514 3699 ἀπαρτι-

1937 3714 2532 3784 οιίῐκος-ειεεοιιιίεδίηιο
2581 3722 2941 3787 compositam
2989 3719 3058 3773 ab
3118 3734 3346 3776 aucore
3400 3724 3510 3791 pul-

1939 3805 2200 3860 cherrimi
2263 3808 2675 3877 epigrammatis
2724 3811 2792 3864 ab
2844 3812 3228 3868 eruditissimo
3286 3812 3521 3869 Octavio

1940 3897 2267 3962 Falconerio,
2283 3901 2549 3969 descripti
2578 3919 2608 3956 e
2634 3902 2749 3956 basi
2781 3919 3088 3960 marmorea
3121 3920 3298 3976 nuper
3323 3906 3520 3963 eﬂ‘ossa

1941 4002 1995 4046 et
2035 4007 2159 4046 cum
2192 3994 2338 4048 nmis
2368 3995 2613 4064 ejusdem
2641 3995 2980 4051 doctissimis
3006 3997 3162 4052 editi.
3203 4000 3522 4056 Sustinebat

1940 4085 2072 4138 olim
2129 4100 2190 4140 ea
2239 4085 2386 4139 basis
2443 4087 2658 4158 signum
2717 4086 3064 4158 zEsculapii.
3118 4101 3525 4161 representans

1942 4176 2095 4230 illum
2149 4187 2208 4231 ut
2250 4177 2515 4235 infantem
2563 4195 2758 4236 recens
2806 4193 3017 4239 natum.
3072 4183 3228 4240 Unde
3281 4184 3529 4253 primum

1943 4268 2220 4324 distichon
2251 4269 2333 4324 sic
2355 4270 2523 4326 habet
2554 4290 2569 4326 ι

2053 4383 2168 4438 Thr
2203 4386 2417 4452 παιδὸς
2447 4389 2792 4443 καλλίσταν
2823 4390 2963 4444 εἰκὼ
2996 4391 3176 4447 τάνδε
3216 4391 3374 4448 θεοῖο

2189 4457 2452 4523 Παιὰν-ος
2492 4462 2715 4527 κούρου
2750 4462 2974 4529 ματρὸς
3002 4463 3434 4532 ἀπαρτιτόκου.

1956 4544 2284 4612 Ἀρτιτόκον,
2319 4549 2422 4602 hoc
2445 4561 2529 4604 est
2554 4567 2730 4604 recens
2756 4553 2988 4620 enixam,
3021 4552 3324 4624 .‘Esculapii
3355 4556 3531 4612 modo:

1941 4637 2056 4691 nati
2086 4641 2411 4707 genitricem
2437 4659 2563 4697 vere
2592 4644 2868 4712 appellare
2897 4645 3231 4716 Nicomedes
3245 4648 3526 4718 epigram-

1945 4737 2110 4792 matis
2145 4737 2381 4806 scriptor
2417 4751 2526 4789 non
2568 4737 2786 4806 potuit,
2817 4739 3081 4807 quoniam
3133 4754 3255 4793 eam
3310 4740 3522 4796 sciebat

1940 4844 2224 4898 nunquam
2252 4828 2553 4898 peperisse.
2583 4829 2774 4899 utique
2803 4845 2911 4883 non
2946 4832 3207 4900 ignorans
3252 4831 3519 4902 vulgaris.-

1941 4921 2136 4975 simam
2190 4928 2243 4974 et
2273 4920 2720 4975 constantissime
2768 4921 3368 4988 creditamjanulam,
3413 4937 3518 4992 qua

1940 5029 2288 5083 quaecunque
2337 5014 2560 5069 tandem
2616 5013 2784 5068 fuerit
2815 5024 2992 5069 mater
3035 5013 3517 5087 Esculapiilnam

1942 5108 2037 5162 alii
2062 5108 2360 5171 Coronide,
2388 5111 2622 5165 Arsinoe
2647 5109 2740 5164 alii
2768 5119 2962 5163 natum
2993 5115 3330 5180 autumant),
3362 5113 3519 5182 prius

1942 5212 2157 5256 mortua
2215 5219 2379 5271 quam
2443 5216 2663 5271 pareret
2729 5205 3016 5267 asseritur,
3070 5220 3145 5259 ex.
3183 5205 3334 5260 illius
3385 5221 3520 5264 vero

1943 5295 2129 5349 statim
2174 5304 2396 5349 exsecto
2431 5307 2588 5350 utero
2632 5297 2817 5350 vivum
2877 5313 3107 5366 puerum
3140 5295 3519 5366 Escuiapiults

1941 5395 2268 5442 extractum.
2304 5387 2485 5452 Quare
2517 5389 2564 5443 is
2600 5390 2798 5442 merit.)
2827 5398 3057 5445 vocatur
3081 5389 3519 5462 κοῦρος.ματρδς

1942 5481 2313 5552 ἀπαρτιτόκου
2372 5481 2516 5549 ﬁlius
2571 5484 2755 5536 matris
2801 5499 2905 5536 non
2955 5498 3265 5553 puerperas.
3307 5484 3517 5554 quippe

1943 5593 2065 5646 quas
2116 5576 2271 5631 illum
2315 5575 2586 5630 duntaxat
2633 5572 2715 5646 [Β.
2753 5573 2890 5646 L631
2932 5576 3056 5629 alvo
3109 5576 3429 5645 conceperit
3460 5585 3520 5634 et

1947 5668 2288 5732 formaverit,
2316 5669 2477 5722 enixa
2516 5667 2571 5720 in
2600 5668 2776 5721 lucent
2819 5681 3100 5736 nunquam
3123 5665 3321 5730 fuerit,
3343 5675 3521 5728 morte

1947 5771 2165 5832 partum
2223 5770 2665 5830 praeoccupante.
2702 5761 2850 5815 lnest
2907 5776 3041 5830 ergo
3072 5760 3196 5816 sine
3245 5758 3414 5815 dubio
3465 5760 3520 5815 iu

1949 5855 2354 5924 compositione
2379 5854 2459 5908 vis
2488 5853 2723 5924 negandi
2743 5854 2818 5925 τῷ
2849 5853 2959 5908 ἀπό
2985 5869 2999 5912 ;
3028 5853 3129 5908 sed
3163 5867 3276 5908 non
3299 5866 3521 5918 semper
