4004 6234
215 340 298 407 715
1537 348 2054 420 GLOSSARIUM.

3320 352 3425 418 7%

210 459 293 514 hoc
337 455 492 515 istius
526 456 789 517 Historici
836 457 1153 518 testimonio
1211 471 1384 530 recte,
1416 473 1476 519 ut
1529 466 1749 537 Opinor,
1786 483 1824 537 Α
1856 479 2056 526 atatem
2089 472 2489 552 vocabulorum
2508 472 2706 544 lingua:
2734 470 2993 543 propriae,
3035 468 3093 526 in
3135 468 3293 541 cujus
3343 467 3423 523 sit

203 553 500 624 colligimus.

261 643 434 701 Restat
464 645 761 702 videndum
791 648 925 719 quid
972 650 1203 707 αὐλαίαν
1240 651 1383 708 idem
1422 663 1605 711 vocet.
1637 654 1747 709 Αὐ-

199 739 303 795 λαία
329 749 408 794 est
439 741 499 795 τδ
526 740 627 811 τῆς
656 742 866 815 σκηνῆς
895 744 1335 818 παραπέτασμα,
1369 747 1745 818 proscenium,

198 832 355 888 velum
381 832 655 905 objectum
686 836 863 891 oculis
887 848 1266 907 spectatorum
1302 840 1488 899 mimis
1520 856 1745 913 operam

197 928 446 982 dantium.
478 925 1022 1000 ﬂesychiuspralter
1058 932 1222 988 istam
1261 934 1547 991 notionem
1583 935 1748 991 aliam

194 1020 340 1075 etiam
374 1019 601 1092 subjicit
632 1023 757 1077 voci
791 1022 956 1089 huic,
1001 1023 1134 1080 dum
1173 1025 1371 1081 scribit
1404 1043 1417 1080 :
1450 1026 1661 1083 Αὐλαια
1691 1028 1748 1081 ὲν

192 1113 311 1182 aug
354 1110 729 1184 διατρίϐουσα.
786 1113 1140 1185 Disquiratur
1190 1131 1326 1188 ergo
1370 1116 1509 1188 quid
1538 1119 1612 1174 sit
1643 1119 1749 1173 αὒ-

191 1200 276 1272 λή;
313 1202 455 1272 quod
516 1204 848 1260 vocabulum
905 1206 963 1261 in
1020 1206 1187 1279 hujus
1238 1208 1415 1278 ipsius
1470 1211 1749 1268 mentione

191 1296 284 1351 loci
319 1306 587 1368 usurpant
635 1307 694 1354 et
742 1298 1007 1364 Zonaras,
1042 1309 1101 1355 et
1135 1300 1337 1359 Suidas
1382 1318 1549 1373 supra
1593 1304 1749 1360 citati

189 1406 213 1446 a
258 1391 416 1447 Petro
478 1390 667 1447 Giilio.
733 1394 1031 1449 Athenaeus
1113 1394 1261 1467 (lib.
1315 1413 1346 1450 ν
1398 1399 1755 1467 Δειπνοσοφι-

191 1486 317 1539 στῶν
355 1500 409 1555 p.
449 1484 551 1542 189
577 1485 669 1541 ed.
702 1486 1034 1542 Commelini
1063 1488 1195 1543 anni
1235 1487 1390 1558 l597)
1425 1488 1494 1544 ad
1526 1505 1748 1546 versum

186 1576 471 1633 Aristarchi

213 1672 390 1736 Ζηνός
417 1686 537 1725 που
569 1671 770 1740 τοιήδε
799 1672 852 1741 τ’
886 1671 1219 1742 Ὀλυμπίου
1257 1670 1509 1727 ἔνδοθεν
1536 1670 1716 1739 αὐλή.

183 1763 517 1833 sic‘disputat
542 1762 611 1819 de
640 1763 956 1836 signiﬁcatu
989 1765 1142 1821 vocis
1176 1765 1375 1835 hujus:
1417 1766 1538 1819 Ἔτι
1568 1766 1749 1819 τοίνυν

1852 561 2214 619 meditatione
2267 564 2686 621 accuratissime
2740 571 3011 630 versatus,
3054 577 3222 633 quam
3270 570 3424 616 recte

1848 654 1997 713 credi
2047 656 2115 711 de
2165 658 2277 712 ullo
2323 660 2533 714 recenti
2571 667 2741 731 queat
2784 642 3142 727 quantumvis
3172 654 3423 727 diligenti

1845 746 2176 805 litteratore.
2250 750 2384 805 Illud
2446 759 2699 821 potuerat
2746 750 3055 823 elegantius
3111 748 3425 804 illustrator
3474 744 3477 745 ⁷

1848 839 2099 896 Athenaei
2134 844 2188 895 in
2229 843 2351 913 ejus
2386 830 2687 915 interprete
2734 843 2980 912 culpare,
3026 839 3176 913 quod
3222 839 3277 894 in
3328 840 3424 895 illo

1848 929 2154 986 Aristarchi
2186 948 2349 989 versu
2397 932 2591 991 Latine
2621 932 2905 987 reddendo
2950 929 3282 987 vocabulum
3314 928 3423 994 Lac

1850 1023 2027 1080 tinum
2082 1026 2279 1079 atrium
2342 1034 2601 1096 tanquam
2654 1024 2847 1082 Graeco
2895 1023 3037 1096 αὐλὴ
3068 1022 3426 1094 ἰσοδυναμοῦν

1850 1115 2197 1175 adhibuerit.
2240 1117 2455 1173 Atrium
2487 1119 2659 1185 enim,
2717 1132 2882 1188 prout
2928 1117 3144 1174 erudite
3191 1106 3427 1175 demon—

1848 1215 1986 1263 strat
2028 1206 2327 1267 Famianus
2379 1208 2679 1265 Nardinius
2727 1209 2783 1269 in
2834 1221 2933 1264 sua
2978 1205 3147 1265 Roma
3177 1208 3426 1278 antiqua.

1847 1297 1887 1351 Ι.
1920 1313 2007 1364 tu,
2040 1297 2232 1363 c.15,
2285 1298 2447 1369 plane
2497 1296 2834 1355 contrariam
2861 1298 3022 1368 αὐλῇ,
3070 1298 3177 1353 hoc
3218 1305 3328 1363 est,
3366 1307 3429 1354 ut

1848 1390 2110 1457 vidimus,
2149 1392 2273 1448 loco
2298 1392 2550 1464 ὑπαίθρῳ
2581 1400 2637 1448 et
2669 1394 2791 1449 sine
2822 1407 3108 1449 murorum
3168 1391 3429 1449 obicibus

1849 1483 2144 1554 perﬂabili,
2179 1486 2463 1541 notionem
2511 1487 2655 1557 apud
2691 1486 2918 1543 Latinos
2974 1494 3191 1544 veteres
3233 1488 3428 1545 habuit

1846 1575 2171 1649 signiﬁcans
2202 1577 2465 1637 nimirum
2496 1588 2711 1649 partem
2759 1578 2962 1634 aedium
3012 1579 3244 1637 structis
3276 1580 3429 1639 omni

1847 1684 1915 1725 ex
1950 1676 2102 1739 parte
2149 1669 2419 1727 lateribus
2469 1686 2757 1727 murorum
2801 1679 2859 1726 et
2901 1671 3152 1743 laqueari
3183 1686 3428 1742 superne

1853 1759 2114 1831 imposito
2168 1771 2497 1830 protectum.
2547 1762 2706 1819 Unde
2754 1758 3051 1819 Ausonius
3084 1763 3142 1819 in
3199 1763 3436 1823 Mosella

182 1855 334 1923 oid'ﬁ
367 1856 509 1924 αἱῖὴ
551 1856 816 1927 ἁρμόττει
872 1857 965 1911 ἐπὶ
1021 1858 1122 1912 τοῦ
1174 1858 1350 1913 οἴκου.
1384 1846 1454 1913 ’0
1493 1858 1601 1929 γὰρ
1631 1859 1748 1912 διασ

1858 1851 2086 1922 laqueati
2118 1854 2444 1925 adjunctum
2486 1856 2627 1910 atrio
2669 1863 2861 1927 aptat;
2907 1865 2965 1915 et
2995 1858 3267 1929 Apuleius
3323 1858 3429 1913 de-

182 1946 461 2015 msdpsvoc
492 1948 656 2013 τόπος
697 1948 837 2019 αὐλὴ
872 1949 1111 2018 λέγεται.
1146 1950 1316 2023 366
1345 1949 1612 2006 Pra'terea
1648 1967 1749 2007 vos:

180 2040 303 2110 αὐλὴ
326 2040 526 2096 mitibus
549 2057 654 2096 non
680 2044 922 2114 congruit
951 2058 969 2099 :
998 2052 1212 2115 apertus
1229 2047 1365 2100 enim
1396 2047 1752 2116 perﬂatusqus

182 2135 311 2187 locus
339 2133 477 2205 αὐλὴ
513 2135 729 2190 dicitur.
767 2136 933 2191 Notat
959 2138 1106 2192 hunc
1126 2138 1308 2195 locum
1337 2138 1753 2199 animadversor

180 2230 437 2294 Athenaei,
472 2244 733 2295 tt'lISlll'a,
778 2227 837 2285 ni
868 2229 1051 2293 iallor,
1099 2245 1294 2299 parum
1341 2230 1507 2299 digna
1549 2239 1753 2285 caetero

179 2326 287 2393 ejus
314 2330 573 2379 acumine
612 2324 832 2380 critico.
872 2323 961 2379 Sic
993 2324 1209 2388 scribit,
1248 2340 1297 2378 c.
1344 2324 1398 2386 5,
1440 2323 1479 2379 l.
1513 2340 1542 2377 ν
1580 2342 1593 2378 :
1626 2324 1753 2377 Ha’c

178 2416 443 2472 Athenians
488 2433 507 2469 :
544 2417 636 2471 sed
660 2427 820 2486 quam
853 2420 955 2473 ista
1009 2418 1144 2471 leuia
1161 2417 1205 2470 .’.
1230 2456 1245 2472 .
1274 2457 1290 2473 .
1322 2417 1449 2487 quid
1476 2419 1615 2471 enim
1661 2431 1749 2470 ae-

181 2516 251 2561 tat
279 2526 368 2573 per
390 2502 569 2573 αὐλὴν
591 2517 641 2563 et
663 2509 927 2574 palatium
960 2508 1296 2579 intelligere?
1318 2509 1384 2565 Et
1411 2510 1574 2580 paulo
1590 2518 1749 2580 post:

181 2599 225 2654 E
263 2604 529 2656 contrario
573 2601 906 2670 afﬁrmantus
962 2618 1056 2656 nos
1111 2602 1231 2663 Διὸς
1258 2602 1431 2673 αὐλὴν
1465 2602 1752 2659 Homerum

181 2692 471 2761 appellasse
504 2693 648 2748 Iovis
682 2694 974 2764 palatium.
1018 2691 1105 2748 Sic
1143 2696 1281 2748 enim
1332 2695 1476 2763 loqui
1504 2696 1751 2751 observa-

180 2802 285 2840 mus
332 2787 766 2857 antiquissimum
826 2794 1058 2858 poetam,
1137 2785 1221 2858 [P.
1278 2786 1407 2861 £65]
1449 2796 1497 2847 et
1532 2788 1752 2859 quodin

180 2879 352 2944 primis
397 2878 473 2933 ad
520 2894 633 2932 rem
666 2879 813 2948 facit,
867 2894 1133 2933 summum
1175 2878 1391 2933 Homeri
1431 2881 1752 2935 imitatorem

178 2965 496 3040 Escltylum,
563 2969 718 3040 cujus
774 2978 848 3024 est
904 2968 1043 3024 illud
1084 2970 1139 3023 in
1188 2969 1497 3025 Prometheo
1524 2973 1751 3026 uincto:

180 3060 283 3113 ὅσοι
309 3062 407 3131 τὴν
434 3061 561 3123 Διὸς
582 3061 753 3131 αὐλὴν
776 3060 1041 3131 οιχνιῦσι.
1071 3044 1755 3128 HactenusCasaubonus,

1853 1945 2151 2001 scribendo
2192 1946 2395 2002 atrium
2444 1948 2610 2018 regis:
2636 1949 2901 2022 Psyches,
2953 1967 3164 2007 summa
3203 1951 3326 2023 ejus
3350 1951 3432 2005 la-

1852 2038 2072 2106 quearia
2094 2039 2226 2092 citro
2264 2051 2311 2092 et
2344 2038 2497 2096 ebore
2519 2039 2682 2113 665
2703 2041 2907 2097 curiose
2933 2054 3127 2098 cauata
3165 2042 3429 2100 sustineri

1852 2126 1930 2182 ait
1963 2130 2140 2199 aureis
2174 2132 2456 2186 columnis.
2493 2131 2600 2195 Sed
2640 2146 2697 2188 et
2751 2149 2883 2190 usus
2924 2134 3069 2206 apud
3100 2142 3317 2193 veteres
3348 2146 3431 2191 at-

1853 2220 2049 2276 tributi
2080 2222 2225 2277 atrio
2252 2231 2458 2280 tectum
2490 2225 2628 2283 illud
2656 2225 2828 2283 fuisse
2875 2226 3281 2284 demonstrant.
3313 2228 3432 2291 Illic

1851 2314 2000 2369 enim
2034 2331 2101 2370 ex
2131 2316 2332 2383 Plinio,
2368 2317 2406 2372 l.
2441 2334 2602 2382 xm,
2632 2333 2682 2375 c.
2724 2319 2782 2385 2,
2817 2318 3046 2392 Polybio
3081 2319 3122 2376 l.
3159 2335 3237 2387 vi,
3263 2319 3433 2391 Juve-

1851 2407 1977 2465 nale
2013 2409 2130 2465 Sat.
2163 2411 2197 2466 8
2234 2420 2292 2473 et
2331 2411 2478 2475 aliis,
2516 2411 2785 2484 imagines
2818 2414 3087 2485 majorum
3129 2413 3432 2473 scrqu

1855 2510 1968 2568 tur,
2016 2518 2155 2575 quas
2206 2504 2262 2561 in
2308 2505 2430 2583 loco
2467 2504 2615 2561 aeris
2648 2505 2868 2576 injuriis
2897 2492 3173 2577 “exposito
3201 2522 3314 2564 non
3343 2517 3435 2565 est

1852 2595 2134 2651 versimile
2183 2596 2419 2668 relinqui
2470 2599 2682 2658 solitas.
2735 2600 2816 2656 Ex
2849 2597 3044 2657 Servio
3081 2598 3152 2658 ad
3187 2599 3445 2671 primum-

1854 2688 2119 2745 JEneidos
2160 2691 2215 2745 in
2255 2692 2417 2747 atriis
2454 2692 2797 2759 ctenabatur,
2840 2692 2909 2748 ad
2943 2691 3439 2763 quodsuhdivalis

1856 2782 2032 2849 locus,
2067 2794 2237 2841 noctu
2316 2786 2642 2856 praesertim,
2676 2786 2900 2856 ineptus
2946 2794 3052 2842 est.
3103 2782 3314 2841 Ibidem
3362 2798 3447 2841 cx-

1855 2877 2052 2936 eodem
2091 2878 2285 2933 Servio
2329 2880 2395 2933 ad
2443 2878 2509 2933 XI
2556 2877 2819 2934 A'Ineidos
2870 2889 3100 2944 senatus
3147 2876 3431 2937 interdum

1856 2970 2183 3026 habebatur.
2219 2971 2317 3035 lbi,
2358 2981 2416 3026 ut
2442 2972 2602 3032 docet
2633 2971 2957 3043 Corrippus,
2988 2973 3027 3027 Ι.
3076 2987 3139 3026 tu
3191 2969 3269 3028 De
3312 2969 3435 3027 lau-

1858 3065 2005 3120 dibus
2032 3064 2227 3121 Juxtini
2268 3065 2510 3129 Minoris,
2551 3065 2713 3135 legati
2736 3067 2981 3137 gentium
3008 3076 3324 3126 exterarum
3361 3063 3435 3120 ab

181 3168 335 3221 quem
380 3168 519 3219 sane
566 3153 742 3207 miror
788 3153 843 3208 id
896 3153 1078 3225 ipsum
1112 3169 1212 3224 pro
1257 3164 1585 3224 argumento
1622 3155 1754 3209 alie-
1780 3190 1826 3253 ϐ
1861 3159 2288 3228 imperatoribus
2314 3159 2771 3215 admittebantur.
2802 3159 2920 3215 Illic
2947 3159 3223 3231 denique,
3254 3168 3315 3214 ut
3362 3174 3434 3215 ex

179 3261 300 3317 gare
329 3245 481 3318 quod
515 3247 638 3319 ejus
663 3262 889 3302 causam
929 3246 1094 3302 unice
1123 3247 1357 3315 jugulat.
1388 3246 1545 3301 Itane
1587 3249 1757 3303 vero?
1788 3245 1826 3253 ’
1859 3249 2118 3306 concordi
2156 3249 2470 3304 testimonio
2515 3249 3002 3320 evangelistarum,
3038 3250 3225 3319 Marci,
3249 3250 3431 3315 Luca,

158 3346 237 3393 ex
269 3354 335 3395 eo
362 3340 513 3411 quod
545 3339 821 3395 Hotnerus
853 3349 910 3395 et
953 3338 1246 3412 Eschylus
1280 3341 1399 3403 Διὸς
1437 3339 1609 3412 αὐλὴν
1641 3356 1755 3396 me-

179 3444 405 3497 morent.
465 3435 724 3504 sequitur
774 3447 874 3488 eos
928 3433 1093 3487 aliam
1164 3433 1288 3489 Jovi
1357 3433 1753 3490 habitationem

179 3526 477 3599 assignasse
514 3541 683 3597 quam
730 3525 951 3596 qualem
1006 3526 1178 3595 αὐλῆς
1219 3528 1487 3583 vocabulo
1519 3526 1756 3597 exprimi

179 3619 460 3675 contendit
483 3620 809 3683 Athenaeus,
829 3618 1093 3675 intectatn
1118 3630 1175 3675 et
1210 3634 1342 3675 aura
1380 3618 1757 3691 perﬂabilem?

181 3712 302 3782 quin
350 3712 544 3784 potius
588 3726 659 3767 ex
707 3711 882 3777 lovis,
935 3713 1029 3782 qui
1083 3711 1281 3769 Ether
1326 3715 1441 3784 ipse
1475 3725 1560 3768 est
1600 3715 1757 3785 juxta

182 3805 303 3861 Illud
332 3806 499 3861 Ennii
531 3806 707 3875 aspice
752 3809 847 3860 hoc
889 3805 1110 3860 sublime
1156 3806 1386 3862 candens
1424 3824 1580 3877 quem
1606 3808 1755 3861 invo~

182 3911 295 3957 rant
342 3918 526 3957 omnes
558 3899 780 3967 Jovem;
830 3916 897 3956 ex
944 3900 1097 3955 Jovis
1140 3899 1363 3971 inquam
1398 3911 1594 3955 natura
1626 3915 1757 3971 pru-

182 3993 310 4053 dens
356 3995 545 4065 quivis
593 3992 820 4049 Homeri
867 4002 925 4049 et
973 3991 1217 4063 [Escbyli
1268 3993 1440 4049 lector
1490 3992 1759 4063 intelligat

184 4088 285 4144 tale
328 4089 530 4160 utique
562 4086 640 4142 illi
687 4086 957 4156 assignari
999 4086 1371 4141 diversorium
1404 4086 1585 4157 qualis
1637 4086 1758 4155 ipse

182 4191 278 4248 est,
327 4182 450 4238 sine
502 4194 793 4236 murorum
843 4179 1133 4244 lateribus,
1184 4180 1302 4235 sine
1354 4181 1483 4234 tecti
1515 4179 1757 4250 fastigio,

185 4288 368 4349 patens
420 4292 646 4334 omnem
702 4276 758 4332 iu
800 4284 1012 4348 partem
1064 4285 1231 4346 atque
1285 4275 1590 4347 perﬂabile.
1624 4275 1760 4343 Quis

185 4375 359 4436 legens
408 4367 559 4441 apud
609 4364 900 4440 Virgilium
951 4382 1285 4438 annosasque
1331 4368 1511 4421 domos
1558 4368 1757 4432 avium,

186 4471 273 4516 aut
306 4462 376 4517 de
406 4460 643 4529 Aristato
674 4461 819 4521 intra
864 4459 1072 4515 ﬂuenta
1106 4458 1276 4515 Penei
1311 4460 1490 4515 amnis
1519 4459 1761 4516 admisso

187 4555 384 4625 iamque
451 4554 667 4609 domum
726 4554 933 4607 mirans
982 4553 1255 4624 genitricis
1310 4561 1359 4606 et
1406 4554 1624 4608 humida
1682 4555 1839 4615 νεοῐ)

187 4661 304 4715 qna,
337 4643 598 4717 subjiciat
634 4642 819 4699 animo
862 4641 1010 4699 aedes
1040 4641 1107 4697 ad
1152 4642 1456 4697 humanum
1486 4658 1645 4698 usum
1672 4643 1757 4697 la-

190 4738 307 4808 pide
349 4754 414 4795 ac
447 4746 720 4795 cmmento
756 4744 1025 4803 structas,
1075 4744 1249 4792 tectas
1282 4735 1660 4806 laquearibus,
1707 4745 1763 4789 et

190 4847 289 4886 non
332 4834 522 4902 petius
546 4832 752 4887 .domus
791 4830 1124 4886 vocabulum
1156 4830 1458 4899 utrobique
1484 4829 1761 4900 accipien-

190 4926 326 4981 dunr
351 4935 510 4997 putet
540 4937 911 4981 consentanee
935 4924 1001 4979 ad
1032 4923 1385 4978 conditiones
1408 4938 1589 4979 rerum
1625 4938 1764 4991 qua-

192 5035 303 5074 rum
331 5030 417 5075 est
470 5022 582 5075 illic
605 5019 834 5082 mentio,
872 5023 1151 5075 volucrum
1189 5018 1245 5078 in
1282 5018 1449 5074 ramis
1477 5018 1761 5083 arborum,

192 5113 561 5185 Nympharum
590 5111 695 5167 sub
730 5112 890 5182 aquis
925 5108 1285 5179 degentium?
1314 5108 1588 5179 Equidem
1634 5108 1763 5165 inde

194 5208 370 5272 potius
418 5206 673 5278 suspicor
718 5206 835 5261 sola
888 5214 1161 5258 terrarum
1210 5202 1474 5273 patentia,
1523 5216 1763 5272 superne

194 5298 392 5356 intecta
422 5286 544 5355 loca
584 5298 695 5353 dici
745 5296 1009 5368 ὖπαώρα,
1038 5294 1331 5358 subdialia,
1363 5295 1465 5349 sub
1492 5292 1625 5347 Jove
1661 5294 1731 5353 iri
1751 5321 1764 5332 -

195 5392 315 5465 gido
348 5396 547 5464 posita,
598 5392 743 5465 quod
792 5392 915 5455 Διὸς
962 5388 1108 5449 lovis
1159 5390 1337 5458 ipsius
1387 5388 1762 5442 habitaculum

196 5482 457 5552 ejusmodi
504 5498 625 5538 esse
677 5482 840 5552 vulgo
886 5479 1254 5535 existimetur.
1307 5477 1487 5543 Quare
1524 5476 1661 5530 nihil
1709 5476 1763 5529 in

202 5576 449 5633 adductis
476 5592 506 5632 a
536 5574 867 5633 Casaubono
908 5572 1072 5629 video
1106 5570 1253 5641 quod
1298 5585 1386 5624 me
1437 5577 1657 5624 moveat
1696 5568 1765 5624 ad

206 5666 364 5723 iidem
388 5666 701 5737 negandum
728 5650 950 5723 docenti
986 5680 1176 5718 verum
1210 5661 1584 5733 signiﬁcatum
1610 5663 1767 5718 vocis

205 5758 336 5829 αὐλὴ
371 5760 755 5830 antiquissimo
781 5756 1159 5831 grammatico,
1194 5753 1337 5809 haud
1372 5754 1556 5824 paulo,
1596 5763 1656 5807 ut
1682 5763 1767 5807 est

206 5852 516 5920 verisimie,
562 5850 1001 5924 perspectiorem
1054 5846 1281 5903 habenti
1312 5846 1553 5915 nativam
1608 5855 1766 5916 pote-

1855 3340 2086 3397 Joannis
2114 3350 2353 3404 constat,
2388 3339 2531 3411 ignis
2562 3340 2943 3411 excitabatur;
2975 3345 3121 3400 unde
3148 3344 3315 3400 etiam
3339 3344 3435 3401 lsi-

1858 3432 2028 3489 dorus
2062 3434 2213 3488 vocis
2235 3442 2457 3505 etymon
2494 3437 2855 3508 repetendum
2884 3444 3063 3507 putat,
3098 3439 3296 3493 atrium
3319 3438 3437 3495 exi-

1857 3526 2088 3584 stimaus
2123 3527 2333 3585 dictum
2363 3532 2519 3617 quqsi
2544 3532 2607 3586 ab
2640 3534 2756 3604 igne
2796 3540 2851 3586 et
2876 3531 3021 3603 {unto
3052 3538 3251 3587 atrum.
3283 3531 3432 3588 Nihil

1859 3623 2059 3675 horum
2102 3621 2393 3675 commode
2438 3622 2561 3679 loco
2594 3631 2786 3695 aperto
2828 3639 2893 3682 ac
2935 3624 3204 3695 perﬂabili
3253 3624 3432 3681 ﬁeret.

1862 3714 1968 3772 Sed
2001 3714 2119 3786 haec
2153 3712 2351 3769 obiter.
2383 3716 2462 3771 Ad
2491 3717 2682 3773 orbem
2713 3716 2953 3781 instituti
2989 3702 3309 3781 redeamus,
3341 3718 3437 3776 de.

1860 3806 2226 3876 ﬁniamusque
2274 3808 2406 3876 quid
2443 3809 2671 3872 αὐλαίας
2708 3808 2879 3864 verbo
2903 3807 3194 3881 designare
3225 3807 3438 3880 Pachy-

1860 3918 2039 3957 meres
2084 3905 2187 3959 hoc
2224 3921 2386 3974 quem
2441 3914 2746 3959 tractamus
2786 3904 2910 3960 loco
2964 3906 3223 3963 voluerit.
3270 3904 3438 3976 Equi-
3479 3943 3482 3947 ~

1860 3992 1984 4049 dent
2046 4010 2154 4049 non
2211 3995 2404 4051 dubito
2453 3995 2588 4065 quin
2646 3994 2697 4048 is
2753 3995 2983 4048 αὐλαίαν
3018 3994 3087 4051 ab
3122 3995 3285 4067 αὐλῇ,
3323 3998 3436 4067 jam

1860 4098 2126 4158 expressa
2156 4086 2382 4142 notione
2420 4086 2723 4150 intellecta,
2758 4086 3065 4153 deﬂexerit,
3107 4102 3173 4143 ac
3209 4082 3438 4146 studuit-

1860 4175 1937 4245 rit
1966 4174 2212 4236 indicare
2252 4177 2591 4234 subdivalem
2620 4194 2805 4233 aream
2851 4179 3125 4251 Augustini
3152 4178 3279 4243 fori,
3312 4194 3442 4250 spa-

1863 4268 2000 4323 tium
2046 4268 2309 4325 videlicet
2346 4279 2503 4325 ettra
2550 4270 2809 4327 laterales
2852 4270 2983 4326 hinc
3017 4256 3145 4336 inde
3190 4272 3447 4340 porticus.

1862 4357 1918 4411 in
1950 4357 2133 4414 medio
2163 4373 2366 4429 purum
2398 4374 2465 4415 ac
2492 4343 2884 4428 late'vacuum,
2916 4362 3063 4432 quod
3104 4360 3276 4418 densa
3306 4377 3442 4418 tunc

1864 4450 2158 4506 multitudo
2186 4450 2569 4522 compleverit.

1935 4540 2021 4614 [P.
2064 4541 2194 4615 466]
2243 4544 2845 4612 Αὐτοπροσκοπίτης,
2896 4561 2950 4614 p.
3010 4546 3135 4601 615.
3194 4546 3321 4619 Agit
3371 4546 3457 4603 de

1864 4635 2165 4691 Athanasio
2208 4635 2520 4707 patriarcha
2575 4651 2843 4693 consueta
2889 4638 2992 4695 sibi
3041 4650 3205 4709 atque
3252 4639 3440 4696 innata

1866 4729 2189 4786 morositate
2220 4736 2454 4785 cunctos
2483 4729 2602 4784 sine
2637 4730 2961 4786 discrimine
2983 4731 3267 4787 offendere
3301 4733 3444 4790 nihil

1865 4825 2018 4892 pensi
2055 4823 2307 4877 habente.
2350 4821 2656 4881 Divinanda
2686 4832 2773 4876 est
2802 4822 2972 4893 origo
2994 4833 3050 4879 et
3089 4823 3247 4879 notio
3279 4824 3445 4895 hujus

1864 4916 2121 4969 vocabuli
2162 4914 2293 4969 mihi
2325 4916 2546 4989 quidem
2573 4915 2707 4970 alibi
2732 4932 2843 4969 non
2875 4916 3024 4971 lecti.
3065 4914 3222 4971 Unde
3256 4928 3457 4972 autem

1864 5005 2225 5060 verisimilius
2269 5003 2395 5059 duci
2440 5013 2626 5077 putem
2676 5020 2839 5076 quam
2884 5023 2915 5061 a
2962 5008 3251 5079 προσκοπὴ
3304 5022 3442 5065 voce

1864 5098 2228 5155 ecclesiastici
2279 5114 2413 5154 usus
2463 5113 2537 5153 ex
2586 5098 2841 5167 epistolis
2896 5100 3050 5154 Pauli
3112 5098 3443 5155 notissima?

1868 5194 1910 5247 li
1934 5192 2000 5247 ad
2028 5193 2151 5247 Cor.
2186 5209 2237 5247 c.
2262 5209 2318 5249 Vl
2348 5209 2365 5247 :
2403 5192 2695 5262 Μηδιεμλαν
2721 5194 2779 5245 ἐν
2811 5192 3001 5263 μηδενὶ
3021 5191 3252 5257 διδόιτες
3272 5209 3447 5263 προσ-

1867 5287 2067 5356 κοπήν,
2106 5287 2305 5340 nemini
2346 5287 2533 5339 dantes
2571 5284 2741 5340 ullam
2787 5286 3147 5356 offensionem,
3199 5302 3269 5341 ex
3330 5302 3444 5356 qua

1868 5378 2013 5435 idem
2048 5388 2271 5434 sanctus
2319 5380 2601 5448 apostolus
2646 5380 3031 5448 appellativum
3062 5379 3217 5435 alibi'
3242 5380 3451 5436 format

1866 5471 2237 5542 ἀπρόσκοπος.
2267 5472 2287 5527 1
2321 5472 2386 5527 ad
2420 5472 2547 5527 Cur.
2588 5489 2640 5537 ι,
2667 5474 2735 5528 5‘2.
2774 5491 2786 5526 :
2830 5474 3196 5541 Ἀπρόσκοποι
3227 5472 3444 5541 γίνεσθε

1868 5566 1963 5618 καὶ
2020 5565 2294 5629 Ἰουδαίοις
2325 5565 2421 5619 xtl.
2457 5566 2682 5635 Ἕλλησι
2734 5566 2831 5619 καὶ
2880 5568 2945 5637 τῇ
3001 5564 3298 5635 Ἐκκλησία
3348 5564 3444 5618 τοῦ

1868 5658 2028 5712 Θεοῦ.
2067 5659 2136 5715 Ut
2181 5674 2311 5729 ergo
2357 5660 2632 5729 signiticet
2675 5659 3043 5728 Pacbymeres
3083 5657 3446 5716 Athanasium

1869 5767 1979 5815 non
2008 5752 2172 5819 modo
2194 5768 2304 5807 non
2333 5743 2563 5814 cavisse.
2599 5762 2657 5805 ut
2688 5762 3031 5823 oportuerat,
3065 5766 3132 5807 ne
3170 5750 3308 5808 actis
3329 5766 3359 5804 a
3386 5762 3445 5803 se

1869 5846 2017 5902 aliud
2066 5854 2384 5917 spectante,
2429 5847 2576 5904 bono
2625 5848 2793 5901 etiam
2841 5845 3049 5911 animo,
3100 5842 3457 5911 contingeret
