4012 6236
618 321 726 384 7!?

1530 318 1594 397 P.
1637 315 1940 380 POSSINI
1980 310 2632 377 OBSERVATIONUM
2672 309 2821 373 LIB.
2858 306 2915 369 Ι.

3763 295 3865 360 ⁸118

619 435 831 504 aliquos
864 430 1089 498 edendi,
1141 430 1236 487 sed
1269 431 1344 486 ita
1383 444 1442 486 se
1476 429 1713 503 gessisse
1763 436 1823 483 ut
1858 442 1999 500 pene
2038 424 2191 481 vide-
2219 431 2263 485 Α
2293 423 2397 477 ἀνά
2430 420 2682 490 στρατόν,
2716 435 2809 491 per
2851 418 3157 473 exercitum.
3194 413 3439 469 Aliorum
3469 423 3696 482 quoque
3726 407 3869 504 seri-

620 535 772 579 retur
801 524 1173 579 deindustria
1204 537 1451 593 quaerere
1497 537 1561 577 ac
1598 529 1820 592 captare
1868 519 2190 575 occasiones

618 616 930 673 olfendendi
960 632 1121 671 omne
1151 632 1323 688 genus
1364 616 1670 681 hominum,
1718 630 1845 669 eum
1887 614 2193 684 αὑτοπροσ-

630 730 693 764 κ’)
716 710 889 779 at!th
922 711 1024 765 hoc
1058 712 1177 764 loco
1216 718 1392 766 vocat.
1741 723 1747 730 '

685 806 1013 873 Βλαχικόν,
1050 820 1099 874 p.
1136 804 1255 859 106.
1275 803 1599 874 Congruunt
1628 820 1751 875 quas
1776 806 1868 859 hic
1892 804 2161 875 Pacbyme
2179 830 2191 843 ο

618 914 705 954 res
736 899 804 953 de
850 907 1012 969 gente
1062 898 1312 952 Blaehica
1354 898 1563 962 scribit,
1606 913 1730 953 cum
1774 898 1842 953 iis
1879 914 2000 967 qua:
2034 896 2190 967 prius

619 996 772 1047 Anna
802 990 1082 1046 Coutnena
1132 992 1187 1047 in
1230 991 1491 1047 Alexiade
1522 992 1588 1046 de
1620 990 1837 1046 Blachis
1868 988 2189 1060 scripserat.

614 1088 653 1141 Ι.
683 1102 799 1153 vm,
834 1102 889 1157 p.
925 1084 1031 1140 227
1069 1103 1082 1140 :
1114 1086 1222 1138 Καὶ
1246 1085 1433 1138 ὀπόσοι
1461 1085 1550 1137 τὸν
1582 1086 1786 1154 νομάδα
1819 1085 1932 1154 βίον
1965 1083 2190 1149 εἴλοντο,

616 1181 853 1249 Βλάχους
894 1179 1166 1249 τούτουςὴ
1203 1179 1353 1249 κοινὴ
1402 1180 1588 1232 καλεῖν
1630 1171 1736 1230 οἶδε
1777 1177 2080 1239 διάλεκτος.
2119 1174 2192 1230 bc

614 1271 1249 1342 quibusjuveritvidere
1276 1286 1396 1341 qius
1419 1270 1473 1325 in
1494 1280 1682 1325 nostro
1710 1268 1984 1326 Glossario
2002 1269 2190 1338 primae

614 1363 897 1419 Alcxiadis
924 1363 1155 1419 editioni
1188 1364 1480 1434 subjuucto
1510 1362 1723 1433 pridem
1779 1360 2187 1415 annotavimus.

688 1455 1088 1527 Βοηδρομιὼν.
1126 1457 1241 1512 Etsi
1281 1471 1499 1526 semper
1530 1454 1662 1510 alibi
1694 1454 2058 1525 Pachymeres
2086 1451 2191 1505 hoc

617 1549 887 1606 vocabulo
920 1562 1163 1605 mensem
1197 1550 1438 1619 Aprilem
1477 1548 1702 1611 indicat,
1732 1556 1936 1609 tamen,
1964 1532 2190 1615 propter

617 1644 856 1698 rationes
894 1658 924 1699 a
960 1660 1041 1698 me
1088 1642 1125 1697 l.
1171 1658 1227 1697 ιιι
1263 1641 1473 1698 Observ.
1508 1657 1559 1697 c.
1593 1644 1625 1696 6
1661 1658 1711 1694 ιι.
1749 1642 1801 1703 9.
1850 1638 2062 1704 allatas,
2091 1654 2188 1692 nc-

617 1737 858 1793 cessario
897 1734 1192 1792 dicendutu
1240 1745 1324 1791 est
1369 1752 1518 1802 eum,
1564 1752 1617 1805 p.
1666 1734 1791 1799 526,
1828 1734 1929 1787 hoc
1969 1731 2188 1787 nomine

615 1831 930 1901 designasse
965 1830 1221 1886 Martium
1267 1845 1531 1886 mensem.
1572 1829 1685 1886 Nec
1715 1844 1917 1884 novum
1966 1836 2051 1882 est
2097 1842 2189 1880 va-

618 1923 765 1979 riare
820 1924 987 1995 666
1038 1925 1191 1980 illum
1251 1926 1305 1979 in
1360 1923 1802 1981 nomenclatione
1857 1914 2128 1978 mensium
2174 1938 2187 1974 :

618 2015 743 2071 vide
780 2032 901 2086 quae
945 2016 1115 2072 verbo
1162 2016 1417 2087 Ληναιών
1442 2025 1499 2075 et
1540 2013 1711 2072 verbo
1740 2010 2189 2085 Μαιμακτηριών

618 2108 723 2162 hoc
754 2108 874 2178 ipso
899 2108 1176 2165 Glossario
1210 2120 1485 2165 notamus.

692 2202 971 2269 Βοῑιτζον,
1012 2218 1068 2273 p.
1122 2203 1250 2259 599.
1298 2202 1444 2269 Quid
1500 2203 1612 2258 sint
1655 2202 1761 2259 hoc
1808 2200 1931 2257 loco
1988 2199 2187 2271 βφῦτζα

617 2296 903 2368 quaeritur.
936 2298 1075 2353 Puto
1125 2297 1266 2352 idem
1293 2297 1438 2367 quod
1468 2295 1692 2367 βουτζαί
1731 2306 1789 2351 et
1820 2295 2064 2367 βουτζὶα.
2095 2309 2189 2350 νος

617 2388 807 2445 cabula
833 2387 1039 2443 dudum
1066 2388 1334 2459 explicata
1371 2404 1401 2444 a
1453 2388 1717 2455 Meursio,
1746 2387 1893 2443 dolia
1932 2384 2191 2443 videlicet

620 2481 832 2537 vinaria
861 2481 1041 2552 lignea
1068 2480 1323 2545 rotunda.
1352 2480 1599 2551 qualium
1646 2480 1859 2551 liquore
1889 2496 2189 2537 vacuorum

619 2584 677 2631 et
703 2584 847 2630 terra
880 2576 1225 2647 oppleturum
1272 2591 1407 2631 usus
1450 2584 1537 2631 est
1581 2576 1841 2645 frequens
1889 2575 1943 2630 in
1987 2574 2189 2631 subitis

619 2664 1115 2732 obvallationibus;
1171 2682 1309 2736 quas
1352 2666 1491 2723 Galli
1540 2666 1704 2723 hodie
1749 2667 2051 2722 barn’cadea
2097 2682 2191 2721 vo-

621 2768 768 2820 cant.
796 2760 925 2828 quia
971 2758 1117 2813 dolia
1172 2760 1384 2815 vinaria
1438 2759 1697 2827 εισι-τῖσαι,
1733 2760 1870 2821 sive,
1904 2767 1965 2815 ut
2008 2759 2193 2815 solent

622 2851 889 2916 scribere,
923 2850 1216 2922 barriqnea,
1241 2852 1541 2922 appellant.
1568 2853 1718 2908 italis
1740 2852 2006 2923 ejusmodi
2042 2851 2190 2907 dolia

621 2943 763 2996 botte
793 2943 1073 3007 dicuntur,
1107 2958 1239 2998 voce
1268 2945 1502 3015 propius
1562 2944 1859 3000 accedente
1887 2942 1955 2998 ad
1991 2957 2188 2997 sonum

2291 524 2514 586 ptorum
2548 504 2904 568 classicorum
2956 506 3271 565 testimonia
3318 506 3371 561 in
3425 512 3712 576 promptu.
3762 498 3868 556 Sed

2293 606 2456 676 ﬁgere
2510 603 2835 658 sententiam
2888 601 2943 655 in
3002 600 3318 670 conjectura
3374 610 3521 650 mera
3573 608 3694 649 non
3747 606 3870 649 sum

2291 712 2480 762 ausus,
2522 694 2701 751 donec
2732 695 3039 750 auctoritas
3068 708 3152 747 me
3197 692 3423 746 doceret
3446 689 3649 743 idonea
3684 686 3866 740 locum

2292 789 2365 845 ita
2417 789 2761 843 nominatum
2811 802 2983 858 prOpe
3034 783 3449 852 Adrianopolim
3483 780 3683 836 fuisse.
3727 777 3868 833 Illud

2294 877 2348 929 in
2382 875 2486 930 hoc
2524 874 2689 929 dubio
2717 875 2864 945 quod
2899 875 3082 931 minus
3126 871 3567 929 inverisimiliter
3596 880 3871 939 sequerer

2292 985 2351 1024 se
2384 985 2556 1022 unum
2598 968 2819 1034 obtulit,
2860 976 3121 1021 novatum
3162 966 3217 1020 in
3252 982 3355 1019 usu
3386 963 3533 1018 vocis
3576 962 3748 1031 hujus
3781 958 3871 1015 hic

2293 1060 2499 1131 aliquid
2551 1075 2850 1129 agnoscere
2900 1076 2968 1114 ex
3014 1058 3385 1130 posteriorum
3430 1054 3670 1113 militari
3700 1053 3872 1110 disci-

2294 1150 2439 1219 plina
2498 1160 2835 1221 temporum.
2887 1149 3093 1217 Nempe
3131 1146 3350 1209 Franci,
3408 1146 3502 1215 qui
3552 1158 3659 1214 per
3685 1142 3870 1197 Asiam

2294 1240 2434 1293 sacri
2466 1239 2593 1294 belli
2620 1255 2785 1294 causa
2816 1237 2908 1293 diu
2942 1237 3333 1297 militaverant,
3368 1249 3573 1289 census
3604 1231 3868 1296 militum,

2292 1332 2483 1402 quales
2510 1332 2744 1387 maxime
2787 1330 3177 1387 solvendorum
3214 1330 3414 1399 cuique
3456 1324 3866 1397 stipendiorum

2292 1422 2582 1477 occasione
2620 1438 2649 1477 a
2693 1422 2833 1478 duce
2871 1422 2990 1491 ipso
3028 1435 3288 1489 supremo
3321 1434 3444 1489 rege
3482 1426 3577 1472 aut
3628 1417 3869 1485 impera-

2292 1520 2413 1567 tore
2462 1512 2841 1578 celebrantur,
2869 1522 3100 1567 montres
3134 1511 3412 1582 hodieque
3452 1519 3681 1572 vocant,
3712 1509 3865 1580 quasi

2292 1602 2509 1658 diceres
2564 1604 2902 1667 oatensionea,
2966 1603 3169 1673 quibus
3216 1601 3426 1656 scilicet
3478 1600 3867 1670 unusquisque

2293 1695 2525 1749 militum
2568 1695 2636 1750 ad
2678 1711 2880 1750 nomen
2908 1695 3110 1750 citatus
3143 1710 3201 1749 se
3240 1692 3478 1749 ostendit
3507 1702 3683 1762 atque
3711 1691 3864 1747 exhi-

2218 1768 2262 1825 Β
2289 1785 2401 1840 bet.
2437 1785 2780 1842 Manifestum
2812 1798 2995 1841 autem
3022 1797 3126 1850 est,
3162 1787 3211 1849 si
3233 1787 3354 1857 quis
3380 1801 3571 1841 vocem
3602 1784 3864 1839 Gallicam

2293 1886 2496 1932 montre
2524 1876 2716 1934 Graeco
2759 1877 3029 1934 vocabulo
3068 1876 3200 1932 velit
3256 1876 3507 1941 reddere,
3556 1890 3673 1930 non
3720 1874 3861 1929 aliud

2289 1967 2472 2038 aptius
2506 1976 2851 2039 reperturum
2875 1968 3037 2040 667
3078 1967 3299 2023 nomine
3332 1966 3516 2033 διῖξις.
3547 1967 3658 2022 Res
3686 1975 3864 2021 autem

2289 2058 2404 2128 ipsa
2431 2057 2731 2113 narrationi
2776 2060 3057 2129 aptissime
3097 2058 3369 2126 congruit,
3405 2065 3467 2111 nt
3494 2056 3743 2123 dicatur,
3771 2056 3865 2110 im-

2290 2154 2597 2217 peratorem
2630 2163 2697 2203 ex
2729 2147 2864 2203 urbe
2896 2147 2953 2202 in
2984 2148 3165 2203 vicina
3190 2156 3365 2203 castra
3383 2162 3584 2204 census
3609 2146 3861 2202 militaris

2288 2247 2345 2294 et
2378 2237 2671 2294 solutionis
2704 2238 3107 2309 stipendiorum
3137 2254 3302 2296 causa
3329 2239 3628 2310 prodiisse.
3676 2239 3859 2310 ibique

2290 2346 2570 2402 repertum
2613 2349 2739 2388 cum
2768 2334 2818 2389 ei
2864 2332 3153 2389 nuntiatus
3175 2346 3430 2389 accessus
3457 2331 3527 2389 ad
3551 2346 3683 2389 eum
3734 2331 3858 2387 novi

2290 2429 2375 2475 est
2400 2419 2649 2476 Caesaris.

2361 2508 2772 2577 Δεφενδεύειν,
2833 2526 2886 2579 p.
2934 2510 3059 2565 175.
3110 2510 3465 2580 Διφινδιύιιν
3541 2510 3711 2582 plane
3762 2525 3857 2583 pro

2288 2598 2446 2664 tueri,
2491 2610 2781 2671 protegere,
2814 2601 3093 2671 defendere
3135 2602 3383 2672 ponitur.
3416 2602 3529 2657 Nec
3570 2618 3726 2658 nunc
3753 2602 3861 2673 pri-

2289 2704 2439 2744 mum
2488 2692 2592 2745 hoc
2648 2692 2879 2747 verbum
2924 2708 2956 2747 ο
3006 2691 3165 2748 Latio
3212 2692 3413 2749 transit
3456 2694 3511 2749 in
3556 2692 3856 2748 Helladem.

2288 2778 2496 2836 Glossa
2540 2779 2903 2838 Basilicarum
2933 2780 3316 2852 διφενδεῠεται
3356 2781 3641 2853 explicant
3673 2782 3858 2847 δεκου-

2291 2871 2531 2938 σιύμτιι,
2564 2872 2882 2929 ικδικεϊται.
2918 2873 3023 2929 Sed
3064 2872 3182 2929 hac
3206 2873 3453 2929 defensio
3474 2872 3758 2945 judicialis
3779 2879 3857 2926 est

2291 2972 2645 3033 patronorum
2694 2974 2790 3021 aut
2828 2967 3220 3021 advocatorum
3275 2981 3401 3022 reos
3440 2964 3851 3029 excusantium,

620 3037 783 3103 δαιτί.
817 3036 977 3107 mlius
1020 3035 1386 3107 sisuiﬁcalum
1439 3036 1653 3092 obtinet
1680 3044 1736 3092 ει
1774 3036 2003 3091 fortasse
2034 3035 2189 3106 οτῑιο
2228 3123 2257 3129 _
2291 3066 2386 3112 aut
2415 3057 2484 3113 ab
2508 3057 2576 3112 iis
2600 3057 2830 3114 crimina
2865 3058 3077 3129 objecta
3117 3058 3418 3114 refellendo
3440 3057 3853 3129 depellentium.

620 3138 747 3183 est.

696 3223 945 3289 Γλυκὺς
966 3223 1188 3292 ἀγκών,
1218 3240 1269 3294 p.
1302 3225 1456 3281 44.ιιι
1486 3225 1650 3293 hujus
1679 3222 2027 3280 enarratione
2064 3222 2190 3276 ada-

620 3314 694 3383 gii
738 3312 1009 3370 dissident
1062 3315 1297 3371 invicem
1342 3316 1683 3386 grammatici
1725 3316 2015 3370 sententiis
2059 3330 2191 3369 con-

624 3404 787 3460 trarie
822 3406 1151 3462 commissis.
1184 3406 1461 3463 Zenobius
1486 3418 1636 3463 cent.
1670 3408 1727 3473 2,
1762 3423 1818 3461 n.
1857 3406 1945 3469 92,
1978 3406 2192 3474 Anony-

624 3511 748 3551 mus
778 3496 1104 3553 Vaticanus.
1131 3508 1278 3553 cent.
1310 3500 1329 3552 l
1370 3516 1424 3553 n.
1460 3499 1551 3555 55.
1601 3499 1923 3554 Eustathius
1952 3498 2037 3571 [Ρ.
2063 3496 2190 3570 467]

621 3590 688 3645 ad
718 3589 876 3646 Iliad.
910 3609 963 3657 κ,
1002 3607 1055 3661 p.
1088 3592 1179 3648 791
1205 3592 1301 3649 ed.
1336 3591 1475 3647 Rom
1507 3633 1522 3660 ,
1547 3594 1889 3649 contendunt
1918 3608 2016 3662 per
2047 3593 2192 3648 anti-

622 3681 868 3751 phrasim
903 3682 1011 3737 dici
1038 3682 1105 3738 de
1140 3700 1197 3739 re
1237 3685 1491 3740 molesta.
1532 3685 1733 3740 Suidas
1764 3694 1955 3741 contra
1978 3685 2193 3755 jndicat

622 3783 769 3831 cent.
801 3774 854 3841 ι,
888 3791 942 3830 n.
969 3774 1057 3841 94,
1088 3776 1168 3831 sic
1207 3777 1353 3832 enim
1384 3778 1581 3833 scribit
1614 3795 1628 3832 :
1668 3778 1875 3841 Γλυχὺς
1909 3768 2096 3847 ἁγιιὼν
2130 3778 2191 3833 οὐ

624 3868 748 3923 κατ’
787 3870 1102 3924 ἐναντίωσιν
1130 3872 1162 3938 ἡ
1198 3870 1489 3941 παροιμία.
1551 3871 1713 3926 Ἀλλὰ
1764 3871 2090 3941 βουλόμενος
2119 3874 2194 3927 el-

625 3961 772 4025 πεῖν,
807 3953 851 4029 ᾧ
880 3960 1088 4031 γλυκέα
1139 3961 1245 4034 ἢθη
1303 3964 1575 4033 ἐχρήσατο
1635 3962 1859 4018 Πλάτων
1886 3962 1915 4015 ὀ
1949 3952 2190 4034 κωμικὸς

625 4058 686 4108 ἐν
715 4054 792 4125 τῷ
814 4053 1014 4111 Φάωνι.
1049 4055 1231 4127 Γέρων
1274 4055 1318 4109 δ’
1349 4054 1497 4127 αὑτῷ
1526 4057 1817 4111 ὑπόκειται
1856 4056 2001 4127 ἐρῶν
2028 4058 2194 4125 αὐλη-

625 4147 827 4217 τρίδος,
860 4138 905 4216 ᾧ
933 4148 1170 4219 χρυσοῦν
1204 4150 1457 4219 ἀνὰδημα
1487 4193 1497 4200 .
1524 4188 1536 4201 .
1562 4189 1609 4205 ..
1644 4144 1689 4202 ὦ
1723 4150 1929 4218 γλυκὺς
1980 4152 2189 4219 ἀγκών.

625 4240 811 4297 Suida:
853 4241 1219 4314 Pachymeres
1262 4244 1529 4299 accedens
1570 4242 1791 4299 facilem
1850 4245 1916 4300 ad
1975 4244 2194 4315 quidvis

627 4334 805 4390 cuivis
858 4334 1275 4406 gratificandum
1335 4336 1595 4407 Ctzyleni
1645 4338 1890 4409 episcopi
1946 4340 2193 4394 animum

628 4426 730 4482 bac
757 4426 993 4481 formula
1017 4429 1308 4495 expressit.

698 4520 911 4585 Δεῖξις,
980 4536 1037 4589 p.
1086 4520 1209 4576 524.
1261 4521 1400 4586 Quid
1454 4522 1527 4575 sit
1580 4524 1680 4575 hoc
1721 4523 1839 4577 loco
1875 4523 2060 4587 δεῖξις,
2097 4524 2191 4578 diu

627 4608 874 4679 quaesivi.
908 4608 1021 4664 Nec
1052 4610 1291 4681 vulgaris
1321 4612 1473 4664 notio
1502 4614 1830 4667 ostensionis
1880 4604 1984 4667 vel.
2008 4624 2192 4669 osten-

629 4703 873 4768 tatiouis,
890 4716 993 4757 nec
1022 4702 1311 4771 peculiaris
1332 4718 1496 4771 quam
1521 4713 1672 4757 notat
1705 4704 2192 4771 Plutarchus,Con—

630 4794 885 4849 nivalium
908 4810 1208 4849 sermonum
1241 4795 1279 4848 l.
1299 4810 1419 4861 VIII,
1437 4803 1632 4865 quaest.
1654 4794 1740 4859 l5,
1765 4796 1968 4853 docens
1993 4798 2073 4852 sic
2096 4812 2193 4850 vo-

629 4888 743 4942 cari
770 4887 1009 4957 speciem
1059 4896 1153 4941 aut
1184 4898 1397 4957 partem
1445 4889 1737 4957 quamdam
1767 4890 2047 4961 ὀρχήσεως
2080 4891 2193 4944 saf-

632 4980 979 5043 tationis,buc
1003 4978 1299 5050 quidquam
1322 4979 1860 5051 faciunt.Aliquande
1883 4985 2196 5054 suspicabar

632 5074 798 5140 δεῖξιν
827 5083 1083 5129 vocatum
1108 5088 1355 5143 rampum
1387 5076 1679 5143 quemdam
1709 5077 2084 5132 suburbanum
2105 5094 2197 5133 ur—

632 5166 1084 5236 biAdrianopoli,
1120 5165 1171 5218 in
1202 5181 1309 5235 qua
1332 5175 1461 5219 tunc
1484 5166 1859 5221 diversabatur
1899 5167 2194 5238 imperator

633 5259 888 5325 Michael,
936 5258 1264 5320 exercitum,
1315 5269 1375 5311 ιιι
1420 5258 1558 5312 solet
1595 5257 1732 5323 ﬁeri,
1777 5259 1830 5313 in
1869 5261 2065 5315 castris
2095 5261 2193 5315 ha-

637 5352 770 5405 bens
794 5350 1132 5403 suburbanis
1164 5351 1287 5403 loco
1314 5349 1477 5416 δεῖξις
1507 5358 1699 5403 vocato
1734 5351 1949 5419 positis,
1977 5353 2042 5405 ad
2074 5368 2195 5421 qua:

633 5460 690 5499 se
721 5442 814 5496 ille
838 5454 953 5497 tum
977 5441 1116 5497 forte
1153 5442 1479 5496 contulisset
1514 5460 1636 5496 cum
1668 5445 1949 5498 nuntiatus
1982 5454 2063 5499 est
2098 5446 2190 5500 ad-

633 5548 831 5591 ventus
863 5534 1115 5590 Csesaris.
1155 5534 1267 5590 Nec
1301 5536 1591 5589 abluderet
1626 5552 1757 5589 usus
1795 5536 2195 5605 prapositionis

632 5628 753 5694 ἀνὰ,
790 5642 911 5698 quae
936 5642 1078 5696 saepe
1108 5630 1396 5698 equivalet
1426 5627 1631 5683 Latina:
1661 5646 1773 5698 per,
1806 5640 1861 5684 et
1889 5630 2068 5684 locum
2102 5645 2199 5699 per

629 5735 793 5792 quem
838 5721 951 5775 itur
981 5720 1227 5775 denotat.
1265 5719 1356 5775 Sic
1404 5721 1673 5776 Homerus
1705 5721 1870 5776 habet
1909 5720 2086 5775 Ὀδυσ.
2122 5723 2149 5789 ξ
2180 5741 2193 5776 :

629 5811 808 5890 χῶρον
849 5815 932 5870 ἀν’
982 5814 1237 5885 ὑλήεντα,
1289 5831 1383 5886 per
1431 5815 1595 5872 locum
1652 5816 2016 5888 sylvosum,ct
2068 5817 2193 5873 alibi

2218 3123 2258 3178 (ἶ
2292 3147 2459 3217 Magis
2474 3148 2581 3203 huc
2604 3148 2729 3204 facit
2748 3123 3082 3205 declaratum
3105 3151 3298 3205 iisdem
3318 3123 3855 3221 {tionis-vocabulum

2290 3242 2627 3312 δεφένσωρες
2657 3240 2709 3295 in
2734 3242 2881 3296 hunc
2906 3245 3129 3297 modum
3160 3261 3173 3298 :
3200 3245 3266 3297 Οἱ
3302 3243 3442 3314 μετὰ
3459 3246 3583 3307 τοὺς
3611 3243 3854 3315 κουρσῶ-

2293 3348 2388 3401 ρας
2415 3332 2533 3401 ἤτοι
2564 3333 2881 3401 προμάχους
2905 3330 3395 3395 ἐπακολουθοῦντες
3423 3333 3559 3403 πρὸς
3584 3331 3856 3401 sublimem

2291 3424 2493 3477 αὐτῶν.
2536 3423 2719 3480 Utitur
2766 3432 2823 3478 et
2867 3424 2998 3479 alibi
3052 3435 3241 3479 noster
3284 3424 3391 3480 hoc
3437 3424 3633 3491 verbo,
3666 3435 3853 3492 nempe

2293 3513 2331 3566 Ι.
2371 3528 2448 3579 ιιι,
2486 3528 2539 3567 c.
2572 3512 2637 3567 l8
2664 3514 2767 3569 sub
2798 3512 2984 3577 linem.
3015 3516 3094 3571 sic
3123 3515 3375 3571 scribens
3401 3533 3417 3571 :
3448 3516 3557 3569 Καὶ
3604 3516 3717 3584 γὰρ
3766 3512 3851 3567 καὶ

2292 3607 2392 3667 τὰς
2437 3606 2547 3661 τῶν
2598 3606 2811 3660 Ἰταλῶν
2868 3607 3115 3677 (οἰκίας)
3149 3606 3328 3678 χρεὼν
3378 3602 3446 3678 ἧν
3491 3606 3847 3677 δεφενδιύιιν.

2297 3695 2506 3752 Etenim
2541 3708 2591 3751 et
2618 3700 2797 3752 domos
2836 3695 3104 3753 Italorum
3157 3699 3433 3770 defendere
3486 3699 3851 3771 imperatorem

2296 3790 2593 3858 oportebat,
2651 3788 2755 3843 hoc
2790 3799 2897 3855 est,
2932 3789 3001 3844 ab
3037 3788 3238 3861 injuria
3292 3800 3439 3859 tutas
3474 3801 3756 3861 praestare,
3801 3797 3852 3843 et

2296 3880 2578 3936 vindicare
2606 3882 2650 3936 si
2682 3881 2813 3952 quid
2840 3882 3035 3939 fuisset
3080 3881 3136 3937 in
3166 3897 3260 3939 eas
3290 3893 3481 3939 contra
3510 3885 3605 3955 jus
3629 3883 3845 3940 factum.

2298 3973 2425 4041 Agit
2477 3972 2547 4029 de
2594 3974 2851 4029 domibus
2890 3974 3266 4045 Genuensium
3331 3974 3535 4031 Galatae
3590 3975 3850 4046 permissu

2298 4066 2649 4136 imperatoris
2680 4066 3082 4132 habitantium;
3111 4082 3251 4136 quas
3278 4083 3401 4122 cum
3426 4067 3619 4124 Veneti
3648 4066 3850 4122 ﬂamma

2298 4159 2497 4229 injecta
2550 4158 2947 4227 corrupissent,
2998 4158 3167 4213 multa
3216 4158 3283 4213 iis
3334 4172 3431 4228 per
3472 4158 3847 4228 imperatorem

2299 4254 2501 4310 indicta
2538 4255 2796 4309 damnum
2840 4268 3098 4323 reparare
3128 4260 3257 4308 sunt
3280 4253 3573 4322 compulsi.

2368 4346 2452 4418 [Ρ.
2483 4346 2609 4417 468]
2658 4346 3110 4416 Διακενήσιμος,
3154 4360 3204 4415 p.
3239 4345 3330 4401 50.
3372 4345 3451 4416 Τῇ
3485 4345 3594 4415 γὰρ
3634 4342 3850 4412 δευτέρᾳ

2227 4460 2269 4514 ο
2299 4437 2589 4508 ἑδδομάδος
2626 4438 2762 4507 μετὰ
2792 4438 2893 4507 τὴν
2928 4438 3324 4507 ἀναστάσιμον,
3356 4438 3421 4501 ἢν
3461 4437 3526 4508 δὴ
3568 4438 3663 4490 καὶ
3690 4437 3849 4489 διακι-

2304 4534 2531 4600 νήσιμον
2562 4530 2829 4596 λέγουσιν.
2870 4531 3180 4602 Legebatur
3208 4531 3266 4585 in
3299 4546 3400 4585 ms.
3434 4530 3718 4593 mendose.
3744 4526 3849 4595 upi-

2302 4639 2423 4687 nor,
2461 4627 2559 4693 τῆς
2588 4624 2696 4693 γὰρ
2742 4624 3024 4693 δευτέρας,
3070 4624 3226 4693 quasi
3278 4624 3580 4679 referretur
3616 4624 3682 4679 ad
3711 4620 3847 4675 i660-

2302 4716 2487 4783 μάδος.
2521 4714 2673 4780 Quod
2707 4734 2737 4769 a
2770 4726 2920 4771 recto
2963 4716 3185 4770 aberrat
3218 4734 3231 4770 :
3264 4730 3374 4769 non
3413 4715 3560 4769 enim
3614 4708 3847 4770 meminit

2299 4804 2555 4859 secundae
2584 4805 2889 4874 cujuspiam
2940 4804 3318 4869 hebdomadis,
3351 4802 3447 4858 sed
3490 4803 3641 4859 feriae
3666 4816 3844 4858 secun-

2298 4897 2381 4951 dae
2414 4898 2781 4952 hebdomadis
2804 4898 3104 4958 Paschalis.
3136 4914 3259 4967 quae
3307 4899 3443 4952 feria
3487 4896 3636 4953 diem
3681 4906 3845 4950 resur-

2300 4991 2562 5043 rectionis
2588 4990 2801 5045 Domini
2829 4990 3044 5058 ἁμέσως
3067 4992 3343 5059 sequitur,
3370 4990 3441 5042 ita
3467 4998 3526 5043 ut
3560 4989 3614 5042 in
3636 4987 3844 5053 δευτέρᾳ

2301 5081 2635 5151 intelligatur
2678 5082 2883 5151 ἡμέρᾳ,
2934 5080 3162 5149 etldum
3208 5079 3306 5151 ’τὴν
3350 5082 3716 5149 ἀναστάσιμον
3756 5088 3841 5143 ap-

2299 5174 2488 5241 pellat,
2530 5190 2637 5227 non
2668 5173 2935 5241 ὲὸδομάδα
2966 5172 3369 5241 subinteliigat,
3396 5171 3491 5224 sed
3526 5173 3734 5241 ἡμέραν
3762 5169 3843 5220 aut

2300 5266 2514 5333 ἑορτὴν,
2556 5266 2659 5318 hoc
2696 5276 2780 5319 est
2814 5262 3144 5317 dominicam
3182 5264 3354 5333 ipsam
3410 5263 3649 5327 Paschte,
3698 5270 3839 5331 quam

2300 5358 2591 5413 Vaticanus
2656 5357 3038 5426 paraphrastes
3086 5366 3243 5409 vocat
3294 5354 3398 5408 hoc
3430 5354 3549 5408 loco
3589 5348 3838 5423 κυριακὴν

2298 5456 2446 5516 νέαν,
2503 5453 2647 5505 diem
2693 5452 2950 5505 nimirum
2990 5467 3153 5519 quam
3201 5449 3331 5505 fecit
3365 5450 3651 5503 Domlnus.
3679 5439 3833 5502 Grtci

2298 5546 2442 5599 enim
2501 5545 2895 5600 hebdomadem
2940 5559 3061 5612 quae
3109 5544 3301 5613 incipit
3346 5558 3376 5595 a
3420 5541 3509 5597 die
3552 5540 3727 5596 statim
3764 5549 3837 5589 se-

2301 5646 2503 5705 quente
2529 5638 2670 5689 diem
2706 5636 2950 5697 Paschm,
2983 5638 3080 5705 τὴν
3109 5634 3492 5705 διακινήσιμον
3523 5635 3831 5700 nuncupant.

2304 5730 2383 5781 uti
2408 5736 2462 5781 et
2482 5743 2600 5781 eam
2631 5743 2753 5794 qua:
2782 5727 3074 5781 inchoatur
3104 5726 3367 5795 postridie
3406 5737 3613 5781 octava:
3640 5720 3833 5779 Pascha

2300 5821 2585 5875 nominant
2629 5818 2895 5889 ὲῦόομὰδα
2942 5819 3034 5873 τοῦ
3086 5820 3274 5890 Θωμᾶ,
3327 5818 3471 5889 quod
3506 5818 3580 5874 illi
3619 5822 3827 5889 quoque.
