4004 6234
370 343 473 410 729

1731 336 2257 412 GLossAmUM.

3426 356 3442 361 ’”
3517 348 3628 413 730

367 472 428 519 ut
461 461 668 531 Latini,
701 464 754 521 in
792 464 958 523 missa
1001 472 1210 524 octavae
1252 465 1477 525 Pascha
1509 466 1747 525 recitem
1783 483 1950 525 evan—
1980 475 2025 531 Α
2054 484 2119 524 es
2160 468 2321 539 equis
2350 465 2555 521 milites
2597 459 2882 537 ceiligant,
2933 471 3209 532 recreant,
3237 462 3534 535 deportent
3581 464 3641 521 in

365 557 569 631 gelium
602 557 661 613 in
690 573 803 629 quo
830 568 1088 614 narratur
1133 558 1362 615 Thomas
1390 558 1629 631 apostoli
1667 557 1950 614 correctio

361 660 419 709 et
471 651 785 719 confessio;
842 654 1002 725 cujus
1059 651 1427 709 hebdomadas
1486 651 1712 707 Thema:
1747 650 1804 707 in
1846 651 1952 707 hac

366 760 584 819 quoque
633 753 824 801 nostra
879 744 1111 801 historia
1176 744 1237 801 iit
1275 744 1511 810 mentio,
1563 745 1598 799 Ι.
1645 759 1721 809 v1,
1755 760 1805 799 c.
1859 743 1948 808 l5,

362 848 506 897 reete
540 837 815 909 siquidem
868 836 1106 894 Jacobus
1154 835 1300 894 Goar
1331 835 1398 894 Ο.
1427 838 1490 893 Ρ.
1520 836 1574 892 in
1612 834 1951 908 Euchologio

364 947 419 1004 p.
463 932 572 987 9'53
620 932 738 986 haec
799 931 965 986 verba
1007 934 1075 1004 τῇ
1134 931 1363 1004 πέμπτῃ
1409 930 1509 1000 τῆς
1563 930 1949 999 διακινησεμου

330 1023 530 1085 ,vertit
569 1024 722 1094 feria
774 1024 964 1095 quinta
1025 1031 1143 1095 post
1206 1023 1432 1079 Pascha.
1493 1010 1560 1080 Ut
1624 1032 1809 1077 autem
1840 1021 1952 1078 illic

363 1116 589 1187 πέμπτη
616 1117 835 1182 feriam,
862 1116 944 1172 sic
966 1116 1071 1173 hoc
1100 1118 1222 1173 loco
1256 1115 1485 1185 δευτέρα
1512 1131 1621 1171 non
1646 1114 1953 1170 hebdoma-

362 1209 509 1276 dem,
540 1217 599 1266 ut
625 1211 834 1274 monui.
864 1209 961 1266 sed
1000 1206 1362 1269 hebdomadis
1414 1206 1559 1263 diem
1610 1206 1839 1272 indicat,
1870 1205 1954 1261 fe-

363 1305 502 1357 riam
529 1302 790 1360 videlicet
828 1301 1152 1369 secundam,
1184 1317 1293 1373 qua
1349 1299 1518 1356 fuerit
1561 1300 1827 1361 edictum,
1880 1296 1952 1353 de

360 1410 473 1467 quo
550 1394 642 1451 hic
690 1394 894 1466 agitur,
951 1395 1382 1467 promulgatum.
1436 1393 1512 1448 Ex
1570 1392 1658 1447 his
1732 1390 1951 1448 conﬁdo

360 1487 738 1559 apparituram
781 1490 1173 1547 necessitatem
1237 1486 1644 1544 emendationis
1707 1486 1812 1541 loci
1843 1484 1951 1540 hu-

355 1582 446 1655 jus
488 1597 519 1637 a
571 1598 660 1637 me
716 1582 894 1638 factae.
941 1583 1196 1638 Restaret
1258 1582 1590 1639 excutienda
1653 1580 1951 1635 diversitas

358 1674 653 1746 scriptura:
681 1675 736 1730 in
762 1691 894 1731 voce
923 1678 1329 1745 διακινήσιμος.
1378 1690 1543 1745 quam
1592 1673 1685 1729 alii
1738 1673 1953 1726 διακαι-

360 1770 615 1839 νήσιμος,
673 1768 927 1823 nonnulli
976 1769 1144 1824 etiam
1215 1767 1611 1838 διακενήαιμος
1671 1765 1944 1822 scribunt.

359 1859 474 1916 Nos
497 1860 784 1916 codicibus
811 1860 1160 1917 adbmren‘ius
1187 1860 1397 1919 nostris
1419 1861 1500 1916 sic
1526 1870 1868 1925 constanter,
1892 1871 1951 1915 ut

360 1962 847 2025 repraesentamus,
878 1954 1279 2012 scribentibus.
1304 1955 1479 2027 quue
1506 1954 1760 2010 sufﬁcere
1780 1955 1952 2027 668

364 2061 518 2104 nunc
554 2045 783 2117 quidem
823 2046 1081 2103 ducimus
1116 2065 1131 2103 :
1165 2064 1268 2104 nec
1311 2048 1459 2104 enim
1496 2060 1655 2105 vacat
1680 2055 1776 2102 aut
1806 2046 1948 2102 tanti

357 2151 445 2197 est
480 2143 536 2196 in
585 2140 801 2197 ratione
843 2140 970 2197 talis
1008 2140 1399 2211 appellationis
1425 2150 1522 2199 aut
1567 2152 1752 2214 etymo
1800 2138 1951 2197 vocis

356 2231 676 2303 indagando
708 2231 1043 2289 conﬂictari.

424 2328 796 2393 Διασωσται,
823 2342 883 2397 p.
940 2325 1068 2383 507.
1119 2326 1247 2398 Agit
1285 2326 1354 2383 de
1400 2323 1590 2382 Alanis
1622 2325 1772 2395 Nega
1817 2322 1948 2379 sub-

352 2420 492 2487 lato,
543 2419 637 2476 cui
679 2420 1074 2483 militaverant.
1119 2420 1268 2475 ultro
1310 2435 1371 2477 se
1410 2418 1779 2476 oﬂ’erentibus
1832 2417 1948 2473 An-

352 2512 610 2579 dronico,
656 2512 753 2583 qui
800 2527 899 2568 eos
945 2513 1097 2568 velut
1138 2512 1409 2569 divinitus
1459 2512 1660 2567 missos
1711 2509 1944 2581 accepit,

350 2616 630 2661 summam
673 2606 756 2662 eis
803 2605 888 2663 rei
932 2605 1189 2662 militaris
1232 2605 1583 2677 permittens,
1627 2603 1947 2660 adsciscens

353 2699 409 2754 in
435 2699 625 2754 locum
656 2699 941 2770 copiarum
989 2700 1387 2767 Romanarum,
1422 2698 1562 2755 adeo
1606 2706 1667 2753 ut
1715 2696 1949 2754 delectis

351 2807 423 2848 ex
452 2793 564 2849 isto
591 2808 797 2863 genere
825 2792 919 2864 qui
957 2793 1212 2863 equitatu
1244 2807 1470 2862 operam
1503 2792 1758 2847 navaturi
1788 2791 1947 2848 vide-

352 2894 575 2951 rentur,
604 2886 885 2941 detractos
916 2885 1161 2956 propriis
1190 2884 1473 2955 equitibus
1496 2898 1670 2955 equos
1699 2883 1947 2955 assigna-

354 2977 526 3043 verit,
587 2975 739 3047 ipsos
805 2991 1031 3047 quoque
1085 2976 1364 3032 Romanos
1417 2976 1617 3032 horum
1673 2975 1944 3032 Barbaro-

354 3084 481 3124 ruru
507 3068 797 3141 obsequiis
829 3068 1179 3140 mancipans.
1202 3068 1339 3125 Nam
1379 3083 1508 3124 cum
1542 3076 1692 3123 esset
1712 3068 1945 3140 jampri-

2054 571 2256 616 tututn.
2284 561 2425 615 Tum
2462 558 2531 614 iis
2554 559 2691 614 solvi
2723 558 2973 630 praecipit
2999 574 3098 629 pro
3129 558 3379 630 quolibet
3414 568 3660 615 servato.

2054 653 2230 709 milite
2256 663 2545 708 nummum
2576 662 2748 706 unum
2775 675 2791 714 ,
2827 650 2854 724 §
2882 665 3014 706 vero
3042 651 3113 707 54
3140 650 3286 705 idem
3316 650 3425 704 Leo
3456 649 3639 720 impe-

2054 756 2139 802 rat
2184 749 2240 802 iu
2284 760 2446 801 usum
2491 745 2722 801 istorum
2765 744 3158 815 deputatorum
3190 742 3317 797 addi
3359 741 3637 813 ephippiis

2054 840 2378 897 militarium
2421 853 2695 911 equorum
2740 839 2943 893 scalam
2992 837 3262 909 geminam
3305 836 3375 897 ad
3417 835 3634 899 laevam,

2056 944 2116 989 ut
2145 935 2341 988 harum
2372 933 2543 988 altera
2582 931 2905 1003 deputatus.
2939 929 3161 1000 quoties
3203 944 3342 1001 opus
3372 927 3541 984 fuerit
3565 926 3636 983 ad

2052 1023 2365 1079 subsidium
2399 1022 2608 1093 equitis
2657 1020 3044 1091 periclitantis,
3073 1020 3322 1087 adjuvari
3361 1019 3539 1091 possit
3567 1029 3635 1074 au

2053 1118 2431 1175 scandendum
2462 1117 2518 1172 in
2562 1132 2791 1187 equum.
2840 1113 3019 1170 Verba
3050 1114 3254 1170 Leonis
3288 1121 3418 1170 sunt
3450 1114 3638 1184 τηρέ-

2053 1229 2156 1268 πον
2184 1213 2337 1265 ἐστὶν
2356 1212 2445 1265 ἵνα
2473 1212 2501 1263 ὁ
2523 1210 2823 1274 Sertorii-ro;
2843 1208 2943 1272 τὰς
2971 1206 3068 1261 δύο
3089 1206 3293 1273 σκάλας
3324 1210 3403 1271 εἰς
3432 1208 3495 1259 τδ
3515 1209 3639 1278 ἀρι-

2056 1296 2248 1378 στερὸν
2282 1306 2449 1375 μέρος
2472 1305 2572 1374 τῆς
2600 1303 2758 1367 σέλας
2790 1303 2912 1375 ἔχῃ.
2947 1300 3116 1358 Addit
3145 1300 3385 1371 denique
3407 1298 3635 1356 eosdem

2054 1399 2352 1472 deputatas
2381 1397 2586 1453 debere
2616 1396 2713 1450 καὶ
2763 1396 2844 1459 εἰς
2872 1392 3115 1466 φλάακια
3151 1392 3297 1466 ὕδωρ
3342 1391 3639 1464 βαστάζειν

2053 1491 2143 1546 διὰ
2169 1493 2296 1555 τοὺς
2325 1490 2587 1553 πολλάκις
2616 1486 3087 1557 λειποθυμοῦντας
3112 1487 3480 1558 τραυματίας,
3527 1484 3637 1543 cir—

2056 1587 2335 1644 cumferre
2364 1602 2562 1657 aquam
2594 1587 2648 1639 in
2676 1583 2907 1655 ingenis,
2945 1583 3090 1637 unde
3120 1589 3382 1637 revocent
3407 1580 3475 1635 ad
3507 1566 3679 1635 δοκι-⁸

2053 1682 2425 1738 sumsaucios
2452 1694 2595 1749 saepe
2641 1693 2710 1733 ex
2755 1678 2952 1731 dolore
2980 1676 3269 1730 vulnerum
3304 1682 3399 1729 aut
3421 1673 3638 1745 jactura

2054 1775 2339 1847 sanguinis
2373 1773 2681 1843 deliquium
2713 1772 3015 1841 patientes.
3051 1768 3244 1825 Obiter
3287 1767 3524 1823 observo
3568 1780 3639 1821 ex

2054 1867 2325 1922 hactenus
2349 1864 2540 1920 relatis
2570 1882 2584 1920 :
2618 1862 2767 1934 quod
2797 1862 2853 1917 lii
2888 1860 3127 1931 deputati
3155 1858 3359 1914 Leonis
3396 1858 3637 1927 impera-

2054 1958 2192 2015 toris
2220 1967 2494 2029 tempore,
2538 1966 2599 2011 ut
2628 1956 2749 2027 ipse
2781 1962 3040 2015 testatur,
3077 1953 3346 2005 scribens:
3374 1947 3642 2003 dicebau-

2053 2061 2166 2116 tur,
2200 2067 2324 2122 qua:
2347 2049 2526 2105 amnis
2559 2049 2805 2105 notionis
2830 2064 2936 2103 vox
2963 2056 3050 2103 est
3084 2045 3354 2108 actuario,
3386 2043 3525 2099 satis
3547 2040 3638 2096 in-

2050 2145 2200 2200 dicat
2232 2154 2290 2200 et
2327 2144 2428 2199 hos
2467 2143 2636 2215 669
2669 2159 2738 2199 ex
2783 2141 3159 2199 actuariorum
3188 2153 3390 2210 genere
3439 2136 3634 2200 fuisse,

2048 2237 2143 2308 qui
2179 2236 2365 2297 multi,
2396 2245 2557 2306 prout
2582 2234 2929 2290 ostendimus
2966 2235 3022 2289 in
3054 2248 3117 2288 ea
3151 2247 3287 2287 voce
3317 2231 3496 2299 primo
3525 2242 3627 2282 no-

2049 2342 2167 2388 stro
2203 2328 2510 2393 Glossario,
2546 2337 2724 2384 castra
2764 2327 2895 2383 olim
2941 2328 3188 2383 Romana
3234 2324 3633 2395 sequebantur.

2048 2426 2127 2479 Ac
2160 2424 2306 2494 quod
2353 2423 2428 2478 ibi
2468 2422 2713 2478 diximus
2761 2420 3009 2476 medicos
3052 2435 3297 2490 quoque,
3343 2416 3636 2483 chirurgos

2046 2524 2106 2571 et
2134 2515 2467 2587 νοσοκόμους
2502 2515 2793 2570 universos
2829 2528 2899 2569 eo
2948 2513 3219 2568 vocabulo
3262 2510 3468 2581 pariter
3500 2522 3635 2564 cen-

2048 2607 2182 2675 seri,
2217 2606 2509 2665 confirmat
2537 2607 2652 2664 Leo
2681 2606 3132 2677 idem‘Augustus
3165 2602 3359 2662 Const.
3390 2604 3444 2667 ὅ,
3478 2601 3506 2673 ς
3541 2598 3633 2667 l5,

2046 2700 2177 2757 dum
2208 2701 2297 2756 his
2343 2700 2667 2762 δεποτάτοις
2715 2697 3063 2756 medicorum
3098 2705 3284 2768 partes
3334 2693 3487 2750 clare
3533 2690 3633 2749 tri-

2051 2792 2198 2859 buit,
2236 2795 2319 2848 sic
2344 2792 2412 2848 de
2440 2792 2550 2848 illis
2581 2791 2836 2848 scribens
2865 2809 2879 2847 :
2914 2790 3129 2853 Οἵτινες
3158 2784 3635 2859 παρακολουθοῦν-

2044 2903 2139 2952 τες
2170 2888 2239 2957 τῇ
2280 2884 2585 2954 παρατάξει
2631 2888 2758 2948 τοὺς
2792 2885 2847 2939 ὲν
2879 2874 2953 2956 ’τῇ
2981 2885 3127 2955 μάχῃ
3159 2880 3505 2952 τραυματίας
3548 2894 3639 2947 γι-

2044 2976 2790 3052 νομένουςὰναλαμὸἀνονται
2823 2977 2899 3041 ὡς
2929 2976 3105 3047 ἰατροὶ
3138 2975 3236 3031 καὶ
3282 2969 3635 3045 περιποοῦνο

2043 3089 2155 3126 ut.
2197 3069 2338 3127 Hinc
2383 3070 2521 3126 istos
2564 3070 2672 3127 hoc
2709 3070 2835 3127 loco
2885 3078 3072 3126 noster
3105 3076 3265 3125 vocat
3295 3065 3627 3129 διασωστάς.

353 3164 485 3217 dem
522 3163 578 3221 in
607 3161 873 3218 Orientaii
902 3161 1153 3236 equestri
1179 3161 1379 3218 militia
1415 3161 1684 3217 usitatum
1708 3168 1772 3215 ut
1793 3169 1939 3216 cata-
1967 3179 2011 3239 ς
2044 3173 2363 3227 servatores,
2382 3178 2477 3219 seu
2491 3163 2809 3227 δεποτάτων
2828 3177 3021 3219 vocem
3041 3156 3483 3229 usitatam,quod
3504 3156 3635 3214 alie-

350 3255 605 3325 phractis
644 3254 932 3324 equitibus
962 3254 1225 3312 adessent
1255 3254 1310 3309 in
1357 3253 1560 3326 praeliis
1592 3253 1819 3325 quidam
1847 3268 1947 3324 pe-

350 3348 521 3413 dites,
557 3348 655 3419 qui
682 3363 801 3417 eos,
833 3350 881 3405 si
904 3350 1071 3416 forte,
1095 3348 1417 3404 vulneratos
1436 3357 1533 3404 aut
1559 3348 1669 3403 alio
1694 3361 1825 3404 casu
1849 3361 1946 3418 pe-

355 3441 665 3497 riclitantes
690 3441 954 3515 juvarent
981 3452 1407 3513 servarentque,
1436 3442 1575 3499 tales
1606 3442 1729 3499 istis
1773 3429 1957 3499 mini?

350 3542 537 3590 strare
566 3533 820 3591 homines
872 3534 1150 3591 Romanos
1195 3536 1379 3609 jussit.
1421 3534 1535 3591 Hoc
1567 3551 1744 3613 genus
1772 3549 1942 3607 eque-

355 3628 561 3697 strium
598 3626 984 3685 ministrorum
1029 3638 1224 3686 noster
1273 3629 1381 3685 hoc
1434 3630 1554 3685 loco
1608 3629 1939 3697 διασωατάς,

349 3720 514 3791 quasi
544 3721 693 3778 dicat
726 3731 1150 3785 conservatores.
1194 3733 1376 3779 vocat.
1440 3723 1787 3786 Δεποτὰτους
1822 3722 1939 3778 sive

349 3811 740 3878 ὀιαπωτὰτους
796 3813 1171 3885 appellaverat
1228 3814 1533 3871 Mauricius
1581 3815 1854 3870 recitatos
1905 3829 1939 3869 a

350 3904 597 3978 Rigaltio
626 3906 681 3961 in
711 3904 1016 3973 Glossario,
1059 3906 1141 3963 sic
1165 3908 1431 3964 continuo
1474 3922 1669 3965 eorum
1698 3906 1938 3964 oﬁcium

348 3996 681 4053 describens
732 4014 754 4055 :
801 3999 866 4052 Οἱ
918 3998 1459 4071 παρακολουθοῦντες
1517 4002 1583 4073 τῇ
1637 3999 1792 4065 τάξει
1842 3996 1941 4053 καὶ

350 4090 484 4154 τοὺς
526 4091 589 4143 ὲν
629 4091 698 4162 τῇ
747 4092 899 4163 μάχῃ
940 4091 1291 4163 τραυματίας
1318 4092 1650 4162 γενομένους
1678 4090 1943 4163 ἀνακομι-

349 4181 545 4246 (ours;
566 4198 623 4235 τε
655 4180 752 4237 καὶ
791 4183 1266 4254 περιποιούμενοι.
1309 4182 1572 4254 Adiungit
1614 4183 1705 4238 hic
1753 4180 1941 4237 erudi-

350 4273 606 4328 tissimus
637 4272 907 4345 Higaltius
945 4272 1067 4329 loca
1110 4273 1261 4329 varia
1301 4271 1770 4329 Constitutionum
1800 4270 1942 4330 Leo-

348 4366 440 4421 nis
462 4365 536 4421 de
567 4366 674 4423 hoc
718 4382 918 4438 genere
958 4366 1427 4425 subsidiariorum
1457 4368 1629 4423 multa
1656 4366 1937 4425 docentis.

348 4457 568 4513 Horum
593 4457 651 4512 in
676 4472 787 4514 uno
808 4472 878 4514 es
907 4457 1147 4515 Constit.
1174 4459 1231 4527 5,
1256 4457 1282 4530 §
1312 4459 1395 4526 t5,
1434 4458 1642 4515 dicitur
1669 4460 1806 4517 istos
1846 4475 1937 4516 as-

2053 3272 2138 3312 nae
2166 3263 2315 3313 esset
2342 3254 2597 3328 originis.
2628 3271 2762 3312 vere
2803 3254 2994 3312 (ιι-ποθ
3022 3262 3267 3317 mutans,
3310 3261 3372 3307 ut
3406 3251 3551 3308 solet
3574 3250 3633 3306 in

2050 3349 2375 3407 nominibus
2440 3349 2715 3406 mensium
2772 3358 2832 3405 et
2898 3340 3295 3404 occasionibus
3356 3343 3636 3402 similibus

2051 3443 2221 3516 (nam
2264 3453 2322 3499 et
2371 3456 2510 3514 quas
2559 3441 2767 3505 σκάλας
2815 3440 2982 3496 modo
3038 3426 3321 3509 descripto
3351 3437 3475 3493 loco
3521 3435 3634 3492 Leo

2049 3538 2358 3610 imperator
2394 3535 2554 3600 dixit,
2601 3536 2857 3606 stapetlas
2893 3533 3216 3606 designans,
3266 3530 3635 3603 Pachymeres

2048 3631 2163 3687 vol:
2192 3630 2233 3695 Ι,
2261 3645 2318 3701 p.
2344 3628 2473 3691 411,
2513 3626 2788 3699 κλίμακας
2810 3627 3007 3682 maluit
3037 3623 3270 3696 dicere).
3319 3624 3439 3680 sive
3477 3620 3629 3694 quod

2047 3724 2194 3780 forte
2245 3733 2381 3778 tunc
2431 3720 2514 3778 sic
2548 3735 2683 3777 usus
2728 3719 3073 3783 invaluisset,
3121 3724 3184 3773 ut
3219 3718 3313 3789 qui
3344 3716 3633 3771 ὃιποτὰτοι

2046 3815 2309 3888 appellati
2340 3815 2586 3879 fuerant,
2643 3825 2758 3869 tum
2804 3815 2969 3886 vulgo
3014 3812 3272 3869 audirent
3305 3807 3630 3867 dinumerat.

2058 3910 2335 3967 Caeterum
2380 3909 2484 3966 hos
2505 3909 2816 3971 διασωστάς
2841 3908 3039 3964 solitos
3083 3906 3278 3973 fuisse,
3304 3904 3502 3962 saltem
3526 3902 3633 3961 Pa-

2046 4005 2326 4077 chymeris
2370 4011 2642 4074 tempore,
2684 4000 2967 4060 interdum
3009 3996 3213 4057 armari
3253 4011 3311 4057 et
3332 3998 3630 4057 militarem

2046 4106 2311 4171 praestare
2333 4109 2561 4168 operam
2589 4104 2712 4151 tuto
2751 4093 3100 4157 deducendis
3126 4110 3226 4165 per
3247 4096 3364 4149 vias
3402 4094 3632 4151 infestas

2042 4190 2373 4256 viatoribus,
2407 4188 2571 4245 docet
2596 4204 2701 4245 nos
2734 4189 2889 4244 locus
2912 4184 2981 4243 ex
3024 4203 3080 4259 p.
3114 4187 3220 4245 £29
3257 4188 3426 4261 hujus
3450 4189 3630 4244 histo-

2045 4282 2164 4349 riae,
2194 4279 2291 4337 ubi
2317 4280 2559 4336 refertur
2582 4278 2944 4336 Bontzerium
2973 4294 3230 4352 magnum
3254 4278 3475 4346 ducem,
3500 4293 3629 4336 cum

2046 4373 2320 4443 Magnesia
2364 4371 2906 4443 Constantinopolim
2952 4371 3372 4429 Cannaburium
3431 4387 3630 4443 quem.

2044 4469 2173 4527 dam
2213 4468 2477 4534 mitteret,
2530 4468 2813 4533 Nostongo
2856 4469 3158 4540 provincia:
3205 4468 3319 4525 illic
3366 4468 3627 4540 praefecto

345 4549 530 4605 secius
558 4561 616 4607 et
639 4549 921 4619 adjutores
952 4554 1201 4621 equitum
1237 4550 1368 4606 olim
1413 4552 1691 4622 deputatas
1729 4554 1929 4621 dictos,
1968 4559 2013 4615 D
2050 4561 2344 4619 mandasse
2390 4570 2451 4618 ut
2487 4564 2538 4618 ei
2573 4561 2880 4625 διασωστάς
2921 4576 2953 4618 e
3005 4562 3124 4618 suis
3165 4561 3345 4634 copiis
3393 4562 3629 4620 comites

348 4642 561 4699 Leonis
592 4642 825 4715 Augusti
864 4652 1111 4714 tempore
1160 4646 1666 4719 appellarilsolitos
1700 4646 1941 4720 αρίόω-

345 4757 472 4803 νας,
504 4738 784 4795 scribones.
816 4739 874 4794 lu
913 4738 1091 4794 altero
1133 4754 1202 4795 ex
1223 4741 1461 4799 Constit.
1493 4742 1582 4806 12.
1617 4742 1643 4813 §
1670 4741 1760 4810 52,
1804 4751 1940 4799 noto

345 4832 591 4902 glossam
636 4832 804 4899 hanc,
850 4832 980 4897 τοὺς
1027 4832 1359 4904 λεγομένους
1388 4834 1746 4901 δεποτάτους,
1792 4834 1941 4889 τοῦτ’

346 4923 470 4977 εστι
505 4925 635 4987 τοὺς
666 4924 1008 4994 ὶπιμιλητάς
1050 4926 1163 4981 τῶν
1202 4926 1737 4998 τραυματιζομένων
1770 4946 1941 4999 στραο

294 5078 297 5079 ν
346 5015 587 5071 τιωτῶν.
625 5015 945 5072 Praescribit
984 5017 1249 5088 deinceps
1297 5018 1503 5074 ibidem
1533 5019 1648 5076 Leo
1681 5017 1935 5092 quaedam

346 5110 500 5164 circa
525 5123 820 5164 numerum
853 5117 910 5165 et
953 5109 1229 5165 delectum
1280 5111 1480 5166 horum
1524 5112 1936 5182 deputatorum,

342 5199 553 5271 jnbens
586 5200 851 5257 constitui
891 5200 959 5256 ad
998 5216 1161 5257 omne
1214 5203 1425 5271 signum
1462 5202 1672 5273 (Graece
1722 5203 1937 5274 βάνδον,

288 5354 293 5359 ,
347 5309 555 5367 nempe
583 5302 821 5349 turmam
854 5303 947 5349 aut
971 5296 1113 5350 alam
1142 5296 1395 5365 equitum
1442 5296 1547 5351 sub
1578 5312 1688 5352 uno
1735 5297 1937 5354 vexillo

350 5388 709 5451 merentium,
735 5388 929 5458 quales
950 5386 1089 5443 Galli
1116 5397 1381 5443 cornettes
1413 5393 1630 5459 vecant)
1674 5400 1802 5446 octo
1843 5402 1939 5448 aut

352 5480 418 5554 [Ρ
473 5479 825 5553 469]ι1ιιοθιιι
856 5493 931 5536 ex
986 5480 1376 5551 deputatorum
1426 5482 1623 5539 ordine
1664 5484 1937 5555 ἐλαφροὺς

346 5574 447 5628 καὶ
507 5573 743 5644 γοργοὺς
797 5574 925 5626 ἀνευ
977 5574 1181 5639 ὃπλων,
1217 5573 1385 5645 agiles
1434 5588 1483 5629 et
1532 5583 1777 5631 strenuos
1826 5580 1937 5633 sine

347 5669 537 5733 armis,
565 5668 660 5737 qui
690 5666 933 5723 debeant
965 5677 1176 5723 turmas
1205 5669 1409 5740 quibus
1433 5669 1744 5726 inserviunt
1768 5671 1938 5728 inter-

346 5752 758 5815 vallo‘centum
793 5759 991 5830 pedum
1030 5768 1181 5816 retro
1234 5762 1473 5833 insequi,
1519 5773 1581 5818 ut
1623 5764 1679 5818 in
1730 5759 1935 5834 p'razliis

351 5850 667 5920 periculose
690 5853 910 5909 saucios
946 5864 1039 5909 aut
1075 5868 1408 5926 quocunque
1453 5871 1582 5914 casu
1615 5855 1935 5915 delabentes

2042 4655 2226 4722 daret,
2280 4670 2523 4726 quorum
2569 4663 2725 4710 tutus
2768 4654 3032 4728 praesidio
3077 4669 3274 4711 secure
3325 4653 3434 4710 iter
3477 4653 3627 4712 istud

2040 4747 2345 4804 conﬁceret
2400 4767 2416 4805 :
2474 4748 2699 4821 Πέμπει
2745 4747 2885 4819 πρὸς
2932 4748 3024 4802 τὸν
3075 4745 3390 4818 Nesso-nov
3419 4763 3630 4818 παρεγ-

2040 4840 2192 4909 γυῶν
2237 4839 2511 4896 ἱκανῶσαι
2563 4841 2899 4903 διασωσταίς
2951 4840 3018 4894 ἐκ
3065 4839 3161 4894 τοῦ
3222 4837 3625 4912 στρατιωτικοῦ

2042 4932 2135 4987 τὸν
2168 4931 2668 5001 ἀποστελλόμενον.
2694 4930 2973 5001 Additque
3005 4946 3134 4987 mox
3180 4930 3483 4988 historicus
3508 4928 3625 4988 No-

2041 5036 2305 5093 stongum
2353 5022 2649 5079 ostendere
2688 5021 3038 5080 aﬂ'ectantem
3090 5022 3391 5079 abundans
3424 5022 3628 5094 gratill-

2039 5117 2203 5173 candi
2230 5116 2357 5173 duci
2400 5132 2598 5189 magno
2639 5115 2910 5183 studium,
2962 5115 3085 5188 plus
3129 5132 3294 5187 quam
3325 5117 3625 5189 rogabatur

2041 5210 2282 5267 iecisse:
2320 5208 2564 5265 obivisso
2607 5210 2759 5265 enim
2792 5209 2972 5279 ipsum
3017 5225 3144 5265 cum
3190 5208 3311 5265 suis
3341 5211 3625 5281 praetoria-

2038 5302 2129 5357 nis
2170 5302 2224 5357 id
2264 5301 2529 5368 omnium,
2584 5310 2642 5357 et
2686 5300 3102 5359 Cannaburium
3152 5304 3208 5359 in
3259 5302 3455 5359 urbem
3500 5318 3627 5373 per-

2039 5393 2263 5449 duxisse

2111 5484 2560 5556 Διϐἀμόουλεν,
2594 5502 2718 5559 pag.
2763 5486 2887 5543 £86.
2926 5486 3070 5555 Quid
3098 5488 3319 5545 dicatur
3362 5489 3470 5545 hoc
3498 5489 3625 5546 loco

2037 5580 2432 5652 διὸάμόουλον,
2468 5582 2857 5650 dibambulnm,
2883 5600 2951 5641 eo
3000 5584 3140 5641 mihi
3175 5584 3503 5656 diligentius
3534 5594 3623 5642 est

2039 5672 2439 5743 quaerendum,
2485 5693 2596 5744 quo
2646 5678 3095 5734 doctissimorum
3144 5680 3432 5735 hominum
3461 5676 3623 5734 editae

2041 5768 2309 5823 hactenus
2358 5770 2428 5825 de
2488 5770 2653 5842 hujus
2685 5772 2939 5829 vocabuli
2972 5773 3197 5830 notione
3250 5771 3536 5829 sententia
3587 5786 3622 5829 a

2038 5876 2173 5918 vero
2201 5859 2460 5921 aberrare
2509 5863 2595 5919 vel
2622 5878 2715 5941 _ex
2754 5864 2858 5922 hoc
2890 5864 3009 5937 ipso
3050 5863 3300 5922 historici
3330 5860 3503 5919 nostri
3538 5869 3622 5919 se-
