4004 6234
385 336 513 406 ’131

1332 338 1399 402 Ρ.
1439 335 1744 399 POSSINI
1784 332 2434 398 OBSERVATIONUM
2471 335 2618 398 LIB.
2661 335 2715 396 Ι.

3549 331 3651 400 732

408 455 674 513 stimonio
710 452 998 511 manifeste
1027 450 1543 524 deprehenduntur.
1565 448 1988 508 Eruditissimus
2013 448 2063 509 Α
2090 448 2215 514 mis,
2255 450 2334 504 sic
2381 450 2434 504 in
2469 451 2576 507 hoc
2603 467 2633 506 a
2664 450 2867 506 Graecae
2892 447 3086 504 usibus
3119 449 3481 522 discrepasse.
3518 453 3655 509 San-

409 549 652 606 Jacobus
689 550 973 605 Pontanus
1028 555 1218 603 noster
1271 547 1328 600 in
1384 545 1612 607 Latina,
1659 559 1821 615 quam
1868 542 1988 597 sine

411 642 603 699 Graeco
629 651 887 702 contextu
914 643 1084 698 solam
1107 639 1305 705 edidit,
1337 637 1792 708 interpretatione
1811 634 1991 691 Chro-

412 735 526 791 nici
567 734 787 806 Georgii
827 733 1118 790 Phrautzis
1152 731 1590 804 protovestiarii,
1616 729 1716 785 lib.
1753 745 1832 792 ιιι,
1863 743 1985 796 cap.

413 828 505 893 t9,
555 843 678 900 pag.
719 828 818 883 197
852 828 942 882 ed.
981 826 1284 898 lngolstadt
1353 842 1483 881 ann.
1533 825 1702 887 1604,
1743 825 1990 877 referens

414 921 584 976 ritum
643 935 753 991 quo
815 919 1130 988 patriarcha
1179 916 1831 989 Constantinopolitanus
1871 914 1993 984 ejus

413 1012 704 1083 dignitatis
742 1012 884 1068 inire
937 1013 1343 1082 possessionem
1391 1021 1512 1069 erat
1578 1010 1797 1074 solitus,
1847 1005 1992 1063 inter

414 1106 523 1160 alia
559 1107 674 1160 haec
712 1105 878 1160 habet
926 1119 941 1158 :
981 1103 1278 1161 Secundum
1343 1106 1454 1160 hwc
1511 1101 1817 1176 patriarcha
1871 1113 1992 1152 cum

417 1198 756 1269 lampadibus
819 1198 890 1253 ad
941 1198 1229 1254 diababula
1256 1199 1364 1254 sive
1395 1199 1596 1253 atrium
1627 1190 1989 1248 descendebat.

415 1291 495 1348 Ita
533 1292 627 1348 ibi.
669 1293 834 1348 Recte
883 1307 1070 1362 porro,
1105 1303 1166 1347 ut
1193 1292 1412 1363 Opinor,
1452 1291 1724 1345 Meursius
1748 1287 1804 1342 in
1837 1285 1990 1342 Glos-

415 1387 569 1449 sario
613 1385 785 1442 verbo
815 1385 1161 1456 Διϐἀμϐυ).ον
1187 1426 1202 1453 ,
1241 1394 1298 1440 et
1341 1400 1408 1439 ex
1447 1399 1515 1439 eo
1544 1380 1712 1436 verba
1752 1380 1867 1449 ipsa
1899 1378 1995 1432 de-

417 1481 670 1538 scribens
692 1482 924 1537 Mathias
952 1481 1241 1537 Martinius
1275 1480 1331 1535 in
1373 1495 1477 1535 suo
1515 1476 1714 1533 Lexico
1754 1474 1995 1531 Philola-

416 1573 540 1645 gico
569 1574 741 1629 verbo
787 1572 1259 1629 Monobambulum
1305 1589 1408 1644 pro
1445 1569 1729 1628 diababula
1778 1568 1994 1624 dibam-

418 1665 547 1722 bula
608 1666 702 1721 illo
755 1665 1040 1721 Phrantza:
1090 1665 1214 1721 loco
1274 1663 1504 1720 rescribi
1539 1662 1742 1716 debere
1769 1669 1996 1731 putave-

417 1765 571 1813 runt.
603 1755 688 1828 [Ρ.
717 1755 844 1829 470]
875 1755 994 1811 Νοιι
1023 1766 1175 1812 recte
1203 1763 1410 1819 autem,
1435 1761 1702 1823 quantum
1732 1747 1992 1814 arbitror,

419 1850 689 1923 glossema
720 1849 892 1917 illud,
939 1849 1049 1904 sive
1094 1847 1318 1914 atrium,
1367 1859 1646 1917 provera
1679 1840 1833 1898 vocis
1876 1839 1998 1911 ejus
2028 1818 2079 1882 Β.

418 1943 765 2014 expositione
798 1950 1150 2013 receperunt.
1191 1940 1282 1997 Sic
1312 1939 1462 1996 enim
1491 1946 1725 2007 uterque
1759 1934 1995 1992 scribit:

419 2036 859 2106 Μονοδάμῦυλον
882 2035 1108 2107 simplex
1133 2033 1378 2089 conclave
1411 2030 1606 2104 palatii
1638 2029 1910 2092 secretius,
1943 2027 1998 2081 in

416 2145 522 2198 qua
548 2129 971 2200 congregabatur
994 2127 1165 2182 clerus
1191 2126 1554 2199 patriarcham
1579 2138 1774 2178 nouum
1795 2119 2000 2187 electu-

420 2238 530 2276 rus.
563 2219 795 2277 Codinus
831 2223 944 2292 ejus
975 2221 1214 2276 meminit
1249 2237 1267 2275 :
1302 2217 1513 2290 6670
1536 2215 1794 2286 δεύτερος
1818 2210 2002 2268 darid-

423 2331 541 2386 ριος
569 2315 792 2385 κρατῶν
826 2316 885 2368 τὸ
918 2313 1353 2386 μονοόάμϐυλον.
1377 2311 1512 2366 Ante
1547 2310 1641 2363 hoc
1675 2314 1792 2362 erat
1827 2305 1997 2371 aliud,

424 2416 478 2470 in
511 2410 654 2479 quod
681 2408 978 2480 prorniscue
1021 2405 1395 2460 conveniebant
1425 2418 1602 2457 omnes
1630 2402 1719 2472 qui
1753 2406 2000 2470 cuperent

421 2510 554 2563 seire
585 2519 739 2576 quem
764 2503 934 2556 clerus
967 2499 1329 2572 patriarcbam
1365 2502 1635 2558 creasset;
1675 2501 1722 2547 et
1756 2490 1888 2546 illud
1925 2490 2003 2543 δι-

422 2598 703 2670 σάμόυλον
742 2595 1036 2650 dicebatur.
1063 2593 1140 2648 lta
1169 2590 1246 2646 illi
1279 2589 1476 2658 ambo;
1513 2595 1570 2645 et
1608 2588 1714 2643 hoc
1739 2585 1999 2642 continue

423 2693 662 2766 probant
693 2688 931 2761 prolato,
987 2701 1151 2758 quem
1182 2699 1348 2754 supra
1381 2680 1673 2753 descripsi,
1709 2678 2000 2734 Phrantzce

423 2794 521 2842 aut
571 2783 754 2854 potius
804 2778 1039 2854 Pontani
1085 2777 1232 2832 loco.
1286 2774 1394 2831 Sed
1442 2773 1499 2828 in
1542 2773 1648 2828 hoc
1698 2781 1998 2841 utrumque

418 2877 534 2934 falli
566 2891 676 2932 non
718 2871 1063 2935 diditcbitur,
1090 2868 1185 2940 qui
1237 2864 1538 2921 attenderit
1569 2877 1735 2934 quam
1766 2861 1998 2916 ridicule

421 2955 703 3027 diceretur
734 2982 763 3020 a
801 2963 1016 3021 Codino
1060 2961 1314 3031 δεύτερος
1357 2957 1635 3029 ὀστιάριος
1689 2955 1910 3026 κρατῶν
1940 2953 2001 3006 τὸ

424 3059 858 3133 μονοόἀμὸυλον,
887 3055 1144 3110 secundus
1185 3053 1434 3108 ostiarius
1475 3065 1639 3105 manu
1672 3058 1850 3102 tenens
1886 3047 2000 3100 llo-

2089 554 2209 598 ctus
2264 542 2576 600 Bernsrdus
2634 558 2799 599 serm.
2855 542 2907 599 in
2959 542 3127 600 Omna
3181 544 3398 599 Domini
3441 561 3456 597 :
3493 543 3660 600 Varia

2089 648 2232 704 sunt,
2285 639 2485 710 inquit,
2534 640 2864 694 inuestiturc
2918 638 3203 693 secundum
3267 654 3328 693 ea
3369 638 3432 692 de
3479 640 3662 710 quibus

2090 738 2421 790 investimur.
2480 734 2629 790 Verbi
2681 736 2858 806 gratia
2910 735 3190 792 investitur
3243 734 3526 787 canonicus
3576 751 3664 803 per

2094 827 2309 895 librum,
2346 828 2507 883 abbas
2565 845 2659 898 per
2701 826 2970 892 baculum,
3007 829 3273 897 episcopus
3307 843 3400 897 per
3421 825 3666 881 baculum

2093 932 2139 976 et
2194 919 2454 975 annulum
2510 921 2694 974 simul.
2744 918 2826 976 Ita
2876 918 2992 975 ille.
3026 918 3275 974 Ecclesia
3323 918 3509 977 Graeca
3557 918 3666 973 duo

2093 1015 2316 1086 quidem
2371 1022 2425 1068 et
2468 1013 2586 1086 ipsa
2630 1013 2970 1084 coniunctim
3020 1011 3275 1066 adhibuit
3330 1011 3579 1083 symbols
3612 1010 3667 1065 in

2093 1107 2425 1164 conferenda
2474 1106 2669 1163 electis
2712 1104 3027 1175 pastoribus
3055 1113 3110 1160 et
3151 1103 3368 1175 sponsis
3403 1103 3674 1159 ecclesia-

2093 1214 2216 1253 rum
2258 1197 2589 1270 episcopalis
2617 1197 2965 1268 possessione
3007 1196 3319 1268 dignitatis,
3348 1212 3473 1267 quae
3511 1195 3670 1252 simi-

2093 1293 2222 1348 liter
2255 1291 2662 1361 responderent
2693 1290 2911 1346 duobus
2941 1291 3267 1347 memoratis
3293 1289 3468 1345 titulis
3497 1299 3675 1360 pasto-

2095 1387 2167 1441 ris
2210 1397 2263 1442 et
2305 1389 2506 1456 sponsi.
2557 1387 2628 1440 At
2684 1385 2740 1440 in
2797 1389 2975 1457 primo
3003 1385 3275 1441 duntaxat
3304 1401 3431 1442 cum
3463 1384 3676 1440 Latinis

2096 1477 2271 1536 Graeci
2295 1479 2717 1547 convenientes,
2748 1479 2804 1534 in
2847 1478 3144 1550 posteriori
3175 1477 3483 1550 lampadem
3511 1493 3677 1548 spon-

2097 1575 2173 1630 sis
2212 1573 2454 1646 praeferri
2487 1573 2706 1629 solitam
2732 1588 2800 1629 ex
2825 1571 3142 1645 evangelica
3176 1572 3441 1643 parabole
3473 1578 3530 1627 et
3572 1588 3673 1627 usu

2097 1667 2458 1725 Orientalium
2513 1670 2823 1734 nationum,
2855 1665 2922 1722 ad
2967 1666 3266 1738 nuptialem
3293 1665 3676 1721 caeremoniam

2097 1761 2744 1824 accommodatissimam.
2797 1760 3005 1840 annulo
3055 1758 3462 1831 praitulerunt,
3513 1772 3680 1828 quem

2103 1861 2283 1908 tamen
2313 1851 2686 1908 Occidentalis
2717 1851 2784 1906 ad
2813 1851 2866 1906 id
2899 1850 3086 1922 potius
3128 1848 3386 1906 adhibuit
3408 1847 3679 1911 Ecclesia,

2100 1956 2161 2001 ut
2190 1944 2441 2021 populari
2476 1946 2620 2001 forte
2668 1945 2918 2017 gentium
2949 1943 3342 2014 Europazarum
3383 1941 3524 1998 mori
3552 1958 3684 1997 con-

2100 2038 2389 2112 gruentius
2416 2036 2723 2108 conjugalis
2761 2033 3189 2092 necessitudinis
3221 2035 3461 2106 signum.
3498 2033 3677 2101 Quid.

2101 2132 2236 2204 quid
2275 2147 2440 2204 porro
2467 2130 2614 2187 circa
2657 2131 2762 2186 hoc
2815 2134 2870 2184 in
2919 2129 3323 2186 consuetudine
3355 2127 3683 2184 Latinorum

2100 2224 2290 2288 fuerit,
2322 2223 2556 2279 Asianos
2589 2221 2815 2294 quidem
2845 2223 3138 2292 episcopos
3184 2219 3450 2291 lampadis
3489 2220 3686 2291 praela-

2098 2319 2252 2373 tione
2282 2316 2602 2387 auspicatos
2623 2317 2786 2388 671
2822 2315 3171 2387 dignitatem,
3200 2324 3576 2391 praeterquam
3605 2313 3685 2368 in-

2101 2408 2290 2464 dicant
2337 2423 2462 2478 quae
2519 2407 2656 2463 alias
2714 2407 2902 2464 nctavi
2957 2405 3420 2463 Observationibus
3469 2407 3588 2462 vol.
3640 2404 3684 2469 l.

2101 2511 2160 2566 p.
2208 2495 2336 2563 658,
2369 2497 2536 2552 etiam
2573 2496 2776 2553 astruit
2815 2495 3012 2553 Codini
3046 2498 3206 2554 locus
3240 2496 3307 2551 de
3335 2495 3533 2568 Ofﬁciis
3560 2512 3613 2554 c.
3653 2497 3680 2552 l

2102 2589 2159 2645 in
2213 2599 2364 2648 sexta
2423 2591 2707 2652 Pentade.
2747 2589 2843 2654 ubi
2890 2605 3060 2664 agens
3103 2589 3173 2646 de
3233 2588 3689 2646 ordinationibus

2100 2683 2487 2754 episcoporum
2530 2683 2711 2739 solitis
2734 2697 2764 2738 a
2796 2682 3104 2754 patriarcha
3130 2682 3398 2739 celebrari
3430 2681 3508 2754 (id
3536 2682 3687 2738 enim

2102 2774 2350 2831 indicant
2377 2776 2469 2831 illa
2513 2776 2634 2848 ejus
2664 2777 2832 2832 verba
2866 2777 2947 2840 si;
2985 2775 3084 2840 τὰς
3115 2784 3480 2848 χειροτονίας.
3506 2775 3690 2848 expli-

2100 2871 2280 2924 cant-ia
2318 2869 2449 2939 quid
2487 2870 2697 2940 primus
2719 2880 2775 2925 et
2820 2869 3102 2926 secundus
3156 2869 3424 2926 ostiarius
3464 2869 3679 2940 proprii

2103 2959 2207 3017 sibi
2240 2960 2475 3031 quisque
2523 2961 2816 3017 ministerii
2869 2969 3088 3032 gereret
3132 2961 3186 3015 in
3238 2976 3303 3018 ea
3331 2957 3688 3031 caeremoniis)

2102 3052 2182 3108 sic
2210 3052 2408 3109 scribit
2439 3069 2455 3107 :
2498 3052 2557 3106 '0
2608 3053 2826 3126 πρῶτος
2871 3052 3152 3124 ὀστιάριος
3187 3050 3408 3121 κρατιῖιν
3453 3051 3552 3113 τὰς
3586 3049 3687 3104 θύ-

424 3151 842 3217 nobambulum,
905 3150 950 3204 si
1017 3145 1504 3201 Monobambulum
1567 3143 1771 3198 atrium
1830 3152 1996 3205 esset,

2106 3164 2296 3219 pa;....
2332 3150 2360 3204 ὁ
2405 3147 2662 3218 δεύτερος
2694 3146 2918 3218 κρατῶν
2949 3146 3010 3199 τὸ
3047 3146 3530 3216 μονσῆάμόουλον·
3571 3145 3689 3216 pri-

421 3247 585 3318 quale
619 3247 808 3315 utique
857 3259 1019 3297 manu
1068 3250 1242 3295 tenere
1270 3238 1396 3309 (hoc
1431 3237 1580 3292 enim
1615 3245 1703 3292 est
1753 3233 1996 3308 κρατεῖν)

421 3354 589 3393 nemo
627 3352 772 3391 unus
802 3343 1000 3405 potest.
1022 3331 1197 3388 Unde
1225 3329 1574 3384 manifestum
1607 3336 1691 3384 est
1719 3343 1787 3384 ex
1818 3335 2000 3383 mente

420 3430 617 3487 Codini
654 3427 1139 3484 Monobambulum
1198 3423 1368 3478 fuisse
1413 3437 1526 3476 rem
1560 3421 1800 3491 aliquam
1835 3435 2000 3474 manu

422 3524 767 3598 gestabilem.
798 3522 877 3577 Ac
911 3519 1145 3589 puritate
1196 3515 1508 3588 argumenti
1553 3514 1698 3570 idem
1747 3515 1853 3570 erit
1891 3524 2003 3569 sta-

423 3619 691 3675 tuendum
740 3615 806 3671 de
840 3613 1202 3674 Dibamhulo,
1240 3609 1387 3682 quod
1418 3609 1666 3681 ejusdem
1711 3609 1904 3665 forma:
1939 3624 2003 3662 ac

423 3712 644 3786 generis
671 3726 791 3766 esse
823 3717 1108 3779 gestamen
1137 3703 1394 3760 debuisse
1435 3711 1491 3758 et
1518 3703 1657 3758 ratio
1691 3703 2004 3760 communis

424 3805 594 3881 etymi
637 3814 691 3863 et
747 3805 918 3859 series
969 3801 1085 3871 ipsa
1117 3795 1455 3853 narrationis
1506 3795 1816 3862 Phrantzm,
1843 3805 1900 3850 et
1942 3806 2003 3850 ut

423 3900 492 3955 ad
534 3913 650 3954 rem
697 3911 872 3949 meam
926 3894 1171 3960 redeam,
1201 3889 1292 3945 hic
1317 3888 1666 3960 Pacbymeris
1693 3889 1850 3945 locus
1879 3897 2003 3943 tan-

425 4004 542 4051 tum
579 4007 687 4048 non
724 3988 1144 4044 evidentissime
1191 3985 1593 4040 demonstrant.
1648 3983 1822 4049 Quem
1853 3984 2000 4037 enim

423 4101 609 4158 quaeso
639 4092 865 4154 possent
912 4094 1134 4136 sensum
1197 4077 1536 4135 tolerabilem
1589 4075 1794 4129 habere
1835 4073 2002 4128 verba

425 4179 544 4234 haec
571 4175 746 4232 nostri
780 4175 1042 4239 auctoris,
1076 4175 1380 4244 patriarcha
1425 4171 1686 4242 pastorali
1724 4171 1909 4226 baculo
1941 4171 2002 4222 ab

421 4273 742 4341 imperatore
773 4275 1005 4337 accepto,
1039 4266 1334 4319 honoratur
1365 4273 1412 4317 et
1445 4264 1770 4328 dibambulo,
1820 4263 1863 4316 si
1907 4263 1998 4316 Di-

427 4361 734 4417 bambulum
773 4359 977 4416 atrium
1018 4361 1166 4414 esset
1196 4356 1482 4412 exterius?
1519 4356 1791 4421 Quidnam
1838 4355 2005 4425 igitur

425 4458 519 4513 hic
557 4455 868 4528 signiﬁcare
897 4453 1263 4524 Pachymcres
1306 4451 1481 4507 voluit
1508 4451 1673 4506 verbo
1719 4449 2005 4528 Dibambts-

2105 3255 2227 3295 mus
2270 3238 2528 3316 videlicet
2573 3239 2858 3303 ostiarius.
2913 3239 3135 3295 interim
3171 3238 3301 3294 dum
3346 3237 3691 3308 patriarcha,

2101 3343 2195 3387 aut
2235 3333 2329 3388 alii
2368 3333 2489 3403 ejus
2521 3347 2786 3388 concessu
2821 3332 3092 3404 episcopi,
3124 3348 3326 3388 novum
3363 3332 3688 3403 episcOpum

2103 3425 2246 3480 intra
2297 3425 2701 3497 presbyterium
2754 3425 2869 3480 sive
2904 3425 3052 3496 βῆμα
3099 3434 3513 3484 consecrarent,
3541 3423 3694 3480 fores

2102 3514 2265 3570 solea:
2297 3529 2461 3567 manu
2510 3514 2752 3577 tenebat,
2782 3523 2842 3569 ut
2875 3514 3060 3568 statim
3084 3528 3179 3568 eas
3213 3512 3484 3584 panderet
3517 3523 3692 3585 atque

2103 3604 2345 3675 perlecta
2400 3606 2552 3662 intus
2592 3605 2768 3661 solitis
2823 3606 3027 3662 ritibus
3082 3606 3438 3676 inauguratio
3468 3606 3690 3664 fuisset.

2103 3695 2260 3751 Tunc
2293 3695 2438 3750 enim
2488 3696 2715 3766 produci
2767 3713 2944 3753 novus
2974 3699 3209 3754 antistes
3253 3707 3312 3755 et
3337 3699 3558 3754 ostendi
3590 3714 3692 3771 po-

2105 3790 2232 3859 pulo
2277 3789 2530 3845 debebat.
2566 3791 2703 3857 Quia
2740 3804 2872 3854 vero
2910 3791 3133 3863 prodire
3175 3791 3223 3848 is
3253 3793 3473 3852 bemate
3503 3791 3680 3850 debe-

2104 3881 2198 3937 bat
2248 3882 2450 3952 prtnvia
2505 3883 2778 3952 lampade,
2830 3885 2896 3939 ad
2949 3885 3089 3939 hanc
3142 3885 3221 3940 illi
3278 3885 3684 3958 praeferendam

2104 3977 2379 4031 secundus
2408 3976 2670 4031 ostiarius
2693 3979 2976 4033 accinctus
3009 3979 3192 4034 stabat
3219 3979 3444 4050 κρατῶν
3473 3981 3538 4032 τὸ
3581 3997 3684 4050 μο-

2105 4071 2438 4140 νάμπουὶον,
2492 4071 2600 4139 vel,
2644 4081 2703 4124 ut
2737 4071 2840 4125 alia
2869 4080 2953 4127 est
3001 4071 3187 4137 lectio,
3220 4072 3283 4126 τὸ
3338 4071 3691 4144 μονοσάμσυ-

2103 4163 2214 4227 λον,
2250 4161 2335 4234 [Ρ.
2377 4162 2503 4235 471]
2553 4178 2718 4218 manu
2753 4147 2949 4218 teneiIs
2985 4175 3266 4234 gestamen
3317 4165 3404 4220 cui
3435 4177 3558 4223 erat
3593 4167 3687 4222 in-

2105 4267 2250 4313 serta
2302 4258 2512 4326 lampas
2547 4273 2687 4323 una;
2725 4275 2848 4313 nam
2887 4259 3272 4329 μονάμπουλον
3311 4275 3341 4314 a
3391 4260 3527 4333 μόνη
3570 4263 3682 4331 ἆμ-

2106 4351 2334 4403 που).λα.
2385 4349 2524 4416 Quid
2587 4351 2660 4406 sit
2709 4360 2891 4405 autem
2942 4349 3236 4422 ἆμπουλλα
3292 4351 3495 4407 docent
3534 4351 3678 4408 Aetii

2109 4443 2277 4497 verba
2335 4443 2425 4497 illa
2466 4443 2562 4496 lib.
2623 4460 2696 4497 vu
2745 4443 3154 4514 ε’Δμπ-ουλλαν
3217 4444 3434 4514 ὑελίνην
3470 4446 3685 4516 πλήσας

425 4551 583 4606 ιιιιηῖ
618 4527 784 4604 fidem
817 4548 937 4602 sine
984 4545 1155 4600 dubio
1186 4545 1333 4616 quod
1366 4544 1499 4599 alias
1524 4545 1728 4598 clarius
1778 4527 2000 4614 expres-
2032 4540 2080 4599 ι)
2102 4536 2312 4620 ἐλαίου,
2351 4535 2647 4606 ampullam
2701 4537 2919 4590 vitream
2955 4535 3042 4589 ubi
3085 4534 3368 4605 repleueris
3420 4537 3559 4591 oleo.
3594 4535 3692 4592 Est

421 4647 515 4710 sit,
565 4643 696 4698 dum
756 4641 926 4697 refert
981 4640 1112 4709 (vol.
1172 4638 1214 4705 l,
1255 4647 1314 4709 ‘p.
1365 4637 1487 4708 ΗΞ)
1524 4636 1793 4694 sollicitos
1853 4637 2020 4694 anti-'

423 4737 583 4794 stites
642 4751 709 4790 eo
764 4735 909 4803 quod
963 4733 1226 4789 Arsenius
1277 4748 1308 4787 e
1371 4731 1710 4801 patriarchio
1778 4731 1834 4786 in
1879 4746 2003 4786 mo-

424 4833 728 4888 nasterium
755 4837 949 4898 sponte
975 4827 1241 4898 profugus
1263 4827 1469 4896 scripto
1497 4839 1812 4895 expressam
1849 4824 2004 4879 abdi-

424 4924 700 4979 cationem
751 4922 881 4976 dare
939 4932 1163 4991 rogatus
1192 4927 1523 4985 recusasset,
1575 4929 1632 4972 ut
1663 4918 1867 4988 aliquid
1904 4917 2003 4972 ha-

423 5021 622 5076 berent
669 5017 890 5087 scriptae
940 5015 1180 5071 cessioni
1233 5013 1590 5085 aequivalens,
1623 5013 1690 5067 ab
1722 5028 1789 5067 eo
1827 5016 2002 5080 repeti

425 5126 649 5169 curasse
702 5109 1008 5180 βακτηρίαν
1063 5108 1156 5160 καὶ
1211 5103 1618 5177 λαμπαδοῦχον,
1654 5102 1900 5157 baculum
1952 5110 2005 5156 et

425 5204 826 5268 candelabrum,
874 5203 976 5257 rati
1026 5203 1070 5257 si
1110 5215 1175 5256 ea
1208 5199 1540 5254 reddidisset
1571 5213 1666 5267 per
1691 5212 1812 5268 quae
1852 5195 2006 5249 inve-

428 5298 593 5354 stitus
618 5294 994 5366 patriarchatu
1049 5293 1248 5355 fuerat,
1281 5291 1388 5344 hoc
1421 5289 1542 5359 ipso
1568 5287 1705 5343 satis
1732 5285 2004 5340 indicatu-

429 5405 554 5443 rutn
605 5387 722 5442 sedi
757 5374 830 5442 se
863 5387 1200 5444 renuntiare,
1232 5400 1295 5437 ac.
1323 5383 1551 5436 liberam
1581 5381 1790 5450 Synodo
1826 5379 2003 5433 factu-

429 5496 554 5536 rum
603 5479 670 5534 ad
713 5493 912 5541 novam
952 5476 1277 5546 patriarcha:
1317 5473 1642 5532 electionem
1673 5471 2005 5540 procedendi

430 5581 779 5644 potestatem.
816 5569 915 5625 Hic
949 5567 1258 5624 necessario
1293 5566 1357 5618 de
1388 5564 1612 5633 antiqua
1647 5562 1821 5616 forma
1853 5561 2008 5616 inau-

417 5662 737 5736 gurationis
763 5662 1146 5732 episcoporum
1183 5658 1542 5727 repetendum
1565 5670 1595 5708 e
1634 5652 2006 5708 monumentis

428 5755 817 5812 ecclesiasticis
844 5752 1050 5820 aliquid
1091 5761 1199 5806 est.
1231 5751 1472 5804 Primum
1515 5759 1698 5802 autem
1729 5747 2005 5801 admoneo

429 5849 889 5908 consuetudinem
923 5845 1184 5904 Ecclesiae
1226 5844 1460 5908 Latinae,
1497 5851 1554 5897 ut
1583 5844 1636 5897 in
1668 5841 1792 5896 aliis
1827 5838 2003 5912 pluri-

2111 4645 2243 4700 ergo
2273 4629 2559 4699 ιμπουλλα
2593 4630 2817 4700 lampas,
2853 4638 2906 4683 et
2940 4627 3326 4699 μονὰμπουλον
3356 4629 3688 4684 instrumen-

2112 4733 2226 4777 tum
2253 4723 2531 4792 portatile,
2562 4723 2649 4776 cui
2686 4728 2832 4775 esset
2865 4737 2969 4774 una
3014 4721 3222 4789 lampas
3247 4719 3444 4776 indita.
3478 4721 3680 4776 Verum

2113 4816 2202 4870 ubi
2251 4813 2564 4885 patriarcha
2608 4815 3263 4882 Constantinopolitanus
3314 4813 3690 4890 iiiatiguraba-

2113 4918 2221 4971 tur,
2252 4910 2386 4963 satis
2413 4908 2656 4978 prudens
2681 4909 2865 4977 quivis
2902 4906 3157 4977 intelligit
3189 4906 3400 4976 aliquid
3439 4890 3519 4963 illi
3553 4923 3687 4978 pras-

2111 5000 2258 5070 cipui
2305 5000 2535 5056 honoris
2587 5015 2750 5068 supra
2809 4999 3102 5068 episcopos
3149 4999 3340 5054 haberi
3399 5000 3678 5056 debuisse.

2111 5094 2382 5149 Nimirum
2425 5093 2556 5147 huic
2607 5091 2898 5162 prodeunti
2945 5091 3010 5145 ad
3041 5092 3303 5160 populum
3333 5107 3443 5148 non
3480 5092 3685 5162 μονάμ-

2114 5188 2313 5241 πουλον
2360 5196 2457 5240 aut
2495 5185 2909 5255 μονοσὰμόυλον
2940 5185 3358 5255 praeferebatur,
3413 5182 3508 5240 sed
3541 5185 3686 5255 quod

2115 5291 2302 5335 noster
2355 5279 2445 5335 hic
2493 5279 2654 5334 docet
2694 5287 2885 5332 auctor
2919 5278 3313 5348 διὸάμϐουλον.
3354 5279 3425 5333 De
3455 5278 3561 5334 boo
3597 5295 3687 5333 ro-

2113 5372 2308 5427 cabulo
2362 5371 2496 5440 quid
2561 5386 2659 5424 nos
2706 5369 2901 5424 doceat
2958 5369 3224 5433 Codintts,
3284 5369 3591 5425 videamus.
3640 5370 3688 5426 Is

2112 5466 2256 5521 libro
2317 5465 2393 5518 De
2451 5457 2648 5534 oﬂiciis,
2701 5479 2752 5518 c.
2793 5463 2856 5517 l0
2905 5461 2974 5518 de
3029 5461 3222 5527 festis,
3272 5463 3414 5516 dum
3452 5461 3690 5532 explicat

2114 5559 2392 5632 quomodo
2433 5572 2630 5628 pompa
2690 5556 3062 5611 instrueretur
3111 5560 3219 5626 qua
3272 5551 3573 5626 imperator
3621 5545 3691 5612 ad

2113 5652 2507 5710 celebrandum
2536 5649 2740 5704 Christi
2779 5650 2968 5704 Natale
3008 5651 3199 5705 venire
3255 5648 3588 5720 admittique
3632 5649 3689 5706 in

2112 5746 2402 5801 ecclesiam
2458 5741 2688 5804 solebat,
2723 5743 2799 5794 ait
2833 5751 3084 5810 paratum
3136 5742 3414 5797 adstitisse
3467 5741 3688 5812 larrtpa—

2113 5840 2325 5894 darium
2355 5853 2473 5890 cum
2516 5834 2816 5891 dibambulo
2849 5851 3009 5892 aureo
3047 5837 3100 5892 in
3135 5853 3319 5892 manu.
3351 5834 3533 5897 Verba
3555 5843 3685 5893 sunt
