4012 6236
269 363 369 429 733

1595 361 2110 427 GLOSSARIUM.

3443 365 3555 446 73L

264 477 511 538 Cadini:
549 475 948 551 Λαμπαδάριος
1000 475 1225 548 κρατῶν
1272 475 1337 531 τὸ
1378 475 1616 549 χρυσοῦν
1656 476 1852 548 asap-

1957 483 2121 530 antea
2152 470 2289 530 solis
2316 472 2586 546 Augustis
2617 481 2936 531 reservatus
2984 472 3181 542 honos)
3217 483 3344 553 ante
3399 479 3554 551 ipsos

264 570 479 628 σουλον.
506 569 652 641 Quid
677 571 755 628 ita
776 586 933 639 vero,
963 568 1073 627 nisi
1110 570 1243 641 quia
1274 568 1428 626 hunc
1452 569 1652 641 praeire
1684 585 1848 641 opor-

262 660 412 720 tebat
443 676 783 734 processuro
808 680 907 736 per
952 663 1219 734 templum
1255 663 1548 736 Augusto?
1592 661 1847 732 Quodsi,

266 766 324 812 ut
344 754 616 824 vidimus,
644 756 1086 828 μονοόἀμῦουλον
1104 765 1388 829 gestamen
1406 766 1527 815 erat
1544 757 1854 835 lampadem

264 848 485 904 unicam
514 849 786 907 insertam
813 850 1045 918 habens,
1066 850 1201 921 quid
1234 860 1404 907 restat
1432 853 1541 908 nisi
1577 862 1636 906 ut
1656 852 1856 921 ὀισάμ-

264 932 456 995 σουλον
487 941 867 1013 intelligamus
892 951 988 999 aut
1019 941 1294 998 lucernam
1327 943 1500 1000 fuisse
1541 943 1854 1017 bilychnis,

263 1033 442 1103 qualis
500 1035 762 1090 meminit
814 1035 1113 1092 Petronius
1163 1036 1220 1092 in
1278 1053 1460 1107 nuper
1508 1037 1660 1113 edito
1711 1040 1858 1110 frag-

262 1134 450 1179 mento
482 1124 869 1198 Traguriensi,
916 1138 1013 1184 aut
1066 1129 1496 1186 instrumentum
1541 1131 1688 1187 aliud
1736 1132 1858 1189 hill-

262 1216 392 1272 dum
424 1218 479 1273 in
510 1219 740 1277 duobus
779 1221 908 1277 hinc
938 1221 1069 1278 inde
1095 1223 1375 1294 protensis
1403 1224 1574 1280 ramis
1600 1228 1855 1298 geminas

262 1309 550 1379 lampades
601 1312 863 1369 ardentes
909 1313 1172 1370 habens?
1212 1313 1354 1372 Sane
1386 1317 1856 1387 opportunissime

261 1401 324 1455 ad
342 1402 487 1458 hanc
502 1419 620 1458 rem
652 1405 912 1461 admonet
931 1404 1242 1473 Balsamon,
1271 1406 1618 1477 imperatori,
1635 1408 1856 1479 quando

262 1490 314 1544 in
347 1492 804 1550 solemnitatibus
851 1495 1152 1552 accedebat
1198 1497 1266 1552 ad
1318 1500 1636 1564 ecclesiam,
1668 1501 1853 1572 dupli-

260 1597 378 1637 cem
437 1584 755 1654 lampadem
807 1585 1052 1656 praeferri
1095 1591 1493 1657 consuevisse;
1538 1591 1853 1648 ministrum

259 1691 482 1745 quoque
517 1687 852 1748 gestatorem
886 1680 1007 1751 ejus
1057 1680 1294 1752 duplicis
1343 1684 1612 1753 lampadis
1643 1684 1855 1754 lampa-

259 1769 478 1823 darium
541 1783 821 1828 vocatum.
860 1773 1036 1844 Igitur
1062 1776 1209 1846 quod
1238 1775 1454 1833 Cudino
1489 1779 1854 1834 dibambulum

261 1876 482 1916 aureum
525 1864 762 1931 dicitur,
785 1882 882 1923 vas
916 1877 1000 1923 est
1040 1870 1196 1940 juxta
1221 1869 1602 1925 Balsamonem
1636 1876 1853 1944 gemina

261 1953 520 2024 lampade
577 1957 813 2029 insigne.
848 1958 1030 2027 Quare
1083 1961 1168 2017 his
1224 1964 1548 2019 auctoribus
1580 1979 1690 2020 non
1723 1980 1858 2022 sane

256 2043 364 2116 jam
390 2046 702 2103 reformido
722 2051 842 2106 falsi
870 2053 1048 2107 dicam
1069 2054 1371 2125 impingere
1393 2055 1591 2111 Latino
1618 2057 1859 2114 Phrant-

258 2154 353 2202 sae,
386 2139 706 2196 dibambula
733 2159 830 2213 per
861 2147 1062 2200 atrium
1089 2152 1414 2217 exponenti.
1443 2150 1667 2206 Utinam
1695 2153 1855 2224 copia

259 2229 598 2302 inspiciendi
648 2235 878 2292 daretur
921 2239 1203 2310 archetypi
1253 2251 1560 2298 contextus.
1616 2243 1855 2311 Quaesivi

261 2320 355 2377 diu
417 2331 476 2379 et
546 2323 806 2392 sollicite,
863 2329 959 2384 sed
1010 2327 1237 2387 frustra.
1274 2331 1505 2389 Conﬁdo
1562 2343 1746 2391 tamen
1799 2336 1854 2392 in

259 2415 471 2485 Grates,
505 2421 554 2474 si
607 2419 819 2491 uspiam
849 2431 1050 2491 exstet,
1083 2427 1338 2482 oratione
1383 2428 1591 2484 nullam
1628 2446 1857 2502 prorsus

259 2509 423 2582 672
448 2513 836 2583 reperiendam
861 2518 988 2572 atrii
1021 2519 1380 2578 mentionem.
1401 2522 1470 2577 Et
1485 2523 1632 2595 quod
1650 2525 1860 2582 Phi-an-

267 2611 383 2660 ινδ
425 2606 739 2662 dibambulo
795 2610 850 2662 in
897 2609 1092 2679 plurali
1143 2613 1348 2682 posuit,
1379 2614 1689 2687 signiﬁcare
1725 2625 1858 2686 puto

264 2699 513 2756 voluisse
549 2702 771 2773 gemina
796 2704 1116 2760 candelabri
1151 2706 1398 2768 brachia.
1427 2725 1665 2780 quorum
1696 2725 1852 2766 suam

265 2792 710 2863 unumquodque
762 2793 1070 2852 sustineret
1125 2797 1456 2868 lampadem.
1509 2800 1644 2867 Quis
1702 2803 1852 2858 enim

263 2892 425 2953 neget
462 2895 696 2956 perapte
740 2885 940 2942 cadere
988 2901 1212 2943 sensum
1244 2890 1410 2945 istum
1443 2891 1496 2946 in
1527 2893 1645 2949 haec
1684 2896 1852 2950 verba

262 2990 378 3030 cum
407 2976 753 3049 lampadibus
788 2979 860 3033 ad
897 2979 1250 3037 dibambula.’

330 3071 551 3146 Opponi
588 3075 858 3132 adversus
899 3076 1019 3132 hac
1061 3086 1248 3148 posset
1298 3091 1364 3132 ex
1415 3078 1579 3132 modo
1629 3078 1854 3135 laudato

1959 576 2178 640 portata
2227 567 2520 638 conspicui
2583 567 2941 624 ambularent
2998 568 3054 624 in
3111 569 3388 636 ecclesia.
3433 580 3548 627 tam

1959 658 2138 730 prima
2167 659 2464 730 potestatis
2501 660 2862 730 usurpatione
2914 675 3076 730 quam
3111 660 3398 730 deinceps.
3431 660 3548 718 Eli-

1959 760 2052 822 gat
2112 752 2284 822 igitur
2340 767 2533 822 aequus
2591 752 2766 806 lector
2825 763 3012 808 utrum
3067 754 3240 819 malit,
3278 770 3344 808 an
3384 763 3544 809 actate

1959 860 2185 916 quoque
2214 845 2565 902 Balsamonis
2611 846 3263 917 Constantinopolitanos
3291 845 3379 918 1P.
3410 846 3542 920 472]

1957 937 2306 1008 patriarchas
2348 937 2403 993 in
2455 939 2633 1010 prima
2690 939 3114 994 consecratione
3165 955 3295 994 usos
3329 939 3544 996 dibam-

1957 1030 2113 1094 bulo.
2154 1031 2210 1086 in
2243 1031 2481 1100 reliquo,
2517 1031 2684 1085 etiam
2730 1031 3142 1087 solemnitatum
3187 1047 3539 1103 magnarum,

1958 1139 2059 1194 per
2093 1124 2386 1180 ecclesiam
2442 1124 2665 1180 incessu
2727 1124 3160 1180 monohambulo
3211 1136 3539 1195 contentos;

1957 1233 2025 1272 an
2059 1226 2320 1272 neutrum
2377 1217 2509 1272 dum
2565 1217 2855 1273 Balsamon
2883 1217 3183 1289 scriberet
3212 1216 3536 1274 concessum

1958 1311 2115 1383 ipsis,
2145 1322 2469 1381 utrumque,
2500 1322 2599 1369 aut
2632 1313 2826 1370 saltem
2859 1313 3036 1383 prius,
3070 1321 3202 1369 ante
3246 1313 3388 1367 hanc
3416 1311 3542 1368 edi-

1959 1415 2068 1461 tam
2099 1421 2128 1460 a
2163 1407 2508 1478 Pachymere
2537 1406 2827 1461 historiam
2859 1405 3175 1475 Byzantinis
3204 1404 3375 1459 fuisse
3406 1403 3545 1459 anti-

1957 1499 2183 1555 stitibus
2209 1515 2308 1571 per
2349 1515 2482 1564 suos
2518 1500 2800 1571 principes
2846 1499 3140 1554 indultum.
3169 1495 3542 1553 Conﬁrmatur

1957 1593 2117 1662 prior
2157 1594 2446 1663 responsio
2487 1609 2553 1646 ex
2582 1609 2648 1648 eo
2689 1591 2838 1663 quod
2871 1592 2947 1646 ait
2984 1591 3299 1655 Balsamon,
3325 1591 3544 1660 episcoc

1958 1684 2044 1754 pis
2073 1693 2275 1754 prmter
2299 1684 2668 1756 patriarcham
2692 1693 2748 1740 et
2773 1698 2976 1753 paucos
2995 1681 3198 1738 eximie
3222 1682 3543 1746 honoratos,

1961 1785 2022 1831 ut
2056 1775 2222 1849 Cypri
2261 1786 2316 1832 et
2347 1777 2614 1849 Bulgaria:
2645 1776 3128 1848 archiepiscopus,
3174 1775 3347 1830 fuisse
3377 1783 3541 1830 caete-

1961 1857 2338 1936 ris'negatam
2382 1869 2438 1924 in
2496 1883 2759 1939 processu
2793 1885 2890 1939 per
2919 1869 3228 1930 ecclesiam,
3274 1867 3540 1923 solemni-

1959 1958 2065 2015 bus
2095 1960 2260 2015 etiam
2319 1960 2538 2027 diebus,
2582 1962 2746 2016 unius
2802 1960 3180 2032 praelationem
3234 1959 3540 2028 lampadis;

1959 2067 2064 2123 qua
2115 2061 2296 2108 tamen
2335 2053 2460 2108 illos
2517 2053 2573 2109 in
2630 2053 2812 2124 prima
2868 2053 3064 2108 saltem
3121 2052 3544 2123 inauguratione

1960 2144 2128 2200 fuisse
2177 2144 2570 2200 cohonestatos
2620 2145 2708 2200 vis
2770 2154 2954 2215 potest
2995 2143 3066 2198 ob
3100 2142 3361 2213 superius
3393 2142 3543 2196 dicta

1958 2235 2223 2292 dubitari.
2273 2236 2478 2303 Quidni
2525 2252 2660 2307 ergo
2715 2237 2796 2293 sic
2849 2236 3070 2292 dicatur
3106 2235 3176 2290 de
3230 2234 3546 2306 patriarcha

1958 2329 2283 2399 quoque.in
2317 2329 2493 2400 prima
2550 2329 2630 2385 illi
2684 2328 3118 2398 inauguratione
3158 2327 3541 2382 dibambulum

1959 2439 2324 2490 concessum;
2369 2425 2423 2479 in
2469 2426 2701 2496 reliquis
2752 2426 3102 2480 caeremoniis
3143 2423 3543 2479 monobambu-

1959 2518 2074 2572 lum
2134 2517 2449 2574 duntaxat?
2484 2519 2754 2590 Superest
2797 2525 2860 2573 ut
2914 2517 3289 2587 veriloquium
3342 2532 3538 2572 vocum

1959 2612 2190 2666 istarum
2461 2610 2908 2681 μονοὸἅμσουΜν
2957 2620 3015 2665 et
3048 2607 3418 2680 δισάμσουλον
3455 2609 3542 2662 in—

1959 2704 2267 2774 quiramus.
2310 2704 2450 2758 Puto
2475 2703 2735 2774 equidem
2781 2719 2810 2758 e
2845 2703 3042 2758 Latina
3065 2716 3200 2758 voce
3225 2700 3541 2756 ebambulus

1961 2795 2187 2862 deduci,
2209 2805 2263 2852 et
2290 2806 2349 2851 ut
2377 2811 2516 2862 rem,
2555 2798 2627 2850 ita
2655 2811 2854 2851 nomen
2888 2796 2942 2850 in
2963 2795 3141 2874 aulam
3173 2794 3357 2850 Romm
3386 2808 3546 2848 nova:

1957 2903 1989 2945 θ
2037 2889 2211 2945 veteri
2259 2889 2550 2960 migrasse.
2601 2887 2662 2942 ln
2718 2889 2900 2943 aulam
2932 2888 3079 2954 dico,
3119 2903 3232 2942 non
3269 2887 3324 2940 in
3359 2886 3540 2939 ecclc-

1956 2980 2120 3038 siam.
2150 2981 2286 3036 Nam
2317 2979 2664 3052 pratiationes
2701 2979 3019 3050 lampadum
3052 2980 3327 3049 episcopis
3363 2991 3539 3048 usque

1957 3073 2028 3128 ab
2069 3075 2394 3146 apostolicis
2439 3075 2496 3129 in
2538 3075 2667 3130 Asia
2729 3074 2962 3130 usitatas
3019 3073 3361 3144 temporibus
3399 3071 3537 3126 scio.

263 3163 611 3238 Balsamone,
639 3170 980 3241 singularem
1029 3171 1388 3241 imperatoris
1421 3171 1590 3228 fuisse
1640 3189 1848 3244 praero-
1881 3174 1925 3231 C
1958 3167 2220 3237 Augustis
2267 3168 2491 3239 quidem
2551 3171 2734 3240 ignem
2802 3169 3084 3238 praelatum
3145 3167 3300 3239 prius
3348 3163 3540 3223 Romae

263 3261 504 3332 gativam
551 3264 790 3335 vprmviis
842 3263 1060 3319 duabus
1115 3281 1213 3336 per
1269 3265 1561 3322 ecclesiam
1595 3267 1853 3325 incedere

265 3354 639 3428 lampadibus,
680 3357 861 3428 qualis
906 3372 1011 3414 nec
1043 3359 1373 3429 patriarchae
1404 3375 1469 3415 ac
1501 3375 1571 3416 ne
1603 3360 1705 3430 ipsi
1729 3361 1857 3432 qui-

266 3444 388 3500 dem
415 3446 767 3520 imperatrici
795 3448 1168 3505 tribuebatur.
1202 3448 1298 3504 His
1326 3449 1474 3505 enim
1521 3450 1690 3506 tradit
1732 3449 1857 3505 Bal-

267 3552 460 3596 samon
479 3540 733 3612 singulas
767 3549 978 3597 tantum
1021 3539 1272 3612 praeferri
1317 3541 1511 3597 solitas
1552 3543 1852 3613 lampades.

266 3625 348 3683 Ad
373 3628 484 3687 hoc
511 3628 718 3702 duplex
751 3631 1040 3702 responsio
1065 3647 1186 3687 mea
1210 3640 1315 3688 est.
1353 3632 1509 3687 Prior
1542 3648 1556 3686 :
1593 3650 1702 3688 non
1731 3649 1855 3689 om-

268 3719 357 3776 nia
383 3739 515 3794 que.
543 3724 748 3797 primis
797 3724 1062 3797 auspiciis
1113 3725 1371 3781 ineundas
1407 3724 1698 3797 dignitatis
1734 3727 1856 3796 qui-

269 3811 498 3871 husdam
530 3817 952 3888 magistratibus
1004 3817 1249 3890 legitime
1307 3818 1606 3887 dabantur,
1656 3819 1852 3876 eadem

269 3905 458 3965 itidem
493 3909 981 3982 quotidiano'v‘ita:
1016 3911 1368 3994 usu.tribui.
1410 3911 1557 3980 Quot
1586 3928 1854 3970 caeremo-

268 3999 372 4057 niae
423 4001 866 4075 imperatoribus
897 4044 912 4071 ,
965 4003 1236 4076 regibus,
1319 4005 1446 4062 aliis
1503 4005 1856 4077 principibus

270 4092 674 4167 inattgurandis
738 4096 1120 4161 adhibentur.
1182 4115 1320 4169 quas
1373 4099 1528 4154 nefas
1577 4109 1660 4154 est
1708 4099 1854 4153 ultra

271 4184 422 4244 illum
462 4189 614 4244 diem
660 4190 873 4261 repetit
903 4188 994 4246 Sic
1024 4201 1079 4246 et
1113 4190 1169 4245 in
1207 4190 1536 4259 patriarchis
1581 4190 1855 4246 Constan-

270 4275 655 4349 tinopolitanis
711 4281 1029 4338 institutum
1087 4283 1260 4336 fuisse
1317 4286 1499 4352 potuit
1551 4294 1609 4337 ut
1677 4286 1853 4352 prima

270 4367 540 4428 duntaxat
601 4373 953 4430 ordinatione
1003 4374 1333 4429 dibambulo
1389 4374 1850 4442 honorarentur,

270 4463 482 4535 reliqua
521 4467 634 4522 vita
680 4483 808 4523 cum
877 4467 1170 4538 prodirent
1228 4484 1326 4537 per
1382 4468 1698 4532 ecclesiam,
1740 4484 1850 4522 non

1958 3277 2122 3331 quam
2153 3261 2638 3333 Constantinopoli
2676 3262 2833 3318 fateri
2871 3277 3102 3319 necesse
3143 3261 3404 3324 cautum
3428 3261 3539 3330 jam

1955 3354 2240 3412 Commodi
2269 3363 2434 3413 aetate
2489 3357 2740 3412 solemne
2772 3356 2960 3410 Romae
3010 3363 3158 3411 esset
3192 3355 3374 3425 ignem
3429 3354 3542 3408 Au-

1957 3450 2133 3521 gustis
2175 3448 2446 3519 praaferri.
2489 3448 2856 3516 Herodianus,
2890 3449 2928 3504 l.
2971 3465 3029 3504 ιε
3062 3448 3335 3503 Λουκιλλα
3370 3444 3437 3518 ἦν
3462 3445 3539 3514 τῷ

1957 3543 2234 3615 Κομμόδῳ
2282 3543 2637 3613 πρεσϐυτάτη
2673 3543 2894 3597 πάντων
2933 3542 3163 3611 ἀδελφή.
3207 3541 3357 3610 Αὕτη
3396 3539 3536 3608 7:96-

1956 3653 2115 3705 τερον
2145 3636 2362 3707 Λουκίῳ
2411 3636 2576 3708 Βήρῳ
2605 3635 2995 3706 αὐτοκράτορι
3032 3632 3368 3704 συνῴκει....
3420 3629 3537 3684 ἀλλ’

1951 3730 2083 3782 ἐπεὶ
2119 3729 2318 3800 συνέση
2361 3730 2454 3784 τὸν
2491 3730 2726 3786 Λούκιον
2771 3732 3122 3800 τελευτῆσαι,
3172 3728 3442 3797 μενόντων
3473 3728 3540 3796 τῇ

1956 3822 2228 3893 Λουκίλλῃ
2261 3823 2362 3892 τῆς
2417 3823 2694 3893 βασιλείας
2751 3823 3082 3893 συμσόλων,
3141 3819 3478 3892 Πομπηῖανῴ
3514 3821 3542 3872 ὀ

1956 3911 2138 3984 πατὴρ
2174 3912 2344 3983 αὐτὴν
2392 3913 2624 3979 ἐξέδοτο.
2665 3914 2833 3968 Οὐδὲν
2888 3907 3055 3986 ἦττον
3099 3913 3286 3982 μέντοι
3321 3913 3348 3964 ὀ
3389 3911 3540 3979 Κόμ-

1913 4058 1916 4061 .
1957 4003 2120 4073 μοδος
2155 4003 2421 4073 ἐφύλαττε
2456 4003 2554 4067 τὰς
2595 4007 2765 4074 τιμὰς
2793 4008 2861 4076 τῇ
2893 4005 3118 4073 ἀδελφῇ*
3148 4005 3244 4057 καὶ
3290 4003 3401 4071 γὰρ
3443 4002 3539 4055 ἐπὶ

1956 4095 2051 4150 τοῦ
2095 4097 2370 4166 βασιλείου
2409 4095 2600 4163 Θρόνου
2639 4097 2879 4167 καθῆστο
2909 4099 2967 4150 ἐν
2995 4099 3102 4160 τοῖς
3130 4097 3404 4166 Θεάτροις,
3441 4095 3538 4148 καὶ

1949 4188 2018 4242 τὸ
2073 4188 2184 4260 πῦρ
2223 4191 2656 4259 προεπόμπευιν
2691 4192 2884 4260 αὐτῆς.
2922 4190 3004 4245 En
3043 4190 3393 4246 Herodianus
3425 4191 3540 4244 Au;

1952 4284 2132 4353 gustis
2181 4285 2368 4338 Romae
2416 4285 2823 4354 imperantibus
2857 4294 3006 4340 tanto
3044 4296 3174 4340 ante
3213 4284 3534 4340 Constanti-

1953 4393 2089 4432 num
2124 4387 2179 4432 et
2215 4380 2483 4434 uxoribus
2512 4396 2706 4434 eorum
2736 4382 2923 4452 ignem
2947 4397 3166 4450 quaqua
3207 4381 3532 4435 incederent

1958 4471 2240 4540 praelatum
2287 4471 2445 4526 ducet
2473 4513 2485 4536 ,
2541 4484 2594 4527 et
2637 4475 2723 4547 (ut
2770 4475 2877 4529 hoc
2940 4476 3122 4530 obiter
3180 4473 3537 4546 admoneam)

269 4552 372 4610 nisi
404 4559 895 4616 monobambulum
931 4561 1066 4630 ipsis
1097 4560 1342 4630 praeiret,
1378 4568 1435 4612 ut
1472 4560 1660 4614 multis
1686 4560 1848 4614 hodie
1880 4552 1928 4611 Β
1956 4563 2106 4616 solus
2129 4561 2311 4627 docet,
2356 4579 2423 4618 ne
2459 4564 2728 4619 miremur
2758 4567 2839 4620 ab
2861 4583 2970 4623 uno
2997 4566 3274 4621 interdum
3309 4574 3536 4621 auctore

272 4646 551 4723 episcopis
595 4651 774 4723 primo
806 4653 1058 4724 ingressu
1109 4652 1164 4706 in
1221 4651 1389 4706 urbes
1432 4667 1564 4708 suas
1601 4652 1854 4707 umbellae

275 4735 542 4801 honorem
577 4744 698 4800 dari
729 4745 1005 4811 videmus,
1050 4746 1142 4815 qui
1193 4755 1383 4816 postea
1418 4755 1669 4812 negatur.
1699 4746 1878 4813 Alte:

274 4846 329 4888 ra
358 4852 377 4890 :
405 4839 542 4896 satis
567 4855 826 4911 magnum
862 4854 984 4895 esse
1014 4839 1312 4894 discrimen
1344 4839 1486 4893 inter
1513 4838 1854 4895 Baisamonis

272 4931 327 4979 et
376 4927 731 5003 Pachymeris
773 4940 1012 4988 atatem.
1062 4931 1198 4986 Nam
1253 4941 1476 4986 centum
1537 4930 1652 4985 fere
1692 4931 1873 4985 annis.

272 5014 560 5082 Balsamon
609 5024 946 5097 Paehymere
973 5024 1261 5093 antiquior
1292 5031 1397 5078 est.
1433 5024 1512 5078 Eo
1541 5032 1725 5077 autem
1767 5024 1855 5078 in-

275 5120 504 5176 ter-vallo
533 5119 709 5175 multa
746 5127 964 5175 constat
1010 5118 1064 5174 in
1113 5117 1539 5187 magistratuum
1585 5118 1853 5174 ecclesia-

279 5208 552 5270 lticornm-
572 5223 628 5270 et
651 5213 1001 5271 ncolarium
1039 5213 1417 5284 praerogativis
1451 5222 1506 5268 et
1539 5213 1853 5270 honoribus

279 5297 440 5361 fuisse
477 5309 787 5364 immutata.
808 5305 969 5364 Unde
1005 5321 1238 5374 pronum
1279 5315 1363 5360 est
1391 5307 1604 5361 creditu
1653 5307 1722 5362 ab
1752 5308 1855 5362 im-

281 5400 620 5462 peratoribus
661 5397 1050 5464 schis'maticis,
1096 5413 1256 5452 suum
1290 5397 1854 5469 Constantinopolita-

283 5498 405 5542 num
445 5492 705 5547 thronum
755 5491 820 5546 ad
861 5492 1124 5546 invidiam
1159 5502 1215 5546 et
1249 5491 1659 5559 depressionem
1686 5493 1849 5546 etiam

285 5583 522 5638 omnium
554 5584 717 5656 primi
763 5584 992 5639 Romani
1029 5584 1320 5638 ambitiose
1351 5584 1604 5638 attollere
1634 5594 1851 5638 certan-

285 5667 444 5735 tibus.
473 5676 633 5731 l’acile
687 5676 792 5730 isto
837 5676 1014 5744 spatio
1049 5689 1373 5729 concessum
1415 5683 1495 5737 ut,
1527 5689 1650 5727 cum
1687 5685 1848 5728 antea

291 5765 440 5846 cuius
467 5767 784 5838 praelatione
835 5767 1106 5837 lampadis
1140 5765 1469 5837 patriarchae
1501 5765 1849 5821 honorarcn-

293 5859 392 5922 tur.
419 5859 678 5931 deinceps
741 5857 984 5931 bilychni
1038 5873 1258 5928 quoque
1304 5858 1530 5914 lucerna
1570 5859 1682 5928 (qui
1731 5868 1848 5914 erat

1957 4655 2165 4724 scripto
2190 4665 2376 4711 notata
2411 4658 2641 4726 reperiri
2674 4658 2921 4728 quaedam
2963 4659 3092 4713 olim
3134 4674 3242 4714 usu
3271 4659 3538 4729 vulgatis-

1955 4749 2093 4801 sima
2145 4748 2375 4819 ideoque
2409 4753 2554 4821 quod
2607 4759 2739 4806 tunc
2775 4763 2963 4808 essent
2999 4753 3285 4807 notissima
3335 4753 3539 4810 litteris

1954 4839 2316 4894 scribentium
2347 4857 2452 4896 non
2489 4857 2769 4912 expressa.
2793 4843 2884 4898 Sic
2924 4844 3095 4898 fuisse
3137 4843 3193 4898 in
3231 4859 3331 4898 usu
3360 4859 3535 4914 quon-

1955 4930 2078 4984 dam
2108 4940 2162 4986 et
2201 4933 2380 5002 pretio
2415 4937 2706 5004 quemdam
2756 4936 3023 4989 honorem
3055 4935 3251 4989 bisellii
3282 4945 3536 4994 vocatum

1955 5026 2142 5092 (quem
2198 5035 2283 5079 est
2327 5026 2624 5081 verisimile
2665 5027 2828 5082 situm
2887 5027 3057 5083 fuisse
3103 5028 3158 5084 in
3215 5029 3535 5100 praelatione

1954 5115 2089 5168 sedis
2145 5119 2364 5185 gemina
2411 5117 2692 5186 aliquibus
2743 5119 2945 5174 eximie
2992 5121 3276 5190 concessa)
3324 5135 3393 5175 ex
3426 5136 3534 5178 una

1956 5223 2132 5278 nuper
2206 5209 2479 5279 exscripta
2537 5221 2594 5266 et
2645 5211 2860 5282 vulgata
2923 5223 3140 5270 constat
3192 5230 3291 5285 per
3351 5215 3534 5272 virum

1955 5301 2335 5358 doctissimum
2385 5303 2840 5360 Cbimemellium
2884 5306 3066 5362 Pisani
3115 5308 3413 5365 marmoris
3448 5309 3534 5365 in-

1956 5396 2551 5464 scriptione,.reliquis
2584 5413 2650 5452 ea
2690 5398 2756 5452 de
2790 5414 2847 5455 re
2877 5405 3169 5454 vetustatis
3201 5417 3530 5456 monumen-

1957 5490 2031 5542 tis
2070 5489 2384 5543 silentibus.
2419 5488 2573 5545 Unde
2603 5506 2702 5545 uec
2737 5492 2781 5546 si
2813 5493 3022 5563 primus
3058 5505 3114 5549 et
3141 5495 3291 5550 solus
3319 5495 3533 5567 l’achy-

1957 5598 2135 5636 meres
2161 5583 2328 5636 istam
2363 5584 2432 5637 de
2465 5600 2580 5652 qua
2622 5601 2771 5639 nunc
2811 5587 3026 5656 agimus
3080 5588 3384 5642 dibambuli
3433 5606 3533 5644 vo-

1955 5674 2152 5728 cabulo
2184 5672 2528 5744 designatam
2551 5677 2783 5746 geminae
2818 5677 3090 5747 lampadis
3130 5689 3257 5734 ante
3299 5683 3531 5748 patriar-

1952 5766 2111 5821 cham
2138 5766 2812 5839 Constantinopolitanum
2845 5773 3218 5843 praelationem
3253 5776 3534 5829 memoria

1955 5858 2311 5930 prodidisset,
2343 5859 2538 5917 mirari
2584 5863 2829 5934 prudens
2876 5865 3051 5921 lector
3082 5874 3175 5919 aut
3213 5873 3528 5932 suspectam
