4004 6234
467 303 576 370 735

1385 311 1449 372 P.
1493 313 1797 375 POSSINI
1835 294 2489 380 OBSERVATIONUM
2532 319 2678 381 LIB.
2712 318 2762 380 Ῑ.

3600 317 3708 378 ’736

461 418 632 476 unius
659 417 860 477 habere
910 417 1074 476 tidem
1127 430 1421 494 propterea
1454 424 1703 493 deberet.
1737 423 1844 480 Sed
1889 423 2034 495 quod
2069 433 2108 487 Α
2143 426 2332 497 censis)
2388 428 2674 481 celebraret
2703 467 2718 490 ,
2753 435 2801 481 et
2854 425 3073 494 quidam
3101 423 3295 495 flabelli
3354 425 3706 487 ministerium

460 509 732 579 cmpimus
777 527 1002 582 agamus
1053 513 1123 570 de
1168 509 1388 586 origine
1438 518 1589 574 vocis
1653 517 2037 573 dibambulum.

461 603 643 658 Credo
671 604 930 672 equidem
957 604 1273 663 ministrum
1309 609 1402 678 qui
1431 610 1615 664 lumen
1641 610 2043 678 imperantibus

461 691 652 747 Romae
708 693 990 764 praeferret
1043 698 1202 769 vulgo
1255 700 1464 755 dictum
1521 699 1878 765 obambulum,
1911 701 2041 769 quin

460 791 521 836 et
573 781 950 844 instrumento
976 797 1070 843 aut
1101 791 1214 844 vasi
1247 807 1356 860 quo
1409 791 1454 844 is
1484 791 1591 862 igni
1626 793 1896 861 portando
1925 801 2046 846 ute-

463 880 620 928 retur
650 875 901 931 eamdem
933 894 1153 950 quoque
1194 881 1623 950 appellationem
1656 883 2043 937 accommoda-

462 973 572 1018 tam
602 982 704 1021 usu
738 970 989 1039 populari
1018 987 1032 1038 ;
1078 979 1133 1026 et
1168 973 1439 1028 translata
1475 990 1573 1043 per
1617 974 2042 1030 Constantinum

461 1073 494 1112 e
527 1058 700 1114 Roma
753 1070 941 1117 vetere
982 1063 1037 1116 in
1085 1079 1285 1119 novam
1336 1067 1467 1121 sede
1526 1067 1788 1137 imperii,
1837 1083 2039 1123 nomen

463 1149 610 1205 idem
654 1151 862 1209 Latinae
892 1155 1123 1226 originis
1166 1157 1371 1214 Graicis
1411 1161 1614 1217 litteris
1641 1163 1938 1231 signatum.
1963 1161 2043 1216 Ac
2073 1223 2076 1226 ι

462 1256 590 1296 cum
635 1243 779 1299 forte
812 1255 1003 1315 postea
1031 1251 1328 1318 excoggitati
1355 1253 1562 1319 gradus
1601 1254 1788 1308 essent
1819 1253 1874 1309 in
1911 1269 2042 1324 par-

471 1334 796 1404 ticipatione
835 1338 1000 1409 hujus
1045 1341 1294 1407 honoris,
1344 1344 1417 1398 ita
1478 1353 1538 1398 ut
1579 1345 1664 1400 fax
1698 1356 1792 1401 aut
1831 1348 2042 1417 lampas

462 1425 630 1479 unica
667 1435 794 1481 ante
825 1429 1095 1498 quosdam
1128 1442 1464 1501 portaretur,
1488 1445 1615 1489 ante
1646 1435 1782 1490 alios
1815 1435 2038 1506 duplex,

459 1517 788 1586 explicatam
815 1522 972 1576 istam
1005 1524 1377 1580 differentiam
1406 1527 1634 1583 vocibus
1655 1527 1838 1585 Graeca
1868 1530 2041 1585 forma

459 1612 824 1679 compositis,
867 1613 943 1668 ita
997 1624 1055 1670 ut
1099 1616 1526 1672 instrumentum
1579 1619 1795 1674 unicam
1845 1635 2040 1688 gerens

459 1699 770 1771 lampadem
797 1706 1281 1774 monobambulum,
1311 1711 1560 1780 geminas
1595 1711 1805 1766 habens
1832 1713 2039 1768 dibam-

2143 519 2462 589 negligenter
2499 519 2780 582 exhiberet,
2828 515 3127 587 lampadem
3180 516 3390 586 impulit
3445 526 3507 570 ιι·
3536 517 3708 570 oleum

2138 625 2296 677 super
2326 608 2499 662 altare
2538 611 2694 678 fudit.
2741 609 2913 663 Erant
2972 623 3169 676 nempe
3223 607 3431 678 ριπίδια
3495 608 3707 686 lamina

2143 711 2336 756 tenues
2367 703 2421 756 in
2447 701 2654 756 alarum
2688 701 2895 756 formas
2923 711 3186 763 emensa,
3221 716 3340 770 qum
3372 699 3519 754 circa
3542 699 3708 756 Chrio

2141 793 2210 847 sti
2255 810 2481 863 corpus,
2521 792 2652 847 dum
2704 791 2757 845 in
2800 791 2962 845 altari
2993 793 3196 860 stabat,
3227 807 3254 844 a
3289 792 3559 846 ministris
3591 808 3711 847 mo-

2141 885 2432 941 vebantur.
2470 883 2786 939 Istiusmodi
2836 883 3199 939 instrumenta
3249 885 3350 938 tria
3393 901 3424 939 e
3470 886 3713 954 pretioso

2141 979 2260 1034 fusa
2306 979 2548 1044 metallo,
2605 979 2700 1032 sed
2749 989 2976 1032 contusa
3025 986 3120 1031 aut
3159 978 3437 1032 maculosa
3476 977 3712 1045 ideoque

2139 1071 2507 1142 reparationis
2537 1070 2778 1140 egentia,
2806 1068 3228 1137 haudquaquam
3265 1070 3441 1130 luere,
3490 1077 3549 1122 ut
3579 1070 3712 1132 alia,

2139 1162 2197 1216 in
2244 1163 2484 1232 priorem
2534 1159 2723 1214 relicta
2771 1169 2825 1212 et
2869 1158 3093 1212 climata
3146 1159 3398 1227 ﬁguram,
3432 1174 3622 1212 verum
3658 1161 3713 1214 in

2140 1253 2365 1308 unicum
2415 1252 2648 1307 conﬂata
2707 1248 3089 1305 dibambulnm.
3135 1251 3280 1302 Ἀντὶ
3314 1248 3409 1303 τοῦ
3444 1249 3708 1321 ἑδρασθῆ-

2139 1361 2227 1398 ναι
2263 1345 2356 1398 καὶ
2409 1343 2858 1414 εὐτρεπισθῆναι,
2897 1341 2973 1404 ὡς
3022 1342 3115 1395 καὶ
3149 1343 3220 1394 τὰ
3248 1341 3412 1394 λοιπὰ
3440 1342 3710 1412 ηὐτρεπίσ

2143 1437 2438 1507 censum."
2487 1438 2564 1499 εες
2596 1435 2964 1504 διῦάμδουλον
3006 1433 3566 1504 μετεσκευάσθησαν,
3608 1434 3715 1502 τῆς

2143 1525 2358 1595 μορφῆς
2427 1524 2534 1578 τῶν
2600 1524 2996 1596 ἐξαπτερύγων
3040 1524 3366 1592 ἀποπτὰσης
3416 1524 3447 1595 ἡ
3502 1525 3716 1578 ἀπελα-

2144 1614 2400 1685 σθείσης.
2444 1609 2643 1679 εἰπεῖνς
2700 1614 2756 1681 ἐξ
2809 1613 3028 1669 αὐτῶν
3099 1613 3271 1668 Priori
3304 1614 3477 1685 forma
3534 1616 3588 1667 in
3642 1615 3710 1668 iis

2142 1705 2349 1775 sculpta
2404 1707 2816 1761 Cherubinorum
2867 1707 2978 1762 κατ’
3009 1707 3107 1762 alis
3151 1711 3528 1763 instructorum
3582 1724 3716 1762 avo-

461 1792 645 1849 bulum
673 1809 988 1853 vocaretur.
1030 1800 1187 1855 Dicet
1221 1801 1424 1873 aliquis
1453 1803 1802 1858 commodius
1826 1807 2036 1860 dibam-
2070 1783 2108 1837 Β
2139 1798 2304 1862 laute.
2347 1809 2438 1854 aut
2473 1801 2614 1866 inde,
2652 1811 2706 1854 ut
2739 1803 2812 1855 sic
2851 1801 3043 1862 dicam.
3081 1801 3322 1870 expulsa.
3358 1801 3439 1855 En
3482 1817 3614 1870 ergo
3644 1817 3715 1855 cx

463 1884 640 1940 aulum
683 1889 891 1944 dictum
938 1891 1112 1947 videri
1147 1909 1302 1963 posse
1343 1895 1500 1964 quasi
1543 1895 1904 1966 dibampulum
1964 1899 2034 1953 ab

462 1980 732 2048 ampulla,
771 1982 983 2038 mollito
1009 2001 1040 2053 p
1074 1985 1128 2039 in
1160 1985 1211 2040 ὁ.
1245 1987 1409 2056 Atqui
1451 1988 1494 2042 si
1525 1987 1630 2044 hoc
1654 1999 1824 2054 esset,
1857 2007 2039 2044 mono-

461 2073 773 2127 bambulum
827 2090 895 2130 ex
960 2079 1208 2148 analogia
1247 2079 1472 2134 formari
1511 2080 1815 2137 debuisset.
1854 2084 2037 2154 Agno-

460 2179 683 2222 scamus
737 2183 868 2237 ergo
909 2171 963 2223 in
1004 2184 1141 2225 voce
1175 2172 1634 2226 monobambulum
1683 2189 1869 2229 veram
1925 2185 2035 2230 tam

460 2257 854 2314 monobambuli
918 2277 1081 2331 quant
1139 2262 1430 2318 dibambuli
1473 2264 1740 2336 originem
1780 2265 2034 2322 Latinum

457 2349 790 2404 vocabulum
813 2352 1173 2409 obambulum.
1199 2354 1324 2410 [hec
1350 2371 1469 2411 mea
1499 2357 1645 2412 circa
1677 2357 2035 2414 dibambulum

458 2433 844 2513 coniectanea,
890 2455 950 2500 ut
993 2447 1145 2502 soleo
1182 2463 1304 2525 meo
1338 2436 1560 2518 judicio,
1587 2448 1859 2516 difﬁdere,
1906 2466 2033 2507 cum

455 2534 586 2590 aliis
615 2535 964 2592 discutienda
1008 2538 1185 2593 obtuli
1219 2539 1352 2594 viris
1378 2540 1649 2609 eruditis,
1681 2552 1796 2596 tum
1829 2542 2036 2598 doctis-

456 2628 600 2685 simo
633 2627 801 2701 674
850 2639 908 2685 et
942 2630 1077 2686 mihi
1118 2631 1456 2687 amicissimo
1507 2632 1788 2689 Dominico
1829 2634 2034 2704 Hagrio

458 2722 721 2793 theologo
744 2724 997 2778 ecclesia:
1023 2724 1426 2798 Viterbiensis;
1458 2709 1553 2796 qui
1596 2741 1709 2780 rem
1741 2725 1876 2781 adeo
1906 2743 2035 2797 pro-

455 2814 612 2869 barit
673 2828 732 2871 ut
777 2818 986 2881 statim,
1022 2834 1144 2888 quae
1197 2817 1408 2874 dudum
1469 2819 1770 2889 scripserat
1827 2819 1882 2874 in
1924 2835 2032 2875 suo

452 2905 811 2964 Onomastico
852 2909 1235 2964 ecclesiastico
1278 2909 1496 2964 duabus
1524 2911 1637 2980 jam
1693 2901 2033 2968 editionibus

453 2997 697 3068 vulgato,
749 3015 979 3068 qumque
1039 2999 1091 3054 in
1148 3000 1329 3069 tertia,
1368 3000 1422 3054 in
1455 3015 1561 3071 qua
1612 3017 1761 3055 nunc
1806 3002 2030 3070 prmium

379 3097 385 3100 ‘
453 3090 704 3157 laborat,
756 3093 1078 3147 decreverat
1136 3109 1341 3164 ponere
1399 3093 1482 3166 [P.
1539 3093 1666 3167 475]
1700 3095 1766 3148 de
1803 3095 2026 3160 notione
2050 3099 2105 3192 ‘c

455 3179 608 3234 vocis
667 3181 1028 3236 dibambulum
1102 3182 1349 3253 opinioni
1406 3185 1628 3240 Meursii
1673 3193 1729 3241 et
1785 3185 2025 3240 Martinii

454 3283 848 3338 censentanea,
899 3275 955 3328 in
996 3291 1174 3330 meam
1208 3277 1540 3331 sententiam
1585 3278 1887 3333 refinxerit.

525 3367 804 3422 Hactenus
866 3367 933 3422 de
985 3369 1072 3423 his
1118 3371 1476 3438 scripseram,
1511 3385 1637 3424 cum
1671 3371 1810 3425 forte
1839 3372 2027 3426 incidit

456 3459 513 3514 in
547 3475 696 3515 meas
730 3476 924 3516 manus
955 3461 1194 3515 Historia
1222 3460 1411 3516 Graeca
1434 3462 1657 3516 concilii
1696 3462 2024 3528 Florentini,

454 3559 703 3612 auctore.
737 3561 797 3605 ut
847 3566 1096 3620 nuperus
1141 3551 1324 3606 editor
1354 3563 1534 3619 vocat,
1571 3552 1851 3625 Sylvestro
1892 3553 2027 3624 Sgu-

455 3644 694 3712 ropulo:
736 3644 830 3698 alii
885 3645 1221 3715 Syropulum
1279 3644 1488 3699 dictaui
1552 3647 1766 3702 volunt.
1823 3646 1882 3700 In
1922 3648 2026 3702 hoc

452 3751 555 3806 ego
608 3736 751 3792 libro
797 3736 980 3806 reperi
1017 3737 1355 3792 luculentam
1387 3737 1865 3794 conﬁrmationem
1899 3752 2029 3794 con-‘

454 3831 678 3900 iacturae
709 3828 778 3884 de
806 3828 1104 3884 dibambulo
1154 3845 1312 3896 mea,
1355 3846 1518 3899 quam
1570 3832 1790 3886 tacitam
1844 3839 2026 3886 trans"

453 3923 674 3978 mittere
715 3923 1061 3993 praevaricari
1117 3925 1208 3979 sit.
1251 3907 1447 3978 Narrat
1493 3922 1539 3978 is
1565 3923 1826 3993 scriptor,
1859 3938 1906 3978 c.
1936 3922 2022 3990 l7,

449 4025 586 4072 sect.
620 4016 672 4079 3,
709 4031 765 4086 p.
809 4015 898 4081 62,
932 4031 1059 4071 cum
1094 4026 1238 4071 esset
1285 4016 1598 4086 patriarcha
1631 4015 2025 4071 Constantino-
2067 4037 2070 4039 ν

451 4111 732 4180 politanus
759 4110 811 4165 in
845 4109 1134 4180 procinctu
1169 4108 1497 4165 desiderata
1525 4109 1628 4165 sibi
1658 4107 2024 4179 navigationis

452 4195 510 4251 in
552 4198 760 4253 Italiam
811 4199 878 4255 ad
913 4200 1212 4255 concilium
1247 4200 1357 4256 illic
1382 4199 1774 4255 celebrandum
1810 4207 1867 4254 et
1891 4213 2025 4254 con-

450 4292 696 4347 cordiam
731 4293 1097 4348 Ecclesiarum
1134 4293 1509 4356 statuendam.
1547 4291 2018 4362 voluisse,'repu-

451 4394 656 4454 gnante
702 4383 975 4455 Syropulo
1013 4395 1068 4441 et
1109 4386 1236 4440 aliis
1263 4385 1592 4456 quibusdam
1627 4387 1680 4440 in
1723 4385 2023 4440 schismate

2140 1891 2407 1947 relatione
2441 1891 2716 1963 Syropuli,
2755 1902 2863 1947 tres
2891 1893 3122 1948 laminas
3163 1901 3455 1964 argenteas
3486 1894 3714 1949 simula-

2138 1982 2249 2038 Cris
2288 1982 2731 2038 Cherubinorum
2777 1982 3013 2050 caelatas,
3041 1982 3093 2039 in
3125 2001 3293 2039 unum
3329 1985 3590 2040 conﬂatas
3623 1987 3713 2040 di-

2138 2073 2457 2128 bamlmtum.
2520 2075 2708 2128 Restat
2760 2076 2947 2129 videre
3005 2075 3138 2144 quid
3188 2077 3408 2130 tandem
3467 2076 3544 2131 rei
3581 2093 3710 2132 esse

2137 2165 2492 2221 dibambulum
2527 2169 2942 2233 existimaverit,
2975 2169 3082 2222 imo
3123 2178 3273 2223 certo
3321 2170 3528 2232 scierit,
3554 2179 3612 2224 et
3635 2185 3707 2225 ex

2138 2259 2356 2328 publica
2388 2269 2518 2315 tunc
2545 2260 2786 2314 omnium
2820 2259 3013 2313 notitia
3044 2260 3278 2315 innuere
3316 2260 3450 2314 satis
3489 2259 3703 2316 habue-

2138 2351 2209 2402 rit
2264 2349 2566 2420 Syropulus
2627 2350 2791 2404 idem.
2842 2349 3174 2419 [intelligitur
3234 2349 3286 2403 id
3352 2366 3416 2404 ex
3465 2350 3708 2420 quadam

2138 2442 2312 2512 ipsius
2340 2444 2699 2512 anguratione
2737 2443 2864 2497 inde
2899 2451 3116 2512 captata
3141 2485 3155 2506 ,
3193 2458 3356 2512 quam
3398 2443 3489 2498 his
3519 2445 3710 2500 verbis

2136 2551 2260 2591 mox
2296 2535 2534 2606 explicat
2569 2552 2582 2588 :
2615 2536 2724 2588 Καὶ
2782 2536 2907 2588 ἀντὶ
2955 2534 3050 2589 τοῦ
3102 2535 3223 2604 θεία
3284 2536 3706 2590 ἐναποτίθεσθαι

2135 2625 2411 2697 τραπέζῃ,
2453 2627 2528 2689 ὡς
2586 2625 2732 2698 ἱερὸν
2793 2627 3076 2696 ἀνάθημα,
3119 2627 3178 2679 τδ
3229 2625 3284 2679 δὲ
3315 2627 3704 2700 λαμπαδοῦχθν

2137 2718 2500 2787 περιάγεσθαι
2530 2713 2629 2773 ὧδε
2659 2720 2902 2782 κάκεῖσε,
2929 2719 3092 2792 675
3126 2720 3221 2773 καὶ
3242 2720 3317 2784 ὡς
3344 2721 3535 2792 ἔτυχεν
3569 2725 3709 2777 ἀπο-ι

2131 2809 2381 2866 τίθεσθαι
2422 2814 2514 2866 καὶ
2566 2811 2877 2883 ῥιπτεῖσθαι
2934 2812 3242 2882 προοίμιον,
3295 2808 3450 2867 εἶπεν
3505 2815 3572 2871 ἄν
3620 2832 3708 2879 τις

2111 2899 2293 2976 ίτοῦτσ
2344 2903 2443 2971 τῆς
2513 2902 2638 2954 ὅσον
2688 2899 2842 2954 οῠπω
2911 2900 3288 2972 γενησομένης
3315 2901 3705 2975 ,παρατροπῆς

2133 2990 2228 3046 τοῦ
2262 2992 2501 3061 καθαροῦ
2525 2979 2626 3045 ἐκαὶ
2652 2992 2947 3062 ἁκιὸδήλου
2987 2993 3086 3061 τῆς
3135 2989 3464 3064 Ἐκκλησίας
3494 2995 3706 3066 δόγμα-

2135 3101 2245 3148 τος.
2271 3082 2400 3140 Haec
2447 3093 2687 3141 sonant:
2721 3101 2786 3141 ex
2820 3086 2920 3141 ista
2951 3086 3283 3142 conﬂatione
3319 3087 3487 3142 trium
3519 3088 3705 3144 venti-

2134 3179 2413 3235 labrorum
2448 3196 2511 3234 ex
2547 3189 2772 3251 argento
2825 3178 3015 3236 formis
3053 3179 3496 3238 Cherubinorum
3544 3183 3706 3238 cala-

2063 3290 2068 3295 '
2131 3281 2340 3340 torum,
2400 3271 2457 3327 in
2512 3288 2682 3327 unum
2725 3273 3126 3333 dibambulum.
3179 3283 3541 3330 consecutum
3577 3288 3701 3331 esse

2129 3371 2191 3417 ut
2222 3362 2313 3418 illa
2345 3365 2573 3418 materia
2605 3363 2875 3420 exciderit
2902 3364 3114 3420 honore
3141 3380 3253 3436 quo
3290 3365 3509 3437 dignata
3547 3366 3703 3436 prius

2127 3455 2328 3520 fuerat,
2362 3455 2637 3512 insidendi
2691 3472 2861 3513 sacrae
2885 3472 3109 3512 .mensae
3149 3468 3205 3512 ct
3255 3474 3322 3514 ex
3357 3475 3419 3513 ea
3447 3461 3694 3531 speciem

2128 3556 2413 3620 augustam
2446 3549 2762 3605 ostentandi
2790 3551 2996 3605 circum
3020 3551 3447 3618 venerantibus,
3475 3553 3687 3625 deiecta

2128 3658 2259 3698 vero
2297 3641 2462 3698 fuerit
2509 3642 2567 3698 in
2608 3658 2771 3698 usum
2821 3643 2982 3713 longe
3009 3643 3282 3711 viliorem,
3312 3643 3518 3715 quippe
3555 3645 3696 3701 facta

2128 3732 2516 3791 candelabrum
2549 3734 2657 3789 huc
2689 3733 2930 3806 illucque
2962 3735 3233 3805 portabile
3263 3745 3318 3790 et
3350 3736 3555 3806 deponi
3603 3747 3695 3792 aut

2126 3826 2318 3898 projici
2349 3825 2529 3883 ubivis
2564 3827 2807 3882 solitum.
2839 3827 3012 3894 Quam
3064 3841 3179 3882 rem
3214 3825 3541 3899 Syropulus,
3588 3830 3682 3899 qui

2124 3917 2404 3990 negotium
2433 3919 2836 3974 conciliationis
2860 3918 3226 3974 Ecclesiarum
3261 3918 3560 3983 Graecaeac
3593 3920 3697 3977 La-

2126 4015 2257 4070 tinae
2279 4030 2380 4069 nec
2404 4013 2610 4085 suscipi
2632 4029 2875 4084 unquam
2904 4014 3165 4070 voluisset
3192 4030 3296 4069 nec
3318 4023 3699 4085 perpetratum

2125 4107 2370 4178 admisit,
2401 4108 2458 4162 in
2493 4122 2661 4162 omen
2703 4107 2884 4178 rapuit
2921 4123 3046 4162 mox
3078 4116 3349 4162 secutura:
3385 4107 3699 4176 perversiu-

2125 4200 2213 4256 nis
2244 4199 2368 4270 puri
2424 4209 2481 4254 et
2528 4199 2735 4254 sinceri
2792 4197 3050 4255 Ecclesia:
3107 4198 3419 4269 dogmatis;
3477 4201 3698 4269 qualem

2124 4293 2402 4357 evenisse,
2449 4293 2682 4358 sancita,
2738 4292 2986 4346 unanimi
3062 4291 3305 4347 Orientis
3363 4305 3497 4345 cum-
3541 4291 3700 4348 Occi-

2126 4385 2289 4441 dente
2320 4399 2616 4448 consensu,
2667 4387 2726 4439 in
2767 4398 2926 4438 sacro
2966 4382 3286 4438 Florentino
3315 4383 3558 4439 concilio
3598 4384 3698 4440 do-

448 4487 506 4529 et
537 4477 664 4532 odio
697 4477 1018 4532 Latinorum
1052 4477 1378 4541 obﬁrmatis,
1420 4477 1630 4548 portari
1674 4493 1862 4531 secum
1895 4492 2020 4530 vasa
2056 4486 2098 4541 ι)
2127 4477 2304 4532 etrina
2329 4476 2700 4546 processionis
2733 4474 2971 4545 Spiritus
3019 4474 3194 4530 sancti
3226 4490 3289 4529 ex
3336 4474 3497 4529 Patre
3529 4475 3689 4531 Filio~

449 4583 606 4623 sacra
649 4571 834 4623 omnia
867 4581 1070 4624 sanctae
1105 4571 1308 4640 Magnae
1335 4569 1594 4625 Ecclesia:
1626 4587 1639 4624 :
1670 4570 2024 4640 Πατριὰρχης

451 4662 899 4733 π;ρεκελιύσατο
950 4663 1348 4734 ἑτοιμασθῆναι
1419 4664 1513 4717 καὶ
1563 4664 1632 4716 τὰ
1669 4665 1790 4729 ἱερὰ
1850 4663 2021 4733 σκεύη

451 4756 631 4810 πάντα
659 4754 760 4826 τῆς
801 4756 1111 4824 ἁγιωτάτης
1149 4755 1402 4825 Μεγάλης
1439 4755 1790 4823 Ἐκκλησιας,
1831 4754 2024 4825 δυσχε-

454 4848 755 4915 ραινόντων
792 4849 848 4903 δὲ
881 4849 1058 4919 ἡμῶν,
1099 4859 1206 4902 etc.
1257 4849 1329 4902 Ea
1358 4848 1671 4911 occasione,
1708 4862 1829 4901 cum
1866 4862 2020 4903 sacra

453 4939 545 4993 illa
581 4955 708 4995 vasa
763 4948 1187 4994 recenserentur
1241 4940 1297 4994 in
1333 4940 1579 4994 sarcinas
1621 4938 1860 5008 liganda,
1899 4955 2020 5010 quae

449 5029 694 5098 ipsorum
733 5045 850 5084 aevo
899 5037 993 5084 aut
1040 5030 1203 5100 longo
1260 5044 1360 5084 usu
1393 5043 1556 5098 passa
1583 5027 1862 5097 quippiam
1905 5027 2024 5084 iue-

449 5131 594 5186 rant,
623 5122 1010 5177 reconcinnata
1043 5138 1105 5177 ac
1141 5132 1447 5178 restaurata
1474 5132 1639 5185 sunt;
1673 5123 1725 5176 in
1753 5139 1863 5192 quo
1890 5123 2017 5177 dum

447 5213 739 5268 elaborant
797 5215 1059 5277 artifices.
1109 5216 1344 5286 contigit
1385 5215 1571 5272 oﬂ'erri
1617 5216 1698 5271 eis
1735 5217 1834 5270 tria
1869 5216 2014 5286 ῥιπίο

445 5308 555 5360 δια.
593 5306 937 5378 Creygtonus
984 5310 1180 5364 inscite
1212 5311 1427 5380 pyxides
1465 5310 1649 5363 vertit.
1708 5308 2012 5362 Ventilabra

444 5401 592 5454 enim
626 5401 718 5454 illa
759 5418 858 5455 vox
914 5411 1094 5465 sonat.
1147 5413 1241 5457 aut
1281 5414 1339 5456 ut
1372 5411 1564 5457 auctor
1594 5402 1853 5470 antiquus
1877 5401 2013 5455 Vita:

447 5491 511 5547 S.
544 5491 691 5546 Petri
732 5489 1014 5558 Caveusis,
1050 5493 1192 5564 apud
1223 5492 1626 5549 Henschcninm
1660 5492 1745 5546 die
1771 5492 1803 5546 4
1839 5492 2015 5546 Martii

443 5601 494 5640 c.
529 5585 561 5640 4
590 5585 1070 5655 scribit,ﬂabella.
1124 5587 1300 5643 Verba
1350 5586 1472 5653 ejus
1517 5587 1604 5641 hic
1633 5601 1853 5655 ponam,
1884 5587 2011 5655 quia

445 5693 606 5732 usum
641 5678 750 5730 τῶν
783 5680 1033 5747 ριπιὸἰων
1074 5681 1126 5733 in
1170 5697 1328 5735 sacro
1359 5680 1605 5734 indicant
1640 5677 1809 5734 :Cum
1860 5678 2017 5731 Tere-

439 5772 546 5828 st'm'
594 5775 644 5826 in
685 5769 904 5829 ecclesia
943 5771 1000 5830 S.
1028 5773 1255 5830 Joannis
1313 5778 1499 5832 missas
1559 5775 1635 5845 (S.
1684 5773 1868 5828 Petrus
1907 5774 2011 5830 Ca-

2127 4585 2258 4638 que,
2296 4569 2385 4624 hic
2411 4569 2662 4639 pertinax
2706 4568 2762 4622 in
2810 4568 3007 4622 haeresi
3041 4575 3097 4622 et
3126 4569 3426 4626 schismate
3461 4569 3699 4638 scriptor

2127 4669 2334 4716 temere
2369 4676 2434 4715 ac
2460 4660 2780 4729 blaSpheme
2812 4675 2922 4714 non
2960 4666 3190 4713 veretur
3227 4656 3521 4715 alﬁrmare.
3558 4657 3697 4714 Illud

2127 4764 2311 4808 tamen
2365 4753 2483 4808 hac
2531 4753 2652 4824 ejus
2691 4751 2861 4821 impia
2889 4752 3156 4805 divinatio
3186 4751 3320 4805 mihi
3356 4749 3514 4806 aﬂ'ert
3549 4766 3702 4808 com-

2125 4845 2296 4909 modi,
2357 4856 2414 4899 ut
2459 4861 2524 4900 ex
2575 4861 2637 4899 ea
2693 4843 2980 4898 manifeste
3019 4852 3280 4910 appareat
3334 4841 3695 4896 dibantbulum

2122 4939 2271 4993 aliud
2296 4939 2432 4993 nihil
2463 4953 2630 5008 quam
2658 4935 3068 5006 λαμπαδοῦχον,
3094 4935 3525 4990 instrumentum
3556 4935 3695 4990 lam—

2121 5033 2354 5103 padibus
2401 5030 2683 5101 gestandis
2725 5032 2779 5084 in
2817 5045 3016 5101 pompa
3065 5029 3315 5100 praeferri
3365 5031 3694 5100 patriarcha:

2123 5123 2378 5189 solitum,
2415 5123 2574 5191 quale
2609 5123 2656 5176 is
2695 5137 3027 5192 processum
3069 5120 3126 5174 in
3161 5119 3371 5175 italiam
3414 5120 3547 5184 sibi,
3585 5137 3693 5191 quo

2122 5215 2359 5270 maxime
2387 5224 2677 5286 augustam
2727 5229 2910 5268 rerum
2946 5229 3168 5269 suarum
3213 5211 3452 5281 speciem
3479 5213 3692 5281 prabe-
3783 5215 3786 5218 ’

2121 5320 2201 5364 ret
2237 5308 2464 5372 Latinis,
2503 5325 2724 5363 curasse
2759 5317 2817 5361 ut
2848 5322 3008 5375 quam
3040 5307 3508 5376 speciosissimum
3545 5307 3690 5362 mole

2119 5417 2184 5457 ac
2227 5404 2405 5457 forma
2454 5411 2764 5471 pararetur.
2800 5401 2930 5455 hinc
2962 5399 3354 5469 intelligimus;
3382 5399 3527 5452 unde
3556 5400 3608 5452 in
3639 5398 3689 5453 id

2122 5511 2294 5550 unum
2327 5495 2554 5549 materia
2582 5509 2703 5564 quae
2747 5491 2924 5546 tribus
2962 5491 3150 5544 altaris
3187 5489 3332 5543 vasis
3372 5487 3688 5554 suﬂ‘ecerat,

2118 5601 2203 5644 est
2260 5589 2528 5656 impensa.
2580 5589 2643 5641 Et.
2691 5587 2920 5656 pertulit
2968 5583 3050 5656 [P.
3097 5580 3221 5653 HL]
3272 5597 3466 5641 revera
3530 5595 3688 5636 suum

2120 5680 2266 5735 istud
2315 5681 2396 5749 sic
2446 5679 2626 5733 fusum
2662 5693 2968 5748 cnsnmque
3018 5675 3380 5730 dibambulum
3415 5675 3690 5744 Josephus

2119 5773 2763 5843 Constantinopolitanus
2796 5771 3108 5843 patriarcha
3129 5771 3490 5838 Florentium,
3525 5769 3684 5840 idque
