4012 6236
330 247 404 309 737

1651 213 2167 326 GLOSSARIUM.

3396 258 3508 325 738

317 361 373 414 ibi
407 360 632 415 solemni
682 379 777 418 suo
815 366 880 419 ad
932 382 1126 438 papam
1182 386 1404 428 accessu
1432 383 1711 432 ostentare
1738 389 1850 432 stu-
1880 388 1920 442 Α
1955 377 2064 430 lum
2107 397 2223 432 cum
2274 379 2522 448 lunpude.
2554 374 2713 432 Aliud
2760 374 2907 431 enim
2956 382 3040 430 est
3104 375 3332 445 lampas,
3360 375 3508 434 aliud

312 452 426 506 duit.
481 453 749 510 Audiatur
803 457 944 512 idem
979 459 1306 533 Syropulus,
1365 483 1414 520 c.
1469 469 1562 530 2i,
1616 481 1753 524 sect.
1791 471 1843 535 4,

305 558 352 612 p.
378 543 439 597 99
470 561 482 596 :
531 543 662 598 Εἶτα
691 548 1057 620 διεμηνύσατυ
1089 557 1115 605 ὁ
1151 559 1503 630 πατριάρχης
1534 560 1610 630 τῷ
1639 565 1846 632 πάππα⁴

306 636 368 699 ὡς
404 635 653 705 βούλεται
684 641 776 693 καὶ
811 641 940 696 ίδεῑν
983 645 1182 711 αὑτὸν,
1217 649 1312 702 καὶ
1343 650 1429 704 ἵνα
1462 653 1602 726 τάξῃ
1629 656 1845 724 ἡμέραν

303 726 407 780 καθ’
434 728 496 797 ἢν
527 729 856 801 ἀποδέχεται.
887 736 1050 789 τοῦτο
1102 743 1362 811 ποιῆσαι*
1428 741 1627 799 Deinde
1675 748 1841 816 signi-

296 819 456 887 ﬁcavit
487 825 798 888 patriarcha
851 844 1006 898 papas
1045 831 1177 885 velle
1224 849 1278 886 se
1324 835 1497 904 ipsum
1529 837 1720 901 uisere,
1751 855 1842 891 ro-

298 929 406 982 gans
432 925 486 967 ut
506 915 643 1001 diem
675 920 986 975 admissioni
1008 925 1329 998 assignaret.
1359 927 1527 986 Paulo
1548 917 1692 1001 post,
1723 937 1840 987 ἐπι-

297 1003 478 1071 στάσης
529 1000 626 1057 οὖν
669 1006 769 1076 τῆς
800 1010 1209 1084 ἀποταχθείσης
1259 1018 1491 1089 ἡμέρας,
1539 1000 1658 1077 cum
1703 1040 1839 1083 prc-

290 1094 453 1182 stituta
492 1094 605 1150 dies
634 1097 957 1168 advenisset,
1001 1109 1079 1160 ait
1117 1106 1427 1179 Syropulus
1466 1114 1837 1182 patriarcham

292 1177 412 1277 inter
434 1192 628 1239 caetera
670 1201 794 1255 quae
829 1188 895 1244 ad
941 1177 1197 1265 pompam
1231 1177 1316 1254 sui
1341 1177 1537 1258 versus
1567 1219 1719 1275 papae
1743 1222 1840 1277 pa-

286 1269 456 1368 latium
511 1287 806 1340 processus
866 1284 1357 1344 commendandam
1404 1269 1667 1363 providii,
1721 1269 1840 1368 jus-

284 1357 403 1414 sisse
533 1362 645 1420 sibi
685 1369 1046 1429 dibambulum
1075 1387 1129 1432 et
1154 1357 1474 1441 dicanicitim
1505 1357 1836 1457 praferren-

285 1460 400 1554 tur:
444 1455 704 1554 muscas:
752 1463 808 1516 δὲ
839 1465 927 1519 ἵνα
965 1471 1240 1542 κατέχωσι
1290 1480 1385 1530 καὶ
1427 1455 1835 1554 τὸήδισὰμὸουα

277 1543 352 1595 λον
393 1548 481 1599 καὶ
515 1549 574 1602 τ’)
614 1551 920 1610 δικανίκιον
979 1561 1296 1634 ἔμπροσθεν
1360 1569 1548 1627 αὐτοῦ.
1605 1543 1704 1631 Est
1733 1575 1814 1614 ν’

285 1638 508 1694 κανίκιον
565 1642 891 1706 dicanicium
944 1655 1155 1724 aliquid
1220 1659 1401 1718 simile
1449 1653 1649 1722 bar”
1705 1643 1816 1698 mis

1949 480 2130 523 contus
2164 483 2372 538 gestam
2407 469 2728 540 lampadem.
2752 468 2907 534 Quod
2936 467 2981 523 si
3006 469 3508 542 contusintelliga-

1956 569 2044 614 tur
2077 561 2276 617 liilidus
2308 567 2434 617 dios
2465 560 2620 630 quasi
2659 573 2839 614 ramos
2877 558 3236 628 pretendens,
3270 575 3507 630 quorum

1948 653 2181 722 quisque
2234 654 2288 708 in
2330 666 2534 708 summo
2566 649 2765 705 habeat
2794 648 3034 704 loculum
3063 651 3343 720 capienda
3374 651 3512 706 lam-

1947 744 2073 813 padi
2097 754 2308 814 aptum,
2333 758 2514 799 veram
2545 740 2917 810 δισαμσούλου
2953 740 3316 807 espressisset
3347 741 3510 800 Gret-

1945 851 2106 892 serus
2164 839 2430 904 formam;
2489 843 2546 890 et
2605 834 2650 890 si
2689 833 2906 890 audiret
2955 844 3116 884 suum
3172 824 3533 904 Syropulum‘

1943 924 2225 999 Creigton‘
2276 929 2418 984 idem
2467 927 2584 998 ipse
2615 928 2821 982 sentire
2852 918 3144 976 debuerat.
3205 923 3298 979 Sic
3349 922 3500 977 enim

1943 1032 2053 1074 non
2100 1020 2374 1076 laboraret
2427 1019 2484 1073 in
2529 1007 2823 1072 divinando
2870 1025 3137 1079 quorsum
3193 1013 3238 1089 is
3274 1008 3495 1078 λαμπα..

1941 1107 2160 1180 δούχου,
2191 1099 2516 1166 ειηινωημῖιί
2545 1095 2877 1180 lampadibus
2911 1093 3176 1158 gestandis
3203 1113 3496 1156 accommo-

1948 1176 2070 1252 dati
2096 1201 2442 1255 memiowm,
2477 1202 2530 1240 γ,
2564 1187 2646 1241 δελ
2693 1176 2871 1238 faciat.
2919 1195 3125 1241 ponens
3163 1186 3216 1240 id
3260 1191 3496 1247 vocabu-

1939 1289 2054 1344 lum
2114 1293 2360 1347 umquam
2401 1278 2765 1335 synonymum
2808 1263 3196 1333 διϐαμσούλου.
3246 1268 3318 1324 Αι
3357 1271 3497 1325 nihil
3543 1280 3548 1288 ‘

1939 1369 2234 1432 mirabili.»
2264 1360 2349 1405 est
2372 1366 2537 1421 quam
2571 1351 2720 1422 quod
2755 1353 3000 1406 omnium
3046 1352 3244 1409 horum
3295 1355 3501 1411 oblitus

1933 1449 2214 1518 rfygton,
2248 1442 2376 1496 dum
2416 1457 2467 1498 c.
2509 1444 2602 1508 2i,
2636 1452 2772 1498 sect.
2811 1445 2865 1508 4,
2903 1461 2957 1513 p.
3009 1445 3098 1510 99,
3143 1447 3344 1504 iterum
3390 1447 3501 1503 illic
3533 1469 3538 1471 Α

1920 1543 2288 1587 memoratum
2334 1549 2364 1588 a
2399 1550 2500 1588 suo
2533 1535 2806 1606 Serpulo
2830 1537 3195 1605 διὸἀμϐουλον
3221 1540 3500 1609 interpre-

1920 1632 2088 1688 tatus,
2140 1629 2374 1680 astivum
2405 1627 2721 1696 papilionem
2784 1630 2836 1682 id
2893 1630 3156 1699 appellat.
3193 1631 3284 1686 'Et
3330 1631 3497 1688 Nuta-

276 1737 354 1783 sut
382 1733 555 1788 contis
604 1745 885 1809 argenteis
926 1750 1108 1814 specie
1141 1751 1414 1808 clavarw-
1442 1736 1629 1805 υύιεο
1674 1751 1815 1793 "133‘

1922 1733 2042 1771 rum
2103 1734 2157 1788 p.
2194 1718 2280 1785 18,
2316 1719 2461 1774 hunc
2495 1723 2673 1775 locum
2703 1721 3000 1792 indigitans
3024 1723 3102 1778 sic
3135 1725 3327 1779 scribit
3361 1741 3375 1779 :
3404 1726 3498 1778 Δια

275 1835 347 1877 sas
385 1827 602 1899 vocant)
647 1844 786 1900 quas
834 1836 1082 1904 praferri
1130 1839 1374 1894 νικωυε
1416 1826 1470 1880 5-
1505 1825 1568 1879 Β·
1599 1827 1659 1882 Eo
1693 1843 1816 1884 08r-

274 1913 563 1982 dinalibus,
641 1922 773 1977 dum
827 1929 1138 1984 solemniicr
1188 1916 1502 1984 incedunt;
1566 1920 1813 1989 qualium

274 2001 455 2064 Graecis
479 2013 817 2080 patriarcliis
857 2019 1175 2074 usmtorum
1223 2009 1813 2068 meminitChronicon

273 2095 672 2175 Constantinop.
727 2107 811 2161 his
864 2099 1050 2154 verbis
1099 2112 1116 2154 :
1161 2099 1344 2165 ’ἰδίαις
1380 2103 1538 2173 χερσὶ
1585 2102 1818 2158 δέδωκεν

269 2183 395 2262 αὐτῷ
418 2193 722 2248 δικανίκιον
755 2191 950 2244 πολλοῦ
982 2191 1152 2260 ἄξιον,
1182 2193 1302 2264 ἦτοι
1335 2194 1533 2265 ῥάϐδον
1567 2195 1817 2268 ἀργυρᾶν

267 2282 846 2356 περικεχρυσωμένην-
890 2281 1135 2352 Propriis
1197 2284 1444 2338 manibus
1502 2285 1646 2340 dedit
1715 2289 1816 2358 ipsi

267 2376 551 2432 dieanicium
620 2377 807 2446 magni
864 2377 1048 2445 pretii,
1087 2379 1195 2430 sive
1238 2378 1444 2448 uirgam
1509 2390 1817 2451 argenteam

264 2469 717 2524 circumauratam.
765 2469 964 2523 Motam
1034 2484 1165 2525 vero
1221 2485 1458 2541 pergens
1510 2471 1817 2544 Syropulus

268 2557 413 2612 luisse
457 2560 632 2614 refert
683 2561 1012 2629 patriarchas
1044 2565 1478 2618 controversiam
1513 2566 1580 2620 de
1623 2567 1816 2635 praela-

268 2649 393 2702 tione
439 2650 734 2706 dibambuli
771 2661 822 2706 et
859 2655 1154 2721 dicanicii,
1205 2655 1432 2711 dicente
1477 2656 1557 2711 illi
1620 2671 1817 2728 magno

267 2738 695 2814 cbartopbylace,
730 2746 814 2798 ὅτι
865 2745 1102 2799 ἐνταῦθα
1149 2746 1304 2801 οὐδὲν
1351 2748 1618 2817 ἀνήκουσι
1645 2765 1816 2819 προη-

263 2833 454 2900 γεῖσθαι
482 2838 682 2904 ταῦτα,
723 2837 890 2909 6'76
923 2838 1031 2894 ,καὶ
1075 2841 1124 2892 el
1155 2839 1383 2909 ὁρίσας,
1437 2840 1820 2909 καταλειφθεί-

261 2927 448 2983 τωσανό
469 2932 594 2987 Btec
618 2933 716 2986 hoc
737 2933 849 2986 loco
865 2935 1178 3004 prleges'tari
1209 2933 1344 2988 nihil
1368 2934 1597 2999 attinet;
1625 2951 1812 3005 quare,

1918 1812 2232 1883 σάμσουλον
2285 1817 2338 1870 in
2397 1819 2492 1870 hoc
2534 1816 2648 1871 loco
2699 1820 2844 1872 omni
2897 1819 3054 1872 dubio
3084 1819 3272 1890 procul
3320 1820 3496 1878 velum

1915 1905 2180 1977 signiﬁcat
2218 1907 2593 1962 umbratile....
2637 1908 2773 1963 illud
2828 1911 2968 1964 enim
3028 1911 3200 1965 velunt
3254 1911 3401 1977 dum,
3431 1921 3490 1968 ut

1914 1997 2157 2052 umbram
2211 2011 2428 2064 arceat,
2469 2018 2502 2054 a
2529 2010 2682 2054 conto
2712 2000 2940 2072 longiori
2978 2019 3144 2073 supra
3175 2005 3368 2073 capitis
3401 2005 3491 2074 fa-

1913 2091 2128 2161 stigium
2177 2092 2512 2160 explicatur,
2547 2096 2829 2149 incurvum
2875 2105 2924 2149 et
2967 2107 3296 2152 cameratum
3328 2097 3496 2165 {orni-

1915 2199 2026 2236 cem
2054 2193 2419 2254 reprtesentat,
2451 2185 2575 2240 dum
2614 2204 2795 2242 rursus
2833 2189 2904 2242 ad
2941 2199 3152 2243 contum
3199 2191 3491 2255 reducitur,

1917 2285 2215 2330 ventrosam
2263 2277 2603 2350 lagunculam
2646 2289 2740 2334 aut
2791 2281 3102 2351 ampullam.
3156 2280 3216 2336 In
3261 2281 3350 2336 his
3381 2297 3494 2338 non

1917 2382 2106 2435 quaero
2143 2385 2244 2422 cur
2284 2371 2501 2425 dicatur
2546 2372 2797 2437 umbella,
2827 2374 2964 2438 sive,
3019 2384 3077 2427 ut
3107 2372 3382 2445 Creygton
3413 2375 3496 2430 lo-

1918 2461 2144 2528 quitur,
2191 2464 2400 2516 a'stivus
2440 2465 2663 2532 papilio.
2710 2465 2951 2519 umbram
2982 2481 3181 2531 arcere,
3230 2481 3354 2520 cum
3392 2465 3494 2523 solt

1920 2555 2103 2620 potius
2132 2554 2358 2607 arcendo
2409 2553 2497 2624 [P.
2549 2556 2675 2629 £75]
2709 2565 2763 2613 et
2806 2557 3016 2612 umbrre
3046 2559 3312 2615 faciendae
3341 2575 3492 2615 com-

1920 2656 2170 2713 paratum
2223 2650 2495 2720 ejusmodi
2541 2650 2967 2707 instrumentum
3012 2653 3106 2710 sit.
3144 2653 3284 2708 lllud
3325 2653 3495 2708 etiam

1917 2747 2082 2808 atque
2131 2742 2293 2796 etiam
2339 2743 2613 2813 explicare
2657 2742 3029 2816 Creygtonum
3079 2761 3148 2800 ne
3195 2755 3492 2817 gravetur,

1918 2845 2074 2902 rogo.
2121 2846 2228 2902 qua
2258 2835 2475 2890 tandem
2520 2834 2737 2892 ratione
2779 2837 3058 2892 metallum
3112 2838 3273 2890 trium
3335 2837 3494 2907 pyxi-

1916 2923 2041 2978 dum
2075 2925 2298 2981 conllari
2343 2927 2398 2982 in
2449 2928 2612 2999 677
2655 2945 2824 2984 unum
2877 2933 3112 2986 a'stivum
3162 2921 3492 3000 papilionem

258 3019 298 3072 εί
337 3023 423 3076 ab;
458 3025 704 3090 υίαεηη,
763 3025 1156 3096 umquam“...
1207 3024 1411 3082 (ςοηιη
1463 3035 1644 3082 tamen
1697 3038 1818 3082 ιεη-
1841 3054 1884 3112 c
1919 3017 2033 3071 sive
2064 3019 2357 3074 umbellam
2388 3023 2654 3092 potuerit.
2696 3021 2803 3077 Sed
2843 3025 3026 3078 omnia
3062 3024 3180 3080 haec
3211 3023 3490 3080 arbitran-

259 3108 403 3168 dente
440 3115 756 3183 patriarcha
779 3156 794 3180 ,
850 3118 1107 3172 convenit
1153 3107 1222 3171 3d
1278 3129 1588 3173 extremum
1643 3118 1816 3174 solius
1848 3107 1883 3112 “
1917 3109 1987 3164 da
2023 3126 2180 3181 :equo
2209 3120 2264 3168 et
2303 3113 2524 3170 erudito
2562 3115 2756 3172 lectori
2797 3114 3190 3186 permittantur
3222 3134 3235 3170 :
3266 3114 3490 3172 interim

259 3201 542 3260 dibambuli
597 3208 976 3277 praelationem
1031 3209 1233 3264 omitti.
1296 3211 1463 3279 Ομως
1513 3212 1696 3280 ἀφῆκε
1756 3212 1816 3266 τὸ

257 3293 626 3367 δισάμσουὶρν.
680 3299 1009 3356 Candelabri
1062 3301 1219 3357 biﬁdi
1271 3305 1654 3374 praegestatio,
1691 3315 1817 3359 tan~

256 3402 403 3456 quam
453 3393 521 3447 ab
563 3407 669 3448 usu
724 3393 779 3447 in
828 3393 983 3447 ltalia
1031 3402 1251 3463 recepto
1281 3395 1449 3449 nimis
1496 3395 1699 3462 aliena,
1729 3397 1813 3452 vel

254 3481 400 3536 aliam
455 3483 762 3554 quamlibet
819 3485 888 3539 ob
928 3500 1186 3550 causam,
1220 3487 1365 3542 ultro
1419 3502 1450 3541 a
1499 3488 1813 3557 patriarcha

257 3577 468 3632 remissa
516 3589 606 3633 est
640 3597 653 3633 :
687 3577 988 3633 dibambulo
1053 3577 1201 3634 domi
1277 3579 1496 3636 relicto.
1555 3581 1814 3638 Potuitne

255 3667 440 3724 clarius
473 3671 648 3726 astrui
697 3687 726 3724 a
759 3686 845 3726 me
879 3670 1035 3740 prius
1071 3671 1266 3726 tradita
1313 3671 1682 3743 διϐαμὸούλου
1717 3689 1814 3730 no-

257 3759 363 3814 tio?
391 3761 596 3819 Tamen
640 3765 745 3819 hoc
793 3763 930 3818 mihi
958 3763 1213 3835 Syropuli
1240 3765 1560 3836 sullragium
1593 3767 1811 3837 eripere

253 3850 506 3925 Creygton
543 3861 823 3927 interpres
851 3869 1082 3912 conatur
1111 3875 1124 3911 :
1163 3873 1271 3927 quo
1303 3873 1584 3925 successu,
1619 3860 1812 3915 viden-

253 3943 370 4000 dum
423 3950 590 4004 modo
620 3955 813 4004 restat.
867 3949 956 4004 Ille
1008 3949 1175 4018 priori
1227 3965 1291 4003 ex
1341 3944 1599 4006 indicatis
1648 3951 1806 4015 locis,

251 4051 299 4092 ο.
331 4040 410 4102 l7,
434 4049 570 4098 sect.
592 4044 647 4103 '5.
672 4058 731 4112 p.
767 4041 854 4104 6‘2,
888 4042 1054 4096 verba
1090 4043 1201 4105 illa,
1231 4045 1298 4095 τὰ
1328 4044 1383 4097 δὲ
1409 4044 1545 4113 (hoc
1571 4052 1656 4098 est
1683 4044 1809 4112 τρία

256 4128 467 4203 ριπίδια)
497 4134 580 4196 sl;
608 4133 975 4203 5t6dp6ou).ov
1006 4136 1549 4205 μετεσκευάσθησαν.
1575 4137 1658 4190 sic
1690 4153 1809 4190 vero

255 4217 310 4273 lit
341 4239 353 4276 :
384 4221 485 4277 Sed
517 4227 693 4280 hem...
720 4236 821 4278 tres
855 4227 1070 4294 pyxides
1120 4230 1174 4278 in
1209 4242 1394 4293 unam,
1436 4228 1527 4279 sed
1569 4228 1807 4280 eamdem

253 4316 296 4360 cl
341 4315 601 4381 geminam
652 4315 948 4385 ampullam
997 4315 1257 4385 prodiere.
1320 4315 1465 4370 Idem
1538 4333 1699 4385 porro
1750 4319 1803 4370 in

1916 3201 2070 3268 dum,
2116 3219 2238 3274 qua:
2273 3206 2441 3260 multa
2475 3220 2574 3261 nos
2603 3218 2805 3262 vocant
2838 3207 2965 3273 alia,
3007 3209 3418 3278 prosequimur.

1985 3302 2195 3368 Διωρία
2243 3320 2298 3372 p.
2354 3302 2479 3358 389.
2517 3303 2696 3358 Videri
2755 3313 2940 3374 posset
2994 3305 3220 3374 διωρίαν
3252 3303 3344 3358 hic
3376 3298 3490 3357 dici

1913 3393 2149 3450 duarum
2190 3395 2451 3451 horarum
2482 3399 2744 3468 spatium,
2792 3399 2936 3454 sicut
2982 3401 3262 3453 trihorium
3290 3399 3490 3467 (Auso-

1915 3486 2011 3540 nio
2039 3495 2217 3556 poetae
2267 3497 2530 3558 usurpata
2589 3492 2715 3559 vos)
2754 3500 2862 3546 tres
2895 3491 3058 3547 horas
3093 3491 3302 3546 iudicat
3337 3508 3351 3543 :
3390 3491 3487 3548 sed

1915 3593 2024 3634 non
2075 3588 2162 3634 est
2192 3579 2289 3634 ita.
2323 3581 2454 3636 Nam
2484 3582 2677 3652 glossm
2724 3593 2939 3639 veteres
2973 3585 3275 3638 universim
3318 3599 3491 3653 expoo

1915 3675 2053 3720 nunt
2100 3666 2293 3738 διωρία
2323 3669 2681 3735 intercapedo,
2719 3674 2971 3740 spatium.
3000 3671 3060 3728 Et
3088 3672 3284 3728 Suidas
3312 3690 3325 3726 :
3356 3673 3489 3728 διωο

1916 3758 2027 3829 ρία,
2057 3759 2343 3828 ἀνακωχὴ,
2381 3761 2526 3829 quod
2560 3763 2755 3830 probat
2787 3763 3022 3817 adducto
3051 3765 3234 3818 statim
3267 3764 3387 3822 loco
3419 3781 3489 3820 ex

1911 3850 2170 3918 quodam,
2217 3862 2276 3905 ut
2307 3861 2555 3922 apparet,
2585 3854 2851 3907 historico
2885 3871 2897 3908 :
2926 3856 3095 3920 Δόξαν
3120 3856 3164 3909 δ’
3199 3857 3485 3914 ἐπανεῖναι

1911 3941 2008 4013 τὴν
2054 3943 2401 4014 πολιορκίαν,
2437 3946 2529 3998 καὶ
2581 3945 2807 4014 διωρίαν
2853 3946 3056 4015 βουλῆς
3093 3950 3206 4010 τοῖς
3261 3966 3488 4002 στασια-

1912 4035 2063 4096 σταῖς
2094 4039 2416 4104 παρασχεῖν.
2463 4034 2590 4090 Cum
2628 4045 2804 4089 autent
2853 4048 2982 4092 esset
3011 4041 3179 4092 uisum
3216 4041 3490 4094 remitten-

1910 4127 2032 4178 dam
2081 4129 2524 4196 oppugnationem
2579 4130 2720 4181 urbis
2775 4136 2822 4182 et
2873 4133 3105 4199 spatium
3157 4123 3488 4186 deliberandi

1908 4220 2168 4272 seditiosis
2211 4220 2467 4272 dandum.
2504 4219 2646 4288 Ergo
2687 4230 2741 4274 et
2797 4222 2849 4272 in
2881 4221 2983 4276 hac
3011 4223 3222 4292 reliqua
3255 4223 3484 4277 historia

1912 4321 2103 4364 noster
2135 4311 2427 4380 aliquoties
2465 4311 2691 4378 διωρίαν
2739 4328 2838 4382 pro
2874 4328 3024 4367 mora
3058 4322 3111 4366 et
3143 4316 3340 4384 spatio,
3373 4331 3486 4385 quo

255 4404 384 4460 notis
429 4409 494 4463 ad
549 4423 676 4464 eum
725 4410 905 4464 locum
948 4409 1108 4463 docet
1157 4428 1169 4462 :
1211 4409 1563 4479 dibambylum
1616 4425 1735 4463 esse
1777 4411 1887 4471 aD
1919 4411 2164 4461 cessatur
2216 4411 2310 4454 aut
2363 4401 2723 4468 deliberatur.
2783 4403 2955 4472 ροηίι»
3015 4414 3073 4458 ut
3131 4420 3254 4474 pas.
3319 4407 3420 4460 497
3465 4426 3480 4463 ε

252 4490 428 4553 Latina
462 4516 592 4556 voce
618 4501 879 4570 ampulla,
913 4515 1219 4570 sonareque
1245 4500 1537 4570 ampullam
1572 4503 1807 4572 bigattu-

256 4605 349 4642 rem
377 4597 580 4661 gemino
612 4611 701 4647 ore
726 4611 816 4647 seu
853 4595 1126 4664 epistomio
1161 4610 1387 4664 superne
1419 4594 1672 4648 hiantem.
1708 4596 1810 4650 De-

256 4682 434 4739 buerat
466 4699 649 4741 autem
695 4687 898 4742 addere
934 4701 1098 4756 quem
1128 4700 1285 4739 usum
1321 4685 1426 4741 tale
1462 4702 1556 4740 vas
1598 4689 1808 4744 habue-

254 4776 334 4841 rit,
367 4789 457 4832 aut
500 4795 661 4849 quam
688 4780 760 4834 ob
787 4794 1031 4844 causam,
1058 4781 1205 4833 ituro
1235 4777 1289 4830 in
1319 4778 1532 4832 Italiam
1569 4781 1806 4849 patriar-

253 4868 341 4922 cha
387 4870 813 4926 instrumentum
846 4871 966 4940 ejus
995 4870 1183 4926 forma:
1216 4879 1322 4925 tam
1357 4871 1595 4926 sollicite
1647 4888 1808 4942 para-

258 4967 356 5015 tum
396 4966 580 5030 fuerit,
616 4966 797 5019 tribus
827 4965 992 5019 etiam
1034 4965 1209 5019 sacris
1250 4977 1319 5019 ex
1365 4965 1526 5018 altari
1560 4966 1708 5019 vasis
1748 4967 1804 5021 in

257 5053 302 5106 id
329 5058 568 5114 conﬂatis
599 5076 611 5112 :
645 5065 941 5112 contentus
965 5056 1170 5111 erroris
1192 5056 1455 5112 damnare
1486 5056 1804 5114 Gretserum

257 5148 518 5214 lesuitam,
554 5152 700 5223 quod
744 5150 839 5204 lib.
870 5151 1174 5205 Comment.
1223 5150 1279 5204 in
1326 5149 1523 5204 Codin.
1572 5152 1626 5216 5,
1664 5167 1713 5206 c.
1750 5153 1801 5216 l,

259 5258 304 5308 ι).
330 5244 425 5298 ΞΠ
454 5246 803 5314 dibambylnm
834 5261 948 5297 cum
984 5243 1226 5312 lampade
1253 5244 1549 5312 confundit.
1578 5245 1635 5299 Id
1675 5262 1802 5300 vero

260 5333 498 5394 Gretscro
534 5339 669 5393 falso
699 5336 1024 5406 imponitur.
1056 5337 1105 5389 ls
1138 5337 1281 5389 enim
1317 5337 1391 5390 ibi
1436 5347 1645 5390 tantum
1672 5338 1802 5391 dicit

259 5427 347 5482 sibi
405 5433 535 5488 alias
580 5447 686 5484 non
732 5429 1081 5497 displicuisse
1143 5428 1508 5498 διὸάμὸουλον
1560 5429 1666 5483 dici
1707 5447 1804 5483 au-

261 5535 386 5574 reum
416 5537 618 5579 contum
673 5523 757 5576 cui
813 5521 1017 5589 lampas
1077 5521 1478 5588 imponebatur,
1513 5523 1602 5573 sed
1646 5539 1698 5574 se
1748 5523 1803 5574 in

261 5613 356 5666 alia
390 5631 547 5674 mente
576 5635 714 5670 nunc
745 5632 872 5669 esse.
903 5616 1006 5681 Qui
1043 5617 1143 5669 etsi
1211 5631 1316 5670 non
1368 5625 1634 5670 [uitiasset
1674 5632 1802 5670 sen-

267 5707 483 5778 tentiam,
521 5710 627 5765 dici
673 5725 780 5765 non
807 5715 990 5779 posset
1014 5723 1139 5762 cum
1189 5709 1485 5780 confudisse
1529 5709 1800 5780 dibamby-

1923 4496 2282 4565 Ἐνδιωρίαις
2327 4494 2492 4548 ἐτίθει
2543 4495 2608 4546 τὰ
2649 4499 2764 4547 κατ’
2793 4500 3022 4551 ἐκεῖνον.
3062 4498 3246 4554 Utitur
3279 4509 3332 4554 et
3379 4503 3485 4559 hoc

1911 4590 2179 4644 vocabulo
2240 4589 2298 4644 S.
2355 4589 2523 4643 alilias
2558 4588 2710 4642 Nilus
2756 4605 2808 4642 in
2840 4592 3066 4657 epistola
3107 4593 3261 4664 juxta
3289 4595 3488 4652 editio-

1909 4697 2033 4736 nem
2089 4694 2332 4735 nostram
2369 4682 2488 4744 £50,
2542 4697 2598 4752 p.
2634 4683 2836 4754 ’159(ἰη
2869 4687 3175 4754 posteriore
3213 4695 3270 4743 et
3315 4690 3474 4761 longe

1908 4776 2157 4848 pleniore
2188 4776 2457 4851 Alla__tiana
2489 4785 2575 4831 cst
2607 4777 2732 4840 ⁸215,
2765 4779 2801 4831 l.
2834 4794 2916 4857 nt,
2942 4794 2994 4849 p.
3039 4779 3168 4846 396,
3213 4781 3478 4852 inscripta

1913 4873 2242 4935 Rodomino,
2281 4888 2402 4928 eum
2453 4874 2505 4927 in
2559 4873 2859 4943 archetypo
2893 4872 3037 4928 unde
3070 4874 3337 4944 descripsi
3370 4882 3482 4930 sie-

1909 4966 2064 5022 diceo
2100 4967 2287 5021 codice
2323 4966 2451 5020 olim
2487 4967 2711 5036 legerim
2742 4982 2843 5037 ego
2877 4973 2933 5020 et
2958 4967 3227 5022 ediderim
3257 4969 3482 5025 Rhodo-

1908 5062 2114 5132 nymo).
2157 5059 2235 5112 lbi
2261 5074 2391 5129 ergo
2421 5059 2534 5113 [nec
2565 5060 2884 5129 loquentem
2917 5058 3048 5114 facit
3074 5070 3297 5116 sanctus
3316 5061 3480 5118 Pater

1906 5164 2255 5223 peccatorcm
2312 5154 2748 5220 impaenitentem
2792 5153 2846 5208 in
2899 5151 3113 5222 judicio
3165 5168 3473 5224 supremo:

1910 5249 2071 5318 Οῐμοι
2104 5246 2216 5310 πῶς
2253 5247 2516 5308 ἑκουσίως
2545 5246 2806 5298 ἀπώλεσα
2830 5247 2928 5312 τὴν
2952 5245 3178 5320 διωρίαν
3199 5249 3293 5300 τοῦ
3327 5266 3473 5322 παρ-

1906 5342 2151 5402 ελθόντος
2195 5340 2419 5410 χρόνουί
2455 5339 2553 5393 Hei
2587 5341 2728 5402 mihi,
2759 5340 2895 5407 quod
2940 5339 3117 5393 volens
3147 5357 3331 5410 passus
3356 5357 3473 5396 sum

1904 5438 2120 5506 efﬂuere
2157 5435 2211 5488 in
2269 5450 2456 5488 vanum
2520 5434 2753 5501 spatium
2789 5434 3044 5488 transacti
3108 5434 3355 5503 temporis
3407 5436 3478 5488 ad

1906 5526 2263 5595 pmnitentiam
2303 5525 2640 5578 concessum!

1980 5617 2406 5683 Ἐγκλητεύειν
2435 5633 2487 5685 p.
2529 5614 2652 5670 570.
2703 5617 2785 5670 An
2830 5619 3186 5688 ἐγκ).ητεὺειν
3231 5617 3475 5688 reperia-

1908 5696 1994 5764 tur
2043 5709 2184 5780 apud
2240 5710 2411 5764 alium
2458 5708 2705 5766 Greecum
2772 5721 3074 5779 auctorem,
3137 5712 3323 5767 dicant
3375 5714 3470 5783 qui
