4004 6234
352 293 438 362 741

1704 284 2196 347 GLOSSARIUM

3486 289 3595 354 742

356 388 551 451 tientia,
585 384 1010 459 ἁπροσδιὸνυπα,
1060 383 1253 440 videor
1303 383 1438 437 mihi
1487 371 1668 438 tamen
1710 382 1793 438 vel
1844 399 1909 436 ex
1942 389 1984 446 Α
2014 382 2449 439 internecionem
2489 398 2661 455 usque
2702 383 3081 451 conﬂixerant,
3121 392 3308 442 secuta
3333 384 3459 443 inde
3496 388 3600 442 mi~

353 483 451 538 hoc
476 483 646 536 nostri
677 481 804 535 loco
829 494 937 534 non
967 487 1174 534 temere
1201 478 1495 547 suspicari,
1523 476 1823 548 signiﬁcari
1851 490 1920 531 eo

353 574 607 629 vocabulo
633 589 755 644 quae
799 573 980 628 Latini
1031 571 1298 626 subseciva
1328 579 1550 633 vocant,
1597 569 1738 624 ultra
1772 583 1923 623 men-

350 681 527 720 suram
562 674 768 719 rectam
787 664 1105 727 excedentia
1137 661 1193 722 in
1219 660 1612 732 partitionibus
1641 674 1918 729 agrorum.

349 759 476 814 Cum
509 757 657 813 enim
704 755 1040 828 agrimensio
1070 770 1174 826 per
1224 754 1402 809 lineas
1446 752 1540 806 liat
1581 751 1821 806 invicem
1853 749 1922 804 ad

353 860 520 906 rectos
583 847 814 918 angulos
840 858 1063 918 “sectas,
1129 861 1276 916 saepe
1329 847 1384 899 in
1433 843 1647 915 campis
1687 837 1925 913 obliquat

354 945 530 1016 figura:
548 941 903 1013 contingebat
931 931 1213 997 abundare
1250 938 1487 1008 spatium
1522 934 1746 1007 aliquod
1769 943 1924 989 extra

351 1037 636 1108 angulum,
679 1034 784 1102 ἔξω
806 1039 1028 1103 γωνίας,
1063 1032 1210 1104 quod
1244 1031 1541 1099 ἐξαγώνιον
1580 1027 1779 1096 (ἶτωεί,
1823 1026 1927 1082 La-

354 1107 469 1194 tini,
517 1107 763 1192 ut.dixi,
803 1127 1159 1183 subsecivum
1197 1133 1478 1190 vocarent,
1511 1139 1654 1194 saepe
1682 1137 1781 1192 per
1810 1121 1926 1176 hate

353 1222 612 1277 rocabula
659 1219 884 1290 utrique
947 1224 1106 1288 tropo
1160 1208 1398 1288 quodam
1457 1216 1777 1271 indicantes
1838 1228 1928 1269 res

350 1315 682 1371 accesserias
719 1329 822 1367 nec
854 1313 1128 1384 praecipue
1160 1302 1556 1373 intentas,sed
1590 1324 1708 1378 qua-
1741 1318 1926 1363 aucta-

353 1410 414 1464 rii
470 1409 597 1475 loco
642 1408 710 1462 ad
771 1407 1060 1477 primarias
1108 1403 1552 1468 accumulentur,
1615 1402 1759 1456 sicut
1810 1400 1928 1456 istae

350 1502 651 1557 subseciva:
680 1501 795 1570 agri
854 1509 1042 1570 partes
1075 1498 1233 1551 alteri
1281 1495 1579 1550 conﬁnium
1604 1495 1926 1550 colonorum

349 1595 716 1650 addebantur.
733 1594 995 1664 Πάρεργα
1023 1591 1196 1646 ϐπ·ωεί
1219 1591 1380 1645 aliter
1399 1591 1697 1661 appellant,
1722 1577 1929 1658 quibus

351 1689 625 1763 przecipue
654 1688 931 1742 intentum
969 1685 1269 1757 designans
1307 1683 1608 1753 respondet.
1629 1683 1690 1735 τὸ
1718 1684 1926 1754 προύρ-

351 1800 467 1853 γσυ,
500 1781 651 1853 quod
667 1791 724 1842 et
742 1781 840 1835 'hic
869 1785 1053 1835 n‘oster
1075 1788 1326 1846 usurpat.

420 1877 720 1942 Ἐξάντης
743 1889 799 1945 p.
830 1871 958 1930 265.
996 1871 1126 1926 Scio
1157 1868 1385 1936 ἑξάντην
1422 1869 1585 1938 vulgo
1619 1867 1802 1938 putari
1832 1867 1918 1921 di-

351 1980 496 2025 ctum
521 1968 682 2040 quasi
703 1968 808 2034 ἔξω
837 1967 993 2036 ἄτης.
1019 1966 1131 2019 sine
1164 1979 1324 2029 uasa,
1354 1962 1693 2028 incolumem,
1721 1962 1928 2016 indem-

351 2061 702 2134 nem._Cujus
728 2061 972 2116 nationis
1007 2059 1075 2113 in
1100 2056 1377 2113 Pltmdone
1407 2040 1651 2111 Platonis
1675 2043 1936 2135 exempla.

352 2158 630 2227 leguntur.
663 2153 771 2209 Sed
812 2167 924 2207 non
981 2149 1281 2220 quadraret
1314 2149 1384 2203 ad
1441 2149 1549 2204 loci
1581 2149 1926 2231 sententiam

351 2248 761 2321 interpretatio.
806 2261 929 2318 qum
985 2245 1110 2300 istis
1169 2242 1456 2301 voeabulis
1514 2233 1605 2297 hic
1660 2252 1927 2301 uteretur.

349 2344 468 2400 Non
500 2343 651 2397 enim
703 2341 828 2396 ideo
887 2338 1166 2395 vocabant
1206 2334 1528 2407 Bulgariad
1563 2350 1792 2404 regnum
1828 2333 1930 2398 Mi—

351 2438 602 2494 chaelem
660 2435 1012 2491 Constantini
1063 2433 1208 2503 regis
1259 2430 1536 2502 quondam
1588 2428 1926 2490 sui'filium,

351 2532 496 2604 quod
543 2531 668 2602 cjus
724 2546 849 2584 cum
898 2543 992 2598 spe
1040 2540 1332 2582 successus
1385 2523 1684 2579 inchoandi
1724 2524 1926 2594 negotii

355 2637 575 2694 tempus
602 2637 750 2678 nunc
800 2636 922 2676 esse
981 2626 1262 2691 putarent,
1330 2631 1455 2671 cum
1512 2615 1741 2672 adversa
1774 2616 1925 2686 stirpi

350 2715 702 2774 Constantini
737 2714 982 2785 potentia
1015 2707 1396 2770 Tocharorum
1428 2709 1482 2764 in
1507 2707 1774 2778 Bulgaria:
1806 2722 1934 2762 eon-

355 2808 488 2865 llnio
521 2806 930 2863 dominantium
966 2813 1138 2860 staret
1166 2801 1464 2857 incolumis
1493 2817 1507 2854 :
1535 2800 1631 2855 sed
1666 2799 1719 2854 id
1741 2799 1933 2856 volunt

354 2901 691 2975 signiﬁcare,
726 2898 998 2954 infirmam
1060 2911 1182 2952 esse
1236 2896 1402 2954 modo
1451 2894 1602 2949 illam
1639 2894 1932 2964 minusque

353 3008 520 3063 quam
547 2992 703 3063 prius
733 2989 1156 3064 formidabilem,
1187 2988 1332 3048 unde
1358 2987 1709 3042 occasionem
1742 2985 1931 3042 oderri

356 3101 466 3139 non
518 3081 922 3161 aspernandam
955 3081 1260 3136 censebant
1290 3079 1576 3136 Michaelis
1623 3080 1679 3136 in
1714 3082 1928 3150 paterni

357 3177 508 3249 regni
545 3175 950 3248 possessionem
977 3173 1301 3232 reducendi.
1335 3173 1448 3228 Nec
1469 3171 1686 3228 abludit
1724 3171 1794 3229 ab
1819 3172 1932 3227 ori-
1967 3165 2000 3180 ”

353 3269 480 3340 gine
510 3284 577 3326 ac
623 3268 933 3340 veriloquio
966 3269 1080 3342 jam
1109 3263 1276 3340 680
1303 3267 1546 3328 indicato
1577 3265 1731 3322 voeis
1768 3265 1934 3338 hujus

355 3366 475 3421 haec
531 3364 773 3422 secunda
833 3365 1009 3422 notio.
1074 3364 1212 3419 Nam
1265 3362 1496 3434 ὲξάντης
1543 3377 1632 3416 ex.
1663 3361 1713 3416 vi
1767 3361 1930 3432 etymi

357 3458 588 3529 proprie
642 3467 802 3514 sonat
854 3473 985 3513 eum
1034 3457 1129 3527 qui
1163 3456 1234 3510 ρκ’
1257 3458 1411 3526 gravi
1445 3468 1590 3511 noxa
1633 3455 1932 3522 primulum

355 3565 645 3621 emergere
686 3551 894 3621 incipit
924 3560 979 3606 et
1021 3550 1125 3616 ἔξω
1159 3552 1296 3616 ἄτης
1337 3565 1482 3607 esse.
1521 3551 1712 3620 itaque
1740 3558 1932 3604 votum

355 3653 439 3699 est
469 3642 628 3699 febre
651 3643 958 3698 laborantis
985 3655 1042 3712 et
1070 3644 1662 3715 morbopericlitantis
1694 3644 1932 3720 sontico,

357 3739 455 3794 illo
516 3755 681 3796 versu
733 3750 1056 3810 expressum
1120 3755 1287 3810 quem
1339 3741 1536 3797 recitat
1571 3728 1934 3811 E'lymologici

360 3843 588 3899 auctor,
619 3826 664 3888 ὦ
689 3831 816 3900 Ζεῦ,
847 3833 1103 3902 γενέσθαι
1156 3833 1321 3903 τῆσδέ
1372 3832 1436 3902 ’μ’
1485 3833 1934 3902 ὲξάντηννὸσου.

362 3930 468 3992 Da,
485 3926 723 3998 Jupiter,
744 3926 966 3982 evadere
980 3943 1068 3983 me
1089 3926 1379 3998 periculum
1409 3918 1564 3996 hujus
1596 3928 1783 3984 morbi.
1816 3917 1936 3984 Jtitn

359 4038 531 4093 porro
555 4037 724 4078 sanus
753 4035 878 4076 esse
902 4019 1127 4085 dicitur,
1152 4021 1312 4090 cujus
1340 4011 1633 4075 remittens
1653 4027 1750 4075 aut
1780 4019 1938 4090 peni.

360 4130 449 4172 tus
487 4130 713 4172 cessans
760 4114 950 4181 febris
985 4127 1138 4182 spem
1189 4112 1448 4168 rediturae
1487 4111 1818 4169 valetudinis
1847 4128 1977 4170 re-

361 4210 568 4282 linquit
613 4209 910 4279 integram.
940 4205 1111 4278 Cujus
1153 4205 1236 4263 rei
1267 4206 1395 4275 quia
1424 4219 1655 4262 somnus
1685 4206 1741 4259 in
1778 4214 1937 4260 acute

361 4300 730 4358 febrientibus
779 4301 1062 4355 interdum
1088 4351 1091 4354 ,
1122 4297 1338 4368 signum
1361 4307 1470 4359 est,
1517 4296 1776 4368 discipuli
1812 4296 1936 4352 dor-

360 4396 504 4451 mire
558 4391 1232 4465 languentemLazarum
1291 4407 1320 4446 a
1366 4391 1591 4447 Christo
1646 4391 1939 4457 audientes

2023 476 2257 530 serrima
2311 476 2652 534 desolatione
2710 479 2880 533 totius
2916 479 3162 548 ipsorum
3218 479 3480 550 regionis,
3544 487 3601 535 et

2022 560 2216 639 paucis
2269 570 2566 626 admodum
2614 571 2859 642 ipsorum
2911 570 3144 645 Tzacam
3197 573 3498 644 fugientem
3544 573 3602 629 in

2024 663 2333 735 Bulgariam
2359 665 2585 731 secutis,
2613 681 2792 738 nuper
2821 666 2935 721 illic
2965 668 3244 737 oppressis
3269 668 3601 739 pravalente

2024 754 2529 826 (bphentisthlabo.
2592 756 2773 814 Unum
2843 743 3108 829 superest
3169 759 3440 824 dubium,
3503 775 3604 816 cur

2026 848 2393 918 Pachymcres
2423 849 2479 903 in
2506 849 2754 905 secundo
2777 866 2909 905 casu
2942 850 3170 923 ἑξάντης
3203 851 3448 907 scribat“:
3477 861 3602 907 nam

2025 942 2081 996 in
2109 943 2288 1012 primo
2317 940 2491 1012 accipi
2553 957 2661 997 non
2714 951 2914 1013 potest,
2967 958 3092 998 cum
3121 943 3299 998 tribus
3336 959 3463 1008 mox
3507 944 3606 998 atd-

2021 1034 2228 1106 junctis
2252 1033 2536 1101 femininis
2566 1034 2828 1106 genitivis
2877 1045 3166 1106 coaptetur
3211 1038 3476 1110 φανείσης
3509 1041 3605 1093 To-

2026 1126 2265 1200 χαρικῆς
2315 1125 2591 1192 ἐξουσίας.
2642 1129 2724 1183 Αη
2775 1144 2933 1183 error
2977 1129 3067 1185 hic
3109 1132 3492 1201 agnoscendus
3549 1141 3606 1188 et

2025 1221 2284 1285 ὲξάντους
2335 1220 2791 1288 rescribendum,
2846 1232 3039 1278 contra
3119 1222 3283 1280 ﬁdem
3354 1225 3603 1281 codicum

2028 1312 2111 1386 [Ρ.
2142 1313 2268 1386 478]
2300 1316 2637 1384 optimorum
2664 1315 2706 1369 B
2742 1324 2797 1369 et
2823 1316 2866 1370 Α
2890 1316 3061 1372 lnam
3085 1316 3383 1374 Vaticanus
3410 1318 3514 1373 hoc
3537 1319 3605 1374 de

2027 1422 2181 1462 more
2205 1407 2410 1468 omisit.
2437 1408 2518 1463 An
2555 1407 2742 1478 potius
2788 1408 3242 1478 existimandum,
3285 1411 3607 1464 e'nomina-

2029 1498 2141 1552 tivo
2176 1498 2442 1554 feminino
2468 1499 2666 1570 ἐξάντη
2697 1500 2937 1570 patrium
2967 1499 3119 1568 hunc
3140 1515 3326 1556 casum
3358 1516 3388 1555 a
3415 1512 3606 1556 nostro

2029 1592 2198 1646 duci?
2233 1592 2378 1662 quod
2413 1608 2611 1647 vereor
2645 1603 2704 1648 ut
2747 1593 2997 1664 analogia
3033 1589 3089 1648 et
3133 1603 3284 1650 recta
3336 1585 3609 1666 gramma-

2031 1685 2152 1739 tica:
2176 1685 2319 1744 ratio
2349 1687 2652 1755 permittat.
3465 1692 3467 1695 '

1957 1773 2005 1832 Β
2104 1776 2484 1844 Ἐπιτύμσιον
2509 1793 2562 1846 p.
2613 1776 2700 1832 66.
2732 1777 2858 1848 Agit
2890 1777 2958 1849 de
3003 1777 3284 1842 Nicandro
3315 1773 3607 1836 Larisseuo

2031 1867 2302 1935 irridente
2329 1868 2703 1926 Andronicum
2735 1871 2864 1925 olim
2891 1871 3213 1941 episcopum
3253 1871 3606 1939 Sardcnsem,

2031 1968 2218 2031 postea
2246 1963 2600 2030 monachum,
2631 1964 2729 2019 sed
2767 1980 2864 2034 per
2895 1966 3256 2022 ambitionem
3292 1981 3324 2021 e
3355 1965 3467 2022 vita
3491 1983 3607 2020 mo-

2032 2055 2241 2110 nastica
2301 2071 2584 2112 reversum
2637 2057 2703 2112 ad
2769 2057 3107 2129 dignitates;
3164 2061 3370 2130 quibus
3426 2060 3609 2114 subita

2031 2149 2396 2204 conversione
2435 2150 2603 2205 sortis
2629 2152 2862 2220 ejectus,
2899 2153 3088 2207 multis
3122 2168 3265 2223 quos
3295 2147 3610 2210 irritaverat

2032 2239 2336 2301 ludibrium
2393 2243 2608 2308 debuit,
2655 2246 2715 2299 in
2775 2245 2972 2316 primis
3035 2245 3318 2302 Nicandro
3345 2249 3434 2304 isti
3488 2249 3610 2320 ejus

2032 2348 2204 2404 opera
2248 2337 2564 2407 episcopatu
2598 2339 2783 2409 pulso.
2806 2339 2916 2407 Qui
2951 2351 3009 2396 ut
3045 2341 3365 2398 Andronico
3406 2357 3609 2412 οη)το-

2034 2426 2218 2482 braret
2242 2430 2598 2486 ambitiosam
2627 2432 3037 2503 eruptionem'e
3061 2442 3232 2491 statu
3280 2437 3608 2503 monastico,

2034 2522 2422 2602 monachicum
2478 2526 2916 2598 eiinndth‘ov
2969 2527 3184 2598 injecit.
3247 2529 3366 2599 ipso
3419 2531 3608 2586 statim

2033 2618 2340 2688 rejiciente.
2375 2615 2494 2674 Non
2527 2622 2743 2688 reperio
2773 2623 2901 2677 alibi
2934 2623 3076 2678 hanc
3123 2637 3338 2689 vocem,
3369 2624 3459 2677 sed
3493 2639 3612 2677 ma-

2034 2710 2234 2769 nifeste
2258 2712 2422 2768 docet
2453 2712 2542 2776 hic
2574 2712 2694 2784 ipse
2740 2715 2896 2769 locus
2929 2714 3126 2784 capitis
3159 2724 3376 2785 tegmen
3417 2727 3614 2770 mona-

2033 2805 2262 2860 chorum
2329 2806 2612 2876 proprium
2653 2808 2734 2863 sic
2763 2807 3007 2873 dictum;
3051 2812 3199 2862 unde
3244 2817 3300 2863 et
3335 2811 3614 2865 cucullum

2035 2896 2226 2953 Latine
2250 2897 2490 2961 reddidi,
2523 2911 2584 2954 et
2610 2915 2737 2968 mox
2765 2901 2820 2954 in
2873 2901 3202 2971 repetitione
3250 2902 3332 2957 rei
3369 2902 3615 2973 ejusdem

2036 2992 2430 3048 ecclesiasticis
2482 3003 2803 3066 usurpatam
2863 2994 3238 3064 scriptoribus
3284 3011 3382 3066 pro
3411 2995 3614 3051 cuculli

2037 3101 2342 3157 synonyma
2393 3087 2598 3156 caputii
2630 3090 2841 3142 ‘vocem
2899 3087 3150 3144 adhibui.
3201 3088 3391 3156 Yideri
3444 3090 3618 3159 possit

2041 3178 2318 3233 cucullum
2370 3179 2736 3236 monasticu’m
2804 3180 2928 3236 ideo
2994 3181 3206 3254 dictum
3245 3182 3614 3252 ἐπιτύμϐιον,

1999 3319 2002 3321 Α
2040 3273 2186 3342 quod
2211 3288 2336 3329 cum
2371 3274 2540 3329 vestis
2569 3275 2686 3344 ipsa
2715 3275 2787 3329 sit
2817 3274 2974 3345 quasi
2996 3275 3308 3345 sepulcrum
3334 3274 3614 3340 monachi,

2043 3367 2291 3430 cucullus
2318 3375 2498 3424 exstet
2524 3369 2671 3423 velut
2701 3384 2839 3437 apex
2861 3385 2925 3423 ac
2948 3368 3230 3438 fastigium
3263 3369 3485 3424 tumbae.
3548 3402 3551 3406 -

2109 3461 2927 3532 πἘσκαμματισμέι-ος,
2960 3476 3012 3530 p.
3068 3462 3190 3517 H5.
3228 3461 3370 3528 Quid
3413 3461 3619 3518 sithoc

2043 3556 2164 3610 loco
2207 3554 2734 3632 tcxappancpévoc
2768 3559 2953 3609 minus
2985 3555 3188 3632 mir‘um
3228 3566 3314 3611 est
3367 3555 3617 3626 ignotum

2045 3647 2179 3702 mihi
2225 3663 2346 3724 esse
2387 3631 2656 3718 nusquam
2713 3647 2843 3705 alibi
2875 3649 2983 3703 tale
3041 3631 3371 3703 vocabulum
3431 3657 3615 3712 nacto,

2042 3752 2166 3797 cum
2193 3756 2263 3796 ne
2295 3741 2560 3804 Vaticano
2590 3739 2814 3810 quidem
2849 3739 3222 3810 parsphrastte
3251 3740 3405 3795 vocis
3452 3738 3620 3810 hujus

2044 3843 2285 3905 potestas
2311 3843 2598 3903 perspecta
2624 3831 2812 3895 fuerit,
2844 3838 3010 3903 prout
3038 3840 3267 3902 apparet
3288 3845 3357 3885 ex
3378 3843 3618 3902 eoquou

2044 3925 2570 3995 ὲσκαμματψμένδς
2610 3924 2718 3980 viri
2764 3939 2966 3980 nomen
3027 3924 3282 3996 intelligit
3312 3921 3556 3978 distincti
3587 3937 3619 3977 a

2044 4016 2475 4086 Moschampare,
2535 4015 2701 4086 hujus
2752 4015 3011 4071 videlicet
3074 4016 3129 4070 in
3176 4015 3622 4086 chartophylacis

2044 4108 2224 4165 oﬂlcio
2250 4109 2607 4166 successoris.
2645 4108 2736 4165 Sic
2764 4110 2912 4164 enim
2938 4108 3005 4163 ab
3032 4123 3094 4163 eo
3123 4109 3213 4163 hic
3244 4109 3399 4162 locus
3431 4108 3621 4163 reddi-

2046 4210 2136 4256 tur
2173 4218 2186 4254 :
2225 4201 2451 4271 Συμὸὰν
2492 4201 2548 4255 δέ
2581 4202 2764 4259 statui
2805 4201 2934 4273 περὶ
2968 4202 3059 4256 τὸν
3099 4201 3621 4272 ὲσκεμματισμένον

2047 4294 2440 4378 χαρτοφὺλςκα
2469 4294 2567 4348 καὶ
2608 4295 3030 4366 Μοσχάμπαρα.
3069 4295 3322 4364 Ἔχοντες
3354 4293 3447 4348 οὖν
3477 4287 3625 4347 οὗτοι·

1997 4394 2000 4397 “
2048 4387 2143 4439 καὶ
2174 4387 2265 4440 τὸν
2299 4385 2830 4458 Πεντεκκλησιώτην
2861 4386 3146 4441 ὲνεκότουν
3175 4386 3250 4456 τῷ
3278 4385 3622 4458 πατριάρχῃο

360 4488 543 4550 aiunt,
580 4486 739 4543 Joau.
780 4501 856 4552 XI,
891 4485 960 4539 12
998 4502 1013 4539 :
1056 4484 1251 4555 Κύριε,
1279 4485 1327 4534 εἰ
1373 4483 1728 4553 κεκοίμηται,
1762 4483 1937 4552 mea:

2049 4481 2126 4536 Ita
2158 4481 2276 4547 ille,
2331 4490 2440 4536 tres
2475 4496 2711 4552 ponens,
2757 4481 2852 4536 ubi
2887 4478 3023 4538 satis
3065 4480 3356 4536 manifeste
3384 4480 3622 4558 deorum

363 4597 545 4636 σεται.
583 4579 823 4643 Domine,
874 4579 922 4632 si
979 4578 1194 4642 dormit,
1231 4575 1411 4631 salvus
1445 4577 1566 4630 erit.
1595 4576 1742 4646 Ergo
1794 4591 1941 4638 cum,

362 4690 532 4746 quem
590 4672 954 4743 Hippocrates
1015 4669 1244 4738 ὲξάντην
1298 4669 1457 4736 dicit,
1524 4668 1767 4724 Galenus
1816 4669 1944 4742 ὑγιῆ

363 4788 558 4826 sanum
586 4770 1006 4842 interpretatur,
1042 4766 1122 4823 sic
1151 4765 1571 4838 intelligendum
1597 4764 1866 4835 putarim,
1887 4776 1949 4822 ut

366 4865 530 4920 malo
583 4863 903 4920 defunctum
957 4869 1013 4916 et
1068 4860 1223 4915 febre
1283 4874 1480 4932 purum
1519 4859 1655 4916 velit
1703 4859 1945 4936 dicere:

367 4973 497 5013 nam
515 4964 570 5012 et
597 4955 655 5012 hi
678 4952 943 5012 dicuntur
962 4946 1249 5022 ὐγιάίνειν.
1276 4951 1404 5006 licet
1431 4949 1501 5008 ad
1532 4950 1755 5023 plenum
1781 4951 1950 5006 robur

369 5051 570 5124 integri
599 5048 807 5122 vigoris
848 5047 1095 5103 nondum
1135 5044 1448 5103 confirmati
1475 5044 1608 5122 sint.
1640 5044 1735 5101 sed
1767 5044 1949 5102 adhuc

368 5145 714 5204 debilitatem
745 5141 1161 5198 imminutarum
1201 5138 1399 5195 morbo
1445 5138 1648 5194 virium
1683 5138 1947 5196 sentiant.
1991 5125 1994 5128 ’

369 5242 450 5298 Ac
488 5239 631 5296 forte
665 5251 821 5294 more
849 5250 951 5293 suo
977 5232 1236 5306 liesychii
1293 5232 1503 5304 glossas
1535 5232 1594 5287 in
1627 5233 1817 5303 animo
1855 5233 1951 5289 ha-

372 5334 562 5390 buerit
586 5332 953 5403 Pachymeres
975 5329 1094 5385 haec
1113 5327 1384 5392 scribens,
1412 5326 1504 5382 ubi
1519 5326 1729 5398 legerat
1753 5346 1767 5383 :
1791 5327 1947 5394 ἐξάν-

372 5447 500 5500 τη,,
538 5429 566 5482 6
589 5427 687 5497 τῆς
725 5426 881 5480 νόσου
913 5421 1018 5490 ἔξω
1048 5421 1144 5477 ὢν.
1180 5420 1283 5488 Qui
1335 5429 1520 5476 autem
1568 5436 1600 5476 e
1633 5422 1830 5498 morbo
1862 5439 1954 5478 re-

371 5533 505 5577 cens
527 5519 782 5590 emergit,
809 5515 1010 5572 debilis
1041 5515 1302 5570 videlicet
1331 5514 1731 5584 imbecillisque
1767 5515 1952 5573 adhuc

373 5623 483 5677 est,
509 5613 699 5684 quales
729 5620 846 5666 tum
883 5609 1057 5666 videri
1091 5615 1348 5678 poterant
1400 5607 1777 5664 Tocharorum
1828 5609 1955 5665 Bul-

376 5708 525 5779 garis
553 5706 912 5762 finitimorum
944 5720 1098 5774 opes,
1129 5710 1321 5772 utpote
1345 5701 1440 5771 qui
1460 5702 1634 5773 paulo
1659 5711 1784 5758 ante
1807 5703 1954 5759 bello

382 5806 524 5861 inter
550 5820 607 5861 se
645 5804 820 5871 civ-ili,
859 5801 1093 5881 ducibus
1119 5801 1247 5856 hinc
1277 5800 1472 5857 Tuctai
1517 5801 1845 5887 indeNoga,
1883 5803 1951 5859 ad

2051 4585 2264 4631 tantum
2299 4584 2491 4631 auctor
2544 4576 2817 4648 meminit,
2872 4575 3308 4648 Moscltamparis
3329 4572 3625 4630 excharto-

2049 4669 2298 4743 pbylacis
2355 4678 2410 4724 et
2459 4667 3073 4739 Quinqneecclesiensis
3132 4667 3422 4729 antistitis.
3486 4664 3621 4723 Nam

2050 4774 2176 4820 cum
2232 4764 2577 4819 nominasset
2630 4764 3157 4835 taxuppartopévov
3205 4762 3622 4836 χαρτοφύλακα,

2050 4873 2178 4913 mox
2226 4871 2509 4927 exponens
2546 4856 2672 4928 quis
2704 4855 2749 4911 is
2781 4865 2928 4913 essct
2977 4866 3033 4913 et
3077 4871 3242 4928 quam
3299 4857 3372 4913 ob
3404 4867 3628 4913 causam

2049 4953 2574 5025 ὲσκαμματισμένος
2624 4951 2929 5020 diceretur,
2991 4950 3372 5022 parenthesim
3433 4950 3630 5007 inserit

2049 5063 2158 5120 qua
2199 5051 2362 5104 docet
2411 5029 2882 5118 Moschamparem
2940 5045 3117 5106 ofﬁcio
3164 5031 3658 5119 chartophylacisp

2051 5142 2206 5214 prius
2230 5156 2394 5213 quam
2426 5142 2543 5198 haec
2568 5139 2764 5196 tierent
2796 5140 3002 5210 quibus
3031 5155 3089 5197 se
3124 5139 3418 5196 narrandis
3446 5139 3632 5197 accin-

2023 5254 2026 5255 '
2051 5239 2236 5309 gebat,
2261 5236 2585 5302 decessisse,
2613 5236 2718 5292 hoc
2747 5237 2864 5308 ipso
2893 5235 3144 5292 indicans
3173 5236 3636 5308 ὲσκσιμμσκισμές

2051 5350 2141 5386 νον
2169 5330 2564 5404 χαρτοφύλακα
2604 5329 2695 5384 hic
2729 5345 2759 5384 a
2815 5344 2874 5384 se
2930 5329 3170 5399 positum
3206 5344 3308 5401 pro
3348 5331 3637 5385 excharto-

2056 5421 2286 5499 phylace
2365 5425 2505 5494 sive,
2548 5423 2975 5495 chartophylace
3041 5421 3420 5480 exauctoratoi
3491 5423 3637 5491 Quid

2055 5523 2286 5590 σκάμμα
2329 5518 2400 5572 sit
2462 5527 2517 5573 et
2581 5517 2714 5588 quid
2769 5518 2837 5570 τὰ
2889 5517 3245 5587 ἐσκαμμένα,
3281 5516 3494 5573 nemini
3553 5525 3639 5571 est

2042 5618 2304 5688 ignotum
2355 5629 2465 5667 non
2499 5613 2658 5681 plane
2697 5611 2990 5681 peregrino
3023 5613 3081 5666 in
3115 5609 3436 5667 Gracorutn
3469 5611 3642 5666 libro-

2055 5708 2470 5765 rum-lectione.
2514 5705 2654 5773 Quid
2688 5715 2872 5768 autem
2910 5706 2999 5761 hic
3044 5703 3392 5761 comminisci
3439 5701 3640 5758 verisi-

2059 5803 2245 5860 milius
2298 5816 2591 5880 possumus
2635 5815 2798 5873 quam
2851 5800 2938 5857 Vel
2979 5799 3202 5856 ﬁnxisse
3237 5786 3636 5870 Pachymerem
