4012 6236
403 281 517 353 ’163

1333 284 1398 346 ι)-
1441 282 1739 345 POSSlNl
1769 276 2445 347 'OBSERVATlONUM
2490 282 2637 343 LIB.
2680 280 2733 344 Ι.

3556 278 3664 346 7“

408 411 655 471 vernum
684 393 1092 467 σκλμματιζειν
1143 411 1211 452 ex
1260 397 1485 453 nomine
1530 400 1783 468 σκάμμπι.
1820 397 1905 451 vel
1940 394 1997 451 id

2111 394 2297 468 ligihili
2325 396 2547 451 cunctis
2570 407 2730 449 voce.
2762 390 2888 449 Post
2923 392 3069 463 quod
3096 398 3155 447 ut
3181 403 3458 465 praecepto
3484 393 3674 450 orandi

406 487 645 544 verbum
689 498 783 542 aut
824 489 970 558 apud
998 497 1280 544 auctorem
1328 489 1486 545 nobis
1519 489 1861 559 incOgnitutu
1902 503 1995 543 re-

408 592 629 654 pertum
679 594 772 637 aut
814 598 914 637 usu
957 583 1172 653 vulgari
1215 583 1491 637 sermonis
1539 581 1827 654 Byzantini
1863 590 1997 635 tunc

410 676 605 731 tritum
645 689 757 729 sua
803 674 1051 729 historias
1091 674 1440 730 inseruisse?
1477 673 1789 750 Excogitari
1832 690 1997 743 porro

411 768 617 836 duplex
649 776 831 838 potest
861 766 1108 822 notionis
1140 766 1265 821 talis
1298 766 1430 821 huic
1465 765 1757 835 participio
1787 768 1997 835 ἐσκαμ-

411 860 747 931 ματισμὲνος
776 859 883 913 hoc
922 858 1043 914 loco
1074 857 1266 914 indita
1305 858 1468 914 ratio.
1503 859 1662 913 Prior
1681 858 1809 929 quia
1839 858 1999 914 tabu-

411 951 615 1006 larium
671 951 1135 1017 ecclesiasticum,
1173 950 1262 1006 cui
1314 950 1680 1007 custodiendo
1733 951 1991 1021 preposi-

411 1054 502 1100 tus
529 1053 648 1099 erat
696 1044 1117 1116 chartophylax,
1152 1044 1425 1099 credibile
1455 1056 1541 1100 est
1582 1045 1639 1098 in
1673 1046 1796 1100 loco
1827 1044 1999 1115 septis

410 1142 756 1198 circumdato
787 1141 959 1199 fuisse
1005 1151 1309 1198 servatum.
1362 1140 1528 1212 Septa
1559 1151 1743 1196 autem
1790 1144 2000 1214 ἐσκαμ-

366 1270 371 1287 ρ
416 1234 555 1304 μένα
597 1245 654 1289 et
701 1236 934 1306 σκάμμα
966 1234 1122 1291 locus
1154 1233 1296 1289 fossa
1327 1244 1383 1290 et
1407 1234 1550 1289 vallo
1591 1234 1997 1291 circumclusus

411 1326 653 1391 dicitur;
688 1327 835 1382 unde
895 1328 1339 1399 σκαμματισθεὶς
1385 1338 1481 1384 aut
1533 1328 1999 1399 ἐσκαμματισμέ-

411 1435 502 1482 νος
532 1419 779 1487 όὶοιιιιτι
811 1418 909 1488 qui
944 1429 1101 1489 septo
1143 1420 1504 1477 ecclesiastici
1545 1420 1717 1476 archii
1747 1434 2001 1478 excesse-

413 1511 489 1567 rit
510 1513 635 1584 jure
681 1513 883 1567 amisso
922 1513 1037 1568 illic
1087 1512 1419 1582 praesidendi
1451 1522 1574 1584 post
1615 1514 2001 1588 cbartophyla-

412 1605 494 1661 cis
526 1603 766 1660 oliicium
800 1604 1089 1662 amissum.
1124 1606 1223 1661 Est
1251 1617 1513 1675 praeterea
1550 1606 1787 1677 σκάμμα
1824 1606 2001 1678 magis

411 1695 636 1768 proprie
670 1696 828 1751 locus
858 1696 1203 1753 certaminis.
1243 1682 1613 1769 Hieronymus
1641 1695 1709 1752 ad
1741 1695 1999 1753 Pamma-

2100 504 2203 561 pro
2237 488 2550 545 ordinando
2589 494 2842 558 pareant,
2888 495 2996 541 tam
3050 485 3142 560 qui
3185 495 3313 541 sunt
3358 486 3498 541 intra
3546 504 3680 542 can-

2098 582 2270 637 cellos
2307 579 2640 651 presbyterii
2688 594 2855 650 quam
2901 579 2996 649 qui
3039 589 3214 641 extra,
3258 580 3468 649 pariter
3497 582 3683 637 accla-

2100 684 2275 740 ruant,
2295 676 2497 745 Κύριε,
2533 673 2783 743 ἐλέησον,
2814 672 3057 735 Domine,
3093 674 3361 727 miserere.
3402 673 3559 728 Tunc
3590 689 3682 729 ce-

2098 769 2324 824 lebrans
2354 765 2634 839 Evangelii
2667 766 2924 822 volumen
2946 765 3189 836 explicat
3237 775 3294 821 et
3320 766 3403 820 sic
3431 777 3683 837 apertum

2101 863 2336 934 imponit
2382 862 2550 933 capiti
2591 871 2648 916 et
2700 860 2843 918 collo
2883 861 3002 932 ejus
3044 860 3139 931 qui
3175 859 3489 925 ordinatur,
3526 859 3686 933 adju-

2100 956 2347 1012 tantibus
2380 955 2435 1009 in
2462 970 2531 1011 eo
2562 962 2621 1010 et
2661 952 2787 1011 aliis
2826 952 3103 1024 episcopis
3138 972 3152 1005 :
3197 953 3566 1010 ’Δναπτύσσει
3623 952 3688 1007 τὸ

2101 1048 2438 1117 Εὑοιγγὲλιον
2467 1050 2494 1103 ὀ
2528 1048 2844 1119 ἀρχιερεὺς,
2880 1047 2975 1102 καί
3025 1046 3303 1119 ἐπιτίθησι
3357 1050 3421 1119 τῇ
3469 1045 3687 1119 κεφαλῇ

2100 1141 2198 1194 καὶ
2248 1138 2326 1212 τῷ
2364 1139 2627 1212 τραχήλῳ
2661 1139 2756 1193 τοῦ
2791 1139 3299 1212 χειροτονουμένου.
3348 1154 3691 1207 concame-

2105 1234 2281 1304 μένων
2341 1234 2436 1287 καὶ
2492 1233 2602 1286 τῶν
2652 1232 2832 1287 ἄλλων
2884 1232 3211 1305 ἀρχιερέων.
3268 1232 3348 1288 Εη
3415 1231 3551 1304 quid
3609 1232 3689 1288 sit.

2102 1325 2267 1393 ζυγὸν
2324 1324 2419 1379 τοῦ
2479 1324 2637 1394 ἁγίου
2694 1324 3035 1394 Εὑαγγεὶιου
3086 1322 3337 1390 τιθέναι,
3388 1325 3535 1398 quod
3595 1325 3692 1381 hic

2100 1428 2291 1476 noster
2344 1426 2634 1486 memorat,
2664 1418 3003 1476 caremonia:
3056 1417 3425 1475 ordinationis
3469 1427 3688 1489 partem

2102 1511 2251 1567 illam
2283 1510 2437 1567 obire
2486 1526 2593 1582 qua
2638 1526 2797 1566 sacer
2826 1509 3117 1582 Evangelii
3170 1510 3346 1567 codex
3375 1510 3693 1581 explicatus

2101 1602 2330 1672 ponitur
2364 1618 2527 1673 supra
2568 1611 2737 1673 caput
2765 1612 2822 1659 et
2850 1601 3056 1660 collum
3091 1602 3212 1674 ejus
3255 1603 3351 1674 qui
3393 1603 3694 1658 ordinatur

2102 1692 2169 1747 ad
2201 1694 2425 1748 modum
2454 1693 2596 1764 jugi,
2624 1692 2813 1761 ζυγοῦ.
2845 1693 3022 1749 Porro
3073 1692 3131 1749 in
3171 1692 3382 1748 codicis
3428 1700 3692 1764 apertura

412 1788 603 1846 chium
638 1807 653 1844 :
684 1788 797 1845 Cur
838 1799 895 1843 ιιι
918 1790 1127 1843 omissis
1166 1804 1327 1856 super
1356 1789 1544 1860 quibus
1581 1804 1760 1860 pugna
1791 1797 1887 1856 est,
1937 1790 2002 1843 de
2030 1794 2072 1851 Β
2103 1787 2320 1841 curiosa
2376 1785 2704 1857 superstitio
2758 1785 3014 1857 captabat
3061 1800 3225 1841 omen
3276 1800 3345 1841 ex
3392 1784 3586 1842 verbis
3632 1785 3689 1841 in

408 1888 699 1936 scammate
738 1889 787 1935 et
817 1880 931 1935 loco
951 1882 1258 1936 certaminis
1289 1880 1587 1950 egrediens.
1623 1882 1684 1935 its
1708 1882 2001 1952 peregrinis

410 1982 462 2029 et
492 1972 646 2044 longe
675 1973 861 2029 alienis
891 1974 1339 2043 disputationibus
1378 1974 1681 2029 immoraris
1700 1973 1727 2029 7
1754 1972 1846 2030 Sic
1872 1984 2006 2029 ‘san-
2030 2046 2037 2047 ί

414 2074 540 2123 ctus
569 2065 767 2121 doctor
800 2083 814 2132 ;
843 2079 910 2120 ex
940 2079 1052 2136 quo
1091 2064 1268 2135 liquet
1289 2065 1648 2121 usitatissimo
1694 2064 2004 2138 signiﬁcatu

414 2157 647 2228 σκάμμα
694 2155 933 2231 [Ρ.479]
977 2156 1087 2214 dici
1130 2165 1349 2227 septum
1408 2159 1555 2213 intra
1588 2159 1739 2231 quod
1790 2168 2027 2219 certant~

414 2242 657 2317 athletae,
694 2249 840 2320 quod
868 2249 1009 2305 Galli
1041 2250 1374 2321 champ-clos
1404 2259 1623 2308 vocant.
1662 2250 1803 2308 Hinc
1830 2251 2004 2309 altera

413 2342 638 2401 ducitur
666 2358 834 2398 causa
858 2358 959 2398 cur
981 2357 1013 2397 a
1044 2342 1379 2415 Pachymere
1426 2342 1813 2414 Moschampar
1841 2344 2007 2398 char-

416 2437 681 2508 tophylax
714 2435 823 2491 dici
882 2436 1411 2506 ὲσκαμματισμένος
1459 2437 1724 2507 potuerit.
1761 2434 2007 2493 Commi-

417 2536 567 2587 serat
595 2528 745 2584 enim
794 2526 841 2583 is
868 2540 989 2583 sese
1026 2542 1152 2582 cum
1192 2526 1373 2583 Vecco
1410 2526 1465 2581 in
1505 2526 1711 2582 celebri
1762 2526 1860 2583 illo
1894 2527 2008 2583 col-

420 2621 634 2693 loquio,
686 2621 725 2675 l.
759 2636 800 2685 ι,
833 2635 884 2678 c.
922 2620 991 2675 55
1021 2628 1269 2686 narrato,
1303 2627 1499 2674 contra
1530 2633 1659 2674 eum
1690 2618 2004 2690 disputans,

417 2714 521 2771 sed
553 2713 763 2770 infelici
808 2727 1070 2771 successu
1105 2733 1119 2768 :
1160 2728 1284 2769 nam
1337 2728 1458 2784 qua
1485 2712 1621 2769 dixit
1651 2712 1790 2770 adeo
1824 2713 2007 2770 valide

415 2816 548 2866 sunt
593 2823 626 2864 a
662 2808 843 2864 Vecco
890 2816 1098 2873 retusa,
1127 2812 1191 2861 ut
1241 2799 1311 2862 ab
1362 2806 1484 2877 ipso
1535 2805 1876 2877 patriarcha,
1912 2807 2006 2863 cui

416 2909 554 2957 tunc
583 2892 975 2970 Moschampar
1017 2897 1311 2965 militabat,
1339 2898 1633 2968 reprobata
1664 2897 1796 2953 sint.
1822 2897 2005 2966 Quare

415 2992 565 3066 quod
599 2992 767 3049 victis
792 2991 1016 3049 athletis
1049 3001 1106 3047 et
1135 2999 1294 3063 septo
1320 2991 1496 3062 pulsis
1524 2992 1822 3048 convenire
1847 2991 2005 3048 vide-

415 3085 583 3144 batur
613 3084 1143 3157 ἑσκαμματισμένου
1184 3085 1302 3141 slve
1351 3083 1685 3149 ἑξωσθέντος
1718 3084 1783 3140 ἐκ
1820 3084 2004 3156 σκάμ·

2104 1880 2295 1936 oculos
2328 1879 2631 1935 astantium
2667 1879 3092 1936 incurrentibus
3119 1879 3240 1935 visu
3267 1881 3445 1951 primo
3473 1878 3693 1937 diducti

2102 1973 2456 2040 voluminis;
2514 1973 2676 2044 cujus
2735 1971 2995 2029 vanitatis
3054 1974 3369 2045 exempturo
3429 1972 3521 2029 hic
3584 1972 3696 2029 Pa-

2103 2066 2395 2137 chymeres
2427 2066 2648 2131 recitat,
2692 2076 2857 2137 prout
2912 2065 2968 2121 in
3018 2066 3372 2123 ordinatione
3398 2064 3696 2122 Athanasii

2105 2157 2365 2230 contigit.

2178 2247 2471 2318 Θεμέλιον
2500 2290 2515 2317 ,
2572 2264 2629 2319 p.
2689 2246 2817 2307 506.
2869 2248 3014 2317 Quid
3051 2260 3212 2307 vocet
3276 2248 3385 2308 hoc
3427 2250 3553 2308 loco
3587 2250 3697 2309 Pac

2105 2342 2397 2415 chymeres
2466 2342 2723 2410 θεμέλιον
2777 2344 3030 2415 πρῶτον,
3107 2331 3341 2417 expunlt
3403 2361 3532 2402 mox
3590 2351 3693 2418 per

2106 2435 2200 2491 illa
2251 2434 2420 2491 verba
2469 2436 2660 2507 πρώτη
2694 2422 2875 2506 βάσις.
2915 2438 3012 2493 Est
3057 2453 3193 2509 ergo
3245 2445 3314 2495 es
3350 2438 3470 2510 ejus
3503 2442 3719 2497 mente

2107 2528 2357 2598 θεμέλιον
2378 2528 2616 2601 σελήνης
2643 2530 2888 2601 πριῖητιν,
2923 2530 3135 2602 primus
3159 2545 3190 2585 a
3221 2531 3433 2603 synodo
3464 2532 3693 2588 novilu-

2106 2623 2186 2678 nii
2214 2635 2534 2694 processus,
2581 2622 2687 2677 hoc
2716 2606 2818 2679 est.
2843 2623 3113 2695 νουμηνία
3160 2634 3216 2680 et
3255 2638 3449 2680 verum
3483 2626 3699 2683 mensis

2105 2714 2318 2771 lunaris
2348 2712 2588 2770 initium.
2615 2713 2832 2771 idcirco
2856 2722 3039 2771 autem
3072 2731 3183 2773 non
3209 2714 3409 2774 otiose
3434 2716 3488 2775 id
3523 2727 3700 2775 nota-

2110 2816 2221 2876 tur,
2254 2806 2405 2880 quod
2436 2808 2761 2879 plerumque
2784 2809 2840 2864 in
2862 2809 3167 2875 mensibus,
3198 2796 3392 2882 quales
3417 2820 3553 2884 sunt
3580 2812 3699 2871 Ro-

2106 2900 2278 2965 mani,
2324 2899 2599 2957 solaribus
2641 2900 2923 2973 contingat
2953 2901 3321 2972 plenilunium
3371 2912 3428 2959 et
3467 2920 3701 2963 ueome-

2107 2992 2258 3049 niam
2315 2992 2383 3048 ad
2428 3006 2649 3050 menses
2690 2992 2943 3050 diversos
2969 2996 3280 3064 pertinere.
3319 2993 3702 3055 Ostendemus

2109 3092 2296 3143 autem
2325 3085 2468 3141 lihro
2494 3086 2691 3141 harum
2722 3086 3189 3145 Observationum
3212 3087 3270 3153 3,
3297 3089 3396 3145 ubi
3426 3072 3705 3149 defectio-

419 3195 593 3251 ματος
649 3177 1006 3243 vocabulum,
1054 3176 1403 3248 adaptaverit
1465 3175 1556 3231 hic
1617 3183 1807 3234 noster
1864 3163 2078 3233 Μαι-(Ξ
2112 3179 2201 3235 nis
2254 3178 2420 3250 hujus
2476 3180 2685 3235 lunaris
2741 3179 2987 3237 calculos
3054 3180 3348 3247 dabimus,
3398 3182 3703 3254 contigisse

418 3272 727 3343 champari.

491 3368 691 3437 Ζυγόν
728 3360 1097 3437 Εὑαγγελέου
1119 3366 1365 3430 τιθέναι,
1396 3363 1597 3435 p.156.
1624 3364 1750 3437 Agit
1796 3365 1865 3422 de
1899 3380 2007 3428 or-

419 3458 708 3513 dinatione
724 3458 1011 3514 Athanasii
1035 3457 1364 3528 patriarchae
1380 3457 2005 3530 Constantinopolitani,

419 3551 477 3606 in
525 3564 635 3622 qua
690 3550 1046 3621 quaerendum
1103 3548 1173 3604 ad
1215 3550 1634 3621 intelligentiam
1672 3550 1837 3623 hujus
1875 3550 2006 3613 loci.

420 3640 552 3711 quid
579 3640 649 3694 sit
670 3641 864 3711 jugum
889 3642 1066 3695 sancti
1094 3639 1375 3712 Evangelii
1402 3640 1569 3714 686
1600 3659 1814 3714 ponere.
1838 3644 2010 3700 Docet

421 3732 477 3788 id
515 3748 615 3790 nos
657 3734 801 3791 ritus
835 3734 1206 3791 ordinationis
1241 3735 1627 3805 episcoporum
1667 3737 1812 3809 apud
1854 3736 2008 3795 Grae-

422 3840 539 3891 cos,
574 3826 665 3896 qui
696 3836 876 3883 exstat
918 3829 972 3883 in
1012 3827 1380 3900 Euchologio.
1415 3844 1473 3900 p.
1511 3829 1638 3895 502,
1681 3830 1772 3886 ubi
1805 3830 2008 3886 diserte

420 3921 666 3976 traditur
692 3920 972 3992 completo
1002 3921 1254 3993 Trisagio
1280 3922 1649 3979 celebrantem
1685 3925 2006 3996 episcopum

412 4012 727 4070 ascendere
774 4013 830 4068 in
862 4014 1203 4083 crepidinem
1235 4029 1406 4069 sacra:
1435 4029 1659 4078 mensae,
1703 4014 1887 4085 ibique
1928 4014 2008 4071 illi

421 4106 614 4163 αποιτί
640 4122 672 4161 a
704 4106 1073 4177 pratentibus
1103 4108 1279 4162 tribus
1313 4106 1591 4177 episcopis
1632 4106 2005 4162 ordinandum

423 4212 456 4251 a
502 4195 718 4251 dextris
774 4196 1148 4260 celebrantis;
1203 4214 1234 4251 a
1295 4197 1540 4253 sinistris
1593 4209 1777 4254 autent
1828 4208 2008 4256 astare

424 4285 929 4358 chartophylacem,
962 4288 1057 4355 qui
1108 4287 1418 4341 celebranti
1455 4287 1704 4342 chartam
1738 4288 1921 4353 otl'ert,
1951 4287 2006 4343 in

425 4394 533 4449 qua
556 4378 922 4450 scriptumjsit
952 4395 967 4433 :
992 4380 1162 4450 Φήφῳ
1182 4381 1277 4432 καὶ
1302 4380 1597 4454 δοκιμασίᾳ
1628 4380 1735 4434 τῶν
1762 4380 2006 4451 θεοφιλε-

426 4470 637 4524 στάτων
661 4470 977 4525 ἐπισκόπων
1003 4473 1098 4525 καὶ
1125 4470 1234 4524 τῶν
1258 4471 1570 4525 ὁσιωτάτων
1593 4471 2006 4543 πρεσϐυτέρων,

426 4564 460 4632 ἡ
491 4560 613 4617 θεία
646 4563 807 4633 χάρις
837 4567 869 4635 ἡ
898 4564 1133 4617 πάντοτε
1169 4566 1236 4617 τὰ
1268 4562 1471 4635 ἀσθενῆ
1500 4566 1882 4635 θεραπεύουσα
1908 4570 2004 4622 καὶ

424 4659 496 4714 τὰ
527 4660 844 4713 ἐλλείποντα
876 4661 1275 4732 dvas-cingebant
1304 4661 1721 4733 προχειρίζεται
1747 4662 1839 4716 τὸν
1861 4664 2011 4719 δεῖνα

425 4753 517 4807 τὸν
548 4751 969 4821 θεοφιλέστατον
1015 4752 1392 4821 πρεσϐύτερον
1426 4754 1728 4807 ἐπίσκοπον
1758 4757 1859 4825 τῆς
1890 4754 2012 4809 θεο-

428 4840 639 4897 σώστου
674 4843 883 4903 πόλεως
914 4843 1098 4913 τῆσδε.
1138 4842 1225 4912 [Ρ.
1259 4841 1387 4915 48η
1414 4842 1718 4912 Εὖξώμεθα
1746 4844 1838 4898 οὖν
1869 4845 2012 4916 ὑπὲρ

426 4935 593 4989 αὺτοῦ
647 4933 734 4988 ἶνα
789 4934 921 5009 ἔλθῃ
956 4936 1043 4988 ἐπ’
1078 4936 1242 4989 αὑτὸν
1293 4937 1326 5007 ἡ
1374 4938 1535 5007 χάρις
1586 4936 1680 4991 τοῦ
1738 4941 2010 5008 παναγίου

428 5028 766 5101 Πνεύματος.
803 5028 917 5084 Hoc
961 5038 1043 5083 est
1073 5049 1087 5085 ;
1116 5024 1378 5099 Suﬁ’ragio
1414 5039 1465 5083 et
1507 5032 1885 5100 apprsbatione
1915 5034 2014 5090 Dei

428 5121 920 5175 amantissimorum
944 5122 1306 5189 episcoporum
1330 5133 1379 5175 et
1408 5124 1863 5179 sanctissimorum
1893 5143 2013 5194 pre—

424 5215 755 5285 sbyterorum
791 5254 805 5278 ,
842 5215 1024 5268 divina
1054 5216 1255 5283 gratia,
1296 5232 1413 5285 quis
1454 5216 1639 5286 ubique
1669 5217 1888 5285 inﬁrma
1917 5236 2011 5274 cu-

429 5314 515 5359 rat
549 5313 599 5358 et
628 5302 927 5373 deﬁcientia
957 5304 1184 5375 supplet,
1214 5316 1477 5371 promovet
1513 5305 1583 5359 Ν.
1629 5306 1724 5361 Dei
1752 5311 2013 5363 amantis-

429 5397 626 5451 simum
656 5398 1018 5465 presbyterum
1046 5400 1348 5465 episcopum
1383 5414 1415 5450 a
1446 5396 1551 5449 Deo
1580 5408 1803 5451 servata:
1826 5400 2014 5453 civita-

430 5490 499 5543 tis
544 5487 612 5542 Ν.
639 5485 858 5543 Oremus
902 5486 1067 5558 igitur
1094 5505 1189 5557 pro
1216 5506 1299 5545 eo.
1350 5498 1407 5542 ut
1461 5490 1635 5545 veniat
1682 5507 1841 5561 super
1892 5509 2010 5545 eum

430 5581 610 5653 gratia
639 5581 956 5639 sanctissimi
989 5581 1243 5653 Spiritus.
1277 5582 1379 5639 Ubi
1416 5583 1661 5639 chartam
1697 5585 1838 5641 hanc
1863 5587 2011 5641 cele-

432 5678 599 5732 brans
662 5676 922 5745 accepit.
980 5678 1407 5735 archidiaconus
1470 5681 1807 5737 audientiam
1865 5682 2012 5737 indi-

428 5771 527 5836 cit,
587 5768 850 5835 clamans,
888 5771 1245 5841 Πρὸσχωμεν,
1287 5776 1643 5827 attendamus.
1686 5774 1804 5829 Mox
1864 5777 2013 5831 cclc-

427 5864 599 5931 Lrans
629 5877 748 5934 quat
783 5862 990 5931 scripta
1020 5872 1149 5918 sunt
1179 5864 1234 5919 in
1260 5864 1448 5920 charta
1479 5867 1815 5939 pronuntiat,
1853 5869 2013 5924 intel-

2038 4515 2086 4569 Β

2112 3268 2263 3326 illam
2318 3270 2407 3327 die
2458 3271 2523 3327 ιι
2570 3271 2816 3329 Januarii
2861 3287 3008 3328 anno
3051 3272 3185 3329 Chr.
3217 3273 3380 3331 150%.
3407 3273 3568 3330 Unde
3616 3281 3704 3331 est

2112 3376 2461 3434 consequens
2490 3364 2793 3435 νουμηνίαν
2841 3380 2966 3435 quae
2996 3368 3278 3437 praecessit
3308 3366 3418 3424 hoc
3456 3368 3702 3438 plenilu-

2111 3459 2269 3513 nium
2313 3456 2635 3529 eclipticum
2685 3459 2742 3513 in
2777 3458 2927 3529 ipsas
2959 3457 3207 3514 Januarii
3233 3458 3508 3516 Kalendas
3554 3459 3701 3516 inci-

2112 3549 2285 3606 disse.
2310 3550 2447 3605 Nam
2475 3550 2542 3605 14
2564 3550 2707 3605 lunae
2728 3552 2817 3607 die
2849 3551 3151 3621 plenilunia
3183 3551 3343 3607 fiunt.
3371 3550 3701 3623 Exprimere

2113 3640 2285 3714 igitur
2329 3649 2523 3696 noster
2581 3641 2673 3697 hic
2732 3641 2911 3695 voluit
2961 3640 3128 3713 685
3173 3641 3319 3699 lunae
3348 3652 3701 3700 menstruum

2111 3750 2339 3791 cursum
2366 3735 2627 3807 allegoria
2649 3734 2885 3806 quadam
2921 3734 3166 3791 aedificii.
3204 3728 3343 3803 Quia
3373 3736 3523 3793 enim
3559 3738 3702 3793 sult-

2111 3828 2438 3885 structionis
2482 3828 2701 3884 initium
2750 3827 3173 3885 fundamentum
3221 3836 3327 3895 est,
3358 3827 3565 3886 Graecis
3614 3828 3704 3887 di-

2112 3930 2263 3977 ctum
2286 3920 2561 3994 θεμέλιον,
2590 3930 2743 3978 recte
2771 3920 3062 3977 transferri
3091 3936 3253 3993 posse
3278 3922 3334 3978 id
3365 3936 3569 3980 nomen
3595 3938 3705 3996 pu-

2114 4015 2248 4071 tavit
2295 4014 2364 4070 ad
2410 4014 2836 4085 signiﬁcandum
2886 4015 3107 4072 initium
3160 4024 3364 4083 motus,
3410 4031 3523 4088 quo
3558 4016 3698 4074 luna

2113 4108 2300 4162 statim
2326 4124 2355 4162 a
2390 4117 2599 4178 puncto
2636 4108 2817 4163 coitus
2854 4124 2981 4164 cum
3011 4108 3129 4165 sole
3162 4110 3233 4164 ad
3261 4124 3465 4166 novum
3493 4110 3705 4168 circul-

2114 4208 2228 4254 tum
2276 4215 2398 4256 sese
2444 4200 2662 4258 incitat.
2702 4200 2869 4257 Forte
2901 4210 3089 4257 autem
3123 4203 3478 4275 κυριολογεαν
3505 4221 3703 4276 quam-

2112 4294 2237 4348 dam
2270 4302 2467 4350 auctor
2494 4296 2686 4367 posuit
2710 4296 2765 4350 in
2799 4310 2933 4352 voce
2959 4298 3087 4367 μὴν,
3107 4308 3179 4352 ut
3214 4314 3313 4369 per
3335 4314 3455 4356 eam
3489 4300 3698 4372 alioqui

2115 4398 2291 4443 totum
2324 4389 2839 4460 τριακονταήμερον
2875 4391 3115 4460 spatium
3150 4390 3396 4461 triginta,
3418 4403 3475 4449 et
3496 4394 3701 4466 siquid

2115 4478 2380 4547 excurrit,
2405 4481 2622 4536 dierum
2654 4482 2900 4538 indicare
2929 4484 3093 4554 vulgo
3141 4485 3387 4551 solitam,
3429 4488 3522 4544 hic
3562 4504 3699 4560 pro-

2116 4572 2234 4641 prie
2272 4573 2606 4629 intellexerit
2635 4572 2905 4629 Kalendas
2939 4574 3085 4644 ipsas
3119 4576 3235 4632 sive
3266 4577 3501 4648 primam
3541 4594 3701 4634 men—

2116 4668 2192 4720 sis
2222 4664 2402 4732 diem;
2437 4666 2510 4720 ita
2540 4674 2621 4730 ut,
2640 4681 2766 4724 cum
2802 4666 2943 4724 dixit
2971 4670 3116 4740 μῆνα
3150 4670 3207 4723 δὲ
3234 4670 3459 4743 Ληναίῳ
3490 4672 3686 4744 πρώτη

2116 4756 2275 4828 βάσις
2327 4758 2518 4812 ἵστατο
2567 4759 2763 4829 μήνης,
2806 4760 3058 4817 indicare
3090 4762 3237 4834 quod
3274 4763 3388 4819 dixi
3432 4764 3695 4833 voluerit,

2114 4863 2359 4903 mensem
2384 4849 2637 4904 lunarem
2664 4865 2730 4905 eo
2749 4866 2894 4907 anno
2925 4868 3051 4907 cum
3078 4853 3223 4907 civili
3250 4853 3399 4923 paria
3425 4855 3699 4911 inchoam

2115 4942 2187 4998 do
2220 4943 2440 5009 fecisse,
2469 4960 2532 5000 ac
2562 4945 2745 5015 primo
2775 4946 2897 5015 ipso
2920 4946 3171 5001 Januarii
3200 4945 3438 5015 primum
3469 4946 3697 5003 inivisse

2116 5034 2327 5090 lunaris
2375 5036 2586 5107 periodi
2645 5037 2819 5093 diem.
2869 5038 3025 5103 Quod
3072 5053 3140 5092 ex
3174 5038 3380 5092 tabulis
3418 5038 3695 5104 hodieque

2115 5128 2496 5183 astronomicis
2530 5130 2876 5184 verissimum
2912 5128 3369 5199 deprehenditur.

2188 5222 2411 5288 Ἰκταρ,
2466 5235 2517 5289 p.
2568 5222 2677 5278 ιόμ
2717 5220 2918 5277 lterum
2980 5238 3033 5291 p.
3106 5223 3228 5277 155.
3272 5222 3577 5295 Hesychius
3633 5223 3697 5277 τδ

2118 5311 2279 5382 ἴκταρ
2320 5313 2548 5385 exponit
2576 5314 2764 5383 ἐγγύς,
2789 5330 2971 5385 prape.
3008 5313 3155 5391 idem
3196 5315 3697 5374 docetEustathius

2116 5404 2181 5457 ad
2218 5403 2414 5475 Odyss.
2446 5403 2508 5473 ψ,
2552 5413 2609 5460 et
2636 5414 2868 5475 uterque
2894 5408 3087 5461 recitat
3116 5416 3441 5477 usurpatum
3478 5409 3694 5466 Platoni

2116 5494 2148 5550 9
2177 5495 2245 5549 de
2293 5496 2431 5567 Rep.
2467 5496 2746 5567 adagium.
2795 5498 2903 5551 οὐδ’
2933 5500 3097 5571 [κταρ
3125 5500 3333 5573 βάλλει,
3382 5504 3450 5560 de
3480 5504 3693 5577 jacula-

2120 5601 2236 5645 tore
2264 5590 2495 5653 infelici,
2529 5592 2623 5660 qui
2660 5609 2771 5647 non
2802 5593 2980 5647 solum
3018 5610 3125 5651 non
3164 5595 3293 5653 ferit
3318 5612 3569 5669 scopum,
3595 5599 3690 5655 sed

2118 5698 2190 5737 ne
2225 5698 2393 5753 prepc
2424 5683 2649 5751 quidem
2681 5685 2912 5751 accedit.
2948 5686 3026 5741 Ad
3064 5688 3206 5744 hanc
3244 5691 3411 5763 hujus
3448 5691 3531 5765 [P.
3560 5690 3689 5767 ωε]

2117 5776 2272 5831 vocis
2306 5776 2591 5831 notionem
2647 5779 2942 5850 cogitatam
2997 5785 3048 5835 in
3084 5781 3170 5838 his
3194 5783 3333 5841 locis
3370 5786 3687 5859 Pachymeri

2118 5869 2631 5941 interpretationem
2689 5872 2982 5944 utrobique
3024 5890 3202 5932 meam
3243 5880 3683 5943 accommodans.
