4012 6236
46 93 459 209 τ

218 327 321 398 ’7ι5

1603 312 2126 393 GLOSSARtUM.

3364 322 3493 389 736-

218 445 359 502 haud
404 443 793 501 aberrasseme
829 441 897 497 ab
920 441 1166 497 auctoris
1216 441 1490 498 sententia
1539 442 1781 517 confido.
1813 450 1855 508 Α
1889 443 2041 499 Meus
2100 442 2400 514 Procopius
2446 421 2703 496 eumdem
2758 438 2953 495 asserit
2996 438 3224 495 Cabadis
3269 437 3468 493 filium.

211 538 475 610 Adjiciam
498 536 680 591 obiter
696 535 845 607 quod
882 536 937 591 in
968 545 1208 593 mentem
1233 535 1405 602 venit,
1434 544 1656 607 etymon
1688 548 1789 589 ro-

209 633 290 685 cis
324 629 531 685 Latina
568 630 743 682 instar
773 644 885 682 non
915 627 1137 684 aliunde
1177 627 1351 683 videri
1382 644 1545 698 quam
1584 626 1653 682 ab
1690 626 1795 683 hac

1897 536 2088 592 Liceat
2124 533 2397 606 suspicari
2432 531 2799 604 exscriptores
2832 531 2959 587 libri
3006 530 3141 587 Setia
3175 530 3340 594 saepes
3372 545 3470 601 pro

1897 628 2091 684 nam
2134 628 2333 683 vitiose
2386 628 2638 699 posuisse
2674 641 2840 681 :nam
2872 625 2926 680 in
2971 634 3080 680 lota
3117 623 3344 679 historia
3382 639 3471 679 re—

209 722 399 780 Grzca
423 721 582 791 ἵκταρ
612 720 1001 791 repetendum.
1035 721 1133 776 Est
1156 721 1343 791 ἴκταρ,
1373 731 1432 776 ut
1462 729 1650 774 monet
1683 719 1819 776 tle?
1893 720 2023 791 gum
2064 718 2415 774 Persicorum
2468 716 2653 772 nullus
2701 718 2980 786 reperitur
3041 714 3214 771 David
3264 715 3468 771 dictus.

212 814 458 887 sycbius,
486 812 595 868 ἀπὸ
616 812 711 865 τοῦ
742 814 1036 880 ἱκνεῖσθαι,
1064 814 1211 878 quod
1238 823 1397 869 sonat
1416 812 1708 884 pervenire,
1725 828 1796 870 ex

210 922 275 963 ea
306 906 521 975 origine
552 906 1031 961 accommodatum
1062 906 1129 961 ad
1164 900 1361 976 signili.
1382 906 1587 962 andum
1618 906 1798 961 imita-

214 1000 425 1051 tionem
457 1010 553 1051 seu
589 996 1003 1065 expressionem
1034 998 1244 1063 forms,
1286 1012 1407 1067 qua:
1434 1005 1649 1051 tantum
1683 1011 1798 1053 non

214 1089 472 1161 pervenit
520 1098 582 1145 et
619 1077 783 1145 abest
816 1090 1066 1160 proxime
1102 1100 1132 1143 a
1160 1103 1287 1143 vera
1314 1085 1675 1165 similitudine
1705 1103 1798 1141 ar-

216 1181 462 1252 chetypi,
484 1190 549 1236 ut
584 1191 738 1237 recte
771 1182 947 1236 instar
975 1180 1121 1236 illius
1158 1181 1330 1251 possit
1352 1179 1568 1235 haberi.
1602 1178 1797 1235 Gram-

214 1272 430 1340 matiei,
461 1277 518 1328 et
542 1272 601 1328 in
634 1271 721 1327 his
754 1272 1052 1326 novissime
1075 1270 1525 1327 accuratissimus
1548 1270 1795 1338 Vossius,

214 1368 444 1431 frustra,
476 1367 533 1419 ni
566 1366 746 1430 fallor,
780 1363 1172 1419 conﬂictantur
1197 1352 1253 1418 in
1283 1364 1642 1419 extundendo
1679 1362 1798 1419 Mu-

212 1460 291 1516 sis
321 1457 515 1514 invitis
549 1458 859 1528 veriloquio
906 1456 1058 1511 vocis
1090 1456 1256 1526 hujus
1293 1470 1324 1510 e
1366 1456 1533 1510 verbo
1573 1458 1794 1512 iuuare.

215 1536 499 1607 Habemus
556 1566 624 1605 ex
668 1566 735 1605 eo
765 1551 910 1620 quod
944 1549 1234 1620 subjiciam
1275 1549 1444 1604 etiam
1481 1550 1717 1603 litteram
1739 1564 1795 1613 η,

212 1660 280 1702 ει
323 1662 353 1696 ν
403 1643 500 1697 τοῦ
544 1644 809 1713 ἱκνέομαι.
846 1642 1028 1712 Cappa
1069 1658 1202 1696 vero
1236 1640 1396 1695 facile
1427 1642 1577 1695 credi
1615 1649 1799 1711 potest

214 1738 284 1793 ob
310 1736 653 1807 euphoniam
688 1737 966 1792 sublatum
1003 1744 1098 1789 aut
1137 1734 1190 1788 in
1215 1752 1239 1788 s
1269 1734 1579 1789 emollitum
1608 1734 1662 1788 in
1700 1748 1799 1788 vo-

1896 806 2039 864 Puto
2062 808 2225 864 etiam
2250 822 2347 863 eos
2367 821 2583 863 errasse
2609 807 2664 863 in
2689 807 2911 863 nomine
2944 807 3176 862 Peraoes
3204 806 3474 878 traiectio-

1896 915 1968 955 ne
1992 897 2325 962 litterarum,
2350 914 2477 954 eum
2508 896 2734 953 Peras“
2761 907 2907 957 recta
2937 898 3162 969 scriptio
3191 898 3264 953 sit
3296 916 3310 953 :
3341 914 3469 953 nam

1899 992 2006 1048 hoc
2035 1006 2238 1048 nomen
2275 991 2461 1069 Persis
2492 990 2751 1046 usitatum
2777 990 3069 1061 reperitur.
3090 988 3270 1059 Quare
3296 991 3471 1045 corri-

1895 1084 2136 1157 gendum
2205 1097 2427 1155 quoque
2476 1092 2612 1155 puto
2661 1082 3016 1140 Ammianum
3070 1082 3473 1147 Marcellinum,

1898 1178 1996 1234 lib.
2020 1192 2133 1245 xix,
2163 1176 2293 1233 dum
2339 1176 2561 1231 Pirosen
2581 1192 2699 1253 pro
2718 1176 3057 1251 Perusinut
3085 1174 3303 1248 opinor,
3339 1177 3477 1233 scri-

1899 1271 2003 1327 bit.
2034 1269 2232 1326 Totum
2264 1272 2448 1327 locum
2481 1272 2555 1327 ita
2589 1280 2645 1326 et
2673 1273 2907 1341 legerem
2936 1280 2992 1327 et
3020 1269 3108 1343 [Ρ.
3139 1270 3269 1343 485]
3301 1271 3477 1326 inter-

1902 1371 2152 1434 preta'rcr
2179 1363 2313 1436 pace
2336 1364 2638 1419 doctissimi
2664 1364 2861 1421 Vaiesii
2886 1381 2900 1417 :
2924 1363 3104 1420 Persis
3131 1363 3393 1435 Saporem
3423 1378 3480 1420 et

1899 1455 2193 1511 Xahan-xa
2228 1467 2282 1512 et
2312 1456 2545 1517 Perozen
2581 1456 3007 1527 appellantibus,
3056 1454 3235 1527 reg’um
3284 1474 3475 1528 regem,

1899 1552 1955 1598 et
1981 1546 2369 1615 dissipatorrm,
2412 1547 2607 1616 supple
2651 1546 2916 1612 hostium,
2939 1561 2971 1602 a
3000 1554 3123 1634 γ’πδ
3154 1562 3338 1618 parata
3375 1549 3480 1604 He-

1901 1638 2068 1694 braeo.
2100 1637 2255 1696 Unde
2284 1637 2411 1693 Baal
2458 1642 2725 1709 peratsim
2773 1640 2961 1697 dictus
2995 1642 3151 1717 locus
3181 1642 3271 1697 ubi
3302 1643 3479 1698 divisit

1900 1732 2155 1786 Dominus
2186 1732 2425 1788 inimicos
2452 1734 2668 1788 Davidis
2688 1733 2752 1806 (Ii
2782 1733 2933 1791 Sam.
2952 1752 3003 1799 v,
3021 1735 3135 1805 20).
3158 1755 3175 1788 ι
3199 1735 3325 1791 Haec
3348 1737 3482 1793 Mal-

213 1818 414 1886 cabulo
474 1829 672 1885 Latino
716 1832 910 1897 instar.
962 1827 1054 1885 Sic
1111 1828 1380 1899 opinabar
1418 1826 1709 1899 :judicent
1749 1827 1798 1880 si
1832 1818 1870 1874 Β
1902 1834 2097 1891 tretus,
2142 1826 2344 1895 quibus
2368 1811 2511 1882 addo
2542 1828 2685 1898 quod
2709 1828 2871 1883 amici
2901 1827 3477 1895 Florentiascribunt,

213 1923 448 1979 τοιαῦτα
479 1922 665 1988 δεινοί,
702 1936 936 1994 quorum
966 1921 1215 1978 arbitriis
1234 1920 1507 1975 obnoxius
1529 1926 1585 1974 et
1620 1918 1800 1974 libens

216 2028 453 2072 stetero.
508 2015 819 2085 Antequam
866 2014 1083 2080 desino,
1130 2014 1406 2069 admoneo
1452 2015 1678 2069 tertium
1719 2011 1799 2067 uti

215 2109 386 2163 verbo
444 2109 552 2163 hoc
598 2108 1020 2179 Pachymerem,
1059 2120 1114 2177 p'.
1158 2106 1421 2161 nimirum
1457 2106 1566 2162 290
1612 2117 1629 2157 :
1678 2103 1799 2159 Οὐδ’

215 2200 378 2269 (κταρ
427 2200 579 2265 ἄξιον
633 2198 897 2270 κρίνουσα
930 2199 992 2251 τὸ
1020 2197 1402 2267 συνάλλαγμα,
1451 2197 1519 2253 de
1556 2196 1799 2267 Augusta

216 2302 391 2349 matre
444 2292 675 2348 Joannis
721 2292 968 2362 despotic
1019 2290 1184 2363 hujus
1215 2288 1627 2345 matrimonium
1674 2304 1798 2343 cum

216 2380 323 2437 illia
353 2381 598 2439 Cbutnni
633 2382 874 2453 prafeetl
902 2382 1170 2445 canicleo,
1202 2380 1333 2436 licet
1368 2381 1420 2435 id
1452 2380 1801 2436 Andronicus

217 2462 378 2548 pater
413 2478 665 2548 despotae
689 2487 931 2549 optaret.
961 2477 1139 2546 impar
1167 2476 1423 2549 dignitati
1461 2476 1553 2531 lilii
1594 2465 1803 2533 ducen-

218 2579 292 2623 te'.
336 2570 452 2625 Sed
498 2578 557 2625 et
590 2570 733 2641 alter
766 2555 1025 2624 occurrit
1057 2570 1234 2631 locus,
1283 2583 1337 2639 p.
1384 2564 1490 2623 502
1534 2584 1549 2620 :
1600 2567 1802 2637 Τδμξν

213 2660 422 2732 ὅσαπερ
466 2661 633 2734 ᾔτουν
697 2661 921 2727 διδόναι,
958 2661 1066 2715 οὐδ’
1097 2662 1261 2728 ἴκταρ
1293 2659 1505 2732 βάλλων
1534 2661 1802 2731 οὐμενοῦν

216 2734 535 2824 έδοκιμαζε.
576 2753 863 2826 Significat
892 2768 960 2808 ne
991 2753 1169 2822 prima
1206 2752 1432 2823 quidem
1464 2752 1799 2823 cogitatione

217 2854 381 2902 tenus
409 2847 631 2923 venisse
664 2846 718 2902 in
742 2854 984 2901 mentem
1014 2844 1337 2915 imperatori
1371 2844 1502 2900 dare
1522 2843 1802 2900 Catelanis

216 2923 493 3009 stipendia
524 2938 893 3010 ﬂagitantibus
926 2947 1192 3009 quantum
1231 2938 1479 3008 pecunia:
1523 2951 1794 3009 poposce-

218 3015 357 3088 ran't.
381 3029 523 3088 Vide
550 3032 716 3087 etiam
741 3048 798 3102 p.
819 3030 948 3089 L80.

295 3166 503 3236 ἰπνὸς
529 3167 716 3237 ἅγιος,
751 3183 809 3240 ρ.
846 3168 938 3223 so.
973 3168 1203 3241 Vulgata
1234 3166 1654 3234 ιιοιίοηθηῑπνός
1686 3167 1798 3225 [υτ.
1826 3149 1873 3226 α

220 3273 324 3315 nus
359 3271 471 3329 est,
506 3271 604 3317 aut
634 3261 803 3317 etiam
839 3261 1083 3318 limatum
1127 3272 1183 3317 et
1221 3262 1634 3332 receptaculum
1676 3277 1802 3317 sor-

223 3350 395 3409 dium.
426 3354 573 3409 Hinc
608 3353 663 3408 in
699 3354 913 3409 aedibus
944 3353 1114 3409 sacris
1142 3353 1299 3409 locus
1334 3355 1389 3410 in
1415 3368 1579 3424 quem
1608 3368 1696 3410 res
1718 3368 1802 3410 sa-

219 3457 325 3499 cra:
373 3448 671 3519 putredine
722 3446 947 3503 inutiles
987 3446 1376 3503 consumenda:
1407 3445 1800 3519 projiciuntur,

222 3532 443 3602 Graecis,
482 3548 541 3594 ut
590 3538 681 3594 hic
714 3538 911 3595 doceat
942 3550 1153 3606 noster,
1183 3540 1334 3603 ἰπνὸς
1380 3538 1536 3609 ἅγιος
1596 3540 1803 3597 dicitur

221 3626 384 3701 686
402 3630 630 3687 Memini
668 3640 724 3688 et
744 3632 943 3688 alicubi
979 3633 1160 3704 legere
1188 3631 1491 3706 δεξαμενὴν
1525 3614 1800 3691 vocatum.

226 3718 401 3796 Latini
428 3724 695 3797 piscium
720 3725 1017 3795 appellant.

309 3860 701 3932 ’Ixrnddtnc.
728 3859 847 3919 Hoc
870 3862 1105 3919 verbum
1128 3863 1304 3935 priori
1334 3879 1368 3921 a
1405 3881 1492 3921 me
1520 3864 1802 3922 Glossario

231 3958 517 4012 tractatum
549 3970 781 4026 repono,
808 3969 877 4010 ne
927 3956 1190 4011 lectorem
1243 3955 1453 4013 lateant
1485 3972 1609 4028 quat
1640 3956 1802 4013 Clau-

230 4042 350 4101 dius
396 4048 689 4103 Maltretus
742 4047 855 4101 illic
904 4062 936 4102 a
993 4062 1080 4103 me
1106 4048 1312 4119 scripta
1358 4048 1546 4120 legens
1594 4050 1661 4105 de
1698 4064 1801 4105 suo

233 4140 460 4196 contulit
510 4139 579 4194 ad
620 4155 736 4195 rem
769 4139 917 4195 illam
968 4139 1369 4204 illustrandum,
1422 4155 1559 4195 auro
1611 4154 1831 4196 contra'

234 4246 337 4285 non
364 4248 514 4289 cara.
550 4252 569 4285 ‹
603 4232 846 4299 Texeira,
886 4232 1089 4304 inquit,
1120 4234 1421 4289 Lusitanus
1466 4235 1529 4288 in
1559 4234 1799 4289 Historia

235 4321 475 4393 Persidis,
504 4327 544 4383 l.
578 4343 616 4391 t,
640 4341 689 4383 c.
713 4326 805 4394 35,
833 4328 1087 4382 meminit
1120 4306 1263 4396 regis
1288 4326 1574 4398 cujusdam
1612 4326 1802 4382 Resere

233 4414 502 4475 Aauxiron
535 4419 739 4476 vocati.
766 4420 812 4476 ls
837 4420 1099 4477 nimirum
1130 4428 1216 4477 est
1244 4420 1497 4475 Chosroes
1528 4420 1801 4473 Anasura-

1903 1933 2101 1987 nempe
2142 1912 2256 1975 illic
2309 1920 2364 1975 in
2407 1919 2769 1976 celeberrima
2810 1921 2977 1978 Ducis
3021 1921 3197 1993 Magni
3236 1922 3477 1979 Medicea

1904 2009 2239 2067 bibliotheca
2290 2014 2502 2068 servari
2533 2014 2817 2085 exemplar
2847 2011 3100 2069 Graecum
3132 2014 3297 2086 hujus
3330 2016 3481 2087 ejus-

1902 2103 2027 2157 dem
2061 2103 2212 2172 libri,
2240 2119 2365 2161 eum
2408 2090 2615 2161 indicio
2649 2108 2938 2177 temporis,
2970 2123 3082 2178 quo
3110 2106 3156 2163 is
3188 2119 3331 2165 este
3354 2108 3484 2165 bar-

1904 2195 2091 2252 barica
2112 2198 2165 2251 in
2196 2197 2439 2253 Graecam
2474 2198 2770 2255 translatus
2796 2199 3003 2269 lingua.
3027 2200 3310 2258 Asseritur
3332 2205 3481 2259 enim

1904 2289 1958 2344 id
1992 2289 2196 2346 factum
2230 2291 2389 2363 jussu
2413 2290 2590 2347 Alexii
2618 2290 2911 2355 Comneni,
2933 2308 3099 2363 quem
3131 2303 3350 2351 constat
3381 2295 3485 2349 im-

1902 2380 2118 2452 perium
2156 2384 2437 2443 Orientale
2471 2387 2715 2443 tenuisse
2733 2389 2804 2445 ab
2834 2403 2978 2444 anno
3004 2390 3209 2448 Christi
3250 2392 3389 2447 1080
3413 2393 3481 2449 ad

1906 2476 2066 2532 1118.
2098 2477 2213 2533 Nec
2248 2479 2516 2537 abhorret
2568 2482 2639 2537 ab
2670 2481 2776 2540 hac
2817 2483 3176 2555 chronologia
3212 2495 3344 2547 atas
3382 2486 3482 2559 Sy-

1906 2572 2119 2625 meonis
2160 2568 2337 2636 Sethi,
2370 2572 2575 2644 quippe
2602 2590 2766 2646 quem
2801 2576 3081 2633 illustriss.
3108 2578 3221 2633 Leo
3245 2579 3481 2634 Allatius

1905 2661 2143 2718 diatriba
2196 2664 2265 2721 de
2316 2665 2634 2722 Sitneonum
2685 2669 2928 2738 scriptis,
2970 2670 3186 2740 p.181,
3225 2670 3481 2727 ﬂoruisse

1909 2759 2143 2809 testatur
2175 2754 2279 2810 sub
2307 2754 2643 2826 imperatore
2677 2757 2941 2815 Michaele
2963 2760 3152 2826 Duea;
3185 2762 3347 2833 cujus
3372 2763 3478 2817 im-

1904 2845 2120 2915 perium
2153 2862 2277 2901 cum
2308 2848 2376 2903 ab
2416 2863 2562 2904 anno
2608 2848 2812 2906 Christi
2862 2852 2988 2907 1071
3026 2847 3100 2908 ad
3126 2852 3260 2910 l078
3302 2857 3479 2925 perti-

1906 2938 2115 3004 nuerit,
2161 2939 2321 2997 facile
2364 2943 2546 3013 potuit
2596 2942 2847 3002 ﬂorentis
2893 2956 3023 3003 tunc
3052 2949 3231 3005 aetatis
3275 2949 3479 3006 Sethus

1907 3031 2074 3087 vitam
2126 3032 2198 3087 ad
2227 3034 2431 3090 multos
2456 3019 2586 3091 inde
2618 3051 2801 3093 annos
2823 3053 3153 3112 prepagasse
3193 3050 3251 3098 et
3286 3057 3481 3099 conse-

1908 3133 2143 3194 quenter
2164 3125 2261 3181 diu
2296 3126 2501 3185 vixisse
2529 3129 2633 3184 sub
2661 3130 2853 3187 Alexio
2887 3130 3193 3190 Comneno.

1938 3348 1941 3349 7
1982 3264 2428 3335 Καϐαλλαρικαὶ
2467 3269 2644 3337 τιμαί,
2676 3284 2729 3339 p.
2764 3270 2889 3327 498.
2921 3271 3047 3344 Agit
3086 3273 3154 3329 de
3189 3276 3483 3333 comitibus

1910 3350 2219 3425 Mpyrigerii
2243 3355 2485 3423 Teutzzr,
2521 3374 2754 3427 quorum
2774 3360 2986 3431 aliquos
3012 3362 3174 3419 docet
3205 3366 3274 3420 ah
3305 3366 3486 3438 impe-

1910 3456 2093 3502 ratore
2124 3449 2479 3519 equestribus
2505 3450 2677 3507 fuisse
2712 3452 3021 3511 honoribus
3039 3454 3292 3515 affectos.
3320 3459 3490 3515 intel-

1909 3538 2051 3610 ligit,
2112 3541 2333 3611 opinor,
2361 3554 2673 3613 equestrem
2723 3546 2889 3617 687
2938 3548 3260 3620 dignitatem
3315 3554 3489 3610 certis

1909 3629 2165 3689 formulis
2195 3644 2252 3689 et
2279 3635 2499 3705 publica
2525 3639 2853 3694 cmremonia
2895 3640 3029 3711 ipsis
3072 3641 3141 3697 ab
3168 3640 3503 3699 Andronico

1909 3724 2156 3798 Augusto
2189 3728 2488 3784 honoriﬁce
2520 3730 2797 3786 collatam.
2823 3730 2980 3799 Quod
3023 3734 3078 3789 in
3109 3734 3357 3791 historiis
3382 3740 3485 3791 arvi

1909 3817 2187 3873 citerioris
2216 3819 2413 3881 crebro
2440 3819 2745 3899 factitatum
2776 3839 2806 3877 a
2832 3824 3055 3895 regibus
3079 3824 3333 3896 legimus.
3354 3838 3485 3898 puta

1910 3923 2035 3963 cum
2070 3925 2234 3965 manu
2274 3927 2372 3966 sua
2419 3913 2651 3967 calcaria
2710 3914 2991 3971 nobilibus
3041 3917 3145 3971 sibi
3182 3918 3367 3972 charis
3402 3920 3487 3973 in-

1910 4000 2111 4062 duunt.
2162 4012 2255 4057 aut
2314 4013 2564 4076 torquem
2618 4007 2670 4061 in
2712 4006 2913 4062 collum
2957 4008 3235 4079 injiciunt.
3269 4008 3485 4080 insigne

1913 4090 2270 4147 honorarium
2303 4095 2577 4167 equestris
2612 4095 2915 4167 dignitatis.

1982 4228 2147 4296 Κάκη
2204 4230 2301 4283 καὶ
2355 4230 2553 4297 κάκην
2585 4232 2883 4297 ἐπιλύειν.
2930 4249 2984 4303 p.
3022 4232 3146 4286 128.
3189 4235 3327 4305 Μηδ⁹
3366 4240 3485 4289 ἑπι-

1895 4323 2061 4375 ’λύειν
2107 4325 2206 4392 τὴν
2237 4327 2440 4393 κάκην.
2478 4325 2550 4378 ita
2584 4325 2755 4379 codex
2787 4337 3020 4399 uterque
3055 4329 3389 4385 Barberinus
3430 4341 3486 4385 et

1910 4416 2233 4479 Allatianus,
2262 4432 2384 4485 quin
2420 4417 2714 4487 vaticanus
2751 4420 2977 4485 omittit.
3013 4422 3069 4476 in
3098 4423 3202 4477 hoc
3231 4424 3350 4478 loco
3380 4437 3485 4477 no-

239 4520 331 4563 nus
377 4512 451 4566 tui
501 4509 790 4585 Symeonis
838 4510 993 4567 Seth.
1026 4511 1196 4566 Addit
1233 4510 1463 4566 Texeira
1506 4511 1627 4581 ejus
1660 4510 1803 4581 regis
1913 4515 2072 4565 lauda
2105 4511 2410 4580 praesertim
2449 4526 2546 4563 vox
2577 4512 2755 4581 κάκην
2804 4528 2928 4568 cum
2955 4525 3187 4570 accentu
3216 4515 3270 4569 in
3302 4515 3487 4585 priore

242 4606 477 4671 tempore
515 4604 731 4659 delatos
764 4620 829 4659 ex
858 4604 1016 4661 india
1059 4604 1114 4662 in
1139 4604 1422 4659 Persidem
1458 4604 1632 4657 libros
1662 4603 1803 4657 duos

242 4690 665 4766 philos0phicos,
692 4702 928 4766 quorum
962 4696 1055 4750 uni
1086 4711 1285 4749 nomen
1320 4694 1423 4749 fuit
1455 4694 1682 4757 Celiiah,
1719 4696 1803 4749 nl-

245 4784 337 4838 leri
378 4787 739 4863 Vuademana.
778 4788 957 4845 Unum
988 4789 1252 4843 nimirum
1290 4789 1491 4845 librum
1523 4789 1710 4843 divisit
1747 4790 1801 4841 in

244 4874 393 4945 duos,
426 4898 528 4954 pro
566 4884 788 4953 duplice
817 4882 1045 4939 nomine
1075 4885 1309 4937 duorum
1347 4884 1801 4939 iutcrlocutorum

246 4970 422 5037 prima:
462 4976 894 5033 dissertationis.
931 4960 1053 5036 δὴ)
1102 4976 1317 5042 talitali,
1369 4978 1514 5043 apud
1562 4976 1797 5051 Schind-

247 5059 435 5133 lerutn,
485 5085 540 5140 p.
582 5069 710 5135 86i,
746 5067 1015 5139 significat
1057 5068 1289 5123 Arahice
1313 5084 1528 5128 corona.
1563 5068 1617 5125 in
1671 5082 1806 5122 voce

248 5160 563 5214 "summa
620 5161 860 5230 primum
908 5177 936 5213 υ
983 5160 1300 5230 conjunctio
1342 5170 1424 5214 est
1466 5169 1507 5219 Ἰ.
1554 5159 1805 5214 Secunda

252 5246 435 5314 syllaba
466 5269 533 5307 os
552 5262 639 5309 est
666 5253 894 5307 verbum
926 5264 1003 5311 ιω
1038 5268 1123 5317 va,
1152 5254 1437 5323 ingressus,
1463 5252 1547 5305 vel
1578 5253 1704 5320 quid
1738 5268 1806 5306 ex

253 5349 311 5389 eo
334 5339 656 5401 derivatum.
688 5345 935 5413 Reliquae
966 5328 1077 5399 tres
1110 5347 1331 5415 syllaba:
1358 5346 1583 5399 (ientana
1614 5346 1807 5398 viden-

259 5432 466 5491 iurasse
491 5453 521 5492 a
541 5448 663 5497 nm
686 5438 873 5499 doma,
896 5436 1201 5490 observavit.
1226 5436 1371 5491 unde
1394 5452 1518 5491 cum
1550 5436 1807 5501 adjuncto

255 5523 280 5573 ἓ
324 5519 438 5579 Nuu
481 5530 799 5583 licemantico
835 5542 1033 5582 nomen
1071 5528 1337 5582 formatur
1367 5528 1681 5597 significans
1714 5526 1805 5581 ob-

260 5623 546 5674 lmatorem
570 5639 865 5694 gressum,
893 5622 1185 5691 ἰχνηλάτην
1213 5621 1471 5675 videlicet
1500 5636 1563 5674 ae
1579 5623 1807 5691 vestiga-

263 5709 411 5763 torem
431 5722 601 5770 tuum.
627 5715 865 5788 Symeon
900 5715 1031 5769 Setb
1066 5716 1142 5769 ait
1166 5716 1323 5769 initio
1352 5716 1512 5783 primi
1553 5714 1808 5795 Prolego-

265 5804 394 5857 leni
430 5809 686 5867 Chosroen
724 5812 1100 5865 Annsurauum
1143 5809 1310 5865 fuisse
1352 5810 1527 5864 filium
1568 5808 1800 5864 Doridis.

600 5910 870 5969 Parum“
916 5907 1030 5967 Gn.
1073 5905 1339 5967 CXLIV.

1892 4604 2139 4673 syllaba,
2162 4603 2318 4673 longe
2348 4603 2471 4657 ideo
2499 4603 2713 4659 diversa
2746 4621 2774 4659 a
2803 4606 3067 4660 feminino
3100 4607 3356 4679 adjectivi
3391 4624 3487 4659 κα-

1908 4696 2025 4757 κός,
2060 4692 2203 4763 quod
2233 4708 2452 4762 semper
2476 4696 2618 4764 κακή
2654 4711 2775 4748 cum
2801 4696 2951 4763 gravi
2984 4696 3036 4749 in
3064 4697 3254 4753 ultima
3286 4698 3489 4752 scribi-

1914 4798 2021 4841 tur.
2047 4786 2158 4841 Nec
2188 4787 2429 4856 antiquis
2461 4788 2641 4857 ignota
2677 4798 2760 4843 est
2793 4789 2909 4843 haec
2938 4789 3271 4846 differentia.
3309 4790 3488 4845 Euar-

1915 4894 1995 4935 rat
2022 4880 2322 4951 Hesychius
2345 4880 2636 4949 quemdam
2660 4882 2838 4935 locum
2862 4880 3190 4937 innominati
3216 4884 3485 4943 auctoris.

1916 4975 1968 5027 in
2003 4990 2114 5043 quo
2141 4972 2460 5027 viaehantur
2495 4974 2609 5027 haec
2638 4974 2800 5028 verba
2832 4976 2931 5044 τῆς
2972 4973 3111 5045 ἐμῆς
3136 4974 3333 5042 κάκης,
3363 4974 3486 5031 voci

1913 5066 2091 5135 κάκης
2141 5074 2201 5119 ut
2247 5080 2605 5137 synonymam
2641 5066 2941 5137 subjiciens
2964 5082 3151 5121 vocem
3186 5069 3488 5133 κακουχίας

1865 5185 1870 5191 -
1913 5160 2178 5227 (rescribe
2226 5162 2569 5229 κακουχίας).
2598 5159 2922 5214 Eustathius
2960 5174 3183 5231 quoque
3210 5161 3487 5232 παρεκσο-

1912 5254 2030 5317 λαῖς
2063 5255 2127 5307 ad
2157 5251 2319 5307 Iliad.
2350 5270 2400 5317 ν,
2444 5254 2508 5307 ad
2543 5254 2694 5306 illum
2722 5267 2939 5307 versum
2962 5253 3091 5318 654,
3124 5255 3227 5307 Ἦν
3258 5255 3358 5325 ἐμὲ
3386 5255 3491 5311 λω-

1862 5346 2173 5418 ”6ήσασοε,
2225 5347 2395 5399 κακαὶ
2442 5346 2620 5411 κύνες,
2671 5346 2923 5413 agnoscit
2969 5346 3300 5403 vocabulum
3346 5349 3493 5417 κάκη

1912 5442 2191 5497 diversum
2222 5456 2251 5495 a
2272 5440 2439 5507 κακή.
2468 5441 2546 5495 sic
2576 5439 2844 5495 adnotans
2870 5455 2885 5493 :
2911 5439 3071 5511 Κάκη
3098 5441 3207 5511 γὰρ
3236 5443 3296 5495 οὗ
3326 5444 3495 5511 μόνον

1914 5536 1946 5604 ἡ
1988 5535 2177 5594 κακία,
2208 5530 2347 5583 κατὰ
2386 5531 2510 5593 τοὺς
2537 5531 2666 5599 περὶ
2705 5530 2987 5598 Πλάτωνα,
3013 5531 3152 5585 ἀλλὰ
3185 5534 3280 5584 καὶ
3317 5532 3348 5601 ἠ
3376 5532 3488 5603 δει-

1912 5627 2021 5679 λία.
2054 5626 2297 5695 Denique
2327 5625 2590 5693 antiquus
2611 5624 3001 5694 grammaticus
3023 5633 3217 5680 auctor
3238 5622 3493 5693 opusculi

1914 5719 2000 5773 cui
2038 5718 2227 5772 titulus
2258 5727 2378 5772 est:
2409 5718 2571 5770 Ὅσαι
2596 5717 2765 5782 λέξεις
2796 5717 2931 5789 πρὸς
2952 5716 3212 5786 διάφορον
3234 5716 3503 5785 σημαινό-

1924 5828 2085 5883 μεντιν
2114 5810 2374 5880 διάφορον
2420 5811 2666 5882 δέχονται
2696 5812 2875 5880 τόνον,
2918 5812 3062 5867 inter
3097 5811 3365 5866 vocabula
3398 5823 3498 5881 pro

3111 5904 3196 5971 24
