4004 6234
479 222 589 286 ’147

1434 223 1500 288 Ρ.
1538 222 1845 286 POSSINI
1875 222 2533 292 OBSERVATIONUM
2573 229 2718 295 LIB.
2768 230 2815 294 Ι.

3636 240 3748 306 ’748

483 346 751 418 accentus
794 337 1118 396 diversitate
1170 337 1538 411 signiﬁcatum
1581 341 1850 395 mutantia
1872 354 2068 395 recen-
2091 346 2137 403 Α
2168 342 2335 399 uideo
2371 348 2937 420 praeratNicephorus
2962 349 3254 417 Cftumnus,
3285 354 3496 424 sapiens
3525 365 3576 410 et
3603 375 3751 413 imm

484 441 572 488 set
619 431 791 502 κάκη,
833 430 1162 486 vocabulum
1219 429 1366 486 aliud
1423 444 1627 486 sonans
1681 443 1847 499 quam
1890 431 2062 496 κακή.

488 524 680 581 Restat
706 539 858 580 nunc
887 523 1244 580 statuendum
1273 538 1438 594 quam
1468 522 1602 577 huic
1619 523 1750 577 voci
1781 522 2068 577 notionem

484 619 595 676 hoc
649 618 772 675 loco
831 617 1094 689 subjiciat
1147 616 1536 689 Pachymeres.
1587 616 1737 670 Alias
1774 613 2065 670 observavi

483 712 727 784 pendere
781 711 936 767 illum
969 727 1040 767 ex
1072 709 1366 783 Hesychio.
1411 709 1719 781 Hesychius
1766 718 1973 770 autem,
2006 715 2067 763 ut

489 805 654 860 modo
677 802 894 867 monui,
921 803 1100 871 κάκην
1123 817 1221 872 per
1245 800 1545 871 κακουχίαν
1570 797 1816 868 exponit.
1842 799 2069 852 Rescia-

491 915 614 955 mus
645 908 830 954 autem
868 898 998 952 licet
1025 911 1092 951 ex
1119 894 1312 950 eodem
1349 891 1620 964 ﬂesychio
1664 906 1786 962 quae
1813 893 1884 946 sit
1919 889 2066 962 apud

491 993 671 1064 ipsum
717 991 802 1046 vis
848 990 1016 1061 hujus
1063 987 1336 1042 vocabuli.
1376 984 1680 1057 Κακουχία,
1720 986 1898 1054 inquit
1950 985 2066 1052 ille,

490 1083 770 1148 ἀσθένεια,
795 1082 1048 1152 ἀμέλεια,
1079 1079 1474 1151 desperanda.
1504 1079 1602 1133 Est
1632 1092 1762 1147 ergo
1795 1076 2067 1148 Hesychia

490 1176 764 1250 κακουχεα.
792 1191 904 1232 non
934 1175 1196 1246 qualibet
1235 1173 1550 1239 inﬁrmitas,
1579 1171 1675 1228 sed
1715 1171 1962 1226 incurata
2009 1179 2068 1224 et

487 1274 761 1345 negiecta.
796 1271 940 1340 Quid
969 1287 1102 1342 ergo
1147 1269 1239 1325 hic
1272 1269 1379 1325 sibi
1405 1269 1600 1324 volunt
1642 1266 1957 1339 Ephesinus
2012 1274 2068 1322 et

487 1368 793 1442 Cyzicenus
817 1365 1084 1436 episcopi,
1111 1375 1401 1436 negantes,
1427 1361 1818 1417 declarandum
1839 1375 1958 1416 esse
1976 1375 2066 1414 or-

490 1460 792 1516 thodoxam
822 1457 1150 1530 Gregorium
1172 1456 1430 1529 Cyprium
1462 1453 2068 1526 priusquamjudicium

488 1551 748 1616 subierit,
770 1558 827 1606 et
849 1565 1012 1606 secus
1036 1549 1216 1604 facere
1257 1547 1506 1603 dicentes
1533 1546 1647 1601 fore
1689 1545 1938 1606 ἐπιλύειν
1968 1544 2067 1616 τὴν

487 1647 689 1716 κάκην,
740 1644 943 1700 solvere
995 1642 1211 1716 plagam
1270 1639 1620 1696 incuratam?
1670 1637 1806 1702 Hoc,
1845 1638 2121 1716 Opinor,"

485 1741 722 1795 volunt:
758 1748 867 1794 tam
897 1752 1188 1808 perperam
1235 1734 1288 1791 id
1341 1743 1526 1789 actum
1558 1732 1648 1798 iri,
1683 1748 1846 1803 quam
1872 1731 2062 1788 incon-

487 1834 631 1890 sulte
695 1816 948 1887 medicus
999 1828 1298 1898 chirurgus
1352 1827 1552 1881 vulnus
1594 1826 1766 1879 altum
1818 1823 2064 1877 nondum

485 1925 748 1982 coalitum
773 1933 868 1981 aut
901 1923 1160 1980 cicatrice
1191 1921 1428 1976 obducta
1454 1927 1808 1992 persanatum
1831 1917 2066 1972 solveret

485 2021 675 2079 fasciis
705 2030 760 2077 et
791 2035 888 2091 pro
921 2021 1084 2092 plane
1106 2025 1297 2074 curato
1319 2015 1714 2071 dimitteretac
1748 2021 1953 2066 temere
1980 2013 2066 2080 ja-

483 2125 679 2172 ctaret.
749 2114 905 2169 Hunc
962 2127 1183 2168 sensum
1224 2093 1523 2164 adstruunt
1589 2106 1712 2160 duas
1760 2104 1886 2167 illm,
1931 2117 2066 2173 quas

486 2209 751 2267 continuo
809 2205 1172 2278 subjungunt,
1227 2199 1602 2273 proverbiales
1647 2197 1732 2269 μ’.
1764 2194 1890 2268 484]
1931 2197 2062 2250 item

485 2301 816 2367 locutiones,
859 2299 992 2355 ἄλλα
1038 2297 1334 2359 κεύθοντας
1392 2293 1531 2347 ἄλλα
1573 2291 1780 2362 βάζειν,
1826 2288 1938 2344 alia
1984 2304 2069 2342 oc-

486 2394 748 2450 cultantes
807 2391 919 2447 alia
968 2391 1191 2461 effutire,
1225 2395 1281 2442 et
1312 2381 1736 2453 οἱκονομοῦντας
1789 2380 2066 2436 ἀνοικονό-

488 2506 659 2561 pura,
688 2493 999 2543 excusantes
1028 2480 1428 2544 inexcusabilia,
1465 2494 1588 2550 qua:
1636 2478 1692 2531 in
1726 2490 1911 2547 parem
1942 2489 2068 2530 sen-

483 2573 712 2639 tentiam
761 2580 924 2639 facile
973 2587 1180 2636 coeunt
1231 2591 1330 2648 pro
1377 2571 1697 2630 conditione
1756 2568 2067 2646 argumenti

483 2671 745 2746 subjecti.

551 2808 802 2880 Κάμπος
853 2804 1244 2878 μαινομένου,
1288 2818 1343 2874 p.
1393 2803 1518 2865 5H.
1557 2799 1748 2872 Campi
1800 2795 2096 2860 Latinum-

480 2917 696 2967 nomen
737 2899 913 2960 Graeci
951 2897 1294 2955 recentiores
1331 2896 1448 2954 suis
1492 2894 1695 2952 litteris
1726 2891 1920 2952 eadem
1959 2904 2062 2945 no-

483 2995 635 3050 tione
683 2991 1047 3062 scripserunt.
1074 2988 1338 3060 Exempla
1366 2987 1460 3042 dat
1497 2986 1792 3048 Meursius.
1824 2983 1937 3040 Nec
1961 2981 2066 3043 due

477 3088 637 3145 suum
661 3054 882 3142 videt-ur
904 3083 1037 3154 quin
1060 3085 1150 3139 hic
1175 3054 1469 3152 de-campo
1496 3081 1733 3151 quodam
1755 3088 1812 3133 et
1836 3076 2064 3147 planitie
2091 3055 2134 3115 (ἶ

483 3189 702 3254 agatur,
730 3178 877 3234 forte
910 3177 1178 3232 interiore
1218 3174 1414 3230 ditioni
1446 3174 1709 3228 Romanae
1736 3181 1792 3227 et
1826 3170 2064 3226 distante

479 3292 515 3331 a
539 3273 738 3339 limite,
773 3287 946 3342 usque
978 3271 1033 3325 in
1062 3284 1226 3341 quam
1251 3279 1432 3324 tamen
1468 3268 1698 3324 licenter
1719 3267 2066 3320 excurrendo

483 3361 707 3420 barbari
741 3357 1104 3432 penetrarint.
1147 3358 1281 3424 Quis
1329 3357 1548 3429 proprie
1589 3356 1681 3411 hic
1720 3356 1878 3412 locus
1923 3356 2069 3411 inter

484 3456 795 3514 Orientales
819 3453 1036 3524 imperii
1053 3453 1222 3523 688
1242 3449 1494 3522 regiones
1516 3450 1702 3515 fuerit,
1738 3460 1792 3505 et
1815 3465 1915 3504 cur
1939 3466 2067 3520 μαι-

485 3550 715 3622 νομένου
752 3548 999 3616 κάμπας,
1028 3543 1249 3617 furentis
1288 3560 1502 3612 campus
1548 3543 1880 3613 appellatus,
1919 3559 2065 3598 non-

487 3647 623 3700 dum
662 3642 868 3712 reperi,
921 3640 1024 3695 etsi
1075 3639 1375 3708 rcpererim
1416 3637 1471 3691 in
1518 3637 1658 3691 actis
1716 3635 1774 3691 S.
1821 3636 2066 3692 Platonis

485 3724 759 3809 Ancyram
815 3733 1071 3805 martyris
1135 3729 1536 3802 elegantissime
1581 3728 1768 3784 Graece
1821 3729 2062 3798 scriptis,

486 3848 610 3903 qua
645 3843 811 3886 manu
862 3827 1066 3897 scripta
1107 3831 1397 3879 servantur
1438 3821 1493 3876 in
1535 3821 1868 3876 bibliotheca
1913 3821 2064 3876 Vati-

487 3941 648 3990 eana,
704 3924 876 3980 fuisse
940 3935 1112 3992 prope
1170 3918 1440 3989 Ancyram
1503 3918 1711 3980 locum,
1771 3916 1864 3986 qui
1905 3917 2064 3987 Κάμ-

489 4039 591 4085 sto;
623 4019 945 4076 vocabatur.
982 4014 1037 4070 in
1061 4028 1172 4084 quo
1197 4022 1446 4068 sanctum
1477 4011 1598 4081 ejus
1639 4009 1895 4080 martyris
1943 4025 2068 4065 cor-

486 4128 593 4186 pus
626 4127 658 4166 a
683 4105 1013 4166 Christianis
1057 4104 1336 4176 sepultum
1367 4111 1476 4167 est,
1528 4101 1620 4157 ubi
1658 4111 1714 4157 et
1766 4101 1908 4156 idem
1944 4119 2062 4156 am-

491 4215 684 4279 putato
743 4202 924 4273 capite
975 4196 1301 4274 martyrium
1369 4205 1872 4252 consummaverat.
1938 4193 2064 4250 Hmc

488 4300 635 4358 enim
670 4296 783 4352 illic
805 4294 1066 4366 leguntur
1097 4309 1114 4347 :
1141 4290 1217 4346 Τὸ
1255 4288 1312 4344 δὲ
1337 4287 1518 4358 τίμιον
1554 4289 1648 4341 καὶ
1683 4288 1838 4353 ἅγιον
1875 4289 2064 4358 λείψα-

487 4410 577 4456 vov
612 4388 710 4450 τοῦ.
739 4386 1012 4463 μακαρίου
1061 4384 1370 4443 Πλάτωνος.
1399 4379 1653 4442 λαῦόντες
1693 4380 1742 4431 oi
1792 4381 2059 4450 Χριστια-

490 4488 592 4550 νοὶ,
638 4481 933 4546 κατέθεντο
968 4480 1025 4532 ὲν
1065 4475 1144 4548 τῷ
1179 4473 1328 4545 αὐτῷ
1356 4473 1532 4543 τόπῳ,
1564 4472 1644 4542 τῷ
1688 4473 2062 4544 ἐπιλεγομένῳ

490 4579 734 4648 Κάμηῳ.

560 4707 939 4767 Κανικλεῗον,
974 4721 1028 4775 p.
1065 4703 1184 4758 l93.
1217 4701 1359 4770 Quid
1391 4713 1536 4760 esset
1561 4703 1888 4768 κανικλετον,
1925 4721 2058 4760 nus-

489 4819 654 4874 quam
709 4803 842 4856 satis
874 4800 1205 4868 explicatum
1237 4798 1493 4854 occurrit.
1528 4796 1738 4854 Vereor
1779 4809 1962 4852 autem
2002 4808 2060 4852 ut

491 4898 694 4970 possim
731 4892 957 4948 credere
984 4891 1231 4946 Pontano
1261 4905 1442 4946 arcem
1490 4889 1542 4944 id
1573 4899 1627 4945 et
1659 4890 2060 4945 monasterium

491 4987 660 5043 fuisse
698 4983 1178 5054 Constantinopoli
1216 4983 1406 5050 aienti,
1443 4982 1589 5038 notis
1636 4985 1702 5037 ad
1744 4999 1794 5038 c.
1843 4985 1928 5046 li,
1966 4985 1999 5039 l.
2046 5001 2061 5038 ι

492 5083 735 5138 historia:
763 5079 1156 5145 Cantacuzeni,
1183 5076 1275 5133 ubi
1325 5078 1392 5132 de
1437 5077 1540 5132 hoc
1589 5078 1708 5147 ipso
1749 5077 2063 5150 Nicephoro

489 5174 764 5236 Chumno,
799 5189 964 5244 quem
993 5173 1354 5244 Pachymeres
1378 5170 1488 5246 hic
1531 5170 1608 5224 ait
1650 5171 1892 5228 caniclco
1927 5187 2065 5242 prm-

493 5273 732 5342 positum
769 5267 939 5323 fuisse
967 5266 1038 5322 ab
1072 5267 1340 5336 Augusto,
1375 5280 1650 5335 quemque
1675 5266 1828 5334 prius
1851 5281 1902 5333 p.
1936 5265 2061 5326 itii,

491 5366 707 5417 dixerat
738 5378 801 5417 ex
839 5361 1110 5432 quaestore
1137 5369 1382 5413 creatum
1423 5356 1491 5410 ab
1522 5356 1715 5411 eodem
1749 5357 2059 5428 mysticum,

492 5438 913 5511 Cantacuzenus
957 5462 1329 5507 eonsentauec
1390 5459 1581 5505 nostro
1644 5451 1761 5504 hazc
1813 5451 2003 5505 scribit
2044 5468 2054 5502 :

494 5547 609 5603 Καὶ
629 5548 656 5597 ὁ
680 5547 772 5597 ἐπὶ
792 5544 882 5597 τοῦ
923 5542 1237 5597 κανεκλείου
1277 5541 1591 5611 Νικηφόρος
1619 5543 1646 5593 ὁ
1673 5540 1942 5610 Χοῦμνοτί,
1974 5559 2064 5594 σο-

496 5642 594 5707 φὸς
651 5639 788 5709 ἀνὴρ
845 5639 937 5689 καὶ
987 5637 1289 5706 θαυμάσιος
1346 5638 1404 5687 ὲν
1451 5637 1731 5705 φρονήσει,
1774 5634 1974 5702 πολλῆς
2006 5652 2061 5686 τε

493 5732 784 5787 ἁπνιίιαιῖων
813 5731 1077 5800 βαδιλέως
1102 5729 1313 5792 εὐνοίας
1343 5745 1401 5782 τε
1431 5729 1525 5783 καὶ
1555 5728 1738 5800 τιμῆς.
1764 5729 1826 5784 Ε(
1853 5729 1940 5800 qui
1972 5744 2060 5780 ca~

2168 438 2463 505 prudentie
2493 442 2595 507 vir,
2620 441 2674 493 in
2695 443 2883 513 primis
2904 444 3096 499 cbarus
3133 447 3442 517 imperatori
3470 451 3751 520 magnique

2167 526 2233 580 ab
2269 543 2327 581 eo
2357 529 2589 585 habitus.
2622 531 2818 586 Arcem
2864 531 3036 588 fuisse
3085 532 3567 608 Constantinopoli
3600 538 3752 593 cani-

2157 619 2346 675 cleum
2378 632 2629 678 vocatam
2663 639 2775 679 nou
2802 624 3027 680 memini
3055 626 3258 696 legere.
3287 627 3608 687 Monasterii
3635 630 3753 702 ejus

2169 711 2410 767 nominis
2440 715 2695 770 meminit
2726 716 2908 770 obiter
2936 715 3180 773 Zonaras
3211 718 3265 772 in
3301 718 3491 774 Alexio
3519 712 3754 777 Conme-

2169 818 2265 868 no,
2299 804 2432 860 dum
2473 805 2548 860 ait
2573 805 2886 864 Comncnos
2917 808 3120 866 fratres
3155 810 3292 867 urbe
3329 819 3492 882 capta
3525 813 3637 882 jam
3670 827 3756 874 se-

2160 908 2333 950 curos
2383 911 2641 952 evocasse
2674 908 2903 956 matrem
2949 910 3004 956 et
3051 901 3316 972 conjuges
3360 917 3390 958 e
3417 903 3756 958 monasterio

2166 987 2401 1043 caniclei
2467 989 2522 1042 in
2581 990 2876 1060 palatium.
2908 992 3089 1050 Verba
3122 996 3352 1049 Zouara:
3395 1003 3528 1051 sunt
3567 1014 3582 1051 :
3616 997 3757 1064 Ἥᾶη

2167 1076 2214 1131 δ’
2244 1080 2302 1133 ἐν
2329 1082 2569 1151 ἀσφαλεῖ
2595 1085 2885 1152 γεγονότες
2913 1087 2961 1139 oi
2981 1087 3259 1159 Κομνηνοὶ
3289 1087 3385 1142 καὶ
3409 1088 3508 1160 τὴν
3534 1091 3754 1162 μητέρα.

2172 1172 2325 1242 σφῶν
2349 1177 2442 1227 καὶ
2474 1171 2951 1245 τὰς’ὁμευνέτιδας
3018 1181 3081 1234 ὲκ
3123 1180 3224 1250 τῆς
3256 1183 3424 1251 μονῆς
3463 1181 3562 1234 τοῦ
3605 1198 3758 1234 xam-

2171 1267 2353 1321 κλεῖον
2415 1269 2550 1336 πρὸς
2582 1269 2649 1344 τὰ
2685 1271 2940 1340 βασίλεια
2976 1273 3414 1342 μετεστείλαντο.
3455 1272 3667 1330 Tamen
3703 1274 3757 1330 itl

2171 1363 2592 1427 monasterium,
2626 1379 2738 1435 quo
2773 1365 3076 1424 abstractas
3112 1381 3144 1421 e
3179 1367 3386 1438 templo
3414 1367 3471 1422 S.
3507 1367 3754 1438 Sophim,

2171 1451 2228 1506 in
2261 1453 2408 1522 quod
2434 1455 2569 1529 asyli
2590 1456 3120 1535 jure-confugerant,
3145 1470 3425 1516 matronas
3449 1458 3757 1518 Comneno—

2170 1561 2294 1601 rum
2321 1547 2638 1606 Botaniates
2667 1553 3043 1617 transtulerat,
3079 1562 3137 1606 ut
3167 1552 3313 1608 idem
3356 1553 3604 1609 Zonaras
3630 1570 3755 1613 mox

2169 1637 2268 1702 ait,
2310 1637 2467 1694 Anna
2522 1640 2805 1698 Comnena
2855 1660 2971 1699 rem
3030 1644 3283 1699 eamdem
3332 1644 3585 1702 referens
3632 1646 3671 1700 1.
3711 1663 3752 1710 ι,

2167 1748 2226 1803 p.
2257 1732 2352 1796 54,
2375 1745 2536 1789 vocat
2566 1736 2886 1802 γυναικείαν
2919 1737 3093 1808 μονὴν
3119 1739 3227 1792 τῶν
3259 1739 3528 1809 Πετρξων,
3569 1739 3755 1794 mulie-

2168 1824 2258 1880 bre
2307 1828 2688 1880 monasterium
2740 1827 3066 1894 Petriorttm,
3137 1829 3284 1901 quod
3345 1831 3528 1888 et-ait
3586 1831 3752 1888 silum

2168 1916 2338 1974 fuisse
2369 1936 2530 1990 prope
2554 1919 2804 1975 Ferreum
2835 1922 2932 1993 τὴν
2959 1922 3131 1994 ἀγχοῦ
3154 1923 3258 1994 τῆς
3282 1925 3515 1998 Σιδηρᾶς
3549 1926 3755 1979 diust-

2171 2014 2362 2084 μένην.
2392 2012 2656 2083 Suspicor
2689 2014 2995 2080 κανικλεῖον
3033 2015 3182 2072 aedes
3229 2015 3400 2074 fuisse
3459 2018 3520 2074 in
3551 2019 3757 2090 quibus

2167 2108 2595 2162 asservahantur
2630 2110 2916 2178 scripturae
2967 2096 3221 2179 publicat,
3254 2118 3311 2164 et
3361 2110 3456 2165 ubi
3491 2110 3756 2182 expedie-

2169 2199 2374 2255 bantur
2403 2201 2756 2268 imperatoria
2790 2200 3110 2272 diplomata,
3140 2201 3302 2272 quale
3333 2203 3523 2258 Romm
3557 2203 3756 2259 visitur

2167 2293 2430 2363 palatium
2453 2294 2830 2361 caucellariaa;
2857 2297 3357 2368 monasteriumque
3381 2296 3517 2351 illud
3545 2296 3756 2352 Petrio-

2168 2401 2292 2440 rum
2348 2385 2569 2456 proprie
2618 2396 2871 2444 vocatum
2920 2402 2987 2442 ex
3030 2388 3153 2460 ejus
3181 2388 3380 2445 domus
3423 2388 3663 2460 publica:
3692 2405 3756 2446 ac

2169 2477 2471 2534 notissimae
2498 2479 2699 2534 vicinia
2734 2479 3032 2535 indicatum
3062 2491 3119 2536 et
3138 2480 3557 2537 denominatum
3591 2499 3624 2542 a
3646 2481 3756 2538 Zo-

2167 2583 2303 2623 nara
2359 2569 2550 2634 fuisse,
2593 2569 2912 2641 praefectum
2960 2581 3144 2628 autem
3190 2573 3424 2628 caniclei
3465 2582 3751 2639 vocatum,

2168 2677 2334 2736 quem
2361 2663 2750 2718 cancellarium
2778 2663 3034 2728 dicimus,
3065 2665 3155 2720 cui
3185 2674 3334 2733 esset
3367 2665 3629 2722 tabularii
3662 2682 3750 2722 re-

2167 2757 2243 2829 gii
2263 2756 2514 2812 custodia
2543 2766 2598 2812 et
2621 2757 2937 2813 chartarum
2962 2757 3444 2826 imperatoriarum
3467 2759 3750 2829 expeditio

2169 2851 2485 2915 commissa,
2519 2851 2763 2921 amplum
2807 2850 2920 2922 jam
2969 2861 3024 2905 et
3048 2851 3286 2907 celebris
3314 2853 3370 2906 in
3394 2854 3537 2909 aulis
3571 2855 3751 2909 omni-

2169 2942 2275 3000 bus
2320 2944 2633 3015 splendoris
2666 2943 2924 3000 cilicium.
2961 2945 3258 3002 Auctorem
3291 2945 3472 3006 babeo
3507 2947 3751 3004 Radet'i-

2241 3054 2316 3104 m,
2345 3039 2435 3093 l.t
2488 3037 2564 3092 De
2630 3039 2786 3108 gestis
2842 3036 3105 3092 Friderici
3155 3041 3512 3110 imperatoris,
3543 3057 3595 3096 c.
3632 3041 3752 3096 47:

2174 3131 2339 3199 Unus,
2381 3132 2478 3200 ait,
2524 3133 2588 3186 de
2647 3135 2808 3187 servis
2860 3131 3072 3204 palatii,
3133 3132 3426 3205 conicimus
3483 3133 3750 3199 videlicet,

2165 3244 2323 3299 quem
2370 3243 2464 3283 nos
2517 3228 2902 3282 canceliarium
2955 3231 3130 3282 dicere
3164 3245 3463 3300 possumus.
3492 3228 3589 3284 Sic-
3627 3229 3743 3294 ille,

2167 3318 2388 3384 melius,
2426 3317 2643 3389 Opinor,
2671 3334 2837 3388 quam
2889 3317 3231 3384 Guntherus,
3268 3319 3361 3390 qui
3401 3317 3564 3374 metri
3603 3320 3745 3374 forte

2166 3409 2617 3466 commoditatem
2678 3419 2932 3478 secutus,
2960 3413 3283 3466 caniclinum
3340 3413 3746 3484 interpretatur

2164 3505 2543 3557 cantet-(trium.

2374 3665 2542 3735 689
2575 3665 2742 3720 ϐτανεὶ
2771 3668 3098 3736 cognominis
3135 3686 3234 3724 usu

2273 3736 2367 3864 git?
2402 3738 2692 3790 conicimus
2727 3749 2864 3793 erat.
2902 3738 3066 3793 Nobis
3102 3741 3430 3797 camerarius
3457 3744 3599 3799 idem

2322 3823 2402 3861 sae
2419 3819 2609 3864 potest.

2322 3823 2402 3861 οδε
2417 3823 2609 3880 pomt.

2164 3964 2261 4020 Est
2280 3965 2333 4021 in
2363 3967 2553 4023 eadem
2578 3969 2852 4026 sententia
2884 3969 3254 4042 Spelmannus
3274 3973 3331 4028 in
3359 3973 3740 4050 Archteologo,

2167 4057 2336 4111 verbo
2392 4057 2760 4114 Cancellart‘us
2814 4069 2869 4116 et
2925 4060 3259 4121 Caniclinus.
3314 4065 3548 4123 Videtur
3591 4068 3739 4124 idem

2163 4150 2489 4205 conﬁrmare
2523 4152 2766 4214 Nicetas,
2795 4154 2832 4209 Ι.
2864 4171 2926 4218 ιι,
2963 4155 3018 4208 in
3050 4157 3264 4221 Alexio,
3299 4156 3428 4212 dum
3457 4159 3524 4215 de
3551 4161 3740 4219 ofﬁcio

2163 4240 2405 4312 praefecti
2436 4243 2682 4297 canicleo
2719 4242 2802 4316 [P.
2845 4242 2972 4316 485]
3010 4247 3236 4311 scribit,
3270 4249 3647 4310 existimatum
3685 4253 3740 4309 id

2165 4333 2332 4389 fuisse
2357 4351 2586 4391 summm
2631 4338 2773 4406 apud
2817 4339 3207 4409 imperatorem
3242 4351 3337 4396 aut
3370 4343 3471 4398 sub
3502 4345 3740 4416 impera-

2096 4419 2135 4473 ῐ)
2167 4437 2287 4484 tore
2338 4433 2644 4498 potesmtis.
2674 4427 2853 4486 Verba
2909 4434 3030 4506 ejus
3092 4447 3270 4489 sunt:
3326 4437 3492 4508 Παρὰ
3527 4439 3740 4507 βασιλεῖ

2163 4520 2422 4575 δύνασθαι
2466 4523 2532 4576 τὰ
2581 4523 2757 4576 πάντα
2807 4526 3052 4593 οἰόμενος
3103 4525 3162 4579 τὸ
3197 4528 3294 4595 μὲν
3329 4529 3422 4582 ἐπὶ
3462 4530 3555 4582 τοῦ
3585 4550 3738 4584 κανε-

2164 4613 2343 4668 κλεξου
2395 4616 2668 4685 ὀφφίκιον.
2709 4617 2863 4683 Quod
2903 4620 2988 4673 eui
3024 4624 3195 4690 magis
3239 4637 3402 4690 quam
3449 4625 3651 4693 magni,
3679 4636 3736 4679 ut

2163 4723 2265 4762 nos
2323 4707 2624 4776 loquimur,
2668 4710 2979 4765 cancellarii
3028 4712 3211 4768 ofﬁcio
3265 4717 3582 4781 conveniat,
3627 4735 3733 4774 non

2164 4800 2325 4854 video
2351 4801 2488 4856 :hoc
2511 4801 2660 4857 enim
2683 4803 2775 4871 qui
2807 4815 3224 4871 exercet,mcns
3257 4809 3428 4862 veluti
3457 4819 3514 4864 et
3541 4827 3734 4865 manus

2161 4902 2247 4948 est
2279 4894 2560 4963 principis.
2593 4897 2954 4951 Κανικλεὶονα
3004 4915 3113 4955 uno
3160 4901 3450 4966 vocabulo,
3478 4907 3730 4959 coniciet)-

2164 5005 2303 5051 nem,
2333 4990 2435 5042 isto
2469 4989 2781 5060 fungentem
2821 4992 3144 5064 magistratu
3177 4995 3356 5051 virum
3402 4999 3730 5067 appellatum

2162 5081 2970 5157 afﬁrmatGregentius.Agens
3002 5088 3147 5144 enim
3180 5088 3248 5148 de
3273 5091 3509 5157 quodam
3536 5091 3731 5158 Herba,

2165 5175 2396 5243 probato
2425 5185 2482 5229 et
2506 5175 2676 5230 charo
2727 5179 3066 5251 imperatori,
3099 5179 3193 5248 qui
3243 5189 3300 5234 et
3345 5181 3492 5236 hunc
3521 5198 3553 5238 e
3579 5198 3737 5237 sacro

2163 5269 2314 5323 fonte
2354 5277 2707 5337 susceperat,
2741 5272 2814 5324 ait
2848 5287 2974 5337 eum
3021 5288 3050 5350 a
3096 5273 3312 5329 favente
3353 5275 3458 5345 ipsi
3489 5276 3732 5350 Augusto

2164 5372 2476 5438 cooptatum
2529 5363 2581 5414 in
2631 5373 2884 5417 senatum
2948 5373 3004 5419 et
3070 5364 3275 5420 factum
3327 5361 3728 5438 ὑπεκκληπίονα

2164 5435 2624 5520 Iiypccclesionem,
2649 5453 2878 5522 qualem,
2905 5461 2960 5506 ut
2997 5453 3168 5518 addit.
3193 5456 3421 5512 Romani
3451 5435 3729 5529 patricium

2163 5553 2212 5599 et
2262 5545 2614 5601 canit-leonem
2693 5547 2986 5616 appelfant.
3071 5549 3205 5602 "Eva
3265 5555 3362 5621 τῆς
3428 5556 3727 5623 συγκλήτου

2163 5638 2354 5691 τοῦτον
2399 5641 2645 5709 ἀπέφηνε
2669 5677 2682 5700 ,
2717 5641 3125 5710 ὑπεκκλησὶονκ
3179 5644 3342 5697 αὑτὸν
3386 5649 3638 5715 ποιήσας,
3672 5646 3728 5698 ὃν

2164 5734 2212 5784 oi
2252 5730 2509 5800 Ῥωμαῖοι
2557 5732 2842 5801 πατρίκιον
2874 5735 2966 5786 καὶ
2987 5736 3328 5790 κανικὶεῖονα
3362 5739 3725 5812 προπαγορεύ-
