4012 6236
117 374 124 381 _
181 284 272 352 iis
1536 283 2054 354 GLOSSARlUM.

3314 296 3424 362 750

181 421 296 456 Win.
339 399 447 460 Ubi
500 401 678 458 obiter
711 399 983 460 habemus
1033 410 1144 458 non
1183 411 1566 460 memoratum
1593 403 1740 459 alibi
1768 405 1818 464 Α
1848 405 2098 455 noverat.
2136 393 2353 453 Etenim
2391 393 2647 451 Sluarum
2692 410 2831 460 rex.
2863 413 3039 471 quem
3081 400 3241 460 Kaatt
3293 409 3428 466 vicit

173 496 517 567 magistratus
545 497 711 569 hujus
746 511 948 554 nomen
977 494 1415 570 ὐπεκκλησεονα.
1450 498 1523 554 De
1555 510 1737 572 etymo

169 591 414 647 vocabuli
469 592 651 662 hujus,
679 592 786 647 nisi
846 597 937 647 est
971 609 1000 648 a
1034 592 1232 650 Latina
1294 604 1428 650 voce
1486 593 1734 660 cancelli,

164 684 301 740 unde
354 685 738 741 manuarium
785 687 987 743 merito
1038 687 1414 759 Spelmsnnus
1483 688 1733 754 deducit,

165 780 433 833 rationem
474 778 704 850 originis
746 781 1052 851 explicans,
1086 781 1324 852 amplius
1368 782 1734 853 quaerendum

161 879 310 940 puto.

221 969 433 1036 Κὰνις,
462 985 514 1041 p.
540 970 664 1028 456.
692 972 774 1029 De
806 986 939 1031 voce
970 971 1142 1035 Κάνις
1161 985 1280 1040 aut,
1299 977 1358 1031 ut
1386 973 1517 1032 alibi
1548 985 1736 1032 noster

147 1063 346 1119 scribit
393 1065 604 1134 Κάνης,
648 1067 760 1122 dixi
805 1069 1056 1139 quaedam
1108 1067 1387 1125 Glossario
1432 1068 1631 1138 priori.
1659 1069 1736 1126 {is

157 1171 297 1210 nunc
333 1157 450 1211 haec
476 1158 653 1212 habeo
679 1173 800 1229 qua:
833 1157 1050 1214 addam.
1078 1159 1455 1215 Animadverti
1479 1160 1538 1216 in
1561 1158 1736 1216 Chro-

149 1251 272 1302 nico
301 1250 544 1305 Arabico
568 1252 986 1323 Abulpharagii,
1006 1252 1152 1308 unde
1181 1249 1493 1308 universam
1515 1252 1730 1325 imperii

153 1339 532 1398 Tocharorum
572 1343 826 1415 Mogulici
875 1345 1314 1416 chmnologiam,
1365 1357 1640 1417 quatenus
1665 1347 1734 1403 ad

152 1434 602 1505 Pachymerianaa
675 1437 918 1493 historiae
983 1439 1406 1496 illustratiouem
1470 1440 1733 1510 pertinet,

154 1528 379 1582 inferius
407 1527 556 1584 libro
575 1530 770 1584 barum
798 1530 1232 1587 Observationum
1254 1533 1308 1597 5,
1327 1547 1378 1587 c.
1405 1533 1435 1586 7
1463 1533 1731 1604 digeram,

145 1622 544 1685 animadverti,
598 1623 847 1693 inquam,
903 1624 1180 1695 duplicem
1229 1624 1282 1680 in
1319 1640 1423 1680 usu
1469 1622 1732 1682 Orienta-

150 1715 277 1769 lium
323 1716 576 1786 gentium
625 1716 808 1774 amnis
839 1717 963 1772 soni
1017 1732 1208 1773 vocem
1246 1718 1423 1774 fuisse
1461 1729 1733 1788 Suprema:

153 1808 506 1863 iudicativatu
565 1807 872 1880 potestatis,
919 1822 1155 1881 quarum
1201 1810 1374 1866 altera
1422 1811 1734 1866 communis

152 1902 413 1957 Tocharis
473 1917 600 1958 cum
654 1904 1227 1960 Praasteianuensibus
1277 1914 1334 1961 et
1380 1903 1732 1970 Sinensibus.

149 1996 246 2050 alia
294 1995 705 2066 Mogulensium
759 1997 865 2054 fuit
917 2000 1164 2070 propria.
1217 1999 1392 2056 Voces
1452 2000 1534 2055 hae
1603 2011 1735 2056 sunt

151 2087 292 2142 Chan
323 2099 381 2143 et
411 2086 602 2143 Kaan.
648 2086 842 2146 Priore
879 2090 1179 2163 insignitus
1235 2092 1440 2163 legitur
1472 2092 1567 2161 qui
1604 2093 1736 2148 ulti-

151 2196 266 2238 mus
319 2186 370 2238 ei
419 2182 647 2253 prmfuit
707 2184 944 2256 imperio
984 2186 1135 2256 quod
1166 2185 1475 2258 presbyteri
1502 2185 1736 2244 Joannis

150 2277 574 2346 appellabatur;
627 2293 694 2332 ex
730 2280 889 2349 cujus
933 2280 1225 2335 eversione
1278 2281 1609 2352 Mogulicnm
1642 2292 1738 2337 or-

151 2377 258 2422 tum
316 2381 420 2424 est.
494 2370 686 2427 Refert
741 2371 892 2424 enim
933 2372 1375 2444 Abnlpharagius
1426 2383 1734 2430 extremum

151 2460 296 2516 illum
346 2461 619 2516 Joannem
663 2461 836 2517 fuisse
871 2462 1101 2533 proprio
1133 2465 1404 2520 vocabulo
1436 2463 1736 2536 L’ng-Chan

143 2553 509 2622 appellatum.
549 2550 705 2607 Hunc
758 2553 856 2623 qui
898 2553 1107 2610 occidit
1161 2556 1397 2627 ejusque
1444 2557 1738 2627 occupat-it

150 2645 342 2700 solium
403 2645 725 2700 Tamuiintts
790 2645 1030 2715 primum
1085 2647 1304 2713 dictus,
1353 2665 1496 2705 novo
1534 2651 1737 2708 deinde

100 2776 101 2779 η
145 2739 357 2794 adscito
393 2740 590 2810 Gingiz
619 2739 832 2794 nomini
880 2738 1079 2796 Chattis
1125 2743 1625 2799 nomenclationem
1675 2754 1738 2800 ut

152 2835 297 2904 regni
332 2834 585 2889 indicem
613 2832 854 2897 addidit,
880 2831 1335 2890 Ginhiz-Cbanes
1357 2848 1736 2906 nuncupatus.

153 2925 314 2997 llujns
347 2927 501 2982 ﬁlius
542 2937 597 2981 et
629 2927 806 2983 haeres
841 2927 994 2996 prius
1029 2933 1259 2986 vocatus
1315 2921 1497 3000 Oqtai,
1529 2928 1738 2987 Kanm’s

151 3020 202 3074 in
255 3021 530 3092 auspiciis
580 3019 734 3092 regni
783 3022 1123 3077 vocabulum
1177 3019 1424 3092 accepit,
1480 3021 1626 3092 quod
1682 3032 1740 3079 et

152 3112 357 3170 illustre
402 3113 656 3170 reddidit
701 3115 873 3185 gestis
905 3115 1070 3170 rebus
1101 3112 1465 3186 victoriisque
1493 3113 1737 3171 clarissi-

151 3208 267 3261 mis.
299 3207 431 3264 lnde
469 3209 673 3265 factum
705 3219 841 3280 puto
874 3218 932 3263 ut
961 3208 1190 3279 quidam
1231 3209 1352 3281 ejus
1385 3217 1734 3279 posterorum

156 3315 345 3355 nomen
385 3301 530 3356 illud
589 3316 690 3372 pro
742 3301 901 3371 regni
941 3302 1146 3373 insigni
1196 3316 1548 3373 usurparent.
1603 3303 1736 3358 Dico

149 3393 368 3463 quidam
411 3413 424 3450 :
492 3411 600 3449 non
646 3395 795 3452 enim
828 3411 1058 3459 omnes,
1089 3412 1213 3452 cum
1263 3397 1356 3466 qui
1391 3398 1738 3452 Kannihuic

150 3486 250 3556 ipsi
303 3490 530 3559 ἀμέσως
586 3490 858 3546 successit
908 3490 1029 3560 ejus
1079 3488 1224 3543 filius
1254 3487 1574 3561 Caynchus,
1624 3498 1735 3544 non

155 3577 374 3646 Kaanis,
408 3581 512 3638 sed
558 3581 759 3637 Chattis
791 3582 1150 3652 appeuiliCem
1209 3582 1262 3636 in
1289 3583 1510 3652 imperii
1547 3593 1733 3638 notam

150 3673 358 3738 privato
389 3669 606 3729 nomini
631 3673 946 3745 adjunxerii
971 3672 1136 3744 690
1157 3683 1390 3728 vocatus
1415 3685 1738 3744 constanter

146 3763 568 3836 Cayuch-clian.
617 3767 835 3822 Primus
866 3766 960 3836 qui
989 3763 1250 3836 Cayucbo
1290 3765 1582 3821 decedenti
1616 3767 1732 3823 suf-

155 3854 322 3910 fectus
350 3865 464 3919 est,
499 3853 840 3910 Munkaltaus
877 3869 986 3909 non
1013 3853 1210 3909 Chattis
1240 3851 1336 3909 sed
1375 3853 1583 3909 Kaam's
1614 3857 1736 3926 cpi.

148 3945 337 4002 theton
374 3947 597 4004 ascivit.
656 3945 964 4003 Munkakao
1004 3955 1226 4001 mortuo
1260 3956 1315 4000 et
1349 3947 1470 4018 ejus
1514 3963 1737 4004 succes-

149 4039 300 4093 sione
328 4038 546 4094 incerta
574 4049 803 4108 propter
830 4036 1032 4092 Knblai
1072 4047 1130 4092 et
1160 4037 1420 4108 Aribugze
1466 4039 1734 4094 candida-

153 4139 328 4186 torum
358 4133 579 4204 imperii
609 4148 704 4204 per
727 4131 1108 4200 duodeviginti
1140 4147 1316 4190 annos
1353 4133 1492 4188 bella
1526 4134 1732 4202 civilia,

157 4225 356 4280 Hulucu
402 4228 579 4283 frater
625 4224 942 4293 Munkakai,
981 4225 1185 4280 missus
1229 4225 1437 4280 dudum
1471 4227 1540 4281 ab
1574 4241 1641 4282 eo
1676 4233 1736 4281 ut

159 4333 250 4386 pro
285 4337 341 4375 se
375 4331 647 4392 praeesset
695 4319 956 4378 Occiduis
1001 4319 1222 4389 imperii
1281 4319 1569 4382 tractibus,
1603 4319 1732 4385 etsi,

159 4420 430 4480 nunquam
481 4410 590 4466 rite
638 4411 818 4467 lectus
866 4419 962 4467 aut
996 4410 1360 4480 inauguratus
1405 4411 1729 4480 imperator,

160 4499 296 4558 baud
344 4505 538 4561 obtine
569 4520 604 4561 θ
653 4504 936 4560 videretur
984 4521 1175 4560 verum
1219 4507 1310 4574 jus
1344 4505 1495 4574 regni
1536 4504 1722 4573 Mogu-
1765 4491 1834 4558 Dr

157 4593 404 4664 leuatum,
443 4607 625 4653 tamen
654 4597 784 4669 quia
826 4598 895 4653 de
920 4597 1068 4654 facto
1102 4597 1193 4652 tali
1227 4607 1502 4667 potestate
1536 4597 1735 4667 funge-

165 4689 334 4754 batur,
367 4693 436 4748 ab
481 4692 890 4764 Abulpharagio
913 4691 1216 4764 aliquando
1262 4691 1577 4763 appellatur
1624 4690 1736 4744 llu-

164 4777 274 4836 tacu
327 4786 365 4839 il
417 4788 589 4842 Chan.
643 4784 758 4842 Hoc
814 4803 947 4842 vero
999 4797 1254 4852 mortuo,
1312 4784 1409 4839 ubi
1469 4783 1734 4855 legitimis

166 4877 432 4948 suﬂ‘ragiis
482 4883 666 4953 gentis
697 4883 1030 4938 collocatum
1071 4879 1127 4934 in
1161 4879 1562 4950 Mogulensium
1594 4877 1733 4933 solio

166 4968 394 5029 Abakam
419 4972 626 5030 Hnlacu
661 4974 832 5030 illium
861 4974 1073 5038 retulit,
1091 4988 1314 5044 semper
1347 4973 1504 5027 illum
1532 4971 1734 5027 deinde

168 5063 404 5122 Abakaul
438 5069 591 5124 Chan
641 5067 885 5124 Abakam
933 5067 1179 5124 Chanem
1227 5067 1500 5126 nominat.
1534 5075 1594 5120 ut
1625 5081 1737 5119 em-

171 5157 366 5225 phasim
402 5163 872 5236 αὑτοιριτορικῆς
923 5161 1260 5218 monarcblc
1294 5161 1350 5215 in
1400 5177 1536 5216 voce
1584 5159 1736 5215 Chan

173 5265 272 5306 non
327 5256 547 5311 dubiam
613 5261 891 5328 agnoscat.
946 5254 1198 5311 Cazsnen
1277 5254 1508 5318 deinde,
1568 5264 1735 5324 quem

176 5342 521 5418 i’achymeres
547 5350 790 5405 celebrat
820 5347 1132 5419 principum
1166 5353 1423 5401 veterum
1455 5346 1509 5400 in
1545 5345 1737 5416 paucis

178 5433 456 5497 illustrium
509 5442 866 5498 ambitiosum
911 5441 1316 5502 aemulatorem,
1351 5438 1514 5494 facile
1553 5438 1737 5493 credi—

178 5527 338 5588 derint
369 5535 574 5592 Kaanis
607 5533 834 5591 secundi
875 5545 987 5587 suae
1016 5532 1196 5602 gentis
1240 5531 1398 5602 longe
1442 5531 1734 5585 clarissimi

187 5630 472 5684 monarchze
498 5643 803 5697 cognomen
841 5628 1028 5696 potius
1052 5634 1271 5693 optasse
1309 5639 1474 5694 quam
1517 5624 1734 5684 Chattis,

185 5717 315 5778 Quod
349 5719 398 5774 in
435 5737 592 5794 reges
640 5735 862 5792 quoque
892 5733 1006 5774 suae
1043 5718 1224 5787 gentis
1274 5733 1381 5772 non
1418 5716 1738 5771 laudatissi-

191 5820 295 5863 n-Os
327 5815 596 5887 vulgatum
627 5825 680 5870 et
717 5815 770 5869 in
803 5815 930 5868 aliis
966 5815 1194 5883 insuper
1216 5813 1433 5882 pupulis
1469 5813 1735 5865 usitatum

1843 490 1926 565 [P.
1985 488 2108 563 486]
2155 499 2215 545 et
2260 492 2327 547 ad
2386 498 2581 546 necem
2629 494 2776 549 ultro
2808 493 2925 551 sibi
2971 497 3425 558 consc‘lstxndam

1840 585 2043 657 adegit,
2078 584 2423 642 Altus-Chai:
2450 591 2769 645 nominatus
2819 590 3077 646 traditur.
3125 592 3252 651 Haec
3296 605 3422 652 rnm

1840 679 1914 734 ita
1949 680 2081 745 sint,
2117 680 2504 752 Pachymeres,
2538 681 2616 735 uti
2647 692 2706 736 et
2732 682 2888 738 multi
2939 683 3035 739 alii
3090 687 3417 758 Scriptores,

1837 785 1907 826 ex
1938 770 2087 827 Chau
2109 785 2170 826 et
2192 774 2354 827 Kudn
2372 770 2595 828 unicam
2631 773 2940 830 conﬂuunt
2969 771 3420 848 appellationem,

1837 865 2164 922 Tatarorum
2193 907 2209 933 ,
2251 873 2311 922 ut
2361 877 2560 938 putant
2589 910 2602 934 ,
2668 869 3004 940 peculiarem
3065 873 3417 944 principum,

1837 975 1964 1015 eum
2027 969 2210 1015 tamen
2245 961 2340 1022 sit.
2379 976 2505 1018 meo
2546 961 2787 1032 judicio,
2824 965 3184 1023 verisimilius
3228 981 3422 1025 vocem

1835 1052 2060 1122 quidem
2119 1053 2280 1109 Kaan
2319 1057 2604 1127 propriam
2641 1055 2822 1128 gentis
2875 1057 3164 1129 Mogulica
3216 1059 3422 1125 fuisse,

1837 1145 1988 1202 Chan
2033 1156 2218 1203 autem
2252 1149 2578 1206 Sinensibus
2615 1151 2809 1206 saltem
2849 1160 2905 1206 et
2933 1151 3424 1208 Praesteiannensi-

1835 1243 1962 1305 bus.
2002 1244 2253 1301 fortassis
2307 1244 2475 1301 etiam
2525 1253 2584 1301 et
2616 1244 2741 1302 aliis
2788 1247 3073 1301 interioris
3107 1246 3249 1303 Asiae
3295 1264 3425 1318 gen-

1837 1337 1974 1393 tium
2005 1338 2255 1411 dynastis
2281 1338 2456 1396 tribui
2490 1347 2758 1412 praeterea
2788 1336 3243 1396 fuisse‘solitatu.

1909 1477 2200 1548 Κάραϐος,
2234 1495 2289 1550 p.
2333 1478 2462 1536 2H.
2493 1477 2802 1554 Hesychius
2831 1480 3078 1552 κάραϐον
3103 1494 3134 1535 a
3165 1478 3423 1536 Macedo-

1837 1572 2004 1628 nibus
2021 1572 2130 1626 diri
2160 1572 2237 1627 ait
2268 1571 2468 1644 πύλην.
2507 1572 2638 1630 Haec
2670 1573 2784 1630 sola
2815 1590 2847 1630 e
2868 1572 3058 1630 multis
3083 1572 3249 1646 hujus
3275 1573 3426 1628 vocis

1839 1665 2164 1722 notionibus
2213 1666 2319 1722 huc
2371 1669 2628 1738 quadrat,
2655 1666 2788 1722 dum
2814 1681 2890 1723 es
2929 1678 3032 1740 pro
3060 1675 3262 1724 natura
3290 1668 3422 1722 sub-

1768 1776 1808 1830 Β
1830 1757 1992 1828 iectas
2030 1761 2111 1816 rei
2147 1759 2489 1828 signiﬁcatus
2527 1773 2786 1832 putemus
2829 1762 3014 1818 exitus
3043 1761 3265 1833 paludis
3306 1761 3425 1818 sive

1838 1852 2058 1908 canales
2087 1854 2255 1910 certis
2282 1853 2420 1912 locis
2447 1853 2699 1911 defossos
2717 1865 2788 1910 et.
2815 1855 2946 1911 hinc
2972 1853 3102 1912 inde
3122 1856 3290 1929 tignis
3313 1856 3425 1912 alte

1838 1947 1961 2004 ﬁxis
1996 1949 2242 2004 munitos
2281 1949 2352 2004 ad
2394 1964 2600 2022 aquam
2642 1947 3057 2006 corrivandam.
3096 1948 3306 2006 Horum
3331 1965 3427 2006 ca-

1838 2041 1950 2112 pita
1979 2044 2248 2098 exstantia
2277 2045 2552 2115 tignorum
2572 2043 2814 2113 primum
2844 2041 3156 2100 dcvinxissc
3183 2043 3424 2100 invicem

1839 2134 2040 2190 validis
2099 2134 2324 2190 funibus
2396 2135 2909 2206 Philanthropenus
2976 2137 3068 2192 hic
3134 2145 3424 2198 narratur,

1836 2225 2038 2282 deinde
2089 2227 2417 2284 instravisse
2479 2231 2816 2285 transVersis
2864 2229 3090 2293 tabulis,
3143 2238 3261 2286 tum
3320 2229 3428 2284 hoc

1839 2320 2001 2392 plano
2034 2335 2136 2391 pro
2185 2321 2358 2377 fundo
2391 2337 2522 2377 usus
2557 2321 2811 2378 turribus
2843 2324 3130 2389 tollendis,
3161 2311 3427 2397 aquibus

1838 2426 2020 2466 arcem
2045 2425 2413 2484 oppugnaret.
2453 2413 2570 2468 Non
2603 2429 2691 2470 me
2723 2415 2929 2470 latebat
2965 2431 3093 2472 cum
3125 2416 3245 2472 bac
3280 2419 3424 2473 scri-

1839 2503 2029 2558 berem
2065 2505 2309 2576 κάραϐον
2341 2521 2536 2561 navem
2566 2523 2786 2578 quoque
2815 2509 3156 2580 signiﬁcare.
3189 2508 3326 2565 Nam
3366 2519 3427 2566 et

1837 2597 1971 2651 alibi
2001 2597 2146 2652 hanc
2173 2607 2501 2666 usurpatam
2524 2615 2554 2654 a
2584 2598 2930 2672 Pachymere
2963 2608 3155 2658 voCom
3187 2601 3269 2674 sic
3301 2615 3425 2657 sum

1839 2687 2259 2758 interpretatus.
2297 2689 2424 2745 Ideo
2467 2697 2654 2756 tamen
2694 2693 2826 2746 mihi
2881 2693 3064 2748 minus
3117 2694 3427 2754 verisimile

1840 2782 2016 2838 visum
2064 2792 2174 2848 est,
2201 2783 2253 2839 id
2293 2782 2624 2839 Vocabulum
2668 2788 2776 2841 isto
2801 2787 2923 2840 loco
2955 2803 2986 2841 a
3020 2799 3212 2843 nostro
3240 2787 3426 2845 histo-

1836 2875 1959 2931 rico
1991 2876 2046 2931 in
2081 2877 2184 2932 hac
2227 2875 2443 2948 vulgari
2469 2880 2701 2934 notione
2727 2889 3076 2952 usurpatum,
3099 2882 3248 2953 quod
3268 2885 3429 2940 navi-

1840 2968 2016 3033 culas,
2049 2969 2469 3040 quantumlibet
2516 2971 2663 3027 inter
2710 2988 2770 3028 se
2813 2974 3062 3042 vinctas,
3104 2973 3427 3036 innatantes

1840 3073 2053 3133 stagno,
2075 3077 2269 3132 parum
2297 3062 2538 3118 solidum
2562 3063 2794 3119 fundum
2824 3065 3200 3124 existimarem
3219 3069 3429 3140 potior:-

1764 3133 1807 3191 δ
1840 3154 2032 3209 ceticis
2087 3156 2358 3210 machinis
2413 3156 2776 3222 sustinendis,
2837 3167 3003 3230 prout
3048 3133 3261 3217 factum
3311 3163 3428 3222 illic

1843 3257 2124 3300 narratum
2176 3247 2363 3317 exigit.
2404 3247 2543 3314 Quia
2596 3262 2776 3306 tamen
2804 3252 3056 3322 exempla
3084 3269 3197 3309 non
3225 3254 3429 3312 desunt

1844 3339 2116 3409 μοσύνων,
2152 3325 2560 3395 obsidionalium
2589 3344 2845 3411 turrium,
2877 3346 3337 3404 tet-machinarum
3373 3349 3428 3404 id

1841 3447 2038 3500 genus,
2082 3431 2412 3500 ἑλεπόλεων,
2447 3435 2685 3492 navibus
2735 3437 3123 3508 impositarum
3157 3439 3212 3494 in
3246 3455 3429 3512 oppu-

1839 3524 2195 3594 gnationibus
2251 3524 2582 3582 littoralium
2635 3529 2892 3595 arcium;
2938 3531 2985 3585 si
3039 3533 3128 3586 cui
3184 3533 3431 3604 pruden-

1842 3617 1968 3673 tiori
2022 3633 2110 3674 me
2160 3618 2358 3676 lectori
2400 3621 2746 3691 praeferenda
2794 3623 3084 3681 videretur
3118 3626 3430 3699 simplicior

1837 3711 1998 3783 691
2051 3723 2109 3768 et
2163 3713 2336 3785 magis
2381 3714 2547 3770 obvia
2579 3716 2684 3772 loci
2735 3717 2859 3787 ejus
2917 3719 3215 3789 expositio,
3257 3721 3431 3777 inter-

1840 3805 2394 3874 pretationeuiillam
2422 3822 2600 3863 meam
2645 3807 2701 3864 in
2737 3808 2886 3866 hunc
2921 3811 3148 3868 modum
3177 3814 3428 3870 retictam

1835 3898 1932 3953 hic
1981 3898 2226 3954 babeat-:
2258 3915 2362 3970 pro
2399 3901 2556 3970 hisce
2607 3899 2815 3958 Graecis
2859 3903 3214 3978 Pacbymeris
3239 3908 3428 3964 verbis

1840 4006 1966 4062 pag.
2001 3980 2102 4046 ﬁll.
2167 4009 2179 4045 :
2255 3992 2533 4065 Ἐπισχὼν
2573 3994 2699 4058 τοὺς
2751 3995 2850 4064 τῆς
2902 3995 3101 4070 λίμνης
3151 4001 3432 4069 καράϐους

1840 4083 2024 4137 συνδεῖ
2083 4086 2315 4154 σχοὶνοις
2338 4127 2352 4152 ,
2405 4089 2498 4140 καὶ
2528 4088 2661 4154 ξύλα,
2698 4091 2934 4158 μέγιστα
2959 4092 3127 4156 ἐνιεὶς
3161 4094 3248 4147 ἐπ’
3283 4095 3429 4147 ἐκεί-

1839 4195 1946 4230 νων
1988 4180 2460 4245 κατασκευάζεται
2496 4185 2771 4250 μόσυναςς
2815 4183 2930 4239 haec
2970 4184 3025 4239 In
3067 4185 3264 4242 Latina
3304 4205 3431 4244 ver-

1835 4269 1997 4324 sione
2016 4270 2425 4326 substituuntur
2451 4291 2464 4326 :
2490 4275 2768 4342 Arreptas,
2787 4292 2905 4345 qui:
2921 4277 2973 4330 in
2996 4286 3185 4349 stagno
3205 4290 3430 4352 reperta:

1838 4371 1983 4426 sunt,
2041 4363 2253 4435 cymba:
2301 4365 2510 4434 funibus
2557 4366 2808 4439 colligat;
2867 4380 2914 4423 et
2960 4370 3118 4442 lignis
3149 4390 3310 4444 super
3339 4392 3429 4432 eas

1839 4459 2122 4509 constratis
2188 4458 2461 4521 maximis,
2513 4467 2684 4512 turres
2734 4462 2786 4513 in
2823 4477 2881 4514 eo
2920 4451 3183 4531 tabulato,
3223 4477 3270 4520 et
3313 4484 3433 4523 ma-

1837 4554 2020 4606 chinas
2061 4558 2342 4608 construit.
2381 4556 2564 4625 Atque
2611 4558 2751 4611 hanc
2785 4557 3021 4628 ingenue
3048 4560 3246 4624 fateor,
3280 4577 3430 4619 nunc

1841 4643 1975 4696 mihi
2010 4644 2472 4700 verosimiliorem
2499 4645 2673 4701 videri
2707 4648 3078 4715 sententiam;
3112 4666 3179 4706 ex
3202 4667 3270 4707 eo
3291 4668 3432 4723 preco

1839 4735 2030 4791 sertim
2084 4737 2233 4807 quod
2285 4738 2653 4811 Pachymeres
2674 4743 2856 4796 statim
2905 4742 3097 4813 addat,
3129 4745 3197 4798 τὰ
3224 4746 3270 4800 δ’
3292 4745 3430 4801 ἄλλα

1841 4829 1998 4881 πλοῖα
2025 4829 2344 4898 πληρώσας.
2375 4831 2481 4886 lsta
2526 4835 2676 4888 enim
2708 4833 2941 4888 aliarum
2971 4837 3188 4892 navium
3217 4838 3429 4902 mentio

1840 4920 1978 4977 satis
2024 4922 2253 4983 indicat.
2309 4933 2533 4994 putasse
2581 4926 2788 4996 ipsum,
2825 4929 3104 4998 καράϐους
3179 4947 3426 5002 quoque,

1840 5027 1978 5081 quos
2029 5015 2191 5082 paulo
2240 5023 2368 5071 ante
2404 5028 2912 5083 memoraverat,ex
2952 5021 3152 5076 eodem
3223 5023 3426 5078 πλοίων

1842 5091 1958 5160 sive
1995 5108 2359 5177 navigiorum-
2375 5125 2578 5181 genere
2624 5126 2765 5166 esse.

1915 5243 2175 5311 Καρπός,
2226 5257 2278 5313 p.
2340 5244 2467 5300 “6.
2511 5246 2627 5302 Vox
2689 5247 2905 5320 καρπός
2957 5249 3046 5306 hic
3098 5251 3153 5306 in
3202 5253 3426 5306 notione

1844 5337 2062 5405 qualem
2098 5338 2227 5393 alibi
2258 5340 2516 5409 nuspiam
2567 5341 2996 5398 observaveram
3035 5347 3282 5416 ponitur,
3308 5347 3427 5403 folii

1844 5431 2098 5500 paginam
2136 5432 2386 5489 iudicans
2411 5472 2423 5496 ,
2463 5437 2790 5505 metaphora
2841 5438 3107 5494 nimirum
3149 5441 3425 5511 populari,

1843 5525 1988 5591 quali
2042 5526 2205 5596 vulgo
2258 5527 2310 5580 in
2356 5527 2530 5582 Gallia
2583 5544 2784 5600 scapus
2813 5529 3020 5587 chartae
3052 5534 3238 5589 vocari
3289 5538 3431 5590 sotet

1848 5631 1948 5672 tme
1982 5623 2128 5673 main
2169 5621 2233 5674 de
2289 5624 2496 5692 papier.
2526 5623 2624 5678 Est
2671 5625 2885 5694 καρπός
2916 5624 3175 5696 iunctura
3218 5625 3433 5682 brachii

1846 5726 1972 5766 cum
2005 5728 2192 5778 manu,
2230 5715 2433 5785 ἄρθρὺν
2474 5717 2660 5788 χειρὸς
2695 5717 2789 5771 καὶ
2819 5717 3128 5788 βραχίονος,
3159 5724 3220 5772 ut
3253 5718 3438 5788 loqui-

1849 5815 1938 5860 tur
1986 5809 2332 5877 Aristoteles,
2371 5826 2404 5864 ιι
2444 5811 2516 5865 De
2554 5824 2696 5880 part.
2733 5814 3224 5886 anfmal.Apparet
3251 5823 3433 5868 tamen
