4012 6236
585 273 682 344 751

1503 279 1584 347 1⁵.
1622 282 1925 350 POSSINI
1951 284 2610 354 ‘OBSERVATIONUM
2671 287 2819 354 LIB.
2855 287 2914 353 Ῑ.

3723 291 3828 354 aa

585 391 763 446 volam
812 388 987 461 ipsam
1046 404 1146 448 seu
1195 391 1435 463 palmam
1492 403 1547 452 et
1600 396 1837 453 mediam
1875 397 2158 468 planitiem
2187 409 2234 465 Α
2266 399 2550 455 Ammiano
2606 398 2943 469 Marcellino,
2995 399 3044 457 ει.
3082 416 3233 466 xvu,
3295 401 3368 458 sic
3413 403 3591 457 notaui
3642 404 3709 458 ad
3742 401 3833 458 illa

584 480 841 540 concava:
868 497 1069 540 manus
1094 484 1310 555 καρπόν
1324 486 1494 562 etiam
1525 487 1655 544 diei.
1688 488 1823 545 Nam
1865 488 2158 557 Homerus,

578 573 843 635 Iliad.’s
891 575 1125 635 choreas
1174 572 1499 637 describens
1550 580 1813 654 iuvenum
1867 596 1994 640 eum
2050 584 2163 638 vir-

582 668 809 752 ginibus
867 662 1156 728 manibus
1187 670 1422 729 invicem
1477 675 1758 732 consertis
1814 676 2156 744 saltantium,

583 761 678 816 tali
743 760 1337 835 videtur’signiilcatu
1396 766 1611 837 καρπόν
1664 781 1972 841 usurpare,
2025 768 2160 828 dum

577 854 807 914 scribit:

608 998 906 1084 inﬁcias?
933 985 1143 1084 vitiosos
1162 1001 1263 1055 καὶ
1281 1000 1610 1084 ’πριρθένοιο
1629 1002 2015 1084 ἀλφεσίόριαι

596 1069 910 1139 Ωρχεῦντ⁹,
938 1069 1232 1142 ἀλλήλων
1268 1069 1623 1142 summa
1643 1069 1849 1145 χεῖρας
1881 1075 2153 1145 ἔχοντες.

578 1201 634 1257 Si
667 1204 814 1259 enim
852 1204 1069 1267 alterin
1098 1206 1330 1263 alterius
1352 1222 1524 1280 carpo
1551 1223 1774 1265 manum
1796 1210 2055 1272 habebat,
2092 1206 2155 1267 ut

573 1296 672 1366 ait,
702 1312 812 1353 non
867 1300 1061 1371 utique
1110 1300 1325 1357 brachii
1351 1301 1670 1373 juncturam
1723 1319 1951 1375 carpum
1992 1306 2152 1374 dicit,

571 1388 669 1463 sed
726 1391 963 1461 palmam
1011 1401 1070 1449 et
1110 1393 1317 1459 volam,
1349 1409 1461 1466 qua
1498 1396 1673 1452 teneri
1706 1405 1762 1453 et
1790 1398 1984 1470 stringi
2012 1399 2154 1456 solet

577 1502 773 1544 manus
830 1502 890 1544 se
944 1487 1182 1544 invicem
1233 1484 1488 1545 saltando
1552 1490 1918 1547 trahentium.
1974 1492 2153 1549 Habet

571 1587 756 1635 autem
804 1579 1099 1652 quamdam
1131 1582 1371 1653 speciem
1402 1583 1540 1638 volas
1580 1592 1821 1643 extensae
1845 1586 2064 1656 pagina,
2090 1596 2152 1641 ut

572 1670 994 1728 fundamentum
1027 1672 1410 1739 translationis
1432 1689 1544 1730 non
1570 1674 1738 1740 desit,
1771 1678 1989 1733 usitata:
2021 1688 2151 1734 tunc

2263 491 2423 546 verba
2460 493 2562 547 mei
2610 492 2860 567 Procopii
2896 507 2915 545 :
2959 493 3218 551 Arsacem
3272 494 3328 549 in
3372 495 3663 549 castellum
3702 494 3839 550 obli-

2264 584 2449 641 vionis
2511 584 2754 653 detrudi,
2804 584 2973 644 verba
3027 587 3424 660 Theophylacti
3477 586 3683 643 Simoc.
3720 601 3837 657 qua:

2267 692 2354 734 me
2383 678 2730 735 redditurum
2764 680 2995 751 promisi
3022 697 3215 753 supra,
3248 682 3552 752 hicaecipe
3580 696 3647 736 ex
3678 680 3716 736 l.
3757 695 3835 743 tu,

2261 786 2313 825 c.
2353 769 2387 827 5
2412 789 2431 833 ,ε
2465 771 2732 845 Φρηύριον
2765 773 3121 846 (Γιλιγέρδων
3162 773 3349 846 ὄνομα
3373 775 3546 846 αὐτῷ)
3580 774 3839 846 ἐνδοτέρω

2260 863 2365 934 τῆς
2394 864 2651 937 Μηδικῆς
2682 865 3032 940 ᾠκοδόμηται
3059 869 3132 922 ἒν·
3152 867 3307 941 χώρᾳ
3347 867 3721 941 ἐπιλεγομένη
3756 860 3842 920 Bt-

2262 956 2451 1023 ζακοῦ,
2488 958 2549 1013 οὐ
2582 960 2772 1031 πόρῥω
2801 961 3239 1035 Βενδοσαϐεἱρων
3268 965 3368 1033 τῆς
3395 963 3631 1027 πόλεως.
3668 963 3840 1033 Πρόσ-

2260 1066 2377 1103 sum
2404 1050 2461 1103 δὲ
2494 1050 2676 1121 τούτῳ
2705 1054 2797 1106 καί
2829 1072 2912 1117 τις
2953 1055 3389 1127 εἱρκτήμΛήθην
3420 1055 3481 1110 δὲ
3511 1054 3841 1127 ὀνομάζουσι

2256 1144 2470 1217 ταύτην
2514 1147 2565 1199 οἱ
2615 1146 2903 1218 βάρϐαροι.
2954 1147 3091 1202 Hinc
3145 1163 3246 1204 nos
3300 1129 3516 1205 videiur
3560 1151 3840 1208 abducere

2255 1236 2583 1292 Ammianus
2612 1238 2986 1303 Marcellinus,
3026 1254 3151 1295 cum
3185 1240 3264 1295 ait
3303 1240 3562 1297 Arsacem
3590 1245 3841 1296 extermi-

2256 1338 2444 1385 natum
2490 1331 2649 1400 fuisse
2669 1333 2723 1387 in
2755 1332 3038 1387 castellum
3071 1333 3348 1406 Agabana.
3386 1338 3452 1388 At
3488 1335 3601 1390 hoc
3638 1335 3835 1405 ipsum,

2257 1439 2377 1480 mea
2420 1425 2645 1496 quidem
2684 1427 2987 1489 sententia,
3028 1427 3179 1481 illius
3232 1435 3321 1481 est
3360 1430 3607 1482 carceris
3642 1444 3836 1483 nomen

2255 1532 2323 1573 ex
2351 1517 2572 1574 duobus
2600 1520 2861 1575 coalitum
2885 1536 3012 1575 cum
3044 1520 3305 1575 articulo.
3339 1522 3597 1577 Pt'oxitne
3622 1524 3692 1577 ad
3734 1526 3837 1578 ori-

2256 1610 2409 1683 gines
2469 1613 2696 1667 accedet
2744 1614 2839 1684 qui
2890 1615 2961 1669 ita
3012 1614 3327 1685 scripserit,
3364 1615 3719 1687 Hagoba—rtas
3758 1619 3837 1672 vel

2260 1702 2674 1775 Hagoba-nasa.
2716 1707 2931 1762 Etenim
2981 1708 3110 1775 σοὺ,
3154 1719 3210 1764 ct
3257 1708 3557 1765 Chaldait-e
3587 1712 3721 1783 goba
3757 1713 3836 1767 vel

570 1764 709 1821 forte
750 1765 962 1836 vulgari
1020 1779 1299 1833 sermone,
1328 1765 1431 1821 etsi
1477 1768 1657 1821 rarius
1708 1768 1761 1823 in
1797 1769 1956 1825 libris
1987 1786 2143 1841 repe-

2250 1797 2620 1870 gubba,'quod
2652 1800 2818 1856 toties
2854 1800 2907 1855 in
2934 1802 3034 1857 αθ
3067 1764 3611 1871 Danielisoccurrit:
3630 1806 3836 1861 foveam

568 1860 766 1913 riatur.
803 1857 1115 1929 Aliquando
1148 1867 1405 1930 putaram
1440 1863 1656 1933 καρπόν
1687 1862 1777 1917 hic
1810 1862 1962 1918 reddi
1989 1879 2149 1935 posse

565 1949 861 2006 articulum
896 1959 993 2006 aut
1040 1950 1360 2023 capitulum,
1394 1968 1611 2015 comma
1654 1955 1868 2011 scilicet
1902 1957 2146 2027 primum

564 2043 620 2098 in
644 2042 839 2099 oculos
866 2043 1157 2099 incurrens
1176 2042 1323 2101 libro
1346 2054 1558 2117 aperto,
1592 2050 1738 2118 quod
1762 2057 1945 2120 potest
1974 2051 2151 2106 inter-

562 2135 696 2191 dum
736 2151 860 2192 esse
920 2152 988 2192 ex
1041 2136 1224 2193 media
1272 2147 1370 2194 aut
1424 2138 1614 2196 intima
1667 2143 1890 2215 pagina.
1950 2142 2056 2199 Sed
2092 2143 2146 2200 id

552 2228 676 2286 dici
722 2228 943 2301 nequit.
972 2228 1081 2286 hoc
1136 2229 1280 2299 loco.
1317 2230 1462 2288 Satis
1502 2232 1662 2289 enim
1702 2243 1896 2291 noster
1937 2236 2149 2293 indicat

562 2337 728 2379 omen
783 2321 853 2379 de
905 2335 1015 2393 quo
1054 2323 1189 2395 agit,
1225 2324 1438 2396 captari
1491 2324 1716 2381 solitum
1763 2340 1832 2381 ex
1880 2327 2062 2384 verbis
2088 2328 2145 2383 in

561 2406 745 2488 capite
773 2414 890 2472 sive
914 2414 1191 2487 principio
1211 2414 1425 2488 paginae
1454 2410 1903 2476 occurrentibus.
1924 2420 2146 2492 Alioqui

560 2510 711 2567 enim
746 2525 858 2584 non
884 2524 1081 2567 omnes
1131 2508 1527 2567 convenissent
1557 2511 1615 2565 in
1650 2512 2147 2572 animadvertendo

561 2604 707 2661 malo
724 2604 963 2677 augurio
991 2620 1059 2661 ex
1076 2604 1262 2678 verbis
1290 2603 1484 2683 iisdem
1510 2624 1525 2661 :
1552 2605 1674 2662 ileri
1702 2606 1853 2662 enim
1877 2609 2149 2679 potuisset

560 2705 624 2753 ut
646 2706 762 2754 tres
789 2696 1062 2769 episcopi,
1084 2698 1330 2770 quicum
1356 2697 1676 2764 celebrante
1700 2701 2149 2772 cooperabantur

560 2790 617 2846 in
654 2790 749 2847 illa
779 2789 1068 2863 apertione
1098 2799 1156 2846 et
1178 2789 1549 2862 .impositione
1580 2777 1787 2848 codicis
1813 2793 2145 2864 evangelici,

557 2898 674 2939 non
692 2882 751 2939 in
780 2881 1030 2952 eamdem
1060 2897 1253 2949 omnes
1268 2882 1486 2955 paginae
1509 2892 1719 2955 partem
1743 2885 1937 2941 oculos
1958 2886 2146 2957 conje-

558 2962 785 3034 cissent.
824 2973 954 3035 Hzec
983 2990 1072 3039 me
1106 2989 1288 3031 causai
1325 2974 1672 3045 impulerunt
1696 2980 1764 3031 ad
1799 2978 2013 3048 καρπόν
2037 2978 2145 3035 hoc

546 3071 683 3128 loco
716 3069 976 3143 paginam
1004 3068 1506 3140 interpretandum.

2251 1896 2307 1943 et
2339 1890 2520 1945 laeum
2554 1890 2845 1962 signiﬁcat.
2883 1893 3128 1966 Utroque
3169 1906 3351 1951 autem
3384 1900 3659 1956 vocabulo
3693 1900 3835 1957 Seri-

2242 1991 2429 2055 pturte
2487 2000 2658 2041 sacrae
2716 1986 3053 2058 interpretes
3109 2006 3388 2047 carcerem
3431 1993 3833 2065 benc'septunt

2249 2083 2307 2130 et
2342 2077 2589 2146 praealtis
2619 2079 2930 2149 parietibus
2980 2082 3253 2136 munitum
3286 2083 3605 2155 designant.
3642 2087 3834 2141 Carcer

2250 2163 2305 2219 in
2328 2182 2493 2236 quem
2512 2167 2716 2239 Joseph
2749 2171 3034 2241 conjectus
3059 2172 3185 2237 fuit,
3207 2173 3363 2230 fovea
3396 2175 3606 2230 dicitur
3632 2176 3757 2247 Sap.
3783 2194 3831 2240 ι,

2252 2260 2340 2327 15.
2359 2276 2389 2315 a
2406 2259 2570 2326 LXX,
2585 2261 2809 2328 λάκκος,
2827 2262 3031 2318 etGen.
3051 2281 3159 2330 xu,
3184 2267 3268 2333 ιι,
3289 2267 3555 2338 exemp:
3577 2271 3828 2326 munitio.

2249 2351 2377 2409 Haec
2406 2365 2491 2410 est
2535 2353 2819 2411 Chaldaici
2874 2366 3123 2427 potestas
3163 2360 3409 2414 nominis
3458 2373 3571 2423 Nn:
3626 2363 3714 2417 vel
3754 2372 3835 2423 zu

2249 2448 2499 2502 Alterum
2542 2464 2675 2503 vero
2705 2464 2736 2503 a
2763 2452 3083 2510 verbo'mv:
3120 2454 3472 2523 progenitum
3523 2456 3832 2512 oblivionem

2250 2548 2429 2595 sonat.
2485 2538 2763 2612 Originem
2805 2557 3028 2613 quoque
3072 2545 3315 2602 nominis
3351 2547 3666 2620 Giligerdon
3706 2550 3831 2604 mihi

2249 2628 2444 2685 videor
2480 2630 2534 2684 in
2569 2646 2636 2687 eo
2668 2630 3109 2701 deprehendisse
3151 2635 3296 2704 quod
3362 2639 3596 2710 subiicit
3655 2640 3831 2696 Stmoo

2249 2732 2414 2788 calta,
2433 2738 2615 2780 arcem
2631 2724 2778 2779 illam
2799 2726 2969 2783 fuisse
2986 2727 3261 2784 addictam
3282 2732 3674 2791 custodiendis
3694 2735 3830 2790 bello

2249 2813 2445 2883 captis,
2485 2830 2627 2885 quos
2653 2830 2747 2871 rex
2783 2816 3055 2873 intentius
3082 2824 3355 2877 asservari
3385 2824 3579 2880 vellet.
3615 2824 3725 2881 Oili
3750 2826 3828 2881 vel

2247 2904 2351 2975 geli
2375 2905 2591 2962 deduco
2624 2922 2658 2962 a
2687 2908 2861 2965 verbo
2889 2892 2996 2973 n5:
3024 2911 3170 2981 quod
3227 2916 3386 2971 .valet
3435 2919 3707 2987 captivum
3742 2921 3827 2973 ab-

2245 2998 2389 3084 duci.
2418 3001 2517 3055 Est
2549 3014 2735 3061 autem
2782 3007 2934 3075 gerd,
2969 3006 3076 3062 nisi
3118 3006 3299 3076 fallor,
3352 3011 3498 3067 idem
3535 3028 3607 3069 ac
3656 3014 3825 3087 geder,

2248 3080 2444 3155 Latine
2495 3102 2729 3165 septum,
2790 3111 2821 3151 a
2866 3098 3041 3155 verbo
3070 3110 3174 3162 Ἥ]
3203 3104 3396 3172 gadar,
3441 3106 3591 3163 unde
3633 3080 3826 3164 nomen

631 3183 932 3261 Κάπρον.
980 3182 1063 3240 Ad
1105 3197 1173 3238 ea
1201 3199 1325 3255 quae
1368 3182 1578 3243 dudum
1622 3184 1806 3239 notavi
1859 3183 2143 3241 Glossario

2248 3183 2443 3251 Gades,
2492 3155 2567 3247 et.
2600 3155 2853 3262 l‘abetpa,
2903 3194 3049 3262 quod
3097 3155 3407 3267 llesvcliius

550 3277 670 3333 vol.
696 3277 739 3344 1,
764 3292 824 3349 p.
846 3277 976 3347 571,
1010 3278 1140 3350 περὶ
1165 3277 1409 3349 κάστρου
1458 3276 1573 3333 sive
1595 3279 1819 3350 εἱρκτῆς
1844 3278 2037 3350 λήθης,
2074 3278 2142 3334 de

548 3368 785 3427 castello
837 3352 955 3426 sive
1007 3383 1235 3425 carcere
1287 3369 1610 3435 oblivionis,
1643 3372 1841 3425 addam
1887 3373 1979 3428 hic
2016 3389 2141 3443 quae

540 3456 835 3534 suggessit
866 3461 1029 3518 Pater
1055 3460 1325 3521 Claudius
1352 3460 1641 3518 Maltretus
1673 3461 1801 3519 Sec.
1820 3464 1976 3532 Jesu,
2000 3465 2143 3522 datis

558 3555 626 3611 ad
652 3570 740 3611 me
770 3553 1010 3626 postilla
1031 3552 1173 3612 lecta
1197 3553 1849 3612 humanissimislitteris.
1881 3576 1900 3609 ε
1930 3558 2143 3615 Dudum

558 3648 790 3721 (inquit)
812 3649 925 3703 lucc
950 3654 1256 3703 notaueram
1283 3648 1353 3703 ad
1383 3664 1435 3703 c.
1466 3650 1522 3716 5,
1545 3648 1583 3703 l.
1604 3663 1621 3705 ι
1643 3649 1889 3723 Procopii
1910 3652 1987 3707 De
2006 3652 2143 3708 bello

554 3737 770 3794 Persico
810 3737 974 3811 692
1006 3736 1071 3792 de
1124 3736 1343 3793 castello
1384 3738 1662 3795 oblivionis
1693 3754 1713 3795 :
1775 3741 1944 3811 hujus
1995 3742 2142 3798 arcis

557 3832 895 3889 mentionem
946 3831 1159 3888 faciunt
1206 3830 1263 3886 in
1311 3830 1434 3887 Vita
1484 3830 1542 3888 S.
1587 3830 1821 3888 Joannis
1870 3832 1953 3906 [P.
2012 3834 2140 3909 487]

554 3921 989 3995 Eleemosy’narii
1020 3920 1288 3977 Leontius
1319 3929 1376 3976 et
1402 3919 1806 3991 Metaphrastes
1830 3923 1975 3993 apud
2011 3923 2143 3979 Bol-

551 4017 778 4075 landum
819 4030 995 4072 meus.
1028 4015 1151 4073 Jan.
1202 4022 1339 4071 tom.
1382 4014 1423 4080 l,
1456 4029 1511 4085 p.
1544 4014 1648 4070 508
1692 4022 1751 4071 et
1781 4016 1917 4081 525;
1951 4014 2019 4070 de
2042 4030 2140 4070 eo-

553 4110 680 4168 dem
713 4116 885 4183 agunt
920 4106 1211 4163 Cedrenus
1242 4106 1332 4163 ed.
1389 4105 1524 4178 Reg.
1562 4123 1619 4177 p.
1652 4106 1779 4175 346,
1816 4118 2011 4163 auctor
2040 4109 2141 4162 Mi-

556 4203 757 4274 scellaz,
798 4201 839 4258 l.
889 4217 1029 4268 xvu,
1061 4216 1115 4272 p.
1156 4199 1284 4266 5l0,
1331 4199 1701 4270 Theophanes
1759 4216 1812 4271 p.
1848 4201 1973 4263 220.
2002 4202 2143 4273 Aga-

559 4297 701 4353 thias
737 4296 774 4352 l.
815 4311 891 4363 tv,
937 4294 1029 4352 ed.
1087 4295 1223 4367 Reg.
1261 4311 1318 4366 p.
1377 4296 1501 4351 158.
1548 4296 1878 4353 Aecuratius
1927 4297 2140 4353 caeteris

556 4388 1006 4461 Theophylactus
1057 4385 1382 4452 Simocatta,
1423 4387 1581 4457 cujus
1614 4386 1783 4440 verba
1816 4386 1882 4439 ad
1931 4386 2136 4439 calcem

2248 3278 2667 3349 interpretatur.
2737 3281 3049 3340 Subscribit
3107 3290 3370 3356 Avienus,
3427 3308 3483 3348 v.
3535 3294 3667 3363 9H,
3707 3313 3821 3353 cunt

2246 3368 2352 3424 ait:

2248 3459 2495 3552 Ettritum
2523 3466 2651 3546 quin
2698 3470 2860 3552 etiam
2907 3468 3078 3552 (‘i‘ad‘es
3107 3474 3223 3527 hinc
3266 3474 3447 3548 lingua
3476 3480 3779 3552 frequentat
3803 3498 3822 3536 :

2244 3530 2436 3588 Poenus
2468 3530 2659 3609 quippe
2691 3538 2878 3614 locum.
2917 3543 3083 3598 Gadir
3138 3557 3288 3601 vocat
3313 3530 3818 3624 uizd'iqiié‘iéﬁieal

2246 3646 2324 3702 Et
2363 3649 2461 3705 illo
2503 3651 2655 3709 fonte
2688 3658 3061 3713 transmarino
3113 3659 3342 3719 ﬂuxisse
3385 3664 3639 3722 arbitror
3664 3683 3820 3724 voces

2243 3740 2478 3798 Gallicas
2531 3747 2732 3815 garde,
2773 3749 2935 3820 693
2978 3752 3426 3821 gorder,.leviter
3476 3763 3822 3831 transpositis

2244 3837 2464 3904 litteris,
2504 3850 2576 3901 ut
2629 3842 2689 3893 iit
2729 3841 2783 3895 in
2828 3844 3019 3899 ultima
3070 3860 3227 3917 parte
3284 3852 3523 3905 nominis
3578 3852 3816 3925 giligerd,

2241 3933 2409 4002 quod,
2445 3934 2553 3988 nisi
2584 3950 2679 3993 me,
2701 3936 3201 4013 fallitconjectura,
3231 3948 3563 4015 captivorum
3621 3961 3815 4022 septum

2240 4024 2535 4095 signiﬁcat.
2578 4044 2594 4076 ι
2627 4026 2751 4082 Haec
2804 4031 2989 4085 verbis
3028 4032 3255 4087 totidem
3288 4034 3573 4091 Maltretus
3612 4050 3812 4102 noster,

2240 4117 2399 4188 cujus
2428 4119 2711 4188 specimen
2762 4132 3018 4179 notarum
3056 4125 3527 4192 doctissimarum,
3557 4131 3655 4186 sed
3686 4148 3816 4187 non-

2240 4208 2370 4279 dum
2426 4210 2727 4277 editarum,
2762 4213 2817 4267 in
2873 4214 3226 4286 Procopium,
3279 4220 3371 4289 qui
3430 4220 3641 4276 dudum
3681 4223 3813 4295 typis

2242 4298 2428 4369 Regiis
2472 4319 2595 4356 cunt
2622 4305 2743 4375 ejus
2796 4317 3053 4362 accurata
3108 4319 3165 4362 et
3193 4312 3429 4381 eleganti
3486 4313 3812 4386 interpreta-

2244 4394 2391 4463 tione
2451 4398 2674 4464 prodiit,
2706 4396 2914 4454 vidisse
2970 4399 3072 4455 hac
3123 4405 3413 4459 occasione
3452 4422 3562 4461 non
3612 4409 3810 4481 pigebit

556 4483 723 4556 hujus
748 4481 947 4554 capitis
977 4479 1326 4536 commodius
1357 4480 1606 4536 reddam.
1643 4480 1832 4535 Simile
1857 4480 2132 4550 quoddam
2172 4510 2211 4562 ι)
2242 4486 2477 4541 lectores
2509 4488 2784 4543 eruditos.

554 4574 816 4631 habuisse
857 4574 1147 4630 castellum
1181 4574 1440 4628 videntur
1473 4573 1647 4629 (ΞΓωοί
1684 4573 1992 4643 imperante
2022 4575 2134 4628 Au-

552 4669 782 4724 dronico
835 4668 1082 4733 seniore,
1133 4667 1220 4721 cui
1252 4666 1598 4737 Nicephorus
1657 4665 1927 4735 Gregoras
1981 4667 2014 4718 I.
2056 4683 2131 4731 ix,

550 4778 604 4833 p.
666 4761 795 4824 208.
832 4762 923 4817 ed.
985 4760 1150 4816 Basil.
1203 4752 1386 4815 datam
1453 4759 1622 4813 luisse
1662 4757 1798 4814 dicit
1852 4760 2131 4828 optionem

550 4856 806 4910 malletne
852 4854 1222 4910 monasticum
1273 4852 1523 4907 habitum
1568 4851 1801 4907 induere
1839 4860 1933 4906 aut
1981 4851 2130 4905 aliud

549 4949 736 5004 subire
794 4950 1032 5015 malum;
1089 4964 1210 5018 qua:
1262 4958 1541 5017 postrema
1568 4947 1733 5002 verba
1781 4957 1877 5001 aut
1926 4946 2130 5000 cmdetn

549 5040 874 5109 innuebant,
944 5040 1126 5112 inquit
1181 5038 1485 5110 Gregoras,
1533 5051 1628 5093 aut
1699 5041 1979 5105 exsilium,
2038 5049 2133 5094 aut

549 5136 736 5207 βιαίαν
779 5137 1089 5207 ἀπαγωγὴν
1137 5136 1217 5197 εἰς
1276 5133 1338 5186 τὸ
1364 5135 1461 5203 τῆς
1493 5133 1661 5205 λήθης
1694 5134 1976 5205 φρούριον,
2016 5138 2133 5187 vio-

550 5226 753 5280 lentam
779 5226 1171 5281 abductionetn
1195 5225 1249 5279 in
1277 5224 1565 5278 castellum
1594 5224 1913 5279 oblivionis.
1953 5224 2133 5280 Lenn-

548 5316 759 5373 clavius
805 5316 860 5371 in
899 5316 1180 5371 Pandectis
1210 5316 1441 5369 historia:
1483 5315 1737 5381 Turcica',
1783 5334 1835 5388 p.
1882 5318 2008 5381 iiii,
2040 5320 2127 5373 ed.

549 5408 687 5479 Reg.
722 5425 780 5464 n.
810 5408 914 5462 128
942 5410 1228 5463 castellum
1266 5405 1400 5464 illud
1448 5402 1730 5481 Bosphoro
1766 5411 1934 5466 fuisse
1960 5427 2129 5481 appo-
2168 5476 2171 5479 γ

548 5502 717 5555 situm
750 5516 818 5555 ex
847 5499 1088 5571 Gregora
1143 5502 1389 5571 coniicit.
1428 5504 1497 5555 At
1552 5517 1822 5573 nusquam
1860 5502 2129 5574 Gregoras

545 5595 669 5665 ejus
704 5593 868 5648 situm
905 5592 1177 5664 designat.
1248 5594 1325 5648 De
1344 5595 1562 5649 castello
1590 5613 1712 5652 vero
1747 5596 1959 5651 Persico
2003 5599 2135 5653 obii-

545 5687 716 5740 trariis
763 5684 920 5748 dicto,
988 5699 1269 5758 postquam
1312 5690 1515 5744 ostendi
1584 5692 1843 5761 tragicam
1916 5692 2132 5746 Arsacis

547 5780 567 5834 Ι
584 5772 827 5837 istoriam
854 5798 885 5835 α
927 5780 1184 5854 Procopio
1216 5792 1523 5853 narratam,
1556 5788 1794 5840 eamdem
1833 5786 2020 5856 referri
2042 5788 2127 5843 ab

2310 4578 2659 4648 Καταφλᾷν,
2698 4597 2820 4653 pag.
2875 4582 3002 4638 Ξιίί).
3042 4586 3325 4658 Nusquam
3364 4591 3493 4645 alibi
3550 4594 3655 4649 hoc
3691 4612 3806 4650 ver-

2238 4671 2368 4724 bum
2416 4672 2616 4741 legissc
2661 4677 2909 4729 memini.
2954 4678 3203 4734 intellexi
3259 4694 3445 4737 autem
3478 4690 3610 4754 quid
3646 4688 3807 4758 signi-

2239 4764 2363 4817 ﬁcet
2409 4779 2474 4817 ex
2506 4781 2573 4819 eo
2603 4768 2749 4835 quod
2800 4768 3106 4839 Hesychius
3147 4775 3375 4829 \Clbllltt
3411 4781 3549 4850 φῑᾷν
3578 4792 3807 4854 exponat

2240 4856 2545 4925 μαλάσσειν
2604 4858 2865 4927 πληγαῖς,
2894 4863 3064 4933 plagis
3094 4866 3350 4937 subigere.
3402 4873 3713 4931 Eustathius
3742 4876 3802 4930 ad

2234 4950 2388 5005 illum
2426 4968 2645 5008 versum
2670 4952 2752 5026 [Ρ.
2788 4956 2913 5029 488]
2943 4957 3103 5014 Iliad.
3127 4979 3182 5023 α,
3220 4964 3328 5015 Καὶ
3350 4969 3656 5037 καρτίσεοις
3678 4971 3805 5039 ἐμά-

2235 5061 2391 5115 χοιντο
2408 5049 2612 5115 φηρσὶν
2632 5048 2979 5119 ὀρεσκῴοισι,
2996 5056 3283 5110 contendit
3301 5056 3391 5111 ’Δτ
3404 5061 3551 5131 εικῆς
3566 5078 3687 5117 esse
3699 5062 3799 5117 δια-

2234 5138 2428 5190 λέκτου
2461 5136 2924 5208 permutationem
2948 5146 2975 5197 ο
3005 5146 3059 5199 in
3088 5165 3123 5216 φ
3142 5150 3367 5220 etjuxta
3388 5152 3536 5206 illam
3562 5155 3668 5209 dici
3691 5156 3798 5226 φήρ

2232 5245 2332 5299 pro
2361 5231 2487 5300 θήρ,
2517 5233 2673 5301 φλάω
2707 5251 2805 5305 pro
2835 5237 3005 5293 Θλάω.
3045 5240 3202 5307 Quod
3260 5245 3305 5298 si
3366 5247 3652 5317 recipitur,
3692 5250 3794 5320 jam

2234 5334 2381 5403 patet
2405 5328 2534 5396 quid
2565 5329 2637 5383 sit
2658 5331 2834 5397 φλάω,
2861 5336 3124 5401 pertundo
3148 5337 3407 5395 videlicet
3432 5358 3495 5396 ac
3516 5344 3792 5414 perfringe.

2234 5420 2418 5483 Quare
2452 5424 2737 5494 καταφλᾷν
2768 5426 2859 5481 hic
2885 5442 2913 5480 a
2948 5440 3141 5484 nostro
3169 5433 3408 5501 positum
3441 5437 3594 5490 istam
3634 5438 3794 5488 notio-

2232 5528 2357 5568 nem
2412 5515 2621 5583 impetu
2670 5519 2909 5587 quodam
2958 5537 3025 5575 ex
3059 5527 3465 5594 prapositionis
3498 5529 3792 5599 adjectione

2234 5604 2537 5672 roborabit,
2576 5618 2633 5663 ut
2684 5611 2916 5683 intelligi
2951 5613 3150 5669 debeat
3175 5632 3473 5687 expressus
3507 5623 3788 5675 vehemen-

2234 5696 2485 5752 tissimus
2534 5700 2697 5765 ictus,
2740 5705 2920 5773 qualis
2950 5716 3071 5761 erat
3108 5709 3244 5763 vasti
3280 5712 3504 5767 molaris
3532 5708 3786 5766 tormento

2232 5790 2513 5861 ejaculati,
2565 5804 2662 5849 aut
2694 5804 2751 5849 ut
2785 5796 2970 5863 hodie,
3004 5801 3306 5859 sunoositis
3349 5802 3581 5862 invicem
3646 5806 3781 5855 vete—
