4012 6236
189 353 280 418 753

1532 343 2052 408 ϐΕΟΞΞΛΒίΗΜ.

3327 327 3432 402 754

189 484 292 524 rum
342 465 684 522 ballistarum
727 463 875 520 tubis
912 461 1081 519 aeneis
1112 461 1550 534 praegrandibus,
1587 461 1749 532 globo
1779 461 1824 517 Α
1852 467 2046 531 negant
2099 460 2216 531 igne
2263 475 2411 530 posse
2442 457 2628 529 subigi,
2658 457 2733 512 sic
2769 455 2858 511 isti
2898 473 2930 511 α
2978 454 3151 526 legum
3185 455 3235 510 vi
3260 470 3429 522 quan-

182 563 354 616 lerreo
387 559 544 630 ignea
592 557 641 613 vi
682 556 994 613 lulminato.
1024 557 1320 612 Vaticanus
1358 555 1749 627 paraphrastes

179 655 341 724 ignoti
385 654 533 708 verbi
569 653 723 723 quasi
771 652 1154 719 contagionem
1201 649 1647 720 perhorrescens,
1676 658 1753 703 to-

183 761 284 801 tam
327 748 418 803 cui
468 757 589 801 erat
635 746 907 801 insertum
943 745 1203 801 transiliit
1235 743 1592 808 sententiam,
1635 759 1752 799 om-

177 854 412 906 nemque
446 837 677 892 ballistze
706 852 768 892 ac
795 836 1148 905 explosorum
1194 850 1290 904 per
1311 850 1431 890 eam
1459 835 1748 890 molarium

177 929 574 986 indicationem
607 927 831 985 conscio
883 928 1107 984 silentio
1157 927 1433 1000 absorpsit
1457 968 1473 994 ,
1514 927 1594 984 sic
1631 930 1752 999 ple-

175 1039 408 1092 rumque
441 1021 665 1092 defungi
695 1021 912 1077 solitus.

239 1121 734 1189 Κατατροποῦμαι
763 1161 780 1182 ,
814 1135 870 1188 p.
914 1118 1039 1175 528.
1072 1117 1196 1188 Agit
1240 1117 1308 1173 de
1339 1135 1535 1189 magno
1562 1120 1745 1191 primi-

169 1214 314 1266 cerio
338 1213 495 1280 jussu
524 1212 751 1280 Augusti
779 1211 1063 1267 Michaelis
1090 1211 1382 1268 Catelanos
1405 1213 1748 1285 Calliopolim

171 1315 422 1360 tenentes
480 1315 837 1375 oppugante,
885 1321 996 1361 non
1059 1307 1179 1361 sine
1228 1307 1413 1377 aliquo
1475 1308 1749 1364 interdum

168 1396 636 1467 successu-praelii
691 1399 949 1461 secundi,
982 1411 1093 1465 quo
1134 1396 1256 1453 illos
1285 1397 1544 1454 funderet
1600 1398 1753 1468 luga-

171 1489 548 1560 retque.Non
606 1489 738 1546 alibi
793 1507 958 1561 quam
993 1489 1422 1561 apudSuidam
1478 1491 1754 1562 reperitur

168 1581 265 1637 hoc
314 1583 557 1639 verbum
595 1581 1071 1653 κατατροποῦμαι.
1122 1580 1319 1637 Suida‘s
1356 1586 1754 1640 autem-notio-

168 1690 285 1730 nem
310 1677 436 1748 ejus
466 1691 578 1732 nou
604 1675 885 1746 exprimit,
924 1677 1016 1731 sed
1042 1683 1252 1730 tantum
1285 1675 1601 1732 accusativo
1625 1678 1761 1746 jun-

165 1767 212 1834 gi
242 1774 467 1822 mouet.
493 1767 571 1822 Ex
601 1767 706 1822 hoc
740 1767 1091 1840 Pachymeris
1136 1768 1259 1822 loco
1295 1767 1558 1824 habemus
1586 1769 1775 1826 activi

162 1873 277 1913 esse
310 1858 683 1931 signiﬁcatus,
709 1871 767 1917 et
786 1859 1018 1916 fundere
1048 1876 1112 1914 ac
1137 1860 1328 1932 fugare
1357 1861 1577 1934 aliquos
1603 1872 1750 1920 recte

163 1950 278 2030 dici
300 1951 495 2009 Graece
513 1951 1009 2025 -κατατροποῦσθαί
1044 1972 1218 2018 τινας.
1579 2018 1582 2020 ν

231 2046 612 2114 Κερασϐὀλοι
641 2046 882 2116 κύαμοι,
917 2063 1040 2118 pag.
1088 2047 1214 2105 519.
1252 2047 1380 2119 A‘git
1412 2047 1482 2104 de
1509 2049 1754 2105 Athana-

163 2134 241 2191 sio
278 2135 597 2206 patriarcha
628 2175 644 2202 ,
699 2135 924 2193 duritiei
971 2137 1228 2195 immanis
1289 2149 1347 2194 et
1394 2139 1749 2195 inexorabilis

167 2225 410 2284 homine.
446 2227 608 2289 nunc
643 2236 929 2300 comparat
976 2228 1121 2284 labis
1180 2244 1249 2286 ex
1289 2229 1360 2286 iis
1414 2230 1584 2296 ortis,
1625 2247 1760 2301 quae

164 2334 287 2375 cum
319 2320 377 2377 in
413 2329 622 2379 terram
660 2337 692 2377 a
735 2330 955 2379 serente
997 2320 1338 2393 iacerentur,
1370 2323 1529 2379 bovis
1571 2340 1746 2380 cornu

165 2411 446 2483 tetigerint
481 2429 498 2468 :
529 2413 663 2470 tales
681 2401 831 2468 enim
864 2411 1182 2469 ferebantur
1203 2413 1342 2471 adeo
1374 2415 1529 2472 durae
1569 2416 1745 2484 nasci,

167 2511 225 2559 ut
275 2507 428 2562 nulla
480 2517 709 2564 coctura
751 2506 818 2564 ad
874 2508 1166 2563 mollitiem
1219 2507 1345 2565 esui
1372 2520 1744 2581 opportunam

165 2598 337 2672 subigi
374 2607 630 2670 possent.
662 2599 913 2658 Meminit
941 2600 1106 2673 hujus
1145 2608 1205 2659 ut
1243 2602 1484 2673 antiquae
1511 2611 1569 2660 et
1596 2605 1746 2661 cele-

165 2690 277 2748 bris
325 2692 530 2750 fabulae
560 2691 995 2764 Theophrastus,
1024 2692 1124 2749 lib.
1161 2705 1236 2760 tv,
1277 2710 1335 2753 c.
1381 2695 1470 2762 14,
1511 2695 1599 2753 his
1623 2713 1764 2754 eam-

165 2785 340 2844 rerbis
395 2801 501 2859 pro
551 2786 948 2857 superstitione
996 2786 1193 2844 frivola
1227 2787 1520 2845 traducens
1545 2806 1564 2845 :
1597 2792 1662 2846 '0
1687 2791 1744 2845 δὲ

1826 569 1829 573 ‘
1857 557 2044 608 tumvis
2076 553 2256 609 valida
2280 554 2465 608 intacti
2496 551 2803 623 perdurent.
2839 549 2998 604 Hunc
3025 549 3204 603 locum
3238 547 3420 605 Platoé

1860 648 2197 703 nis-videtur
2231 647 2579 718 potissimum
2605 644 2659 699 itt
2689 645 2874 699 animo
2904 641 3169 698 habuisse
3215 640 3430 712 Paclty'

1857 760 2037 800 meres
2077 745 2195 798 haec
2247 742 2520 797 scribens.
2553 741 2662 796 Sed
2693 751 2862 795 totam
2915 739 3059 793 hanc
3112 753 3226 809 rem
3259 734 3429 806 magis

1818 837 2096 892 ‘illustrat
2136 836 2484 898 Plutarchus,
2521 831 2619 913 [_P.
2680 831 2821 905 489]
2879 831 2986 887 hoc
3050 838 3430 895 argumentum

1854 930 2012 1000 quasi
2040 944 2106 984 ex
2137 928 2389 1000 professo
2418 935 2682 990 tractans,
2716 924 2754 980 Ι.
2800 939 2876 979 vn
2902 922 3270 978 convivalium
3304 920 3434 975 Scr-

1854 1038 2080 1077 manum
2107 1061 2122 1085 ,
2157 1031 2351 1091 quaest.
2393 1019 2464 1082 2;
2527 1033 2592 1074 ac
2648 1016 2850 1073 factum
2894 1001 3122 1087 quidem
3171 1028 3239 1067 ex
3282 1025 3435 1066 coni-

1855 1115 2010 1171 muni
2054 1109 2315 1186 opinione
2363 1128 2560 1169 verum
2590 1125 2824 1181 ponens,
2860 1123 3091 1181 causam
3123 1105 3431 1176 ejus'com-

1835 1208 2174 1265 3miniscitur
2222 1205 2450 1262 minime
2499 1203 2970 1276 superstitiosam.
2999 1201 3212 1272 Nempe
3247 1200 3322 1254 ait
3354 1199 3436 1253 le-

1838 1303 2078 1375 ‘gumina
2121 1312 2219 1358 aut
2269 1302 2502 1376 semina
2532 1314 2678 1370 quae,
2719 1308 2778 1352 ut
2831 1298 2978 1353 solet
3020 1295 3153 1361 diei,
3213 1293 3342 1349 dum
3377 1293 3431 1348 in

1841 1391 2370 1470 'terram-jaCiuntur
2393 1394 2446 1448 in
2479 1407 2690 1448 cornua
2722 1391 3034 1460 impingunt
3071 1388 3235 1444 boum
3268 1401 3432 1441 aran-

1843 1492 2016 1555 ‘tium,
2049 1503 2156 1543 non
2183 1503 2256 1542 ex
2293 1500 2361 1541 eo
2390 1492 2644 1540 contactu
2677 1481 2945 1552 qualitate
2977 1476 3123 1534 allici
3172 1477 3433 1548 maligna,

1847 1599 1962 1656 qua
1993 1581 2194 1637 deinde
2230 1579 2325 1635 flat
2365 1588 2422 1633 ιιι
2462 1593 2588 1649 quae
2640 1576 2770 1632 inde
2802 1572 3235 1646 germinaverint
3281 1572 3436 1626 dura:

1854 1686 2099 1735 cocturae
2132 1673 2267 1737 sint,
2320 1673 2417 1728 sed
2450 1672 2599 1743 quod
2649 1687 2713 1727 ea
2765 1668 3071 1725 oll'cnsione
3109 1679 3434 1736 repercussa

1855 1769 1965 1825 alio
1990 1766 2244 1824 resiliant
2271 1781 2435 1848 qua‘m
2464 1779 2575 1835 quo
2603 1778 2800 1817 manus
2825 1759 3066 1816 serentis
3095 1757 3434 1822 destinabat,

1857 1864 1914 1923 in
1947 1864 2132 1919 sinum
2159 1876 2355 1931 nempe
2375 1859 2541 1937 sulci,
2569 1857 2661 1913 ubi
2689 1855 2877 1912 statim
2903 1865 3048 1912 terra
3074 1860 3394 1924 tegerentur
3413 1869 3432 1908 :

1829 1961 2005 2011 'ttuuc
2039 1962 2170 2010 Vero
2290 1952 2471 2022 campi
2509 1948 2858 2021 superﬁciem
2892 1957 3100 2002 temere
3130 1944 3328 2008 eﬂ'usa,
3358 1944 3435 2000 ibi

1854 2044 2102 2116 exposita
2129 2043 2321 2114 lrigori
2349 2058 2417 2098 ac
2437 2040 2670 2111 reliquis
2693 2040 2842 2095 aeris
2865 2038 3082 2110 injuriis
3109 2036 3436 2116 relinquan-

1856 2147 1968 2206 tur,
2001 2137 2146 2195 unde
2173 2153 2282 2192 non
2311 2134 2416 2191 nisi
2452 2150 2586 2190 sero
2600 2142 2661 2189 et'
2684 2147 2835 2205 aegre
2857 2130 3134 2203 pullulent
3156 2128 3436 2200 sequioris

1852 2235 2019 2290 etiam
2066 2241 2280 2288 natura:
2322 2220 2542 2286 fructus
2566 2243 2635 2284 ac
2657 2236 3016 2283 contumaces
3036 2224 3102 2280 ad
3126 2231 3433 2280 cocturam.

1856 2328 1933 2384 De
1961 2337 2164 2383 σείει-ο
2192 2325 2340 2383 idem
2370 2322 2622 2392 agnoscit
2661 2310 2921 2377 usitatam
2960 2318 3089 2376 inde
3116 2317 3436 2376 translatio-

1853 2436 1981 2479 nem
2011 2421 2079 2476 ad
2105 2401 2379 2491 praefracti
2409 2416 2665 2473 homines
2694 2413 2901 2486 ingenii
2928 2412 3281 2485 κερασϐόλων
3305 2427 3432 2469 ver-

1853 2516 1937 2574 bo-
1967 2512 2359 2586 designandos.
2392 2513 2566 2582 Δῆλον
2594 2511 2729 2581 γὰρ,
2768 2509 3029 2580 inquiens
3050 2550 3066 2574 ,
3103 2503 3173 2580 ἦν
3206 2507 3291 2561 ὅτι
3322 2494 3436 2561 τῶν

1853 2607 2187 2679 σπερμάτων
2232 2606 2304 2660 τὰ
2335 2605 2757 2676 προσπίπτοντα
2790 2603 2905 2665 τοῖς
2935 2601 3046 2656 τῶν
3082 2591 3231 2671 βοῶν’
3257 2599 3434 2670 κέρα-

1853 2718 1940 2755 σιν
1990 2691 2314 2769 ἀτεράμονα
2371 2696 2467 2750 τὸν
2529 2695 2744 2766 καρπὸν
2803 2691 3032 2763 ἐκφύειν
3085 2690 3423 2764 νομίζοντες,

1850 2790 1997 2846 οὕτω
2058 2792 2154 2860 τὸ]
2182 2789 2394 2860 αὐθάδη
2428 2787 2523 2843 καὶ
2553 2784 2791 2858 σκληρὸν
2821 2785 3115 2857 ἄνθρωπον
3151 2784 3216 2838 ἐκ
3257 2800 3429 2856 μετα-

167 2876 415 2947 λέγουσιν
465 2880 527 2942 οἱ,
577 2878 766 2935 πολλοὶ
793 2879 931 2936 διότι
959 2879 1020 2935 τὸ
1059 2880 1402 2954 κερασϐόλον
1432 2884 1753 2956 ἀτέραμνον
1852 2886 2025 2957 φορᾶς
2073 2883 2411 2955 κερασϐόλον
2467 2881 2564 2936 καὶ
2601 2879 2921 2951 ἀτεράμονα
2977 2877 3424 2950 προσηγόρευον.

167 2969 393 3040 γίνεται,
423 2970 633 3043 μήποτ’
662 2971 806 3042 ἄγαν
825 2970 1028 3042 ,εὔηθες
1161 2973 1527 3048 σκληρότερος
1566 2977 1676 3051 γὰρ
1715 2980 1744 3032 ό

1849 2978 2033 3049 Liquet
2087 2979 2252 3044 enim,
2306 2977 2372 3031 ab
2411 2975 2752 3048 Opinantibus
2811 2991 2876 3031 ea
2924 2974 3128 3029 semina
3195 2987 3315 3044 qua:
3352 2957 3428 3027 [in

167 3060 330 3128 λίθος,
369 3065 509 3138 πρὸς
549 3065 609 3120 ὃν
641 3066 899 3131 πολλάκις
933 3066 1274 3140 προσπίπτει
1300 3067 1368 3122 τὰ
1404 3068 1739 3142 σπέρματα·

1849 3070 2006 3126 boum
2049 3085 2260 3126 cornua
2309 3070 2607 3125 inciderunt
2647 3071 2880 3140 fructum
2927 3069 3080 3122 edere
3137 3066 3332 3120 durum
3377 3076 3429 3120 et

168 3154 267 3244 niti
293 3157 370 3230 μὴ
415 3158 732 3231 προσκόψῃ,
765 3158 903 3231 μηδὲ
951 3158 1138 3230 βουσὶν
1180 3159 1415 3233 ἀροτριᾷ
1450 3179 1557 3229 τις,
1587 3163 1744 3220 οὐδὲν

1849 3171 1998 3220 coetu
2052 3162 2340 3243 difﬁcilem,
2392 3162 2549 3235 fuisse
2588 3161 2717 3244 inde
2748 3159 3002 3236 vocabulo
3041 3157 3308 3214 translato
3332 3160 3430 3214 lto-

167 3242 326 3319 ἦττον
364 3251 682 3324 ἀτέραμνον
732 3253 963 3321 γίνεται.
1009 3251 1164 3318 Quod
1207 3256 1384 3310 autem
1413 3256 1567 3328 vulgo
1605 3259 1745 3337 dit-ia

1849 3261 2040 3316 minem
2092 3240 2440 3330 prefractum
2497 3263 2546 3310 et
2596 3240 2961 3331 contumacem
3011 3261 3326 3322 ateramona
3377 3257 3432 3305 et

169 3352 272 3413 tur,
297 3364 393 3402 cur
421 3365 588 3405 cornu
631 3357 931 3404 contactum
956 3350 1194 3406 incoctile
1213 3351 1275 3421 fit
1295 3350 1337 3406 ?-
1354 3351 1646 3409 videndum
1671 3373 1750 3410 att

168 3454 266 3494 non
293 3441 642 3502 reficiendum
667 3459 764 3507 pro
790 3460 927 3498 uano
952 3452 1004 3498 et
1034 3446 1313 3516 nugatoria
1348 3445 1518 3502 videri
1537 3448 1742 3506 debeat.

168 3528 362 3587 Durior
397 3535 594 3606 quippe
619 3551 779 3606 quam
811 3551 978 3590 cornu
1003 3535 1172 3610 695
1199 3546 1276 3592 est
1305 3536 1462 3610 lapis,
1499 3541 1555 3595 in
1587 3543 1745 3612 quem

167 3641 296 3694 sape
350 3628 617 3696 incidunt,
677 3628 804 3684 dum
851 3645 880 3682 ε
934 3645 1126 3684 manu:
1141 3630 1424 3699 iaciuntur
1448 3632 1504 3688 in
1541 3641 1744 3689 terram

169 3719 382 3774 semina.
427 3718 500 3774 Et
529 3720 787 3787 uidemus,
814 3738 931 3792 quis
967 3723 1038 3776 ad
1067 3731 1234 3778 cornu
1275 3740 1380 3779 non
1409 3719 1746 3798 offenderint,

170 3825 230 3862 ac
264 3828 326 3867 ne
351 3830 517 3883 opera
554 3815 766 3885 quidem
793 3818 947 3871 boum
977 3817 1041 3872 iis
1085 3815 1322 3874 serendis
1352 3819 1592 3876 adltibita
1626 3823 1747 3894 fue-

173 3902 259 3971 rit,
297 3908 646 3964 niltilominus
689 3909 970 3966 iucoctilia.
1011 3913 1182 3967 nasci.
1214 3911 1486 3969 Cancrum
1527 3930 1596 3972 ex
1639 3915 1747 3973 hoc

173 3997 540 4072 qualicunque
599 4001 816 4073 vulgari
875 4005 1025 4059 dicto
1067 4004 1180 4076 jam
1233 4005 1369 4084 .olim
1407 4006 1641 4065 invaluit
1686 4018 1748 4066 ut

175 4089 419 4153 homines
455 4094 797 4168 immorigeri
840 4105 897 4152 et
959 4097 1129 4153 ductu
1192 4099 1372 4169 legum
1415 4099 1748 4159 inﬂexibiles

176 4187 489 4256 κερασϐόλοι
520 4189 798 4247 dicantur.
820 4190 996 4252 Plato.
1031 4193 1169 4260 1.1x,
1200 4192 1272 4248 De
1309 4193 1511 4264 legibus
1535 4212 1569 4251 ει
1594 4196 1747 4251 Ἀνι-

180 4277 400 4352 μὲσητον
459 4282 526 4353 δὴ
562 4282 856 4352 φοϐεῖσθαι
909 4287 983 4357 μή
1033 4304 1115 4350 τις
1144 4287 1468 4359 ἐγγίγνηται
1499 4288 1610 4344 τῶν
1648 4307 1746 4344 πο-

188 4369 517 4446 λιτῶνήμῖν
549 4370 664 4429 οἷον
695 4375 1044 4448 κερασϐόλος,
1093 4377 1152 4442 ὃς
1204 4378 1503 4450 ἀτεράμων
1543 4380 1626 4444 είς
1660 4398 1744 4434 το·

196 4465 376 4526 σοῦτον
400 4468 564 4540 φύσει
602 4470 928 4541 γίγνοιτ’-ἂν
959 4470 1101 4526 ὥστε.
1135 4471 1210 4543 μὴ
1232 4471 1498 4542 τήκεσθαι
1529 4490 1544 4506 ·
1576 4476 1749 4531 καθά-

1845 3346 2156 3430 Ιιεηηὸοιοη
2212 3341 2434 3406 dictum.
2501 3349 2580 3405 lta
2644 3347 2994 3404 Plutarchus.
3056 3345 3195 3400 Vide
3253 3343 3425 3399 etiam

1845 3445 1966 3502 haec
1987 3444 2183 3500 eadem
2211 3442 2620 3500 .conllrmantes
2647 3439 2889 3496 Plinium
2921 3447 2978 3494 et
3003 3435 3270 3503 Suidam;
3297 3449 3427 3491 nam

1816 3537 2014 3593 ‘n‘obis
2048 3521 2492 3593 testimoniorum
2539 3532 2764 3591 abunde
2791 3534 2904 3604 jam
2934 3543 3042 3588 est.

1882 3661 1885 3663 -
1917 3628 2082 3703 695
2093 3627 2344 3707 κλοσός.
2373 3620 2569 3696 Ἐπιφε
2579 3625 2807 3698 ρόμενος
2821 3656 2893 3668 --
2909 3623 3136 3694 ἀδελφὺν
3151 3625 3217 3679 ὲν
3239 3622 3432 3696 κ’λοσῷ¹

1844 3739 1998 3794 —‘-p.
2047 3721 2279 3792 165.1ta
2335 3720 2500 3778 codd.
2555 3719 2600 3786 B
2666 3727 2723 3778 et
2787 3719 2854 3774 A.
2906 3718 3206 3775 Vaticanus
3247 3716 3430 3772 solum

1847 3816 2020 3872 habet
2049 3814 2458 3888 ἐπιφερόμενος
2493 3813 2742 3878 καὶτοὺς
2770 3811 3142 3881 κατακρίτους
3171 3810 3430 3881 δεσμίους

1847 3907 1941 3961 τὸν
1969 3905 2198 3976 ἀδελφὺν
2229 3905 2342 3960 -καὶ
2375 3903 2470 3958 τὸν
2524 3894 3042 3976 Στρατηγόπουλον,
3075 3916 3272 3958 vocem
3299 3900 3431 3956 κλο-

1848 4000 1971 4066 ῦοῦ,
2004 4007 2066 4055 ut
2104 3997 2320 4068 reliqua
2377 3997 2520 4054 solet
2566 4013 2691 4067 quae
2747 4013 2859 4053 non
2925 3995 3207 4066 intelligit,
3267 3994 3432 4050 omit-

1851 4106 2004 4160 tens;
2050 4083 2106 4149 in
2142 4083 2405 4163 quonon
2457 4091 2638 4148 solum
2692 4091 2910 4146 mutilat
2962 4090 3295 4167 sententiam
3332 4105 3433 4145 au-

1851 4185 2048 4255 ctoris,
2078 4185 2174 4242 sed
2211 4184 2518 4255 corrumpit
2548 4193 2606 4240 et
2640 4167 2926 4255 pervertit,
2956 4182 3162 4238 faciens
3196 4191 3255 4236 ut
3283 4180 3434 4236 aflir-

1851 4296 2003 4338 mare
2055 4280 2423 4351 Pachymeres
2471 4278 2747 4341 videatur,
2795 4278 2944 4348 quod
2981 4278 3168 4348 potius
3198 4292 3432 4347 apparet

1851 4377 2031 4448 ipsum
2061 4372 2310 4429 studiose
2335 4387 2539 4444 negare
2575 4370 2842 4435 voluisse,
2883 4386 3084 4440 nempe
3114 4368 3434 4426 Constanti-

1851 4487 1988 4526 num
2030 4467 2566 4542 Porphyrogenitum
2622 4481 2652 4520 a
2696 4465 2867 4520 l‘ratre
2907 4463 3153 4536 Augusto
3183 4463 3432 4519 vinctum

192 4577 289 4631 περ
316 4561 597 4620 ἐκεῖνα-τὰ
632 4563 924 4635 σπέρματα
951 4565 1108 4635 πυρὶ,
1141 4564 1325 4635 νόμοις
1354 4558 1502 4620 οὗτοι
1542 4569 1748 4641 καίπερ

1858 4564 2157 4620 abductum
2213 4578 2323 4617 non
2371 4559 2555 4614 minus
2588 4574 2753 4628 quam
2801 4557 3272 4627 Strategopulum,
3305 4572 3430 4612 cum

186 4649 625 4726 οὕτωςςῑσχυροῖς
675 4652 830 4708 οὖσιν
866 4654 1079 4710 ἄθικτοι
1132 4657 1454 4727 γίγνωνται.
1491 4655 1630 4726 Haec
1665 4660 1757 4715 Sic‘

187 4748 344 4802 vertit
373 4748 648 4805 Serranus
668 4765 691 4801 -:
727 4748 947 4804 Minime
976 4750 1368 4820 indignandum
1423 4759 1520 4816 est,
1570 4753 1616 4807 si
1660 4770 1750 4807 ve-

196 4855 396 4897 reamur
441 4861 506 4898 ne
543 4845 681 4915 quis
711 4843 903 4899 ciuium
946 4844 1021 4897 ita
1058 4845 1293 4914 projecta
1347 4845 1575 4902 audacia
1599 4837 1748 4902 nobis

195 4946 454 5004 nascatur,
489 4938 570 4996 vel
596 4955 761 4995 cornu
788 4936 1166 5005 minabundus,
1211 4944 1369 4992 atrox
1414 4939 1670 4993 nimirum
1699 4948 1748 4994 et

193 5026 341 5096 ferus,
369 5039 452 5087 ut
500 5031 655 5104 quasi
705 5029 976 5101 legumina
1027 5042 1178 5086 cocta
1217 5031 1494 5101 prwdura,
1546 5032 1624 5087 ita
1667 5031 1750 5088 illi
1780 5045 1788 5054 ‘

192 5117 309 5173 adeo
337 5121 594 5178 indomito
627 5123 735 5177 sint
762 5131 811 5175 et
842 5120 1159 5192 refractaria
1207 5123 1441 5192 ingenio,
1487 5131 1546 5175 ut
1593 5123 1746 5178 velte-

194 5214 622 5274 mentissimarum
670 5216 1262 5285 robustissimarumque
1292 5215 1631 5289 ‘legum'igne
1678 5217 1746 5272 li-

192 5301 391 5371 queﬁeri
423 5324 518 5364 nec
545 5307 852 5380 perdomari
892 5306 1116 5378 possint.
1159 5304 1238 5360 lta
1293 5303 1407 5360 ille.
1459 5305 1626 5376 Atqui
1656 5322 1747 5360 κε-

194 5397 435 5466 ρασϐόὶος
472 5419 582 5459 non
628 5402 777 5458 valet
831 5400 922 5458 hic
973 5416 1140 5455 cornu
1195 5400 1575 5456 minabundus.
1629 5401 1746 5471 Ego

191 5485 353 5545 locum
379 5493 456 5550 sic
481 5494 896 5566 lnterpretarer,
928 5492 1226 5566 judicium,
1267 5504 1389 5549 utra
1434 5493 1512 5548 sit"
1549 5493 1746 5549 melior

193 5583 374 5651 νει-δίο,
427 5604 584 5659 aequo
631 5597 689 5644 et
741 5587 916 5656 perito
968 5587 1160 5643 lectori
1224 5586 1555 5656 permittens
1591 5603 1604 5639 :
1635 5585 1743 5640 Nec

197 5680 572 5741 reprenensibile
622 5679 781 5749 fuerit
835 5681 1002 5734 vereri
1064 5696 1126 5733 ne
1156 5681 1280 5733 civis
1308 5679 1535 5733 exsistat
1592 5678 1744 5733 nobis

203 5767 443 5836 quispiam
482 5773 620 5837 velut
669 5790 832 5828 cornu
863 5784 1159 5837 contactus,
1189 5773 1280 5844 qui
1313 5789 1370 5826 eo
1403 5786 1563 5843 usque
1591 5771 1767 5824 inde;

207 5861 390 5919 mobilis
425 5873 675 5924 nascatur
700 5909 714 5936 ,
767 5877 824 5923 ut
866 5867 995 5923 sicut
1037 5865 1132 5920 illa
1168 5864 1222 5918 id
1265 5881 1424 5932 passa
1472 5864 1740 5930 lequmina

1856 4657 2004 4711 inter
2043 4671 2140 4710 eos
2175 4646 2473 4711 historicus
2502 4651 2799 4706 discrimen
2830 4649 3082 4704 habitum
3120 4658 3293 4720 ponat
3324 4649 3432 4705 bu-

1847 4749 2114 4820 jusmodi,
2138 4756 2202 4802 ut
2240 4737 2682 4815 'Strategopulus
2737 4740 2960 4813 quidem
2995 4740 3198 4812 ligatus
3233 4739 3432 4811 depor-

1855 4850 2002 4894 tatus
2062 4838 2268 4905 fuerit,
2308 4834 2717 4893 3Constantinus
2770 4848 2902 4888 vero
2953 4849 3053 4904 pro
3087 4820 3432 4890 ‘reverentia

1853 4925 2117 4987 natalium
2154 4931 2394 4987 vinculis
2425 4928 2649 5001 quidem
2703 4929 2968 5005 caruerit,
3024 4927 3120 4982 sed
3171 4925 3228 4981 in
3273 4937 3433 4998 septo

1851 5013 2144 5079 clathrato'
2181 5031 2277 5077 aut
2322 5035 2527 5084 cavea,
2576 5019 2727 5075 velut
2763 5033 2990 5074 carcere
3037 5017 3308 5089 portatili,
3356 5019 3432 5074 sit

1850 5126 2117 5188 gestatus.
2145 5114 2559 5171 Consideranda
2593 5113 2756 5170 nobis
2778 5113 3047 5183 deinceps
3066 5119 3150 5168 est
3175 5127 3286 5168 vox
3307 5111 3445 5175 xlo-_

1850 5213 1967 5280 ὅὸς,
2003 5227 2172 5283 quam
2201 5210 2294 5265 alii
2323 5210 2573 5273 κλουῦόν,
2601 5208 2694 5264 alii
2725 5207 2941 5262 κλωϐόν
2978 5206 3251 5262 scribunt.
3292 5206 3429 5262 Eam
3458 5199 3460 5201 ’

1850 5311 1998 5358 recte
2024 5282 2417 5371 interpretatur
2444 5301 2532 5355 hic
2556 5307 2750 5354 noster
2768 5298 2992 5368 εἱρκτὴν
3011 5285 3281 5369 φορητὴν,
3309 5282 3448 5350 ιαμ

1850 5411 2018 5448 cet-em
2065 5391 2396 5462 portatitem.
2430 5390 2722 5445 deﬁniens.
2781 5386 2875 5442 Est
2927 5389 3099 5455 enim,
3125 5395 3188 5442 ut
3232 5386 3430 5458 glossae

1847 5497 2066 5542 veteres
2099 5487 2319 5550 docent,
2357 5483 2564 5546 κλωὸὸς
2593 5497 2790 5545 cavea;
2827 5479 2972 5534 unde
3021 5488 3106 5536 est
3139 5479 3431 5534 diminuti-

1847 5595 1976 5634 vum
2007 5579 2238 5631 κλωὸίον
2271 5579 2608 5634 recensitum
2646 5591 2675 5628 a
2707 5573 3011 5628 scholiaste
3058 5571 3293 5643 Oppiani
3339 5571 3429 5626 in-

1851 5681 1935 5727 ter
2016 5671 2387 5725 instrumenta
2480 5668 2797 5738 piscatoria.
2876 5667 3045 5738 Igitur
3108 5666 3428 5721 vehiculum

1847 5765 2120 5835 quoddam
2157 5774 2251 5818 aut
2280 5764 2474 5819 cellam
2499 5762 2587 5818 vel
2632 5762 2882 5818 lecticam
2930 5760 3286 5832 gestatoriam
3317 5760 3429 5815 cla-

1849 5859 2089 5912 thratatn
2124 5857 2216 5914 hic
2261 5858 2562 5932 signiﬁcari
2607 5857 2874 5913 vocabulo
2927 5853 3128 5910 κλοσοῦ
3178 5859 3433 5925 apparet,
