4012 6236
264 340 378 404 757

1627 333 2147 407 GLOSSARIUM’.

3426 336 3532 407 758

258 460 374 512 vol.
439 457 480 522 ί.
527 473 581 529 p.
639 457 765 524 489.
819 459 1262 535 Pachymerern,
1311 459 1454 517 licet
1503 459 1625 528 ejus
1675 454 1846 516 libra—

1956 459 2136 530 χεῖρας
2174 455 2502 530 προσφέρων
2541 455 2632 513 διὰ
2681 457 2778 530 τῆς
2825 453 2910 530 [Ρ.
2970 454 3100 530 492]
3151 455 3404 527 θυρίδος,
3432 458 3534 512 καὶ

259 553 357 616 rii,
395 553 650 610 codicum
700 569 850 626 quos
896 556 1142 613 vidimus
1194 552 1590 627 descriptores,
1641 551 1704 612 in
1727 555 1864 628 eius

253 646 764 718 scriptura‘verbi
809 649 1020 707 leviter'
1060 651 1397 718 erraverint,
1448 651 1687 716 κόκκους
1750 663 1852 722 pro

257 741 503 806 καίκους
563 751 660 799 aut
710 742 938 810 ῖκοίκους
981 745 1342 802 scribentes.
1401 739 1638 816 Reperio
1705 736 1852 816 apud

256 829 606 906 Hesychium
642 836 868 902 καίλους
907 839 1176 911 οὐρανοὺς
1216 837 1519 910 Ῥωμαῖον
1560 855 1631 894 an
1673 839 1862 909 magis.

254 925 472 1003 mirum
517 927 674 984 delos
716 943 908 987 vocem
965 928 1213 987 Latinam
1268 946 1300 986 a
1335 929 1545 987 Graecis
1600 927 1679 986 ad
1705 927 1852 986 idem

252 1015 417 1086 quod
479 1018 725 1075 Romane
785 1025 947 1077 sonat
1005 1019 1425 1094 signiﬁcandum
1487 1029 1864 1093 usurpatam,

247 1119 434 1190 quam
489 1112 691 1167 καίκον
736 1111 807 1170 ab
850 1111 1050 1172 iisdem
1079 1116 1290 1172 dictum
1323 1116 1548 1186 τυφλόν,
1584 1110 1865 1187 quoniam-

251 1201 343 1258 sie
397 1203 582 1260 Latini
634 1209 873 1263 vocant?
925 1209 996 1265 Et
1057 1206 1153 1265 hic
1195 1210 1364 1265 etiam
1427 1219 1556 1265 nota
1613 1208 1849 1266 abusum

251 1297 609 1383 scriptionis.
641 1301 774 1357 dum
805 1302 994 1357 καῐλον
1025 1316 1287 1375 tanquam
1333 1319 1402 1360 ex
1433 1304 1628 1361 Latino
1663 1305 1852 1361 cwlum

247 1387 461 1450 Graece
502 1393 804 1464 scribitur,
836 1399 985 1469 quod
1035 1399 1266 1456 omnino
1301 1397 1472 1455 scribi
1524 1398 1719 1455 debuit
1746 1393 1868 1454 La~

247 1483 384 1541 tine
441 1488 651 1546 caelum.
693 1490 789 1547 Est
835 1494 986 1548 enim
1038 1492 1334 1549 manifeste
1365 1507 1397 1548 a
1427 1492 1616 1549 Graec
1648 1488 1847 1557 κοῖλον,

248 1595 486 1650 cavum;
528 1592 590 1639 ut
640 1584 825 1663 minus
859 1593 913 1642 te
950 1594 1195 1655 moveat,
1224 1587 1294 1653 si,
1323 1584 1472 1660 quod
1509 1586 1848 1652 monuimus,

247 1668 610 1733 incubuerit
653 1691 788 1732 usus
832 1677 1121 1734 scribendi
1161 1689 1351 1745 meus,
1382 1688 1510 1735 eum
1547 1675 1856 1735 sitrectius-

247 1779 452 1824 cacus.

1952 553 2082 618 τοὺς
2115 553 2380 624 ἀδελφοὺς
2431 552 2673 610 τύπτων.
2735 551 2909 611 Paulo
2962 561 3090 624 poSt
3140 552 3308 625 hujus
3334 546 3524 608 cellam

1953 647 2166 704 inducit
2200 646 2596 703 lamentantem
2627 645 2700 704 ob
2729 644 3130 702 immanitatem
3164 655 3221 702 et
3259 646 3525 702 acerbita-

1953 738 2206 799 tem't‘eri
2261 741 2447 815 huius,
2483 755 2649 813 quem
2698 740 2850 797 velut
2908 740 2964 796 in
3007 726 3224 796 vivario
3280 741 3530 797 clausum

1953 836 2248 894 detineret.
2278 835 2491 894 Deinde
2542 836 2726 906 ipsum
2779 835 2982 892 aﬂatur
3011 855 3029 891 ε
3061 830 3200 890 Εἰπέ
3255 854 3366 908 μοι,
3426 853 3531 890 πα·

1956 928 2205 1004 ρακαλῶ,
2235 931 2291 986 τί
2316 922 2697 1001 ’κεκέρδακας,
2726 920 2806 1002 τῷ
2841 924 3531 1003 οίκιδίῳ’κατακ).εισϐείς;

1952 1019 2048 1076 Dic
2079 1024 2225 1089 mihi,
2262 1021 2454 1077 amabo
2487 1033 2555 1091 te,
2590 1023 2718 1096 quid
2753 1022 2992 1079 lucratus
3024 1039 3101 1088 es,
3127 1022 3449 1078 domuncula
3486 1032 3536 1076 te

1953 1116 2229 1172 includens
2249 1117 2284 1171 ?’
2312 1116 2365 1169 τί
2397 1115 2618 1189 ὤνησας
2648 1119 2750 1189 τὴν
2800 1115 2999 1174 σαυτοῦ
3033 1115 3212 1189 ψυχὴν
3232 1157 3247 1181 ,
3284 1116 3395 1181 τοῖς
3429 1134 3536 1171 τοι·

1952 1209 2167 1281 χαρίοις
2198 1209 2261 1262 τὸ
2304 1209 2479 1282 σῶμα.
2518 1200 2926 1283 ἐγκεκρυςώςς
2955 1209 3084 1281 quid
3116 1209 3369 1280 profuisti
3415 1211 3536 1264 ani-

1953 1320 2056 1360 mo:
2095 1310 2224 1369 tua,
2256 1319 2445 1375 corpus
2496 1313 2646 1358 tuum
2692 1305 2836 1360 intra
2873 1319 3052 1359 muros
3101 1312 3277 1359 arctos
3314 1306 3532 1359 abscon-

1951 1396 2118 1451 dens?
2150 1394 2276 1452 Haec
2308 1395 2541 1472 dubium
2582 1411 2696 1451 non
2744 1396 3067 1468 relinquunt
3100 1397 3234 1466 quin
3269 1397 3386 1452 haec
3419 1401 3536 1467 epi-

1953 1491 2100 1546 stola
2150 1489 2418 1561 inseripta
2469 1489 2637 1545 fuerit
2700 1488 3017 1547 Philumena
3081 1488 3316 1544 Inclusa.
3366 1491 3534 1545 Porro

1951 1598 2316 1658 permagnum
2368 1586 2483 1658 jam
2537 1584 2674 1640 olim
2733 1584 2878 1640 inter
2935 1581 3540 1655 Grzscos‘Byzantinos

1952 1671 2124 1736 fuisse
2157 1695 2452 1735 numerum
2497 1679 2732 1735 istorum
2791 1678 2950 1735 cellis
2993 1677 3364 1745 inclusorum,
3407 1677 3537 1736 inde

1881 1771 2319 1875 B,lntelligimus
2366 1775 2515 1846 quod
2558 1789 2873 1848 anonymus
2912 1772 3152 1859 scriptor
3181 1773 3306 1829 vita:
3335 1781 3540 1831 sanctae

325 1858 870 1930 Κουσουκλείσιος,
918 1873 1040 1936 pag.
1073 1863 1202 1921 480.
1230 1865 1359 1937 Agit
1406 1869 1473 1922 de
1513 1870 1721 1924 honore
1752 1869 1852 1924 ba-
1884 1855 1928 1875 ⁵’
1957 1867 2142 1925 Mari:
2161 1867 2402 1940 junioris
2453 1867 2509 1924 in
2551 1864 2729 1926 Vatie.
2776 1869 2900 1925 cod.
2923 1855 2928 1859 ’
2951 1869 3082 1938 800,
3121 1869 3216 1940 qui
3245 1881 3305 1926 se
3335 1867 3538 1924 vixisse

248 1945 385 2005 bito
407 1953 631 2022 corpori
687 1962 812 2023 post
862 1955 1088 2030 longum
1142 1967 1365 2026 tempus
1405 1957 1736 2029 incorrupto
1763 1974 1854 2014 re-

249 2048 428 2108 perto
496 2042 785 2114 cujusdam
845 2045 1142 2114 monachi,
1183 2055 1348 2117 quem
1407 2047 1857 2105 κουσουκλείσιον

249 2131 562 2200 dicit.-boc
595 2146 704 2206 est,
735 2149 806 2195 ex
849 2155 919 2195 eo
949 2152 1152 2212 genere
1178 2141 1275 2213 qui
1304 2139 1691 2213 exquisitioris
1725 2143 1853 2200 reli-

249 2225 444 2296 gionis
469 2245 636 2286 causa
666 2241 939 2302 perpetuo
978 2230 1178 2290 inclusi
1224 2231 1360 2290 cella
1409 2235 1805 2306 permanebant
1833 2253 1860 2304 εί

251 2321 512 2390 qualium
561 2336 687 2380 cum
743 2325 817 2382 sit
861 2326 1201 2385 creberrima
1248 2324 1304 2385 iu
1341 2331 1739 2388 ecclesiasticis
1766 2332 1857 2389 hi-

250 2417 456 2474 storiis
513 2422 722 2476 mentio
752 2462 767 2486 ,
813 2417 1144 2480 lucrifacere
1196 2437 1424 2496 operam
1470 2439 1696 2498 possum
1753 2427 1854 2486 de-

253 2511 611 2566 monstrandi
655 2513 795 2568 tales
847 2514 1128 2571 exstitisse
1170 2516 1442 2589 exemplis
1492 2533 1616 2592 qute
1645 2516 1865 2593 passim-

251 2612 628 2659 occurrerent
667 2604 1022 2677 colligendis.
1080 2603 1320 2664 Tantum
1369 2609 1534 2676 dico,
1584 2621 1726 2681 quos
1768 2610 1853 2668 ln-

254 2693 450 2750 clusos
484 2695 668 2754 Latini
713 2707 942 2764 vocant,
1002 2700 1096 2756 hic
1146 2718 1178 2758 α
1229 2702 1571 2776 Pachymere
1618 2706 1856 2766 κουϐουο

253 2785 548 2876 κλείσίους
580 2783 713 2855 dici,
747 2793 908 2863 quasi
938 2791 1162 2852 clausos
1212 2796 1520 2855 cubiculo:
1559 2811 1686 2856 nam
1718 2813 1853 2856 κου-

252 2878 552 2936 6ουκλεῐον
574 2881 754 2940 Graeci
816 2888 1180 2957 posteriores.
1215 2903 1353 2947 voce
1387 2906 1416 2946 a
1469 2884 1684 2948 Latinis
1734 2904 1858 2948 mn-

255 2977 441 3039 tuata,
473 2973 772 3034 cubiculum
805 2979 1179 3050 appellarunt,
1202 2991 1262 3036 ut
1293 2983 1503 3038 dudum
1536 2983 1855 3042 observavit

253 3065 561 3125 Meursius.
596 3069 837 3128 Eosdem
887 3073 1241 3143 ὲγκλείστους
1300 3065 1614 3156 nominatos
1653 3076 1852 3136 intelli-

1950 1960 2170 2019 lndicat
2193 1961 2297 2019 sub
2325 1957 2529 2019 Basilio
2563 1960 2888 2030 Macedone,
2914 1964 3063 2019 circa
3091 1963 3299 2020 Christi
3332 1978 3541 2042 annum

1957 2052 2086 2123 875,
2121 2056 2176 2112 in
2204 2054 2344 2112 duas
2377 2055 2538 2128 quasi
2570 2057 2896 2113 notissimas
2941 2065 2995 2113 et
3047 2055 3300 2128 copiosas
3330 2055 3562 2129 species"

1959 2151 2357 2207 monachorum
2427 2165 2608 2224 genus
2662 2150 2988 2206 universum
3055 2149 3289 2212 dividat.
3331 2149 3412 2205 sic
3472 2149 3542 2205 de

1957 2255 2149 2305 saneta
2182 2241 2352 2301 Maria
2392 2241 2638 2318 iuniore
2664 2244 2918 2302 scribens
2958 2261 2972 2298 :
3012 2238 3306 2319 Μοναχοϊς,
3337 2245 3450 2310 τοῖς
3480 2261 3540 2298 τε

1956 2341 2014 2394 ὲν
2043 2337 2330 2412 σπηλαίοις
2357 2339 2450 2395 καὶ
2479 2341 2596 2405 τοῖς
2619 2339 2682 2394 ὲν
2709 2339 2980 2404 οἰκίσκοις
3011 2339 3237 2402 ἑαυτοὺς
3263 2339 3549 2408 ὲγκλείου·

1957 2450 2063 2498 σιν,
2098 2435 2356 2507 ἐχορήγει
2386 2433 2456 2492 τὰ
2507 2434 2648 2507 πρὸς
2685 2434 2790 2506 τὴν
2827 2434 3047 2507 χρείαν.
3111 2431 3400 2500 Monac-Itis,
3431 2437 3544 2490 sies

1954 2527 2011 2582 in
2031 2519 2296 2599 speluncis
2329 2528 2438 2584 sive
2466 2527 2521 2583 in
2548 2524 2887 2584 dom'unculis
2942 2542 3017 2589 ω,
3047 2527 3192 2598 ipsos
3221 2518 3544 2582 inludenti-

1953 2620 2071 2700 lms,
2107 2632 2227 2693 qua!
2258 2633 2388 2692 opus
2431 2632 2585 2678 erant
2617 2621 2904 2694 prwbebat.
2937 2618 3055 2678 Huc
3087 2619 3382 2692 lacitquod
3413 2637 3543 2678 san-

1954 2726 2078 2770 ctus
2107 2713 2437 2771 Theodorus
2479 2713 2700 2770 Studita
2759 2714 2830 2770 de
2877 2712 2936 2771 S.
2989 2714 3219 2771 Platone
3269 2709 3547 2769 monacho

1955 2806 2012 2862 in
2056 2809 2188 2884 ejus.
2247 2807 2586 2880 pereleganti
2645 2806 2914 2873 Oratione
2966 2805 3233 2872 funebri.
3291 2794 3538 2861 nondum

1953 2894 2129 2966 edita,
2163 2900 2268 2956 sub
2307 2899 2468 2957 linem
2515 2900 2755 2958 scribit:
2792 2896 2932 2956 Μεθ’
2965 2893 3296 2972 ἠσυχαστῶν
3335 2900 3544 2970 ἡσυχα-

1956 2996 2091 3068 στὴς
2141 2989 2408 3066 ἔννομος,
2474 2994 2615 3066 μετὰ
2679 2989 3018 3066 καθηγητῶν
3068 2991 3390 3067 καθηγητὴς
3452 2993 3543 3048 εν.

1957 3087 2180 3164 θεσμος,
2217 3088 2335 3158 μετ’
2369 3086 2707 3158 ἐγκλιιστῶν
2735 3084 2797 3143 οὐ
2835 3087 3003 3159 μόνον
3031 3087 3370 3157 ἐγκλειστὸς,
3402 3087 3542 3143 ἀλλὰ

255 3161 448 3230 gimus
476 3177 544 3219 ex
571 3164 805 3234 epistola
843 3167 1017 3226 sancti
1072 3168 1292 3228 abbatis
1348 3170 1480 3238 Nili,
1508 3174 1551 3231 1.
1585 3191 1644 3237 η.
1674 3176 1764 3239 96,
1796 3175 1852 3232 in

1960 3161 2490 3251 καῖὐποτακτήτης,
2520 3179 2552 3235 ὃ
2576 3179 2677 3236 καὶ
2708 3177 3032 3250 σεϐάσμιον.
3072 3177 3181 3237 Ubi
3212 3175 3360 3236 clare
3387 3179 3543 3236 vides

255 3254 516 3312 editione
546 3266 758 3328 nupera
808 3260 1014 3318 Leonis
1068 3263 1252 3320 Aliatii
1306 3265 1401 3319 τοῦ
1437 3267 1601 3326 πάνυ.
1652 3269 1729 3324 Ea
1768 3270 1856 3326 in-

257 3343 531 3416 scribito;
564 3352 984 3426 ΦΙΛΟΥΜΕΝῼ
1045 3358 1437 3429 ΕΓΚΛΙΣΤῼ.
1477 3361 1557 3415 lta
1604 3359 1853 3432 oportuit

257 3436 316 3495 in
341 3451 462 3496 tus.
487 3441 787 3516 archetypo
816 3445 946 3517 legi,
989 3448 1100 3504 nisi
1149 3461 1312 3518 error
1353 3462 1439 3508 est
1474 3455 1804 3526 typographi
1835 3475 1849 3512 :

258 3534 357 3587 sed
411 3531 595 3590 ausim
629 3537 828 3608 quovis
877 3539 1110 3608 pignore
1158 3544 1500 3602 contendere
1541 3547 1850 3623 ἐγκλείστῳ

259 3627 537 3700 scriptam
585 3641 617 3686 a
675 3627 824 3688 Nilo.
867 3633 1004 3705 Agit
1055 3638 1206 3691 enim
1246 3639 1542 3697 Manifeste
1592 3658 1719 3698 cum
1757 3640 1859 3700 bos

261 3722 438 3790 mine,
470 3723 561 3794 qui
593 3733 791 3795 sponte
823 3726 1073 3786 inclusus
1093 3730 1352 3803 degeret;
1382 3749 1546 3805 quem
1586 3746 1642 3793 et
1671 3740 1856 3809 arguit

263 3815 417 3884 quod
458 3827 650 3894 parum
679 3829 1052 3878 consentanee
1105 3824 1201 3879 tali
1248 3825 1582 3896 professioni
1616 3829 1851 3887 viveret.

261 3907 587 3967 Describam
611 3921 826 3968 tantum
870 3910 1040 3987 698
1071 3917 1240 3973 verba
1276 3920 1706 3994 quaedam-quae
1746 3921 1855 3981 hoc

265 4008 565 4064 evidenter
596 4007 853 4078 probant.
881 4011 974 4068 Sic
1010 4012 1205 4085 incipit
1233 4034 1250 4072 :
1283 4011 1424 4086 Εὖγε
1443 4018 1552 4072 τῶν
1570 4019 1856 4092 ὑμετέρων

263 4100 410 4156 κατὰ
458 4101 559 4173 τὴν
603 4099 954 4175 ἀναχώρησιν
1032 4105 1471 4177 ἀριστευμάτων.
1550 4109 1693 4179 Εὖγε
1744 4111 1855 4165 τῶν

268 4191 561 4264 spe-stipula
622 4193 746 4254 κατ’
774 4196 980 4268 ἀρετὴν
1041 4199 1340 4270 τροπαίων.
1391 4201 1698 4275 ’Υπέρευγε
1753 4206 1854 4276 τῆς

268 4283 546 4356 ὑμετέρας
576 4285 722 4341 κατὰ
752 4287 846 4342 τὸν
895 4286 1224 4361 ιγκλιισμδν
1265 4291 1501 4362 ματαίας
1547 4297 1639 4349 καὶ
1669 4315 1856 4366 σκηνιο

267 4378 370 4451 κῆς
395 4380 495 4434 καὶ
521 4383 1121 4456 κατεσχηματισμινης
1153 4383 1450 4456 διαγωγῆς.
1481 4386 1647 4445 Vides
1680 4390 1734 4446 in
1768 4393 1855 4449 Itis

267 4472 477 4528 claram
508 4473 851 4531 mentionem
869 4474 1302 4550 ἀναχωρήσεως,
1333 4482 1636 4538 secessionis
1657 4502 1691 4539 ιι
1727 4503 1853 4541 con-

266 4582 451 4638 gressu
499 4568 798 4636 hominum,
822 4581 877 4627 et
913 4569 1197 4642 διαγωγῆς
1230 4574 1353 4627 κατ’
1377 4575 1732 4646 ιγκλεισμόν,
1765 4581 1848 4636 in-

268 4665 444 4720 stituti
474 4666 596 4721 vita:
621 4666 768 4721 intra
811 4667 1126 4725 clausuram
1176 4683 1232 4725 se
1271 4673 1612 4728 continentis.
1651 4673 1859 4746 Obiur-

271 4773 360 4831 gat
386 4773 576 4819 autem
617 4763 767 4820 hunc
804 4762 953 4836 quod
985 4782 1052 4822 ex
1102 4763 1388 4823 ienesteila
1422 4769 1665 4826 cubiculi
1700 4771 1852 4829 intra

273 4857 423 4920 quod
444 4857 666 4913 clausus
692 4858 951 4923 durabat,
975 4869 1031 4914 e‘t
1055 4871 1209 4916 trans
1231 4861 1474 4917 obducta
1509 4863 1590 4919 illi
1623 4867 1855 4934 clathra,

273 4951 606 5007 audiebatur
649 4953 1009 5024 cupidissime
1044 4964 1108 5010 ac
1139 4956 1535 5027 loquacissime
1567 4961 1859 5031 negotians

274 5041 345 5099 do
385 5047 754 5113 tumultuans,
798 5049 934 5118 quin
955 5057 1010 5104 et
1035 5043 1303 5106 iracunde
1327 5053 1669 5118 convicians,
1717 5067 1861 5110 non-

274 5153 553 5210 nunquam
588 5156 787 5197 manus
818 5154 917 5213 per
947 5152 1130 5199 crates
1173 5142 1245 5198 ad
1287 5144 1593 5215 pulsandos
1640 5148 1862 5207 rabiose

275 5230 468 5289 obvios
517 5233 816 5301 emittens,
876 5241 936 5290 ut
983 5246 1150 5294 ursus
1199 5251 1230 5293 e
1269 5253 1458 5295 cavea.
1515 5241 1694 5298 Verba
1743 5244 1861 5302 haec

277 5339 402 5386 sunt
449 5331 622 5387 εΤῶν
667 5333 730 5387 ἐν
785 5335 854 5405 τῇ
906 5331 1082 5406 ἀγορᾷ
1123 5333 1342 5407 Θερμῶς
1376 5337 1859 5412 ἔμπορευομὲνων,

278 5423 370 5478 καὶ
409 5423 523 5480 τῶν
557 5425 656 5491 τὰς
688 5425 888 5497 μυρίας
926 5425 1082 5491 δίκας
1122 5430 1214 5482 καὶ
1261 5429 1360 5493 τὰς
1408 5432 1660 5498 ποικίλας
1702 5433 1862 5504 λογο-

286 5517 480 5589 μαχίας
537 5520 596 5573 iv
655 5520 1012 5592 π’ραιτωρίοις
1065 5521 1412 5591 πλεκόντων,
1477 5525 1630 5580 οὐδὲν
1683 5527 1862 5592 δοκεῖς

281 5601 633 5674 διαλλάττειν,
654 5611 1041 5682 πραγματείας
1065 5615 1328 5679 παντοίας
1348 5615 1602 5683 ἐπινοῶν,
1632 5619 1860 5690 κράζων

290 5700 599 5774 μετ’ὀργῆς
631 5703 727 5756 καὶ
771 5704 1011 5777 βρύχων,
1063 5708 1173 5762 ἀπὸ
1218 5711 1317 5780 τῆς
1372 5708 1687 5782 γαλεάγρας
1732 5712 1864 5766 καθ-

289 5791 522 5863 υσιρίζων
550 5795 647 5849 καὶ
681 5801 949 5852 σκώπτων
978 5800 1069 5853 καὶ
1102 5799 1380 5871 λοιδορῶν,
1411 5803 1860 5878 διαμεμφόμενος

288 5887 403 5954 τὼς
457 5893 1013 5964 παρατυγχάνοντας.
1052 5891 1162 5948 ἔσθ’
1196 5895 1283 5948 ὅτε
1325 5895 1381 5949 δὲ
1430 5899 1525 5952 καὶ
1571 5898 1669 5963 τὰς
1724 5901 1860 5967 ἰδίας

1956 3274 2106 3330 inter
2137 3274 2353 3345 species
2398 3273 2801 3332 monachorum
2848 3270 3202 3344 ὲγκλειστοῦς
3231 3275 3538 3331 recenseri.

1955 3367 2014 3424 in
2063 3383 2178 3438 quo
2218 3377 2274 3425 et
2336 3368 2524 3424 obiter
2592 3367 2841 3424 notanda
2902 3363 3020 3425 toni
3072 3363 3407 3435 diversitas,
3469 3367 3539 3423 ad

1953 3478 2119 3535 quam
2152 3471 2212 3518 ut
2256 3462 2697 3520 emendatiorem
2729 3461 2928 3536 reﬁngi
2963 3462 3218 3520 volumus
3250 3465 3371 3518 eam
3422 3463 3534 3535 qua

1955 3573 2151 3614 sumus
2192 3558 2299 3626 nsi,
2325 3557 2642 3629 ἐγκλειστον
2673 3574 2802 3631 cum
2833 3559 2996 3617 acuto
3018 3557 3074 3616 in
3105 3558 3544 3631 antepenultima

1954 3651 2272 3710 scribendo.

2029 3747 2430 3816 Κουμούνιον,
2486 3761 2613 3819 pag.
2671 3740 2800 3805 539.
2878 3741 3008 3805 Scio
3039 3763 3234 3806 vocem
3290 3765 3538 3814 κουμου-

1957 3840 2074 3894 νίου
2140 3840 2400 3914 usurpari
2456 3841 2533 3914 in
2591 3836 2832 3899 concilio
2908 3834 3228 3899 Florentino
3312 3858 3414 3912 pro
3472 3844 3540 3899 eo

1956 3934 2104 4007 quod
2154 3935 2364 3992 Gallice
2415 3932 2621 3993 dicitur
2674 3937 3082 4004 communauté,
3118 3952 3329 3993 sonans
3388 3953 3541 3992 com-

1956 4030 2271 4102 plexiouem
2299 4031 2551 4087 omnium
2582 4027 2845 4087 ordinum
2867 4047 2932 4088 ac
2961 4030 3168 4088 civium
3195 4029 3346 4086 urbis
3374 4031 3542 4101 699

1957 4139 2023 4181 ac
2063 4124 2385 4196 reipublicae
2419 4125 2688 4195 cujusvis.
2739 4125 2942 4192 Quales
2988 4124 3348 4181 eoiiectiones
3415 4127 3542 4185 uni-

1957 4235 2129 4276 versae
2153 4235 2278 4274 cum
2331 4229 2611 4291 nequeant
2659 4218 2824 4276 simul
2868 4219 3209 4276 intervenire
3252 4220 3544 4276 conventi-

1957 4313 2086 4378 bus,
2131 4323 2316 4370 certos
2357 4313 2612 4370 homines
2657 4296 2939 4370 destinant
2968 4315 3066 4384 qui
3113 4312 3240 4370 loco
3289 4311 3541 4384 ipsarum

1959 4399 2161 4464 adsint.
2201 4407 2271 4464 Et
2298 4408 2355 4462 hi
2387 4417 2660 4464 vocantur
2686 4407 2742 4462 in
2770 4409 2912 4465 actis
2939 4406 3189 4464 Florent.
3221 4407 3421 4481 synodi
3449 4425 3543 4462 το-

1962 4505 2274 4574 ποτηρηταὶ
2306 4501 2416 4557 τῶν
2449 4501 2817 4573 κουμουνίων.
2848 4499 2965 4558 Hoc
2993 4501 3117 4557 loco
3151 4517 3217 4557 ea
3249 4518 3354 4557 vox
3391 4502 3544 4558 video

1963 4604 2055 4652 tur
2107 4596 2423 4669 signiﬁcare
2459 4605 2668 4652 eertum
2703 4612 2999 4653 numerum
3027 4596 3302 4652 lectorum
3345 4595 3547 4652 suﬂ'ra-

1959 4691 2064 4763 giis
2095 4690 2288 4762 populi
2345 4690 2815 4758 consiliariorum,
2868 4690 2964 4762 qui
2997 4691 3321 4762 praescripto
3366 4692 3544 4761 spatio

1961 4785 2229 4854 temporis
2288 4798 2528 4855 praeesse
2587 4779 2840 4855 regimini
2897 4782 3220 4860 reipublicae
3274 4783 3537 4840 debeant.

1959 4879 2050 4935 Ait
2081 4880 2231 4936 enim
2273 4887 2460 4934 noster
2503 4878 2883 4934 Andronicum
2918 4876 3191 4934 oﬂ'ensum
3230 4875 3542 4936 Genuensi-

1960 4975 2064 5030 bus
2090 4976 2234 5046 quod
2270 4974 2308 5030 il
2334 4974 2629 5044 quemdam
2672 4973 2814 5031 male
2848 4967 3197 5030 multandum
3230 4981 3540 5036 curassent.

1961 5064 2265 5124 exclusisse
2319 5067 2469 5137 ipsos
2514 5067 2676 5129 urbe.
2721 5066 3043 5137 versarique
3075 5068 3300 5123 solitum
3334 5067 3389 5123 in
3420 5067 3545 5138 ejus

1961 5158 2225 5213 comitatu
2270 5156 2506 5231 legatum
2558 5158 2855 5229 quemdam
2903 5168 2999 5215 aut
3030 5158 3410 5231 magistratum
3441 5177 3540 5217 eo-

1961 5263 2082 5306 rum
2139 5264 2169 5303 a
2222 5235 2521 5320 conspectu
2576 5251 2874 5317 amovisse,
2915 5251 2988 5307 de
3021 5249 3164 5308 iacto
3195 5261 3378 5309 tamen
3419 5251 3545 5324 ipso

1963 5342 2208 5398 nondum
2261 5342 2561 5414 iudicando
2622 5355 2718 5399 aut
2766 5343 3007 5416 iudicari
3070 5361 3171 5417 per
3217 5345 3544 5403 Genuenses

1962 5435 2315 5506 postulando,
2352 5435 2499 5504 quod
2549 5436 2670 5506 ejus
2705 5434 2980 5505 judicium
3027 5444 3344 5491 reservaret
3393 5451 3540 5493 novo

1959 5529 2280 5593 communio,
2333 5526 2438 5582 hoc
2477 5536 2562 5584 est
2601 5528 2836 5598 collegio
2876 5529 3295 5597 magistratuum
3327 5529 3541 5589 delecto

1962 5620 2029 5674 ad
2056 5619 2345 5691 regiminis
2382 5620 2945 5677 administrationem.
2979 5621 3298 5679 istiusmodi
3331 5624 3537 5694 quippe

1963 5729 2170 5770 novum
2215 5713 2511 5769 concilium
2549 5726 2646 5770 aut
2682 5717 2973 5787 collegium
3022 5718 3410 5788 praefectorum
3453 5732 3542 5773 re-

1964 5807 2154 5880 gimini
2198 5807 2310 5878 jam
2355 5809 2702 5880 designatum
2759 5826 2885 5866 mox
2928 5811 3195 5867 initurum
3240 5812 3541 5884 possessio-

1963 5916 2088 5959 nem
2130 5903 2554 5979 gubernationis
2597 5921 2794 5967 rerttm
2827 5905 3113 5968 audiebat.
