4012 6236
477 252 584 322 ’159

1394 257 1451 323 Ρ.
1501 258 1767 321 POSSlN
1778 260 1802 320 Ι
1841 259 2499 325 OBSERVATIONUM
2538 262 2687 324 LIB.
2729 262 2783 325 Ι.

3638 256 3765 321 ἰϐο

553 368 916 438 Κτητορικὸν
944 368 1199 429 δίκαιον.
1258 384 1313 438 p.
1374 370 1493 426 l93.
1530 370 1655 442 Agit
1703 370 1772 426 de
1821 385 2053 440 c0rpore

2160 369 2391 428 Proclus
2419 371 2560 427 alter
2585 369 2933 435 scboliastes,
2970 353 3126 426 varia
3153 368 3443 443 disputans
3477 368 3556 424 de
3582 383 3760 423 voca-

477 463 883 533 protovestiarii
950 462 1427 533 Constantinopoli
1482 464 1709 528 mortui,
1760 466 1907 534 quod
1972 464 2051 519 ait

477 568 754 627 portatum
786 557 1047 622 NEca-atn,
1079 558 1206 627 quia
1246 559 1340 629 jus
1395 557 1470 611 ibi
1521 558 1822 626 sepulturae
1877 559 1923 612 is
1957 558 2054 611 ha-

478 651 634 703 beret
657 648 825 703 dotali
860 648 1073 702 ratione
1100 656 1342 716 partum,
1372 663 1545 702 uxore
1578 647 1751 716 ipsius
1788 656 2053 715 patrona-

475 752 592 794 tum
642 741 697 794 in
739 738 790 794 id
828 740 1221 794 monasterium
1268 740 1579 802 obtinente,
1628 740 1772 810 quod
1812 739 2052 807 majores

473 828 685 885 scilicet
720 829 847 901 ejus'
894 841 989 884 aut
1025 829 1141 900 ipsa
1167 839 1340 885 totum
1393 830 1475 885 vel
1524 847 1591 885 ex
1641 841 1795 899 parte
1826 830 2053 885 fundas-

473 930 616 976 sent.
657 920 771 977 Hoc
799 922 1020 978 videtur
1052 922 1141 976 hic
1193 923 1300 977 dici
1343 924 1666 992 κτητορικδν
1698 923 1905 983 δίκαιον
1942 922 2050 977 ἀπδ

470 1014 571 1082 τῆς
597 1002 856 1078 συζύγου.
893 1016 1170 1085 κτήτορες
1205 1014 1476 1085 Hcsychio
1506 1024 1634 1069 sunt
1660 1014 1898 1077 κτίσται,
1924 1030 2051 1067 con-

472 1108 690 1169 ditores,
724 1122 844 1171 seu,
882 1117 942 1161 ut
984 1108 1145 1177 vulgo
1183 1094 1486 1179 loquimur,
1523 1107 1869 1178 fundatores;
1905 1105 2051 1161 unde

469 1200 582 1270 jus,
612 1199 759 1271 quod
791 1216 857 1254 ex
911 1202 1123 1253 conditu
1177 1200 1219 1255 si
1234 1218 1291 1254 re
1320 1200 1629 1269 fundatione
1662 1198 2053 1253 laudatoribus

472 1294 763 1364 competit,
822 1304 970 1348 recte
1025 1296 1349 1365 κτητορικὸν
1414 1294 1623 1346 δίκαιον
1674 1293 1784 1347 dici
1847 1292 2052 1361 potuit.
2102 1322 2103 1325 η

475 1388 630 1459 Saepe
656 1397 839 1443 autem
868 1388 1246 1444 ecclesiastico
1282 1405 1381 1442 usu
1417 1388 1562 1442 inter
1603 1386 1706 1440 alia
1733 1384 2051 1447 honoraria,

474 1499 595 1559 qua!
648 1481 1039 1538 fundatoribus
1089 1484 1361 1546 ecclesiae,
1404 1480 1721 1536 monasterii
1776 1488 1871 1533 aut
1909 1476 2051 1532 sacri

474 1576 721 1649 cujusvis
764 1576 872 1632 loci
917 1584 1263 1646 competunt,
1313 1586 1395 1629 est
1422 1576 1513 1645 jus
1555 1572 1851 1644 sepulturae
1890 1570 1949 1625 in
1987 1569 2054 1624 iis

474 1669 633 1739 locis.

544 1762 770 1829 Λεπᾶς,
794 1777 849 1833 p.
879 1762 974 1817 55L
998 1762 1113 1817 Hoc
1146 1762 1499 1831 proverbium
1546 1769 1695 1813 tomo
1719 1757 1890 1829 priori
1922 1773 1953 1813 a
1989 1771 2048 1812 se
2082 1776 2123 1835 Β

474 1869 823 1930 usurpatum,
853 1865 911 1914 et
953 1858 1067 1913 illic
1099 1874 1127 1912 a
1176 1857 1337 1913 nobis
1370 1856 1711 1912 declaratum
1744 1853 1798 1906 in
1831 1850 2054 1907 Glossa-

471 1954 577 2012 rio.
615 1968 679 2008 eo
708 1953 890 2022 aptius
924 1961 979 2007 et
1009 1950 1315 2022 elegantius
1358 1950 1448 2005 hic
1479 1948 1705 2003 adhibet
1747 1945 2053 2017 Paebyme-

473 2060 581 2122 res,
613 2049 764 2116 quod
812 2044 957 2101 istud
996 2042 1286 2101 Prodromi
1322 2039 1744 2103 monasterium,
1784 2053 1814 2092 a
1856 2051 1967 2107 quo
1992 2050 2053 2091 se

471 2139 657 2196 divelli
682 2154 825 2209 agre
849 2140 1067 2195 sinebat
1090 2137 1177 2212 [P.
1210 2136 1337 2209 493]
1369 2133 1696 2191 Theodorus
1722 2131 2051 2205 Cyzicenus,

471 2234 690 2292 fortiter
718 2233 997 2290 abducere
1025 2231 1361 2289 conantibus
1388 2229 1706 2292 obluctans,
1737 2226 1917 2290 Petrae
1959 2238 2055 2280 co—

472 2343 708 2400 gnomen
748 2326 1010 2382 habebat.
1042 2325 1194 2381 idem
1215 2325 1386 2388 enim,
1428 2331 1489 2378 ut
1518 2320 1764 2384 videtur,
1802 2324 1893 2374 est
1925 2330 2052 2372 cum

473 2421 569 2478 illo
602 2419 748 2489 quod
789 2421 1050 2490 superius
1080 2432 1135 2488 p.
1167 2417 1258 2479 ιι.
1304 2416 1440 2487 μονὴ
1473 2414 1566 2468 τοῦ
1602 2412 1921 2487 Προδρόμου
1952 2408 2054 2479 τῆς

475 2517 722 2587 Πέτρας,
782 2512 1163 2569 monasterium
1216 2508 1502 2565 Prodromi
1568 2506 1771 2571 Petra,
1807 2502 2051 2575 appella-

472 2620 586 2666 l'Jt'.

541 2702 790 2767 Λίκνος,
823 2715 877 2772 p.
914 2698 1001 2756 l9.
1054 2697 1273 2762 Λίκνος,
1302 2694 1467 2765 vulgo
1503 2707 1671 2765 cuna,
1702 2690 1925 2747 videtur
1960 2690 2053 2747 hic

468 2792 578 2851 dici
607 2806 780 2864 genus
809 2790 1016 2847 lecticre
1040 2795 1137 2843 aut
1162 2785 1380 2845 ferculi.
1405 2798 1517 2855 quo
1547 2792 1860 2855 gestaretur
1882 2798 2052 2839 senex

471 2887 815 2959 decrepitus,
848 2898 1044 2955 nempe
1073 2880 1444 2954 gestator-ium,
1475 2893 1582 2932 vox
1621 2884 1889 2947 usurpata
1914 2876 2054 2934 Sue—

469 2984 625 3041 tonio
656 2981 713 3037 in
736 2978 967 3037 Claudio
994 2996 1007 3032 :
1053 2976 1254 3033 Solitus
1274 2962 1329 3031 in
1354 2976 1643 3045 gestatoria
1669 2972 1872 3026 ludere.

542 3071 841 3144 Aqraubr,
871 3087 923 3142 p.
961 3069 1086 3127 506.
1120 3067 1227 3122 Τοῦ
1258 3067 1303 3121 δ’
1346 3066 1512 3121 αὑτοῦ
1538 3064 2051 3134 ἔτους-Ἑκατομ-

468 3167 678 3222 ϐαιῶνα
715 3165 957 3235 λέγουσι.
983 3162 1052 3218 Ει
1084 3161 1226 3216 infra
1252 3178 1266 3214 :

545 3262 736 3329 Μῆνας
765 3260 822 3313 δὲ
851 3256 1078 3328 Ληναιῶ
1099 3253 1291 3325 πρώτη
1328 3252 1485 3324 βάσις
1520 3250 1707 3304 laturo
1743 3250 1939 3321 μήνης.

472 3354 655 3410 liabcs
689 3354 744 3408 in
774 3352 861 3407 his
923 3334 1316 3421 Pachymerem
1363 3353 1617 3403 secutum
1666 3344 2047 3400 auctoritatem

468 3451 833 3520 interpretum
863 3442 1107 3508 Hesiodi,
1140 3441 1273 3497 dum
1300 3454 1524 3497 carmen
1551 3438 1695 3509 apud
1724 3439 1873 3507 ipsos
1899 3452 2051 3507 pan—

466 3534 989 3617 geret,lanuarium
1017 3550 1252 3596 vocasse
1284 3534 1601 3607 Ληναιῶνα,
1633 3533 1793 3603 quasi
1840 3532 1922 3586 sic
1954 3520 2047 3587 ille

472 3638 678 3699 mensis
699 3636 767 3692 ab
789 3630 1227 3692 Atheniensibus
1254 3629 1657 3690 nominaretur,
1678 3642 1806 3681 cum
1831 3640 1893 3681 re
1919 3641 2049 3682 vera

463 3734 620 3805 juxta
673 3730 1033 3790 exactiorem,
1067 3733 1128 3780 ut
1186 3724 1369 3795 putat,
1404 3718 1736 3778 sententiam
1770 3720 2052 3776 Enniano-

469 3843 592 3882 rum
622 3825 920 3883 Jaunarius
943 3820 1109 3894 700
1158 3816 1589 3873 Atheniensibus
1620 3814 2049 3873 Hecatombaeon

2073 3127 2122 3191 C

466 3926 651 3982 dictus
703 3922 799 3979 sit.
866 3919 981 3978 Iam
1032 3915 1247 3988 pridem
1312 3914 1369 3969 in
1430 3910 1897 3971 Observationibus
1980 3908 2049 3965 ad

466 4016 708 4088 priorem
734 4009 990 4067 Historia:
1017 4006 1464 4079 Pachymerianae
1483 4018 1720 4078 partem,
1752 4005 1791 4059 l.
1818 4019 1897 4069 ιιι,
1917 4018 1968 4059 c.
1995 4004 2046 4069 l,

466 4106 843 4167 demonstravi
901 4105 1047 4163 banc
1098 4100 1351 4157 historici
1402 4103 1578 4158 nostri
1628 4104 1953 4174 opinionem
1995 4112 2048 4156 et

470 4206 549 4262 illi
606 4202 942 4275 singularem
999 4206 1057 4275 et
1104 4195 1295 4251 falsam
1344 4209 1488 4259 esse,
1535 4196 1641 4251 nisi
1689 4196 1867 4251 solum
1916 4194 2051 4257 velit

470 4272 719 4373 primum
767 4293 901 4351 anni
952 4272 1118 4349 Attici
1165 4305 1410 4347 mensem
1474 4290 1908 4362 Εκατομδαιῶνα
1964 4288 2051 4343 di-

468 4402 644 4454 ctum,
684 4386 1149 4460 quemadmodum
1178 4389 1389 4458 primus
1408 4386 1538 4440 anni
1574 4382 1806 4439 Romani
1847 4385 2051 4440 mensis

2156 462 2305 518 bulis
2352 464 2647 527 mensium,
2682 462 2991 534 propendet
3038 462 3258 519 eodem.
3314 461 3576 531 Denique
3619 459 3762 515 folio

2157 555 2244 623 73,
2278 555 2523 613 Joannes
2546 556 2779 612 'l‘zet'zes
2806 557 3011 612 diserte
3052 540 3250 612 scribit
3290 550 3602 625 Ληναιῶνα.
3634 544 3766 624 ἦτοι

2153 650 2246 702 τὸν
2312 648 2662 719 Ἰανουάριον,
2721 648 2800 713 ὡς
2851 647 3071 720 ληναιὺς
3126 648 3281 719 παρὰ
3336 642 3501 701 Ἴωσι
3561 643 3759 699 καλεῖ-

2153 760 2265 797 ται.
2310 743 2575 801 Videmus
2622 743 2753 800 binc
2781 758 3050 814 quosnam
3109 743 3308 797 innuat
3339 741 3759 813 Paebymeres,

2153 851 2354 907 nempe
2366 835 2806 908 Mosebopuium,
2829 837 3089 893 Proclum
3108 843 3165 892 et
3185 835 3449 893 Joannem
3467 836 3758 891 Tzetzen.

2132 926 2296 999 Quid
2337 926 2610 998 signiﬁcat
2645 938 2832 985 autem
2889 945 3015 985 cum
3078 944 3138 987 se
3167 930 3598 1000 ἑποποιήσαντα
3633 926 3765 979 κατ’

2127 1018 2353 1085 αὐτούς
2388 1021 2795 1098 memoratian
2833 1035 2914 1088 se,
2955 1035 3080 1077 cum
3110 1036 3252 1092 puer
3284 1020 3505 1077 illorum
3546 1016 3765 1074 ludum

2154 1114 2537 1184 frequentaret
2578 1125 2632 1170 et
2663 1130 2859 1171 versus
2885 1130 3033 1185 quos
3058 1115 3260 1172 recitat
3282 1114 3352 1170 de
3384 1113 3581 1169 lunari
3611 1110 3772 1167 deli-

2154 1209 2287 1279 quio
2318 1208 2655 1279 compositos
2699 1208 3175 1265 utscholasticum
3207 1224 3437 1279 pensum
3476 1208 3603 1263 illis
3643 1221 3772 1273 ma-

2155 1303 2343 1377 gistris
2372 1304 2651 1371 reddoret,
2692 1305 2783 1361 isti
2812 1321 3006 1362 eorum
3051 1304 3107 1361 in
3139 1306 3229 1361 his
3261 1304 3517 1376 opinioni
3564 1301 3770 1359 adita:-

2155 1400 2328 1455 sisse?
2360 1414 2428 1455 an
2471 1399 2684 1469 patins,
2735 1414 2862 1455 eum
2903 1398 3164 1469 privatim
3209 1396 3508 1454 Hesiodum
3556 1396 3770 1466 legens

2158 1493 2355 1548 borum
2390 1493 2683 1550 adhiberet
2712 1493 2945 1557 scholia,
2991 1503 3048 1548 et
3080 1492 3299 1548 interim
3331 1492 3611 1548 subortns
3655 1486 3768 1555 ipsi

2153 1594 2301 1641 esset
2344 1585 2585 1656 impetus
2626 1585 2925 1641 meditandi
2971 1598 3197 1641 carmen
3246 1582 3572 1640 imitatione
3613 1579 3771 1635 vatis

2151 1694 2317 1749 quem
2367 1685 2864 1742 commentaretur,
2917 1678 3084 1735 obvio
3145 1684 3474 1747 argumento
3530 1672 3771 1728 lunaris

2154 1771 2502 1836 defectionis,
2566 1770 2812 1826 noluisse
2869 1770 2925 1826 in
2986 1784 3052 1826 eo
3084 1769 3348 1847 recedere
3379 1783 3415 1824 a
3463 1764 3772 1823 sententia

2156 1862 2582 1920 scholiastarum
2625 1861 2872 1929 Hesiodi,
2910 1869 3195 1933 utcunque
3251 1860 3438 1916 minus
3465 1858 3580 1913 sibi
3624 1870 3773 1928 pro-

2156 1950 2324 2027 bata}
2380 1955 2687 2027 Suspicari.
2752 1955 2972 2027 opinor,
3025 1954 3225 2011 liceret
3274 1948 3649 2017 alterutrum,
3712 1947 3765 2004 si

2154 2044 2600 2116 Moschopulum,
2628 2044 2888 2101 Proclum
2910 2056 2969 2101 et
2984 2044 3223 2113 Tzetzen
3256 2057 3323 2101 eo
3351 2054 3645 2099 constaret
3681 2040 3766 2095 si-

2156 2138 2269 2193 mul
2293 2152 2491 2194 omnes
2515 2145 2763 2208 tempore
2788 2136 2989 2194 vixisse
3009 2148 3123 2209 quo
3141 2126 3417 2205 potuisset
3448 2134 3586 2191 dare
3620 2131 3771 2205 ipsis

2155 2246 2296 2304 puer
2326 2247 2551 2303 operam
2585 2229 2955 2303 Pacbymeres
3005 2230 3061 2286 in
3112 2226 3247 2286 ludo
3297 2229 3603 2285 litterario.
3652 2225 3761 2284 Cui

2154 2341 2227 2382 ne
2265 2341 2370 2380 nos
2425 2324 2777 2396 implicemus
2827 2322 3207 2395 disquisitioni
3239 2337 3349 2378 non
3382 2320 3759 2384 necessariae,

2156 2418 2454 2475 secundam
2484 2418 2668 2489 potius
2708 2419 2855 2472 viam
2886 2415 3221 2479 tenebimus,
3252 2413 3356 2469 nisi
3388 2414 3435 2469 sl
3468 2413 3601 2483 quis
3637 2426 3759 2465 ma-

2153 2510 2220 2567 lit
2247 2510 2518 2581 suspicari
2557 2492 2974 2581 Pacbymerem.
3007 2507 3153 2578 apud
3180 2506 3605 2577 qualescunque
3642 2518 3763 2557 ma-

2154 2598 2359 2676 gistros
2388 2604 2547 2661 daret
2577 2620 2802 2674 operam
2841 2600 3067 2667 litteris,
3100 2599 3248 2673 quod
3301 2599 3337 2677 ii
3392 2598 3564 2669 vulgo
3605 2597 3763 2653 celes

2155 2697 2339 2753 brium
2377 2699 2607 2753 istorum
2644 2695 2866 2753 Hesiodi
2900 2698 3267 2767 interpretum
3308 2692 3655 2749 sententiam
3681 2703 3758 2745 eo

2154 2802 2322 2863 poeta
2343 2791 2654 2847 enarrando
2683 2800 3073 2864 sequerentur,
3110 2791 3256 2846 illam
3294 2788 3434 2843 dicis
3472 2800 3652 2842 causa
3694 2790 3756 2840 et

2154 2884 2537 2958 perfunctorie
2590 2884 2649 2940 in
2710 2885 2969 2943 versibus
3022 2884 3178 2957 juxta
3229 2896 3470 2956 ipsorum
3528 2880 3751 2936 dictata

2152 2978 2377 3049 scriptis
2417 2980 2728 3048 amplexum
2760 2978 2783 3034 f
2784 2980 2953 3035 uisse.
3278 3052 3281 3053 ν
3581 2989 3585 2993 ’

2227 3069 2312 3145 [Ρ.
2344 3072 2472 3147 494]
2495 3072 2913 3151 Δοταριαστὴς
2943 3071 3055 3143 τῆς
3069 3068 3289 3139 αὐλῆς,
3318 3085 3373 3142 p.
3409 3067 3538 3125 296.
3580 3064 3736 3136 [Iap-

2154 3166 2257 3237 ἦγε
2316 3168 2372 3221 δὲ
2420 3169 2512 3221 καὶ
2544 3167 2804 3239 μάρτυρα
2851 3164 3166 3238 λεγομένων
3199 3166 3290 3219 τὸν
3322 3165 3443 3218 τότε
3474 3163 3746 3233 λογαρια-

2154 3262 2288 3331 στὴν
2313 3263 2413 3332 τῆς
2443 3262 2615 3333 αὐλῆς
2645 3262 2935 3332 Ἄγγελον.
2962 3260 3109 3317 “Mox
3141 3260 3296 3315 illum
3332 3256 3411 3313 ait
3442 3255 3616 3313 fuisse
3648 3256 3748 3325 ὀφο

2154 3354 2321 3427 φικίῳ
2344 3354 2732 3426 τετιμημένον,
2759 3356 3077 3410 honoratum
3100 3351 3298 3425 ofﬁcio,
3322 3352 3428 3407 hoc
3452 3358 3537 3406 est
3565 3348 3751 3420 magi-

2152 3457 2330 3503 stratu
2372 3447 2681 3503 bonoritico
2715 3447 3215 3519 insignem.AHnjus
3236 3459 3444 3501 munus
3462 3444 3747 3503 CodinnS.

2151 3555 2203 3596 c.
2252 3541 2308 3607 5,
2357 3557 2419 3596 ιι.
2453 3540 2544 3602 84.
2596 3541 2683 3595 his
2720 3540 2910 3596 verbis
2951 3538 3214 3611 exprimit
3256 3555 3281 3594 εν
3317 3537 3375 3591 Ὀ
3403 3524 3530 3605 ⁸τῆς
3563 3533 3749 3606 αὐλῆς

2154 3636 2515 3707 λογαριαστὴς
2548 3634 2823 3702 λογίζεται
2866 3634 2993 3697 τοὺς
3030 3634 3089 3685 ὲν
3132 3634 3197 3704 τῇ
3232 3626 3741 3704 αὐλῇςεὺρισκομέ-

2152 3747 2279 3794 νους
2303 3729 2511 3793 πάντας
2544 3727 2869 3799 ρογάτορας,
2902 3728 2951 3782 ei
2973 3724 3149 3780 λείπει
3168 3725 3273 3779 τινὶ
3309 3724 3419 3779 ἀπὸ
3442 3725 3539 3794 τῆς
3570 3721 3734 3794 701

2154 3823 2319 3895 ρόγας
2344 3820 2533 3887 αὐτοῦ,
2576 3820 3019 3897 ἢηὲξεδούλευσεν
3076 3819 3216 3891 ὑπὲρ
3267 3811 3343 3874 ὧν
3392 3819 3729 3892 ὲρῤογεύθη.

2152 3915 2270 3972 Hoc
2309 3924 2395 3972 est
2451 3909 2759 3985 interprete
2808 3914 3072 3971 Gretsero
3113 3914 3304 3969 nostro
3341 3928 3355 3967 :
3400 3909 3739 3985 Lagariaues

2152 4007 2291 4064 aula:
2309 4018 2551 4064 numerat
2580 4017 2628 4063 et
2659 4014 2927 4079 computat
2953 4022 3134 4063 omnes
3162 4005 3354 4061 milites
3378 4006 3470 4077 qui
3521 4006 3577 4059 in
3607 4004 3735 4059 auia

2144 4104 2415 4174 stipendia
2462 4112 2699 4169 merent;
2748 4110 2800 4156 et
2858 4101 3068 4173 dispicit
3147 4101 3384 4173 nunquid
3447 4100 3613 4155 alicui
3675 4099 3741 4153 de

2150 4196 2410 4269 stipendio
2456 4196 2608 4262 desit,
2634 4206 2727 4250 aut
2769 4211 2895 4251 num
2926 4194 3081 4268 plene
3108 4194 3446 4264 satisfecerit
3495 4211 3593 4267 pro
3645 4194 3769 4249 sti-'

2152 4298 2342 4371 pendio
2364 4297 2502 4371 quod
2531 4298 2759 4368 accepit.
2789 4294 3041 4352 Meminit
3064 4295 3225 4368 hujus
3249 4292 3417 4349 cilicii
3434 4308 3582 4365 stepe
3602 4292 3736 4350 alibi

2152 4391 2416 4448 Codinus.
2448 4390 2583 4446 Erat
2630 4398 2687 4446 et
2721 4389 2879 4447 alius
2909 4386 3236 4459 logoriastes
3258 4401 3492 4458 magnus
3522 4401 3735 4444 memo-

466 4483 761 4541 Januarius
819 4482 1052 4538 dicitur.
1104 4482 1224 4537 Hoc
1266 4480 1414 4536 enim
1469 4493 1601 4534 sane
1670 4476 2045 4533 verissimum.
2079 4498 2307 4554 “ratus
2333 4485 2511 4541 eidem
2547 4500 2657 4541 non
2720 4484 2915 4549 semel,
2966 4491 3028 4538 ut
3075 4498 3125 4540 e.
3176 4484 3232 4550 2,
3269 4500 3327 4539 ιι.
3363 4482 3470 4551 ιο;
3521 4482 3592 4539 ab
3631 4482 3736 4541 hoc

467 4577 605 4632 illud
676 4585 861 4631 autem
926 4573 1327 4637 falsissimum,
1386 4569 1709 4627 Ianuarium
1768 4569 2046 4639 Ἐκατομο

468 4670 663 4724 eum:
712 4666 1076 4738 respondere,
1114 4666 1188 4721 ita
1240 4674 1301 4719 ut
1337 4663 1682 4733 temporibus
1734 4660 2050 4741 indicandis

467 4763 701 4819 alterum
742 4762 963 4817 illorum
1014 4759 1415 4815 vocabulorum
1476 4758 1733 4827 usurpari
1790 4768 2049 4831 tanquam

466 4858 800 4928 :equivaiens
828 4854 990 4911 alteri
1016 4862 1204 4921 queat,
1247 4853 1395 4923 quod
1431 4849 1774 4921 constanter,
1814 4855 1908 4910 sed
1935 4856 2053 4910 sin-

468 4950 733 5030 gulariter
757 4958 813 5003 et
840 4941 1129 5013 mendose,
1155 4946 1518 5019 Pacbymeres
1547 4946 1700 5003 iacit.
1732 4946 1831 5003 Hic
1858 4946 2055 5004 videns

469 5047 600 5099 dum
632 5045 811 5099 solum
842 5051 927 5098 est
947 5041 1173 5113 quinam
1206 5041 1319 5097 sint
1343 5041 1422 5097 illi
1456 5057 1597 5113 quos
1622 5042 1714 5098 hic
1753 5051 2048 5107 memorat,

470 5138 735 5208 ἐξηγηταὶ
762 5136 856 5191 τοῦ
878 5137 1194 5207 ’Δσκρηθεν
1222 5136 1825 5207 ποιητοῦ,ειιανναιονεε
1852 5138 2051 5193 Ascrwi

469 5242 658 5300 poene.
695 5230 974 5287 Habemus
1001 5230 1307 5286 Hesiodum
1342 5246 1491 5286 mere
1521 5231 1708 5286 Grzece
1740 5245 1864 5285 cum
1899 5247 2048 5286 mere

468 5323 677 5381 Graecis
712 5322 965 5387 scholiis,
998 5322 1211 5378 editum
1258 5320 1528 5389 Venetiis,
1570 5339 1662 5377 an.
1697 5322 1833 5378 Chr.
1884 5323 2046 5389 {537,

467 5432 634 5488 opera
672 5416 913 5472 Victoris
960 5415 1295 5481 Trincaveli,
1329 5418 1485 5488 cujus
1522 5417 1575 5470 in
1630 5416 1758 5471 libri
1792 5414 1924 5471 folio
1956 5418 2048 5480 68,

468 5512 534 5565 ad
570 5510 724 5564 illum
753 5508 871 5579 ejus
897 5519 1071 5579 poeta:
1101 5524 1320 5565 versum
1358 5526 1371 5564 :

539 5604 702 5671 Μῆνα
730 5603 789 5655 δὲ
819 5601 1113 5671 Ληναιῶνα
1140 5606 1235 5656 καὶ
1264 5604 1452 5675 ἤματα
1489 5602 1722 5675 βούδορα
1760 5605 1955 5669 πάντα,

468 5694 861 5765 Moscbopulus
912 5694 995 5749 sic
1025 5696 1252 5751 adnotat
1286 5715 1299 5752 :
1336 5698 1492 5751 Κατὰ
1536 5698 1589 5751 δὲ
1625 5700 1771 5768 μῆνα
1800 5699 1905 5759 ,τὸν
1934 5700 2049 5770 Ληο

471 5788 697 5858 τιιῶνα,
729 5790 879 5855 ὅστις
909 5788 1057 5842 ἐστὶν
1097 5792 1124 5845 ὁ
1160 5792 1509 5865 Ίανουάρεος.
1548 5793 1701 5849 Folio
1732 5804 1922 5865 postea
1957 5796 2046 5864 Ἡ,

2154 4579 2310 4651 prior
2335 4579 2699 4651 distinguitur
2734 4572 2994 4653 adjuncto
3023 4560 3163 4633 auita
3186 4578 3481 4655 vocabulo.
3519 4576 3682 4646 Quod
3699 4592 3729 4632 a

2152 4670 2363 4727 Codino
2375 4672 2659 4737 scribitur,
2679 4688 2731 4729 c.
2748 4657 2808 4740 5,
2824 4688 2880 4728 ιι.
2896 4671 2987 4739 61,
3000 4672 3069 4726 de
3082 4669 3377 4743 logariaste
3393 4668 3554 4735 aulae,
3569 4660 3735 4735 οὗτος

2150 4765 2254 4818 οὐκ
2287 4764 2402 4835 ἔχει
2428 4764 2845 4839 «ιι-ὑπηρέτημα
2878 4764 2993 4832 νῦν,
3025 4780 3210 4819 carere
3265 4779 3405 4820 nunc
3442 4763 3731 4837 (unctione,

2151 4854 2314 4913 facile
2342 4857 2579 4930 quadrat
2607 4859 2665 4915 in
2693 4860 2809 4917 hac
2832 4869 2927 4915 aut
2959 4857 3125 4930 paulo
3143 4844 3452 4930 pesteriora
3473 4852 3566 4911 his
3600 4864 3734 4917 tem-

2151 4973 2310 5030 pora,
2355 4954 2565 5025 quibus
2605 4949 2810 5010 vixisse
2866 4952 3118 5010 Codinus
3170 4965 3415 5030 putatur
3446 4948 3553 5009 sub
3592 4951 3731 5010 Can-

2155 5028 2420 5108 tacuzeno
2458 5057 2552 5104 ant
2584 5062 2709 5104 cum
2750 5046 2870 5114 illo,
2912 5047 3135 5103 hoc'est
3165 5028 3481 5123 principatu
3517 5048 3733 5105 Andro-

2153 5143 2265 5199 nici
2292 5142 2557 5209 Junioris,
2583 5141 2748 5213 hujus
2776 5139 3097 5207 Andronici,
3119 5140 3279 5212 cujus
3326 5136 3613 5198 historiam
3633 5143 3733 5200 Pac-

2152 5237 2441 5309 chymeres
2490 5236 2596 5290 hoc
2646 5249 2810 5303 opere
2848 5233 3035 5297 tradit,
3073 5235 3291 5305 nepotis
3340 5241 3397 5289 et
3435 5234 3733 5307 aliquando

2154 5334 2397 5403 college.
2425 5329 2561 5386 Cum
2605 5329 2752 5385 enim
2786 5345 2851 5384 ex
2883 5328 2969 5384 his
2999 5342 3120 5399 quae
3166 5343 3311 5399 saepe
3346 5331 3603 5401 superius
3637 5347 3729 5387 no-

2154 5438 2269 5482 ster
2302 5434 2534 5495 questus
2563 5430 2646 5479 est
2688 5422 2757 5477 de
2801 5421 3047 5493 neglecta
3088 5420 3365 5479 solutione
3402 5424 3728 5494 pensionum

2152 5520 2423 5575 militibus
2470 5518 2844 5582 deeretarum,
2884 5532 3021 5587 quas
3046 5517 3212 5587 ρόγας
3263 5516 3509 5573 Codinus
3556 5529 3615 5575 et
3637 5516 3729 5574 alii

2151 5622 2371 5677 vocant,
2408 5612 2745 5681 intelligatur
2776 5610 2983 5665 sensim
3017 5609 3304 5665 inductum
3338 5610 3457 5687 sub
3509 5611 3717 5668 Andro:

2152 5708 2279 5761 nico
2312 5704 2515 5761 seniori
2556 5719 2766 5760 morem
2797 5704 3038 5775 primum
3076 5720 3206 5761 sero
3234 5720 3338 5761 nec
3382 5705 3599 5778 integre
3623 5705 3729 5762 sol-

2154 5800 2317 5859 vendi
2342 5800 2488 5873 quod
2518 5802 2883 5858 constitutum
2919 5788 3289 5859 militantibus
3319 5808 3465 5869 erat.
3487 5800 3722 5876 _deinde.
