4012 6236
168 78 442 120 "IIII""

271 319 369 384 761

1657 341 2187 411 GLOSSABIUM.

3438 348 3552 413 762

265 451 326 493 ut
350 450 605 510 apparet,
651 459 881 513 prorsus
924 449 1186 520 negandi,
1224 453 1406 510 locum
1463 457 1703 528 amplius
1742 473 1854 513 non
1888 465 1932 525 Α
1963 464 2086 518 dum
2112 464 2178 519 ad
2210 465 2336 522 olim
2368 481 2396 521 ι
2418 482 2509 523 me
2533 477 2715 524 notala
2746 471 2812 524 ad
2855 469 2962 526 hoc
2996 471 3242 526 verbum.
3286 467 3543 524 Occurrit

263 534 474 589 habuit
505 536 713 592 functio
743 539 1049 608 logariasta:
1075 545 1237 611 aulai,
1271 548 1314 602 si
1353 550 1471 620 ejus
1503 563 1643 610 erat.
1671 562 1730 606 ut
1767 561 1853 606 cst

263 628 508 696 dictum,
561 633 853 702 providere
893 645 952 692 ut
989 637 1202 710 integre
1259 645 1556 712 pensiones
1601 646 1716 702 ista:
1753 663 1854 714 pro

265 723 437 775 modo
476 733 685 778 navata:
736 741 919 794 operae
952 745 1402 791 numerarentur.
1439 737 1628 792 Potuit
1669 750 1853 794 tamen

262 829 477 869 nomen
508 825 563 870 et
609 818 789 872 honor
841 818 1006 891 hujus
1047 825 1398 894 magistratus
1427 829 1674 892 retineri,
1707 834 1852 901 quod

265 910 356 962 hic
385 919 580 963 noster
603 910 829 969 indicat.
871 917 976 970 etsi
1007 918 1118 986 jam
1157 928 1270 973 tum
1306 921 1472 986 forte,
1505 924 1548 976 si
1577 924 1856 991 Codinus,

263 1003 428 1072 cujus
485 1011 615 1056 aetas
683 1012 770 1058 est
825 1004 1055 1074 incerta,
1110 1013 1216 1068 sub
1270 1017 1588 1072 Andronico
1637 1020 1858 1075 St'lllOl‘e

263 1097 522 1167 scripsit,
570 1100 694 1170 ejus
763 1101 1162 1174 ministerium,
1231 1107 1591 1181 ὑπηρέτημα,
1650 1127 1863 1168 cessas-

265 1205 372 1248 εει.

336 1289 834 1358 Μαιμακτηριών.
868 1306 921 1360 p.
974 1291 1100 1346 382.
1138 1291 1286 1349 Cave
1318 1305 1477 1364 putes
1511 1297 1615 1354 hoc
1645 1310 1705 1354 ut
1739 1301 1862 1355 aliis

261 1379 407 1435 lucis
443 1383 626 1453 hujus
648 1383 893 1442 historiae
927 1386 1096 1454 priori
1128 1398 1320 1442 nostro
1343 1387 1623 1445 Glossario
1654 1392 1864 1448 indica-

265 1472 336 1527 tis
369 1473 857 1544 Μιιμακτηριῶνα
903 1476 1126 1532 Junium
1164 1477 1298 1532 dici.
1352 1478 1651 1552 Repuguat
1684 1485 1862 1539 niani-

262 1567 406 1624 feste
434 1569 726 1625 character
769 1570 939 1626 feriat.
976 1571 1109 1626 Nam
1145 1573 1519 1630 certissimum
1541 1592 1626 1631 est
1649 1593 1858 1635 annum

262 1679 378 1733 quo
421 1663 517 1720 hic
560 1673 780 1720 narrata
808 1665 922 1736 geri
954 1667 1212 1737 contigit,
1247 1667 1421 1723 fuisse
1459 1669 1664 1724 Christi
1699 1671 1858 1735 1504,

262 1757 360 1827 qui
409 1759 534 1816 sine
573 1760 679 1813 ulla
717 1762 1098 1814 controversia
1129 1763 1342 1832 cyclum
1378 1763 1513 1818 solis
1543 1768 1859 1819 numeravit

261 1847 370 1919 25,
410 1849 542 1920 quia
577 1865 709 1905 vero
735 1851 1034 1905 bissextilis
1065 1853 1499 1923 fuit,_dupliccm
1552 1854 1745 1910 habuit
1779 1857 1863 1910 in-

264 1943 454 1999 dicem
509 1944 810 2000 Dominicte
865 1946 1129 2013 litteram,
1159 1943 1200 1999 E
1248 1954 1305 2002 et
1338 1947 1402 2012 Β,
1435 1963 1670 2018 quarum
1703 1949 1861 2020 prior

265 2053 449 2108 usque
486 2035 552 2091 ad
576 2036 648 2091 28
670 2037 956 2094 Februarii
989 2039 1163 2104 diem,
1202 2040 1417 2109 reliquo
1451 2041 1578 2096 inde
1611 2052 1860 2114 tempore

262 2131 554 2198 posterior
591 2133 645 2185 in
708 2145 806 2185 usu
867 2129 991 2186 fuit.
1025 2131 1210 2187 Mense
1242 2133 1412 2203 igitur
1435 2134 1623 2198 Junio,
1653 2135 1698 2190 si
1737 2137 1860 2206 ejus

263 2225 616 2280 meminisset
647 2223 754 2278 hoc
778 2224 898 2278 loco
930 2223 1321 2303 Pachymcres,
1351 2236 1636 2297 oporteret
1670 2228 1722 2282 in
1755 2231 1861 2285 Ka-

263 2320 524 2376 lendario
559 2321 626 2374 ad
654 2321 798 2377 latus
820 2320 1098 2376 vicesimae
1139 2321 1332 2390 prima:
1364 2321 1473 2377 diei
1523 2323 1766 2380 litteram
1817 2327 1860 2382 Β

263 2416 513 2476 indicem
546 2421 722 2473 sexta:
754 2417 929 2484 feriae,
993 2418 1216 2488 quando
1247 2418 1291 2473 Β
1342 2419 1577 2490 primam
1607 2420 1862 2492 designat

264 2511 490 2578 feriam,
540 2513 763 2583 signari.
792 2514 956 2582 Atqui
993 2525 1209 2577 contra,
1247 2524 1306 2570 ut
1344 2517 1521 2584 palam
1573 2515 1857 2580 cernitur,

269 2603 309 2656 Ι)
341 2606 558 2668 littera,
594 2606 881 2661 character
909 2605 1174 2660 videlicet
1207 2606 1507 2661 Dominicte
1538 2605 1734 2677 ipsius,
1779 2608 1862 2662 vi-

267 2699 536 2755 cesimam
590 2698 820 2768 primam
847 2696 1000 2755 Junii
1040 2699 1187 2753 diem
1240 2698 1488 2769 insignit.
1520 2699 1641 2755 Non
1695 2701 1862 2772 igitur

266 2787 336 2843 de
368 2790 544 2846 .lunio
574 2791 665 2845 hic
688 2806 897 2866 sermo.
943 2788 1098 2846 Vidit
1128 2790 1234 2846 hoc
1263 2791 1518 2863 quisquis
1548 2801 1633 2848 est
1669 2803 1862 2850 auctor

268 2884 680 2956 paraphraseos
706 2885 1000 2942 Vaticance.
1052 2886 1188 2953 Nam
1226 2886 1273 2942 is
1311 2888 1414 2942 etsi
1459 2887 1592 2942 alibi
1639 2904 1863 2956 semper

269 2979 762 3049 Μαιμακτηριῶνα
818 2977 1045 3036 Junium
1086 2979 1288 3042 reddit,
1321 2981 1402 3034 sic
1428 2990 1627 3050 praeter
1652 2995 1859 3035 morem

270 3074 421 3128 hunc
460 3073 643 3128 locum
687 3071 1067 3144 παραφράζει.
1122 3070 1339 3144 Ἡμέρᾳ
1393 3075 1494 3144 μὲν
1530 3069 1627 3129 οὖν
1678 3073 1862 3143 Παρα-

1959 556 2088 611 mihi
2127 558 2331 614 deinde
2380 561 2520 615 forte
2573 561 2773 630 legenti
2807 563 3045 619 Tzetzcu
3075 557 3236 633 hujus
3259 565 3540 618 enarratio

1956 650 2231 711 vacabuli,
2261 651 2499 709 chiliade
2534 653 2590 719 ι,
2625 654 2709 710 his
2741 656 2992 712 versibus
3022 673 3037 710 :

1970 783 2202 837 Ταυτὸν
2249 783 2330 850 τῷ
2369 771 2852 856 ,ϐλιτομάμμοντι
2882 791 3285 859 μαμμάκυτος
3323 791 3544 860 σημαι-

3357 880 3444 914 νει

1965 925 2130 981 ’Πτοι
2158 930 2361 998 μωρὸν
2392 931 2866 1000 συγκρύπτοντα
2912 931 3163 1002 primm?
3194 860 3544 1058 τῗᾶκὲινίεῗὸν

3302 1020 3466 1058 οῖον.

3345 1020 3466 1056 εον.

1961 1066 2334 1140 Μαψὲ,’ςοησὶ
2366 1073 2476 1144 γὰρ
2509 1065 2852 1142 προφανοῦς,
2895 1004 3539 1145 σύγκρυπτεῑιέῗῗὲμτ

3155 1145 3300 1219 Utar
3331 1164 3471 1201 σου.

1962 1273 2284 1346 Originiliic
2337 1280 2584 1334 iudicatu:
2637 1281 2786 1334 vocis
2836 1281 3235 1352 μαμμάκονθος
3289 1282 3398 1334 ἀπὸ
3444 1278 3546 1352 τῆς

1968 1370 2206 1440 μάμμης
2242 1384 2606 1428 consentanee
2641 1373 2829 1428 scribit
2856 1373 3195 1430 Phavorinus
3220 1361 3275 1429 in
3304 1374 3503 1429 Lexico
3524 1391 3542 1428 ι

1963 1462 2385 1532 Μαμμάκουθοιι
2436 1467 2558 1521 ἀντὶ
2617 1466 2714 1521 τοῦ
2773 1467 3224 1539 μαμμόθρεπτοι.
3281 1467 3546 1523 Henricus

1956 1556 2272 1628 Stephanus
2325 1558 2380 1612 in
2416 1557 2687 1615 Thesauro
2722 1561 3193 1632 μαμμτιορὲπτους
3227 1561 3330 1616 dici
3391 1569 3546 1632 putat

1963 1666 2161 1720 pueros
2191 1651 2408 1706 mollius
2439 1662 2490 1707 et
2527 1654 2897 1724 indulgentius
2922 1655 3202 1720 educatos,
3245 1654 3432 1726 quales
3467 1655 3542 1711 illi

1963 1753 2089 1795 sunt
2132 1744 2220 1812 qui
2254 1746 2321 1800 ab
2348 1745 2466 1798 avia
2502 1761 2600 1815 pro
2633 1763 2826 1802 senum
2857 1764 3010 1804 more
3043 1749 3548 1820 teneriusnepotu-

1963 1835 2044 1890 los
2074 1848 2290 1892 amante
2338 1840 2675 1896 nutriuntur.
2730 1839 3008 1910 Ejusmodi
3056 1856 3181 1896 cum
3240 1844 3445 1898 inertes
3492 1853 3547 1897 et

1965 1930 2253 1999 voluptarii
2294 1946 2414 1986 esse
2443 1932 2672 1997 soleant,
2705 1932 2831 1988 hinc
2877 1934 3172 1989 adhaesisse
3205 1943 3352 2001 putat
3385 1950 3546 1989 voca--

1964 2023 2089 2079 hnlo
2124 2024 2562 2094 μαμμόθρεπτσς
2621 2026 2855 2081 similem
2908 2025 3290 2081 dissolutionis
3327 2037 3381 2081 ct
3413 2029 3546 2080 ἀκο-

1960 2115 2156 2179 λασίας
2193 2117 2474 2172 inl'nmiam
2503 2119 2550 2173 ei
2581 2133 2743 2188 quam
2774 2119 2951 2174 Latini
2975 2135 3070 2176 usu
3100 2119 3328 2191 antiquo
3361 2120 3538 2176 alIixe‘

1962 2219 2092 2262 runt
2125 2210 2289 2265 verbo
2325 2227 2503 2280 nepos.
2546 2212 2620 2266 lta
2653 2213 2782 2270 ille:
2832 2231 2896 2269 ex
2935 2216 3094 2284 cujus
3123 2217 3390 2278 sententia
3426 2216 3548 2271 nul-

1964 2303 2068 2357 lani
2131 2305 2372 2361 stultitiae
2424 2307 2892 2365 ac-hebetudlnis
2944 2311 3162 2376 mentis,
3214 2311 3307 2366 sed
3370 2310 3546 2366 solum

1964 2395 2192 2452 luxurici
2222 2399 2603 2454 iudicationem
2634 2402 2944 2456 contineret
2975 2402 3294 2457 vocabulum
3321 2403 3548 2475 μαμμό-

1964 2487 2220 2558 θρεπτος,
2269 2501 2433 2559 alque
2464 2493 2596 2547 adeo
2645 2507 2750 2548 non
2786 2495 3136 2563 tequivaleret
3195 2496 3272 2568 τῷ
3313 2512 3549 2567 μαμμᾶ-

1962 2583 2164 2654 κούοῳ,
2214 2597 2374 2654 prout
2424 2587 2582 2640 docet
2631 2585 3005 2655 Phavorinus;
3066 2589 3155 2643 cui
3228 2597 3437 2656 tamen,
3489 2599 3552 2644 ut

1968 2673 2188 2742 Opinor,
2233 2676 2403 2729 tutius
2427 2678 2667 2732 creditur
2697 2677 2978 2731 enarranti
3008 2694 3122 2733 suae
3167 2677 3364 2749 linguae
3386 2679 3561 2750 orlgl-‘

1964 2783 2060 2831 nes
2091 2783 2252 2836 quam
2282 2777 2433 2823 tanto
2460 2771 2749 2826 recentiori
2779 2768 3169 2836 Grammatico,
3195 2776 3553 2842 quantumvis

1963 2873 2244 2927 accurato,
2300 2861 2599 2932 Stephano.
2632 2862 2800 2921 Multo
2835 2864 3004 2940 igitur
3047 2867 3242 2923 melior
3271 2867 3361 2922 illa
3397 2868 3551 2924 vocis

1969 2957 2407 3030 μαμμόθρεπτος
2441 2942 2712 3026 expositio
2741 2971 2818 3013 est
2861 2975 3023 3029 quam
3049 2962 3294 3032 ‘suggerit
3325 2973 3550 3019 sanctus

1963 3051 2320 3123 Augustinus,
2352 3052 2616 3106 concione
2638 3051 2691 3116 2,
2717 3051 2772 3104 in
2805 3049 2955 3106 Psal.
2988 3069 3118 3120 xxx,
3139 3053 3206 3108 ad
3237 3055 3323 3110 illa
3344 3055 3546 3110 verba:

269 3169 444 3236 σκεῦῇ
479 3151 675 3238 πρώτῃ
714 3163 811 3218 τοῦ
843 3143 1063 3219 ’Ῑὸυλῑου
1095 3165 1289 3234 μηνός.
1317 3143 1430 3221 etc.
1464 3165 1736 3221 Caeterum
1771 3165 1860 3220 hic

1971 3145 2081 3215 Ego
2107 3155 2283 3198 autem
2318 3145 2374 3198 in
2413 3156 2462 3199 te
2515 3143 2743 3210 speravi,
2801 3145 3044 3201 Domine.
3075 3146 3136 3202 Si
3181 3147 3428 3214 ottendis,
3461 3149 3548 3205 itt-

268 3262 525 3332 argutior
556 3260 614 3315 in
644 3259 932 3315 odoranda
961 3252 1115 3315 vocis
1145 3244 1595 3331 Matptaxtnpttbv
1625 3261 1858 3330 ancipiti

268 3357 503 3412 notione
561 3371 725 3427 quam
785 3354 1000 3411 felicior
1048 3355 1103 3410 in
1162 3371 1268 3410 una
1315 3371 1444 3436 vera
1477 3371 1544 3409 ex
1609 3354 1860 3425 pluribus

272 3450 640 3506 discernenda
688 3449 814 3506 fuit.
843 3451 957 3507 Nec
993 3452 1142 3505 enim
1177 3450 1324 3507 Julio
1360 3453 1537 3506 mensi
1571 3450 1861 3505 character

273 3544 361 3598 hic
392 3545 648 3615 congruit
680 3552 737 3598 ut
771 3544 832 3599 2|
862 3545 1008 3599 diem
1044 3545 1225 3598 littera
1259 3543 1299 3597 Β
1327 3543 1597 3614 insignem
1634 3541 1855 3598 habeat.

270 3631 411 3686 Nota
449 3633 565 3686 hzrc
589 3635 810 3703 propria
845 3634 1058 3689 sextilis
1089 3634 1209 3690 sive
1251 3635 1480 3705 Augusti
1513 3634 1721 3688 mensis
1750 3640 1857 3697 est,

272 3734 329 3777 et
358 3724 589 3793 quidem
621 3726 796 3780 solius
844 3725 990 3779 inter
1021 3739 1218 3780 omnes
1267 3728 1397 3781 anni
1430 3741 1667 3782 menses.
1701 3722 1861 3780 Unde

274 3834 388 3874 non
445 3819 667 3873 videtur
716 3819 1084 3875 dubitandum
1124 3822 1258 3891 quin
1311 3837 1476 3893 quem
1525 3821 1659 3877 alibi
1697 3821 1860 3894 702

275 3914 621 3966 Ποσειόεῶνα
670 3924 859 3969 noster
920 3915 1196 3984 appellare
1251 3916 1558 3980 consuevit,
1593 3917 1697 3971 hoc
1739 3917 1860 3972 loco

278 4007 768 4078 Μαιμακτηριῶνα
804 4007 1024 4064 dixerit.
1073 4009 1218 4064 Sane
1261 4010 1377 4080 ipse
1421 4005 1602 4065 innuit
1643 4025 1753 4065 non
1792 4027 1860 4066 ex

281 4100 508 4172 prOpria
541 4117 598 4154 se
628 4100 742 4162 hic,
780 4099 877 4154 sed
927 4115 991 4154 ex
1019 4098 1195 4154 aliena
1236 4101 1382 4171 loqui
1407 4101 1702 4167 sententia,
1728 4102 1859 4158 dum

279 4192 425 4250 hunc
461 4208 702 4247 mensem
737 4207 845 4246 non
880 4192 1129 4248 absolute
1162 4195 1643 4264 Μαιμακτηριῶνα
1676 4205 1858 4259 vocat,

280 4287 373 4342 sed
431 4303 562 4341 cum
623 4286 719 4356 qui
757 4287 914 4352 juxta
966 4286 1334 4349 Athenienses
1387 4287 1464 4341 sic
1517 4289 1858 4356 appelletur;

277 4378 747 4450 quemadmodum
789 4377 872 4451 lP.
927 4377 1055 4451 495]
1091 4379 1257 4443 idem,
1288 4395 1342 4448 p.
1375 4378 1503 4444 506,
1550 4380 1744 4434 scribit
1773 4382 1862 4436 Ja-

283 4476 562 4540 nuarium,
594 4488 758 4543 quem
800 4473 1062 4528 nimirum
1103 4474 1243 4542 ipse,
1272 4481 1333 4526 ut
1357 4488 1405 4528 c.
1435 4473 1545 4532 1.1.
1572 4490 1628 4528 ιιι
1664 4473 1864 4530 Obser-

281 4569 563 4624 vationum
621 4567 753 4622 torni
809 4567 1010 4638 prioris
1056 4567 1419 4632 ostendimus,
1454 4565 1865 4624 Hecatombteo-

281 4675 402 4716 nem
451 4661 666 4731 judicat
725 4659 931 4716 debere
977 4661 1262 4730 appellari,
1320 4660 1647 4716 Lenaznncm
1703 4663 1860 4733 juxta

281 4751 646 4827 Athenienses
671 4769 701 4828 a
729 4753 1060 4824 quibusdam
1093 4753 1225 4818 dici,
1271 4769 1379 4808 non
1434 4766 1584 4810 recte
1610 4771 1713 4811 suo
1743 4757 1867 4828 qui-

285 4847 401 4904 dem
465 4848 700 4922 judicio,
751 4863 1070 4920 quanquam
1130 4849 1247 4915 ipse
1309 4842 1607 4919 aliquando
1666 4864 1860 4906 eorum

286 4943 669 4998 auctoritatem
724 4952 961 5000 secutus,
1005 4941 1224 4997 fuisset.
1259 4940 1452 4998 Simile
1481 4944 1742 5013 quiddam
1773 4945 1891 5004 hic.

288 5032 724 5106 intelligendum,
755 5034 862 5089 etsi
908 5045 1103 5090 auctor
1128 5050 1229 5107 pro
1285 5051 1386 5090 suo
1437 5052 1590 5092 more
1625 5036 1862 5094 obscure

288 5141 349 5182 ac
374 5127 661 5192 dimidiate
716 5141 804 5182 res
831 5126 1174 5197 exprimendi
1208 5129 1357 5184 clare
1393 5129 1584 5199 utique
1616 5145 1740 5192 ,non
1774 5131 1862 5185 in-

290 5218 454 5286 dicat,
484 5221 579 5277 sed
607 5220 865 5278 absolute
895 5221 1114 5277 videtur
1145 5221 1328 5278 dicere
1361 5224 1667 5295 Augustum
1695 5224 1866 5283 Athe-

291 5312 572 5371 niensibus
624 5315 1125 5370 Maema’cterionem
1162 5332 1306 5380 esse,
1342 5333 1465 5373 cum
1515 5326 1698 5374 tamen
1730 5322 1864 5378 satis

292 5394 546 5480 appareat
577 5411 632 5467 id
667 5410 822 5466 illum
865 5426 976 5466 non
1008 5410 1312 5468 credidisse
1345 5413 1506 5484 plane
1561 5415 1636 5468 ita
1662 5431 1720 5470 se
1767 5415 1866 5470 ha-

295 5497 434 5556 bere.
473 5501 687 5558 Etenim
722 5501 767 5555 si
821 5501 903 5556 sic
929 5512 1202 5565 censeret,
1240 5518 1349 5558 non
1389 5513 1497 5557 tam
1532 5520 1675 5575 saepe
1726 5505 1862 5560 alibi

302 5592 727 5649 ﬂcmacterionis
775 5595 1044 5652 vocabulo
1075 5595 1323 5662 Junium,
1365 5597 1676 5666 Augustum
1730 5613 1862 5654 vero

297 5680 589 5757 Posideonis
625 5685 948 5744 indicasset.

361 5778 774 5852 Μαμάιουθος.
806 5780 1070 5850 Δεύτιραι
1103 5781 1382 5850 φροντίδες
1412 5780 1508 5834 καὶ
1559 5781 1731 5850 φίλων
1757 5783 1865 5837 τῶν

301 5867 482 5941 inim
513 5875 854 5947 ὑ,.ομνήσεις
901 5885 1193 5944 suggerunt
1228 5874 1315 5928 hic
1349 5874 1554 5946 aliquid
1588 5881 1732 5944 quod
1766 5876 1861 5932 ad-

1893 4536 1941 4595 Ι)

1969 3237 2107 3306 quit,
2147 3236 2319 3291 adhuc
2365 3236 2648 3301 hominem,
2690 3246 2739 3291 et
2773 3253 2890 3291 eum
2921 3239 3112 3308 quaeris
3154 3230 3372 3294 imitari
3409 3249 3458 3295 et
3484 3255 3552 3296 ea:

1967 3333 2061 3387 illo
2094 3335 2338 3401 pendere,
2365 3331 2541 3386 adhuc
2569 3329 2705 3385 lacte
2756 3331 2833 3387 vis
2860 3333 3057 3388 nutriri
3077 3344 3124 3389 et
3154 3335 3251 3402 ﬁes
3285 3343 3547 3390 mammo-

1967 3425 2242 3498 threptus,
2295 3425 2476 3497 quales
2533 3428 2791 3481 dicuntur
2844 3427 2995 3498 pueri
3046 3427 3136 3494 qui
3191 3428 3545 3498 diu-sugunt,

1966 3523 2106 3594 quod
2137 3538 2242 3576 non
2277 3517 2447 3578 decet.
2493 3518 2694 3575 Notum
2729 3522 3023 3576 autemest
3066 3522 3421 3590 experientia,
3450 3536 3546 3577 cn-

1960 3619 2050 3686 jus
2083 3619 2364 3688 assignant
2393 3633 2610 3672 causam
2648 3616 2862 3680 medici,
2900 3629 3099 3686 pueros
3135 3618 3225 3688 qni
3258 3631 3362 3670 non
3397 3615 3550 3671 abla-

1967 3721 2186 3766 ctantur
2219 3711 2562 3780 tempestive,
2618 3710 2934 3765 adolescere
2967 3709 3163 3765 bardos
3187 3725 3248 3762 ac
3280 3707 3545 3778 stupidus,

1966 3813 2023 3860 et
2079 3805 2268 3874 quales
2336 3805 2722 3864 describuntur
2790 3802 2858 3856 ab
2923 3801 3284 3870 Aristophane
3341 3801 3550 3870 Βχτράο

1967 3915 2106 3969 χοις,
2167 3896 2259 3953 l‘ol.
2322 3897 2444 3962 125,
2495 3897 2730 3967 p.2ed.
2795 3896 2984 3949 Graeca
3035 3893 3362 3949 Florentium
3420 3893 3548 3946 anni

1969 3992 2151 4051 1525.
2219 3989 2649 4060 ἀὸελτερώτεροι
2677 4033 2691 4056 ,
2756 3989 3088 4059 κεχηνότες,
3161 3985 3548 4057 μαμμάκυθοι,

1968 4091 2137 4142 stulte
2183 4087 2440 4140 hiabnndi
2474 4096 2525 4138 et
2551 4086 2774 4140 salivam
2795 4101 2889 4140 ore
2921 4083 3078 4152 703
3111 4080 3341 4135 deﬂuere
3364 4083 3552 4134 sinen-

1970 4192 2070 4240 tes.
2130 4182 2272 4250 quod
2332 4180 2348 4234 Ι
2401 4179 2552 4234 Sam.
2585 4195 2635 4233 c.
2698 4194 2810 4240 χιιι,
2872 4178 2957 4243 l5,
2992 4176 3298 4230 utinsanitc
3332 4175 3547 4244 tignum

1969 4279 2211 4346 ponitur.
2244 4271 2382 4327 Galli
2421 4271 2577 4324 hodie
2614 4270 2818 4337 vulgari
2863 4265 3114 4322 sermone
3145 4268 3276 4321 tales
3311 4265 3552 4318 indicant

1970 4369 2137 4423 verbo
2185 4368 2311 4429 τοὺς
2358 4366 2657 4434 κεχηνότας
2693 4365 3053 4434 exprimente,
3084 4363 3313 4414 baduux.
3348 4360 3451 4413 Sed
3485 4361 3549 4413 de

1972 4463 2054 4516 his
2079 4463 2200 4529 plus
2227 4460 2382 4512 satis.

2040 4551 2443 4619 Μαρκούτζας.
2473 4552 2625 4620 Quod
2683 4553 2735 4604 in
2766 4553 2930 4622 priori
2987 4550 3266 4607 Glossario
3303 4548 3550 4617 suspica-

1958 4648 2065 4706 bar
2122 4646 2475 4717 μαρκούτζας
2507 4645 2790 4712 legendum
2845 4645 2948 4702 vol.
3013 4646 3057 4709 l,
3104 4660 3156 4715 p.
3209 4642 3337 4710 282,
3394 4658 3550 4698 cont-

1967 4742 2165 4809 prohat
2199 4736 2480 4790 Maltretns
2515 4747 2728 4799 n05ter,
2763 4736 2920 4806 cujus
2953 4751 2983 4791 e
3013 4733 3210 4790 litteris
3242 4735 3305 4788 ad
3344 4750 3429 4789 tne
3458 4735 3553 4789 tia-

1959 4832 2039 4884 .tis
2077 4832 2187 4883 lucc
2222 4829 2517 4883 describo:
2557 4847 2575 4882 ‹
2617 4829 2671 4882 ln
2709 4828 2874 4883 verbo
2913 4827 3288 4898 Μαρμούτζας
3319 4826 3552 4897 praefero

1970 4927 1990 4973 t
2024 4935 2147 4974 cum
2193 4919 2524 4987 exemplaria
2558 4933 2677 4988 qua:
2719 4920 3072 4989 μαρκούτζας
3119 4918 3392 4986 scribunt,
3425 4925 3546 4972 cum

1967 5012 2086 5079 ejus
2116 5012 2362 5067 vocabuli
2399 5014 2476 5067 sic
2517 5015 2706 5082 scripti
2742 5015 2895 5084 origo
2923 5015 3151 5073 Arabica
3200 5010 3378 5069 [aveat
3419 5028 3551 5068 sen-

1969 5109 2150 5160 tentiae
2215 5106 2324 5160 illic
2379 5107 2628 5162 iudicatae
2686 5107 3059 5178 Pachymeris.
3091 5118 3184 5168 πω
3239 5123 3356 5160 utar
3397 5107 3545 5161 enim

1967 5202 2233 5255 Arabibus
2269 5202 2348 5255 uir
2392 5211 2572 5269 sonat,
2605 5210 2659 5257 et
2693 5211 2792 5267 τη
2841 5201 2988 5257 kulzi
3026 5203 3372 5274 longinquus,
3434 5202 3552 5258 sive

1966 5309 2034 5350 ex
2066 5295 2361 5367 longinquo
2393 5295 2668 5368 profectus
2705 5297 2937 5353 advena.
3469 5307 3481 5320 '

2038 5410 2126 5485 [P.
2193 5409 2342 5484 £96].
2400 5412 2881 5479 Μεσιτεύοντες,
2933 5427 2984 5482 p.
3041 5410 3168 5468 208.
3229 5412 3314 5467 Ex,
3363 5410 3552 5467 multis

1970 5505 2210 5560 historiae
2241 5505 2400 5573 hujus
2433 5507 2588 5570 locis,
2621 5516 2678 5560 et
2710 5506 3018 5576 {aequalium
3056 5505 3374 5576 Pachymcri
3415 5505 3552 5561 scri-

1970 5608 2211 5666 ptorum,
2246 5598 2648 5652 obéervandum
2706 5598 2896 5665 semel,
2921 5615 2923 5618 ·
2945 5596 3016 5652 ad
3049 5597 3206 5668 hujus
3233 5605 3288 5651 et
3318 5597 3545 5650 aliorum

1971 5689 2384 5759 intelligentiam
2434 5673 2696 5757 locorum,
2761 5693 3146 5763 μεσιτεύοντας
3199 5693 3288 5746 illa
3344 5705 3552 5760 tempe-

1971 5789 2112 5834 State
2140 5780 2610 5853 Constantinopoli
2640 5784 2746 5840 dici
2795 5801 2892 5843 eos
2923 5788 3133 5855 solitos,
3169 5785 3263 5857 qui
3293 5788 3466 5856 gratia
3493 5796 3550 5839 et

1969 5873 2371 5934 existimatione
2416 5881 2468 5934 in
2504 5879 2696 5950 primis
2745 5883 3011 5952 pollentes
3061 5883 3201 5953 apud
3243 5880 3549 5953 principem
