4012 6236
450 371 564 438 765

1404 364 1467 427 P.
1509 361 1821 427 POSSINI
1861 352 2517 424 OBSERVATIONUM
2555 353 2704 415 LIB.
2745 352 2798 415 I.

3619 338 3728 406 76L

454 482 818 537 instrumenta
848 477 924 534 illi
963 477 1230 549 przecipua
1277 477 1556 549 regiminis
1585 476 1820 531 universi
1854 481 2032 540 erant,
2065 475 2109 533 Α
2141 468 2406 526 iiscalium
2463 466 2727 540 quidquid
2769 465 2974 535 cuique-
3012 461 3321 518 abundaret
3369 475 3533 531 supra
3569 474 3714 514 mere

460 581 661 628 cuneta
695 570 810 627 fere
837 587 934 642 per
963 569 1085 624 illos
1116 578 1212 625 aut
1240 583 1431 625 eorum
1463 583 1630 624 suasu
1660 567 2045 623 interventum

2149 561 2518 619 necessariam
2549 568 2675 616 tuta:
2734 558 3026 614 toleranda:
3053 571 3346 620 annonam,
3395 553 3634 610 conferri
3667 554 3732 627 ad

458 667 687 735 gerenti.
719 663 1004 733 Ministros
1045 663 1295 734 quaedam
1339 664 1568 732 Ettmpae
1600 660 1738 716 aula
1768 661 2050 723 bodleta-
2148 654 2391 710 delectus
2443 653 2723 710 habendos
2769 652 3009 722 iussum,
3055 650 3170 706 sola
3204 649 3369 704 victui
3416 645 3734 721 quotidiana

459 763 541 836 les
573 762 693 817 κατ’
727 758 920 831 ιεοχὴν
981 768 1036 815 et
1091 756 1529 813 antonomastice
1573 755 1868 827 appellant,
1923 753 2047 808 {un-

458 860 810 926 ctionemque
845 855 1088 924 ipsorum
1145 851 1390 907 absolute
1446 850 1832 906 ministerium.
1888 846 2046 921 Ejus-

465 950 608 1006 modi
649 949 752 1004 i‘uit
801 946 938 1017 apud
975 947 1345 1002 Andronicum
1397 942 1556 1010 liuius
1593 941 1836 998 historiae
1883 956 2051 1010 argu-

466 1054 711 1098 mentum
745 1042 921 1112 primo
954 1039 1276 1095 Theodorus
1323 1038 1557 1100 Muzalo,
1593 1035 1628 1094 l.
1667 1053 1706 1105 ι,
1749 1051 1800 1091 c.
1855 1037 1874 1091 Ι
1911 1045 1963 1091 et
1991 1035 2048 1100 9.,

464 1137 659 1192 deinde
688 1135 968 1192 Cbumnus
998 1135 1286 1204 prai’et-tns
1305 1132 1552 1198 cauiclci,
1581 1132 1616 1185 l.
1649 1147 1708 1193 ιι.
1738 1148 1791 1187 c.
1823 1131 2046 1196 ultimo;

456 1229 506 1287 .l.
537 1245 610 1294 tv,
639 1245 687 1282 c.
719 1230 774 1290 7,
803 1237 856 1281 et
887 1227 1033 1280 alibi.
1062 1225 1212 1291 Quos
1243 1224 1608 1293 Pachymeres
1641 1221 2049 1293 μεσιτεύοντας,

471 1322 690 1376 videtur
716 1320 1132 1376 Cantacnzenus
1156 1330 1214 1374 et
1243 1317 1545 1373 Phrantzcs
1586 1315 1926 1385 μεσάζοντας
1955 1329 2054 1369 vo-

471 1432 596 1472 care
626 1433 644 1482 ;
675 1415 741 1470 de
770 1415 968 1486 quibus
1007 1415 1126 1467 vide
1157 1429 1278 1480 quae
1309 1412 1530 1466 adnotat
1558 1411 1836 1465 Pontanus
1864 1420 2052 1465 noster

473 1510 526 1565 in
584 1509 990 1578 Prolegumenis
1043 1506 1109 1560 ad
1164 1505 1474 1561 Phranlzen
1545 1506 1626 1558 Ad
1689 1520 1750 1558 ea
1791 1517 1912 1574 quae
1967 1503 2057 1558 hic

2149 748 2228 805 sic
2255 759 2665 802 suctoratorutn
2694 755 2849 817 parte
2880 742 3173 799 suilectura
3206 742 3422 805 relicta,
3454 757 3622 811 quam
3653 741 3743 795 hic

2155 838 2676 914 μονοκελλικδνιιίεἱ
2701 847 3003 893 autumem.
3044 836 3202 903 Quod
3233 839 3278 893 si
3314 837 3403 892 cui
3457 835 3604 890 haud
3632 833 3744 904 pia-

2153 941 2258 997 cet,
2289 932 2433 987 aliud
2460 938 2738 1002 suggerat.

2225 1026 2612 1092 Μουγούλιοι,
2643 1041 2697 1094 p.
2759 1024 2885 1090 620,
2946 1035 2997 1077 et
3032 1039 3081 1094 β.
3132 1023 3258 1078 637.
3295 1021 3442 1089 Quos
3495 1021 3747 1091 plerique

2155 1117 2473 1174 Latinorum
2508 1117 2784 1181 Tartarea,
2822 1117 2998 1174 Grreci
3035 1117 3238 1182 passim
3297 1126 3351 1169 et
3385 1115 3598 1170 Arabes
3635 1110 3747 1170 Tc-

2155 1224 2323 1277 taros,
2351 1209 2718 1279 Pachymeres
2749 1207 3014 1264 Tocharos
3062 1208 3325 1280 (Plinium
3357 1219 3609 1270 secutus,
3648 1206 3738 1277 qui

2156 1306 2193 1362 l.
2226 1323 2300 1372 vr,
2336 1323 2393 1363 c._
2421 1306 2510 1366 Π,
2564 1305 2707 1360 inter
2733 1303 3021 1375 Scythicas
3058 1311 3250 1372 gentes
3289 1301 3494 1356 diserte
3527 1300 3753 1356 Tochao

2157 1416 2250 1454 ros
2287 1413 2566 1464 recenset;
2621 1415 2725 1453 nou
2762 1399 2922 1469 longe
2981 1397 3272 1452 abludeute
3309 1394 3609 1460 Strabone,
3656 1396 3745 1464 qui

2157 1493 2297 1548 libro
2326 1509 2378 1548 ιι
2433 1493 2655 1549 eosdem
2719 1492 3003 1547 Tat-baros
3062 1491 3343 1564 appellat),
3389 1506 3485 1547 eos
3532 1491 3750 1546 dixerat

473 1605 657 1662 Scribo
711 1603 898 1672 refingi
933 1602 1094 1655 velim
1147 1615 1267 1672 quae
1318 1600 1482 1666 priori
1531 1598 1812 1654 Glossario
1870 1597 2052 1653 notavi

2181 1601 2292 1652 am,
2326 1585 2431 1640 vol.
2471 1584 2511 1651 i,
2567 1583 2708 1639 idem
2764 1582 3062 1639 historicus
3091 1595 3298 1645 noster.
3331 1598 3385 1650 p.
3436 1584 3572 1646 δη.
3628 1597 3750 1639 sese

471 1697 640 1752 verbo
706 1695 978 1766 μεσάζων.
1015 1693 1150 1749 [llud
1211 1694 1376 1749 etiam
1438 1693 1693 1761 adiungo,
1757 1689 1901 1746 unde
1929 1694 2051 1746 non

471 1807 664 1861 parum
719 1790 1120 1844 conﬁrmantur
1162 1786 1433 1856 hactenus
1487 1785 1655 1849 dicta,
1709 1798 1805 1840 eos
1853 1784 1946 1854 qui
1985 1781 2052 1836 ad

2161 1680 2307 1751 ipsos
2332 1694 2530 1734 vocare
2561 1677 2832 1749 Mupulios
2859 1677 3235 1733 consuevisse.
3259 1677 3595 1748 Haesimus
3625 1694 3757 1732 con-

2161 1784 2372 1830 stanter
2397 1773 2633 1845 appellat
2675 1771 2976 1843 Gregorius
3009 1771 3446 1842 Abulpharagius
3498 1771 3555 1826 in
3595 1787 3758 1826 aecu-

473 1854 619 1942 istud
676 1885 982 1955 principale
1013 1854 1378 1938 ministerium
1428 1879 1911 1950 promovebantur,
1946 1872 2056 1928 dici
2088 1854 2134 1913 Β
2165 1868 2437 1925 ratis’simo
2483 1867 2756 1924 Chronico
2803 1865 3036 1923 Arabice
3064 1868 3270 1938 scripto
3303 1867 3410 1923 sub
3444 1868 3590 1922 idem
3621 1879 3757 1923 tent-

473 1982 824 2035 consuevisse
882 1978 1331 2044 ἀποκαταστῆναι
1388 1975 1483 2028 ἐπὶ
1515 1972 1607 2027 τοῦ
1640 1971 1830 2042 μέσου,
1867 1976 1924 2022 ut
1972 1967 2056 2022 vi-

476 2076 611 2129 dere
637 2084 720 2128 est
749 2073 889 2142 apud
938 2072 1082 2126 hunc
1118 2078 1364 2124 nostrum
1403 2075 1681 2122 auctorem
1719 2063 1775 2118 in
1813 2061 1978 2116 titulo
2005 2067 2058 2115 c.‘

477 2165 572 2231 32,
626 2161 665 2221 l.
715 2180 778 2225 ιι.
818 2162 906 2218 ubi
945 2163 1006 2216 τὸ
1073 2161 1234 2234 μέσον
1266 2175 1463 2215 nomen
1506 2167 1587 2214 est
1639 2155 1798 2211 cilicii
1861 2152 2056 2221 hujus;

479 2259 623 2329 quod
658 2258 767 2311 illic
801 2255 992 2312 Latine
1029 2253 1234 2311 reddidi
1284 2270 1466 2308 curam
1499 2250 1820 2324 primariam
1849 2248 2057 2316 princi-

480 2349 683 2423 poliunt
715 2352 1066 2419 negotiorum.

552 2446 741 2502 Μέπε.
789 2445 860 2497 De
910 2443 1059 2512 Mope
1084 2440 1276 2496 Iberia!
1327 2448 1630 2495 memorato
1685 2439 1739 2492 in
1776 2430 2062 2492 Glossario

477 2537 591 2594 vol.
627 2552 668 2602 ι,
699 2551 764 2590 cx
798 2551 867 2606 Ap.
903 2534 1030 2598 216.
1065 2535 1143 2589 sic
1178 2512 1434 2590 admonet
1461 2533 1720 2589 Claudius
1775 2531 2062 2585 Maltretus

485 2640 716 2687 noster:
758 2604 952 2699 «.Quid
1013 2627 1057 2685 si
1122 2630 1465 2699 suspicemur
1515 2626 1814 2696 principem
1873 2621 2062 2679 lberite

483 2722 634 2794 Mepe
662 2721 862 2777 dictum
891 2738 918 2777 a
955 2719 1287 2794 Pacltymere
1311 2719 1589 2775 additione
1614 2717 1821 2775 Gracia
1850 2716 2066 2774 citerio-

482 2815 559 2868 ris
585 2815 683 2870 aevi
714 2813 916 2870 usitata
947 2811 1041 2867 τοῦ
1080 2831 1118 2884 μ
1152 2823 1282 2869 ante
1323 2830 1386 2866 π.
1423 2811 1512 2866 Sic
1540 2813 1686 2866 enim
1718 2809 1793 2866 illi
1819 2807 2066 2865 scribunt

485 2906 705 2976 μπέιλλα
756 2906 926 2975 palla,
990 2907 1302 2978 μπαρουνία
1358 2921 1456 2976 pro
1514 2905 1762 2968 baronia,
1821 2901 2065 2974 μπασιας

481 2998 664 3065 bassa,
699 3002 1007 3070 μποτέστας
1023 2999 1485 3068 potestas,etalia
1514 2997 1685 3053 multa
1720 2998 1862 3066 apud
1890 2996 2069 3053 Meur-

484 3095 650 3148 sium.
703 3094 946 3150 Potuerit
995 3110 1123 3166 ergo
1153 3095 1383 3168 dynasta
1417 3093 1694 3148 lberorum
1734 3086 1839 3148 illis
1883 3088 2066 3147 vocari

484 3197 604 3248 ττι-πει
627 3187 788 3256 peheft
819 3197 870 3241 et
893 3196 1174 3242 contractu
1203 3204 1284 3254 pe,
1314 3201 1434 3256 qum
1458 3201 1560 3239 vos
1594 3185 1784 3239 ducem
1817 3199 1880 3239 ac
1916 3185 2068 3254 prin-

487 3281 665 3348 cipem
697 3277 926 3341 indicat,
978 3287 1030 3332 et
1062 3293 1091 3331 a
1150 3277 1505 3346 Pacliymet-e,
1550 3275 1778 3330 solemni
1841 3276 2070 3330 istorum

486 3371 584 3426 τοῦ
627 3389 664 3440 μ
697 3371 1098 3440 praepositione,
1155 3371 1269 3440 Mpe
1318 3370 1612 3437 nominari,
1643 3370 1786 3424 unde
1819 3369 1952 3425 vitio
1980 3385 2074 3425 ex-

492 3465 779 3532 scriptoris
811 3462 958 3532 Mepe
989 3462 1226 3518 ﬂuxerit.
1264 3481 1284 3514 s

529 3557 1040 3616 ‘Moroxslltxdr.
1101 3572 1153 3626 p.
1210 3554 1337 3611 590.
1369 3555 1509 3622 Quid
1565 3555 1775 3610 dicatur
1815 3555 1917 3611 hoc
1953 3557 2074 3613 loco

498 3647 898 3717 μονοκελλικόν,
952 3649 1211 3702 libentius
1249 3647 1512 3702 discerem
1568 3664 1731 3718 quam
1787 3649 2074 3718 aggrediar

493 3743 713 3795 docere.
749 3740 913 3796 Multa
957 3742 1103 3796 enim
1152 3742 1240 3796 diu
1271 3741 1562 3811 quaerenti.
1591 3756 1782 3812 parum
1808 3737 1950 3811 quod
1982 3757 2076 3795 sa-

496 3835 774 3891 tisfaceret
803 3839 1058 3890 occurrit.
1083 3834 1186 3891 Res
1214 3835 1327 3905 ipsa
1362 3835 1728 3889 locumtotum
1761 3840 2075 3904 expenden-

494 3931 639 3986 tibus
668 3930 963 3999 persuadet
1007 3931 1109 3985 hoc
1131 3927 1531 3996 σμονοκελλικόν
1566 3929 1838 3999 pertinere
1871 3929 1942 3983 ad
1977 3945 2070 4000 ge-

497 4038 598 4076 nus
619 4023 905 4094 προνοιῶν,
932 4023 1250 4090 pensionum
1287 4035 1384 4075 seu
1419 4033 1726 4076 aunuorum
1757 4035 2017 4075 censuum
2043 4019 2086 4075 e'

501 4117 632 4171 iisco
696 4117 1082 4185 praebitorum;
1155 4115 1318 4188 704
1383 4114 1567 4185 qualia
1627 4127 1772 4170 nunc
1827 4125 2079 4172 auctora-

501 4223 704 4276 menta,
765 4204 1089 4281 gravissimo
1127 4210 1442 4281 reipublicae
1502 4219 1769 4278 tempore,
1801 4208 2000 4265 remitti
2045 4225 2076 4264 a

497 4320 586 4372 jus
618 4305 943 4358 habentibus
983 4306 1050 4356 ad
1085 4304 1170 4358 ill.)
1213 4303 1560 4376 c0nferrique
1615 4303 1682 4358 ad
1719 4302 1944 4357 militem
1982 4317 2082 4357 no—

503 4413 627 4450 vum
665 4399 1099 4462 conducendum,
1129 4397 1434 4453 decrevisse
1487 4399 1874 4468 imperatorem
1909 4395 2078 4453 refert

502 4492 803 4548 historicus
829 4493 931 4547 lmc
965 4492 1104 4557 loco,
1143 4491 1346 4547 addens
1382 4501 1560 4546 tamen
1595 4503 1884 4562 exceptum
1913 4491 2082 4548 fuisse

2168 1978 2294 2036 pus,
2324 1970 2420 2017 aut
2455 1978 2562 2016 non
2591 1961 2763 2015 multo
2796 1961 3052 2032 superius
3083 1975 3248 2034 quam
3277 1974 3432 2016 suam
3491 1962 3640 2016 hanc
3673 1960 3759 2016 lti-

2165 2057 2394 2113 storiam
2428 2055 2790 2127 Pachymeres
2821 2063 3306 2115 commentaretur.
3334 2056 3469 2123 Quin
3502 2065 3562 2112 et
3592 2055 3762 2128 Ayto—

2167 2166 2270 2206 nus
2325 2151 2573 2221 ejusdem
2630 2148 2730 2204 aevi
2790 2150 3050 2220 scriptor,
3105 2163 3158 2204 c.
3213 2147 3279 2204 l6
3327 2147 3588 2204 Historia:
3647 2160 3757 2203 suae

2169 2242 2486 2310 Orientalis,
2519 2259 2638 2312 quae
2684 2241 2877 2296 Latine
2909 2251 3110 2306 exstat,
3144 2239 3314 2312 Mogli
3346 2241 3578 2298 eosdem
3615 2241 3762 2296 voci-

2173 2349 2312 2394 tatos
2359 2347 2644 2392 memorat.
2680 2336 2836 2404 Quod
2885 2351 3084 2391 nomen
3128 2335 3487 2392 Leunclavius
3550 2334 3761 2390 indicat

2170 2431 2386 2501 proprie
2417 2429 2732 2500 designasse
2783 2431 2990 2500 aliquot
3037 2429 3349 2500 singulares
3395 2428 3628 2499 populos
3656 2429 3766 2496 (se-

2170 2538 2315 2595 ptem
2349 2524 2419 2580 ab
2450 2527 2666 2596 Aytono
2697 2523 3080 2594 numerantur)
3122 2525 3402 2580 communi
3432 2521 3758 2579 Tocharica:

2171 2629 2266 2674 aut
2316 2618 2582 2674 Talarica'.
2620 2619 2798 2690 gentis
2855 2617 3216 2690 appellatione
3264 2617 3536 2684 censitos,
3595 2613 3670 2673 ita
3703 2624 3759 2667 ιιι

2170 2710 2429 2782 adjuncto
2467 2713 2704 2783 quodam
2755 2713 2897 2768 inter
2951 2726 3011 2767 se
3066 2711 3537 2776 discernerentur,
3575 2723 3761 2784 quem-

2173 2804 2464 2862 admodum
2530 2808 2585 2864 in
2625 2805 2841 2872 Gctbis,
2870 2806 3242 2875 Ostrogothis.
3273 2804 3582 2876 Vieigotbis
3645 2804 3757 2860 fieri

2173 2901 2443 2958 videmus.
2468 2898 2626 2966 Nam,
2657 2912 2710 2956 ut
2739 2902 2784 2956 is
2824 2901 3063 2970 scriptor
3085 2901 3182 2966 ait,
3215 2899 3460 2971 Stentoin
3495 2890 3765 2955 diceban-

2175 3004 2263 3048 tur
2292 2997 2492 3050 accolte
2522 2993 2706 3048 Talarl
2738 2994 2941 3058 amnis,
2976 3009 3098 3062 qure
3139 3007 3244 3048 vos
3278 2995 3520 3062 ipserum
3576 2993 3758 3059 lingua

2177 3087 2447 3160 Magulios
2477 3089 2749 3160 aquatica:
2774 3089 3074 3156 signiticet;
3106 3101 3172 3143 ac
3202 3086 3280 3144 sic
3325 3086 3416 3143 alii
3453 3087 3583 3143 aliis
3611 3086 3762 3144 dide-

2179 3184 2370 3237 rentiis
2390 3184 2456 3238 ad
2489 3183 2738 3238 notitiam
2774 3185 3236 3255 insigniebantur.
3261 3179 3432 3254 Hujus
3465 3197 3635 3251 porro
3665 3199 3761 3254 pe-

2177 3277 2402 3332 culiaris
2461 3278 2661 3349 speciei
2721 3276 3134 3345 Tucbarorum,
3198 3292 3322 3349 quae
3388 3275 3758 3348 Muguliorum

2177 3370 2442 3427 vocabulo
2462 3371 2772 3442 generalem
2815 3371 3134 3429 Tocharicz
3159 3382 3254 3428 aut
3275 3369 3549 3428 Taurica
3585 3369 3762 3444 gentis

2179 3462 2674 3519 nomenclationem
2729 3464 3114 3531 contrahebat,
3164 3461 3444 3535 proprium
3478 3462 3589 3520 fuit
3629 3462 3760 3518 illud

2179 3555 2466 3626 imperium
2497 3557 2642 3628 quod
2667 3557 2738 3610 ab
2765 3551 2909 3611 anno
2938 3556 3136 3613 Christi
3164 3557 3304 3614 1202
3328 3572 3426 3628 per
3449 3566 3678 3614 centum
3709 3566 3762 3612 et

2179 3651 2329 3719 quod
2383 3652 2628 3705 excurrit
2679 3663 2854 3707 armos
2907 3651 3011 3706 late
3065 3667 3164 3724 per
3201 3639 3384 3708 Asiam
3424 3653 3493 3708 ‘et
3549 3660 3759 3722 partem

2183 3744 2637 3810 Septentrionalis
2698 3743 2932 3814 Europae
2993 3731 3205 3815 magnis
3236 3743 3599 3801 victoriarum
3638 3758 3764 3801 suco

2179 3835 2742 3902 cessibusinclaruit;
2776 3836 2930 3904 cuius
2964 3835 3091 3905 quia
3116 3843 3460 3904 sapenoster
3486 3834 3758 3901 meminit,

2179 3931 2344 3985 breve
2365 3929 2638 4000 specimen
2660 3929 2852 3985 damus
2868 3944 2917 3986 c.
2948 3929 3001 3997 7,
3030 3929 3066 3986 l.
3094 3946 3177 3997 tu,
3198 3930 3390 3985 barum
3410 3929 3764 3986 Observatio-

2182 4037 2334 4078 num.
2355 4023 2754 4096 Gingizebanes
2771 4022 3046 4089 videlicet,
3069 4034 3260 4080 auctor
3272 4025 3392 4096 ejus
3425 4024 3665 4094 imperii,
3696 4039 3758 4079 ex

2184 4117 2347 4193 705
2391 4119 2476 4173 illa
2513 4117 2886 4174 Tocharorum
2931 4128 3087 4188 parte
3127 4117 3351 4188 stirpem
3401 4117 3675 4184 trahebat,
3709 4125 3763 4172 ut

2185 4214 2360 4270 innuit
2396 4212 2852 4285 Abnlpbaragius,
2896 4225 3015 4280 quae
3061 4211 3319 4279 peculiari
3367 4211 3760 4283 Hogulensium

2183 4306 2543 4377 appellatione
2584 4303 2928 4360 noscebatur.
2975 4302 3156 4370 Certe,
3204 4303 3346 4374 quod
3395 4303 3540 4360 idem
3588 4287 3762 4360 diser-

2187 4399 2395 4456 tissime
2423 4398 2674 4463 afﬁrmat,
2711 4397 3101 4466 Iugulensium
3135 4398 3393 4454 concordi
3416 4398 3681 4455 electione
3711 4408 3764 4452 et

2187 4496 2367 4552 delato
2398 4493 2728 4548 unanimiter
2761 4493 3024 4562 obsequio
3054 4493 3193 4548 idem
3228 4484 3630 4564 Gingizchaues
3654 4495 3762 4563 pri—

511 4583 914 4654 μονοκελλικόν,
943 4586 1086 4653 quod
1128 4584 1337 4637 salvum
1368 4583 1772 4654 possidentibus
1811 4593 2077 4639 maneret.
2112 4593 2156 4649 ι)
2187 4605 2331 4644 mam
2365 4604 2518 4642 suam
2553 4596 2630 4650 et,
2655 4597 2710 4640 ut
2738 4587 2816 4640 sic
2848 4584 3050 4652 dicam,
3077 4587 3426 4656 origiuariam
3464 4589 3760 4657 potentiam

503 4677 645 4742 Quid
678 4677 727 4731 al
757 4679 824 4762 tui
852 4678 1102 4747 suspicer
1132 4693 1296 4745 quam
1325 4679 1398 4732 ita
1422 4688 1668 4732 vocatam
1713 4687 1922 4748 partem
1949 4693 2082 4747 pen-

506 4773 719 4824 sianum
758 4772 984 4840 przecisc
1014 4770 1380 4825 necessariam
1433 4771 1499 4824 ad
1551 4772 1757 4826 victum
1790 4771 2080 4835 diurnum;

504 4881 612 4932 quo
646 4865 847 4933 privari
903 4863 1279 4935 pensiouarios
1340 4864 1530 4933 utique
1582 4879 1689 4918 non
1752 4863 2084 4934 oportebat?

508 4960 709 5021 Κέλλι,
743 4975 805 5014 ει
838 4958 1033 5013 Latino
1063 4959 1220 5025 cella,
1265 4973 1463 5027 penum
1491 4973 1596 5012 non
1636 4972 1759 5012 raro
1786 4959 2081 5028 signiﬁcat,

506 5054 826 5120 apothecam
860 5054 1162 5123 quotidiani
1204 5051 1466 5106 alimenti.
1519 5051 1717 5118 Quidni
1765 5067 1897 5124 ergo
1928 5071 2088 5123 μονο-

505 5150 758 5202 κιλλικόν
787 5151 1101 5204 demensum
1149 5149 1489 5220 intelligatur
1535 5149 1732 5219 cuique
1776 5158 2088 5207 auctorato-

509 5259 627 5320 rum
660 5260 689 5295 e
721 5243 848 5296 ﬁsco
883 5241 1211 5310 descriptum
1259 5243 1327 5298 ad
1385 5242 1685 5297 alimenta?
1718 5253 1914 5311 praeter
1942 5244 2085 5313 quod

508 5335 626 5389 istze
673 5335 988 5404 plerumque
1046 5341 1334 5406 pensiones
1391 5335 1744 5390 abundabant
1805 5335 1875 5390 ad
1929 5353 2090 5392 orna-

513 5440 694 5483 menta
744 5438 800 5480 et
857 5428 1031 5483 minus
1081 5429 1424 5483 nere<sarias
1458 5443 1744 5497 expensas.
1803 5427 2086 5499 Saepe-legi

513 5525 653 5589 apud
688 5523 1004 5576 Ciceronem
1039 5524 1089 5575 in
1119 5521 1366 5576 Verrinis
1401 5522 1518 5574 dari
1561 5519 1783 5573 solitum
1812 5534 1844 5574 a
1876 5520 2093 5590 provin-

516 5616 597 5670 cia
642 5614 1046 5681 magistratibus
1075 5613 1334 5667 Romanis
1388 5616 1440 5667 ei
1486 5614 1734 5683 regendae
1766 5611 1946 5665 missis
1980 5612 2092 5679 frit-

517 5717 748 5762 mentum
781 5710 835 5760 in
863 5707 1046 5760 cellam
1084 5719 1176 5763 aut
1238 5708 1522 5778 pecuniam
1551 5709 1692 5762 unde
1745 5706 1795 5759 id
1829 5717 2091 5774 emerent,

517 5801 618 5855 hoc
650 5811 753 5862 est,
789 5810 844 5852 ut
881 5800 1096 5870 opinor,
1124 5802 1279 5875 itinde
1335 5800 1425 5874 [P.
1455 5800 1581 5872 A97]
1635 5816 1878 5855 mensam
1911 5802 2010 5854 sibi
2042 5812 2096 5856 et

518 5896 738 5952 lamiliae
773 5894 1151 5960 quatidiauam
1187 5897 1543 5950 instruerent.
1580 5894 1904 5951 l‘eusiouum
1932 5895 2094 5964 igitur

2185 4679 2415 4750 accepit,
2453 4678 2863 4747 transmisitque
2895 4678 2949 4732 in
2990 4689 3257 4745 pastores.
3292 4677 3409 4736 Non
3453 4690 3538 4737 est
3571 4682 3762 4739 incre-

2185 4774 2348 4827 dibile
2395 4773 2673 4827 habitasse
2715 4771 2816 4826 bos
2851 4759 3073 4843 populos
3108 4773 3160 4828 in
3202 4772 3423 4845 regione
3465 4778 3764 4848 antiquitus

2185 4866 2392 4938 Περαία
2437 4876 2662 4931 vocata,
2709 4881 2870 4936 quam
2921 4866 2977 4921 in
3022 4865 3326 4920 conﬁnibus
3358 4866 3546 4926 Hediae
3591 4885 3761 4942 prope

2189 4960 2518 5032 Elymaidcm
2554 4959 2783 5014 collocnt
2815 4957 3042 5024 Plinius,
3072 4957 3108 5015 l.
3145 4975 3197 5015 vt
3221 4957 3352 5016 Nat.
3393 4961 3562 5026 Hist,
3589 4980 3640 5019 c.
3672 4963 3758 5028 26,

2140 5122 2148 5128 ο
2190 5055 2279 5108 ubi
2326 5053 2589 5124 suspicari
2625 5053 2749 5108 licet
2773 5053 3130 5108 mutationem
3165 5053 3456 5124 irrepsisse
3499 5059 3757 5126 aliquam,

2187 5147 2368 5217 qualis
2404 5148 2456 5203 in
2487 5147 2842 5203 translatione
2875 5161 2938 5202 ex
2977 5161 3081 5200 una
3109 5147 3160 5202 in
3202 5147 3360 5203 aliam
3391 5147 3629 5217 linguam
3663 5164 3760 5207 no-

2191 5243 2399 5297 minum
2415 5241 2826 5312 peregrinorum
2845 5239 2957 5296 fere
2976 5252 3193 5311 semper
3210 5239 3524 5300 intervenit.
3550 5243 3759 5317 Magala

2191 5348 2320 5388 sane
2352 5341 2440 5387 aut
2474 5331 2699 5402 ungula
2728 5332 2888 5388 facile
2918 5349 2947 5388 a
2977 5331 3184 5392 Graecis
3215 5337 3396 5390 omnia
3433 5337 3500 5392 ad
3547 5339 3631 5394 sui
3657 5338 3762 5394 ori-

2195 5429 2347 5495 gines
2405 5426 2679 5483 idiomatis
2728 5426 2947 5483 trahere
2995 5427 3173 5482 solitis
3216 5429 3298 5500 (ut
3348 5430 3400 5484 in
3451 5429 3624 5502 Byrsa
3670 5447 3758 5504 pro

2193 5519 2389 5584 Bosra,
2443 5520 2493 5574 in
2535 5519 2708 5574 Axino
2755 5528 2806 5573 et
2847 5519 3054 5576 Euxino
3110 5537 3208 5592 pro
3255 5521 3510 5591 Ascenez,
3558 5536 3611 5581 et
3648 5527 3763 5581 aliis

2195 5614 2467 5670 sexCentis
2513 5613 2815 5683 cernimus)
2863 5614 2914 5668 in
2966 5613 3177 5685 Megale
3231 5617 3402 5686 potuit
3457 5618 3758 5680 deformari.

2198 5705 2339 5772 quod
2367 5721 2430 5760 ex
2473 5705 2580 5768 bis,
2621 5714 2680 5758 ut
2729 5705 2834 5757 alia
2885 5705 3164 5777 pleraque,
3211 5710 3506 5780 stnnpset-it
3542 5709 3757 5766 Plinius.

2201 5795 2458 5866 Equidem
2510 5797 2746 5851 arbitror
2793 5800 3088 5852 maximum
3137 5801 3295 5854 budie
3343 5816 3406 5854 ac
3452 5801 3755 5872 potentissi-

2201 5905 2346 5945 mum
2390 5891 2676 5961 imperium
2714 5890 2930 5960 Magali:
2951 5892 3297 5962 superstitem
3337 5894 3497 5951 istius
3549 5893 3757 5966 Hogola
