4004 6234
347 372 464 434 Ἱεὸ

1737 381 1781 442 G
1794 377 2267 446 LOSSARIUM.

3526 384 3640 450 765

339 496 769 568 appellationem
820 513 1067 558 servare.
1120 501 1326 558 Ferunt
1367 499 1516 560 enim
1565 499 1697 557 illud
1747 498 1942 556 condi-
1973 501 2020 561 Α
2046 500 2237 568 δοῦλος
2279 500 2378 558 τοῦ
2431 501 2593 570 Θεοῦ,
2619 530 2622 532 ·
2652 511 2761 560 etc.
2812 503 2886 562 Et
2922 511 3084 560 antea
3117 501 3328 560 similia
3375 502 3634 560 attulerat

341 601 462 644 tum
501 605 532 644 a
567 590 814 646 Baburxa
855 594 1035 664 magni
1082 593 1427 652 Tamerlanis
1461 604 1776 664 pronepote.
1826 589 1936 646 Ta-

344 681 653 738 merlanem
704 694 885 738 autem
933 699 994 738 se
1042 698 1216 754 genus
1256 700 1286 739 a
1333 683 1733 755 Mogulensibus
1798 683 1937 736 anti-

341 774 474 844 quis
509 775 849 845 principibus
881 775 1106 832 duxisse
1138 778 1282 831 haud
1312 791 1453 832 vane
1496 776 1810 848 gloriatum,
1846 790 1935 830 sa-

344 868 418 921 tis
443 877 532 922 est
567 867 884 925 verisimile.
924 868 1059 924 Nam
1097 871 1199 923 etsi
1243 870 1386 925 hunc:
1414 869 1686 924 vilissimo
1716 883 1936 940 genere,

345 971 507 1030 patre
549 961 808 1032 pecuario
842 973 1025 1017 uatum
1060 963 1114 1018 iu
1148 963 1440 1031 Sogdianis
1466 963 1745 1016 montibus
1774 961 1938 1015 Turcl

342 1057 661 1124 praesertim
710 1056 963 1113 historici
1006 1056 1369 1114 Ottomanicis
1420 1057 1754 1128 principibus
1802 1056 1941 1110 adu-

341 1141 528 1207 lantes
564 1149 915 1220 scripserint,
963 1151 1030 1207 ad
1067 1150 1436 1208 infamandam
1472 1151 1591 1222 ejus
1620 1151 1938 1205 memoriam

339 1243 437 1314 qui
472 1242 784 1299 Baiazetem
826 1245 971 1300 bello
1007 1243 1208 1300 victum
1241 1259 1305 1299 ae
1346 1251 1563 1314 raptum
1605 1242 1724 1297 dira
1765 1255 1940 1311 usque

340 1335 410 1390 ad
465 1347 699 1392 mortem
747 1339 996 1393 custodia
1048 1339 1347 1404 tenuisset,
1401 1347 1579 1390 tamen
1627 1334 1942 1389 Alltacenus

339 1428 548 1492 Arabs,
598 1429 690 1498 qui
716 1430 767 1483 ei
815 1444 1001 1485 comes
1039 1429 1352 1485 individuus
1385 1428 1788 1497 expeditionum
1823 1439 1944 1479 om-

339 1520 506 1575 nium
541 1522 838 1579 adhaesisse
867 1522 1074 1579 dicitur
1102 1533 1156 1578 et
1187 1523 1316 1580 ideo
1347 1524 1543 1579 merito
1572 1521 1816 1579 creditur
1850 1534 1940 1588 res

341 1613 463 1681 ejus
487 1632 601 1686 prae
630 1616 841 1672 caeteris
871 1627 1186 1689 perspectas
1230 1617 1512 1684 habuisse,
1546 1616 1602 1672 in
1629 1615 1747 1688 ejus
1774 1629 1940 1686 quam

338 1708 569 1776 scripsit
609 1710 715 1764 vita
761 1719 992 1766 testatur
1053 1711 1228 1777 illum,
1263 1726 1389 1767 eum
1429 1710 1794 1766 inclarescere
1819 1719 1940 1765 stu-

338 1801 542 1872 pendis
620 1799 960 1859 facinoribus
1009 1802 1098 1877 [P.
1160 1803 1289 1878 498]
1363 1805 1508 1860 circa
1571 1803 1776 1862 Christi
1820 1819 1937 1872 ,οη-

341 1909 479 1949 num
518 1895 656 1950 1390
683 1897 869 1965 coepit,
900 1913 1008 1953 non
1035 1913 1100 1953 ex
1128 1899 1335 1970 privata
1365 1907 1419 1956 et
1446 1899 1666 1955 sordida
1699 1899 1937 1964 fortuna,

340 1989 440 2045 sed
469 2006 537 2044 ex
564 1992 906 2063 avito,quem
935 1993 1284 2049 baereditario
1312 1994 1432 2065 jure
1453 1993 1812 2072 suscepisset.
1833 1993 1938 2048 Sa-

339 2083 663 2140 tuarkauda'
691 2085 999 2156 principatu
1019 2086 1072 2142 in
1098 2101 1218 2143 eam
1253 2089 1562 2143 claritatem
1601 2086 1937 2142 emersisse:

342 2177 518 2233 fuisse
553 2181 757 2251 quippe
805 2180 960 2236 illum
1008 2182 1297 2238 oriundum
1335 2201 1365 2239 e
1394 2184 1547 2255 regio
1581 2181 1936 2247 Tatarorum,

339 2267 448 2332 hoc
471 2281 560 2328 est
590 2272 1007 2346 Mogulensium,
1036 2274 1426 2346 imperatorum
1457 2277 1740 2345 sanguine.
1781 2276 1937 2344 Quod

339 2367 596 2423 innuens
613 2368 866 2437 Bizarus,
898 2370 936 2428 i.
969 2386 1047 2436 ix,
1086 2371 1287 2425 fatetur
1323 2388 1352 2426 a
1398 2370 1677 2427 nonnullis
1712 2374 1763 2424 in
1795 2370 1937 2426 litte-

344 2475 438 2516 ras
489 2461 723 2517 relatum
782 2461 950 2519 fuisse
994 2462 1376 2520 Tamerlanem
1439 2463 1612 2542 lilium
1663 2464 1807 2534 (hoc
1853 2473 1937 2517 est

341 2567 516 2606 unum
544 2567 576 2608 e
607 2553 864 2626 posteris)
910 2556 1089 2624 magni
1128 2553 1320 2610 Chami
1355 2553 1722 2622 Tatarorum;
1765 2563 1820 2610 et
1853 2555 1938 2610 di-

341 2654 493 2700 serte
524 2645 843 2702 Alianabius
886 2655 941 2703 et
969 2647 1249 2703 Ahmedus
1295 2648 1540 2705 historici
1588 2649 1818 2712 Arabes,
1867 2647 1936 2704 ab

344 2736 607 2795 Eduardo
656 2736 928 2797 Pocockio
976 2740 1182 2796 laudati
1240 2741 1296 2797 in
1335 2740 1614 2813 Supplem.
1670 2743 1929 2801 Chronici

341 2831 782 2905 Abulpharagii,
839 2850 895 2906 p.
941 2835 997 2899 5,
1045 2834 1428 2894 Tamerlanem
1484 2851 1516 2892 e
1561 2832 1935 2907 Gingixchrne

343 2928 524 3000 primo
593 2930 806 3000 imperii
887 2927 1280 3003 Mogulensium
1350 2931 1635 2988 conditore
1707 2933 1933 2999 stirpem

345 3027 573 3085 duxisse
627 3026 916 3082 aﬂirmant.
965 3025 1142 3082 Porro
1198 3027 1346 3092 licet,
1409 3036 1469 3082 ut
1522 3025 1931 3090 Chalcondiles,

344 3118 382 3177 l.
419 3135 504 3186 tu,
539 3129 598 3174 et
627 3119 895 3176 ileroldus
922 3120 973 3174 in
999 3119 1410 3177 continuatione
1431 3118 1570 3175 Belli
1593 3120 1771 3185 Sacri,
1797 3119 1830 3175 l.
1854 3133 1930 3186 vi,

2042 597 2302 668 vulgaris
2321 597 2407 656 sui
2441 613 2574 654 usus
2607 600 2771 655 Verba
2808 599 2900 655 illa
2941 618 2958 656 :
2992 600 3082 654 Νὰ
3130 598 3240 672 ἔχω
3263 599 3325 652 rb
3355 599 3506 663 Deo;
3534 598 3631 653 τοῦ

2042 686 2206 751 Θεοῦ,
2236 689 2304 742 νὰ
2350 689 2470 760 εἰμὶ
2500 689 2692 755 δοῦλος
2722 691 2818 745 τοῦ
2851 689 3011 757 Θεοῦ,
3049 692 3116 744 vd’
3148 689 3410 762 ἀποθάνω
3438 693 3497 744 ὲν
3532 707 3630 761 με·

2041 779 2256 851 τανοίᾳ.
2287 781 2344 836 In
2378 782 2462 838 his
2494 781 2564 837 νά
2598 799 2706 838 non
2739 783 2954 838 videtur
2985 783 3143 854 plane
3162 783 3412 857 usurpari
3444 781 3500 836 in
3534 797 3630 836 uo-

2042 874 2192 928 tione
2248 874 2410 930 hodie
2463 877 2591 930 trita
2642 876 2697 931 in
2753 876 2959 947 vulgari
3019 877 3278 932 idiomate
3312 875 3631 931 Graecorum

2044 967 2191 1032 (nam
2217 965 2379 1038 hujus
2405 969 2600 1038 lingua:
2633 969 2837 1026 (ἕνεκα
2863 979 3135 1040 corruptae
3162 966 3534 1041 lexicographi
3563 966 3632 1021 νά

2043 1072 2324 1130 exponunt
2376 1063 2508 1128 ἰδού,
2539 1079 2623 1126 en,
2667 1065 2825 1134 ecce).
2877 1064 2971 1119 sed
3033 1061 3247 1119 videtur
3294 1046 3637 1134 potius‘usu
3698 1116 3700 1119 .

2043 1155 2273 1224 quodam
2317 1155 2584 1225 peculiari
2626 1154 2854 1211 Joannis
2888 1160 3104 1212 Cosme
3123 1155 3370 1226 positum
3393 1168 3492 1224 pro
3516 1153 3632 1221 ναί,

2043 1246 2243 1314 utique,
2298 1257 2456 1301 certe.
2495 1246 2574 1302 illi
2609 1259 2787 1303 autem
2831 1249 2921 1318 qui
2955 1247 3174 1315 iurasse
3209 1247 3359 1303 illum
3388 1261 3485 1317 per
3515 1246 3633 1303 haec

2043 1341 2207 1394 verba
2241 1343 2616 1405 crediderant,
2655 1342 2723 1395 νά
2752 1357 2846 1410 pro
2877 1343 2942 1412 νή
2969 1343 3226 1398 videntur
3259 1340 3628 1406 intellexisse;

2043 1431 2109 1503 νὴ
2139 1431 2309 1498 enim,
2345 1439 2398 1484 ut
2428 1443 2618 1486 notum
2647 1442 2750 1497 est,
2771 1432 2959 1503 lingua
2987 1432 3156 1486 veteri
3188 1430 3376 1486 Graeca
3403 1429 3633 1499 iurandi

2044 1524 2366 1580 adverbium
2397 1533 2503 1597 est.
2536 1524 2728 1580 Posset
2753 1526 2918 1579 etiam
2961 1525 3132 1580 videri
3163 1524 3390 1579 Cosmas
3410 1522 3476 1577 in
3527 1521 3634 1576 ali~

2045 1630 2152 1686 qua
2185 1633 2255 1673 ex
2284 1615 2528 1671 recitatis
2563 1614 2834 1677 formulis.
2867 1626 2996 1685 puta
3034 1614 3243 1682 illa,“
3278 1611 3538 1668 ἀποθάνω
3572 1613 3635 1667 ὲν

2049 1709 2333 1783 μετανοίᾳ,
2361 1711 2611 1779 posuisse
2636 1709 2704 1764 νά
2727 1725 2824 1780 pro
2858 1708 2997 1774 aliis,
3039 1708 3267 1762 utinam.

2116 1803 2259 1868 Νέα,
2296 1819 2352 1874 p.
2391 1801 2512 1860 HS.
2539 1802 2868 1877 Suspicabar
2895 1801 2983 1857 hic
3006 1803 3137 1856 νέαν
3160 1801 3287 1866 dici,
3316 1808 3376 1855 ut
3404 1798 3631 1864 assolet,

2050 1897 2600 1973 perqcompeudium,
2632 1892 3013 1951 sttbintellecta
3078 1909 3211 1952 voce
3259 1894 3460 1966 πύλην.
3522 1892 3635 1948 Sed

2051 1991 2340 2057 deterruit,
2373 1991 2516 2059 quod
2545 1988 2743 2046 Petrus
2771 1988 2994 2056 Gillius,
3027 1989 3118 2045 ubi
3171 1988 3325 2045 urbis
3357 1983 3651 2045 Constani

2050 2083 2352 2154 tinopoleos
2385 2091 2575 2151 portas
2621 2089 2931 2147 enumerat,
2973 2082 3015 2139 l.
3048 2074 3089 2144 ε.
3129 2097 3182 2137 c.
3215 2080 3311 2147 20,
3360 2094 3640 2152 nusquam

2045 2181 2297 2237 meminit
2326 2179 2488 2236 ullius
2517 2189 2688 2252 portae
2716 2195 2838 2251 qua
2865 2179 2986 2247 νέα,
3013 2196 3148 2236 nova
3185 2181 3477 2238 diceretur.
3521 2179 3632 2247 Po-

2049 2275 2148 2331 tuit
2187 2283 2242 2331 et
2273 2273 2606 2344 subintelligi
2654 2273 2804 2331 aliud
2833 2275 3234 2331 substantivum
3276 2275 3634 2340 femininum,

2047 2379 2177 2440 puta
2212 2369 2346 2439 μονή
2379 2378 2472 2422 aut
2505 2367 2704 2439 ἀγορά.
2743 2368 3124 2424 monasterium
3149 2367 3245 2425 vel
3270 2368 3450 2440 [orum
3484 2383 3504 2423 :
3531 2363 3632 2423 sed

2048 2479 2171 2518 cum
2207 2465 2377 2534 μονήν
2410 2471 2503 2517 aut
2543 2463 2754 2534 ἀγορὰν
2795 2463 2930 2518 νέαν
2971 2456 3263 2519 vocitatam
3307 2462 3631 2520 Constanti-

2048 2560 2227 2631 nopoli
2257 2561 2424 2619 fuisse
2457 2558 2585 2614 alibi
2612 2575 2720 2614 non
2750 2559 2991 2628 legerim,
3024 2560 3272 2614 divinare
3301 2574 3409 2614 non
3438 2572 3630 2622 anatis,

2045 2653 2100 2707 in
2135 2654 2588 2721 interpretatione
2632 2667 2827 2708 nomen
2857 2653 3031 2722 ipsum
3064 2652 3235 2721 Νέαν,
3276 2651 3445 2711 Neam
3477 2651 3627 2707 velut

2047 2745 2150 2802 luci
2194 2747 2306 2800 uoti
2343 2745 2621 2816 proprium
2670 2745 2897 2810 retinui,
2933 2746 3109 2802 donec
3153 2745 3302 2802 aliud
3351 2746 3499 2816 quod
3544 2760 3635 2802 se-

2044 2854 2243 2910 querer
2289 2838 2495 2892 certius
2527 2848 2863 2893 occurreret.

2118 2933 2205 3007 [Ρ.
2243 2933 2628 3008 4991Ξενὼν,
2677 2950 2729 3004 p.
2771 2933 2898 2991 285.
2947 2934 3214 2990 Videntur
3260 2934 3348 2990 hic
3399 2933 3627 3001 ξενῶνος

2045 3026 2254 3098 συνήθη
2290 3028 2602 3099 νομίσματα
2643 3027 2748 3084 dici
2785 3026 3144 3099 eleemosynte
3176 3028 3244 3083 ab
3293 3028 3628 3099 imperatore

2043 3124 2261 3192 suggeri
2312 3122 2636 3193 patriarchae
2686 3123 2880 3186 solitae,
2940 3133 2999 3178 ut
3040 3139 3136 3178 eas
3185 3123 3517 3194 impenderet
3565 3123 3622 3178 in

343 3232 396 3272 c.
431 3217 484 3280 5,
517 3215 734 3283 docent,
764 3227 977 3273 mortuo
1005 3216 1327 3273 Tamertane
1349 3213 1516 3287 (quod
1545 3213 1942 3283 contigitanuo—
1965 3226 2015 3292 ο
2041 3217 2395 3288 excipiendos
2457 3215 2695 3288 hospitio
2747 3216 3064 3286 peregrinos
3105 3223 3160 3271 et
3202 3216 3256 3271 in
3311 3216 3417 3272 alia
3466 3230 3632 3288 egen-

341 3310 478 3372 (ηπ,
517 3309 681 3380 “02)
701 3309 1072 3366 vastissimum
1099 3309 1218 3382 eius
1241 3309 1529 3380 imperium
1562 3308 1714 3366 brevi
1735 3308 1935 3363 discer-

349 3415 500 3474 ptum
531 3414 618 3464 εει
665 3403 990 3460 infelicitate
1021 3412 1116 3459 aut
1147 3403 1512 3474 imprudentia
1551 3415 1937 3458 successcrum

346 3496 488 3566 “ius.
522 3495 608 3555 Ex
631 3495 793 3566 huius
827 3504 1010 3554 tamen
1047 3496 1221 3566 etirpe
1253 3506 1586 3551 memoratus
1616 3494 1779 3567 paulo
1809 3503 1939 3549 ante

343 3589 627 3658 Bahurxa,
656 3589 924 3648 Sadruehi
956 3599 1048 3646 aut
1079 3589 1426 3662 Paianguris,
1451 3589 1691 3646 ﬁliorum
1713 3587 1944 3643 Tamer-

343 3682 511 3750 lanis,
569 3697 757 3752 nepos,
815 3682 1119 3755 dynastiam
1164 3682 1472 3740 obtinuisse
1534 3680 1941 3738 haereditarfam

343 3779 488 3835 inter
545 3775 782 3848 Mogoles
833 3787 1047 3849 gentem
1105 3775 1417 3849 Scythicam
1493 3791 1521 3830 a
1588 3771 1941 3842 chronologis

345 3871 742 3930 recentioribus
821 3872 1092 3940 traditur;
1151 3870 1391 3942 indeque
1457 3868 1752 3924 contractis
1844 3881 1938 3923 co-

345 3965 449 4042 piis
498 3965 700 4023 vicinis
741 3965 978 4037 primum
1022 3963 1260 4022 Parthos
1311 3964 1427 4020 sive
1467 3961 1707 4016 Patanas
1752 3957 1937 4014 debel-

343 4059 511 4127 latae,
546 4057 905 4129 felicibusque
936 4057 1064 4115 inde
1094 4057 1475 4128 progressibus
1506 4069 1676 4124 usque
1707 4053 1772 4106 ad
1805 4068 1932 4106 con-

346 4153 680 4227 stituendum
739 4151 1326 4220 transmittendumqne
1382 4149 1547 4221 706
1593 4147 1777 4215 stirpis
1823 4160 1934 4198 sine

347 4247 583 4317 posteris
623 4246 948 4316 Mogolicum
981 4245 1146 4300 hodie
1185 4241 1388 4312 ﬂorens
1424 4240 1714 4319 imperium
1748 4236 1933 4309 profe-

347 4339 516 4406 cisxe,
541 4340 822 4405 adaptato,
865 4345 1028 4408 prout
1066 4335 1342 4406 suspicatur
1374 4350 1604 4405 pronum
1631 4341 1737 4397 est,
1766 4332 1936 4400 potis-

348 4433 544 4490 simum
572 4433 679 4502 isto
707 4432 946 4495 nomine,
974 4431 1118 4501 quod
1148 4430 1199 4483 id
1223 4426 1710 4493 Gingizcbanidum
1743 4441 1931 4493 regum

350 4528 616 4598 majorum
641 4540 864 4582 suorum
897 4525 1028 4581 olim
1057 4523 1314 4596 inclytam
1348 4521 1611 4578 vocabulo
1648 4520 1934 4588 Mogulen-

2041 3311 2176 3364 tium
2206 3309 2436 3378 solatia;
2469 3325 2632 3379 quam
2665 3309 2718 3364 in
2768 3324 2879 3364 rem
2926 3319 3202 3380 sumptum
3244 3307 3357 3365 fere
3386 3325 3625 3364 annuum

2043 3401 2191 3462 mille
2237 3416 2534 3459 aureorqu
2597 3401 2855 3472 imputari
2901 3403 3257 3460 consuevisse
3315 3387 3627 3458 rationibus

2040 3497 2370 3569 patriarcha:
2418 3510 2486 3552 ex
2541 3497 2833 3556 occasione
2886 3497 3047 3552 docet
3097 3495 3184 3553 hic
3241 3505 3445 3552 uoster.
3501 3493 3626 3552 Non

2039 3590 2290 3646 omittam
2344 3589 2639 3647 mlmouere
2697 3591 2842 3647 baud
2895 3599 3042 3651 recte
3097 3591 3432 3650 intellectum
3479 3592 3623 3647 hunc

2041 3684 2219 3739 locum
2251 3683 2424 3740 videri
2451 3699 2482 3740 a
2505 3683 2861 3755 paraphraste
2894 3685 3180 3746 Vaticano.
3219 3686 3348 3740 dum
3383 3701 3504 3739 enim
3543 3683 3626 3739 sic

2041 3778 2346 3849 exprimit:
2385 3779 2493 3833 Καὶ
2531 3781 2600 3833 τὰ
2645 3779 2850 3853 συνήθη
2883 3779 2978 3834 τοῦ
3029 3778 3260 3845 ξενῶνος
3309 3781 3626 3851 νομίσματα

2041 3871 2547 3942 πέμπων·,ὲποίει
2596 3872 2707 3942 γὰρ
2759 3872 2883 3927 κατ’
2923 3871 3044 3938 Ero;
3091 3872 3622 3945 ﬂac:1eb;i).enpo-

2042 3963 2211 4034 σύνην
2244 3963 2516 4036 κρυφίαις,
2550 3964 2754 4028 εἰδότος
2783 3963 2878 4019 τοῦ
2911 3965 3285 4038 πατριάρχου.
3338 3967 3503 4038 707
3544 3968 3633 4032 είς

2040 4056 2288 4128 χιλιάδας
2343 4055 2544 4119 πολλὰς
2595 4056 2967 4129 ποσουμένην.
3008 4059 3132 4111 Haec
3182 4057 3276 4127 qui
3329 4059 3631 4115 contulerit

2038 4163 2163 4202 cum
2223 4157 2480 4204 contextu
2537 4149 2805 4215 auctoris,
2872 4147 3032 4205 facile
3074 4149 3472 4222 discrepantias
3517 4164 3622 4204 uo-

2040 4240 2209 4295 tabit.

2112 4335 2482 4405 Οικονομίαι,
2510 4350 2564 4404 p.
2601 4335 2721 4389 165.
2753 4335 2877 4405 Agit
2909 4337 2974 4390 de
2994 4335 3381 4393 ecclesiasticis
3414 4356 3441 4394 a
3475 4339 3626 4396 Saba-

2039 4431 2306 4485 monacho
2353 4430 2584 4491 vexatis,
2635 4429 2689 4482 in
2736 4445 2966 4497 quorum
3009 4445 3134 4484 eum
3180 4431 3498 4504 οἰκονομίας
3550 4435 3626 4488 ir-

2039 4524 2213 4578 ruisse
2245 4522 2538 4578 detinenda
2569 4531 2623 4576 et
2657 4523 2948 4592 repetendo
2983 4535 3306 4590 proventus,
3361 4539 3626 4597 tauquam

345 4595 490 4677 aiunt
521 4621 833 4694 principum
874 4595 1202 4690 potentiam.
1251 4632 1282 4672 e
1318 4615 1491 4672 veteri
1518 4615 1796 4685 repetitam
1819 4627 1926 4667 ηιθ-
1966 4595 2013 4651 D
2041 4620 2266 4689 illijure
2312 4619 2430 4674 illos
2478 4619 2808 4688 percipiendi
2850 4620 3180 4675 excidissent
3226 4595 3624 4692 crintinepero

348 4716 537 4779 moria,
575 4712 932 4787 pracseotibux
971 4711 1253 4783 objiceret.
1316 4709 1443 4765 Hac
1476 4709 1544 4764 de
1574 4706 1931 4777 Muguliorum

2042 4711 2353 4777 duelliouis,
2382 4712 2436 4764 in
2489 4711 2634 4782 quod
2675 4710 2795 4765 illos
2843 4713 3146 4767 incurrisse
3176 4713 3379 4780 aiebaL.
3412 4714 3620 4771 habens

347 4812 609 4867 vocabulo
652 4808 924 4866 Techaris
962 4823 988 4861 a
1030 4807 1364 4878 Pachymere
1417 4803 1620 4859 tributo
1672 4803 1760 4856 hic
1805 4799 1936 4856 duxi
2003 4807 2145 4876 -jam
2191 4817 2300 4862 tum
2338 4807 2487 4876 ipsos
2543 4820 2638 4874 pro
2681 4806 2944 4861 convictis
2994 4815 3048 4862 et
3095 4807 3389 4864 damnatis.
3420 4809 3498 4865 Ex
3534 4810 3658 4866 his

346 4902 726 4968 memoranda;
763 4915 881 4971 quae
903 4900 968 4955 ad
993 4901 1378 4954 illustrandum
1397 4898 1540 4952 hunc
1569 4892 1936 4969 nostrihisto-

349 4995 440 5051 rici
460 4997 637 5052 locum
675 5010 780 5052 non
803 5009 994 5066 parum
1030 5006 1151 5048 esse
1181 4993 1332 5047 utilia
1359 5005 1550 5062 aquus
1575 4987 1736 5044 credo
1764 4987 1936 5040 lector

342 5085 626 5158 indicabit.

411 5181 538 5252 Na',
559 5197 619 5255 Ρ.
640 5181 771 5247 541,
805 5181 869 5237 '0
889 5180 936 5236 δ’
963 5181 1125 5252 ὅρκος
1149 5177 1438 5242 ἰδιωτικῶς
1462 5197 1579 5242 πως
1611 5180 1784 5246 οὕτως
1816 5183 1930 5248 ἐξεο

349 5275 638 5349 νεχθιὶς,.ι
691 5275 780 5332 ne
820 5271 964 5348 ἧμαι
1016 5273 1205 5339 δοῦλος
1244 5273 1338 5328 τοῦ
1390 5273 1656 5346 Χριστοῦ,
1713 5276 1774 5330 οὐ
1824 5277 1934 5350 μὴν

345 5369 456 5442 ειμι
496 5369 620 5444 μιῧ⁹
656 5369 844 5443 ὑμῶν,
885 5370 935 5424 ei
983 5369 1060 5442 μὴ
1111 5368 1181 5422 τὰ
1221 5368 1453 5438 γένοιτο.
1497 5387 1515 5421 i
1559 5368 1694 5424 Cum
1746 5381 1931 5425 autem

348 5461 682 5524 dubitaretur
722 5481 795 5528 an
833 5465 936 5520 hoc
984 5471 1132 5519 eset
1189 5477 1318 5519 vere
1356 5461 1758 5531 juramentnm,
1794 5480 1930 5518 con-

348 5555 517 5616 sultus
558 5557 675 5626 ipse
714 5555 954 5614 Joannes
1002 5555 1233 5613 Cosmas
1280 5556 1620 5626 patriarcha,
1661 5559 1753 5628 qui
1813 5558 1930 5616 ha'c

346 5639 571 5711 dixerat,
605 5647 737 5715 quid
786 5658 1058 5714 censeret,
1091 5647 1372 5717 respondit
1406 5647 1462 5701 in
1499 5648 1641 5703 lmnc
1680 5651 1923 5715 modum,

2042 4901 2258 4959 videtur
2307 4899 2484 4972 colligi
2535 4898 2851 4968 οἰκονομίας
2902 4900 2990 4955 hic
3042 4902 3222 4955 vocari
3271 4918 3407 4972 quas
3462 4903 3625 4974 vulgo

2040 4991 2350 5061 prabeudas
2410 5002 2499 5045 aut
2539 4991 2793 5060 beneﬁcia
2853 4991 3107 5052 dicimus,
3154 4991 3278 5060 jura
3315 4993 3464 5048 varia
3495 5009 3620 5064 pcr-

2039 5089 2412 5159 (.ipiendarnm
2443 5086 2756 5153 portionutu
2789 5099 2856 5139 ex
2907 5085 3172 5139 reditibus
3203 5085 3462 5142 Ecclesia!
3496 5102 3622 5145 eer-

2039 5185 2106 5234 tis
2134 5180 2348 5235 clericis
2370 5189 2461 5232 aut
2489 5178 2866 5232 sacerdotibus
2897 5178 3109 5232 ratione
3140 5177 3481 5235 functionum
3526 5193 3628 5241 aut

2038 5274 2467 5332 ministeriorum
2522 5273 2654 5343 ipsis
2718 5272 3163 5329 demandatorum
3229 5277 3617 5345 competentia.

2034 5366 2126 5421 Sic
2173 5365 2459 5437 epinabar.
2489 5364 2694 5420 Tamen
2725 5379 2792 5419 ue
2822 5365 2950 5435 quid
2983 5365 3419 5435 praeiudicarem,
3446 5368 3623 5440 ipsam

2034 5461 2481 5516 (Economiarum
2517 5474 2709 5513 vocem
2738 5460 3149 5543 interpretando
3171 5462 3396 5518 retinui.

2116 5553 2370 5624 'Odnroi,
2402 5569 2452 5622 p.
2486 5553 2572 5609 85.
2632 5553 2754 5623 Agit
2805 5555 2870 5607 de
2929 5568 3055 5621 arca
3113 5555 3252 5609 intra
3283 5570 3446 5626 quam
3498 5567 3626 5613 erat

2033 5651 2313 5707 conditum
2350 5645 2566 5712 Arseuii
2602 5662 2838 5715 corpus;
2876 5662 3036 5716 quam
3073 5648 3235 5717 paulo
3277 5659 3406 5704 ante
3439 5649 3614 5703 κιϐώ-

329 5747 399 5803 εβ.
432 5737 575 5796 350:
602 5741 785 5813 Ὅπερ
814 5739 1167 5812 ἐφθεγξάμην
1199 5740 1308 5794 ἀπὸ
1339 5740 1784 5810 παραλυπήοεως
1814 5743 1924 5796 τῶν

2047 5760 2146 5796 τιον
2170 5741 2401 5804 vocavit,
2428 5750 2476 5794 et
2510 5739 2677 5793 fuisse
2723 5739 3018 5805 repositam
3042 5739 3177 5794 dixit
3213 5741 3342 5809 περ).
3364 5741 3430 5794 τὰ
3458 5739 3613 5808 δεξιὰ

348 5826 578 5904 ἅδιὶφῶν
623 5853 750 5908 μου,
805 5836 904 5910 οὐχ
969 5837 1043 5899 ὡς
1095 5837 1259 5907 ὅρκον
1327 5835 1678 5906 λογιζόμενος
1726 5833 1903 5901 εἶπον,

347 5920 449 5982 ἀλλ’
498 5929 690 5997 ἁπλῶς
731 5932 794 5986 ὲκ
845 5929 1133 6000 συνηθείας
1176 5927 1332 5983 τοῦ-ευ
1383 5928 1586 5998 λέγειν,
1647 5930 1714 5982 vit
1744 5926 1906 6003 igitur.

2029 5838 2124 5892 τοῦ
2147 5839 2414 5908 βήματος,
2436 5853 2467 5887 a
2484 5834 2685 5887 dextris
2703 5831 2912 5895 altaris,
2937 5833 3023 5888 hic
3038 5843 3216 5888 autem
3239 5835 3332 5898 ait,
3352 5834 3486 5889 feria
3505 5847 3613 5889 ter-

2018 5934 2089 5989 tia
2124 5932 2362 6017 cujusvis
2379 5929 2755 5998 hebdomadis,
2771 5929 3116 5986 coucurrcuti
3134 5929 3199 5985 de
3225 5945 3371 5986 more
3408 5931 3618 6000 popuio
