4004 6234
364 301 471 382 767

1327 324 1390 391 P.
1429 326 1734 390 Possm
1763 327 2415 396 OBSERVATiONUM
2455 324 2602 419 ius.
2627 326 2682 387 ι.

3546 325 3654 389 763

365 442 436 492 td
484 437 688 493 cuittnn
727 436 1070 510 Hodegorum
1126 443 1431 514 subaperiri
1473 445 1824 500 consuevisse
1866 459 1950 496 ιιι·-
1979 442 2029 504 Α
2061 446 2207 498 limis
2241 446 2278 499 Β
2301 455 2354 499 et
2395 448 2430 500 Α
2463 451 2610 514 (nam
2645 439 2685 498 V
2720 441 2864 495 hunc
2906 439 3082 493 locum
3133 439 3383 496 funditus
3412 445 3668 500 omittitir

369 531 544 586 cuiam
576 531 771 599 istam;
804 523 906 588 hoc
931 544 1038 600 est,
1080 546 1138 590 ut
1179 538 1396 605 opinor,
1443 539 1653 594 modice
1688 539 1971 600 reserari,

373 633 432 677 ut
462 625 747 680 obtutibus
788 613 1111 681 intuentium
1143 644 1236 698 per
1271 631 1436 684 rimas
1470 641 1561 683 aut
1589 631 1800 683 cialitra
1822 646 1950 684 ossa

373 718 527 772 intus
577 720 814 788 reposita
868 732 1139 788 paterent,
1203 738 1308 776 non
1358 723 1798 778 cmitrectatioui.
1856 721 1953 776 Hic

377 823 506 863 ante
535 810 717 865 omnia
751 811 1167 881 disquireodum
1199 811 1284 870 est
1309 817 1571 885 quidnam
1606 816 1691 868 hic
1734 815 1956 884 Ὅδηγοί

377 903 656 969 dicantur,
707 915 762 958 et
805 907 928 974 quis
976 908 1064 960 iiic
1107 923 1295 962 eorum
1327 910 1562 963 usitatus
1593 909 1771 961 tertiis
1803 907 1957 962 feriis

376 997 660 1067 popularis
695 1000 895 1054 cultus.
926 1001 1103 1070 Cogor
1140 1003 1346 1056 micare
1391 1002 1442 1056 in
1482 1002 1736 1064 tenebris,
1770 1003 1858 1070 qui
1891 1002 1959 1054 de

371 1090 461 1161 his
492 1091 542 1144 in
587 1090 904 1147 Graecorum
950 1093 1104 1148 libris
1134 1094 1265 1147 nihil
1297 1093 1622 1148 invenerim.
1659 1089 1764 1145 Diti
1793 1104 1846 1146 et
1870 1102 1956 1146 at-

377 1192 527 1237 tente
586 1185 1006 1253 circumspectis
1059 1187 1355 1248 omnibus,
1413 1185 1542 1238 nihil
1607 1186 1958 1238 verisimilius

381 1275 536 1326 \itleo
570 1290 731 1344 quam
784 1276 999 1329 solitam
1055 1275 1206 1331 feriis
1257 1277 1432 1331 tertiis
1481 1275 1958 1345 Constantinopoli

382 1367 594 1436 plebem
632 1381 952 1424 veneratum
988 1371 1065 1424 ire
1097 1370 1197 1424 SS.
1225 1371 1468 1440 angelos.
1499 1368 1634 1424 Nam
1662 1372 1762 1426 hos
1800 1369 1960 1441 Ὀδη-

382 1458 498 1528 γῶν
526 1459 754 1517 indicari
791 1463 1059 1518 vocabulo
1088 1479 1152 1520 ex
1192 1463 1568 1534 Cinysostomi
1601 1464 1820 1531 iiturgia
1845 1463 1961 1517 coi-

381 1552 516 1621 ligo,
553 1555 604 1606 in
634 1568 738 1623 qua
768 1554 1036 1609 diaconus
1077 1555 1155 1608 sic
1192 1568 1327 1610 voce
1352 1555 1565 1608 sublata
1595 1554 1915 1624 pronuntiat
1943 1574 1956 1610 :

384 1645 656 1714 Ἄγγελον
699 1646 951 1716 εἰρήνης,
984 1648 1179 1701 πιστὸν
1219 1647 1434 1715 ὁδηγὸν,
1469 1647 1693 1716 φύλακα
1723 1646 1832 1701 τῶν
1859 1649 1964 1718 ψυ-

381 1738 495 1808 χῶν
526 1741 620 1791 καὶ
650 1738 920 1809 σωμάτων
953 1738 1130 1810 ήμῶν,
1169 1739 1322 1810 παρὰ
1354 1734 1451 1793 τοῦ
1491 1740 1695 1811 Κυρίου
1724 1741 1963 1811 αἱτησώσ

385 1834 548 1902 μεθα.
576 1833 851 1904 'Angelunt
880 1834 1048 1903 pacis,
1074 1833 1278 1902 ﬁdelem
1302 1835 1510 1897 ducent.
1547 1836 1814 1890 custodem
1834 1834 1965 1891 ani-

383 1943 592 1980 marum
640 1936 690 1981 et
735 1942 1017 1998 turparunt
1059 1935 1384 1995 nostrorum,
1417 1944 1450 1982 a
1479 1926 1709 1984 Domino
1731 1931 1964 1998 postule-

384 2034 526 2072 mus.
561 2016 659 2074 Cui
695 2021 1031 2089 respondens
1062 2018 1263 2074 chorus
1294 2019 1562 2074 acclainat
1592 2039 1609 2077 :
1645 2020 1964 2092 Παράσχου,

388 2110 584 2181 Κύριε,
610 2111 819 2180 -ρνωὺε,
846 2112 1090 2166 Domine.
1123 2111 1206 2168 Ad
1232 2112 1380 2167 hunc
1414 2116 1589 2168 locum
1630 2113 1709 2168 sic
1737 2114 1969 2168 adnotat

385 2203 691 2271 Cabasiias,
715 2220 768 2259 ο.
808 2205 877 2259 34
909 2222 924 2260 :
965 2205 1252 2276 Εὐχόμεθα
1295 2208 1425 2275 περὶ
1463 2205 1560 2260 τοῦ
1593 2206 1838 2275 φύλακος
1863 2207 1966 2274 ἀγ-

388 2295 551 2366 γέλου
599 2299 701 2368 οὐχ
745 2298 832 2352 ἵνα
865 2302 1002 2368 ἡμῖν
1042 2298 1163 2352 τότε
1194 2297 1324 2368 δοθῇ
1378 2297 1612 2368 (δέδοται
1645 2300 1752 2370 γὰρ
1782 2299 1844 2366 ἐξ
1869 2299 1969 2371 ἀρ-

390 2393 496 2464 χῆς
526 2392 744 2464 ἑκάστῳ
792 2393 900 2447 τῶν
953 2392 1163 2447 πιστῶν
1212 2392 1491 2463 ἄγγελος),
1532 2392 1773 2448 ἀλλ’ἵνα
1821 2396 1972 2464 ἐνερ-

389 2486 484 2554 γὸς
577 2485 672 2539 καὶ
710 2485 780 2541 τὰ
808 2483 974 2540 αὐτοῦ
1004 2487 1132 2557 ποιῇ
1162 2486 1260 2540 καὶ
1293 2489 1530 2557 φρουρῇ,
1577 2487 1672 2540 καὶ
1702 2486 1840 2557 πρὸς
1870 2490 1972 2558 τὴν

389 2577 608 2628 εὐθεῖαν
661 2574 780 2629 ὁδὸν
829 2576 978 2646 ἡμᾶς
1026 2575 1218 2648 ὁδηγῇ.
1269 2574 1500 2632 Oramus
1550 2595 1709 2649 super
1754 2579 1974 2635 custode

390 2670 603 2738 angelo,
647 2685 755 2724 non
800 2682 856 2725 ut
894 2672 1044 2726 nobis
1079 2671 1236 2725 detur
1271 2673 1466 2739 (datus
1495 2673 1632 2727 enim
1655 2683 1732 2729 est
1764 2693 1795 2728 a
1823 2677 1973 2744 prin-

390 2761 527 2830 cipio
561 2762 843 2835 unicuique
897 2764 1139 2836 ﬁdelium
1197 2766 1462 2837 angelus),
1528 2767 1620 2822 sed
1673 2773 1744 2822 ut'
1780 2768 1977 2825 intente

392 2869 635 2919 operetur
684 2868 734 2911 et
781 2875 901 2926 gnte
963 2861 1045 2913 sui
1099 2868 1220 2913 sunt
1282 2859 1514 2916 muneris
1567 2873 1739 2932 agat,
1804 2877 1980 2917 custo-

394 2947 509 3000 dial
546 2965 725 3016 nempe
757 2968 818 3004 ac
845 2951 903 3005 in
940 2963 1133 3007 rertant
1165 2969 1259 3008 nos
1298 2955 1432 3009 viam
1457 2954 1675 3026 dirigat.
1711 2954 1796 3027 [P.
1847 2956 1975 3030 500]

397 3033 520 3091 limi:
552 3036 664 3104 ibi;
717 3055 782 3093 ex
845 3040 1044 3110 quibus
1101 3052 1251 3114 patet
1293 3059 1453 3113 quam
1501 3043 1758 3116 frequens
1828 3041 2000 3104 Gre;

2059 538 2191 605 πρὸς
2217 536 2317 606 τὴν
2340 538 2446 588 τῶν
2486 536 2729 605 Ὀδηγῶν
2761 534 3143 598 scribebatur;
3177 548 3301 602 quas
3330 550 3466 588 sane
3491 535 3659 589 lectio

2059 629 2310 683 intricata
2351 640 2454 685 est.
2511 628 2783 695 Quorsum
2826 628 2972 682 enim
3027 629 3172 682 istud
3229 630 3330 695 τήν
3391 632 3664 696 pertint-.1,

2065 730 2156 778 aut
2193 738 2353 792 quam
2400 739 2511 775 rem
2565 721 2788 784 indicat.
2826 734 2953 776 cum
3003 721 3147 773 nulla
3183 733 3445 774 occurrat
3481 722 3531 773 ei
3570 737 3666 786 ge-

2059 817 2176 869 neri
2218 816 2552 869 cnnvenieus
2587 831 2615 867 e
2651 815 2804 881 prius
2843 823 2938 866 aut
2988 824 3106 881 post
3158 813 3525 867 memoratis?
3561 812 3672 868 Sne

2062 907 2171 960 ient
2202 916 2442 961 veterum
2474 906 2780 960 istiusmodi
2820 905 3184 974 descriptores
3209 907 3474 960 librorum
3503 917 3661 961 certa

2064 1002 2320 1053 vocabula
2353 999 2770 1066 cotnpemliariis
2801 999 2946 1052 notis
2984 997 3229 1069 pingere.
3264 997 3434 1052 Multa
3467 999 3520 1051 in
3555 1003 3671 1054 hoc

2064 1105 2294 1160 utraque
2329 1095 2450 1148 talia
2484 1095 2759 1155 visuntur,
2791 1092 2881 1146 ubi
2915 1092 3118 1159 passim
3151 1091 3282 1152 ἄνος
3319 1105 3418 1157 pro
3441 1089 3673 1161 ἄνθρω-

2045 1200 2189 1248 πος,
2232 1184 2387 1247 οὐνὸς
2418 1201 2514 1251 pro
2542 1183 2794 1255 οὐρανός,
2835 1193 2894 1235 ιιι
2923 1191 3181 1236 sexcenta
3219 1183 3478 1235 omittam
3499 1181 3662 1236 sitni-

2066 1275 2159 1328 lia.
2193 1273 2433 1328 Putarim
2474 1288 2613 1343 ergo
2643 1275 2734 1328 hic
2776 1274 2880 1342 τήν
2929 1273 3340 1340 compendiarie
3387 1274 3664 1340 scriptum

2067 1383 2165 1437 pro
2197 1370 2386 1439 τιμήν,
2417 1367 2689 1421 vocabulo
2712 1367 2827 1436 jam
2859 1365 2925 1420 ad
2957 1365 3283 1421 sententiam
3313 1381 3422 1420 non
3452 1366 3670 1421 incom-

2052 1459 2226 1515 mode
2276 1460 2579 1530 quadrante
2619 1458 2776 1531 juxta
2825 1461 2992 1513 modo
3029 1459 3306 1529 exposita.
3356 1459 3669 1513 Conﬁrmat

2068 1554 2171 1608 hoc
2223 1553 2363 1608 alius
2421 1553 2589 1620 nostri
2623 1552 2871 1606 auctoris
2902 1551 3056 1606 locus
3089 1549 3258 1615 infra,
3300 1567 3357 1621 p.
3388 1550 3518 1616 502,
3568 1550 3668 1605 ubi

2067 1646 2496 1717 προσκυνήσεως
2531 1644 2696 1699 ἕνεκα
2736 1645 3035 1713 procedure
3070 1645 3297 1700 solitum
3332 1644 3466 1698 feria
3500 1646 3668 1698 tertia

2067 1740 2122 1794 in
2179 1739 2571 1793 monasterium
2640 1736 2988 1806 l-loticgorum
3048 1737 3308 1806 populant
3366 1746 3420 1790 et
3481 1735 3664 1803 ipsum

2069 1832 2368 1901 principem
2403 1831 2628 1885 iudicat.
2667 1830 2839 1886 Verba
2871 1830 2987 1899 ejus
3022 1831 3132 1885 iure
3161 1841 3286 1884 sunt
3315 1844 3329 1881 :
3361 1823 3476 1882 Εἶτ’
3510 1833 3661 1882 ἐκεῖ·

2068 1925 2160 1978 θεν
2205 1926 2299 1976 ἐπὶ
2326 1922 2486 1994 τρίτη
2519 1926 2617 1993 τῆς
2643 1922 2945 1991 ’ἑϐδομάδος
2982 1917 3048 1993 ἦν
3081 1923 3174 1976 καί
3206 1922 3263 1991 γ’
3312 1923 3377 1989 ἐξ
3406 1923 3669 1993 ἀνάγκης

2067 2018 2134 2070 ὲκ
2160 2013 2362 2069 πολλοῦ
2377 2014 2454 2085 τῷ
2476 2015 2689 2086 βασιλεῖ
2704 2010 2796 2086 ἦν,
2819 2017 2891 2087 τῇ
2932 2014 3181 2084 Ὀδηγῶν
3197 2018 3337 2088 μονῇ
3370 2017 3514 2070 κατὰ
3536 2018 3672 2070 me-

2068 2127 2171 2181 την
2198 2109 2296 2182 τὴν
2335 2110 2552 2181 ἡμέραν
2590 2108 2968 2180 παραὸάλλειν
3011 2111 3444 2181 προσκυνήσεως
3475 2112 3666 2165 ἕνεκα.

2071 2203 2149 2260 Ex
2182 2204 2380 2273 quibus
2413 2203 2564 2257 vides
2611 2201 2762 2260 feriis
2797 2203 2974 2257 tertiis
3001 2204 3221 2261 solitum
3251 2202 3671 2272 imperatorem,

2071 2313 2140 2354 ex
2169 2313 2318 2352 more
2349 2297 2597 2352 videlicet
2626 2297 2787 2351 etiam
2822 2297 3094 2367 populari.
3125 2298 3399 2353 accedere
3423 2296 3494 2352 ad
3524 2309 3668 2352 tem.

2074 2391 2219 2462 plttm
2274 2390 2589 2444 monasterii
2649 2388 3019 2461 iiuticgorutn,
3056 2391 3165 2456 cui,
3212 2401 3274 2445 ut
3327 2389 3664 2460 iicetsuspi-

2075 2484 2208 2549 Cari,
2245 2498 2442 2553 nomen
2485 2483 2536 2538 id
2571 2483 2895 2538 adhaesisset
2931 2497 2996 2538 ex
3039 2497 3111 2538 eo
3153 2471 3294 2554 quod
3347 2484 3463 2540 iific
3497 2501 3662 2553 pecuv

2070 2575 2229 2630 ’iiaris
2272 2575 2535 2630 memoria
2583 2575 2691 2628 τῶν
2740 2574 2977 2647 ὁδηγῶν,
3029 2577 3131 2632 hoc
3177 2589 3264 2632 est
3304 2578 3464 2648 juxta
3510 2579 3666 2649 prius

2077 2669 2221 2724 dicta
2256 2667 2569 2739 angelorum
2599 2667 2907 2733 ditstodunt,
2951 2669 3339 2726 celebraretur.

2100 2775 2102 2778 '
2154 2766 2454 2829 Ὄντωσις
2488 2778 2542 2832 p.
2577 2762 2706 2819 248.
2773 2763 2837 2816 Ἢ
2887 2762 3026 2817 Θεοῦ
3077 2762 3355 2836 ἀγαθότης
3400 2765 3545 2837 ἀρχή
3576 2784 3665 2833 τις

2077 2858 2348 2930 γενομένη
2402 2856 2516 2921 τοῖς
2564 2857 2640 2928 μὴ
2683 2855 2838 2910 οὖσιν
2882 2859 2964 2921 εἰς
3001 2856 3253 2912 amount.
3297 2859 3390 2915 Sic
3439 2858 3481 2912 Β
3529 2871 3587 2915 οι
3621 2861 3664 2915 Α

2081 2941 2335 3015 codices;
2380 2945 2422 3003 Υ
2472 2956 2640 3003 ιοῑιιηι
2681 2948 2787 3005 hoc
2830 2963 3046 3005 comma
3090 2951 3349 3013 transilit.
3389 2954 3665 3008 Ὄντωσιν

2081 3041 2172 3098 hic
2199 3051 2424 3112 apparet
2469 3058 2499 3096 a
2541 3042 2876 3114 Pachymere
2911 3043 3108 3098 dictam
3157 3043 3416 3116 ὕπαρξιν,
3448 3058 3663 3102 exstan-

393 3129 473 3184 cis
547 3129 805 3188 iudicatio
881 3131 1166 3189 custodum
1235 3135 1554 3206 angelorum
1618 3152 1715 3208 per
1785 3146 2044 3204 vocemc
2078 3136 2230 3201 tiam,
2252 3143 2346 3188 aut
2369 3133 2647 3190 utscltoia:
2669 3133 3658 3211 loquuntur,exsistentiam.Esempla

393 3223 607 3293 ὁδηγῶν
641 3224 824 3282 fuerit.
861 3226 952 3281 Est
982 3239 1162 3281 autem
1190 3239 1237 3285 et
1277 3228 1408 3284 illud
1437 3230 1672 3302 antiquus
1697 3233 1749 3289 in
1781 3227 1973 3289 Eccle—

393 3318 474 3369 sia
508 3316 822 3372 traditionis
851 3318 1116 3376 hodierno
1145 3324 1523 3392 experimento
1557 3325 1878 3392 notissiuue,
1911 3337 1974 3383 ut

396 3409 532 3464 feria
567 3409 726 3465 tertia
769 3411 1010 3479 cujusvis
1057 3413 1410 3470 iiedemadis
1456 3415 1623 3471 cultui
1658 3417 1972 3486 angelorum

395 3503 734 3574 assignetur.
761 3505 1026 3562 Existimo
1059 3507 1224 3580 igitur
1248 3509 1471 3565 solitum
1499 3509 1972 3582 Constantinopoli

396 3599 652 3666 populum
687 3599 864 3655 tertiis
904 3600 1054 3657 feriis
1099 3604 1166 3657 ad
1211 3605 1614 3661 venerationem
1659 3608 1973 3678 angelorum

397 3707 748 3749 concurrere.
779 3693 950 3762 Quem
979 3707 1160 3752 autem
1192 3700 1242 3752 in
1273 3698 1492 3754 locum?
1525 3698 1729 3756 iudicat
1765 3704 1848 3757 hic
1879 3701 1978 3757 Pu-

397 3789 684 3857 cliymeres
752 3801 1079 3845 concursum
1156 3790 1300 3845 hunc
1364 3793 1564 3848 factum
1629 3793 1696 3849 ad
1765 3807 1974 3866 partem

398 3881 676 3935 dexteram
730 3897 839 3937 arat
900 3883 1152 3939 maximae
1206 3884 1371 3957 708
1423 3887 1476 3943 in
1527 3888 1731 3958 templo
1763 3892 1980 3948 Sancta

399 3975 655 4044 Sophim;
691 3976 762 4030 ibi
802 3977 968 4044 enim,
1003 3990 1059 4032 ut
1091 3978 1247 4046 dixit,
1278 3979 1599 4036 t-oliocatum
1633 3981 1810 4038 fuerat
1837 3983 1980 4039 fcre-

401 4080 544 4124 trum
576 4079 668 4126 aut
713 4070 870 4125 theca
919 4073 1122 4127 ossium
1151 4074 1372 4128 Arsenii
1414 4076 1691 4143 quondam
1739 4078 1980 4144 patriar-

399 4165 537 4230 chae,
571 4180 732 4233 quam
763 4165 1057 4221 occasione
1080 4182 1381 4222 concursus
1414 4168 1571 4223 istius
1604 4168 1697 4224 taii
1725 4170 1813 4225 die
1847 4171 1982 4227 soli-

401 4265 511 4311 tum
544 4258 774 4328 relinqui
823 4265 1068 4326 apertam
1111 4260 1206 4314 ait.
1241 4258 1355 4313 Non
1399 4271 1560 4326 vana”,
1602 4262 1816 4331 opinor,
1846 4257 1986 4320 con-

395 4348 610 4416 jecmra
649 4348 814 4405 fuerit
853 4351 1084 4405 eiectum
1123 4352 1268 4407 hunc
1295 4352 1476 4407 locum
1525 4354 1577 4409 iti
1624 4369 1730 4424 quo
1759 4356 1982 4426 pctissi-

403 4460 548 4496 nium
618 4443 859 4499 residere
915 4442 1136 4512 angelos
1182 4444 1524 4512 crederetur,
1594 4429 1662 4502 ex
1719 4462 1786 4504 eo
1839 4447 1985 4520 quod

403 4535 538 4593 an.
573 4554 612 4601 ι.
644 4537 704 4591 Η
741 4555 754 4592 :
789 4535 950 4592 Stans
995 4554 1029 4591 α
1054 4539 1268 4594 dextris
1323 4538 1509 4595 altaris
1560 4540 1760 4596 incensi
1813 4559 1969 4613 appa-
2010 4521 2054 4575 υ

405 4633 575 4686 ruisse
625 4631 902 4697 Zacharias
958 4632 1176 4704 angelus
1237 4633 1476 4701 dicitur;
1529 4637 1671 4690 unde
1721 4638 1775 4692 in
1832 4638 1978 4692 illam

406 4743 668 4799 tanquam
717 4729 1108 4802 legitimam‘et
1150 4731 1324 4785 sacris
1365 4731 1606 4786 oraculis
1647 4732 1980 4786 declaratum

406 4825 724 4893 angelorum
753 4824 935 4880 sedem
963 4839 1027 4878 ac
1056 4825 1210 4892 quasi
1236 4821 1522 4878 stationem
1558 4827 1734 4893 pOpttli
1763 4826 1983 4896 augt-los

409 4916 719 4971 venerantis
746 4916 961 4971 devotio
993 4915 1248 4970 ferretur.
1269 4914 1384 4982 Quo
1407 4915 1856 4985 pertinetdictuiu
1895 4916 1986 4971 iii-

407 5009 549 5074 Iarii,
577 5025 702 5064 can.
738 5010 836 5063 uit.
876 5008 927 5062 in
985 5007 1324 5070 Mattitatum,
1362 5009 1685 5063 aliirmantis
1717 5010 1988 5077 signitica-

408 5112 519 5153 tum
548 5102 814 5156 scissione
863 5102 984 5165 veli,
1033 5116 1151 5170 quae
1184 5101 1236 5155 iit
1273 5111 1445 5156 morte
1491 5101 1693 5156 Christi
1738 5101 1983 5172 comigit,

405 5196 710 5249 d'scessum
759 5194 1072 5264 angelorum
1131 5210 1163 5247 ει
1208 5193 1456 5250 custodia
1496 5209 1784 5266 synagoga:
1810 5207 1864 5249 ct
1898 5213 1985 5249 sa-

405 5303 626 5342 crorum
677 5285 1054 5352 Judaicorum,
1091 5287 1290 5356 quibus
1332 5288 1678 5344 excubabant
1709 5287 1774 5343 ad
1811 5290 1984 5344 velum

405 5382 593 5448 templi
623 5382 1010 5443 consistentes.
1049 5381 1148 5434 hoc
1193 5389 1275 5434 est
1311 5396 1478 5450 prope
1527 5380 1700 5436 altare
1754 5381 1982 5448 incensi,

405 5475 549 5542 quod
585 5474 772 5527 intime
804 5472 1078 5527 admotum
1120 5473 1238 5528 velo
1285 5485 1402 5527 erat
1433 5470 1632 5529 Sancta
1671 5488 1984 5529 sanctorum

403 5568 693 5636 operit-nti,
728 5578 784 5621 ut
819 5567 1161 5622 notissimum
1213 5578 1318 5623 est.
1378 5567 1550 5622 Verba
1587 5578 1714 5623 sunt
1742 5567 1930 5623 liiiarii
1970 5587 1984 5626 :

416 5661 534 5716 Veli
554 5662 724 5716 honor
753 5679 870 5716 cum
904 5664 1143 5715 custodia
1178 5663 1350 5731 angeli
1380 5663 1699 5731 protegentis
1725 5662 1986 5732 aufertur.

408 5751 670 5822 Superest
707 5765 763 5809 ut
794 5755 1059 5810 rationem
1096 5754 1281 5809 let-tuti
1322 5757 1541 5810 reddant
1592 5760 1991 5813 emendatimiis

413 5865 479 5904 ex
512 5849 822 5913 Coniectura
857 5851 1202 5910 necessariae.
1241 5851 1298 5906 in
1330 5851 1537 5909 duobus
1579 5853 1861 5912 codicibus
1895 5871 1991 5919 op-

2078 3228 2298 3294 desunt,
2330 3243 2452 3298 qua:
2479 3228 2697 3299 quidem
2755 3228 2981 3284 viderim
3026 3229 3188 3301 hujus
3228 3232 3298 3287 ab
3345 3232 3472 3289 aliis
3505 3249 3662 3289 usur-

2079 3322 2188 3392 pati
2222 3321 2498 3377 vocabuli.
2529 3323 2684 3389 Quod
2716 3323 2760 3377 si
2797 3318 2902 3378 non
2935 3324 3064 3380 alibi
3099 3335 3285 3399 noster
3317 3325 3547 3398 legerat,
3584 3327 3664 3384 vi-

2078 3413 2234 3470 derat
2293 3423 2472 3469 tamen
2525 3424 2674 3470 certe
2726 3415 2817 3469 illa
2864 3417 2924 3472 ὃ.
2957 3415 3199 3489 Dionysii
3244 3408 3342 3476 lib.
3396 3419 3471 3476 De
3490 3413 3664 3477 divin.

2080 3505 2403 3572 nominibus,
2438 3521 2488 3562 ο.
2523 3504 2578 3572 5,
2616 3507 2681 3561 de
2711 3505 2829 3561 Deo
2863 3506 3090 3576 scripta,
3127 3507 3271 3581 ἁρχὴ
3321 3508 3418 3563 καὶ
3460 3508 3665 3582 μέτρον

2079 3602 2315 3665 αἰώνων,
2365 3604 2462 3657 καὶ
2501 3603 2716 3676 χρόνων
2768 3600 3034 3673 ὀντώτης.
3093 3603 3224 3671 Quae
3274 3608 3439 3662 etiatu
3500 3591 3662 3662 verba

2084 3695 2237 3750 idem.
2278 3693 2641 3766 Pachymeres
2690 3694 2900 3765 prolixe
2947 3697 3244 3753 declaravit
3310 3699 3364 3753 in
3430 3713 3528 3754 sua
3598 3699 3661 3752 ad

2082 3803 2210 3843 eum
2239 3789 2422 3850 locum
2457 3789 2802 3860 paraphrasi.
2848 3790 2981 3845 Cum
3017 3806 3148 3863 ergo
3196 3807 3394 3847 nomen
3426 3793 3667 3864 ὁντώτης

2085 3880 2157 3936 ibi
2196 3883 2486 3952 reperisset
2517 3885 2674 3952 quasi
2717 3898 2780 3937 ex
2816 3886 2982 3939 verbo
3002 3883 3196 3951 ὀντόω,
3228 3885 3394 3956 709
3422 3887 3668 3943 derivato

2085 3990 2116 4031 e
2141 3977 2433 4046 participio
2465 3976 2565 4041 ὢν,
2596 3979 2781 4047 ὄντος,
2810 3977 3100 4032 deductum
3158 3981 3275 4048 pari
3331 3963 3578 4052 analogia
3607 3997 3670 4036 se

2085 4083 2246 4140 posse
2273 4072 2545 4140 putaverit
2583 4071 2818 4126 indidem
2855 4064 3157 4139 producere
3205 4075 3530 4130 vocabulum
3577 4076 3664 4130 ὕν-

2084 4171 2273 4228 τωσις,
2299 4167 2440 4234 quod
2469 4166 2558 4221 hic
2587 4167 2762 4236 ponit.
3323 4196 3329 4203 -

2170 4257 2536 4326 'opoosoeta.
2568 4274 2622 4328 p.
2667 4257 2794 4316 est.
2817 4259 2912 4333 _[P.
2945 4258 3162 4335 5011's
3188 4259 3230 4314 δ’
3259 4256 3328 4333 ἦν
3365 4262 3399 4332 ἡ
3433 4263 3539 4335 τῆς
3575 4263 3669 4335 ὀρ·

2089 4350 2330 4418 desaeviat;
2377 4336 2586 4425 ἡμέρα.
2639 4354 2829 4410 Fuisse
2877 4356 3016 4411 hanc
3056 4357 3285 4424 primam
3323 4356 3667 4413 Dominicam

2088 4448 2528 4517 Qizadragesimm
2553 4445 2755 4503 diserte
2774 4448 2932 4504 docet
2952 4447 3291 4517 Pliilotlieus,
3313 4451 3531 4506 homiiia
3559 4452 3614 4506 in
3641 4454 3665 4506 ι

2089 4540 2245 4595 Dom.
2284 4539 2587 4609 Quadrag..
2624 4541 2702 4594 sic
2747 4541 3035 4596 scribens:
3068 4541 3147 4612 Τῇ
3195 4543 3451 4614 κυριακῇ
3494 4543 3672 4618 ταύτῃ

2086 4634 2181 4688 καὶ
2215 4632 2404 4704 πρώτῃ
2448 4633 2558 4684 τῶν
2591 4632 2857 4702 νηστειῶν
2891 4635 2925 4704 ὴ
2954 4633 3050 4687 τοῦ
3086 4635 3325 4704 Χριστοῦ
3367 4636 3671 4712 Ἐκκλησία

2086 4713 2368 4796 ἑορτάζειν
2428 4723 2704 4795 παρέλαϐε
2750 4725 2850 4796 τὴν
2891 4726 3227 4795 ὀρθοδοξίαν,
3255 4730 3374 4801 ἤτοι
3402 4731 3503 4802 τὴν
3537 4736 3670 4787 ἀνα-

2087 4820 2358 4889 στήλωσιν
2387 4819 2496 4871 τῶν
2527 4820 2742 4872 σεπτῶν
2776 4822 2871 4873 καὶ
2907 4821 3078 4889 ἁγίων
3110 4823 3339 4875 εἰκόνων
3364 4811 3674 4900 γενομένην

2087 4912 2239 4982 παρᾶ
2287 4911 2508 4983 Μιχαὴλ
2563 4911 2831 4978 βασιλέως
2875 4915 2966 4966 καὶ
3007 4913 3288 4986 Θεοδὼρας
3335 4915 3434 4987 τῆς
3474 4919 3668 4973 τούτου

2091 5006 2296 5077 μητρὸς
2354 5007 2452 5077 τῆς
2507 5007 2782 5077 μακαρίας
2843 5005 3136 5078 βασιλίδος,
3179 5009 3276 5062 καὶ
3349 5011 3444 5063 τοῦ
3508 5013 3672 5082 ἁγίου

2086 5099 2352 5154 Μεθοδὶου
2425 5099 2769 5171 πατριάρχου
2832 5103 2930 5170 τῆς
3005 5103 3666 5170 Κωνσταντινουπόλεωςο

2091 5193 2205 5247 Ista
2258 5195 2535 5248 Dominica
2587 5197 2760 5260 prima
2804 5193 3130 5264 jejuniorum
3181 5197 3384 5252 Christi
3427 5199 3670 5257 Ecclesia

2088 5289 2310 5354 suscepit
2338 5288 2702 5341 celebrandam
2729 5290 3122 5356 orthodoxiam,
3149 5290 3256 5346 sive
3287 5295 3668 5350 restitutionem

2089 5382 2505 5436 renerandarum
2559 5393 2606 5438 ct
2664 5393 2974 5438 sanctarum
3037 5386 3330 5455 imaginum
3392 5388 3592 5458 factum
3635 5408 3668 5446 α

2090 5473 2347 5530 Michaele
2387 5477 2698 5542 imperatore
2735 5487 2784 5529 et
2820 5477 3090 5532 Theodoro
3122 5478 3285 5547 hujus
3316 5490 3484 5535 matre
3518 5490 3669 5539 beata

2089 5571 2440 5638 imperatrice,
2470 5581 2519 5625 et
2550 5582 2734 5624 sancto
2769 5570 3038 5625 Methodio
3067 5572 3382 5642 patriarcha
3404 5572 3670 5630 Constan-
3718 5621 3720 5624 ,

2094 5668 2460 5737 tinopotitano.
2508 5665 2662 5731 Quod
2713 5667 2766 5719 in
2802 5679 2864 5718 ea
2903 5666 3181 5721 Dontinica
3217 5665 3480 5732 Codinus,
3519 5669 3556 5725 i.
3595 5669 3668 5724 De

2095 5759 2242 5829 Ome.
2290 5756 2470 5812 innuit
2520 5757 2740 5810 recitari
2799 5757 3016 5812 solitum
3080 5767 3293 5816 astante
3338 5759 3670 5839 imperatore

2094 5849 2431 5920 synodioum,
2467 5846 2679 5908 videtur
2721 5849 3355 5923 signiﬁcarel'oruiuiatn
3394 5850 3521 5908 ﬁdei
3555 5851 3668 5908 sive
