4012 6236
348 288 450 354 769

1718 284 2247 375 GLOSSARIUM.

3476 296 3615 361 -770

343 404 833 464 anathematismos
862 404 914 459 in
946 403 1182 460 interesses
1205 416 1233 457 a
1255 400 1478 474 synotlis
1498 400 1766 458 decretos.
1791 402 1921 470 Qui~
1956 405 2008 466 Α
2102 402 2407 473 Πάροικοι,
2453 416 2507 474 p.
2562 401 2688 460 209.
2719 401 2889 473 ,Quos
2932 404 3022 462 hic
3056 414 3219 463 vorat
3246 405 3611 483 Pacbymeres

343 502 445 558 bus
485 486 858 556 consentanee
886 498 1075 555 scribit
1115 497 1501 571 Pachymeres,
1542 513 1593 567 p.
1627 498 1719 568 '52,
1757 499 1927 555 Joan-

342 611 465 649 nem
504 593 740 648 Veccum
775 594 1139 662 patriarcham
1157 592 1432 649 addidisse
1463 592 1669 663 aliquot
1699 593 1928 648 anathe-

345 688 632 743 matismos
671 687 737 743 iis
768 688 857 753 qui
891 685 1139 742 solebant
1172 685 1389 741 recitari
1432 685 1523 742 die
1562 685 1925 742 orthodoxize.

340 777 416 833 Ex
474 793 591 849 quo
641 779 997 849 intelligimus
1050 768 1157 834 non
1212 776 1381 834 fuisse
1430 780 1740 835 necessario
1795 778 1927 835 illud

337 873 664 944 synodicum
708 873 988 929 decretum
1019 882 1113 927 aut
1140 886 1406 927 canonem
1442 871 1638 945 synodi
1681 886 1923 931 secume-

338 964 497 1031 nicze,
529 965 624 1019 sed
660 974 900 1033 potuzsse
927 964 1029 1018 sub
1060 963 1111 1019 id
1150 977 1347 1017 nomen
1383 962 1573 1017 venire
1606 962 1923 1019 sanctiones

335 1064 573 1112 statutas
621 1058 674 1112 iu
706 1056 1003 1112 ordinariis
1033 1038 1255 1127 synodis
1282 1053 1607 1124 patriarcha:
1628 1056 1920 1124 cujusque.

406 1150 951 1219 Παραθεωρεῖσθαι,
990 1166 1043 1219 p.
1072 1148 1199 1205 618.
1230 1149 1352 1219 Agit
1381 1150 1443 1202 de
1483 1147 1567 1202 his
1596 1147 1686 1218 qui
1714 1146 1925 1206 acerbis

332 1244 499 1313 jussis
540 1243 827 1297 Athanasii
866 1243 1202 1311 patriarchae
1258 1243 1413 1297 inviti
1463 1244 1633 1317 coacti
1673 1242 1925 1310 jt-junare

332 1335 475 1387 clam
508 1333 998 1401 comcssabsutur;
1030 1333 1167 1386 unde
1188 1334 1625 1403 consequebatur
1655 1348 1748 1389 eos
1780 1334 1922 1404 quod

333 1438 495 1481 nocte
548 1429 872 1496 intempesta
919 1427 1301 1491 comedissent,
1346 1437 1527 1482 astare
1570 1428 1923 1496 postridianis

328 1522 630 1576 sacrificiis
655 1532 873 1575 saturos
892 1532 945 1575 et
972 1520 1199 1582 crudos;
1227 1522 1275 1573 in
1300 1536 1405 1590 quo
1427 1531 1541 1575 erat
1566 1522 1920 1577 irreverentia

332 1613 642 1679 disciplinae
668 1613 831 1666 veteri
857 1613 1134 1667 damnata.
1155 1608 1328 1666 Vocat
1351 1603 1477 1682 ergo
1504 1618 1686 1667 noster
1710 1612 1797 1667 hic
1818 1630 1923 1666 πα·-

334 1704 744 1776 ριθεωρείσθαι
777 1705 1046 1774 μυστικὰς
1080 1703 1277 1768 θυσίας
1324 1704 1513 1759 violari
1556 1706 1917 1759 reverentiam

334 1801 570 1868 mystico
615 1799 887 1854 Sacrillcio
928 1798 1164 1851 debitam
1201 1814 1263 1851 ex
1301 1814 1399 1851 usu
1440 1799 1628 1861 veteri,
1659 1798 1918 1852 assisten-

334 1889 406 1940 tia
438 1904 549 1940 non
583 1887 896 1957 jojnuorum
934 1904 960 1939 a
999 1898 1157 1942 noote
1185 1888 1379 1943 media.
1415 1888 1658 1959 Θεωρεῖν
1695 1900 1749 1943 et
1780 1889 1917 1943 θεω-

330 1980 550 2049 ρεῖσθαι
603 1982 829 2036 verbum
879 1992 965 2036 est
1012 1981 1186 2036 sacris
1243 1980 1370 2035 olim
1434 1980 1731 2046 addictum,
1771 1993 1919 2037 caste

320 2073 513 2129 obitas
552 2074 898 2133 caerimonias
931 2084 986 2129 et
1024 2073 1288 2143 religiosis
1322 2085 1687 2145 praeparatum
1718 2075 1919 2132 ritibus

326 2176 693 2238 conspectum
732 2167 1115 2239 mysteriorum
1148 2153 1480 2237 exprimens.
1527 2167 1664 2224 Hinc
1716 2170 1770 2224 in
1801 2168 1918 2237 epi-

328 2259 467 2313 stola
524 2259 770 2315 PlatOuis
827 2260 879 2314 οἱ
923 2258 1254 2329 θεωροῦντες
1298 2260 1359 2314 ἐν
1401 2260 1627 2329 Δελφοῖς
1683 2260 1917 2316 ministri

326 2353 481 2421 juxta
518 2354 658 2431 rijus
693 2354 804 2409 illic
838 2366 1129 2409 consuetos
1159 2341 1424 2425 Apollinis
1454 2356 1622 2409 cultui
1668 2367 1917 2413 vacantes

326 2458 380 2502 et
410 2448 599 2504 varias
642 2448 947 2504 luuctioncs
983 2446 1258 2515 religionis
1288 2447 1407 2518 ejus
1441 2450 1710 2517 proprias,
1751 2464 1915 2518 opcra

326 2542 744 2597 consulentibus
769 2543 1070 2610 praesertim
1102 2542 1381 2597 oraculum
1411 2540 1677 2613 navanda,
1709 2541 1918 2596 obeun-

333 2646 435 2688 tes.
500 2632 658 2689 Uude
705 2633 1071 2703 Thucydides,
1136 2633 1171 2685 Ι.
1235 2648 1286 2695 v,
1342 2634 1570 2701 θεωρεῖν
1618 2632 1761 2686 κατὰ
1814 2634 1917 2686 πά-

329 2746 484 2799 τρια,
522 2728 630 2781 hoc
685 2735 791 2788 est,
842 2726 1071 2794 opiuor,-
1121 2725 1225 2778 ritu
1281 2740 1307 2777 a
1358 2726 1659 2793 majoribus
1715 2725 1916 2781 trad:to

324 2834 487 2874 sacra
528 2818 704 2874 oﬂicia
739 2818 916 2882 obire,
969 2815 1249 2885 coitjurtgit
1300 2832 1423 2871 cum
1478 2816 1628 2870 Θύειν
1678 2827 1730 2871 et
1781 2837 1917 2888 μαν-

333 2910 599 2967 τεύεσθαι
655 2903 967 2966 sacsillcare
1029 2919 1082 2965 et
1140 2908 1417 2963 oraculum
1480 2911 1763 2965 consulere
1823 2922 1918 2968 aut

327 3021 618 3076 acet-ptum
666 3006 846 3058 cdere.
878 3001 998 3057 Non
1040 3004 1181 3056 enim
1214 3004 1412 3070 accedo
1451 3002 1759 3056 scholiastac
1792 3020 1913 3057 rer-

328 3097 457 3152 «bunt
520 3097 751 3167 Θεωρ;ἷν
816 3109 881 3147 eu
946 3094 1062 3147 loco
1120 3106 1313 3161 exponi

331 3208 491 3256 mur;
523 3196 591 3245 de
623 3205 731 3259 quo
762 3186 1007 3256 pluribus
1037 3184 1340 3239 disserendi
1383 3200 1486 3237 non
1520 3194 1603 3239 est
1635 3186 1721 3237 hic
1744 3184 1917 3240 locus.

329 3281 504 3337 Porro
540 3281 759 3351 quando
786 3279 852 3333 ab
885 3278 1119 3349 indignis
1154 3287 1245 3330 aut
1280 3291 1384 3330 nou
1419 3274 1659 3344 legitimo
1692 3275 1921 3331 initiatis

332 3386 600 3447 apparatu
626 3376 853 3445 ὲποψία,
886 3373 1638 3442 conspectusmyNeriorum,
1670 3382 1758 3425 aut
1784 3388 1917 3427 cou-

333 3480 415 3523 tra
448 3485 613 3540 quam
661 3468 742 3523 [as
790 3476 872 3522 est
910 3466 1159 3536 neglecto
1200 3473 1403 3518 statuto
1457 3464 1561 3517 ritu
1606 3463 1915 3533 religiosum

324 3565 554 3635 aliquod
587 3564 772 3618 obitur
803 3559 1062 3624 cilicium,
1084 3557 1589 3627 παραθεωρεῖσθαέ,
1628 3558 1831 3625 despici
1859 3565 1916 3613 et

334 3657 487 3726 quasi
516 3656 684 3726 pollui
711 3667 868 3709 sacra
903 3650 1178 3706 dicuntur.
1209 3646 1301 3705 Sic
1337 3648 1643 3721 Hesychius
1692 3648 1918 3719 exponit

331 3747 811 3821 παρεθεωροῦντο,
861 3742 1314 3823 κατεφρονοῦντο.
1372 3741 1469 3798 Ubi
1522 3743 1622 3799 etsi
1668 3743 1916 3797 videatur

332 3846 605 3916 respicere
639 3843 815 3897 locum
850 3838 1014 3910 710
1058 3838 1181 3894 Act.
1239 3837 1434 3907 Apost.
1492 3852 1566 3902 vt,
1618 3838 1669 3902 l,
1732 3847 1910 3906 tamen

332 3936 493 3992 latius
521 3937 626 3990 hoc
652 3932 871 3990 extendi
894 3931 1018 4000 jure
1041 3938 1259 4000 potest;
1293 3938 1347 3983 et
1372 3934 1438 3984 ad
1474 3930 1909 3995 irreverentiam,

332 4045 434 4100 qua
462 4028 658 4098 religio
688 4017 942 4087 violatur,
971 4029 1086 4078 non
1105 4012 1378 4078 immerito
1404 4023 1491 4091 hic
1512 4037 1541 4076 a
1578 4021 1913 4094 Pachymere

332 4121 796 4175 accommodatum
827 4123 929 4170 est.
964 4111 1319 4182 Contemptus
1360 4112 1503 4166 enim
1560 4129 1666 4167 non
1714 4115 1911 4168 dubius

331 4223 414 4268 est
460 4212 660 4269 divinae
706 4206 1030 4277 maiestatis,
1066 4205 1412 4275 praescriptas
1444 4205 1510 4259 ab
1558 4206 1673 4274 ipso
1714 4204 1824 4259 Deo
1855 4205 1908 4271 in

330 4306 444 4376 ejus
498 4304 648 4360 cultu
702 4300 1111 4357 observationes
1162 4296 1455 4366 negligere.
1499 4295 1676 4363 Quare
1710 4294 1909 4351 Paulus

328 4396 643 4453 Corinthios
703 4404 959 4463 tanquam
1011 4391 1101 4445 Dei
1153 4388 1447 4442 Ecclesium
1499 4396 1905 4459 contemnentes,

332 4487 833 4561 καταφρονοῦντας,
868 4485 1111 4553 increpat
1162 4481 1328 4538 lCor.
1364 4496 1440 4545 XI,
1463 4478 1557 4541 22,
1592 4480 1813 4548 quodin
1845 4495 1906 4533 ea

334 4586 476 4640 velut
526 4560 582 4639 in
619 4583 737 4638 loco
776 4580 1002 4649 profano
1036 4560 1389 4630 comederent
1432 4589 1446 4625 :
1485 4572 1571 4640 Μὴ
1595 4577 1703 4642 γὰρ
1730 4574 1908 4635 οἰκίας

331 4681 479 4751 ἔχετε
515 4681 597 4743 εἰς
638 4678 696 4730 τὸ
733 4674 936 4728 ἐσθίειν
970 4673 1065 4724 καὶ
1102 4670 1319 4735 πίνειν;
1354 4665 1386 4739 ἥ
1433 4668 1534 4739 τῆς
1580 4666 1907 4736 Ἐκκλησίας

331 4775 420 4828 τοῦ
452 4772 590 4829 Θεοῦ
636 4769 1034 4839 καταφρονεῖτε
1056 4765 1079 4819 ?
1104 4762 1245 4830 Ouid
1282 4772 1463 4817 autem
1499 4761 1545 4814 si
1573 4762 1910 4829 suspicentur

332 4866 717 4942 Pachymerem
766 4850 1194 4927 nostrum,'cum
1244 4856 1383 4926 apud
1438 4869 1595 4909 suum
1650 4868 1906 4922 magnum

333 4964 630 5032 Apollinem
691 4958 1020 5027 Hesychium
1074 4942 1315 5023 legisset,
1359 4950 1477 5004 loco
1530 4965 1558 5002 a
1621 4963 1706 5001 me
1750 4947 1909 5000 modo

331 5057 621 5127 descripto,
674 5050 1159 5123 παραθεωρεῖσθαι
1212 5055 1268 5101 et
1323 5040 1789 5114 καταφρονεῖσθαι
1850 5048 1909 5093 ut

335 5147 758 5218 ἰσοδυναμοῦντα
784 5142 1113 5212 comparari,
1143 5140 1412 5208 simulque
1449 5136 1675 5192 haberet
1706 5134 1755 5187 in
1789 5133 1909 5187 ani-

294 5242 297 5245 ’
339 5258 420 5296 mo
468 5234 834 5297 memoratum
890 5236 1037 5290 Pauli
1081 5236 1257 5289 locum
1304 5230 1598 5294 contemni,
1634 5240 1912 5297 καταφρο-

338 5337 564 5402 νεῖσθαι,
595 5332 681 5407 [Ρ.
704 5330 840 5403 502]
870 5328 1172 5384 Ecclesiam
1198 5325 1535 5381 comestione
1563 5336 1907 5393 conqueren-

338 5427 805 5494 tis,'irrevereutia
858 5440 962 5495 qua
1008 5431 1339 5493 prazsumpto
1387 5431 1548 5473 nocte
1583 5418 1908 5486 intempesta

1952 1773 1992 1826 Β

337 5524 450 5577 cibo
481 5534 609 5578 'non
659 5521 829 5590 jejuni
884 5518 1069 5573 clerici
1130 5525 1225 5569 aut
1279 5513 1527 5567 monachi
1587 5510 1718 5576 aris,
1779 5509 1906 5562 dum
1954 5547 1957 5551 -

340 5620 668 5673 sacriﬁcatur
692 5628 848 5667 maue
872 5620 1132 5674 astarent,
1164 5604 1667 5679 παραθεωρεῐσϐαι,
1701 5603 1802 5655 hoc
1824 5609 1907 5656 est

338 5706 815 5781 καταφρονεῖσθαι,
837 5704 1059 5773 despici.
1080 5702 1361 5758 contemni
1390 5714 1579 5755 sacras
1599 5695 1907 5754 oblationes

341 5802 734 5868 criminantem,
758 5798 1050 5873 posuisse?
1112 5878 1119 5885 ο

2030 496 2351 569 παροίκους,
2377 495 2605 566 opponit
2629 495 2952 553 habentibus
2980 498 3257 570 προνοίας,
3292 517 3427 572 quas
3452 503 3521 558 ab
3542 518 3611 559 eo

2030 591 2213 645 vocari
2252 591 2544 661 pensiones
2588 589 2747 659 pendi
2781 590 2971 646 solitas
3003 606 3034 646 e
3062 592 3275 663 publico
3324 595 3613 651 militanti-

2030 681 2134 738 bus
2186 691 2281 737 aut
2336 682 2575 752 aliquam
2628 683 2941 753 reipublicae
2988 684 3314 741 novantibus
3361 700 3610 758 operam,

2029 776 2286 828 docemus
2310 774 2375 827 ad
2399 774 2449 829 id
2483 774 2707 829 vcrbum
2739 776 2840 830 hoc
2871 775 2989 846 ipso
3017 774 3319 834 Glossario.
3342 777 3431 835 Ait
3464 780 3609 836 enim

2031 864 2118 919 hic
2152 864 2484 933 (quanquam
2518 865 2813 921 ἰιιιγὶιιωῑθ
2844 883 2908 922 ac
2943 867 3325 939 perobscuree:
3366 887 3489 927 nam
3527 881 3611 927 ιο.

2031 970 2142 1013 tum
2162 959 2263 1013 hoc
2283 974 2390 1028 prrc
2413 960 2620 1014 caeteris
2641 970 2799 1030 caput
2817 961 3061 1028 confuse,
3083 962 3344 1033 elliptice,
3369 965 3610 1021 tenebri«

2026 1052 2312 1109 cosissime
2358 1062 2684 1121 conceptum
2716 1053 2845 1123 est),
2894 1055 2987 1116 ait,
3021 1055 3261 1125 inquam,
3316 1057 3397 1112 vel
3432 1059 3611 1127 potius

2027 1156 2303 1212 utcunque
2333 1145 2620 1215 significat,
2657 1144 3051 1210 Andronicum,
3093 1148 3180 1202 cui
3212 1164 3425 1219 magna
3472 1166 3610 1222 opus

2025 1248 2144 1292 erat
2185 1242 2412 1308 pecunia
2449 1238 2590 1291 unde
2617 1238 2885 1306 stipendia
2926 1238 3278 1295 Cretensibus
3308 1243 3376 1297 ab
3407 1244 3523 1313 ipso
3555 1246 3606 1297 iu
3664 1284 3667 1287 ‹

2027 1326 2303 1384 Orientem
2332 1330 2573 1384 evocatis
2593 1340 2646 1382 et
2677 1331 2785 1383 illic
2808 1329 2970 1385 ﬁdam
2999 1332 3098 1402 ipsi
3128 1334 3452 1391 navautibus
3477 1348 3605 1405 ope-

2026 1439 2139 1477 ram
2172 1439 2294 1477 cum
2336 1422 2439 1477 lide
2479 1432 2921 1493 reprzesrntaret,
2956 1439 3073 1479 eam
3115 1425 3316 1481 indicta
3356 1428 3606 1483 subdito-

2029 1530 2146 1570 rum
2187 1517 2473 1570 collatione
2514 1515 2832 1571 conlevisse.
2874 1515 3010 1583 Quia
3046 1531 3176 1573 vero
3208 1518 3475 1588 ejusmodi
3512 1537 3611 1576 ex-

2028 1607 2404 1662 traordinariis
2469 1608 2775 1676 sumptibus
2830 1610 3109 1678 assignata
3167 1611 3366 1664 dudum
3430 1612 3608 1666 fuerat

2026 1698 2236 1752 exactio
2262 1698 2489 1752 decimae
2534 1702 2857 1767 pensiunum
2914 1714 3221 1754 annuarum
3274 1717 3300 1754 a
3338 1702 3605 1772 stipendia

2021 1804 2347 1859 quocunque
2394 1793 2610 1845 nomine
2662 1790 3020 1855 merentibus,
3057 1808 3179 1848 cum
3218 1794 3328 1858 jam
3370 1794 3404 1850 ii
3432 1796 3604 1849 conti-

2021 1892 2185 1938 nuata
2211 1883 2303 1937 diu
2329 1899 2391 1938 ea
2417 1885 2776 1938 diminutione
2806 1884 3074 1939 tt‘tercedis
3099 1887 3348 1941 exhausti
3375 1902 3607 1941 enerva-

2020 1976 2172 2046 tique
2195 1977 2459 2031 solvendo
2491 1993 2599 2031 nou
2630 1986 2833 2043 essent,
2862 1991 2999 2032 onus
3034 1978 3085 2032 id
3120 1978 3507 2034 devolvehatur
3536 1980 3601 2033 ad

2020 2067 2341 2139 παροίκους.
2380 2068 2481 2123 hoc
2512 2080 2617 2135 est,
2655 2079 2714 2122 ut
2743 2083 2832 2124 res
2861 2069 2975 2134 ipsa
3020 2079 3221 2137 monet,
3250 2070 3318 2126 ad
3362 2072 3604 2143 privatos

2019 2160 2350 2239 patrimonio
2375 2159 2620 2216 viventes
2639 2168 2731 2214 aut
2756 2160 2970 2230 peculio
2993 2160 3318 2222 domestico,
3343 2164 3461 2218 sine
3480 2163 3551 2216 ull
3576 2180 3605 2219 s

2020 2267 2049 2306 a
2093 2253 2224 2307 ﬁsco
2252 2253 2531 2310 subsidiis.
2568 2253 2643 2307 Eu
2684 2254 2776 2320 qui
2810 2254 3063 2308 dicantur
3092 2254 3195 2309 hoc
3236 2253 3355 2309 loco
3408 2256 3605 2327 πάροι-
3645 2295 3647 2298 ι

2018 2360 2127 2398 κοι.
2157 2344 2273 2413 Ego
2299 2343 2525 2414 privata:
2560 2343 2638 2399 rei
2670 2343 2919 2399 dominos
2958 2352 3013 2399 et
3049 2343 3477 2414 patresl'amilias
3518 2348 3604 2401 ln-

2019 2442 2316 2504 terpretor.

2088 2570 2611 2638 Πιιρυποστάσεις,
2645 2584 2700 2638 p.
2727 2569 2849 2625 ιιι.
2889 2568 2978 2634 Ὠς
3014 2568 3175 2641 εἴπερ
3220 2568 3498 2642 οὑρεθεῖεν
3532 2600 3606 2614 —-

2016 2665 2126 2717 τῶν
2160 2665 2389 2733 ἀγαθῶν
2444 2664 2739 2726 ἀπουσίας.
2797 2664 2921 2720 Haec
2964 2664 3212 2720 scribens
3245 2676 3438 2720 auctor
3485 2665 3606 2719 sine

2016 2758 2182 2811 dubio
2206 2759 2478 2828 cogitabat
2502 2758 2630 2811 illud
2657 2756 2716 2810 S.
2750 2757 2988 2828 Dionysii
3012 2758 3350 2829 Areopagita:
3370 2756 3603 2824 dictum,

2018 2852 2055 2907 Ι.
2108 2853 2182 2907 De
2220 2854 2413 2910 divinis
2465 2854 2782 2918 nominibus,
2817 2870 2866 2908 c.
2900 2852 2959 2921 4,
2988 2869 3042 2924 p.
3082 2853 3211 2918 2l7,
3250 2855 3339 2910 ed.
3368 2840 3605 2909 Lansehi

2016 2945 2365 3012 Parisieusis,
2412 2962 2504 3003 au.
2550 2946 2855 3003 ιϐιὸεΔιὸ
2889 2943 3013 2999 οὔτε
3056 2945 3358 3000 ὑπόστασιν
3403 2927 3605 3016 ιχητδ

2017 3041 2210 3101 κακὸν,
2243 3040 2379 3093 ἀλλὰ
2413 3039 2856 3108 παρυπόστασιν.
2890 3037 3196 3110 Signiﬁcat,
3232 3052 3352 3093 cum
3400 3038 3602 3093 malum

1320 3094 1411 3145 ‘nti
1473 3092 1713 3162 θεωροὺς
1768 3093 1911 3159 πέμ-

2024 3134 2156 3189 nihil
2201 3135 2273 3189 sit
2324 3133 2473 3189 aliud
2522 3148 2683 3203 quam
2720 3132 2845 3187 boni
2899 3131 3153 3202 privatio,
3199 3131 3300 3188 hoc
3338 3132 3605 3187 vocabulo

2021 3231 2218 3283 malum
2273 3243 2375 3283 nou
2411 3226 2706 3299 signiﬁcari
2745 3242 2928 3295 veram
2961 3226 3289 3281 exstantiatu
3343 3230 3434 3280 aut
3468 3227 3602 3279 suh-

2021 3321 2322 3379 Sistentian
2356 3323 2430 3376 rei
2466 3322 2797 3391 cujuspiam,
2831 3318 2925 3375 sed
2954 3319 3111 3389 quasi
3142 3319 3475 3373 exstantiam
3507 3329 3603 3372 aut

2020 3420 2177 3489 quasi
2208 3410 2780 3483 subsistentiamﬁsolo
2798 3414 2956 3468 modo
2987 3410 3243 3483 loquendi
3262 3412 3602 3482 exprimente

2018 3510 2248 3581 positiva
2277 3510 2448 3565 forma
2482 3524 2594 3563 rem
2623 3524 2770 3563 mere
2792 3505 3135 3576 privativum.
3169 3503 3482 3561 Undeidem
3509 3521 3606 3560 uo-

2018 3612 2134 3657 ster
2170 3600 2536 3673 Pachymeres
2573 3599 2958 3669 iuparaphrasi
2990 3597 3058 3652 ad
3098 3613 3222 3652 eum
3260 3595 3500 3669 Dionysii
3526 3596 3606 3648 lo-

2018 3712 2166 3762 cum,
2200 3693 2400 3764 p.124,
2423 3693 2661 3763 ejusdem
2696 3691 2972 3754 editionis,
2995 3689 3260 3743 rationem
3290 3702 3458 3756 quare
3481 3687 3602 3740 Diu-

2020 3790 2205 3858 nysius
2232 3790 2396 3855 neget
2438 3786 2741 3839 ὑπόστασιν
2801 3783 3209 3839 subsistentiam
3256 3781 3420 3845 malo,
3458 3781 3601 3833 hanc

2018 3881 2177 3951 711
2213 3879 2375 3935 afl'ert
2406 3896 2423 3933 :
2467 3879 2532 3932 Ἢ
2567 3883 2824 3948 στέρησις
2848 3877 2957 3945 γὰρ
2975 3875 3078 3927 οὐκ
3103 3873 3251 3926 ἔστιν
3273 3871 3598 3931 ὑπόστασις.

2019 3970 2174 4026 Unde
2193 3971 2357 4025 infert
2382 3986 2487 4024 non
2511 3984 2671 4040 posse
2692 3964 2894 4022 habere
2915 3966 3171 4019 virtutem
3206 3962 3368 4016 ullam
3399 3977 3412 4013 :
3439 3958 3513 4011 Τδ
3544 3959 3600 4011 es

2019 4071 2093 4143 μὴ
2109 4068 2479 4138 ὑφιστάμενον
2496 4065 2654 4117 ποίαν
2669 4061 2779 4125 ἕξει
2795 4060 2893 4129 τὴν
2908 4056 3422 4128 δύναμινζςξΕιιτιποι
3438 4052 3602 4121 igitur

2013 4166 2379 4235 Pachymeres
2415 4174 2472 4212 se
2504 4159 2716 4226 ipsum;
2740 4164 2791 4206 et
2820 4168 2917 4205 cur
2942 4146 3411 4219 πορυποστοὶσεις,
3442 4144 3599 4198 vice-

2013 4256 2425 4317 subsistentias,
2455 4261 2514 4306 ut
2552 4251 2630 4305 sic
2682 4250 2937 4309 dixerim,
2980 4247 3045 4297 tu
3092 4242 3191 4310 τῆς
3232 4240 3341 4292 τῶν
3374 4236 3600 4307 ἀγαθῶν

2012 4351 2308 4414 ἀπουσίας,
2337 4355 2492 4400 vocet
2528 4342 2697 4405 κακά,
2732 4340 2972 4394 declaret
3003 4336 3067 4390 iis
3099 4335 3231 4403 ipsis
3264 4331 3446 4388 verbis
3475 4346 3597 4399 quas

1945 4471 1985 4527 ι)
2015 4460 2122 4500 non
2152 4445 2316 4510 longo
2352 4437 2640 4495 intervallo
2689 4445 2806 4505 post
2859 4434 3015 4487 modo
3056 4432 3327 4499 descripta
3381 4426 3434 4481 iu
3474 4426 3595 4495 ejus

2016 4537 2337 4608 paraphrasi
2378 4534 2667 4603 leguntur:
2702 4530 2825 4581 Ὅτι
2849 4526 2971 4579 τότε
3013 4526 3047 4595 ἡ
3089 4524 3351 4595 στέρησις
3376 4536 3597 4589 παρυφ-

2017 4632 2251 4690 ισταται,
2278 4630 2364 4680 ὅτε
2392 4625 2451 4677 τὸ
2476 4624 2679 4690 ἀγαθὸν
2697 4623 3021 4691 ἀπέρχεται,
3043 4617 3307 4681 Quoniam
3337 4623 3460 4670 tunc
3478 4614 3595 4680 pri-

2012 4726 2154 4781 ratio
2185 4722 2340 4793 quasi
2371 4719 2633 4779 subsistit,
2666 4715 2877 4786 quando
2911 4716 3101 4765 bonum
3134 4708 3309 4782 (cujus
3355 4717 3439 4762 est
3482 4708 3595 4776 pri-

2012 4817 2181 4887 Vatio)
2224 4813 2479 4867 abscedit.
2524 4808 2677 4866 Unde
2720 4807 2851 4861 nihil
2880 4816 2962 4859 est
2991 4804 3245 4865 solidum,
3285 4802 3381 4855 sed
3416 4799 3592 4853 fortna

2011 4909 2172 4965 solidi
2196 4920 2536 4975 expressum.
2567 4902 2636 4957 Ut
2670 4917 2789 4955 cum
2823 4901 3072 4954 tenebras
3102 4898 3226 4965 quis
3256 4894 3407 4957 dicit,
3445 4894 3592 4945 vide-

2014 5015 2104 5058 tur
2138 5002 2431 5072 positivum
2485 4994 2687 5066 aliquid
2743 4994 2945 5058 dicere,
2984 5006 3173 5045 revera
3228 4998 3406 5042 autent
3458 4987 3591 5039 nihil

2013 5098 2143 5153 dicit
2175 5093 2279 5149 nisi
2317 5091 2565 5163 positivus
2604 5086 3011 5143 reiabstuttiam
3040 5083 3200 5137 lucis.

2069 5227 2412 5299 Πεισμονή,
2448 5242 2500 5296 p.
2536 5224 2656 5278 120.
2699 5223 2787 5276 Ait
2824 5220 3185 5291 patriarcham
3210 5214 3463 5287 Cyprium
3494 5229 3589 5265 er-

2015 5335 2193 5379 rorem
2249 5324 2308 5374 iu
2366 5319 2483 5387 ejus
2542 5328 2686 5369 tomo
2740 5313 3133 5381 deprehensum
3181 5321 3480 5377 agnoscere
3526 5322 3589 5358 ac

2012 5416 2287 5483 corrigere
2336 5414 2608 5465 nolentem
2646 5423 2750 5461 non
2775 5406 2947 5460 solum
2990 5401 3319 5471 πεισμονῆς,
3359 5400 3460 5454 hoc
3505 5408 3591 5453 est

2014 5523 2271 5564 assensus
2309 5506 2359 5558 in
2395 5518 2635 5557 errorem
2673 5510 2861 5552 contra
2900 5496 3079 5559 tidem,
3111 5498 3201 5553 sed
3235 5494 3399 5547 etiam
3442 5491 3592 5559 αἱρέ-

2015 5618 2173 5665 σεως,
2221 5597 2559 5653 contumacis
2594 5593 2841 5647 videlicet
2874 5592 2925 5645 iu
2958 5598 3173 5644 ostenso
3207 5600 3395 5641 errore
3419 5586 3591 5653 perti-

2014 5696 2203 5759 nacizc,
2242 5700 2555 5745 accusatum
2608 5691 2749 5756 apud
2795 5687 3174 5755 imperatorem
3205 5680 3394 5735 fuisse.
3439 5675 3591 5730 Unde

2024 5795 2249 5861 apparet
2274 5786 2389 5842 voci
2423 5782 2699 5853 πεισμονὴ
2725 5780 3094 5837 ecclesiastico
3126 5789 3221 5829 usu
3251 5777 3388 5827 hanc
3423 5770 3591 5825 fuisse
