4004 6234
274 213 380 282 Τῖ3

1662 208 2192 276 GLOSSARIUM.

3444 214 3549 280 774

276 329 400 387 treti
439 327 611 386 nostri
649 344 666 385 :
695 325 924 399 Magnus
949 305 1162 398 ﬂuvius,
1197 322 1348 398 quem
1397 324 1550 381 hodie
1585 323 1853 397 Sangariu
1887 324 1928 382 Δ
1957 321 2199 392 quojure
2221 338 2377 380 suum
2401 322 2738 381 Garumnam
2754 322 3031 385 Ausonius
3049 324 3105 384 in
3127 325 3350 387 Mosella
3372 345 3546 403 arquo-

269 435 487 490 oocant,
540 439 699 479 cursu
752 422 1159 478 violentissimus
1217 421 1273 477 in
1331 420 1521 484 medio,
1557 418 1858 489 profundus

270 515 562 572 admodum
592 514 979 581 latitudineque
1006 528 1303 582 aequoreus,
1327 526 1596 582 nunquam
1618 520 1734 581 post
1765 511 1859 564 hoc

269 610 445 662 mines
500 616 650 660 natos
702 615 915 674 pontem
973 607 1131 661 subiit
1171 609 1307 661 :sed
1352 606 1561 677 scaphis
1619 603 1858 671 pluribus

269 702 524 757 connexis
592 704 876 772 tegetisque
929 703 1102 754 instar
1154 701 1296 756 inter
1346 717 1402 756 se
1461 703 1600 770 aptis
1661 699 1857 754 audent

269 795 578 866 transgredi
607 795 826 866 pedites,
861 804 915 848 ut
959 795 1227 864 quondam
1273 793 1550 848 Medorum
1595 794 1856 847 exercitus

270 888 679 954 Hellespontum
714 889 951 953 transiit,
999 885 1192 943 Xerxis
1249 901 1480 942 metuens
1533 874 1862 956 indignatio-

267 999 408 1036 nem.
468 982 534 1037 At
568 999 648 1036 res
683 997 786 1036 non
817 993 965 1036 vacat
998 981 1231 1052 periculo
1273 998 1291 1037 :
1328 999 1452 1036 nam
1493 998 1627 1048 ωερε
1659 982 1872 1051 ﬂumen'

263 1077 480 1145 scaphis
537 1077 780 1130 omnibus
836 1077 1069 1144 abreptis
1123 1093 1239 1130 cum
1295 1077 1513 1130 nexibus
1575 1075 1857 1130 tramitem

265 1169 562 1224 viatoribus-
587 1171 790 1224 abnuit.
824 1169 980 1224 Nunc
1006 1168 1352 1224 Justinianus
1373 1169 1508 1238 Aug.
1540 1179 1743 1240 pontem
1778 1168 1857 1221 illi

265 1265 541 1332 imponere
571 1281 846 1336 aggressus
891 1267 1089 1318 acriter
1138 1265 1191 1318 in
1221 1281 1352 1333 opus
1388 1263 1662 1327 incumbit,
1717 1261 1856 1315 brevi

264 1353 456 1421 praeui
495 1356 657 1407 dubio
693 1356 1122 1418 absolvendum;
1167 1355 1320 1425 idque
1378 1371 1442 1409 ex
1499 1371 1557 1407 eo
1603 1353 1853 1423 conjicio,

263 1455 406 1516 quod
451 1450 692 1502 omnibus
731 1433 880 1504 illius
933 1451 1112 1518 cmptis
1163 1467 1378 1504 manum
1421 1449 1560 1504 Deus
1595 1449 1854 1502 admovet.

263 1543 498 1597 Puntem
535 1544 699 1611 igitur
726 1559 888 1616 supra
918 1544 1187 1614 Sangario
1219 1546 1490 1599 aediﬁcare
1515 1543 1857 1599 Justiniauus

265 1653 589 1703 aggressus,
619 1638 837 1706 quando
867 1654 994 1693 suos
1027 1641 1090 1693 de
1126 1638 1246 1707 ejus
1283 1638 1526 1692 aediliciis
1576 1653 1856 1691 commen-

267 1729 442 1782 tarios
471 1729 768 1797 Procopius
798 1729 991 1794 edidit,
1027 1739 1212 1798 postea
1261 1728 1507 1798 perfecit.
1560 1729 1855 1783 Vocatum-

264 1837 372 1891 que
426 1822 559 1875 illud
605 1837 738 1890 opus
779 1821 1215 1885 Ἰουστινιάνειος
1257 1820 1664 1890 ποντογέφυρα.
1721 1821 1856 1876 Cum

264 1913 410 1968 enim
455 1914 687 1983 simplex
718 1912 970 1984 γεφύρας
1019 1915 1362 1979 vocabulum,
1397 1915 1495 1968 etsi
1535 1930 1597 1968 ex
1626 1914 1854 1984 origine,

265 2004 308 2057 si
341 2003 638 2059 Enstatbio
677 2003 978 2071 credimus,
1006 2020 1198 2061 sonare
1233 2004 1482 2060 videatur
1515 2005 1746 2060 solidum
1789 2021 1856 2060 ex

266 2098 450 2168 lapide
477 2113 546 2152 ac
567 2107 830 2153 ammento
857 2114 1017 2167 super
1043 2098 1157 2153 loca
1185 2099 1463 2153 humentia
1492 2106 1722 2153 stratum
1756 2098 1858 2170 (sic

264 2192 412 2246 enim
464 2191 560 2248 ille
609 2194 830 2246 adnotat
879 2209 946 2246 ex
978 2189 1287 2247 Herodiano
1317 2191 1385 2246 ad
1432 2192 1581 2248 Iliad.
1612 2209 1693 2259 φε
1742 2192 1858 2245 Ku-

271 2285 404 2357 plw;
461 2286 686 2358 γέφυρά
714 2287 832 2340 ἐστι
873 2285 944 2357 γῆ
991 2287 1079 2357 ἐφ’
1130 2287 1326 2360 ὑγρᾶς,
1382 2286 1716 2358 Ἡρωδιανὸς
1764 2285 1856 2338 λέ-

269 2377 407 2448 γει),
437 2385 628 2432 tamen
683 2379 815 2433 satis
867 2376 1181 2448 frequenter
1210 2378 1501 2434 adhibetur
1556 2381 1624 2433 ad
1674 2377 1859 2448 expri-

271 2471 533 2523 mendum
579 2469 831 2526 mobilem
864 2478 1175 2525 contextum
1213 2471 1540 2536 tabularum,
1573 2486 1680 2540 quo
1710 2487 1741 2526 e
1769 2472 1857 2525 lit-

271 2572 388 2617 tora
418 2562 471 2618 in
515 2564 692 2616 navim
722 2573 815 2617 aut
843 2580 873 2618 e
904 2563 1030 2618 navi
1059 2565 1320 2619 transitur
1351 2567 1416 2618 ad
1453 2565 1605 2619 littus
1637 2580 1652 2618 :
1687 2565 1857 2622 moles

267 2653 372 2711 illae
398 2656 631 2726 lapideas
663 2657 930 2724 ingentes,
953 2657 1146 2726 quibus
1178 2672 1494 2726 magnorum
1523 2659 1650 2729 ripae
1677 2657 1857 2713 llumio

269 2763 398 2802 num
435 2749 580 2802 ﬁunt
608 2747 910 2804 viatoribus
954 2751 1174 2819 perviae,
1216 2749 1469 2804 videntur
1501 2752 1565 2804 ad
1601 2750 1858 2806 differen-

270 2849 399 2893 tiam
432 2856 545 2895 non
573 2839 895 2910 simpliciter
918 2842 1181 2911 γέφυραι,
1204 2843 1300 2895 sed
1339 2843 1553 2910 proprie
1590 2845 1854 2914 ποντογέ-

271 2951 441 3003 φυραι
478 2944 706 2991 vocatas.
759 2933 815 2990 Id
875 2933 1161 2990 Mauritius
1209 2935 1388 2989 innuit
1446 2937 1480 2989 Ι.
1518 2951 1556 2990 ιι
1593 2935 1850 3010 Stratcg.,

268 3042 321 3082 c.
352 3027 445 3094 2i,
479 3028 545 3083 de
577 3038 742 3096 ponte
768 3027 1023 3082 amnibus
1046 3027 1392 3097 imponendo,
1419 3039 1684 3098 quatenus
1713 3031 1764 3087 ld
1790 3033 1853 3086 ad
1883 3033 1924 3087 Ω

271 3118 685 3186 imperatoriam
738 3119 982 3172 ductoris
1043 3117 1129 3191 [Ρ.
1173 3118 1302 3192 505]
1352 3121 1623 3175 exercitus
1667 3139 1854 3178 curam

270 3223 503 3280 spectat,
538 3213 859 3282 praecipiens
905 3211 990 3266 bis
1022 3213 1200 3267 verbis
1234 3230 1248 3266 :
1288 3214 1348 3267 Et
1391 3217 1488 3284 μὲν
1535 3215 1856 3287 γεφυρῶσαι

271 3307 454 3374 χρεῖα,
504 3306 757 3358 τουτέστι
807 3306 1225 3374 ποντογέφυραν
1273 3306 1524 3376 ποιῆσαι.
1578 3309 1693 3362 δέον
1748 3311 1856 3363 ἀπὸ

270 3396 364 3468 τῆς
403 3398 544 3461 ιδίας
579 3398 746 3468 ὄχθης
789 3398 1054 3469 ἄρχεσθαι
1087 3385 1169 3453 ’τὰ
1219 3399 1312 3453 ἐπὶ
1353 3402 1582 3465 “:00th,
1608 3405 1855 3456 τουτέστι

271 3491 510 3555 venula;
552 3492 797 3559 μεγάλας
843 3494 940 3546 καὶ
988 3493 1355 3559 novt-ultimm,
1391 3496 1508 3566 ἤτοι
1539 3497 1857 3566 natast-pii.»-

274 3602 383 3649 cat,
419 3588 644 3640 πάντων
677 3587 736 3638 ὲν
755 3585 959 3656 ἑτοίμῳ
985 3586 1175 3640 ὅντων.
1207 3587 1280 3640 En
1311 3590 1564 3658 magister
1607 3591 1857 3645 militaris

275 3694 365 3734 seu
407 3681 587 3748 potius
623 3679 989 3748 imperatoria:
1034 3680 1168 3734 artis
1217 3679 1305 3734 hic
1363 3681 1630 3751 principii,
1669 3683 1753 3737 ubi
1803 3685 1854 3738 in

275 3774 447 3828 amnis
480 3790 739 3840 occursu,
781 3788 939 3843 quem
994 3774 1115 3827 belli
1168 3775 1307 3827 ratio
1354 3791 1459 3829 non
1487 3786 1694 3832 tantum
1731 3793 1854 3832 cum

276 3868 516 3923 exercitu
543 3866 873 3935 transgredi,
904 3865 997 3919 sed
1035 3865 1194 3918 etiam
1236 3882 1331 3936 per
1363 3885 1486 3922 eum
1522 3869 1684 3942 714
1714 3871 1854 3925 viam

279 3958 500 4013 liberam
551 3974 770 4015 servare
813 3959 879 4013 ad
914 3974 1219 4028 regressum
1252 3959 1503 4026 saadeat,
1531 3978 1666 4030 opus
1698 3964 1858 4020 fuerit

279 4050 445 4105 solida
478 4052 632 4107 illum
689 4050 829 4105 mole
862 4062 1216 4106 consternere
1247 4069 1405 4120 quam
1445 4056 1855 4124 ποντογέφυραν

279 4146 456 4212 potius
525 4153 688 4214 quam
755 4143 1009 4214 γέφυραν
1065 4145 1208 4213 (qua:
1258 4145 1328 4197 sit
1372 4155 1852 4214 extetnporaneum

279 4239 577 4310 quidpiam)
610 4237 791 4292 vocari
823 4237 922 4308 ait,
953 4237 1211 4292 inchoare
1235 4251 1291 4292 et
1325 4251 1638 4309 apparatum
1672 4242 1855 4309 operis

279 4341 482 4403 etopus
515 4335 694 4403 ipsum
727 4349 754 4385 a
781 4336 895 4400 ripa
931 4347 1094 4402 quam
1132 4331 1428 4399 imperator
1460 4348 1582 4386 cum
1611 4334 1852 4387 exercitu

278 4424 502 4489 obtinet,
537 4440 642 4479 non
684 4433 863 4477 autem
901 4423 971 4477 ab
995 4423 1246 4476 adversa.-
1281 4423 1390 4476 l\ec
1423 4437 1638 4477 movere
1666 4439 1856 4493 quem-

279 4533 437 4587 quam
465 4518 629 4576 debet
667 4517 930 4576 adversus
963 4516 1074 4571 haec
1107 4516 1250 4585 quod
1285 4505 1433 4582 ponti
1477 4530 1672 4569 nomen
1712 4516 1852 4571 male

279 4611 612 4676 fluuiinibus,
643 4629 764 4682 quin
796 4611 912 4669 sola
943 4609 1060 4666 fere
1087 4623 1278 4680 pontes
1303 4615 1599 4681 patiuntur,
1635 4626 1854 4666 conve-

282 4707 392 4763 uirs
419 4708 682 4764 videatur.
714 4704 851 4762 Nam
886 4715 1248 4777 praeterquam
1286 4705 1428 4775 quod
1470 4714 1595 4758 sunt
1629 4704 1850 4776 quidam

283 4799 440 4865 lluvii,
470 4814 528 4858 ut
558 4804 625 4858 de
654 4802 817 4856 modo
847 4808 1146 4854 memorato
1186 4796 1412 4870 Sangari
1447 4796 1741 4867 Procotiius
1776 4799 1856 4852 lo-

283 4895 480 4962 quitur,
517 4896 874 4968 εὺρυνόμενοι
906 4889 1290 4961 θαλάσσηέῑσα,
1322 4892 1603 4965 latitudine
1623 4892 1854 4962 a'quorei

287 5004 344 5040 ac
372 5001 533 5058 ponto
562 4990 790 5053 similes,
828 4989 990 5042 etiam
1024 5001 1091 5040 ex
1125 4985 1332 5055 origine
1359 4986 1425 5038 ab
1447 4986 1700 5040 onrnibus
1730 4985 1856 5053 quiv

289 5079 485 5153 busque
515 5084 800 5140 latioribus
822 5073 1170 5148 designamlis
1195 5094 1298 5131 non
1325 5078 1536 5131 videtur
1556 5077 1854 5133 abhorrere
1893 5120 1895 5122 η

289 5176 472 5229 nivem
502 5177 847 5236 vocabulum,
879 5174 1169 5244 siquidem,
1204 5179 1261 5225 ut
1304 5171 1622 5227 Eustathius
1661 5173 1854 5225 admo-

294 5277 376 5319 net
415 5270 478 5320 ad
514 5269 664 5322 Iliad.
694 5268 747 5333 δ,
790 5268 990 5327 Πόντος
1023 5265 1240 5330 ὶέγεται
1292 5263 1366 5324 ὡς
1403 5257 1490 5314 οἷὰ
1519 5279 1601 5325 τες
1639 5263 1851 5327 πνὸτος,

289 5360 346 5410 ὲκ
386 5361 472 5418 τοῦ
516 5365 912 5414 καταπνεῖαῦαι
943 5359 1187 5429 ἀνέμοις.
1240 5357 1285 5410 Α
1321 5356 1482 5410 verbo
1526 5356 1672 5408 πνέω
1708 5358 1851 5417 spiro

294 5452 465 5509 deduci
501 5456 701 5509 πόντου
739 5470 929 5507 nomen
961 5447 1056 5514 ait:
1097 5453 1240 5522 quod
1288 5465 1450 5516 supra
1485 5464 1676 5517 aequor
1723 5463 1850 5501 aura

293 5549 465 5612 πνίγει.
499 5551 550 5604 ld
589 5559 774 5602 autem
817 5555 868 5599 et
908 5547 1064 5614 paulo
1112 5546 1392 5614 amplioris
1422 5544 1556 5595 alvei
1605 5541 1853 5596 aumibus

296 5643 567 5696 cunrenire
610 5642 740 5712 quis
785 5655 891 5694 non
925 5639 1110 5693 videt?
1138 5638 1315 5704 Quare
1336 5653 1439 5689 non
1473 5636 1854 5703 repugnaierit

306 5735 456 5802 ctymi
491 5738 629 5794 ηιίο
657 5751 750 5792 eos
782 5748 996 5804 quoque
1032 5734 1175 5802 ponti
1213 5731 1578 5801 apprilutione
1612 5729 1850 5800 aspergi,

1886 4382 1933 4440 Ι)

1965 431 2108 469 reum
2139 416 2401 488 appellat.
2430 417 2610 489 Atque
2637 419 2783 474 hanc
2815 419 3231 492 ποντογεφὺρας
3276 423 3548 479 notionem

1963 506 2124 579 longe
2168 508 2530 579 antiquiorem
2589 509 2826 567 Mauritii
2879 522 2933 568 et
2980 513 3330 585 Pacbymeris
3378 525 3546 571 astate

1963 619 2069 658 non
2096 600 2238 658 male
2265 603 2494 659 forsitan
2522 605 2643 672 quis
2673 605 3040 661 autumaverit
3066 621 3131 661 ex
3167 606 3549 677 antiquissimc

1961 699 2100 768 apud
2134 699 2356 754 Latinos
2381 715 2482 754 Usu
2509 700 2661 755 vocis
2697 716 2829 769 pons
2871 716 2968 769 pro
3002 700 3258 771 γέφυρα;
3298 716 3417 771 quae
3447 716 3548 755 vos

1961 789 2131 845 videri
2159 799 2331 859 potest
2356 807 2421 846 ex
2451 791 2831 862 ποντογέφυρα
2861 792 3116 848 deducta.
3156 792 3282 848 llaec
3323 809 3442 861 quae
3475 794 3551 848 ti-

1964 884 2109 937 mida
2158 884 2464 954 suspicione
2499 885 2720 952 protuli,
2756 886 3043 942 audentius
3081 887 3476 955 amplecterer,
3499 891 3546 942 si

1962 975 2127 1046 (quod
2159 991 2261 1031 nec
2288 977 2539 1052 contigit,
2574 992 2673 1032 nec
2706 978 2890 1046 spero)
2928 987 3120 1032 nactus
3141 993 3319 1034 essem
3349 980 3548 1036 idonea

1965 1069 2273 1123 testimonia
2329 1080 2611 1125 auctorum
2667 1069 2871 1126 Graeca:
2917 1071 3112 1140 linguze
3154 1087 3422 1137 veterum,
3480 1089 3552 1131 ex

1961 1162 2158 1230 quibus
2182 1174 2453 1218 constaret
2480 1163 2590 1234 iam
2627 1175 2762 1228 tum,
2797 1174 3089 1235 antequam
3117 1165 3342 1223 Latinus
3367 1184 3548 1222 sermo

1960 1270 1990 1308 e
2040 1253 2245 1308 Grtei-is
2302 1267 2447 1309 esset
2493 1256 2794 1325 originibus
2851 1257 3173 1326 productus,
3219 1259 3554 1328 ποντογεφύο

1965 1365 2061 1418 ρας
2093 1344 2414 1403 vocabulum
2443 1349 2494 1402 in
2522 1364 2620 1404 usu
2649 1350 2874 1406 Graecia:
2913 1349 3099 1414 fuisse,
3125 1360 3179 1404 ut
3205 1367 3270 1406 ex
3294 1367 3359 1406 eo
3389 1353 3545 1408 ducta

1962 1442 2264 1496 existimari
2295 1454 2477 1509 posset
2513 1444 2879 1498 vetustissima
2929 1445 2984 1498 in
3021 1442 3176 1499 Latio
3211 1461 3311 1498 vox
3345 1447 3543 1525 pontis.

1961 1535 2186 1590 interim
2228 1537 2395 1608 igitur
2437 1539 2754 1610 vulgaribus
2798 1539 3068 1595 inhaerens
3105 1539 3420 1613 veriloquiis
3453 1558 3551 1596 au-

1968 1631 2290 1683 tumantium
2323 1649 2452 1700 pons
2483 1633 2682 1685 dictum
2709 1633 2863 1701 quasi
2888 1650 3014 1703 pens
3049 1635 3372 1704 compendio
3393 1637 3545 1691 verbi

1960 1725 2212 1792 pendens,
2237 1728 2378 1794 quod
2417 1727 2594 1793 spatio
2626 1726 2815 1777 subtus
2859 1739 3031 1779 vacuo
3064 1740 3295 1794 superne
3333 1727 3547 1795 impen-

1964 1817 2107 1881 deat,
2138 1818 2391 1871 existimo
2436 1832 2622 1871 vocem
2656 1817 3049 1887 νποντογέφυρα
3094 1817 3296 1873 Graecis
3335 1827 3545 1873 tantum

1959 1913 2057 1966 aevi
2082 1913 2350 1967 citerioris
2375 1923 2715 1983 usurpatam,
2748 1913 2947 1983 quibus
2972 1914 3216 1969 solemne
3241 1914 3339 1969 fuit
3371 1916 3547 1984 plere.

1961 2021 2064 2072 que
2094 2005 2306 2057 lt'ilioru
2345 2020 2441 2057 usu
2489 2003 2716 2057 Romani
2745 2003 2881 2058 Latii
2915 2003 3174 2059 vocabula
3211 2003 3326 2057 suis
3357 2003 3545 2074 expri-

1959 2113 2106 2151 mere
2143 2096 2364 2162 litteris,
2399 2097 2792 2164 scriptionibus
2819 2095 3085 2152 inserere.
3114 2095 3281 2166 Cujus
3315 2111 3545 2152 consue-

1962 2192 2165 2248 tudinis
2226 2207 2331 2246 non
2387 2206 2557 2261 pauca
2611 2193 2662 2245 in
2715 2190 2819 2247 hoc
2875 2190 2994 2261 ipso
3043 2191 3312 2261 scriptore
3355 2195 3545 2247 nostro

1959 2287 2204 2357 exempla
2227 2287 2496 2346 vidimus.
2526 2285 2779 2355 loquendi
2836 2301 3066 2350 morem,
3104 2287 3195 2356 qui
3243 2294 3371 2341 tunc
3401 2298 3544 2354 erat,

1961 2377 2409 2448 repraesentante,
2448 2389 2506 2432 ut
2530 2388 2605 2432 tot
2633 2378 2768 2433 alios
2797 2381 3072 2444 omittam,
3105 2395 3337 2449 quorum
3373 2397 3542 2436 voea-

1958 2471 2082 2528 bula
2138 2474 2292 2527 istius
2357 2473 2576 2540 generis
2623 2481 2702 2527 tot
2761 2480 2891 2528 sunt
2937 2472 3155 2530 Lexicis
3191 2473 3544 2530 Gnaeo-bar-

1957 2564 2105 2620 baris
2162 2563 2567 2636 Glossariisque
2617 2566 2909 2620 recensita.
2962 2565 3150 2636 Itaque
3205 2568 3547 2638 ποντογέφυ-

1959 2678 2062 2731 ραν
2089 2671 2144 2714 et
2173 2659 2457 2714 Mauritius
2480 2671 2670 2714 auctor
2699 2660 3136 2730 Strategicorum
3159 2671 3212 2714 et
3246 2671 3431 2716 noster
3455 2663 3548 2720 hie

1956 2753 2020 2812 es
2039 2771 2138 2811 usu
2163 2755 2434 2810 sermonis
2460 2765 2588 2808 tunc
2608 2755 2883 2825 popularis
2901 2757 3160 2820 dixerint,
3189 2757 3350 2811 mista
3382 2771 3550 2827 .men-

1958 2846 2102 2902 tione
2133 2847 2329 2915 pontis.
2357 2845 2564 2900 Latina
2599 2847 2768 2913 vocis,
2807 2863 2928 2901 eum
2970 2847 3193 2916 antiqua
3229 2847 3414 2904 Graeca
3445 2846 3548 2917 γέ-

1958 2957 2128 3009 φυρα,
2154 2951 2210 2995 ut
2241 2939 2456 2994 facilius
2501 2939 2899 3008 intelligeretur
2929 2941 3059 3010 quid
3106 2942 3476 3008 exprimerent
3510 2956 3542 2995 a

1960 3037 2118 3104 vulgo
2145 3037 2254 3104 jam
2280 3033 2504 3104 bilingui
2544 3048 2608 3088 ac
2643 3032 2809 3087 multa
2847 3033 3105 3088 mistione
3146 3032 3405 3089 Italorum
3450 3049 3541 3089 as-

1961 3144 2113 3184 sueto
2151 3128 2382 3197 patriam
2418 3127 2698 3194 antiquam
2738 3125 2974 3196 linguam
3015 3126 3234 3182 insertis
3261 3128 3543 3196 variegare

1959 3219 2170 3275 Latinis
2195 3220 2437 3273 vocibus.
2458 3217 2536 3272 Ad
2560 3227 2862 3271 extremum
2897 3219 2985 3272 hic
3005 3233 3270 3288 opponam
3301 3234 3365 3272 ex
3389 3217 3544 3273 Livio

1960 3316 2205 3384 quaedam
2244 3329 2270 3363 a
2303 3314 2508 3368 lectore
2541 3329 2646 3366 non
2674 3313 2944 3366 inutiliter
2967 3313 3294 3367 conferenda
3327 3311 3394 3367 iis
3423 3326 3546 3382 qua).

1959 3406 2026 3457 de
2067 3403 2174 3456 situ
2213 3402 2454 3456 locorum
2488 3402 2739 3466 istorum,
2777 3414 2968 3456 natura
2999 3403 3247 3470 Sangarii
3281 3403 3457 3457 amnis
3489 3412 3546 3458 et

1963 3496 2289 3550 necessitate
2338 3493 2648 3564 imponendi
2699 3496 2745 3549 ei
2784 3496 2958 3564 pontis
2999 3505 3190 3551 noster
3224 3497 3344 3558 hoc,
3379 3511 3542 3565 quem

1961 3589 2290 3642 illustratum
2317 3589 2402 3641 hic
2432 3588 2596 3648 imus,
2625 3587 2740 3642 loco
2759 3587 2952 3642 scribit
2976 3587 3069 3642 lib.
3096 3603 3212 3652 vin,
3238 3588 3270 3642 4
3296 3587 3540 3650 decadis.

1961 3683 2050 3736 ubi
2086 3683 2488 3752 expeditionem
2530 3681 2682 3736 Cneii
2739 3680 2922 3737 Manlii
2964 3682 3203 3736 consulis
3251 3681 3304 3735 in
3355 3679 3544 3734 Gallu-

1959 3777 2178 3832 Grarcos
2201 3776 2491 3842 describit.
2540 3776 2631 3832 Sic
2676 3776 2861 3831 Livius
2894 3777 3057 3831 habet
3096 3793 3110 3830 :
3144 3773 3277 3831 Cum
3307 3776 3376 3829 ad
3404 3774 3543 3830 San-

1957 3873 2166 3944 garium
2213 3872 2410 3943 ﬂumen
2445 3873 2755 3939 perreriisset
2787 3871 2949 3942 715
2984 3870 3237 3942 (Manlius
3267 3884 3380 3925 eos.
3414 3886 3538 3924 cum

1962 3969 2208 4020 liomano
2268 3961 2558 4034 exercitu),
2609 3973 2840 4031 pontem,
2899 3965 3028 4033 quia
3089 3965 3220 4018 uado
3281 3981 3542 4032 nusquam

1960 4063 2216 4119 transitus
2251 4068 2384 4120 erat,
2420 4057 2594 4127 facere
2623 4056 2879 4109 instituit.
2913 4057 3213 4125 Sangarius
3243 4072 3308 4110 ea:
3339 4057 3541 4109 Adoreo

1959 4159 2133 4204 monte
2184 4165 2275 4216 per
2307 4147 2594 4219 Phrygiam
2625 4149 2794 4217 ﬂuens
2850 4148 3098 4201 miscetur
3129 4148 3198 4200 ad
3237 4146 3543 4216 Bithyniam

1963 4243 2266 4315 Thymbreti
2303 4244 2507 4311 ﬂuvio;
2559 4243 2678 4295 inde
2716 4244 2892 4311 major
2913 4241 3032 4311 jam
3075 4241 3353 4310 geminatis
3387 4241 3543 4308 aquis

1959 4355 2052 4407 per
2082 4337 2386 4407 Bithyniam
2417 4336 2588 4404 fertur
2641 4344 2690 4386 et
2726 4335 2782 4387 in
2821 4333 3195 4400 Propontidem
3225 4332 3544 4400 sese'eﬂ'un-

1962 4431 2061 4495 dit,
2099 4445 2202 4483 non
2239 4439 2348 4481 tam
2377 4428 2742 4496 magnitudine
2776 4427 3140 4480 memorabilis
3189 4443 3350 4496 quam
3401 4428 3545 4497 quod

1955 4524 2177 4593 piscium
2213 4522 2406 4575 accolis
2445 4521 2708 4590 ingentem
2750 4522 2852 4576 uini
2886 4522 3108 4592 pra’bet.
3142 4521 3218 4575 lla
3258 4522 3370 4575 ille.

2029 4616 2117 4688 [Ρ.
2149 4615 2275 4686 506]
2302 4613 2660 4681 Ποσειδεὼν,
2698 4630 2748 4683 p.
2785 4614 2912 4670 968.
2940 4615 3090 4682 Quod
3115 4616 3165 4668 in
3191 4616 3352 4683 priori
3387 4615 3514 4669 Cios
3535 4647 3546 4656 -

1956 4707 2104 4760 sario
2158 4705 2541 4770 admouebam,
2598 4709 2648 4759 in
2699 4705 2975 4774 prioribus
3029 4721 3121 4760 sex
3169 4706 3324 4760 libris
3385 4709 3544 4777 hujus

1957 4797 2210 4853 Historiae
2237 4798 2534 4851 desiderari
2561 4797 3048 4870 i’achymerianum
3075 4800 3299 4864 Augusti
3337 4816 3543 4854 meusrs

1959 4910 2180 4957 nomen,
2223 4892 2559 4963 μνημονικὸν
2613 4892 2714 4946 fuit
2775 4891 3022 4959 σφάλμα,
3065 4900 3122 4946 ut
3173 4909 3294 4946 tnux
3338 4895 3536 4946 diram.

1957 4993 2116 5048 Certe
2155 4991 2259 5046 hoc
2293 4989 2412 5042 loco
2444 4986 2808 5050 Πῡσειδεῶνος
2844 4987 3108 5041 vocabulo
3137 4987 3297 5057 plane
3332 4987 3539 5040 sextilis

1954 5093 2010 5139 et
2056 5084 2325 5152 Augustus
2366 5079 2576 5134 Latinis
2623 5079 2800 5132 dictus
2846 5078 3049 5133 mensis
3093 5077 3436 5147 exprimitur.
3481 5077 3534 5130 ld

1955 5178 2293 5230 demonstrat
2326 5190 2431 5227 non
2467 5173 2625 5226 modo
2655 5187 2817 5241 quant
2846 5172 3103 5226 continuo
3148 5182 3345 5226 auctor
3379 5172 3536 5225 adhi-

1957 5271 2066 5332 bet,
2101 5267 2361 5320 iudicatio
2421 5265 2759 5334 tempestatis
2819 5264 3098 5333 anni,qua
3163 5266 3422 5320 nimirum
3471 5266 3536 5317 ab

1956 5362 2133 5415 astiro
2175 5359 2390 5411 cardine
2438 5359 2505 5411 ad
2542 5357 2964 5429 wquinoctialetn
3001 5355 3080 5410 sol
3110 5357 3340 5411 declinat
3377 5375 3396 5412 :
3439 5359 3532 5412 sed

1955 5456 2102 5507 (lare
2130 5452 2301 5505 Vatic.
2326 5449 2971 5519 paraphr.exprimit,sic
2995 5449 3065 5504 ibi
3086 5452 3368 5504 Scriberis:
3400 5450 3534 5503 Τότε

1954 5549 2009 5601 δὲ
2041 5546 2239 5615 ἐννάτῃ
2276 5550 2364 5596 καὶ
2394 5545 2614 5612 stanti;
2639 5541 2730 5594 τοῦ
2763 5540 3076 5609 Αὐγούστου
3105 5542 3293 5612 μηνός.
3332 5543 3534 5596 Memo-

1957 5651 2168 5694 l‘a\el‘:tl
2200 5649 2250 5691 et
2283 5638 2425 5690 hunc
2459 5651 2704 5690 mensem
2737 5633 2842 5689 vol.
2866 5636 2905 5698 l,
2933 5649 2984 5703 p.
3020 5634 3146 5697 495,
3179 5646 3388 5700 noster,
3414 5636 3540 5692 licet

1956 5749 2055 5804 ego
2083 5749 2178 5804 per
2209 5731 2560 5799 oblivionem,
2597 5729 2671 5794 uti
2711 5727 2824 5799 jam
2866 5726 3045 5785 fassus
3086 5743 3228 5796 sum,
3258 5726 3364 5785 vol.
3402 5724 3440 5796 Ι,
3475 5742 3535 5798 p.
