4012 6236
460 252 571 322 :775

1384 253 1453 319 P.
1496 253 1803 317 POSSINI
1863 254 2529 325 OBSERVATIONUM
2587 259 2735 323 LIB.
2784 261 2835 324 Ι.

3623 260 3725 327 776

468 376 600 443 ϐοὶ,
634 372 947 446 scripserim
978 373 1207 443 Augusti
1234 373 1726 449 Pacbymertanum
1759 391 1956 432 nomen
1992 379 2045 431 in
2076 392 2121 446 Α
2148 389 2336 435 sancta
2389 380 2502 436 hac
2542 382 2683 437 dona
2738 380 3138 453 religiosissima
3179 382 3452 439 sacerdote
3496 380 3570 438 Ν.
3603 385 3729 452 Quis

466 484 535 523 eo
556 468 828 523 volumine
847 481 1111 536 nusquam
1129 476 1369 522 exstare.
1405 469 1497 522 Sic
1520 470 1677 537 enim
1708 469 1783 525 ibi
1816 470 2005 524 scribit
2031 487 2048 527 :

472 559 605 611 Ἰότε
632 559 689 611 δὲ
714 556 1081 621 Πθσειὸεῶνος
1104 556 1469 628 ἑκκαιδεκάτῃ
1502 559 1639 628 μετὰ
1667 556 1767 629 τὴν
1791 560 1891 631 τῆς
1918 558 2051 613 Geo-

469 652 631 705 τόκου
652 649 870 721 ἑορτήν.
897 647 1090 719 ibique
1113 652 1271 703 ambo
1305 651 1524 705 codices
1542 650 1733 719 optimi
1770 652 2052 708 ascribunt

468 759 579 799 ora:
604 743 873 811 marginis
908 742 1310 812 Aoyoﬁoroext
1345 743 1831 800 Vaticanussotum
1869 745 1920 800 id
1959 760 2054 798 no-

472 846 594 890 nten
618 835 671 888 in
693 845 1008 890 contextum
1029 835 1243 902 recipit.
1262 832 1717 903 Demonstratquc
1733 838 1873 892 idem
1895 839 2048 902 satis,

467 928 654 983 utalia
679 928 883 985 indicia
910 928 1187 995 deessem,
1210 929 1354 999 quod
1372 940 1582 983 sextam
1614 930 1877 984 dei-imam
1905 933 2050 986 illam

466 1020 626 1090 cujus
650 1022 897 1075 meminit
918 1021 1065 1075 diem
1099 1018 1345 1075 illuxisse
1376 1022 1448 1072 ait
1479 1024 1736 1089 postridie
1762 1012 1889 1093 festi
1927 1025 2052 1076 Dei-

464 1129 638 1181 parnt.
668 1114 885 1168 maximi
918 1128 1110 1183 nempe
1144 1113 1386 1168 omnium
1419 1114 1598 1170 Mariae
1624 1117 1814 1169 matris
1844 1115 1936 1170 Dei
1975 1118 2052 1171 fc-

463 1208 556 1272 sti,
584 1206 728 1277 quod
761 1207 841 1259 sic
866 1222 960 1275 per
983 1207 1417 1260 antonomasiam
1451 1209 1569 1263 sine
1599 1208 1783 1262 addito
1809 1220 2049 1274 vocatur,

464 1315 662 1370 nempe
713 1298 1109 1367 assumptionis
1159 1298 1278 1364 ejus
1330 1300 1381 1352 in
1435 1302 1661 1363 coelum,
1709 1300 2048 1369 Qththt'a'cl

448 1393 615 1469 juxta
645 1408 764 1447 cum
799 1391 1009 1465 Latinis
1036 1392 1130 1445 die
1152 1391 1378 1463 Augusti
1416 1396 1617 1447 mensis
1646 1396 2050 1462 quintadecima

463 1486 765 1543 celebrant.
822 1482 917 1541 Est
963 1496 1139 1541 tamen
1196 1488 1283 1539 ubi
1335 1486 1695 1556 l’acliymeres
1748 1504 1774 1539 a
1832 1506 1889 1541 se
1940 1490 2052 1555 ipse

464 1579 868 1649 quodammodo
889 1576 1169 1639 deficiens,
1198 1587 1249 1631 et.
1272 1594 1333 1631 ex
1364 1580 1559 1645 aliena,
1589 1589 1645 1631 ut
1681 1581 1893 1649 opinor,
1932 1598 2050 1630 tua-

463 1672 548 1742 gis
579 1687 747 1742 quam
782 1686 847 1725 ex
884 1671 1099 1739 propria
1148 1672 1441 1735 sententia,
1471 1688 1710 1724 mensem
1746 1675 2048 1743 Angustum

458 1744 575 1823 {non
631 1762 995 1827 Ποσειδεῶνα,
1039 1762 1133 1816 sed
1180 1764 1659 1833 Μαιμακτηριῶνα
1716 1766 1836 1818 κατ’
1898 1766 2064 1835 ’έλιοτξ-⁴

466 1857 653 1919 ναίους
681 1864 858 1919 vocat,
890 1871 946 1930 p.
974 1854 1100 1910 589..
1134 1855 1188 1908 ln
1214 1871 1369 1923 quem
1402 1857 1577 1909 locum
1607 1857 1724 1911 vide
1749 1858 2052 1924 qumadun-

448 1961 647 2005 tamtts
697 1949 748 2003 in
796 1934 902 2003 huc
956 1950 1073 2018 ipso
1134 1948 1437 2013 Glossario,
1488 1950 1653 2002 vetito
1710 1950 2049 2020 Μαιμακτη-

464 2040 623 2114 ριών,
663 2051 715 2095 et
746 2040 783 2097 l.
821 2056 882 2096 ιιι
911 2040 1105 2095 barum
1142 2043 1618 2105 Observationum,
1653 2059 1703 2097 c;
1734 2044 1768 2096 4
1822 2060 1879 2097 n.
1916 2044 1969 2097 5.

533 2136 841 2203 Πρόνοιαι,
884 2150 939 2202 p.
968 2134 1097 2191 209.
1132 2134 1399 2190 Dicuntur
1434 2136 1522 2189 hic
1565 2138 1812 2206 πρόνοιαι
1843 2137 2050 2205 peruia-

462 2244 579 2301 stes,
597 2244 715 2299 qua:
736 2228 819 2282 vel
839 2230 892 2282 in
914 2228 1216 2283 mercedem
1241 2244 1419 2298 operae
1436 2230 1714 2296 prazsentis
1731 2230 1810 2284 vel
1834 2231 1887 2284 in
1914 2246 2051 2297 prae-

460 2323 635 2377 rnium
680 2323 973 2393 praeterita:
1002 2322 1337 2377 merentibus
1364 2334 1460 2376 aut
1485 2324 1733 2399 emeritis
1766 2339 1797 2378 e
1831 2323 2049 2394 publico

465 2415 795 2479 solvuntur;
823 2414 1018 2485 quales
1054 2412 1325 2482 hodieque
1357 2414 1424 2466 ab
1462 2414 1611 2466 Italis
1645 2425 1693 2467 et
1725 2412 1895 2467 Gallis
1923 2429 2049 2483 pro-

462 2508 676 2572 risioni,
707 2506 1007 2576 provisions
1038 2508 1267 2561 vocitari
1295 2506 1571 2559 audimus.
1602 2507 1905 2565 Adnotasse
1931 2509 2045 2577 jam

463 2600 567 2673 hoc
595 2602 959 2677 debueramus
1006 2597 1059 2654 in
1092 2608 1246 2658 torno~
1267 2599 1469 2669 prioris
1499 2597 1808 2666 Gtossario;
1848 2600 2048 2671 smpius

464 2695 610 2751 enim
655 2696 716 2751 in
741 2693 984 2748 Historia
1029 2690 1309 2747 Michaelis
1337 2702 1521 2746 noster
1553 2691 1691 2747 banc
1723 2706 1906 2747 vocem
1942 2692 2045 2748 ista

469 2789 692 2844 notione
742 2786 1049 2857 usurpavit,
1085 2799 1204 2855 quae
1249 2785 1302 2838 iu
1334 2784 1586 2839 classicis
1629 2798 1733 2838 non
1777 2784 2049 2855 reperitur

466 2880 805 2936 auctoribus.
844 2878 1018 2933 Unum
1059 2877 1147 2932 hic
1175 2892 1209 2931 e
1244 2876 1430 2931 multis
1458 2876 1509 2929 in
1546 2878 1821 2946 specimen
1867 2876 2045 2933 locum

464 2990 684 3047 ponam,
720 2990 772 3045 p.
803 2972 872 3027 ‘16
902 2991 914 3027 :
942 2970 1231 3041 Προνοὶαις
1257 2969 1301 3022 δ’
1324 2970 1389 3023 ὲκ
1420 2968 1627 3024 τούτων
1654 2970 1778 3033 τοὺς
1803 2968 2048 3034 ἐπιδοξο-

460 3070 658 3157 τέρους
706 3070 801 3122 καὶ
850 3061 933 3129 οἷς
1012 3065 1249 3136 τολμῆεν
1282 3065 1343 3119 τὸ
1389 3062 1649 3135 φρόνημα
1710 3063 2043 3137 γράμμασιν
2070 3096 2117 3160 C

460 3162 761 3233 δδωροῢντο
795 3160 1124 3231 βασιλικοῖς.

536 3245 981 3323 Προσκομιζὶυν,
1030 3268 1080 3321 p.
1113 3250 1239 3305 616.
1291 3252 1487 3305 tioutra
1527 3266 1703 3306 meam
1744 3251 1906 3321 lmjus
1944 3252 2046 3310 loci

460 3346 881 3417 expositionem,
912 3360 1015 3414 qua
1051 3344 1496 3414 προσκομίζοντα
1542 3347 1867 3400 sacerdotem
1915 3348 2049 3401 cele-

463 3450 702 3494 arantem
758 3438 1151 3506 interpretatus
1186 3450 1328 3499 sum,
1380 3450 1542 3504 grave
1592 3446 1736 3492 stare
1788 3439 2045 3510 praejudi-

460 3534 606 3590 cium
646 3532 799 3584 video
848 3528 1086 3583 hominis
1130 3529 1316 3597 utique
1381 3528 1538 3583 valde
1593 3528 1737 3584 docti
1776 3540 1833 3586 et
1875 3546 1905 3585 a
1960 3546 2048 3587 me

462 3640 681 3696 semper
718 3621 975 3679 cum'suo
1016 3632 1127 3677 tum
1169 3626 1251 3677 sui
1288 3622 1494 3681 ordinis
1530 3624 1725 3678 merito
1768 3626 2046 3695 permagni

465 3723 631 3794 716
667 3720 856 3786 babiti,
885 3717 1073 3774 Jacobi
1110 3715 1324 3772 Guaris.
1355 3716 1455 3773 Hic
1484 3719 1627 3773 enim
1658 3720 1773 3775 suis
1804 3720 1945 3775 notis
1979 3719 2046 3775 ad

466 3818 690 3873 missam
739 3814 800 3869 S.
857 3812 1091 3883 Joannis
1142 3811 1520 3883 Cluysostoml
1575 3814 1773 3875 locum.
1830 3814 2043 3886 opinor,

463 3911 607 3965 hunc
647 3910 820 3979 ipsum
851 3918 1090 3962 tractans
1131 3922 1293 3976 quem
1323 3904 1412 3961 bic
1445 3907 1619 3961 innuit
1658 3908 2042 3978 Pacliymcrcs,

461 4003 706 4059 referens
735 4002 785 4054 in
824 4000 1053 4054 solemni
1088 3997 1305 4066 liturgia
1329 4007 1477 4062 tunc,
1502 3990 1717 4067 prupicr
1742 4012 2044 4070 expunctus

460 4111 493 4151 e
545 4095 720 4149 Sacris
761 4090 1033 4162 diptycltis
1076 4090 1533 4150 Alexandrinum.
1558 4092 1959 4147 Antioi'benum
1991 4102 2046 4150 et

464 4186 1021 4253 Hierosolymitauum
1068 4183 1429 4250 patriarchas,
1452 4183 1627 4237 solum
1676 4200 1739 4237 ex
1783 4184 2043 4238 ecclesia-

458 4282 614 4335 sticis
639 4276 1307 4345 Constantinpolitanum
1340 4272 1695 4330 Athanasium:
1728 4278 1943 4346 σύναμα
1965 4276 2043 4347 τῷ

459 4373 911 4445 προσχομίζοντι,
936 4387 1042 4425 una
1070 4387 1187 4425 cum
1228 4371 1477 4449 oﬁ‘erente
1509 4369 1676 4425 fuisse
1708 4372 1853 4425 inter
1882 4387 2039 4426 sacra

457 4474 809 4530 memoratus,
840 4479 935 4533 per
966 4463 1408 4534 προσκομίζοντα
1467 4461 1719 4531 intelligit
1774 4478 1892 4515 eum
1943 4462 2063 4532 qui

456 4562 655 4615 hostias
713 4567 761 4613 et
808 4558 1014 4613 oblatas
1052 4559 1121 4627 in
1171 4555 1441 4609 ecclesiam
1484 4555 1689 4619 intulit,
1744 4564 1799 4608 et
1848 4554 1916 4606 ab
1973 4569 2038 4608 eo

454 4653 744 4723 distinguit
766 4652 1090 4706 sacerdotem
1115 4647 1487 4703 celebrantem.
1510 4646 1623 4717 Ego
1649 4660 1774 4701 vero
1800 4656 1849 4698 et
1873 4662 2035 4697 unum

458 4752 546 4806 bic
578 4749 850 4819 designari
902 4762 999 4818 per
1024 4746 1252 4801 verbum
1296 4742 1739 4815 προσκομίζοντα
1788 4739 1871 4815 μ).
1908 4739 2036 4814 507]

456 4845 795 4899 sacerdotem
823 4841 997 4897 sacris
1026 4849 1342 4909 operantem
1372 4836 1664 4902 contendo,
1700 4846 1754 4891 et
1788 4836 2036 4889 nomina-

457 4938 577 5005 tim,
606 4938 748 5006 quod
781 4935 906 4991 hinc
930 4941 1145 4989 constet
1171 4931 1471 5001 nuncupari
1496 4932 1713 4986 solitum
1742 4945 1769 4984 a
1803 4930 2037 4985 diacono

455 5049 573 5086 cum
607 5031 698 5101 qui
728 5044 894 5100 panes
919 5044 981 5082 ex
1010 5027 1206 5098 quibus
1233 5025 1423 5080 oblata:
1463 5024 1654 5079 tierent
1676 5025 1730 5079 in
1765 5022 2035 5078 ecclesiam

456 5123 658 5184 intulit.
702 5134 961 5190 pernego.
1021 5117 1316 5186 Evinciqne
1375 5116 1859 5183 utrumque‘istud
1902 5118 2037 5170 satis

451 5216 605 5272 clare
647 5224 777 5285 puto
828 5228 896 5270 ex
926 5212 1057 5283 ipsis
1089 5227 1207 5282 qua:
1241 5208 1389 5264 Goar
1417 5210 1639 5279 exponit
1684 5223 1853 5262 sacrm
1883 5208 2036 5262 litur-

453 5312 553 5381 giae
584 5310 787 5375 verbis,
821 5322 1016 5378 nempe
1051 5306 1199 5360 bisce
1232 5321 1245 5357 :
1287 5304 1347 5357 '0
1371 5304 1619 5365 διάκονος
1643 5303 1781 5371 πρὸς
1802 5306 1865 5372 τῇ
1894 5302 2034 5372 θύρᾳ

454 5400 587 5463 στὰς
640 5401 790 5468 λέγει
816 5398 910 5452 τοῦ
965 5400 1137 5461 δεῖνος
1199 5397 1607 5464 πανιερωτὰτου
1693 5394 2033 5463 μητροπολί-

448 5515 567 5564 seu,
591 5497 846 5551 nimirum
878 5495 1110 5563 episcopi
1138 5493 1383 5548 ecclesiae
1408 5491 1460 5544 iu
1486 5507 1587 5563 qua
1608 5505 1824 5544 sacrum
1847 5491 2029 5555 liebat,

450 5592 627 5665 qualis
656 5601 774 5649 erat
800 5590 1265 5659 Constantin0p0li
1299 5586 1633 5658 patriarcha.
1662 5583 1782 5638 Mox
1806 5572 2026 5638 subdit:

450 5687 561 5740 Καὶ
587 5683 725 5752 ὑπὲρ
757 5682 850 5734 τοῦ
895 5679 1364 5751 προσκομίζοντος
1405 5676 1472 5730 τὰ
1508 5677 1639 5745 ἅγια
1671 5676 1817 5746 δῶρα
1850 5676 2028 5727 ταῦτα

447 5774 847 5833 εὸ).αῆεστάτου
905 5774 1095 5847 ἱερέως
1162 5770 1255 5825 τοῦ
1314 5771 1505 5835 δεῖνος,
1538 5780 1585 5823 et
1630 5785 1728 5839 pro
1777 5767 2025 5838 offerente

2153 474 2288 529 satis
2338 477 2627 529 attendens
2673 475 2893 529 unicum
2926 475 3017 532 hic
3049 475 3274 533 nomine
3305 477 3529 548 proprio
3553 478 3730 546 palam

2150 563 2409 634 appellari
2433 582 2535 619 non
2561 565 2737 620 videat
2761 567 3568 625 sacrilicantemsacerdotem2
3591 569 3734 627 Sane

2152 658 2198 711 si
2246 658 2616 729 πρπσκομιδή,
2664 659 2811 737 quod
2858 659 3093 715 idem'P.
3125 660 3273 717 Goar
3301 659 3453 718 recte
3485 664 3733 731 adnotat,

2154 750 2310 821 p.16
2360 753 2440 805 sui
2500 753 2843 825 Eucbulogii.
2873 763 2955 809 est
3002 753 3202 809 oblatio
3250 757 3502 825 perfecta,
3534 762 3736 826 nempe
3821 766 3824 769 '

2140 845 2242 900 illa
2278 863 2398 917 quae
2452 848 2507 900 fit
2551 863 2579 900 a
2612 851 2895 904 sacerdote
2924 849 2987 903 ad
3017 866 3167 904 aram
3206 850 3440 906 faciente
3494 850 3653 920 panis
3682 859 3738 908 et

2153 942 2265 995 vini
2300 957 2419 994 mox
2448 943 2828 1009 Consecramli,
2863 943 3051 1013 quidni
3091 944 3540 1016 ὀπροσκομίζων
3574 944 3623 999 is
3654 945 3736 999 di-

2153 1042 2313 1087 catur
2343 1043 2396 1087 et
2423 1033 2759 1104 intelligatur
2789 1035 2878 1103 qui
2915 1049 2978 1088 ea
3016 1034 3121 1092 rite
3149 1035 3438 1106 fungitur?
3470 1020 3737 1107 Equidem

2155 1126 2411 1185 arbitror.
2447 1128 2490 1181 si
2521 1143 2641 1179 eum
2681 1129 2770 1196 qui
2814 1137 2970 1184 antea
3005 1144 3201 1197 panem
3242 1138 3296 1185 et
3324 1129 3534 1195 vinum,
3562 1139 3616 1183 ut
3648 1143 3739 1183 es-

2154 1226 2275 1270 sent
2334 1218 2569 1272 materia
2636 1219 2914 1284 sacrificii,
2990 1221 3043 1275 in
3104 1220 3391 1287 ecclesiam
3450 1220 3737 1287 intulerat,

2155 1310 2440 1373 designare
2496 1314 2784 1367 tliat'onttttl
2824 1313 3005 1379 vellet,
3036 1330 3138 1368 non
3191 1312 3642 1384 προσκομίζοντα
3682 1315 3739 1371 in

2157 1407 2407 1473 ιιι-ίιιςριιιί
2460 1421 2582 1460 eum
2634 1418 2875 1471 vocaret,
2927 1408 3022 1461 sed
3083 1409 3133 1461 in
3168 1410 3441 1477 prmterito
3498 1425 3742 1478 προσκο-

2144 1501 2416 1565 μίσιντα.
2452 1500 2543 1553 Hae
2573 1500 2707 1554 mibi
2746 1517 2921 1556 (τηεν
2950 1500 3256 1556 conlidi-udi
3285 1512 3433 1565 sunt,
3467 1502 3742 1573 interpre—

2158 1595 2415 1647 tationem
2447 1607 2644 1660 meatu,
2669 1596 2768 1647 ι·ιεὶ
2795 1605 3055 1666 gravetur
3084 1597 3410 1652 auctoritate
3458 1599 3737 1653 contraria

2157 1684 2256 1739 viri
2283 1697 2388 1739 tam
2417 1686 2750 1755 pra-stantis,
2782 1693 3069 1743 veritatem
3097 1704 3251 1743 suam
3274 1698 3504 1760 acquoct
3525 1691 3742 1746 erudito

2155 1780 2342 1835 lectori
2377 1782 2753 1849 probaturum.
3434 1784 3439 1789 δ

2222 1899 2581 1969 Προχώσεις.
2631 1916 2684 1971 ρ.
2719 1902 2845 1957 269.
2883 1900 3141 1959 llefertur
3189 1902 3290 1959 hoc
3325 1904 3401 1958 ad
3434 1902 3578 1975 ἔργα
3629 1906 3740 1960 τῶν

2149 1992 2386 2061 ἀνδρῶν,
2414 2009 2576 2061 opera
2627 1993 3012 2061 agricolarum,
3050 2002 3341 2065 congestas
3384 1996 3641 2051 videlicet
3681 1997 3738 2052 in

2152 2084 2295 2139 arcis
2344 2084 2547 2155 fulges,
2585 2086 2724 2155 quas
2760 2086 2939 2141 eluvie
2991 2090 3249 2157 abreptas
3302 2096 3357 2142 et
3406 2088 3737 2156 disperditur

2153 2177 2285 2232 dicit
2315 2181 2436 2241 ταῖς
2492 2176 2810 2248 προχώσεσι
2840 2195 2957 2233 cum
2990 2181 3115 2247 ipsis
3146 2181 3404 2247 molibus,
3426 2196 3623 2250 nempe
3646 2199 3737 2249 ag-

2149 2273 2368 2341 geribus
2391 2273 2784 2341 manipulorum
2806 2290 2904 2342 pro
2928 2275 3053 2327 anni
3080 2283 3401 2351 tempestate
3424 2276 3567 2347 (erat
3588 2278 3731 2331 enim

2148 2378 2313 2421 testas
2351 2381 2536 2420 mense
2582 2367 2769 2436 utique
2804 2368 3067 2438 Augusto)
3107 2368 3159 2422 in
3195 2370 3339 2423 areis
3370 2371 3734 2435 exstantium,

2151 2466 2287 2524 quas
2321 2470 2472 2523 aqua:
2500 2461 2772 2509 torrentes
2818 2456 3181 2527 dispergenth
3211 2460 3579 2525 corruperint.
3611 2459 3735 2512 Ele-

2150 2562 2287 2617 gaus
2334 2548 2388 2601 in
2432 2549 2573 2602 hunc
2622 2548 2795 2603 locum
2843 2558 2925 2605 est
2958 2550 3449 2618 epitome'codicis
3481 2549 3732 2606 Vaticani

2151 2649 2259 2694 tam
2302 2641 2465 2696 multa
2504 2642 2857 2714 Pacbymcris
2886 2645 3050 2698 verba
3080 2645 3136 2698 in
3164 2645 3275 2698 haec
3300 2659 3473 2714 pauca
3508 2655 3733 2699 contra-

2152 2734 2367 2791 hentis:
2406 2736 2675 2807 Θημονιαὶ
2713 2738 2769 2789 δὲ
2832 2738 2926 2791 καὶ
2982 2738 3187 2803 aliove;
3246 2740 3434 2803 αὐτοῖς
3496 2742 3737 2812 καρποῖς

2150 2831 2467 2902 κατάῤῥουν
2503 2833 2782 2901 ἐφέροντο.
2837 2831 2892 2883 In
2936 2833 3019 2888 bis
3052 2812 3455 2904 νυίλθημονιαέ
3508 2849 3735 2903 respon-

2151 2927 2240 2979 det
2288 2926 2601 2996 προχώσεσι
2632 2944 2645 2980 :
2683 2937 2811 2981 sunt
2844 2936 3024 2981 autem
3058 2944 3121 2981 cx
3158 2926 3432 2999 llesycbio
3470 2926 3735 3000 θημονιαὶ

2150 3020 2201 3073 oi
2256 3019 2425 3091 σωροὶ
2491 3020 2601 3075 τῶν
2664 3018 3025 3091 δραγμάτων,
3071 3018 3245 3077 acervi
3308 3020 3731 3091 manipulorum.

2152 3112 2391 3173 'Ai.wvs;
2452 3114 2542 3169 ltic
2597 3129 2737 3167 arca.-
2784 3126 2884 3182 pro
2941 3110 3187 3182 frugibus
3252 3114 3473 3184 ponitur
3532 3114 3735 3170 usitata

2150 3206 2491 3275 synecdoche
2520 3205 2760 3261 contenti
2795 3220 2891 3273 pro
2919 3206 3257 3270 continente,
3288 3212 3342 3260 ιη
3377 3206 3433 3262 in
3465 3206 3572 3262 illis
3599 3207 3737 3261 Ter-

2151 3299 2359 3351 tulliani
2414 3298 2553 3351 libro
2606 3295 2685 3348 Ad
2739 3296 3065 3363 Scapulam:
3102 3296 3254 3353 Sicut
3304 3298 3400 3352 sub
3442 3298 3733 3355 Hilarium)

2148 3391 2373 3459 pnes-ide
2406 3405 2521 3441 Cum
2544 3388 2604 3441 de
2634 3390 2769 3441 areis
2797 3387 3187 3457 sepulturarum
3223 3397 3527 3444 nostrarum
3552 3392 3732 3445 accla-

2149 3487 2401 3545 massent,
2441 3495 2580 3532 area:
2613 3495 2717 3532 non
2747 3482 2877 3544 sint,
2909 3494 3047 3535 area:
3075 3479 3309 3546 ipsorum
3335 3495 3439 3533 non
3462 3478 3678 3549 fuerunt
3710 3495 3733 3539 :

2149 3590 2340 3628 messes
2384 3574 2523 3629 enim
2565 3589 2690 3628 suas
2734 3588 2838 3626 non
2887 3581 3125 3647 egerunt.
3172 3570 3546 3642 Expositionis
3596 3586 3731 3645 ergo

2147 3667 2395 3721 clarioris
2417 3667 2593 3737 gratia
2617 3666 2804 3728 αὐτοῖς
2833 3668 3070 3736 καρποῖς
3094 3664 3361 3721 additum.
3383 3662 3519 3720 Nam
3550 3666 3728 3722 solum

2150 3760 2322 3827 ipsum
2356 3769 2513 3814 terra:
2555 3760 2657 3813 οὐκ
2680 3758 2909 3830 ἐφέρετο
2942 3758 3105 3829 717
3130 3758 3468 3830 “stippa-av,
3498 3759 3729 3829 κόψω

2148 3868 2310 3922 super
2357 3853 2488 3917 illud
2532 3854 2769 3916 stabant,
2805 3852 3077 3921 spiCarunt
3113 3863 3166 3908 et
3202 3836 3600 3925 manipulorum
3631 3869 3728 3926 ag-

2148 3963 2325 4017 get'es,
2350 3950 2658 4021 προχώσεις
2690 3946 2778 4001 bic
2821 3957 3007 4002 nostro
3036 3948 3192 4015 dicti,
3222 3958 3319 4002 aut
3342 3962 3410 4002 ex
3435 3948 3501 4002 iis
3523 3956 3726 4005 excus-

2146 4056 2330 4095 sarum
2369 4041 2570 4103 cumuli
2604 4041 2838 4111 frugum.

2225 4154 2553 4223 Ῥιισείδια,
2597 4173 2647 4223 p.
2687 4155 2779 4211 29.
2831 4154 3221 4223 Sententiolas,
3254 4155 3638 4212 diminutivum
3694 4172 3724 4213 ι

2146 4249 2326 4318 ῥῆσις.
2377 4248 2452 4303 Ita
2485 4249 2781 4317 Gregorius
2836 4249 3111 4321 Nysaeuns
3166 4262 3310 4306 orat.
3343 4249 3413 4306 12
3462 4250 3720 4316 λεξειδια.
3774 4314 3789 4333 υ

2150 4341 2323 4398 Verba
2357 4342 2478 4413 ejus
2525 4355 2651 4397 sunt
2684 4357 2698 4397 :
2737 4344 3008 4415 Κατορχεῖ
3035 4342 3112 4415 τῷ
3154 4345 3345 4416 κρότῳ
3378 4343 3489 4399 τῶν
3545 4345 3724 4413 155st-

2070 4454 2110 4509 ι)
2140 4435 2301 4507 δίων.
2327 4436 2703 4506 ἑνσατυρίζων
2727 4437 2842 4500 τοῖς
2859 4487 2862 4490 ,
2882 4438 3116 4509 ῥήμασι.

2214 4552 2692 4623 Σκαραμότκιον,
2725 4569 2777 4624 p.
2801 4554 2928 4609 50L
2960 4553 3089 4621 Quae
3120 4554 3286 4609 multa
3308 4554 3376 4611 de
3400 4569 3723 4614 scaramam-

2141 4647 2229 4715 gio
2261 4655 2353 4700 aut
2383 4648 2763 4703 scaramaucio
2820 4659 2974 4702 veste
3027 4649 3299 4703 senatoria
3329 4650 3588 4720 praecipui
3619 4651 3724 4706 bo‘é

2140 4744 2291 4796 noris
2325 4740 2597 4795 Meursius
2638 4742 2838 4806 docet,
2896 4757 3003 4797 non
3057 4756 3280 4814 repeto;
3315 4758 3413 4800 nec
3465 4745 3723 4802 describo

2142 4832 2229 4885 bic
2257 4832 2360 4885 alia
2414 4831 2589 4886 nostri
2648 4833 2889 4887 anetoris
2920 4833 3036 4887 loca
3090 4836 3249 4889 istius
3300 4836 3455 4906 quasi
3492 4828 3723 4907 pallida-4

2141 4924 2310 4978 menti
2363 4925 2692 4978 mentionem
2758 4924 3042 4981 facientia.
3081 4927 3317 4982 Tantum
3370 4930 3627 4996 observo,
3653 4946 3719 4986 ex

2139 5018 2239 5073 hoc
2275 5018 2391 5075 loco
2422 5019 2570 5089 (cum
2600 5034 2718 5088 qua:
2750 5020 3040 5088 peculiaris
3064 5021 3225 5080 fuerit
3256 5022 3375 5092 ejus
3407 5025 3719 5081 vestimenti

2136 5112 2312 5167 forma
2357 5114 2609 5182 nnspiam
2650 5115 2911 5169 liactenus
2944 5114 3191 5185 legerim)
3231 5116 3402 5169 videri
3435 5115 3605 5171 fuisse
3632 5118 3717 5172 iu-

2137 5216 2253 5260 star
2281 5206 2487 5276 penula:
2524 5206 2731 5273 largum
2764 5217 2815 5261 ct
2855 5206 3189 5277 profundum
3225 5209 3277 5261 in
3306 5223 3522 5263 summo
3562 5226 3721 5266 assu-

2137 5310 2249 5352 tum
2304 5298 2574 5369 caputium
2615 5300 2882 5360 habentis,
2939 5300 3101 5368 idque
3136 5315 3200 5355 ex
3245 5316 3426 5370 panno
3457 5304 3714 5358 crassiori

2136 5406 2236 5444 nec
2295 5393 2545 5460 simplici,
2609 5403 2691 5468 ut’
2732 5392 2888 5447 facile
2946 5394 3105 5447 hians
3164 5407 3565 5466 perseveraret.
3598 5397 3714 5451 Tali

2135 5486 2278 5537 enim
2345 5488 2510 5556 figura
2543 5498 2907 5555 opportunum
2974 5499 3275 5543 memorato
3338 5489 3424 5543 bic
3478 5492 3714 5545 ludibrio

2136 5579 2319 5632 fuerit.
2352 5576 2723 5648 Netiipepncri
2757 5579 3091 5650 Mpyrigcrii,
3120 5583 3239 5652 ejus
3262 5582 3346 5655 [1³.
3380 5584 3508 5656 508]
3536 5587 3707 5653 jussu,

2133 5689 2313 5727 coram
2348 5674 2525 5727 missis
2562 5676 2629 5726 ab
2685 5675 3036 5744 imperatore.
3084 5693 3312 5747 corpore
3349 5678 3495 5733 illius
3529 5681 3712 5734 talaris

2134 5766 2282 5839 pallii
2309 5781 2403 5836 pro
2428 5764 2555 5821 fune
2575 5768 2882 5837 utebantur,
2907 5784 3012 5840 quo
3038 5787 3100 5827 ex
3134 5788 3225 5825 ora
3251 5773 3402 5828 navis
3423 5774 3490 5829 ad
3515 5786 3707 5845 aquam
