4012 6236
520 234 630 302 7'79

1441 247 1507 310 P.
1551 248 1858 318 POSSINI
1903 254 2558 322 OBSERVATIONUM
2601 250 2747 314 LIB.
2785 249 2831 314 Ι.

3677 247 3784 314 780

521 365 812 427 prospectu
868 356 1104 430 positum
1172 358 1475 440 sign'licat;
1540 364 1678 422 unde
1708 365 1850 434 cippi
1911 363 2372 438 mouu-AQuam
2429 378 2482 420 et
2543 367 2804 434 duplicem
2855 363 3137 428 ariolatur,
3203 365 3403 436 pta:in
3451 365 3552 420 καὶ
3597 367 3785 434 μεγά-

522 449 854 516 ιίιεηῑοτιιιη,
883 473 885 475 ·
915 466 979 506 ac
1042 467 1379 523 quacunque
1429 453 1663 525 fastigia,
1692 464 1747 511 et
1781 456 1832 511 in
1869 473 2096 529 conspe-

519 554 668 597 ctum
706 543 933 614 objecta:
968 560 1289 599 marmorea:
1335 545 1531 601 tabula:
1565 548 1842 618 inscriptae
1877 549 2092 616 litteris,

523 637 967 706 frequentissime
1020 635 1213 707 στῆλαι
1267 637 1427 693 dicta:
1483 639 1848 706 reperiuntur.
1907 641 2094 710 Itaque

522 733 823 785 cavendum
872 746 942 786 ne
993 731 1206 802 species
1248 748 1344 802 pro
1400 748 1599 803 genere
1651 733 1835 788 lectori
1867 736 2096 804 obrepat

525 834 746 880 assueto
773 825 964 894 cippos
996 835 1047 879 et
1083 825 1404 880 columellae
1455 827 1506 880 in
1542 825 1787 896 apicibus
1818 828 2095 898 sepulcra—

525 915 654 969 lium
692 916 912 971 molium
957 927 1051 970 aut
1081 917 1132 972 id
1160 933 1333 987 genus
1379 930 1856 974 monumentorum
1884 931 2093 977 erectas

525 1006 738 1075 στηλῶν
774 1008 994 1063 nomine
1024 1007 1348 1078 intelligere.
1388 1008 1482 1062 illa
1513 1011 1653 1063 enim
1704 1008 1892 1079 στῆλαι
1943 1021 2095 1079 sunt,

527 1097 622 1150 sed
650 1112 762 1152 non
789 1096 936 1166 sole;
971 1099 1204 1167 pertinet
1259 1099 1456 1168 quippe
1491 1099 1604 1155 haec
1646 1117 1747 1156 vox
1800 1101 1980 1170 latius,
2014 1112 2098 1158 ta-

526 1189 685 1245 bulas
735 1191 901 1246 etiam
953 1201 1007 1246 et
1040 1191 1170 1247 'vcla
1209 1191 1396 1263 figuris
1427 1193 1679 1264 insignita
1712 1197 1764 1250 iu
1801 1197 2097 1268 conspicuo

526 1293 730 1340 statuta
765 1284 1033 1349 indicans.

591 1378 965 1444 Συνδοσῐαι,
1006 1395 1062 1449 p.
1115 1380 1242 1436 295.
1276 1382 1390 1440 Etsi
1429 1386 1567 1456 apud
1612 1394 1822 1442 veteres
1847 1398 2098 1455 auctores

526 1474 706 1545 legere
737 1474 1022 1538 συνδοσίας
1059 1490 1168 1529 non
1205 1478 1451 1542 memini,
1500 1488 1629 1546 puto
1674 1487 1854 1533 tamen
1885 1477 2098 1549 Pachy-

527 1584 757 1636 nteretn,
782 1569 938 1640 cujus
971 1585 1160 1626 omnes
1208 1587 1361 1642 teque
1389 1572 1610 1628 codices
1642 1573 1962 1628 vocabulum
1997 1573 2098 1628 hoc

527 1657 647 1714 loco
711 1663 855 1716 istud
914 1662 1206 1731 exhibent,
1266 1663 1318 1717 id
1379 1665 1431 1719 in
1506 1665 1726 1721 notione
1798 1665 2095 1736 largitionis

526 1753 612 1826 {'P.
639 1754 768 1827 MO]
799 1771 1114 1823 usurpasse,
1153 1729 1304 1827 quasi
1334 1761 1550 1813 ductum
1578 1772 1606 1810 a
1637 1729 1928 1829 συνδέδωμι
1970 1777 2096 1814 con-
2127 1729 2170 1788 Β

531 1847 691 1903 dono.
749 1848 847 1903 Cui
899 1849 1064 1905 verbo
1095 1865 1192 1904 usu
1227 1850 1454 1918 antiquo
1485 1849 1798 1906 Latinorum
1848 1853 1986 1906 inest
2020 1853 2099 1907 vis

536 1942 825 2014 peculiaris
877 1943 1151 1998 indicandi
1195 1944 1416 1999 vitiosas
1467 1943 1808 2013 profusiones
1855 1945 1909 2000 in
1962 1946 2102 2001 iudi-

529 2053 687 2107 gnos.
719 2037 934 2102 Cit-ero,
973 2035 1204 2108 Philipp.
1239 2052 1278 2093 tt
1318 2056 1331 2093 :
1367 2037 1642 2106 Apothcctr
1674 2049 1800 2095 tam
1844 2041 2102 2110 nequissi-

532 2132 636 2187 mis
664 2133 1122 2186 condonabantur.
1167 2130 1279 2186 Nec
1320 2132 1584 2186 abhorret
1636 2131 1724 2187 hic
1759 2133 2101 2203 signiﬁcatus

536 2226 604 2279 ab
639 2224 800 2294 hujus
828 2223 933 2279 loci
959 2224 1252 2278 sententia.
1282 2220 1612 2293 Vituperans
1637 2225 1836 2295 quippe
1865 2225 2098 2297 patriar-

534 2320 636 2376 cha
699 2319 1117 2375 conventionem
1152 2317 1501 2388 inperatoris
1555 2334 1675 2374 cum
1722 2321 1887 2384 crate,
1941 2319 2121 2390 cujus

535 2416 828 2469 occasione
884 2409 1055 2467 multa
1113 2410 1505 2481 pretiosissima
1561 2426 1783 2465 mouera
1819 2411 1992 2467 eidem
2048 2421 2101 2468 et

528 2508 646 2580 ejus
668 2505 959 2564 comitibus
984 2505 1268 2576 magnifice
1294 2502 1360 2558 ab
1381 2505 1623 2574 AugtiSto
1635 2505 1829 2559 donata
1853 2507 2099 2574 superius

533 2614 722 2658 noster
751 2600 1092 2667 memoravit,
1126 2598 1284 2655 facile
1309 2601 1501 2670 potuit,
1531 2599 1595 2654 ad
1630 2600 1909 2669 querelam
1940 2614 2100 2655 avare

531 2704 815 2752 auctorum
857 2692 1226 2764 vectigalium,
1262 2693 1557 2764 adjungere
1588 2694 1953 2748 cohaerentem
2009 2709 2098 2749 re-

529 2788 946 2858 prehensionem
1013 2785 1267 2842 exhausti
1330 2785 1638 2841 ambitiosis
1694 2785 2098 2856 profusionibus

528 2883 732 2938 aerarii.

603 2975 1018 3047 Σφάκελος,ρ.
1077 2973 1200 3029 245.
1240 2971 1392 3040 Quod
1445 2972 1531 3028 hic
1586 2980 1773 3028 noster
1825 2970 2097 3040 σφάκελος

2199 455 2316 523 λην,
2347 470 2567 524 parvam
2601 466 2654 510 et
2679 471 2947 526 magnam,
2978 455 3129 526 quasi
3173 458 3320 526 prior
3350 455 3656 526 designatio
3690 455 3790 520 sit,

2198 555 2468 620 posterior
2509 553 2862 622 conﬁrmatio.
2900 552 3078 623 Λῆρος
3118 551 3306 614 πολύς.
3347 550 3450 606 Nec
3473 551 3789 617 Codiuum,

2198 661 2359 714 quem
2421 649 2614 702 asserti
2675 637 2900 700 fundum
2955 646 3160 708 laudat,
3224 643 3510 700 intellexit.
3547 641 3602 696 ls
3636 641 3792 696 enim

2199 738 2335 793 nihil
2380 728 2489 794 vult
2547 739 2692 793 aliud
2748 739 2854 794 nisi
2906 738 3206 808 episcopos,
3267 737 3359 806 qui
3413 737 3690 791 ordinant
3739 742 3797 788 et

2201 841 2528 887 consecrant
2563 831 2953 901 pat'riarcham,
3009 829 3160 882 illum
3206 829 3258 893 in
3295 843 3355 881 ea
3376 827 3682 882 "iunctione
3709 823 3802 880 bis

2205 940 2367 980 cruce
2394 925 2632 997 signare,
2668 941 2896 991 quarum
2931 923 3366 979 benedictiouum
3409 922 3566 992 prior
3590 935 3797 990 parva.

2203 1021 2477 1090 posterior
2536 1036 2725 1089 magna
2778 1019 3124 1072 consueverit
3178 1016 3380 1073 vocari.
3443 1015 3800 1070 Dicebantur

2199 1096 2398 1164 emdem
2424 1109 2834 1164 benedictiones-
2853 1107 3167 1179 μηνύματα,
3192 1118 3246 1159 ut
3293 1106 3613 1160 observavit
3645 1105 3799 1159 idem

2200 1200 2468 1265 Meursius
2501 1203 2666 1258 verbo
2725 1202 2986 1271 μήνυμα;
3035 1215 3159 1253 nam
3195 1193 3418 1269 μήνυμα
3449 1198 3674 1266 signum
3712 1205 3802 1250 est

2199 1303 2253 1348 et
2291 1294 2414 1348 κατ’
2437 1293 2644 1370 Πιξοχὴν
2699 1295 2902 1364 signum
2959 1295 3126 1348 cruris
3184 1307 3345 1347 manu
3403 1290 3800 1347 benedicendo

2202 1387 2518 1444 formatum.
2554 1389 2798 1460 Μήνυμα
2826 1389 3030 1458 signum
3076 1387 3301 1453 dicitur,
3340 1401 3444 1440 non
3473 1393 3700 1449 autem,
3740 1389 3799 1436 ut

2204 1482 2248 1536 is
2274 1482 2343 1536 ibi
2367 1483 2621 1545 somniat,
2657 1483 2879 1536 vacatio.

2273 1571 2524 1648 [9-511]
2585 1574 2662 1628 Τὰ
2713 1571 3136 1641 τετελεσμένα,
3179 1573 3240 1640 ρ.
3277 1569 3367 1624 77.
3406 1569 3545 1637 Quid
3581 1569 3662 1626 sit
3702 1566 3798 1620 hic

2203 1667 2557 1735 ἐπαληθεύειν
2583 1669 2694 1729 τοῖς
2717 1664 3141 1735 τετελεσμένοις.
3168 1662 3504 1717 comminisci
3543 1661 3793 1712 multum

2199 1762 2447 1831 cogitans
2477 1761 2620 1814 aliud
2649 1775 2756 1814 non
2792 1759 2940 1830 potui
2973 1774 3131 1827 quam
3168 1756 3307 1822 quod
3351 1750 3794 1823 interpretando

2197 1856 2462 1922 expressi,
2511 1853 2801 1922 contigisse
2841 1863 2967 1906 tunc
2997 1853 3251 1906 nimirum
3288 1849 3486 1919 altqnnl
3517 1863 3632 1917 quo
3691 1862 3791 1898 sa-

2197 1961 2290 2000 cra
2334 1945 2573 2017 symbolo
2622 1947 2921 2001 consecrati
2961 1956 3014 2011 et,
3058 1943 3235 2016 verbis
3276 1929 3788 1994 sacratueutah'bus

2200 2040 2391 2096 mutati
2429 2039 2480 2092 in
2513 2039 2714 2094 Christi
2773 2051 2971 2107 corpus
3002 2038 3156 2107 panis
3213 2036 3316 2090 alia
3348 2036 3511 2089 etiam
3545 2033 3788 2088 nctione

2199 2147 2359 2202 quam
2395 2127 2484 2186 illa
2525 2133 2578 2186 in
2613 2131 2860 2187 ecclesiis
2890 2132 3085 2186 usitata
3124 2143 3267 2185 recte
3301 2130 3482 2182 vocari
3506 2127 3583 2184 τὰ
3623 2143 3788 2180 τετε-

2197 2224 2433 2296 λεσμένα
2459 2225 2750 2295 potuerint,
2787 2232 2981 2296 nempe
3013 2224 3155 2294 quod
3191 2222 3341 2282 linita
3362 2233 3416 2278 et
3441 2221 3790 2275 alteration.

2198 2317 2556 2374 accidentium
2605 2333 2671 2371 ex
2719 2316 2898 2386 specie
2931 2317 2982 2372 in
3013 2331 3204 2371 novam
3238 2313 3467 2370 fortnam
3508 2324 3780 2382 corrupta

2199 2407 2418 2463 fuerint.
2476 2408 2550 2462 Τὸ
2585 2408 2758 2462 τελεῖν
2795 2409 3042 2463 videlicet
3095 2424 3199 2463 non
3230 2407 3403 2463 solum
3451 2422 3516 2460 ex
3553 2420 3650 2459 usu
3687 2420 3786 2458 so-

2201 2515 2291 2557 ttat
2321 2519 2584 2573 peragere,
2615 2503 2880 2574 perﬁcere,
2903 2503 3225 2572 sacriﬁcare,
3261 2502 3355 2557 sed
3384 2501 3546 2555 etiam
3571 2516 3633 2554 ex
3659 2500 3784 2554 ori-

2201 2597 2322 2664 gine
2355 2596 2529 2662 ﬁnire,
2561 2611 2882 2650 consumere.
2933 2594 3084 2651 Unde
3139 2597 3412 2662 passivum
3454 2596 3524 2648 τὰ
3553 2594 3780 2648 τετελε-

2200 2692 2395 2762 σμένα,
2430 2706 2551 2761 quae
2580 2691 2724 2746 velut
2756 2691 2971 2759 propria
3020 2690 3306 2760 appellutio
3357 2689 3645 2760 speciebus
3674 2704 3776 2744 en-

2196 2786 2502 2841 charlsticis
2557 2800 2587 2840 e
2637 2782 2906 2840 sacrificio
2960 2784 3193 2842 servatis
3255 2799 3404 2838 more
3451 2784 3772 2840 Graecorum

2199 2878 2561 2940 tribuebatur,
2628 2877 2733 2930 alio
2763 2892 2928 2932 sensu
2982 2884 3094 2930 tum
3137 2877 3429 2931 convenire
3464 2876 3544 2930 sic
3585 2885 3775 2944 putre-

2201 2969 2361 3023 factis
2399 2969 2531 3024 etin
2571 2968 2866 3035 informem
2892 2973 3128 3036 speciem
3181 2969 3582 3038 transfiguratis
3616 2984 3767 3037 sym-

531 3070 749 3135 scribit,
779 3069 994 3123 videtur
1025 3067 1165 3124 idem
1191 3081 1311 3122 esse
1338 3066 1481 3136 quod
1526 3065 1634 3122 vol.
1670 3066 1713 3130 l,
1751 3080 1803 3133 p.
1836 3065 1960 3131 5H,
1997 3083 2098 3135 φα·-
2122 3101 2164 3159 C
2201 3061 2337 3118 bolis
2370 3061 2584 3125 Christi
2605 3063 2851 3132 corporis
2889 3063 3083 3131 potuit,
3117 3071 3381 3131 quatenus
3409 3060 3668 3136 nimirum
3702 3076 3768 3114 ex

531 3161 726 3216 κὲλλου
788 3158 1050 3214 vocabulo
1107 3158 1384 3220 indicavit,
1447 3155 1650 3212 fascem
1704 3155 1956 3211 videlicet
2003 3164 2097 3211 aut

533 3253 852 3310 fasciculqu
905 3253 1018 3308 sive
1067 3250 1345 3307 fascellom
1397 3251 1706 3304 chartarum
1762 3250 2096 3320 signiﬁcans.

531 3345 897 3402 Laudavimus
960 3344 1213 3415 inpriori
1273 3341 1550 3399 Glossario
1581 3341 1873 3413 Syuesium
1907 3345 2096 3398 eadem

532 3440 757 3496 notione
802 3437 1068 3508 φάκελλον
1114 3446 1488 3506 usurpantem.
1525 3436 1760 3507 Reperio
1797 3436 1938 3506 apud
1978 3437 2100 3492 Dio-

535 3532 745 3604 uysium
799 3530 1297 3604 Halicarnasseum,
1351 3527 1386 3581 Ι.
1427 3543 1518 3592 vtt,
1578 3527 1913 3597 σφακέλλους
1964 3546 2100 3600 φρυο

533 3623 718 3694 γάνων
755 3637 852 3692 pro
887 3619 1156 3692 fasciculis
1213 3617 1558 3689 virgultorum
1593 3620 1847 3687 positum.
1883 3617 2094 3692 Pachy-

534 3731 712 3772 meres
760 3714 848 3771 hic
895 3722 1090 3769 neutro
1146 3725 1345 3780 genere
1395 3718 1451 3765 et
1521 3725 1643 3764 cum
1704 3711 1923 3769 unicol
1956 3712 2094 3766 idem

532 3810 854 3866 vocabulum
891 3808 1007 3878 pari
1037 3803 1341 3876 sigulflcatu
1375 3802 1608 3858 exhibet.

606 3903 768 3976 720
791 3899 1145 3970 Σφενδόναι,
1186 3912 1240 3964 p.
1268 3896 1359 3952 66.
1391 3893 1654 3950 Videntur
1686 3896 1774 3950 bit:
1807 3895 1915 3951 dici
1940 3913 2099 3963 σφεν-

531 3997 681 4050 δόναι
717 3993 925 4049 lacinia:
951 3993 1246 4060 pendentes
1283 4005 1312 4043 e
1348 3986 1629 4058 pontiﬁcio
1656 3989 1837 4056 galero
1885 3990 2094 4044 funicu-

530 4079 603 4149 lis
641 4089 836 4148 sericis
875 4089 924 4141 iu
973 4085 1155 4140 funda!
1195 4084 1410 4138 modum
1461 4082 1734 4152 perplexis
1773 4083 1912 4139 inter
1954 4098 2093 4148 sese,

537 4198 688 4240 more
716 4184 878 4237 etiam
913 4181 1075 4235 hodie
1107 4176 1315 4233 Latinis
1348 4176 1569 4230 usitato.

605 4275 887 4346 Σφραγίς,
927 4289 980 4343 p.
1020 4269 1105 4326 η.
1136 4269 1246 4339 Ego
1283 4271 1370 4323 hic
1398 4269 1668 4338 σφραγῖδα
1695 4269 2096 4324 benedictionem

533 4371 693 4427 verti.
728 4368 964 4423 Intellexi
999 4365 1144 4419 enim
1186 4363 1398 4432 signum
1447 4365 1623 4417 crucis
1677 4378 1839 4416 manu
1873 4378 2100 4431 expres-

2201 3156 2402 3222 uativa,
2437 3163 2495 3211 ut
2551 3156 2685 3223 dixi,
2705 3155 3097 3228 significatione
3132 3154 3330 3209 radicis
3363 3154 3508 3209 unde
3535 3156 3768 3210 verbum

2198 3250 2340 3304 istud
2359 3248 2647 3317 germinat,
2671 3263 2830 3305 sonat
2858 3259 3115 3320 praeterea
3140 3258 3468 3319 consumpta,
3491 3258 3768 3316 corrupto,

2198 3356 2261 3395 ex
2298 3341 2462 3409 priori
2507 3340 2676 3396 desita
2720 3340 2830 3409 jam
2862 3341 3036 3396 forma
3084 3343 3137 3396 in
3169 3356 3363 3396 novam
3393 3343 3552 3394 aliam
3588 3343 3769 3395 demu-

2199 3443 2332 3490 tato.
2393 3433 2516 3489 litae
2561 3445 2834 3505 utcunque
2887 3433 2996 3490 dici
3056 3434 3424 3490 verisimiliter
3463 3446 3765 3506 poterant:

2198 3543 2328 3601 puto
2356 3540 2534 3586 tamen
2566 3530 2710 3585 aliud
2743 3529 3156 3602 Pachymerem,
3182 3530 3305 3583 dum
3331 3529 3444 3582 lucc
3476 3529 3766 3594 scriberet,

2200 3635 2495 3692 Spectasse.
2535 3622 2628 3677 Sui
2688 3622 2939 3678 videlicet
2970 3621 3224 3694 llesyt-hii
3274 3637 3499 3689 memor,
3535 3623 3681 3692 quod
3712 3624 3764 3676 in

2199 3732 2264 3772 eo
2297 3716 2516 3786 legisset
2560 3715 2943 3785 τετελεσμένον
2990 3716 3052 3769 τὸ
3085 3711 3198 3769 οἷον
3253 3716 3482 3786 πρᾶγμα
3508 3717 3781 3785 τελεσθῇ--

2199 3827 2306 3873 ναι,
2341 3812 2507 3881 {now
2541 3809 2918 3881 πληρωθῆναι,
2951 3809 2983 3880 ἢ
3015 3810 3107 3863 καὶ
3161 3809 3559 3880 μεμιασμένον,
3580 3826 3766 3864 raram

2202 3905 2312 3960 illic
2342 3905 2632 3960 indicatam
2693 3905 2986 3970 notionem,
3024 3919 3132 3975 qua
3170 3905 3336 3975 721
3379 3903 3768 3975 τετελεσμένον

2203 4000 2598 4070 μεμιασμένον,
2625 3998 2886 4069 pollutum
2918 4006 2972 4052 et
3007 3999 3432 4053 contaminatum
3459 4007 3642 4064 sonat,
3676 4000 3768 4053 hic

2199 4095 2368 4146 voluit
2399 4093 2622 4147 inuuere
2656 4094 2890 4161 igumam
2926 4108 3030 4146 non
3064 4107 3184 4147 esse
3215 4092 3338 4147 sibi.

2276 4185 2436 4255 Τέρα,
2472 4203 2522 4257 p.
2557 4186 2680 4242 594.
2715 4185 2939 4240 Ponitur
2985 4187 3071 4241 hic
3103 4186 3304 4242 Graecis
3334 4186 3525 4243 litteris
3567 4201 3766 4242 nomen

2200 4279 2451 4335 Latinum
2507 4290 2668 4342 terra,
2721 4280 2813 4333 sed
2880 4295 3000 4334 cum
3055 4281 3213 4336 unico
3249 4280 3573 4353 pscriptum
3609 4282 3766 4351 τέρα.

2208 4373 2424 4428 Videtur
2465 4383 2639 4426 autem
2678 4372 2819 4427 hanc
2869 4387 3056 4427 vocem
3106 4374 3389 4428 retinuisse
3443 4373 3764 4446 historicus,

535 4482 657 4520 sum
701 4480 729 4517 a
763 4459 1068 4532 patriarcha
1101 4455 1335 4526 losepbo
1365 4469 1528 4524 super
1563 4455 1725 4508 istum
1773 4455 1837 4509 de
1872 4471 1977 4524 quo
2011 4457 2096 4510 hic

2202 4469 2338 4536 quod
2372 4466 2600 4535 vulgaris
2625 4477 2768 4521 esset
2790 4464 3043 4537 loquendi
3072 4466 3240 4522 forma
3269 4465 3372 4521 illis
3406 4468 3760 4538 temporibus.

535 4559 734 4628 agitur,
758 4552 1076 4622 Georgium,
1103 4564 1208 4604 una
1240 4547 1590 4618 pronuntiata
1628 4557 1772 4602 certa
1807 4547 2093 4602 verborum

537 4649 792 4714 formula,
821 4661 926 4716 qua
963 4645 1008 4701 is
1047 4644 1251 4699 electus
1284 4642 1350 4696 ad
1378 4639 1616 4696 officium
1651 4640 1806 4710 primi
1848 4641 2100 4694 ecclesia-

536 4745 636 4800 slis
668 4740 926 4796 Palatium
951 4736 1234 4792 conciouis
1265 4735 1394 4802 (hoc
1425 4735 1568 4788 enim
1602 4743 1758 4789 sonat
1786 4750 2100 4805 πρωτοαπσο

537 4835 844 4904 στολάριυς)
883 4835 982 4887 rite
1020 4831 1082 4883 ad
1118 4830 1446 4896 iungendum
1490 4826 1541 4882 id
1573 4828 1939 4882 ministerium
1968 4829 2098 4882 mis-

541 4946 636 4985 sus
675 4928 881 4981 fuisset.
935 4925 1068 4990 Quit
1110 4939 1239 4976 vero
1292 4922 1449 4974 talem
1501 4921 1932 4975 benedictionem
1983 4921 2099 4988 epi-

538 5021 686 5092 s‘copi
717 5035 818 5072 non
858 5017 1173 5084 int-pendunt
1211 5013 1313 5068 nisi
1364 5011 1467 5066 sibi
1501 5013 1764 5080 probatis,
1789 5023 1839 5065 et
1868 5013 1933 5066 de
1965 5029 2098 5081 quo-

546 5133 664 5170 rum
698 5122 845 5168 recta
889 5111 1013 5176 fide,
1041 5107 1326 5164 sufficienti
1369 5106 1697 5167 eruditione,
1723 5106 1901 5174 probis
1933 5108 2098 5159 mori-

541 5212 642 5262 Inus
676 5206 809 5274 certi
873 5205 1074 5265 forent.
1126 5203 1251 5258 hinc
1305 5203 1523 5257 rebatur
1563 5201 1906 5255 Andronicus
1960 5201 2102 5254 hunc

539 5299 826 5370 Georgium
884 5309 1093 5367 gratum
1153 5305 1207 5352 et
1268 5293 1751 5350 commendabilem
1807 5295 1980 5348 visum
2034 5294 2099 5348 iri

537 5391 765 5462 Iosephi
821 5391 1092 5456 sectariis,
1123 5406 1280 5460 quem
1332 5391 1528 5458 utique
1559 5385 1848 5455 Josephus,
1901 5387 1999 5453 ipsi
2035 5388 2100 5442 ad

538 5484 855 5540 concionem
893 5485 1104 5538 dicturo
1140 5487 1274 5537 bene
1295 5480 1829 5552 precando,bouum,
1866 5481 2099 5546 doctum,

536 5579 897 5632 orthodoxnm
938 5579 1290 5630 declarasset.
1330 5562 1428 5629 llic
1458 5578 1633 5630 obiter
1660 5573 2102 5646 pratmuniendus

541 5670 710 5724 lector
743 5680 843 5730 est,
885 5685 947 5721 ue
1009 5669 1310 5738 decipiatur
1368 5670 1548 5734 legens
1612 5670 1750 5737 apud
1813 5667 2100 5725 Meursiotn

541 5761 878 5816 Matianum
940 5760 1003 5813 ad
1058 5759 1483 5831 patriarcbalum
1550 5759 1818 5829 σφραγῖδα
1878 5758 2098 5816 dictam.

2201 4559 2368 4628 utqui
2403 4559 2672 4628 principes
2706 4560 2983 4628 regionum
3021 4560 3084 4613 ab
3127 4559 3245 4613 aliis
3271 4575 3641 4630 possessarum
3681 4562 3768 4632 jus

2198 4649 2300 4704 sibi
2329 4651 2659 4706 vindicantes
2695 4651 2918 4707 titulum
2951 4663 3245 4715 sumerent,
3297 4653 3362 4707 ad
3396 4652 3758 4710 differentiam

2202 4744 2582 4810 possidentium
2641 4747 2752 4799 sine
2789 4755 2950 4810 terra,
2980 4748 3146 4817 χωρὶς
3175 4748 3337 4818 τέρας
3387 4747 3472 4819 ἥτ’
3507 4743 3604 4803 οὖν
3640 4752 3760 4821 γῆς,

2205 4833 2336 4887 tales
2370 4835 2765 4902 appellarentur
2797 4852 2813 4891 :
2847 4847 2972 4906 puta
3008 4853 3102 4892 rex
3134 4835 3629 4911 Hierosolymorum
3677 4853 3765 4900 aut

2205 4929 2494 4998 imperator
2521 4927 3094 4997 Constantinopoleos,
3125 4931 3302 5001 qualis
3348 4932 3438 4987 hic
3463 4934 3765 4990 declaratus

2204 5037 2231 5072 a
2265 5033 2396 5088 papa
2429 5022 2569 5088 regis
2595 5020 2763 5076 Siculi
2797 5019 2966 5076 frater
2993 5022 3209 5091 dicitur,
3236 5023 3360 5096 jure
3385 5026 3636 5082 videlicet
3671 5029 3767 5082 do-

2205 5107 2296 5161 t'ali
2328 5124 2357 5161 e
2386 5109 2491 5161 filia
2525 5110 2792 5175 Baldu'mi,
2820 5111 2912 5181 qui
2944 5112 3073 5166 olim
3102 5113 3461 5184 imperaverat
3495 5115 3766 5175 Constan-

2207 5202 2443 5271 tinOpoli,
2471 5203 2521 5257 in
2547 5217 2798 5272 sponsam
2819 5205 2893 5260 illi
2915 5206 3102 5279 juncta
3124 5216 3320 5275 tracto,
3351 5212 3448 5266 sed
3472 5212 3584 5266 sine
3605 5226 3767 5276 terra,

2205 5295 2305 5350 hoc
2337 5307 2418 5351 est
2446 5299 2578 5351 citra
2608 5299 2999 5366 possessionem
3029 5299 3146 5371 ejus
3182 5301 3423 5370 imperii,
3458 5305 3525 5357 ab
3554 5306 3764 5358 Andro-

2206 5392 2330 5445 nico
2367 5392 2610 5446 videlicet
2638 5391 2862 5447 detenti.

2283 5481 2727 5551 TCurxpa'mﬁsq,
2781 5499 2831 5552 p.
2867 5483 2992 5538 4H.
3036 5484 3229 5540 Fuisse
3262 5501 3355 5556 per
3386 5486 3498 5541 haec
3529 5495 3769 5557 tempora

2209 5576 2345 5642 apud
2400 5572 2617 5628 Grzccos
2671 5575 2997 5645 Byzantinos
3034 5578 3084 5630 in
3146 5595 3241 5632 usu
3300 5579 3564 5649 frequenti
3613 5597 3770 5634 arcus

2206 5670 2462 5738 quosdam
2509 5668 2794 5735 peculiaris
2845 5669 3028 5722 forma:
3058 5687 3084 5723 a
3120 5669 3323 5725 Latinis
3357 5682 3619 5742 acceptae,
3652 5687 3766 5740 qua

2205 5760 2455 5828 τζαγγρᾶ
2491 5757 2571 5814 vel
2608 5760 2911 5831 τζαγγροῦς
2955 5765 3234 5829 vocabant,
3275 5763 3629 5833 intelligimus
3652 5778 3765 5820 cum
