  <div class='ocr_page' id='page_1' title='image "/cluster/home/n/w/nwhite01/storage/ocr_20150623/144/hvd.32044073502593/396.png"; bbox 0 0 4004 6234; ppageno 0'>
   <div class='ocr_carea' id='block_1_1' title="bbox 179 365 2004 443">
    <p class='ocr_par' dir='ltr' id='par_1_1' title="bbox 179 365 2004 443">
     <span class='ocr_line' id='line_1_1' title="bbox 179 365 2004 443; baseline -0.003 -1"><span class='ocrx_word' id='word_1_1' title='bbox 179 381 250 443; x_wconf 84' lang='lat'><strong>781</strong></span> <span class='ocrx_word' id='word_1_2' title='bbox 1480 365 2004 436; x_wconf 68' lang='lat' dir='ltr'><strong>GLUSSARIUM.</strong></span> 
     </span>
    </p>
   </div>
   <div class='ocr_carea' id='block_1_2' title="bbox 3255 367 3361 440">
    <p class='ocr_par' dir='ltr' id='par_1_2' title="bbox 3255 367 3361 440">
     <span class='ocr_line' id='line_1_2' title="bbox 3255 367 3361 440; baseline 0.009 -1"><span class='ocrx_word' id='word_1_3' title='bbox 3255 367 3361 440; x_wconf 75' lang='lat'><strong>782</strong></span> 
     </span>
    </p>
   </div>
   <div class='ocr_carea' id='block_1_3' title="bbox 170 487 3361 558">
    <p class='ocr_par' dir='ltr' id='par_1_3' title="bbox 170 487 3361 558">
     <span class='ocr_line' id='line_1_3' title="bbox 170 487 3361 558; baseline -0.001 -15"><span class='ocrx_word' id='word_1_4' title='bbox 170 511 215 543; x_wconf 84' lang='lat' dir='ltr'><strong>t&#39;\&#39;</strong></span> <span class='ocrx_word' id='word_1_5' title='bbox 240 489 338 543; x_wconf 85' lang='lat' dir='ltr'><strong>aliis</strong></span> <span class='ocrx_word' id='word_1_6' title='bbox 364 487 485 545; x_wconf 87' lang='lat' dir='ltr'><strong>locis</strong></span> <span class='ocrx_word' id='word_1_7' title='bbox 508 490 829 558; x_wconf 85' lang='lat' dir='ltr'><strong>scriptorum</strong></span> <span class='ocrx_word' id='word_1_8' title='bbox 858 488 971 557; x_wconf 85' lang='lat' dir='ltr'><strong>ejus</strong></span> <span class='ocrx_word' id='word_1_9' title='bbox 999 491 1122 555; x_wconf 72' lang='lat' dir='ltr'><strong>mvi,</strong></span> <span class='ocrx_word' id='word_1_10' title='bbox 1151 500 1260 544; x_wconf 86' lang='lat' dir='ltr'><strong>tum</strong></span> <span class='ocrx_word' id='word_1_11' title='bbox 1296 505 1359 545; x_wconf 76' lang='lat' dir='ltr'><strong>ex</strong></span> <span class='ocrx_word' id='word_1_12' title='bbox 1405 494 1505 545; x_wconf 87' lang='lat' dir='ltr'><strong>hoc</strong></span> <span class='ocrx_word' id='word_1_13' title='bbox 1533 488 1676 545; x_wconf 82' lang='lat' dir='ltr'><strong>Can-</strong></span> <span class='ocrx_word' id='word_1_14' title='bbox 1710 494 1754 548; x_wconf 82' lang='grc' dir='ltr'>Λ</span> <span class='ocrx_word' id='word_1_15' title='bbox 1855 489 2199 557; x_wconf 80' lang='grc' dir='ltr'><strong>Φάμουσος,</strong></span> <span class='ocrx_word' id='word_1_16' title='bbox 2231 503 2283 558; x_wconf 91' lang='lat' dir='ltr'><strong>p.</strong></span> <span class='ocrx_word' id='word_1_17' title='bbox 2331 487 2458 545; x_wconf 63' lang='lat'><strong>2&amp;5.</strong></span> <span class='ocrx_word' id='word_1_18' title='bbox 2492 489 2700 545; x_wconf 85' lang='lat' dir='ltr'><strong>Dudum</strong></span> <span class='ocrx_word' id='word_1_19' title='bbox 2751 490 2933 546; x_wconf 79' lang='lat' dir='ltr'><strong>notavi</strong></span> <span class='ocrx_word' id='word_1_20' title='bbox 2983 490 3050 545; x_wconf 83' lang='lat' dir='ltr'><strong>ad</strong></span> <span class='ocrx_word' id='word_1_21' title='bbox 3080 490 3171 547; x_wconf 86' lang='lat' dir='ltr'><strong>illa</strong></span> <span class='ocrx_word' id='word_1_22' title='bbox 3199 492 3361 548; x_wconf 68' lang='lat' dir='ltr'><strong>verba</strong></span> 
     </span>
    </p>
   </div>
   <div class='ocr_carea' id='block_1_4' title="bbox 168 582 1682 656">
    <p class='ocr_par' dir='ltr' id='par_1_4' title="bbox 168 582 1682 656">
     <span class='ocr_line' id='line_1_4' title="bbox 168 582 1682 656; baseline -0.001 -19"><span class='ocrx_word' id='word_1_23' title='bbox 168 583 365 638; x_wconf 75' lang='lat' dir='ltr'><strong>tacuzeni</strong></span> <span class='ocrx_word' id='word_1_24' title='bbox 394 582 426 637; x_wconf 93' lang='grc'><strong>1.</strong></span> <span class='ocrx_word' id='word_1_25' title='bbox 454 597 489 647; x_wconf 86' lang='lat' dir='ltr'><strong>t,</strong></span> <span class='ocrx_word' id='word_1_26' title='bbox 522 598 573 638; x_wconf 89' lang='lat' dir='ltr'><strong>c.</strong></span> <span class='ocrx_word' id='word_1_27' title='bbox 598 582 688 648; x_wconf 74' lang='lat'><strong>36,</strong></span> <span class='ocrx_word' id='word_1_28' title='bbox 717 599 773 654; x_wconf 90' lang='lat' dir='ltr'><strong>p.</strong></span> <span class='ocrx_word' id='word_1_29' title='bbox 803 585 901 641; x_wconf 77' lang='grc'><strong>108</strong></span> <span class='ocrx_word' id='word_1_30' title='bbox 931 585 1018 640; x_wconf 87' lang='lat' dir='ltr'><strong>ed.</strong></span> <span class='ocrx_word' id='word_1_31' title='bbox 1048 585 1182 656; x_wconf 77' lang='lat' dir='ltr'><strong>Reg.</strong></span> <span class='ocrx_word' id='word_1_32' title='bbox 1219 601 1233 639; x_wconf 89' lang='lat'>:</span> <span class='ocrx_word' id='word_1_33' title='bbox 1268 584 1389 638; x_wconf 83' lang='grc' dir='ltr'>Ἱῶν</span> <span class='ocrx_word' id='word_1_34' title='bbox 1419 585 1482 638; x_wconf 76' lang='grc' dir='ltr'><strong>ὲκ</strong></span> <span class='ocrx_word' id='word_1_35' title='bbox 1511 584 1682 652; x_wconf 78' lang='grc' dir='ltr'><strong>τόξων</strong></span> 
     </span>
    </p>
   </div>
   <div class='ocr_carea' id='block_1_5' title="bbox 160 676 1680 751">
    <p class='ocr_par' dir='ltr' id='par_1_5' title="bbox 160 676 1680 751">
     <span class='ocr_line' id='line_1_5' title="bbox 160 676 1680 751; baseline -0.001 -18"><span class='ocrx_word' id='word_1_36' title='bbox 160 677 420 734; x_wconf 68' lang='lat' dir='ltr'><strong>Astu/utth</strong></span> <span class='ocrx_word' id='word_1_37' title='bbox 471 676 780 747; x_wconf 81' lang='grc' dir='ltr'>λεγομένων</span> <span class='ocrx_word' id='word_1_38' title='bbox 844 677 1136 751; x_wconf 74' lang='grc' dir='ltr'>τζαγγρῶν</span> <span class='ocrx_word' id='word_1_39' title='bbox 1201 678 1471 749; x_wconf 77' lang='grc' dir='ltr'><strong>ἀφιέντων</strong></span> <span class='ocrx_word' id='word_1_40' title='bbox 1528 677 1680 750; x_wconf 81' lang='grc' dir='ltr'>βέλη.</span> 
     </span>
    </p>
   </div>
   <div class='ocr_carea' id='block_1_6' title="bbox 161 767 1683 842">
    <p class='ocr_par' dir='ltr' id='par_1_6' title="bbox 161 767 1683 842">
     <span class='ocr_line' id='line_1_6' title="bbox 161 767 1683 842; baseline 0 -19"><span class='ocrx_word' id='word_1_41' title='bbox 161 767 431 836; x_wconf 82' lang='lat' dir='ltr'><strong>lbtjusmt-di</strong></span> <span class='ocrx_word' id='word_1_42' title='bbox 481 768 716 824; x_wconf 76' lang='lat' dir='ltr'><strong>arcubus</strong></span> <span class='ocrx_word' id='word_1_43' title='bbox 764 771 856 841; x_wconf 93' lang='lat' dir='ltr'><strong>qui</strong></span> <span class='ocrx_word' id='word_1_44' title='bbox 912 779 1220 836; x_wconf 89' lang='lat' dir='ltr'><strong>uterentur,</strong></span> <span class='ocrx_word' id='word_1_45' title='bbox 1269 771 1683 842; x_wconf 77' lang='grc' dir='ltr'><strong>τζαγκράτορες</strong></span> 
     </span>
    </p>
   </div>
   <div class='ocr_carea' id='block_1_7' title="bbox 158 863 1682 932">
    <p class='ocr_par' dir='ltr' id='par_1_7' title="bbox 158 863 1682 932">
     <span class='ocr_line' id='line_1_7' title="bbox 158 863 1682 932; baseline 0 -15"><span class='ocrx_word' id='word_1_46' title='bbox 158 864 447 931; x_wconf 81' lang='lat' dir='ltr'><strong>Pacbymere</strong></span> <span class='ocrx_word' id='word_1_47' title='bbox 494 871 716 917; x_wconf 83' lang='lat' dir='ltr'><strong>auctore</strong></span> <span class='ocrx_word' id='word_1_48' title='bbox 765 863 1118 928; x_wconf 81' lang='lat' dir='ltr'><strong>vocabantur,</strong></span> <span class='ocrx_word' id='word_1_49' title='bbox 1170 866 1364 932; x_wconf 79' lang='lat' dir='ltr'><strong>Opinor</strong></span> <span class='ocrx_word' id='word_1_50' title='bbox 1424 866 1532 918; x_wconf 64' lang='grc' dir='ltr'><strong>ἁπδ</strong></span> <span class='ocrx_word' id='word_1_51' title='bbox 1588 865 1682 919; x_wconf 77' lang='grc' dir='ltr'><strong>τοῦ</strong></span> 
     </span>
    </p>
   </div>
   <div class='ocr_carea' id='block_1_8' title="bbox 156 951 1683 1028">
    <p class='ocr_par' dir='ltr' id='par_1_8' title="bbox 156 951 1683 1028">
     <span class='ocr_line' id='line_1_8' title="bbox 156 951 1683 1028; baseline 0.005 -23"><span class='ocrx_word' id='word_1_52' title='bbox 156 955 344 1020; x_wconf 77' lang='grc' dir='ltr'><strong>κρατεῖν</strong></span> <span class='ocrx_word' id='word_1_53' title='bbox 378 951 439 1003; x_wconf 72' lang='grc' dir='ltr'><strong>τὰ</strong></span> <span class='ocrx_word' id='word_1_54' title='bbox 477 953 749 1023; x_wconf 75' lang='grc' dir='ltr'><strong>τζαγγρά,</strong></span> <span class='ocrx_word' id='word_1_55' title='bbox 783 971 813 1007; x_wconf 90' lang='lat' dir='ltr'><strong>a</strong></span> <span class='ocrx_word' id='word_1_56' title='bbox 850 971 1008 1009; x_wconf 79' lang='lat' dir='ltr'><strong>manu</strong></span> <span class='ocrx_word' id='word_1_57' title='bbox 1040 957 1274 1011; x_wconf 78' lang='lat' dir='ltr'><strong>tenendis</strong></span> <span class='ocrx_word' id='word_1_58' title='bbox 1310 959 1544 1028; x_wconf 81' lang='lat' dir='ltr'><strong>tznngris</strong></span> <span class='ocrx_word' id='word_1_59' title='bbox 1577 957 1683 1012; x_wconf 53' lang='lat' dir='ltr'><strong>La.</strong></span> 
     </span>
    </p>
   </div>
   <div class='ocr_carea' id='block_1_9' title="bbox 154 1045 1687 1113">
    <p class='ocr_par' dir='ltr' id='par_1_9' title="bbox 154 1045 1687 1113">
     <span class='ocr_line' id='line_1_9' title="bbox 154 1045 1687 1113; baseline 0.008 -17"><span class='ocrx_word' id='word_1_60' title='bbox 154 1047 255 1099; x_wconf 78' lang='lat' dir='ltr'><strong>tina:</strong></span> <span class='ocrx_word' id='word_1_61' title='bbox 274 1045 442 1113; x_wconf 70' lang='lat' dir='ltr'><strong>{omne</strong></span> <span class='ocrx_word' id='word_1_62' title='bbox 463 1045 710 1102; x_wconf 79' lang='lat' dir='ltr'><strong>arcubus.</strong></span> <span class='ocrx_word' id='word_1_63' title='bbox 743 1046 832 1101; x_wconf 91' lang='lat' dir='ltr'><strong>Sic</strong></span> <span class='ocrx_word' id='word_1_64' title='bbox 860 1047 1023 1102; x_wconf 82' lang='lat' dir='ltr'><strong>e:iatn</strong></span> <span class='ocrx_word' id='word_1_65' title='bbox 1059 1049 1160 1104; x_wconf 91' lang='lat' dir='ltr'><strong>hoc</strong></span> <span class='ocrx_word' id='word_1_66' title='bbox 1195 1052 1525 1108; x_wconf 87' lang='lat' dir='ltr'><strong>vocabulum</strong></span> <span class='ocrx_word' id='word_1_67' title='bbox 1564 1065 1687 1110; x_wconf 84' lang='lat' dir='ltr'><strong>ant-</strong></span> 
     </span>
    </p>
   </div>
   <div class='ocr_carea' id='block_1_10' title="bbox 155 1135 1686 1204">
    <p class='ocr_par' dir='ltr' id='par_1_10' title="bbox 155 1135 1686 1204">
     <span class='ocr_line' id='line_1_10' title="bbox 155 1135 1686 1204; baseline 0.005 -14"><span class='ocrx_word' id='word_1_68' title='bbox 155 1152 202 1190; x_wconf 88' lang='lat' dir='ltr'><strong>ea</strong></span> <span class='ocrx_word' id='word_1_69' title='bbox 251 1137 528 1204; x_wconf 73' lang='lat' dir='ltr'><strong>scripserat</strong></span> <span class='ocrx_word' id='word_1_70' title='bbox 558 1135 775 1192; x_wconf 82' lang='lat' dir='ltr'><strong>Nicetas</strong></span> <span class='ocrx_word' id='word_1_71' title='bbox 803 1138 853 1191; x_wconf 92' lang='lat' dir='ltr'><strong>itt</strong></span> <span class='ocrx_word' id='word_1_72' title='bbox 892 1138 1134 1194; x_wconf 80' lang='lat' dir='ltr'><strong>Mannele</strong></span> <span class='ocrx_word' id='word_1_73' title='bbox 1158 1138 1435 1195; x_wconf 66' lang='lat' dir='ltr'><strong>Cotuneno</strong></span> <span class='ocrx_word' id='word_1_74' title='bbox 1461 1142 1496 1196; x_wconf 92' lang='lat' dir='ltr'><strong>l.</strong></span> <span class='ocrx_word' id='word_1_75' title='bbox 1525 1158 1561 1196; x_wconf 88' lang='lat' dir='ltr'><strong>ll</strong></span> <span class='ocrx_word' id='word_1_76' title='bbox 1602 1143 1686 1198; x_wconf 86' lang='lat' dir='ltr'><strong>his</strong></span> 
     </span>
    </p>
   </div>
   <div class='ocr_carea' id='block_1_11' title="bbox 155 1229 1683 1306">
    <p class='ocr_par' dir='ltr' id='par_1_11' title="bbox 155 1229 1683 1306">
     <span class='ocr_line' id='line_1_11' title="bbox 155 1229 1683 1306; baseline 0.003 -25"><span class='ocrx_word' id='word_1_77' title='bbox 155 1229 301 1284; x_wconf 88' lang='lat' dir='ltr'><strong>verbis</strong></span> <span class='ocrx_word' id='word_1_78' title='bbox 326 1244 351 1283; x_wconf 90' lang='lat' dir='ltr'><strong>a</strong></span> <span class='ocrx_word' id='word_1_79' title='bbox 376 1229 611 1285; x_wconf 80' lang='lat' dir='ltr'><strong>Menrsio</strong></span> <span class='ocrx_word' id='word_1_80' title='bbox 643 1230 830 1288; x_wconf 79' lang='lat' dir='ltr'><strong>relatis</strong></span> <span class='ocrx_word' id='word_1_81' title='bbox 861 1248 874 1288; x_wconf 88' lang='lat'>:</span> <span class='ocrx_word' id='word_1_82' title='bbox 908 1233 1255 1304; x_wconf 71' lang='grc' dir='ltr'><strong>Φραξάμενοι</strong></span> <span class='ocrx_word' id='word_1_83' title='bbox 1291 1251 1371 1302; x_wconf 83' lang='grc' dir='ltr'><strong>τε,</strong></span> <span class='ocrx_word' id='word_1_84' title='bbox 1419 1234 1495 1299; x_wconf 83' lang='grc' dir='ltr'><strong>ὡς</strong></span> <span class='ocrx_word' id='word_1_85' title='bbox 1517 1233 1683 1306; x_wconf 78' lang='grc' dir='ltr'><strong>εἶχον,</strong></span> 
     </span>
    </p>
   </div>
   <div class='ocr_carea' id='block_1_12' title="bbox 152 1309 1684 1397">
    <p class='ocr_par' dir='ltr' id='par_1_12' title="bbox 152 1309 1684 1397">
     <span class='ocr_line' id='line_1_12' title="bbox 152 1309 1684 1397; baseline 0.007 -21"><span class='ocrx_word' id='word_1_86' title='bbox 152 1327 206 1376; x_wconf 70' lang='grc' dir='ltr'><strong>τά</strong></span> <span class='ocrx_word' id='word_1_87' title='bbox 228 1324 363 1394; x_wconf 66' lang='grc' dir='ltr'>τείχη</span> <span class='ocrx_word' id='word_1_88' title='bbox 410 1324 652 1390; x_wconf 70' lang='grc' dir='ltr'><strong>τοξὸταις</strong></span> <span class='ocrx_word' id='word_1_89' title='bbox 685 1327 778 1380; x_wconf 80' lang='grc' dir='ltr'><strong>καὶ</strong></span> <span class='ocrx_word' id='word_1_90' title='bbox 813 1309 1244 1397; x_wconf 74' lang='grc' dir='ltr'><strong>τζαγγράτοραι.</strong></span> <span class='ocrx_word' id='word_1_91' title='bbox 1277 1327 1494 1386; x_wconf 75' lang='lat' dir='ltr'><strong>Nicetes</strong></span> <span class='ocrx_word' id='word_1_92' title='bbox 1543 1331 1684 1386; x_wconf 89' lang='lat' dir='ltr'><strong>idem</strong></span> 
     </span>
    </p>
   </div>
   <div class='ocr_carea' id='block_1_13' title="bbox 155 1418 1688 1496">
    <p class='ocr_par' dir='ltr' id='par_1_13' title="bbox 155 1418 1688 1496">
     <span class='ocr_line' id='line_1_13' title="bbox 155 1418 1688 1496; baseline 0.003 -23"><span class='ocrx_word' id='word_1_93' title='bbox 155 1421 194 1473; x_wconf 90' lang='lat' dir='ltr'><strong>in</strong></span> <span class='ocrx_word' id='word_1_94' title='bbox 221 1418 410 1480; x_wconf 80' lang='lat' dir='ltr'><strong>Alexio,</strong></span> <span class='ocrx_word' id='word_1_95' title='bbox 445 1419 477 1472; x_wconf 91' lang='lat' dir='ltr'><strong>l.</strong></span> <span class='ocrx_word' id='word_1_96' title='bbox 513 1435 594 1486; x_wconf 86' lang='lat' dir='ltr'><strong>Ill,</strong></span> <span class='ocrx_word' id='word_1_97' title='bbox 637 1421 831 1474; x_wconf 80' lang='lat' dir='ltr'><strong>milites</strong></span> <span class='ocrx_word' id='word_1_98' title='bbox 879 1421 1121 1490; x_wconf 77' lang='lat' dir='ltr'><strong>ejusdem</strong></span> <span class='ocrx_word' id='word_1_99' title='bbox 1156 1425 1372 1493; x_wconf 79' lang='lat' dir='ltr'><strong>generis</strong></span> <span class='ocrx_word' id='word_1_100' title='bbox 1415 1423 1688 1496; x_wconf 76' lang='grc' dir='ltr'><strong>τζαγγρο-</strong></span> 
     </span>
    </p>
   </div>
   <div class='ocr_carea' id='block_1_14' title="bbox 152 1509 1688 1588">
    <p class='ocr_par' dir='ltr' id='par_1_14' title="bbox 152 1509 1688 1588">
     <span class='ocr_line' id='line_1_14' title="bbox 152 1509 1688 1588; baseline 0.007 -24"><span class='ocrx_word' id='word_1_101' title='bbox 152 1509 340 1581; x_wconf 76' lang='grc' dir='ltr'><strong>τοξότας</strong></span> <span class='ocrx_word' id='word_1_102' title='bbox 391 1520 567 1566; x_wconf 80' lang='lat' dir='ltr'><strong>vocat.</strong></span> <span class='ocrx_word' id='word_1_103' title='bbox 627 1511 856 1567; x_wconf 84' lang='lat' dir='ltr'><strong>Eosdem</strong></span> <span class='ocrx_word' id='word_1_104' title='bbox 921 1530 1087 1585; x_wconf 81' lang='lat' dir='ltr'><strong>porro</strong></span> <span class='ocrx_word' id='word_1_105' title='bbox 1121 1515 1399 1588; x_wconf 88' lang='lat' dir='ltr'><strong>proprium</strong></span> <span class='ocrx_word' id='word_1_106' title='bbox 1430 1519 1688 1574; x_wconf 77' lang='lat' dir='ltr'><strong>habuisse</strong></span> 
     </span>
    </p>
   </div>
   <div class='ocr_carea' id='block_1_15' title="bbox 153 1603 1685 1683">
    <p class='ocr_par' dir='ltr' id='par_1_15' title="bbox 153 1603 1685 1683">
     <span class='ocr_line' id='line_1_15' title="bbox 153 1603 1685 1683; baseline 0.008 -28"><span class='ocrx_word' id='word_1_107' title='bbox 153 1603 620 1675; x_wconf 72' lang='grc' dir='ltr'><strong>στρατοπεδάρχην,</strong></span> <span class='ocrx_word' id='word_1_108' title='bbox 657 1608 790 1659; x_wconf 81' lang='lat' dir='ltr'><strong>sicut</strong></span> <span class='ocrx_word' id='word_1_109' title='bbox 827 1606 916 1662; x_wconf 86' lang='lat' dir='ltr'><strong>hic</strong></span> <span class='ocrx_word' id='word_1_110' title='bbox 952 1609 1110 1662; x_wconf 83' lang='lat' dir='ltr'><strong>docet</strong></span> <span class='ocrx_word' id='word_1_111' title='bbox 1137 1607 1515 1683; x_wconf 80' lang='lat' dir='ltr'><strong>Pachynteres,</strong></span> <span class='ocrx_word' id='word_1_112' title='bbox 1551 1628 1685 1668; x_wconf 80' lang='lat' dir='ltr'><strong>cun-</strong></span> 
     </span>
    </p>
   </div>
   <div class='ocr_carea' id='block_1_16' title="bbox 152 1697 1686 1773">
    <p class='ocr_par' dir='ltr' id='par_1_16' title="bbox 152 1697 1686 1773">
     <span class='ocr_line' id='line_1_16' title="bbox 152 1697 1686 1773; baseline 0.005 -21"><span class='ocrx_word' id='word_1_113' title='bbox 152 1698 322 1764; x_wconf 87' lang='lat' dir='ltr'><strong>ﬁrntat,</strong></span> <span class='ocrx_word' id='word_1_114' title='bbox 377 1699 456 1753; x_wconf 87' lang='lat' dir='ltr'><strong>bis</strong></span> <span class='ocrx_word' id='word_1_115' title='bbox 515 1697 634 1768; x_wconf 87' lang='lat' dir='ltr'><strong>ejus</strong></span> <span class='ocrx_word' id='word_1_116' title='bbox 700 1701 1175 1773; x_wconf 74' lang='grc' dir='ltr'><strong>στρατοπεδάρχου</strong></span> <span class='ocrx_word' id='word_1_117' title='bbox 1236 1703 1565 1760; x_wconf 83' lang='lat' dir='ltr'><strong>mentionem</strong></span> <span class='ocrx_word' id='word_1_118' title='bbox 1601 1705 1686 1760; x_wconf 71' lang='lat' dir='ltr'><strong>fa-</strong></span> 
     </span>
    </p>
   </div>
   <div class='ocr_carea' id='block_1_17' title="bbox 149 1794 1684 1868">
    <p class='ocr_par' dir='ltr' id='par_1_17' title="bbox 149 1794 1684 1868">
     <span class='ocr_line' id='line_1_17' title="bbox 149 1794 1684 1868; baseline 0.003 -17"><span class='ocrx_word' id='word_1_119' title='bbox 149 1798 293 1859; x_wconf 88' lang='lat' dir='ltr'><strong>ciens,</strong></span> <span class='ocrx_word' id='word_1_120' title='bbox 324 1794 574 1850; x_wconf 89' lang='lat' dir='ltr'><strong>Codinus.</strong></span> <span class='ocrx_word' id='word_1_121' title='bbox 613 1794 717 1850; x_wconf 85' lang='lat' dir='ltr'><strong>Sed</strong></span> <span class='ocrx_word' id='word_1_122' title='bbox 771 1797 1056 1868; x_wconf 84' lang='lat' dir='ltr'><strong>utrobique</strong></span> <span class='ocrx_word' id='word_1_123' title='bbox 1087 1799 1338 1855; x_wconf 85' lang='lat' dir='ltr'><strong>mendum</strong></span> <span class='ocrx_word' id='word_1_124' title='bbox 1369 1811 1452 1857; x_wconf 74' lang='grc' dir='ltr'><strong>ρει</strong></span> <span class='ocrx_word' id='word_1_125' title='bbox 1479 1801 1684 1857; x_wconf 79' lang='lat' dir='ltr'><strong>librarii</strong></span> 
     </span>
    </p>
   </div>
   <div class='ocr_carea' id='block_1_18' title="bbox 146 1850 1758 1964">
    <p class='ocr_par' dir='ltr' id='par_1_18' title="bbox 146 1850 1758 1964">
     <span class='ocr_line' id='line_1_18' title="bbox 146 1850 1758 1964; baseline 0.009 -23"><span class='ocrx_word' id='word_1_126' title='bbox 146 1850 503 1960; x_wconf 46' lang='grc' dir='ltr'><strong>τζαγέατόρων</strong></span> <span class='ocrx_word' id='word_1_127' title='bbox 532 1905 630 1960; x_wconf 90' lang='lat' dir='ltr'><strong>pro</strong></span> <span class='ocrx_word' id='word_1_128' title='bbox 657 1850 1106 1964; x_wconf 49' lang='lat' dir='ltr'><strong>vianpavdlptov,</strong></span> <span class='ocrx_word' id='word_1_129' title='bbox 1139 1895 1215 1949; x_wconf 90' lang='lat' dir='ltr'><strong>ait</strong></span> <span class='ocrx_word' id='word_1_130' title='bbox 1249 1893 1543 1963; x_wconf 76' lang='lat' dir='ltr'><strong>Meursius,</strong></span> <span class='ocrx_word' id='word_1_131' title='bbox 1575 1895 1685 1954; x_wconf 88' lang='lat' dir='ltr'><strong>imo</strong></span> <span class='ocrx_word' id='word_1_132' title='bbox 1719 1850 1758 1905; x_wconf 71' lang='grc' dir='ltr'><strong>Β</strong></span> 
     </span>
    </p>
   </div>
   <div class='ocr_carea' id='block_1_19' title="bbox 147 1984 1685 2055">
    <p class='ocr_par' dir='ltr' id='par_1_19' title="bbox 147 1984 1685 2055">
     <span class='ocr_line' id='line_1_19' title="bbox 147 1984 1685 2055; baseline 0.007 -18"><span class='ocrx_word' id='word_1_133' title='bbox 147 1998 226 2055; x_wconf 90' lang='lat' dir='ltr'><strong>pro</strong></span> <span class='ocrx_word' id='word_1_134' title='bbox 265 1984 704 2054; x_wconf 76' lang='grc' dir='ltr'><strong>τζαγκρατόρων,</strong></span> <span class='ocrx_word' id='word_1_135' title='bbox 754 1988 1069 2044; x_wconf 84' lang='lat' dir='ltr'><strong>scribentis.</strong></span> <span class='ocrx_word' id='word_1_136' title='bbox 1124 1987 1183 2044; x_wconf 87' lang='lat' dir='ltr'><strong>In</strong></span> <span class='ocrx_word' id='word_1_137' title='bbox 1220 2005 1352 2046; x_wconf 87' lang='lat' dir='ltr'><strong>voce</strong></span> <span class='ocrx_word' id='word_1_138' title='bbox 1383 1991 1489 2048; x_wconf 87' lang='lat' dir='ltr'><strong>hac</strong></span> <span class='ocrx_word' id='word_1_139' title='bbox 1519 1993 1685 2048; x_wconf 88' lang='lat' dir='ltr'><strong>inter-</strong></span> 
     </span>
    </p>
   </div>
   <div class='ocr_carea' id='block_1_20' title="bbox 148 2077 1684 2156">
    <p class='ocr_par' dir='ltr' id='par_1_20' title="bbox 148 2077 1684 2156">
     <span class='ocr_line' id='line_1_20' title="bbox 148 2077 1684 2156; baseline 0.011 -31"><span class='ocrx_word' id='word_1_140' title='bbox 148 2077 369 2143; x_wconf 80' lang='lat' dir='ltr'><strong>pretanda</strong></span> <span class='ocrx_word' id='word_1_141' title='bbox 402 2095 506 2134; x_wconf 89' lang='lat' dir='ltr'><strong>non</strong></span> <span class='ocrx_word' id='word_1_142' title='bbox 535 2079 696 2134; x_wconf 87' lang='lat' dir='ltr'><strong>debui</strong></span> <span class='ocrx_word' id='word_1_143' title='bbox 729 2080 987 2138; x_wconf 87' lang='lat' dir='ltr'><strong>adbibere</strong></span> <span class='ocrx_word' id='word_1_144' title='bbox 1017 2084 1244 2156; x_wconf 75' lang='lat' dir='ltr'><strong>arquitae</strong></span> <span class='ocrx_word' id='word_1_145' title='bbox 1284 2095 1374 2142; x_wconf 90' lang='lat' dir='ltr'><strong>aut</strong></span> <span class='ocrx_word' id='word_1_146' title='bbox 1418 2085 1684 2156; x_wconf 75' lang='lat' dir='ltr'><strong>sagittarii</strong></span> 
     </span>
    </p>
   </div>
   <div class='ocr_carea' id='block_1_21' title="bbox 146 2170 1690 2248">
    <p class='ocr_par' dir='ltr' id='par_1_21' title="bbox 146 2170 1690 2248">
     <span class='ocr_line' id='line_1_21' title="bbox 146 2170 1690 2248; baseline 0.01 -27"><span class='ocrx_word' id='word_1_147' title='bbox 146 2171 400 2233; x_wconf 78' lang='lat' dir='ltr'><strong>vocabula.</strong></span> <span class='ocrx_word' id='word_1_148' title='bbox 435 2170 522 2244; x_wconf 84' lang='lat' dir='ltr'><strong>[P.</strong></span> <span class='ocrx_word' id='word_1_149' title='bbox 557 2172 687 2246; x_wconf 75' lang='lat' dir='ltr'><strong>5l2]</strong></span> <span class='ocrx_word' id='word_1_150' title='bbox 718 2191 839 2246; x_wconf 82' lang='lat' dir='ltr'><strong>quae</strong></span> <span class='ocrx_word' id='word_1_151' title='bbox 865 2177 1194 2248; x_wconf 88' lang='lat' dir='ltr'><strong>peculiarem</strong></span> <span class='ocrx_word' id='word_1_152' title='bbox 1239 2177 1471 2235; x_wconf 71' lang='lat' dir='ltr'><strong>formam</strong></span> <span class='ocrx_word' id='word_1_153' title='bbox 1509 2195 1690 2236; x_wconf 83' lang='lat' dir='ltr'><strong>armo-</strong></span> 
     </span>
    </p>
   </div>
   <div class='ocr_carea' id='block_1_22' title="bbox 148 2264 1687 2344">
    <p class='ocr_par' dir='ltr' id='par_1_22' title="bbox 148 2264 1687 2344">
     <span class='ocr_line' id='line_1_22' title="bbox 148 2264 1687 2344; baseline 0.009 -28"><span class='ocrx_word' id='word_1_154' title='bbox 148 2278 244 2316; x_wconf 87' lang='lat' dir='ltr'><strong>rum</strong></span> <span class='ocrx_word' id='word_1_155' title='bbox 289 2264 444 2336; x_wconf 88' lang='lat' dir='ltr'><strong>ltujus</strong></span> <span class='ocrx_word' id='word_1_156' title='bbox 473 2267 683 2322; x_wconf 89' lang='lat' dir='ltr'><strong>ordinis</strong></span> <span class='ocrx_word' id='word_1_157' title='bbox 713 2282 818 2323; x_wconf 89' lang='lat' dir='ltr'><strong>non</strong></span> <span class='ocrx_word' id='word_1_158' title='bbox 868 2269 1259 2340; x_wconf 81' lang='lat' dir='ltr'><strong>exprimerent.</strong></span> <span class='ocrx_word' id='word_1_159' title='bbox 1312 2269 1526 2328; x_wconf 80' lang='lat' dir='ltr'><strong>Retinui</strong></span> <span class='ocrx_word' id='word_1_160' title='bbox 1557 2286 1687 2344; x_wconf 67' lang='lat' dir='ltr'><strong>«rgo</strong></span> 
     </span>
    </p>
   </div>
   <div class='ocr_carea' id='block_1_23' title="bbox 145 2359 1578 2430">
    <p class='ocr_par' dir='ltr' id='par_1_23' title="bbox 145 2359 1578 2430">
     <span class='ocr_line' id='line_1_23' title="bbox 145 2359 1578 2430; baseline 0.012 -24"><span class='ocrx_word' id='word_1_161' title='bbox 145 2361 372 2424; x_wconf 84' lang='lat' dir='ltr'><strong>tanquam</strong></span> <span class='ocrx_word' id='word_1_162' title='bbox 411 2359 693 2428; x_wconf 87' lang='lat' dir='ltr'><strong>proprium</strong></span> <span class='ocrx_word' id='word_1_163' title='bbox 729 2359 884 2430; x_wconf 75' lang='lat' dir='ltr'><strong>vulgo</strong></span> <span class='ocrx_word' id='word_1_164' title='bbox 911 2370 1040 2416; x_wconf 89' lang='lat' dir='ltr'><strong>tunc</strong></span> <span class='ocrx_word' id='word_1_165' title='bbox 1071 2362 1325 2418; x_wconf 88' lang='lat' dir='ltr'><strong>usitatum</strong></span> <span class='ocrx_word' id='word_1_166' title='bbox 1360 2380 1578 2423; x_wconf 84' lang='lat' dir='ltr'><strong>nomen.</strong></span> 
     </span>
    </p>
   </div>
   <div class='ocr_carea' id='block_1_24' title="bbox 207 2451 1688 2528">
    <p class='ocr_par' dir='ltr' id='par_1_24' title="bbox 207 2451 1688 2528">
     <span class='ocr_line' id='line_1_24' title="bbox 207 2451 1688 2528; baseline 0.011 -26"><span class='ocrx_word' id='word_1_167' title='bbox 207 2451 407 2518; x_wconf 69' lang='grc' dir='ltr'>ηιισαί,</span> <span class='ocrx_word' id='word_1_168' title='bbox 439 2467 493 2522; x_wconf 93' lang='lat' dir='ltr'><strong>p.</strong></span> <span class='ocrx_word' id='word_1_169' title='bbox 520 2451 652 2508; x_wconf 75' lang='lat' dir='ltr'><strong>6H.</strong></span> <span class='ocrx_word' id='word_1_170' title='bbox 697 2451 834 2508; x_wconf 86' lang='lat' dir='ltr'><strong>Nota</strong></span> <span class='ocrx_word' id='word_1_171' title='bbox 861 2465 944 2510; x_wconf 87' lang='lat' dir='ltr'><strong>est</strong></span> <span class='ocrx_word' id='word_1_172' title='bbox 984 2457 1220 2527; x_wconf 76' lang='lat' dir='ltr'><strong>vulgaris</strong></span> <span class='ocrx_word' id='word_1_173' title='bbox 1264 2468 1502 2528; x_wconf 83' lang='lat' dir='ltr'><strong>potestas</strong></span> <span class='ocrx_word' id='word_1_174' title='bbox 1539 2461 1688 2518; x_wconf 80' lang='lat' dir='ltr'><strong>vocis</strong></span> 
     </span>
    </p>
   </div>
   <div class='ocr_carea' id='block_1_25' title="bbox 142 2544 1686 2624">
    <p class='ocr_par' dir='ltr' id='par_1_25' title="bbox 142 2544 1686 2624">
     <span class='ocr_line' id='line_1_25' title="bbox 142 2544 1686 2624; baseline 0.01 -28"><span class='ocrx_word' id='word_1_175' title='bbox 142 2544 278 2615; x_wconf 76' lang='grc' dir='ltr'>τριϐὴ</span> <span class='ocrx_word' id='word_1_176' title='bbox 312 2545 535 2616; x_wconf 82' lang='lat' dir='ltr'><strong>duplex;</strong></span> <span class='ocrx_word' id='word_1_177' title='bbox 580 2564 700 2601; x_wconf 90' lang='lat' dir='ltr'><strong>nam</strong></span> <span class='ocrx_word' id='word_1_178' title='bbox 738 2557 792 2602; x_wconf 88' lang='lat' dir='ltr'><strong>et</strong></span> <span class='ocrx_word' id='word_1_179' title='bbox 837 2564 992 2605; x_wconf 89' lang='lat' dir='ltr'><strong>usum</strong></span> <span class='ocrx_word' id='word_1_180' title='bbox 1047 2553 1442 2610; x_wconf 61' lang='lat' dir='ltr'><strong>exercitatione</strong></span> <span class='ocrx_word' id='word_1_181' title='bbox 1473 2568 1686 2624; x_wconf 83' lang='lat' dir='ltr'><strong>partum</strong></span> 
     </span>
    </p>
   </div>
   <div class='ocr_carea' id='block_1_26' title="bbox 141 2645 1690 2717">
    <p class='ocr_par' dir='ltr' id='par_1_26' title="bbox 141 2645 1690 2717">
     <span class='ocr_line' id='line_1_26' title="bbox 141 2645 1690 2717; baseline 0.012 -27"><span class='ocrx_word' id='word_1_182' title='bbox 141 2647 184 2690; x_wconf 90' lang='lat' dir='ltr'><strong>ct</strong></span> <span class='ocrx_word' id='word_1_183' title='bbox 233 2655 426 2695; x_wconf 87' lang='lat' dir='ltr'><strong>moram</strong></span> <span class='ocrx_word' id='word_1_184' title='bbox 459 2650 554 2696; x_wconf 87' lang='lat' dir='ltr'><strong>aut</strong></span> <span class='ocrx_word' id='word_1_185' title='bbox 591 2645 993 2699; x_wconf 79' lang='lat' dir='ltr'><strong>cunctationem</strong></span> <span class='ocrx_word' id='word_1_186' title='bbox 1020 2645 1172 2717; x_wconf 86' lang='lat' dir='ltr'><strong>apud</strong></span> <span class='ocrx_word' id='word_1_187' title='bbox 1223 2657 1470 2705; x_wconf 87' lang='lat' dir='ltr'><strong>auctores</strong></span> <span class='ocrx_word' id='word_1_188' title='bbox 1495 2650 1690 2707; x_wconf 79' lang='lat' dir='ltr'><strong>classi-</strong></span> 
     </span>
    </p>
   </div>
   <div class='ocr_carea' id='block_1_27' title="bbox 146 2735 1692 2815">
    <p class='ocr_par' dir='ltr' id='par_1_27' title="bbox 146 2735 1692 2815">
     <span class='ocr_line' id='line_1_27' title="bbox 146 2735 1692 2815; baseline 0.008 -26"><span class='ocrx_word' id='word_1_189' title='bbox 146 2746 224 2789; x_wconf 80' lang='lat' dir='ltr'><strong>cos</strong></span> <span class='ocrx_word' id='word_1_190' title='bbox 267 2745 449 2801; x_wconf 84' lang='lat' dir='ltr'><strong>sonat;</strong></span> <span class='ocrx_word' id='word_1_191' title='bbox 503 2735 646 2804; x_wconf 87' lang='lat' dir='ltr'><strong>quod</strong></span> <span class='ocrx_word' id='word_1_192' title='bbox 675 2746 963 2806; x_wconf 90' lang='lat' dir='ltr'><strong>utrumqtte</strong></span> <span class='ocrx_word' id='word_1_193' title='bbox 987 2739 1228 2795; x_wconf 82' lang='lat' dir='ltr'><strong>breviter</strong></span> <span class='ocrx_word' id='word_1_194' title='bbox 1264 2741 1567 2815; x_wconf 77' lang='lat' dir='ltr'><strong>Hesychius</strong></span> <span class='ocrx_word' id='word_1_195' title='bbox 1593 2760 1692 2801; x_wconf 81' lang='lat' dir='ltr'><strong>ex-</strong></span> 
     </span>
    </p>
   </div>
   <div class='ocr_carea' id='block_1_28' title="bbox 146 2829 1695 2912">
    <p class='ocr_par' dir='ltr' id='par_1_28' title="bbox 146 2829 1695 2912">
     <span class='ocr_line' id='line_1_28' title="bbox 146 2829 1695 2912; baseline 0.01 -31"><span class='ocrx_word' id='word_1_196' title='bbox 146 2829 341 2897; x_wconf 84' lang='lat' dir='ltr'><strong>pressit,</strong></span> <span class='ocrx_word' id='word_1_197' title='bbox 395 2830 521 2885; x_wconf 91' lang='lat' dir='ltr'><strong>dnm</strong></span> <span class='ocrx_word' id='word_1_198' title='bbox 579 2830 740 2903; x_wconf 77' lang='grc' dir='ltr'>τριδὴ</span> <span class='ocrx_word' id='word_1_199' title='bbox 797 2832 1033 2903; x_wconf 78' lang='lat' dir='ltr'><strong>explicat</strong></span> <span class='ocrx_word' id='word_1_200' title='bbox 1091 2832 1342 2910; x_wconf 75' lang='grc' dir='ltr'><strong>διατριϐὴ</strong></span> <span class='ocrx_word' id='word_1_201' title='bbox 1404 2838 1435 2909; x_wconf 84' lang='grc' dir='ltr'>ἤ</span> <span class='ocrx_word' id='word_1_202' title='bbox 1492 2839 1695 2912; x_wconf 59' lang='lat' dir='ltr'><strong>ppella-</strong></span> 
     </span>
    </p>
   </div>
   <div class='ocr_carea' id='block_1_29' title="bbox 142 2923 1694 2996">
    <p class='ocr_par' dir='ltr' id='par_1_29' title="bbox 142 2923 1694 2996">
     <span class='ocr_line' id='line_1_29' title="bbox 142 2923 1694 2996; baseline 0.009 -19"><span class='ocrx_word' id='word_1_203' title='bbox 142 2939 244 2990; x_wconf 78' lang='grc' dir='ltr'><strong>της.</strong></span> <span class='ocrx_word' id='word_1_204' title='bbox 272 2923 374 2980; x_wconf 83' lang='lat' dir='ltr'><strong>Sed</strong></span> <span class='ocrx_word' id='word_1_205' title='bbox 412 2925 501 2981; x_wconf 88' lang='lat' dir='ltr'><strong>hic</strong></span> <span class='ocrx_word' id='word_1_206' title='bbox 556 2938 744 2982; x_wconf 84' lang='lat' dir='ltr'><strong>noster</strong></span> <span class='ocrx_word' id='word_1_207' title='bbox 789 2926 995 2996; x_wconf 82' lang='lat' dir='ltr'><strong>plurali</strong></span> <span class='ocrx_word' id='word_1_208' title='bbox 1061 2946 1285 2986; x_wconf 87' lang='lat' dir='ltr'><strong>munero</strong></span> <span class='ocrx_word' id='word_1_209' title='bbox 1316 2948 1503 2988; x_wconf 86' lang='lat' dir='ltr'><strong>vocem</strong></span> <span class='ocrx_word' id='word_1_210' title='bbox 1555 2935 1694 2992; x_wconf 87' lang='lat' dir='ltr'><strong>hanc</strong></span> 
     </span>
    </p>
   </div>
   <div class='ocr_carea' id='block_1_30' title="bbox 145 3018 1688 3094">
    <p class='ocr_par' dir='ltr' id='par_1_30' title="bbox 145 3018 1688 3094">
     <span class='ocr_line' id='line_1_30' title="bbox 145 3018 1688 3094; baseline 0.011 -27"><span class='ocrx_word' id='word_1_211' title='bbox 145 3029 343 3086; x_wconf 82' lang='lat' dir='ltr'><strong>usurpat</strong></span> <span class='ocrx_word' id='word_1_212' title='bbox 388 3018 677 3087; x_wconf 85' lang='lat' dir='ltr'><strong>peculiari,</strong></span> <span class='ocrx_word' id='word_1_213' title='bbox 714 3023 767 3076; x_wconf 85' lang='lat' dir='ltr'><strong>nl</strong></span> <span class='ocrx_word' id='word_1_214' title='bbox 804 3018 978 3084; x_wconf 76' lang='lat' dir='ltr'><strong>fallor,</strong></span> <span class='ocrx_word' id='word_1_215' title='bbox 1011 3021 1254 3089; x_wconf 89' lang='lat' dir='ltr'><strong>notione,</strong></span> <span class='ocrx_word' id='word_1_216' title='bbox 1289 3038 1387 3094; x_wconf 89' lang='lat' dir='ltr'><strong>pro</strong></span> <span class='ocrx_word' id='word_1_217' title='bbox 1434 3024 1688 3084; x_wconf 82' lang='lat' dir='ltr'><strong>induciis.</strong></span> 
     </span>
    </p>
   </div>
   <div class='ocr_carea' id='block_1_31' title="bbox 145 3107 1694 3189">
    <p class='ocr_par' dir='ltr' id='par_1_31' title="bbox 145 3107 1694 3189">
     <span class='ocr_line' id='line_1_31' title="bbox 145 3107 1694 3189; baseline 0.007 -25"><span class='ocrx_word' id='word_1_218' title='bbox 145 3107 398 3169; x_wconf 84' lang='lat' dir='ltr'><strong>Sententia</strong></span> <span class='ocrx_word' id='word_1_219' title='bbox 426 3113 630 3185; x_wconf 89' lang='lat' dir='ltr'><strong>quippe</strong></span> <span class='ocrx_word' id='word_1_220' title='bbox 662 3113 762 3170; x_wconf 89' lang='lat' dir='ltr'><strong>loci</strong></span> <span class='ocrx_word' id='word_1_221' title='bbox 809 3115 924 3171; x_wconf 68' lang='lat' dir='ltr'><strong>haec</strong></span> <span class='ocrx_word' id='word_1_222' title='bbox 954 3109 1166 3170; x_wconf 84' lang='lat' dir='ltr'><strong>videtur</strong></span> <span class='ocrx_word' id='word_1_223' title='bbox 1201 3131 1342 3182; x_wconf 87' lang='lat' dir='ltr'><strong>esse,</strong></span> <span class='ocrx_word' id='word_1_224' title='bbox 1397 3117 1694 3189; x_wconf 87' lang='lat' dir='ltr'><strong>imperato-</strong></span> 
     </span>
    </p>
   </div>
   <div class='ocr_carea' id='block_1_32' title="bbox 145 3209 1764 3287">
    <p class='ocr_par' dir='ltr' id='par_1_32' title="bbox 145 3209 1764 3287">
     <span class='ocr_line' id='line_1_32' title="bbox 145 3209 1764 3287; baseline 0.008 -30"><span class='ocrx_word' id='word_1_225' title='bbox 145 3219 242 3258; x_wconf 88' lang='lat' dir='ltr'><strong>rem</strong></span> <span class='ocrx_word' id='word_1_226' title='bbox 265 3217 425 3262; x_wconf 86' lang='lat' dir='ltr'><strong>totutn</strong></span> <span class='ocrx_word' id='word_1_227' title='bbox 452 3209 721 3264; x_wconf 90' lang='lat' dir='ltr'><strong>intentum</strong></span> <span class='ocrx_word' id='word_1_228' title='bbox 753 3209 1024 3277; x_wconf 88' lang='lat' dir='ltr'><strong>hostibus,</strong></span> <span class='ocrx_word' id='word_1_229' title='bbox 1054 3225 1082 3264; x_wconf 88' lang='lat' dir='ltr'><strong>a</strong></span> <span class='ocrx_word' id='word_1_230' title='bbox 1111 3211 1303 3282; x_wconf 86' lang='lat' dir='ltr'><strong>quibus</strong></span> <span class='ocrx_word' id='word_1_231' title='bbox 1332 3227 1360 3265; x_wconf 94' lang='lat' dir='ltr'><strong>e</strong></span> <span class='ocrx_word' id='word_1_232' title='bbox 1387 3214 1692 3284; x_wconf 90' lang='lat' dir='ltr'><strong>propinquo</strong></span> <span class='ocrx_word' id='word_1_233' title='bbox 1721 3229 1764 3287; x_wconf 72' lang='grc' dir='ltr'>ο</span> 
     </span>
    </p>
   </div>
   <div class='ocr_carea' id='block_1_33' title="bbox 145 3301 1692 3373">
    <p class='ocr_par' dir='ltr' id='par_1_33' title="bbox 145 3301 1692 3373">
     <span class='ocr_line' id='line_1_33' title="bbox 145 3301 1692 3373; baseline 0.007 -22"><span class='ocrx_word' id='word_1_234' title='bbox 145 3301 403 3358; x_wconf 86' lang='lat' dir='ltr'><strong>molestius</strong></span> <span class='ocrx_word' id='word_1_235' title='bbox 434 3301 746 3372; x_wconf 81' lang='lat' dir='ltr'><strong>urgebatur,</strong></span> <span class='ocrx_word' id='word_1_236' title='bbox 783 3304 1163 3373; x_wconf 84' lang='lat' dir='ltr'><strong>reprimendis.</strong></span> <span class='ocrx_word' id='word_1_237' title='bbox 1203 3305 1446 3361; x_wconf 86' lang='lat' dir='ltr'><strong>inducias</strong></span> <span class='ocrx_word' id='word_1_238' title='bbox 1479 3306 1692 3363; x_wconf 86' lang='lat' dir='ltr'><strong>interim</strong></span> 
     </span>
    </p>
   </div>
   <div class='ocr_carea' id='block_1_34' title="bbox 143 3396 1690 3472">
    <p class='ocr_par' dir='ltr' id='par_1_34' title="bbox 143 3396 1690 3472">
     <span class='ocr_line' id='line_1_34' title="bbox 143 3396 1690 3472; baseline 0.008 -26"><span class='ocrx_word' id='word_1_239' title='bbox 143 3396 267 3451; x_wconf 86' lang='lat' dir='ltr'><strong>velut</strong></span> <span class='ocrx_word' id='word_1_240' title='bbox 298 3400 554 3467; x_wconf 86' lang='lat' dir='ltr'><strong>quasdam</strong></span> <span class='ocrx_word' id='word_1_241' title='bbox 588 3399 927 3455; x_wconf 87' lang='lat' dir='ltr'><strong>concessisse</strong></span> <span class='ocrx_word' id='word_1_242' title='bbox 957 3396 1142 3456; x_wconf 81' lang='lat' dir='ltr'><strong>Persis</strong></span> <span class='ocrx_word' id='word_1_243' title='bbox 1194 3417 1291 3472; x_wconf 86' lang='lat' dir='ltr'><strong>per</strong></span> <span class='ocrx_word' id='word_1_244' title='bbox 1336 3409 1543 3456; x_wconf 88' lang='lat' dir='ltr'><strong>tractus</strong></span> <span class='ocrx_word' id='word_1_245' title='bbox 1589 3403 1690 3458; x_wconf 83' lang='lat' dir='ltr'><strong>im-</strong></span> 
     </span>
    </p>
   </div>
   <div class='ocr_carea' id='block_1_35' title="bbox 144 3489 1695 3562">
    <p class='ocr_par' dir='ltr' id='par_1_35' title="bbox 144 3489 1695 3562">
     <span class='ocr_line' id='line_1_35' title="bbox 144 3489 1695 3562; baseline 0.004 -18"><span class='ocrx_word' id='word_1_246' title='bbox 144 3489 259 3558; x_wconf 82' lang='lat' dir='ltr'><strong>perii</strong></span> <span class='ocrx_word' id='word_1_247' title='bbox 304 3490 606 3547; x_wconf 86' lang='lat' dir='ltr'><strong>Orientales</strong></span> <span class='ocrx_word' id='word_1_248' title='bbox 635 3492 1032 3562; x_wconf 80' lang='lat' dir='ltr'><strong>grassantibus,</strong></span> <span class='ocrx_word' id='word_1_249' title='bbox 1072 3493 1206 3549; x_wconf 86' lang='lat' dir='ltr'><strong>nihil</strong></span> <span class='ocrx_word' id='word_1_250' title='bbox 1234 3505 1423 3550; x_wconf 85' lang='lat' dir='ltr'><strong>contra</strong></span> <span class='ocrx_word' id='word_1_251' title='bbox 1457 3513 1550 3551; x_wconf 89' lang='lat' dir='ltr'><strong>eos</strong></span> <span class='ocrx_word' id='word_1_252' title='bbox 1582 3512 1695 3550; x_wconf 85' lang='lat' dir='ltr'><strong>tuo-</strong></span> 
     </span>
    </p>
   </div>
   <div class='ocr_carea' id='block_1_36' title="bbox 139 3581 1692 3659">
    <p class='ocr_par' dir='ltr' id='par_1_36' title="bbox 139 3581 1692 3659">
     <span class='ocr_line' id='line_1_36' title="bbox 139 3581 1692 3659; baseline 0.006 -25"><span class='ocrx_word' id='word_1_253' title='bbox 139 3581 322 3649; x_wconf 79' lang='lat' dir='ltr'><strong>lit-udo,</strong></span> <span class='ocrx_word' id='word_1_254' title='bbox 351 3587 532 3656; x_wconf 83' lang='lat' dir='ltr'><strong>quoad</strong></span> <span class='ocrx_word' id='word_1_255' title='bbox 571 3585 711 3640; x_wconf 88' lang='lat' dir='ltr'><strong>malo</strong></span> <span class='ocrx_word' id='word_1_256' title='bbox 747 3585 996 3640; x_wconf 82' lang='lat' dir='ltr'><strong>viciniori</strong></span> <span class='ocrx_word' id='word_1_257' title='bbox 1029 3594 1084 3640; x_wconf 85' lang='lat' dir='ltr'><strong>et</strong></span> <span class='ocrx_word' id='word_1_258' title='bbox 1115 3587 1168 3643; x_wconf 86' lang='lat' dir='ltr'><strong>in</strong></span> <span class='ocrx_word' id='word_1_259' title='bbox 1203 3587 1324 3642; x_wconf 90' lang='lat' dir='ltr'><strong>sinu</strong></span> <span class='ocrx_word' id='word_1_260' title='bbox 1382 3591 1577 3657; x_wconf 90' lang='lat' dir='ltr'><strong>posito,</strong></span> <span class='ocrx_word' id='word_1_261' title='bbox 1605 3592 1692 3659; x_wconf 81' lang='grc' dir='ltr'><strong>ὲγ-</strong></span> 
     </span>
    </p>
   </div>
   <div class='ocr_carea' id='block_1_37' title="bbox 141 3671 1692 3753">
    <p class='ocr_par' dir='ltr' id='par_1_37' title="bbox 141 3671 1692 3753">
     <span class='ocr_line' id='line_1_37' title="bbox 141 3671 1692 3753; baseline 0.005 -23"><span class='ocrx_word' id='word_1_262' title='bbox 141 3677 356 3748; x_wconf 71' lang='grc' dir='ltr'><strong>κολπῐῳ,</strong></span> <span class='ocrx_word' id='word_1_263' title='bbox 394 3681 729 3734; x_wconf 79' lang='lat' dir='ltr'><strong>mederetur.</strong></span> <span class='ocrx_word' id='word_1_264' title='bbox 785 3679 1046 3746; x_wconf 84' lang='lat' dir='ltr'><strong>Suspicor</strong></span> <span class='ocrx_word' id='word_1_265' title='bbox 1077 3671 1207 3750; x_wconf 75' lang='lat' dir='ltr'><strong>ergo</strong></span> <span class='ocrx_word' id='word_1_266' title='bbox 1233 3680 1288 3736; x_wconf 92' lang='lat' dir='ltr'><strong>in</strong></span> <span class='ocrx_word' id='word_1_267' title='bbox 1321 3697 1418 3736; x_wconf 89' lang='lat' dir='ltr'><strong>usu</strong></span> <span class='ocrx_word' id='word_1_268' title='bbox 1451 3683 1692 3753; x_wconf 87' lang='lat' dir='ltr'><strong>populari</strong></span> 
     </span>
    </p>
   </div>
   <div class='ocr_carea' id='block_1_38' title="bbox 140 3768 1696 3850">
    <p class='ocr_par' dir='ltr' id='par_1_38' title="bbox 140 3768 1696 3850">
     <span class='ocr_line' id='line_1_38' title="bbox 140 3768 1696 3850; baseline 0.003 -25"><span class='ocrx_word' id='word_1_269' title='bbox 140 3768 430 3828; x_wconf 77' lang='lat' dir='ltr'><strong>Grtecorum</strong></span> <span class='ocrx_word' id='word_1_270' title='bbox 463 3771 911 3845; x_wconf 75' lang='lat' dir='ltr'><strong>Byzantinorum</strong></span> <span class='ocrx_word' id='word_1_271' title='bbox 972 3772 1139 3828; x_wconf 75' lang='lat' dir='ltr'><strong>fuisse</strong></span> <span class='ocrx_word' id='word_1_272' title='bbox 1193 3773 1520 3830; x_wconf 77' lang='lat' dir='ltr'><strong>vocabulum</strong></span> <span class='ocrx_word' id='word_1_273' title='bbox 1578 3794 1696 3850; x_wconf 79' lang='grc' dir='ltr'>τρι-</span> 
     </span>
    </p>
   </div>
   <div class='ocr_carea' id='block_1_39' title="bbox 141 3862 1692 3936">
    <p class='ocr_par' dir='ltr' id='par_1_39' title="bbox 141 3862 1692 3936">
     <span class='ocr_line' id='line_1_39' title="bbox 141 3862 1692 3936; baseline 0.006 -21"><span class='ocrx_word' id='word_1_274' title='bbox 141 3862 220 3917; x_wconf 77' lang='grc' dir='ltr'><strong>σαὶ</strong></span> <span class='ocrx_word' id='word_1_275' title='bbox 247 3866 308 3920; x_wconf 90' lang='lat' dir='ltr'><strong>ad</strong></span> <span class='ocrx_word' id='word_1_276' title='bbox 333 3864 752 3936; x_wconf 72' lang='lat' dir='ltr'><strong>signitiéandnm</strong></span> <span class='ocrx_word' id='word_1_277' title='bbox 781 3864 921 3936; x_wconf 91' lang='lat' dir='ltr'><strong>quod</strong></span> <span class='ocrx_word' id='word_1_278' title='bbox 945 3862 1121 3920; x_wconf 86' lang='lat' dir='ltr'><strong>Latini</strong></span> <span class='ocrx_word' id='word_1_279' title='bbox 1150 3865 1390 3922; x_wconf 73' lang='lat' dir='ltr'><strong>inducias</strong></span> <span class='ocrx_word' id='word_1_280' title='bbox 1419 3868 1692 3926; x_wconf 71' lang='lat' dir='ltr'><strong>dixerunt.</strong></span> 
     </span>
    </p>
   </div>
   <div class='ocr_carea' id='block_1_40' title="bbox 142 3955 1695 4030">
    <p class='ocr_par' dir='ltr' id='par_1_40' title="bbox 142 3955 1695 4030">
     <span class='ocr_line' id='line_1_40' title="bbox 142 3955 1695 4030; baseline 0.005 -22"><span class='ocrx_word' id='word_1_281' title='bbox 142 3955 632 4027; x_wconf 72' lang='lat' dir='ltr'><strong>Argumentnmque</strong></span> <span class='ocrx_word' id='word_1_282' title='bbox 696 3957 814 4028; x_wconf 84' lang='lat' dir='ltr'><strong>ejus</strong></span> <span class='ocrx_word' id='word_1_283' title='bbox 869 3972 1024 4013; x_wconf 88' lang='lat' dir='ltr'><strong>sumo</strong></span> <span class='ocrx_word' id='word_1_284' title='bbox 1053 3971 1117 4012; x_wconf 87' lang='lat' dir='ltr'><strong>ex</strong></span> <span class='ocrx_word' id='word_1_285' title='bbox 1175 3959 1337 4030; x_wconf 72' lang='grc'><strong>722</strong></span> <span class='ocrx_word' id='word_1_286' title='bbox 1371 3975 1501 4014; x_wconf 86' lang='lat' dir='ltr'><strong>voce</strong></span> <span class='ocrx_word' id='word_1_287' title='bbox 1535 3958 1695 4016; x_wconf 86' lang='lat' dir='ltr'><strong>hodie</strong></span> 
     </span>
    </p>
   </div>
   <div class='ocr_carea' id='block_1_41' title="bbox 143 4038 1695 4122">
    <p class='ocr_par' dir='ltr' id='par_1_41' title="bbox 143 4038 1695 4122">
     <span class='ocr_line' id='line_1_41' title="bbox 143 4038 1695 4122; baseline 0.002 -16"><span class='ocrx_word' id='word_1_288' title='bbox 143 4048 328 4108; x_wconf 81' lang='lat' dir='ltr'><strong>Gallica</strong></span> <span class='ocrx_word' id='word_1_289' title='bbox 367 4038 552 4109; x_wconf 65' lang='lat' dir='ltr'><strong>tritas</strong></span> <span class='ocrx_word' id='word_1_290' title='bbox 583 4051 723 4108; x_wconf 88' lang='lat' dir='ltr'><strong>idem</strong></span> <span class='ocrx_word' id='word_1_291' title='bbox 759 4050 995 4119; x_wconf 87' lang='lat' dir='ltr'><strong>valente,</strong></span> <span class='ocrx_word' id='word_1_292' title='bbox 1041 4068 1202 4121; x_wconf 83' lang='lat' dir='ltr'><strong>quam</strong></span> <span class='ocrx_word' id='word_1_293' title='bbox 1234 4063 1361 4122; x_wconf 91' lang='lat' dir='ltr'><strong>puto</strong></span> <span class='ocrx_word' id='word_1_294' title='bbox 1391 4068 1418 4106; x_wconf 79' lang='grc' dir='ltr'><strong>α</strong></span> <span class='ocrx_word' id='word_1_295' title='bbox 1468 4052 1695 4110; x_wconf 85' lang='lat' dir='ltr'><strong>Francis</strong></span> 
     </span>
    </p>
   </div>
   <div class='ocr_carea' id='block_1_42' title="bbox 140 4145 1694 4216">
    <p class='ocr_par' dir='ltr' id='par_1_42' title="bbox 140 4145 1694 4216">
     <span class='ocr_line' id='line_1_42' title="bbox 140 4145 1694 4216; baseline 0.003 -18"><span class='ocrx_word' id='word_1_296' title='bbox 140 4147 409 4203; x_wconf 81' lang='lat' dir='ltr'><strong>occasione</strong></span> <span class='ocrx_word' id='word_1_297' title='bbox 442 4161 726 4204; x_wconf 82' lang='lat' dir='ltr'><strong>sacrarum</strong></span> <span class='ocrx_word' id='word_1_298' title='bbox 756 4145 1160 4216; x_wconf 83' lang='lat' dir='ltr'><strong>expeditionum</strong></span> <span class='ocrx_word' id='word_1_299' title='bbox 1186 4147 1279 4202; x_wconf 88' lang='lat' dir='ltr'><strong>diu</strong></span> <span class='ocrx_word' id='word_1_300' title='bbox 1315 4146 1422 4202; x_wconf 87' lang='lat' dir='ltr'><strong>illic</strong></span> <span class='ocrx_word' id='word_1_301' title='bbox 1461 4149 1694 4203; x_wconf 81' lang='lat' dir='ltr'><strong>versatis</strong></span> 
     </span>
    </p>
   </div>
   <div class='ocr_carea' id='block_1_43' title="bbox 144 4235 877 4308">
    <p class='ocr_par' dir='ltr' id='par_1_43' title="bbox 144 4235 877 4308">
     <span class='ocr_line' id='line_1_43' title="bbox 144 4235 877 4308; baseline 0.005 -19"><span class='ocrx_word' id='word_1_302' title='bbox 144 4235 252 4291; x_wconf 77' lang='lat' dir='ltr'><strong>inde</strong></span> <span class='ocrx_word' id='word_1_303' title='bbox 278 4239 497 4293; x_wconf 84' lang='lat' dir='ltr'><strong>relatam</strong></span> <span class='ocrx_word' id='word_1_304' title='bbox 514 4279 519 4283; x_wconf 85' lang='lat'><strong>.</strong></span> <span class='ocrx_word' id='word_1_305' title='bbox 537 4237 592 4294; x_wconf 89' lang='lat' dir='ltr'><strong>in</strong></span> <span class='ocrx_word' id='word_1_306' title='bbox 628 4238 877 4308; x_wconf 87' lang='lat' dir='ltr'><strong>patriam.</strong></span> 
     </span>
    </p>
   </div>
   <div class='ocr_carea' id='block_1_44' title="bbox 209 4329 1693 4404">
    <p class='ocr_par' dir='ltr' id='par_1_44' title="bbox 209 4329 1693 4404">
     <span class='ocr_line' id='line_1_44' title="bbox 209 4329 1693 4404; baseline 0 -19"><span class='ocrx_word' id='word_1_307' title='bbox 209 4329 594 4404; x_wconf 78' lang='grc' dir='ltr'><strong>Ὑπέρπυρον,</strong></span> <span class='ocrx_word' id='word_1_308' title='bbox 626 4347 680 4402; x_wconf 91' lang='lat' dir='ltr'><strong>p.</strong></span> <span class='ocrx_word' id='word_1_309' title='bbox 723 4331 846 4389; x_wconf 72' lang='grc' dir='ltr'><strong>διδ.</strong></span> <span class='ocrx_word' id='word_1_310' title='bbox 898 4330 1089 4388; x_wconf 80' lang='lat' dir='ltr'><strong>Merito</strong></span> <span class='ocrx_word' id='word_1_311' title='bbox 1143 4331 1316 4388; x_wconf 75' lang='lat' dir='ltr'><strong>elevat</strong></span> <span class='ocrx_word' id='word_1_312' title='bbox 1350 4333 1693 4403; x_wconf 76' lang='lat' dir='ltr'><strong>largitionem</strong></span> 
     </span>
    </p>
   </div>
   <div class='ocr_carea' id='block_1_45' title="bbox 141 4425 1694 4501">
    <p class='ocr_par' dir='ltr' id='par_1_45' title="bbox 141 4425 1694 4501">
     <span class='ocr_line' id='line_1_45' title="bbox 141 4425 1694 4501; baseline 0.002 -21"><span class='ocrx_word' id='word_1_313' title='bbox 141 4439 221 4480; x_wconf 84' lang='lat' dir='ltr'><strong>sex</strong></span> <span class='ocrx_word' id='word_1_314' title='bbox 249 4428 696 4501; x_wconf 78' lang='lat' dir='ltr'><strong>byperpyrorum,</strong></span> <span class='ocrx_word' id='word_1_315' title='bbox 732 4425 802 4491; x_wconf 88' lang='lat' dir='ltr'><strong>si,</strong></span> <span class='ocrx_word' id='word_1_316' title='bbox 846 4426 988 4498; x_wconf 90' lang='lat' dir='ltr'><strong>quod</strong></span> <span class='ocrx_word' id='word_1_317' title='bbox 1015 4441 1079 4481; x_wconf 74' lang='lat' dir='ltr'><strong>ex</strong></span> <span class='ocrx_word' id='word_1_318' title='bbox 1109 4425 1296 4482; x_wconf 72' lang='lat' dir='ltr'><strong>Grmco</strong></span> <span class='ocrx_word' id='word_1_319' title='bbox 1345 4428 1559 4484; x_wconf 88' lang='lat' dir='ltr'><strong>homine</strong></span> <span class='ocrx_word' id='word_1_320' title='bbox 1592 4427 1694 4483; x_wconf 86' lang='lat' dir='ltr'><strong>lide</strong></span> 
     </span>
    </p>
   </div>
   <div class='ocr_carea' id='block_1_46' title="bbox 142 4519 1689 4593">
    <p class='ocr_par' dir='ltr' id='par_1_46' title="bbox 142 4519 1689 4593">
     <span class='ocr_line' id='line_1_46' title="bbox 142 4519 1689 4593; baseline 0.003 -21"><span class='ocrx_word' id='word_1_321' title='bbox 142 4519 445 4590; x_wconf 72' lang='lat' dir='ltr'><strong>dignissimo</strong></span> <span class='ocrx_word' id='word_1_322' title='bbox 470 4520 678 4586; x_wconf 90' lang='lat' dir='ltr'><strong>audivi,</strong></span> <span class='ocrx_word' id='word_1_323' title='bbox 707 4521 1026 4592; x_wconf 79' lang='grc' dir='ltr'><strong>ὑπέρπυρον</strong></span> <span class='ocrx_word' id='word_1_324' title='bbox 1060 4521 1369 4576; x_wconf 85' lang='lat' dir='ltr'><strong>nnmntulus</strong></span> <span class='ocrx_word' id='word_1_325' title='bbox 1394 4532 1473 4576; x_wconf 86' lang='lat' dir='ltr'><strong>est</strong></span> <span class='ocrx_word' id='word_1_326' title='bbox 1496 4538 1689 4593; x_wconf 78' lang='lat' dir='ltr'><strong>argen-</strong></span> 
     </span>
    </p>
   </div>
   <div class='ocr_carea' id='block_1_47' title="bbox 1784 579 3364 658">
    <p class='ocr_par' dir='ltr' id='par_1_47' title="bbox 1784 579 3364 658">
     <span class='ocr_line' id='line_1_47' title="bbox 1784 579 3364 658; baseline 0.004 -24"><span class='ocrx_word' id='word_1_327' title='bbox 1784 579 1957 636; x_wconf 67' lang='lat' dir='ltr'><strong>Annz</strong></span> <span class='ocrx_word' id='word_1_328' title='bbox 1981 580 2318 647; x_wconf 83' lang='lat' dir='ltr'><strong>Contmcnae,</strong></span> <span class='ocrx_word' id='word_1_329' title='bbox 2353 583 2391 642; x_wconf 88' lang='lat' dir='ltr'><strong>l.</strong></span> <span class='ocrx_word' id='word_1_330' title='bbox 2422 598 2516 639; x_wconf 87' lang='lat' dir='ltr'><strong>xnt</strong></span> <span class='ocrx_word' id='word_1_331' title='bbox 2552 583 2845 650; x_wconf 65' lang='lat' dir='ltr'><strong>Alexiadis,</strong></span> <span class='ocrx_word' id='word_1_332' title='bbox 2877 600 2927 657; x_wconf 90' lang='lat' dir='ltr'><strong>p.</strong></span> <span class='ocrx_word' id='word_1_333' title='bbox 2961 585 3063 642; x_wconf 74' lang='lat'><strong>377</strong></span> <span class='ocrx_word' id='word_1_334' title='bbox 3102 604 3116 640; x_wconf 86' lang='lat'><strong>:</strong></span> <span class='ocrx_word' id='word_1_335' title='bbox 3149 585 3364 658; x_wconf 62' lang='grc' dir='ltr'><strong>Φάμουη</strong></span> 
     </span>
    </p>
   </div>
   <div class='ocr_carea' id='block_1_48' title="bbox 1791 676 3362 757">
    <p class='ocr_par' dir='ltr' id='par_1_48' title="bbox 1791 676 3362 757">
     <span class='ocr_line' id='line_1_48' title="bbox 1791 676 3362 757; baseline 0.006 -28"><span class='ocrx_word' id='word_1_336' title='bbox 1791 676 1861 729; x_wconf 68' lang='grc' dir='ltr'><strong>σά</strong></span> <span class='ocrx_word' id='word_1_337' title='bbox 1891 694 2012 753; x_wconf 65' lang='grc' dir='ltr'>τινα</span> <span class='ocrx_word' id='word_1_338' title='bbox 2049 677 2354 749; x_wconf 79' lang='grc' dir='ltr'><strong>γράφοντες</strong></span> <span class='ocrx_word' id='word_1_339' title='bbox 2381 679 2525 734; x_wconf 74' lang='grc' dir='ltr'><strong>κατὰ</strong></span> <span class='ocrx_word' id='word_1_340' title='bbox 2556 679 2655 752; x_wconf 77' lang='grc' dir='ltr'><strong>τὴν</strong></span> <span class='ocrx_word' id='word_1_341' title='bbox 2687 679 2782 736; x_wconf 78' lang='grc' dir='ltr'><strong>τοῦ</strong></span> <span class='ocrx_word' id='word_1_342' title='bbox 2816 682 3081 753; x_wconf 70' lang='grc' dir='ltr'><strong>βασιλέως</strong></span> <span class='ocrx_word' id='word_1_343' title='bbox 3104 684 3362 757; x_wconf 51' lang='lat' dir='ltr'><strong>ipsimae</strong></span> 
     </span>
    </p>
   </div>
   <div class='ocr_carea' id='block_1_49' title="bbox 1788 769 3367 850">
    <p class='ocr_par' dir='ltr' id='par_1_49' title="bbox 1788 769 3367 850">
     <span class='ocr_line' id='line_1_49' title="bbox 1788 769 3367 850; baseline 0.005 -26"><span class='ocrx_word' id='word_1_344' title='bbox 1788 769 2018 842; x_wconf 77' lang='grc' dir='ltr'>σκηνήν,</span> <span class='ocrx_word' id='word_1_345' title='bbox 2038 783 2090 826; x_wconf 87' lang='lat' dir='ltr'><strong>et</strong></span> <span class='ocrx_word' id='word_1_346' title='bbox 2120 771 2222 827; x_wconf 88' lang='lat' dir='ltr'><strong>hoc</strong></span> <span class='ocrx_word' id='word_1_347' title='bbox 2249 770 2455 828; x_wconf 69' lang='lat' dir='ltr'><strong>Latina:</strong></span> <span class='ocrx_word' id='word_1_348' title='bbox 2483 774 2668 846; x_wconf 80' lang='lat' dir='ltr'><strong>stirpis</strong></span> <span class='ocrx_word' id='word_1_349' title='bbox 2701 775 3023 833; x_wconf 77' lang='lat' dir='ltr'><strong>vocabulum</strong></span> <span class='ocrx_word' id='word_1_350' title='bbox 3051 775 3367 850; x_wconf 71' lang='lat' dir='ltr'><strong>Byaantlnm</strong></span> 
     </span>
    </p>
   </div>
   <div class='ocr_carea' id='block_1_50' title="bbox 1787 861 3366 949">
    <p class='ocr_par' dir='ltr' id='par_1_50' title="bbox 1787 861 3366 949">
     <span class='ocr_line' id='line_1_50' title="bbox 1787 861 3366 949; baseline 0.004 -30"><span class='ocrx_word' id='word_1_351' title='bbox 1787 861 2010 919; x_wconf 67' lang='lat' dir='ltr'><strong>Graecia:</strong></span> <span class='ocrx_word' id='word_1_352' title='bbox 2053 863 2221 921; x_wconf 76' lang='lat' dir='ltr'><strong>fuisse</strong></span> <span class='ocrx_word' id='word_1_353' title='bbox 2271 867 2494 922; x_wconf 86' lang='lat' dir='ltr'><strong>civitate</strong></span> <span class='ocrx_word' id='word_1_354' title='bbox 2529 869 2786 924; x_wconf 83' lang='lat' dir='ltr'><strong>donatum</strong></span> <span class='ocrx_word' id='word_1_355' title='bbox 2829 869 2943 940; x_wconf 78' lang='lat' dir='ltr'><strong>jam</strong></span> <span class='ocrx_word' id='word_1_356' title='bbox 2973 887 3001 925; x_wconf 90' lang='lat' dir='ltr'><strong>a</strong></span> <span class='ocrx_word' id='word_1_357' title='bbox 3034 872 3366 949; x_wconf 83' lang='lat' dir='ltr'><strong>temporibus</strong></span> 
     </span>
    </p>
   </div>
   <div class='ocr_carea' id='block_1_51' title="bbox 1787 954 3364 1036">
    <p class='ocr_par' dir='ltr' id='par_1_51' title="bbox 1787 954 3364 1036">
     <span class='ocr_line' id='line_1_51' title="bbox 1787 954 3364 1036; baseline 0.006 -25"><span class='ocrx_word' id='word_1_358' title='bbox 1787 954 1963 1011; x_wconf 79' lang='lat' dir='ltr'><strong>Alexii</strong></span> <span class='ocrx_word' id='word_1_359' title='bbox 1987 957 2289 1025; x_wconf 75' lang='lat' dir='ltr'><strong>Comneni;</strong></span> <span class='ocrx_word' id='word_1_360' title='bbox 2323 975 2431 1030; x_wconf 87' lang='lat' dir='ltr'><strong>quo</strong></span> <span class='ocrx_word' id='word_1_361' title='bbox 2463 962 2640 1015; x_wconf 88' lang='lat' dir='ltr'><strong>minus</strong></span> <span class='ocrx_word' id='word_1_362' title='bbox 2667 962 2864 1017; x_wconf 88' lang='lat' dir='ltr'><strong>mirum</strong></span> <span class='ocrx_word' id='word_1_363' title='bbox 2916 972 3070 1019; x_wconf 86' lang='lat' dir='ltr'><strong>tanto</strong></span> <span class='ocrx_word' id='word_1_364' title='bbox 3092 966 3364 1036; x_wconf 84' lang='lat' dir='ltr'><strong>posterio-</strong></span> 
     </span>
    </p>
   </div>
   <div class='ocr_carea' id='block_1_52' title="bbox 1787 1048 3366 1126">
    <p class='ocr_par' dir='ltr' id='par_1_52' title="bbox 1787 1048 3366 1126">
     <span class='ocr_line' id='line_1_52' title="bbox 1787 1048 3366 1126; baseline 0.008 -25"><span class='ocrx_word' id='word_1_365' title='bbox 1787 1063 1900 1102; x_wconf 85' lang='lat' dir='ltr'><strong>rem</strong></span> <span class='ocrx_word' id='word_1_366' title='bbox 1937 1048 1987 1102; x_wconf 91' lang='lat' dir='ltr'><strong>id</strong></span> <span class='ocrx_word' id='word_1_367' title='bbox 2017 1049 2120 1104; x_wconf 86' lang='lat' dir='ltr'><strong>boc</strong></span> <span class='ocrx_word' id='word_1_368' title='bbox 2150 1051 2276 1106; x_wconf 92' lang='lat' dir='ltr'><strong>loco</strong></span> <span class='ocrx_word' id='word_1_369' title='bbox 2315 1066 2579 1121; x_wconf 85' lang='lat' dir='ltr'><strong>usurpare</strong></span> <span class='ocrx_word' id='word_1_370' title='bbox 2606 1051 3024 1125; x_wconf 83' lang='lat' dir='ltr'><strong>Pacbymerent,</strong></span> <span class='ocrx_word' id='word_1_371' title='bbox 3061 1071 3127 1111; x_wconf 90' lang='lat' dir='ltr'><strong>cx</strong></span> <span class='ocrx_word' id='word_1_372' title='bbox 3158 1057 3366 1126; x_wconf 81' lang='lat' dir='ltr'><strong>vulgari</strong></span> 
     </span>
    </p>
   </div>
   <div class='ocr_carea' id='block_1_53' title="bbox 1788 1140 3371 1216">
    <p class='ocr_par' dir='ltr' id='par_1_53' title="bbox 1788 1140 3371 1216">
     <span class='ocr_line' id='line_1_53' title="bbox 1788 1140 3371 1216; baseline 0.006 -21"><span class='ocrx_word' id='word_1_373' title='bbox 1788 1140 1901 1195; x_wconf 84' lang='lat' dir='ltr'><strong>illic</strong></span> <span class='ocrx_word' id='word_1_374' title='bbox 1929 1144 2325 1200; x_wconf 83' lang='lat' dir='ltr'><strong>consuetudine</strong></span> <span class='ocrx_word' id='word_1_375' title='bbox 2353 1145 2607 1214; x_wconf 85' lang='lat' dir='ltr'><strong>loquendi</strong></span> <span class='ocrx_word' id='word_1_376' title='bbox 2632 1145 2831 1216; x_wconf 86' lang='lat' dir='ltr'><strong>scripta</strong></span> <span class='ocrx_word' id='word_1_377' title='bbox 2866 1149 3124 1206; x_wconf 83' lang='lat' dir='ltr'><strong>maledica</strong></span> <span class='ocrx_word' id='word_1_378' title='bbox 3155 1161 3371 1205; x_wconf 84' lang='lat' dir='ltr'><strong>tntttna-</strong></span> 
     </span>
    </p>
   </div>
   <div class='ocr_carea' id='block_1_54' title="bbox 1790 1234 3368 1314">
    <p class='ocr_par' dir='ltr' id='par_1_54' title="bbox 1790 1234 3368 1314">
     <span class='ocr_line' id='line_1_54' title="bbox 1790 1234 3368 1314; baseline 0.01 -30"><span class='ocrx_word' id='word_1_379' title='bbox 1790 1240 1846 1288; x_wconf 91' lang='lat' dir='ltr'><strong>to</strong></span> <span class='ocrx_word' id='word_1_380' title='bbox 1875 1234 1943 1289; x_wconf 87' lang='lat' dir='ltr'><strong>ab</strong></span> <span class='ocrx_word' id='word_1_381' title='bbox 1967 1234 2116 1292; x_wconf 91' lang='lat' dir='ltr'><strong>ltalis</strong></span> <span class='ocrx_word' id='word_1_382' title='bbox 2160 1238 2381 1291; x_wconf 86' lang='lat' dir='ltr'><strong>nomine</strong></span> <span class='ocrx_word' id='word_1_383' title='bbox 2413 1239 2675 1310; x_wconf 76' lang='grc' dir='ltr'><strong>φάμουσα</strong></span> <span class='ocrx_word' id='word_1_384' title='bbox 2703 1251 2756 1295; x_wconf 90' lang='lat' dir='ltr'><strong>et</strong></span> <span class='ocrx_word' id='word_1_385' title='bbox 2786 1241 2989 1312; x_wconf 74' lang='grc' dir='ltr'><strong>τόμους</strong></span> <span class='ocrx_word' id='word_1_386' title='bbox 3029 1243 3143 1298; x_wconf 83' lang='lat' dir='ltr'><strong>sive</strong></span> <span class='ocrx_word' id='word_1_387' title='bbox 3174 1243 3368 1314; x_wconf 78' lang='grc' dir='ltr'><strong>λόγους</strong></span> 
     </span>
    </p>
   </div>
   <div class='ocr_carea' id='block_1_55' title="bbox 1791 1327 2427 1397">
    <p class='ocr_par' dir='ltr' id='par_1_55' title="bbox 1791 1327 2427 1397">
     <span class='ocr_line' id='line_1_55' title="bbox 1791 1327 2427 1397; baseline 0.014 -18"><span class='ocrx_word' id='word_1_388' title='bbox 1791 1327 2108 1397; x_wconf 55' lang='lat' dir='ltr'><strong>perpaucos;</strong></span> <span class='ocrx_word' id='word_1_389' title='bbox 2133 1331 2427 1388; x_wconf 81' lang='lat' dir='ltr'><strong>dicentem.</strong></span> 
     </span>
    </p>
   </div>
   <div class='ocr_carea' id='block_1_56' title="bbox 1861 1422 3370 1498">
    <p class='ocr_par' dir='ltr' id='par_1_56' title="bbox 1861 1422 3370 1498">
     <span class='ocr_line' id='line_1_56' title="bbox 1861 1422 3370 1498; baseline 0.009 -23"><span class='ocrx_word' id='word_1_390' title='bbox 1861 1422 2052 1490; x_wconf 67' lang='grc' dir='ltr'>Φιάλη</span> <span class='ocrx_word' id='word_1_391' title='bbox 2082 1425 2437 1496; x_wconf 69' lang='grc' dir='ltr'><strong>ἐκκλησίας.</strong></span> <span class='ocrx_word' id='word_1_392' title='bbox 2470 1443 2523 1498; x_wconf 88' lang='lat' dir='ltr'><strong>p.</strong></span> <span class='ocrx_word' id='word_1_393' title='bbox 2554 1426 2651 1484; x_wconf 71' lang='lat'><strong>22.</strong></span> <span class='ocrx_word' id='word_1_394' title='bbox 2690 1426 2887 1496; x_wconf 78' lang='grc' dir='ltr'>Φιάλη,</span> <span class='ocrx_word' id='word_1_395' title='bbox 2917 1437 2972 1483; x_wconf 84' lang='grc' dir='ltr'><strong>ιιι</strong></span> <span class='ocrx_word' id='word_1_396' title='bbox 3020 1427 3370 1488; x_wconf 84' lang='lat' dir='ltr'><strong>doctissimus</strong></span> 
     </span>
    </p>
   </div>
   <div class='ocr_carea' id='block_1_57' title="bbox 1790 1512 3369 1599">
    <p class='ocr_par' dir='ltr' id='par_1_57' title="bbox 1790 1512 3369 1599">
     <span class='ocr_line' id='line_1_57' title="bbox 1790 1512 3369 1599; baseline 0.008 -28"><span class='ocrx_word' id='word_1_397' title='bbox 1790 1512 2024 1571; x_wconf 80' lang='lat' dir='ltr'><strong>Jacolms</strong></span> <span class='ocrx_word' id='word_1_398' title='bbox 2045 1515 2193 1573; x_wconf 83' lang='lat' dir='ltr'><strong>Goar</strong></span> <span class='ocrx_word' id='word_1_399' title='bbox 2243 1517 2306 1576; x_wconf 93' lang='grc' dir='ltr'><strong>Ο.</strong></span> <span class='ocrx_word' id='word_1_400' title='bbox 2329 1518 2390 1575; x_wconf 83' lang='grc' dir='ltr'><strong>Ρ.</strong></span> <span class='ocrx_word' id='word_1_401' title='bbox 2414 1515 2728 1578; x_wconf 76' lang='lat' dir='ltr'><strong>observavit</strong></span> <span class='ocrx_word' id='word_1_402' title='bbox 2757 1524 2900 1579; x_wconf 88' lang='lat' dir='ltr'><strong>notis</strong></span> <span class='ocrx_word' id='word_1_403' title='bbox 2921 1526 2984 1581; x_wconf 87' lang='lat' dir='ltr'><strong>ad</strong></span> <span class='ocrx_word' id='word_1_404' title='bbox 3008 1525 3254 1593; x_wconf 78' lang='grc' dir='ltr'>διάταξιν</span> <span class='ocrx_word' id='word_1_405' title='bbox 3268 1529 3369 1599; x_wconf 77' lang='grc' dir='ltr'><strong>τῆς</strong></span> 
     </span>
    </p>
   </div>
   <div class='ocr_carea' id='block_1_58' title="bbox 1793 1607 3369 1686">
    <p class='ocr_par' dir='ltr' id='par_1_58' title="bbox 1793 1607 3369 1686">
     <span class='ocr_line' id='line_1_58' title="bbox 1793 1607 3369 1686; baseline 0.011 -26"><span class='ocrx_word' id='word_1_406' title='bbox 1793 1607 2209 1678; x_wconf 72' lang='grc' dir='ltr'>ίεροδιακονίας,</span> <span class='ocrx_word' id='word_1_407' title='bbox 2270 1629 2320 1679; x_wconf 85' lang='lat' dir='ltr'><strong>p.</strong></span> <span class='ocrx_word' id='word_1_408' title='bbox 2358 1613 2428 1667; x_wconf 71' lang='lat'><strong>25</strong></span> <span class='ocrx_word' id='word_1_409' title='bbox 2483 1614 2566 1670; x_wconf 86' lang='lat' dir='ltr'><strong>sui</strong></span> <span class='ocrx_word' id='word_1_410' title='bbox 2603 1616 2943 1686; x_wconf 79' lang='lat' dir='ltr'><strong>Enchologii,</strong></span> <span class='ocrx_word' id='word_1_411' title='bbox 2995 1617 3119 1674; x_wconf 77' lang='lat' dir='ltr'><strong>fons</strong></span> <span class='ocrx_word' id='word_1_412' title='bbox 3164 1633 3283 1675; x_wconf 85' lang='lat' dir='ltr'><strong>erat</strong></span> <span class='ocrx_word' id='word_1_413' title='bbox 3313 1623 3369 1680; x_wconf 84' lang='lat' dir='ltr'><strong>in</strong></span> 
     </span>
    </p>
   </div>
   <div class='ocr_carea' id='block_1_59' title="bbox 1790 1700 3371 1781">
    <p class='ocr_par' dir='ltr' id='par_1_59' title="bbox 1790 1700 3371 1781">
     <span class='ocr_line' id='line_1_59' title="bbox 1790 1700 3371 1781; baseline 0.007 -26"><span class='ocrx_word' id='word_1_414' title='bbox 1790 1701 2038 1756; x_wconf 89' lang='lat' dir='ltr'><strong>ccclesiis</strong></span> <span class='ocrx_word' id='word_1_415' title='bbox 2069 1700 2380 1758; x_wconf 59' lang='lat' dir='ltr'><strong>Grecorum</strong></span> <span class='ocrx_word' id='word_1_416' title='bbox 2417 1707 2475 1760; x_wconf 84' lang='grc' dir='ltr'>ὲν</span> <span class='ocrx_word' id='word_1_417' title='bbox 2507 1705 2755 1778; x_wconf 70' lang='grc' dir='ltr'><strong>αὐλῇτοῦ</strong></span> <span class='ocrx_word' id='word_1_418' title='bbox 2781 1707 3076 1780; x_wconf 73' lang='grc' dir='ltr'><strong>νάρθηκος,</strong></span> <span class='ocrx_word' id='word_1_419' title='bbox 3108 1710 3162 1764; x_wconf 83' lang='lat' dir='ltr'><strong>in</strong></span> <span class='ocrx_word' id='word_1_420' title='bbox 3187 1712 3371 1781; x_wconf 72' lang='lat' dir='ltr'><strong>subdi-</strong></span> 
     </span>
    </p>
   </div>
   <div class='ocr_carea' id='block_1_60' title="bbox 1792 1794 3374 1876">
    <p class='ocr_par' dir='ltr' id='par_1_60' title="bbox 1792 1794 3374 1876">
     <span class='ocr_line' id='line_1_60' title="bbox 1792 1794 3374 1876; baseline 0.008 -27"><span class='ocrx_word' id='word_1_421' title='bbox 1792 1795 1900 1849; x_wconf 68' lang='lat' dir='ltr'><strong>t&#39;ali</strong></span> <span class='ocrx_word' id='word_1_422' title='bbox 1927 1811 2054 1849; x_wconf 83' lang='lat' dir='ltr'><strong>arca</strong></span> <span class='ocrx_word' id='word_1_423' title='bbox 2082 1794 2368 1860; x_wconf 73' lang='lat' dir='ltr'><strong>narthecis,</strong></span> <span class='ocrx_word' id='word_1_424' title='bbox 2401 1797 2602 1854; x_wconf 79' lang='lat' dir='ltr'><strong>ultima.-</strong></span> <span class='ocrx_word' id='word_1_425' title='bbox 2634 1800 2803 1871; x_wconf 86' lang='lat' dir='ltr'><strong>partis</strong></span> <span class='ocrx_word' id='word_1_426' title='bbox 2830 1801 2961 1856; x_wconf 72' lang='lat' dir='ltr'><strong>aedis</strong></span> <span class='ocrx_word' id='word_1_427' title='bbox 2986 1817 3175 1869; x_wconf 77' lang='lat' dir='ltr'><strong>sacrae,</strong></span> <span class='ocrx_word' id='word_1_428' title='bbox 3201 1819 3374 1876; x_wconf 82' lang='lat' dir='ltr'><strong>aquas</strong></span> 
     </span>
    </p>
   </div>
   <div class='ocr_carea' id='block_1_61' title="bbox 1790 1887 3368 1960">
    <p class='ocr_par' dir='ltr' id='par_1_61' title="bbox 1790 1887 3368 1960">
     <span class='ocr_line' id='line_1_61' title="bbox 1790 1887 3368 1960; baseline 0.009 -20"><span class='ocrx_word' id='word_1_429' title='bbox 1790 1887 2019 1942; x_wconf 78' lang='lat' dir='ltr'><strong>fundens</strong></span> <span class='ocrx_word' id='word_1_430' title='bbox 2043 1890 2161 1943; x_wconf 86' lang='lat' dir='ltr'><strong>usui</strong></span> <span class='ocrx_word' id='word_1_431' title='bbox 2185 1889 2251 1944; x_wconf 87' lang='lat' dir='ltr'><strong>ad</strong></span> <span class='ocrx_word' id='word_1_432' title='bbox 2284 1890 2539 1946; x_wconf 87' lang='lat' dir='ltr'><strong>lationem</strong></span> <span class='ocrx_word' id='word_1_433' title='bbox 2567 1891 2775 1960; x_wconf 70' lang='lat' dir='ltr'><strong>ingredi</strong></span> <span class='ocrx_word' id='word_1_434' title='bbox 2797 1893 3106 1951; x_wconf 86' lang='lat' dir='ltr'><strong>volentibus</strong></span> <span class='ocrx_word' id='word_1_435' title='bbox 3134 1896 3368 1954; x_wconf 81' lang='lat' dir='ltr'><strong>futuras.</strong></span> 
     </span>
    </p>
   </div>
   <div class='ocr_carea' id='block_1_62' title="bbox 1793 1977 3372 2055">
    <p class='ocr_par' dir='ltr' id='par_1_62' title="bbox 1793 1977 3372 2055">
     <span class='ocr_line' id='line_1_62' title="bbox 1793 1977 3372 2055; baseline 0.01 -21"><span class='ocrx_word' id='word_1_436' title='bbox 1793 1977 1879 2052; x_wconf 71' lang='grc' dir='ltr'><strong>[Ρ.</strong></span> <span class='ocrx_word' id='word_1_437' title='bbox 1915 1979 2044 2054; x_wconf 74' lang='grc'><strong>515]</strong></span> <span class='ocrx_word' id='word_1_438' title='bbox 2068 1981 2354 2055; x_wconf 79' lang='lat' dir='ltr'><strong>Colligltur</strong></span> <span class='ocrx_word' id='word_1_439' title='bbox 2383 1994 2563 2043; x_wconf 86' lang='lat' dir='ltr'><strong>autem</strong></span> <span class='ocrx_word' id='word_1_440' title='bbox 2591 2001 2656 2042; x_wconf 78' lang='lat' dir='ltr'><strong>ex</strong></span> <span class='ocrx_word' id='word_1_441' title='bbox 2684 1984 3006 2046; x_wconf 83' lang='lat' dir='ltr'><strong>Batsatnone</strong></span> <span class='ocrx_word' id='word_1_442' title='bbox 3040 1989 3108 2047; x_wconf 84' lang='lat' dir='ltr'><strong>ad</strong></span> <span class='ocrx_word' id='word_1_443' title='bbox 3145 2006 3268 2052; x_wconf 82' lang='lat' dir='ltr'><strong>can.</strong></span> <span class='ocrx_word' id='word_1_444' title='bbox 3303 1993 3372 2050; x_wconf 80' lang='lat'><strong>76</strong></span> 
     </span>
    </p>
   </div>
   <div class='ocr_carea' id='block_1_63' title="bbox 1793 2076 3372 2154">
    <p class='ocr_par' dir='ltr' id='par_1_63' title="bbox 1793 2076 3372 2154">
     <span class='ocr_line' id='line_1_63' title="bbox 1793 2076 3372 2154; baseline 0.009 -26"><span class='ocrx_word' id='word_1_445' title='bbox 1793 2083 1961 2130; x_wconf 75' lang='lat' dir='ltr'><strong>sexta:</strong></span> <span class='ocrx_word' id='word_1_446' title='bbox 1993 2076 2206 2148; x_wconf 82' lang='lat' dir='ltr'><strong>synodi,</strong></span> <span class='ocrx_word' id='word_1_447' title='bbox 2240 2092 2422 2133; x_wconf 86' lang='lat' dir='ltr'><strong>aream</strong></span> <span class='ocrx_word' id='word_1_448' title='bbox 2458 2078 2624 2134; x_wconf 86' lang='lat' dir='ltr'><strong>etiam</strong></span> <span class='ocrx_word' id='word_1_449' title='bbox 2653 2079 2847 2151; x_wconf 85' lang='lat' dir='ltr'><strong>ipsam,</strong></span> <span class='ocrx_word' id='word_1_450' title='bbox 2900 2082 2950 2137; x_wconf 92' lang='lat' dir='ltr'><strong>in</strong></span> <span class='ocrx_word' id='word_1_451' title='bbox 2983 2099 3087 2154; x_wconf 84' lang='lat' dir='ltr'><strong>qua</strong></span> <span class='ocrx_word' id='word_1_452' title='bbox 3123 2085 3241 2143; x_wconf 77' lang='lat' dir='ltr'><strong>fons</strong></span> <span class='ocrx_word' id='word_1_453' title='bbox 3265 2098 3372 2153; x_wconf 86' lang='lat' dir='ltr'><strong>est.</strong></span> 
     </span>
    </p>
   </div>
   <div class='ocr_carea' id='block_1_64' title="bbox 1794 2170 3373 2248">
    <p class='ocr_par' dir='ltr' id='par_1_64' title="bbox 1794 2170 3373 2248">
     <span class='ocr_line' id='line_1_64' title="bbox 1794 2170 3373 2248; baseline 0.008 -24"><span class='ocrx_word' id='word_1_454' title='bbox 1794 2170 1993 2224; x_wconf 86' lang='lat' dir='ltr'><strong>usitata</strong></span> <span class='ocrx_word' id='word_1_455' title='bbox 2019 2170 2273 2226; x_wconf 88' lang='lat' dir='ltr'><strong>videlicet</strong></span> <span class='ocrx_word' id='word_1_456' title='bbox 2300 2172 2642 2244; x_wconf 73' lang='lat' dir='ltr'><strong>synecdoche</strong></span> <span class='ocrx_word' id='word_1_457' title='bbox 2667 2175 2872 2248; x_wconf 76' lang='grc' dir='ltr'>φιάλην</span> <span class='ocrx_word' id='word_1_458' title='bbox 2902 2177 3126 2235; x_wconf 85' lang='lat' dir='ltr'><strong>dictam.</strong></span> <span class='ocrx_word' id='word_1_459' title='bbox 3155 2182 3373 2236; x_wconf 70' lang='lat' dir='ltr'><strong>tionnu-</strong></span> 
     </span>
    </p>
   </div>
   <div class='ocr_carea' id='block_1_65' title="bbox 1797 2265 3373 2342">
    <p class='ocr_par' dir='ltr' id='par_1_65' title="bbox 1797 2265 3373 2342">
     <span class='ocr_line' id='line_1_65' title="bbox 1797 2265 3373 2342; baseline 0.006 -24"><span class='ocrx_word' id='word_1_460' title='bbox 1797 2273 1974 2320; x_wconf 83' lang='lat' dir='ltr'><strong>merat</strong></span> <span class='ocrx_word' id='word_1_461' title='bbox 2004 2265 2148 2320; x_wconf 88' lang='lat' dir='ltr'><strong>enim</strong></span> <span class='ocrx_word' id='word_1_462' title='bbox 2183 2266 2384 2336; x_wconf 75' lang='grc' dir='ltr'>φιάλας</span> <span class='ocrx_word' id='word_1_463' title='bbox 2433 2269 2543 2332; x_wconf 79' lang='grc' dir='ltr'><strong>τοῖς</strong></span> <span class='ocrx_word' id='word_1_464' title='bbox 2583 2267 2792 2342; x_wconf 70' lang='grc' dir='ltr'><strong>ἑτέροις</strong></span> <span class='ocrx_word' id='word_1_465' title='bbox 2830 2271 3025 2342; x_wconf 79' lang='grc' dir='ltr'><strong>μέρεσι</strong></span> <span class='ocrx_word' id='word_1_466' title='bbox 3069 2273 3179 2329; x_wconf 83' lang='grc' dir='ltr'><strong>τῶν</strong></span> <span class='ocrx_word' id='word_1_467' title='bbox 3208 2274 3373 2331; x_wconf 74' lang='grc' dir='ltr'>θείων</span> 
     </span>
    </p>
   </div>
   <div class='ocr_carea' id='block_1_66' title="bbox 1794 2359 3375 2440">
    <p class='ocr_par' dir='ltr' id='par_1_66' title="bbox 1794 2359 3375 2440">
     <span class='ocr_line' id='line_1_66' title="bbox 1794 2359 3375 2440; baseline 0.008 -26"><span class='ocrx_word' id='word_1_468' title='bbox 1794 2359 1962 2426; x_wconf 81' lang='grc' dir='ltr'>ναῶν,</span> <span class='ocrx_word' id='word_1_469' title='bbox 2016 2360 2225 2430; x_wconf 76' lang='lat' dir='ltr'><strong>phialas</strong></span> <span class='ocrx_word' id='word_1_470' title='bbox 2279 2362 2405 2418; x_wconf 84' lang='lat' dir='ltr'><strong>aliis</strong></span> <span class='ocrx_word' id='word_1_471' title='bbox 2445 2364 2690 2432; x_wconf 83' lang='lat' dir='ltr'><strong>partibus</strong></span> <span class='ocrx_word' id='word_1_472' title='bbox 2721 2379 2997 2422; x_wconf 79' lang='lat' dir='ltr'><strong>sacrorum</strong></span> <span class='ocrx_word' id='word_1_473' title='bbox 3032 2369 3375 2440; x_wconf 73' lang='lat' dir='ltr'><strong>templorum,</strong></span> 
     </span>
    </p>
   </div>
   <div class='ocr_carea' id='block_1_67' title="bbox 1796 2455 3373 2537">
    <p class='ocr_par' dir='ltr' id='par_1_67' title="bbox 1796 2455 3373 2537">
     <span class='ocr_line' id='line_1_67' title="bbox 1796 2455 3373 2537; baseline 0.008 -30"><span class='ocrx_word' id='word_1_474' title='bbox 1796 2469 1934 2525; x_wconf 84' lang='lat' dir='ltr'><strong>quas</strong></span> <span class='ocrx_word' id='word_1_475' title='bbox 1979 2469 2172 2510; x_wconf 76' lang='lat' dir='ltr'><strong>omnes</strong></span> <span class='ocrx_word' id='word_1_476' title='bbox 2225 2455 2505 2527; x_wconf 85' lang='lat' dir='ltr'><strong>utcunque</strong></span> <span class='ocrx_word' id='word_1_477' title='bbox 2567 2458 2879 2516; x_wconf 85' lang='lat' dir='ltr'><strong>subdivales</strong></span> <span class='ocrx_word' id='word_1_478' title='bbox 2928 2464 3204 2517; x_wconf 87' lang='lat' dir='ltr'><strong>connnuni</strong></span> <span class='ocrx_word' id='word_1_479' title='bbox 3240 2480 3373 2537; x_wconf 68' lang='grc' dir='ltr'><strong>προ»</strong></span> 
     </span>
    </p>
   </div>
   <div class='ocr_carea' id='block_1_68' title="bbox 1797 2549 3378 2623">
    <p class='ocr_par' dir='ltr' id='par_1_68' title="bbox 1797 2549 3378 2623">
     <span class='ocr_line' id='line_1_68' title="bbox 1797 2549 3378 2623; baseline 0.008 -21"><span class='ocrx_word' id='word_1_480' title='bbox 1797 2549 1940 2604; x_wconf 82' lang='grc' dir='ltr'>νάων</span> <span class='ocrx_word' id='word_1_481' title='bbox 1965 2550 2186 2604; x_wconf 81' lang='lat' dir='ltr'><strong>nomine</strong></span> <span class='ocrx_word' id='word_1_482' title='bbox 2217 2549 2601 2622; x_wconf 81' lang='lat' dir='ltr'><strong>comprehendi</strong></span> <span class='ocrx_word' id='word_1_483' title='bbox 2629 2564 2692 2608; x_wconf 82' lang='lat' dir='ltr'><strong>ex</strong></span> <span class='ocrx_word' id='word_1_484' title='bbox 2725 2552 3020 2623; x_wconf 87' lang='lat' dir='ltr'><strong>probatiori</strong></span> <span class='ocrx_word' id='word_1_485' title='bbox 3046 2555 3228 2612; x_wconf 84' lang='lat' dir='ltr'><strong>multis</strong></span> <span class='ocrx_word' id='word_1_486' title='bbox 3247 2574 3378 2615; x_wconf 86' lang='lat' dir='ltr'><strong>sen-</strong></span> 
     </span>
    </p>
   </div>
   <div class='ocr_carea' id='block_1_69' title="bbox 1801 2643 3374 2722">
    <p class='ocr_par' dir='ltr' id='par_1_69' title="bbox 1801 2643 3374 2722">
     <span class='ocr_line' id='line_1_69' title="bbox 1801 2643 3374 2722; baseline 0.008 -27"><span class='ocrx_word' id='word_1_487' title='bbox 1801 2643 1968 2700; x_wconf 86' lang='lat' dir='ltr'><strong>tentia</strong></span> <span class='ocrx_word' id='word_1_488' title='bbox 2028 2643 2215 2700; x_wconf 86' lang='lat' dir='ltr'><strong>tradit.</strong></span> <span class='ocrx_word' id='word_1_489' title='bbox 2271 2643 2372 2700; x_wconf 82' lang='lat' dir='ltr'><strong>E&#39;st</strong></span> <span class='ocrx_word' id='word_1_490' title='bbox 2427 2643 2596 2716; x_wconf 72' lang='lat' dir='ltr'><strong>igitur</strong></span> <span class='ocrx_word' id='word_1_491' title='bbox 2628 2645 2797 2717; x_wconf 75' lang='grc' dir='ltr'>φιάλη</span> <span class='ocrx_word' id='word_1_492' title='bbox 2827 2647 2925 2720; x_wconf 77' lang='grc' dir='ltr'><strong>τῆς</strong></span> <span class='ocrx_word' id='word_1_493' title='bbox 2967 2648 3264 2722; x_wconf 69' lang='grc' dir='ltr'><strong>ἐκκλησίας</strong></span> <span class='ocrx_word' id='word_1_494' title='bbox 3294 2656 3374 2707; x_wconf 85' lang='lat' dir='ltr'><strong>vel</strong></span> 
     </span>
    </p>
   </div>
   <div class='ocr_carea' id='block_1_70' title="bbox 1799 2733 3380 2819">
    <p class='ocr_par' dir='ltr' id='par_1_70' title="bbox 1799 2733 3380 2819">
     <span class='ocr_line' id='line_1_70' title="bbox 1799 2733 3380 2819; baseline 0.007 -28"><span class='ocrx_word' id='word_1_495' title='bbox 1799 2733 1922 2791; x_wconf 71' lang='lat' dir='ltr'><strong>fons</strong></span> <span class='ocrx_word' id='word_1_496' title='bbox 1963 2745 2086 2792; x_wconf 84' lang='lat' dir='ltr'><strong>ante</strong></span> <span class='ocrx_word' id='word_1_497' title='bbox 2119 2735 2265 2792; x_wconf 82' lang='lat' dir='ltr'><strong>iores</strong></span> <span class='ocrx_word' id='word_1_498' title='bbox 2297 2737 2429 2793; x_wconf 64' lang='lat' dir='ltr'><strong>aedis</strong></span> <span class='ocrx_word' id='word_1_499' title='bbox 2463 2752 2640 2795; x_wconf 74' lang='lat' dir='ltr'><strong>sacra:</strong></span> <span class='ocrx_word' id='word_1_500' title='bbox 2678 2742 2907 2810; x_wconf 86' lang='lat' dir='ltr'><strong>positus,</strong></span> <span class='ocrx_word' id='word_1_501' title='bbox 2965 2740 3049 2798; x_wconf 89' lang='lat' dir='ltr'><strong>vel</strong></span> <span class='ocrx_word' id='word_1_502' title='bbox 3084 2758 3208 2800; x_wconf 89' lang='lat' dir='ltr'><strong>area</strong></span> <span class='ocrx_word' id='word_1_503' title='bbox 3242 2761 3380 2819; x_wconf 86' lang='lat' dir='ltr'><strong>quo-</strong></span> 
     </span>
    </p>
   </div>
   <div class='ocr_carea' id='block_1_71' title="bbox 1800 2823 3370 2909">
    <p class='ocr_par' dir='ltr' id='par_1_71' title="bbox 1800 2823 3370 2909">
     <span class='ocr_line' id='line_1_71' title="bbox 1800 2823 3370 2909; baseline 0.009 -26"><span class='ocrx_word' id='word_1_504' title='bbox 1800 2847 1905 2902; x_wconf 83' lang='lat' dir='ltr'><strong>que</strong></span> <span class='ocrx_word' id='word_1_505' title='bbox 1934 2831 2048 2901; x_wconf 90' lang='lat' dir='ltr'><strong>ipsa</strong></span> <span class='ocrx_word' id='word_1_506' title='bbox 2081 2831 2264 2898; x_wconf 84' lang='lat' dir='ltr'><strong>templi</strong></span> <span class='ocrx_word' id='word_1_507' title='bbox 2299 2823 2458 2888; x_wconf 83' lang='lat' dir='ltr'><strong>ostiis</strong></span> <span class='ocrx_word' id='word_1_508' title='bbox 2483 2842 2770 2904; x_wconf 66' lang='lat' dir='ltr'><strong>pratenta,</strong></span> <span class='ocrx_word' id='word_1_509' title='bbox 2801 2835 2854 2891; x_wconf 89' lang='lat' dir='ltr'><strong>in</strong></span> <span class='ocrx_word' id='word_1_510' title='bbox 2888 2852 2992 2909; x_wconf 83' lang='lat' dir='ltr'><strong>qua</strong></span> <span class='ocrx_word' id='word_1_511' title='bbox 3029 2842 3130 2893; x_wconf 89' lang='lat' dir='ltr'><strong>sub</strong></span> <span class='ocrx_word' id='word_1_512' title='bbox 3158 2841 3282 2897; x_wconf 84' lang='lat' dir='ltr'><strong>divo</strong></span> <span class='ocrx_word' id='word_1_513' title='bbox 3315 2844 3370 2898; x_wconf 89' lang='lat' dir='ltr'><strong>in</strong></span> 
     </span>
    </p>
   </div>
   <div class='ocr_carea' id='block_1_72' title="bbox 1800 2923 3372 2999">
    <p class='ocr_par' dir='ltr' id='par_1_72' title="bbox 1800 2923 3372 2999">
     <span class='ocr_line' id='line_1_72' title="bbox 1800 2923 3372 2999; baseline 0.008 -21"><span class='ocrx_word' id='word_1_514' title='bbox 1800 2925 2010 2980; x_wconf 84' lang='lat' dir='ltr'><strong>concha</strong></span> <span class='ocrx_word' id='word_1_515' title='bbox 2040 2923 2162 2980; x_wconf 77' lang='lat' dir='ltr'><strong>fons</strong></span> <span class='ocrx_word' id='word_1_516' title='bbox 2195 2923 2393 2980; x_wconf 86' lang='lat' dir='ltr'><strong>tubulis</strong></span> <span class='ocrx_word' id='word_1_517' title='bbox 2423 2925 2619 2983; x_wconf 87' lang='lat' dir='ltr'><strong>ductus</strong></span> <span class='ocrx_word' id='word_1_518' title='bbox 2655 2942 2822 2999; x_wconf 85' lang='lat' dir='ltr'><strong>aquas</strong></span> <span class='ocrx_word' id='word_1_519' title='bbox 2857 2931 3115 2987; x_wconf 82' lang='lat' dir='ltr'><strong>salientes</strong></span> <span class='ocrx_word' id='word_1_520' title='bbox 3140 2936 3372 2992; x_wconf 78' lang='lat' dir='ltr'><strong>eructat.</strong></span> 
     </span>
    </p>
   </div>
   <div class='ocr_carea' id='block_1_73' title="bbox 1801 3015 3375 3082">
    <p class='ocr_par' dir='ltr' id='par_1_73' title="bbox 1801 3015 3375 3082">
     <span class='ocr_line' id='line_1_73' title="bbox 1801 3015 3375 3082; baseline 0.006 -11"><span class='ocrx_word' id='word_1_521' title='bbox 1801 3015 2046 3073; x_wconf 86' lang='lat' dir='ltr'><strong>lmitatos</strong></span> <span class='ocrx_word' id='word_1_522' title='bbox 2081 3026 2131 3072; x_wconf 88' lang='lat' dir='ltr'><strong>et</strong></span> <span class='ocrx_word' id='word_1_523' title='bbox 2163 3015 2310 3073; x_wconf 88' lang='lat' dir='ltr'><strong>hunc</strong></span> <span class='ocrx_word' id='word_1_524' title='bbox 2355 3033 2558 3075; x_wconf 88' lang='lat' dir='ltr'><strong>morem</strong></span> <span class='ocrx_word' id='word_1_525' title='bbox 2595 3017 2820 3077; x_wconf 86' lang='lat' dir='ltr'><strong>Latinos</strong></span> <span class='ocrx_word' id='word_1_526' title='bbox 2864 3021 3206 3080; x_wconf 87' lang='lat' dir='ltr'><strong>demonstrat</strong></span> <span class='ocrx_word' id='word_1_527' title='bbox 3233 3023 3375 3082; x_wconf 77' lang='lat' dir='ltr'><strong>Pau-</strong></span> 
     </span>
    </p>
   </div>
   <div class='ocr_carea' id='block_1_74' title="bbox 1798 3109 3366 3187">
    <p class='ocr_par' dir='ltr' id='par_1_74' title="bbox 1798 3109 3366 3187">
     <span class='ocr_line' id='line_1_74' title="bbox 1798 3109 3366 3187; baseline 0.005 -22"><span class='ocrx_word' id='word_1_528' title='bbox 1798 3109 1894 3166; x_wconf 90' lang='lat' dir='ltr'><strong>lini</strong></span> <span class='ocrx_word' id='word_1_529' title='bbox 1947 3109 2117 3174; x_wconf 85' lang='lat' dir='ltr'><strong>locus,</strong></span> <span class='ocrx_word' id='word_1_530' title='bbox 2179 3111 2338 3181; x_wconf 82' lang='lat' dir='ltr'><strong>epist.</strong></span> <span class='ocrx_word' id='word_1_531' title='bbox 2369 3111 2439 3167; x_wconf 75' lang='lat'><strong>53</strong></span> <span class='ocrx_word' id='word_1_532' title='bbox 2471 3112 2501 3169; x_wconf 73' lang='grc' dir='ltr'><strong>ι</strong></span> <span class='ocrx_word' id='word_1_533' title='bbox 2523 3110 2589 3167; x_wconf 84' lang='lat' dir='ltr'><strong>In</strong></span> <span class='ocrx_word' id='word_1_534' title='bbox 2618 3112 2893 3180; x_wconf 75' lang='lat' dir='ltr'><strong>uestibulo,</strong></span> <span class='ocrx_word' id='word_1_535' title='bbox 2935 3115 3206 3187; x_wconf 86' lang='lat' dir='ltr'><strong>inquiens,</strong></span> <span class='ocrx_word' id='word_1_536' title='bbox 3239 3135 3366 3173; x_wconf 81' lang='lat' dir='ltr'><strong>cau-</strong></span> 
     </span>
    </p>
   </div>
   <div class='ocr_carea' id='block_1_75' title="bbox 1798 3205 3373 3281">
    <p class='ocr_par' dir='ltr' id='par_1_75' title="bbox 1798 3205 3373 3281">
     <span class='ocr_line' id='line_1_75' title="bbox 1798 3205 3373 3281; baseline 0.006 -23"><span class='ocrx_word' id='word_1_537' title='bbox 1798 3205 2008 3258; x_wconf 85' lang='lat' dir='ltr'><strong>tItarum</strong></span> <span class='ocrx_word' id='word_1_538' title='bbox 2063 3205 2306 3259; x_wconf 80' lang='lat' dir='ltr'><strong>ministra</strong></span> <span class='ocrx_word' id='word_1_539' title='bbox 2347 3205 2615 3269; x_wconf 71' lang='lat' dir='ltr'><strong>manibus,</strong></span> <span class='ocrx_word' id='word_1_540' title='bbox 2648 3216 2699 3262; x_wconf 81' lang='lat' dir='ltr'><strong>et</strong></span> <span class='ocrx_word' id='word_1_541' title='bbox 2721 3207 2900 3263; x_wconf 79' lang='lat' dir='ltr'><strong>oribus</strong></span> <span class='ocrx_word' id='word_1_542' title='bbox 2951 3211 3144 3265; x_wconf 76' lang='lat' dir='ltr'><strong>nostris</strong></span> <span class='ocrx_word' id='word_1_543' title='bbox 3170 3213 3373 3281; x_wconf 79' lang='lat' dir='ltr'><strong>ﬂuenta</strong></span> 
     </span>
    </p>
   </div>
   <div class='ocr_carea' id='block_1_76' title="bbox 1798 3293 3376 3366">
    <p class='ocr_par' dir='ltr' id='par_1_76' title="bbox 1798 3293 3376 3366">
     <span class='ocr_line' id='line_1_76' title="bbox 1798 3293 3376 3366; baseline 0.004 -17"><span class='ocrx_word' id='word_1_544' title='bbox 1798 3305 2094 3350; x_wconf 74' lang='lat' dir='ltr'><strong>ructantrm</strong></span> <span class='ocrx_word' id='word_1_545' title='bbox 2150 3295 2459 3366; x_wconf 68' lang='lat' dir='ltr'><strong>fastigium:</strong></span> <span class='ocrx_word' id='word_1_546' title='bbox 2515 3293 2687 3350; x_wconf 80' lang='lat' dir='ltr'><strong>solido</strong></span> <span class='ocrx_word' id='word_1_547' title='bbox 2730 3313 2834 3351; x_wconf 71' lang='lat' dir='ltr'><strong>me</strong></span> <span class='ocrx_word' id='word_1_548' title='bbox 2888 3299 3056 3352; x_wconf 68' lang='lat' dir='ltr'><strong>(lautus</strong></span> <span class='ocrx_word' id='word_1_549' title='bbox 3124 3311 3278 3355; x_wconf 76' lang='lat' dir='ltr'><strong>ornat</strong></span> <span class='ocrx_word' id='word_1_550' title='bbox 3324 3311 3376 3358; x_wconf 70' lang='lat' dir='ltr'><strong>at</strong></span> 
     </span>
    </p>
   </div>
   <div class='ocr_carea' id='block_1_77' title="bbox 1797 3391 3374 3463">
    <p class='ocr_par' dir='ltr' id='par_1_77' title="bbox 1797 3391 3374 3463">
     <span class='ocr_line' id='line_1_77' title="bbox 1797 3391 3374 3463; baseline 0.003 -17"><span class='ocrx_word' id='word_1_551' title='bbox 1797 3393 2086 3457; x_wconf 85' lang='lat' dir='ltr'><strong>inumbrat,</strong></span> <span class='ocrx_word' id='word_1_552' title='bbox 2121 3408 2223 3446; x_wconf 82' lang='lat' dir='ltr'><strong>non</strong></span> <span class='ocrx_word' id='word_1_553' title='bbox 2250 3392 2360 3445; x_wconf 81' lang='lat' dir='ltr'><strong>sine</strong></span> <span class='ocrx_word' id='word_1_554' title='bbox 2396 3392 2619 3462; x_wconf 80' lang='lat' dir='ltr'><strong>mystica</strong></span> <span class='ocrx_word' id='word_1_555' title='bbox 2647 3391 2815 3460; x_wconf 77' lang='lat' dir='ltr'><strong>specie</strong></span> <span class='ocrx_word' id='word_1_556' title='bbox 2847 3403 3078 3463; x_wconf 83' lang='lat' dir='ltr'><strong>quatuor</strong></span> <span class='ocrx_word' id='word_1_557' title='bbox 3113 3394 3374 3450; x_wconf 75' lang='lat' dir='ltr'><strong>columnis</strong></span> 
     </span>
    </p>
   </div>
   <div class='ocr_carea' id='block_1_78' title="bbox 1796 3483 3363 3557">
    <p class='ocr_par' dir='ltr' id='par_1_78' title="bbox 1796 3483 3363 3557">
     <span class='ocr_line' id='line_1_78' title="bbox 1796 3483 3363 3557; baseline 0.005 -19"><span class='ocrx_word' id='word_1_558' title='bbox 1796 3485 2045 3538; x_wconf 79' lang='lat' dir='ltr'><strong>salientes</strong></span> <span class='ocrx_word' id='word_1_559' title='bbox 2095 3500 2260 3556; x_wconf 81' lang='lat' dir='ltr'><strong>aquas</strong></span> <span class='ocrx_word' id='word_1_560' title='bbox 2295 3485 2551 3542; x_wconf 81' lang='lat' dir='ltr'><strong>ambiens.</strong></span> <span class='ocrx_word' id='word_1_561' title='bbox 2587 3483 2661 3541; x_wconf 90' lang='lat' dir='ltr'><strong>De</strong></span> <span class='ocrx_word' id='word_1_562' title='bbox 2711 3500 2861 3541; x_wconf 86' lang='lat' dir='ltr'><strong>more</strong></span> <span class='ocrx_word' id='word_1_563' title='bbox 2897 3486 3119 3557; x_wconf 80' lang='lat' dir='ltr'><strong>antiquo</strong></span> <span class='ocrx_word' id='word_1_564' title='bbox 3148 3487 3363 3546; x_wconf 69' lang='lat' dir='ltr'><strong>lavandi</strong></span> 
     </span>
    </p>
   </div>
   <div class='ocr_carea' id='block_1_79' title="bbox 1799 3582 3375 3656">
    <p class='ocr_par' dir='ltr' id='par_1_79' title="bbox 1799 3582 3375 3656">
     <span class='ocr_line' id='line_1_79' title="bbox 1799 3582 3375 3656; baseline 0.002 -19"><span class='ocrx_word' id='word_1_565' title='bbox 1799 3597 1993 3637; x_wconf 85' lang='lat' dir='ltr'><strong>manus</strong></span> <span class='ocrx_word' id='word_1_566' title='bbox 2013 3593 2164 3637; x_wconf 72' lang='lat' dir='ltr'><strong>extra</strong></span> <span class='ocrx_word' id='word_1_567' title='bbox 2198 3583 2482 3640; x_wconf 89' lang='lat' dir='ltr'><strong>ecclesiam</strong></span> <span class='ocrx_word' id='word_1_568' title='bbox 2526 3590 2653 3638; x_wconf 87' lang='lat' dir='ltr'><strong>ante</strong></span> <span class='ocrx_word' id='word_1_569' title='bbox 2680 3582 2983 3656; x_wconf 75' lang='lat' dir='ltr'><strong>ingressum</strong></span> <span class='ocrx_word' id='word_1_570' title='bbox 3015 3584 3136 3639; x_wconf 84' lang='lat' dir='ltr'><strong>vide</strong></span> <span class='ocrx_word' id='word_1_571' title='bbox 3166 3586 3375 3655; x_wconf 78' lang='lat' dir='ltr'><strong>episto-</strong></span> 
     </span>
    </p>
   </div>
   <div class='ocr_carea' id='block_1_80' title="bbox 1796 3674 3372 3750">
    <p class='ocr_par' dir='ltr' id='par_1_80' title="bbox 1796 3674 3372 3750">
     <span class='ocr_line' id='line_1_80' title="bbox 1796 3674 3372 3750; baseline 0.003 -22"><span class='ocrx_word' id='word_1_572' title='bbox 1796 3675 1902 3732; x_wconf 72' lang='lat' dir='ltr'><strong>lam</strong></span> <span class='ocrx_word' id='word_1_573' title='bbox 1933 3674 1992 3729; x_wconf 84' lang='lat' dir='ltr'><strong>S.</strong></span> <span class='ocrx_word' id='word_1_574' title='bbox 2025 3674 2128 3730; x_wconf 79' lang='lat' dir='ltr'><strong>Nili</strong></span> <span class='ocrx_word' id='word_1_575' title='bbox 2160 3675 2250 3744; x_wconf 71' lang='grc'><strong>24,</strong></span> <span class='ocrx_word' id='word_1_576' title='bbox 2281 3677 2318 3732; x_wconf 88' lang='lat' dir='ltr'><strong>l.</strong></span> <span class='ocrx_word' id='word_1_577' title='bbox 2347 3675 2476 3731; x_wconf 86' lang='lat' dir='ltr'><strong>ted.</strong></span> <span class='ocrx_word' id='word_1_578' title='bbox 2504 3674 2661 3736; x_wconf 71' lang='lat' dir='ltr'><strong>Rom.</strong></span> <span class='ocrx_word' id='word_1_579' title='bbox 2692 3676 2836 3747; x_wconf 83' lang='lat' dir='ltr'><strong>typis</strong></span> <span class='ocrx_word' id='word_1_580' title='bbox 2863 3676 3192 3747; x_wconf 81' lang='lat' dir='ltr'><strong>Barberinis,</strong></span> <span class='ocrx_word' id='word_1_581' title='bbox 3224 3695 3279 3750; x_wconf 83' lang='lat' dir='ltr'><strong>p.</strong></span> <span class='ocrx_word' id='word_1_582' title='bbox 3315 3682 3372 3739; x_wconf 90' lang='lat'><strong>9.</strong></span> 
     </span>
    </p>
   </div>
   <div class='ocr_carea' id='block_1_81' title="bbox 1869 3768 3376 3846">
    <p class='ocr_par' dir='ltr' id='par_1_81' title="bbox 1869 3768 3376 3846">
     <span class='ocr_line' id='line_1_81' title="bbox 1869 3768 3376 3846; baseline 0.001 -20"><span class='ocrx_word' id='word_1_583' title='bbox 1869 3768 2032 3841; x_wconf 78' lang='grc'><strong>723</strong></span> <span class='ocrx_word' id='word_1_584' title='bbox 2067 3771 2547 3839; x_wconf 73' lang='grc' dir='ltr'><strong>Φυλλοκρινεῖν,</strong></span> <span class='ocrx_word' id='word_1_585' title='bbox 2614 3785 2667 3841; x_wconf 90' lang='lat' dir='ltr'><strong>p.</strong></span> <span class='ocrx_word' id='word_1_586' title='bbox 2729 3770 2848 3824; x_wconf 74' lang='lat' dir='ltr'><strong>Hii.</strong></span> <span class='ocrx_word' id='word_1_587' title='bbox 2922 3770 3376 3846; x_wconf 74' lang='grc' dir='ltr'><strong>Ἐφυλλοκρὶνουν</strong></span> 
     </span>
    </p>
   </div>
   <div class='ocr_carea' id='block_1_82' title="bbox 1798 3861 3373 3936">
    <p class='ocr_par' dir='ltr' id='par_1_82' title="bbox 1798 3861 3373 3936">
     <span class='ocr_line' id='line_1_82' title="bbox 1798 3861 3373 3936; baseline 0.004 -20"><span class='ocrx_word' id='word_1_588' title='bbox 1798 3861 2042 3932; x_wconf 76' lang='grc' dir='ltr'><strong>ἀκριϐῶς</strong></span> <span class='ocrx_word' id='word_1_589' title='bbox 2068 3863 2165 3934; x_wconf 79' lang='grc' dir='ltr'><strong>τὴν</strong></span> <span class='ocrx_word' id='word_1_590' title='bbox 2199 3861 2479 3933; x_wconf 71' lang='grc' dir='ltr'><strong>ἐξήγησιν.</strong></span> <span class='ocrx_word' id='word_1_591' title='bbox 2512 3862 2585 3916; x_wconf 88' lang='lat' dir='ltr'><strong>Ita</strong></span> <span class='ocrx_word' id='word_1_592' title='bbox 2617 3862 2922 3919; x_wconf 79' lang='lat' dir='ltr'><strong>clarissime</strong></span> <span class='ocrx_word' id='word_1_593' title='bbox 2950 3865 3205 3936; x_wconf 78' lang='lat' dir='ltr'><strong>exprimit</strong></span> <span class='ocrx_word' id='word_1_594' title='bbox 3231 3868 3373 3922; x_wconf 85' lang='lat' dir='ltr'><strong>hunc</strong></span> 
     </span>
    </p>
   </div>
   <div class='ocr_carea' id='block_1_83' title="bbox 1798 3954 3369 4028">
    <p class='ocr_par' dir='ltr' id='par_1_83' title="bbox 1798 3954 3369 4028">
     <span class='ocr_line' id='line_1_83' title="bbox 1798 3954 3369 4028; baseline 0.004 -18"><span class='ocrx_word' id='word_1_595' title='bbox 1798 3956 1977 4011; x_wconf 83' lang='lat' dir='ltr'><strong>locum</strong></span> <span class='ocrx_word' id='word_1_596' title='bbox 2006 3958 2173 4011; x_wconf 80' lang='lat' dir='ltr'><strong>codex</strong></span> <span class='ocrx_word' id='word_1_597' title='bbox 2211 3957 2451 4026; x_wconf 87' lang='lat' dir='ltr'><strong>optimus</strong></span> <span class='ocrx_word' id='word_1_598' title='bbox 2487 3954 2843 4025; x_wconf 83' lang='lat' dir='ltr'><strong>Barberinus,</strong></span> <span class='ocrx_word' id='word_1_599' title='bbox 2877 3975 3035 4028; x_wconf 89' lang='lat' dir='ltr'><strong>quem</strong></span> <span class='ocrx_word' id='word_1_600' title='bbox 3063 3961 3176 4016; x_wconf 66' lang='lat' dir='ltr'><strong>haec</strong></span> <span class='ocrx_word' id='word_1_601' title='bbox 3201 3961 3369 4017; x_wconf 82' lang='lat' dir='ltr'><strong>editio</strong></span> 
     </span>
    </p>
   </div>
   <div class='ocr_carea' id='block_1_84' title="bbox 1801 4050 3368 4121">
    <p class='ocr_par' dir='ltr' id='par_1_84' title="bbox 1801 4050 3368 4121">
     <span class='ocr_line' id='line_1_84' title="bbox 1801 4050 3368 4121; baseline 0.005 -17"><span class='ocrx_word' id='word_1_602' title='bbox 1801 4050 2068 4121; x_wconf 73' lang='lat' dir='ltr'><strong>praecipue</strong></span> <span class='ocrx_word' id='word_1_603' title='bbox 2113 4053 2263 4120; x_wconf 86' lang='lat' dir='ltr'><strong>sequi</strong></span> <span class='ocrx_word' id='word_1_604' title='bbox 2319 4052 2618 4121; x_wconf 79' lang='lat' dir='ltr'><strong>pt&#39;otitetur.</strong></span> <span class='ocrx_word' id='word_1_605' title='bbox 2671 4052 2853 4118; x_wconf 80' lang='lat' dir='ltr'><strong>Quare</strong></span> <span class='ocrx_word' id='word_1_606' title='bbox 2885 4054 3050 4108; x_wconf 89' lang='lat' dir='ltr'><strong>aliam</strong></span> <span class='ocrx_word' id='word_1_607' title='bbox 3081 4054 3368 4112; x_wconf 88' lang='lat' dir='ltr'><strong>lectionem</strong></span> 
     </span>
    </p>
   </div>
   <div class='ocr_carea' id='block_1_85' title="bbox 1799 4143 3368 4223">
    <p class='ocr_par' dir='ltr' id='par_1_85' title="bbox 1799 4143 3368 4223">
     <span class='ocr_line' id='line_1_85' title="bbox 1799 4143 3368 4223; baseline 0.003 -24"><span class='ocrx_word' id='word_1_608' title='bbox 1799 4145 2053 4200; x_wconf 81' lang='lat' dir='ltr'><strong>Allatiani</strong></span> <span class='ocrx_word' id='word_1_609' title='bbox 2109 4143 2485 4215; x_wconf 74' lang='grc' dir='ltr'>ὲφιλοκρὶνουν</span> <span class='ocrx_word' id='word_1_610' title='bbox 2517 4158 2614 4214; x_wconf 89' lang='lat' dir='ltr'><strong>pro</strong></span> <span class='ocrx_word' id='word_1_611' title='bbox 2663 4144 3087 4218; x_wconf 58' lang='grc' dir='ltr'>ὲφυλλοκρίιουν</span> <span class='ocrx_word' id='word_1_612' title='bbox 3119 4148 3368 4223; x_wconf 73' lang='lat' dir='ltr'><strong>legentis,</strong></span> 
     </span>
    </p>
   </div>
   <div class='ocr_carea' id='block_1_86' title="bbox 1799 4234 3371 4313">
    <p class='ocr_par' dir='ltr' id='par_1_86' title="bbox 1799 4234 3371 4313">
     <span class='ocr_line' id='line_1_86' title="bbox 1799 4234 3371 4313; baseline 0.002 -18"><span class='ocrx_word' id='word_1_613' title='bbox 1799 4239 1995 4295; x_wconf 82' lang='lat' dir='ltr'><strong>silente</strong></span> <span class='ocrx_word' id='word_1_614' title='bbox 2031 4236 2331 4309; x_wconf 64' lang='lat' dir='ltr'><strong>praesertim</strong></span> <span class='ocrx_word' id='word_1_615' title='bbox 2370 4234 2656 4305; x_wconf 82' lang='lat' dir='ltr'><strong>Vaticano,</strong></span> <span class='ocrx_word' id='word_1_616' title='bbox 2691 4236 2783 4309; x_wconf 82' lang='lat' dir='ltr'><strong>qui</strong></span> <span class='ocrx_word' id='word_1_617' title='bbox 2815 4254 3028 4295; x_wconf 82' lang='lat' dir='ltr'><strong>comma</strong></span> <span class='ocrx_word' id='word_1_618' title='bbox 3063 4234 3206 4297; x_wconf 75' lang='lat' dir='ltr'><strong>istud</strong></span> <span class='ocrx_word' id='word_1_619' title='bbox 3229 4257 3371 4313; x_wconf 69' lang='lat' dir='ltr'><strong>prte-</strong></span> 
     </span>
    </p>
   </div>
   <div class='ocr_carea' id='block_1_87' title="bbox 1802 4327 3366 4406">
    <p class='ocr_par' dir='ltr' id='par_1_87' title="bbox 1802 4327 3366 4406">
     <span class='ocr_line' id='line_1_87' title="bbox 1802 4327 3366 4406; baseline 0.004 -22"><span class='ocrx_word' id='word_1_620' title='bbox 1802 4331 1948 4398; x_wconf 79' lang='lat' dir='ltr'><strong>terit,</strong></span> <span class='ocrx_word' id='word_1_621' title='bbox 1981 4329 2405 4401; x_wconf 87' lang='lat' dir='ltr'><strong>postltabcntlatu</strong></span> <span class='ocrx_word' id='word_1_622' title='bbox 2428 4327 2582 4394; x_wconf 80' lang='lat' dir='ltr'><strong>duxi,</strong></span> <span class='ocrx_word' id='word_1_623' title='bbox 2609 4329 2708 4385; x_wconf 83' lang='lat' dir='ltr'><strong>etsi</strong></span> <span class='ocrx_word' id='word_1_624' title='bbox 2736 4331 2881 4387; x_wconf 89' lang='lat' dir='ltr'><strong>uitro</strong></span> <span class='ocrx_word' id='word_1_625' title='bbox 2910 4331 3084 4388; x_wconf 79' lang='lat' dir='ltr'><strong>fatear</strong></span> <span class='ocrx_word' id='word_1_626' title='bbox 3112 4333 3231 4406; x_wconf 88' lang='lat' dir='ltr'><strong>ejus</strong></span> <span class='ocrx_word' id='word_1_627' title='bbox 3263 4349 3366 4390; x_wconf 72' lang='lat' dir='ltr'><strong>ex-</strong></span> 
     </span>
    </p>
   </div>
   <div class='ocr_carea' id='block_1_88' title="bbox 1801 4422 3370 4498">
    <p class='ocr_par' dir='ltr' id='par_1_88' title="bbox 1801 4422 3370 4498">
     <span class='ocr_line' id='line_1_88' title="bbox 1801 4422 3370 4498; baseline 0.003 -19"><span class='ocrx_word' id='word_1_628' title='bbox 1801 4425 2117 4496; x_wconf 83' lang='lat' dir='ltr'><strong>peditiorem</strong></span> <span class='ocrx_word' id='word_1_629' title='bbox 2170 4439 2385 4479; x_wconf 89' lang='lat' dir='ltr'><strong>sensum</strong></span> <span class='ocrx_word' id='word_1_630' title='bbox 2443 4440 2584 4481; x_wconf 89' lang='lat' dir='ltr'><strong>esse.</strong></span> <span class='ocrx_word' id='word_1_631' title='bbox 2635 4422 2769 4479; x_wconf 83' lang='lat' dir='ltr'><strong>Nam</strong></span> <span class='ocrx_word' id='word_1_632' title='bbox 2806 4431 3138 4498; x_wconf 65' lang='grc' dir='ltr'>φιωκρινείν</span> <span class='ocrx_word' id='word_1_633' title='bbox 3183 4440 3370 4483; x_wconf 89' lang='lat' dir='ltr'><strong>notum</strong></span> 
     </span>
    </p>
   </div>
   <div class='ocr_carea' id='block_1_89' title="bbox 1801 4517 3372 4589">
    <p class='ocr_par' dir='ltr' id='par_1_89' title="bbox 1801 4517 3372 4589">
     <span class='ocr_line' id='line_1_89' title="bbox 1801 4517 3372 4589; baseline 0.003 -18"><span class='ocrx_word' id='word_1_634' title='bbox 1801 4520 2022 4574; x_wconf 86' lang='lat' dir='ltr'><strong>verbum</strong></span> <span class='ocrx_word' id='word_1_635' title='bbox 2058 4527 2165 4577; x_wconf 88' lang='lat' dir='ltr'><strong>est.</strong></span> <span class='ocrx_word' id='word_1_636' title='bbox 2220 4517 2383 4571; x_wconf 81' lang='lat' dir='ltr'><strong>etiam</strong></span> <span class='ocrx_word' id='word_1_637' title='bbox 2419 4519 2701 4573; x_wconf 89' lang='lat' dir='ltr'><strong>commode</strong></span> <span class='ocrx_word' id='word_1_638' title='bbox 2755 4519 3034 4589; x_wconf 85' lang='lat' dir='ltr'><strong>quadrans</strong></span> <span class='ocrx_word' id='word_1_639' title='bbox 3066 4521 3116 4574; x_wconf 89' lang='lat' dir='ltr'><strong>itt</strong></span> <span class='ocrx_word' id='word_1_640' title='bbox 3145 4533 3372 4576; x_wconf 73' lang='lat' dir='ltr'><strong>senten-</strong></span> 
     </span>
    </p>
   </div>
   <div class='ocr_carea' id='block_1_90' title="bbox 143 4599 3369 4684">
    <p class='ocr_par' dir='ltr' id='par_1_90' title="bbox 143 4599 3369 4684">
     <span class='ocr_line' id='line_1_90' title="bbox 143 4599 3369 4684; baseline 0 -18"><span class='ocrx_word' id='word_1_641' title='bbox 143 4623 246 4669; x_wconf 88' lang='lat' dir='ltr'><strong>tcus</strong></span> <span class='ocrx_word' id='word_1_642' title='bbox 276 4625 510 4684; x_wconf 87' lang='lat' dir='ltr'><strong>quatuor</strong></span> <span class='ocrx_word' id='word_1_643' title='bbox 568 4614 741 4684; x_wconf 78' lang='lat' dir='ltr'><strong>aspris</strong></span> <span class='ocrx_word' id='word_1_644' title='bbox 798 4612 1149 4682; x_wconf 74' lang='lat' dir='ltr'><strong>tequivalens.</strong></span> <span class='ocrx_word' id='word_1_645' title='bbox 1202 4611 1333 4666; x_wconf 84' lang='lat' dir='ltr'><strong>Cum</strong></span> <span class='ocrx_word' id='word_1_646' title='bbox 1390 4625 1593 4682; x_wconf 87' lang='lat' dir='ltr'><strong>autem,</strong></span> <span class='ocrx_word' id='word_1_647' title='bbox 1640 4627 1695 4670; x_wconf 88' lang='lat' dir='ltr'><strong>ut</strong></span> <span class='ocrx_word' id='word_1_648' title='bbox 1725 4610 1777 4670; x_wconf 88' lang='lat' dir='ltr'><strong><em>D</em></strong></span> <span class='ocrx_word' id='word_1_649' title='bbox 1807 4611 1933 4666; x_wconf 88' lang='lat' dir='ltr'><strong>tiant</strong></span> <span class='ocrx_word' id='word_1_650' title='bbox 1988 4611 2121 4667; x_wconf 89' lang='lat' dir='ltr'><strong>loci.</strong></span> <span class='ocrx_word' id='word_1_651' title='bbox 2178 4599 2288 4667; x_wconf 25' lang='lat' dir='ltr'><strong>Sed.</strong></span> <span class='ocrx_word' id='word_1_652' title='bbox 2317 4625 2437 4666; x_wconf 88' lang='lat' dir='ltr'><strong>cum</strong></span> <span class='ocrx_word' id='word_1_653' title='bbox 2471 4612 2638 4666; x_wconf 87' lang='lat' dir='ltr'><strong>sciant</strong></span> <span class='ocrx_word' id='word_1_654' title='bbox 2684 4610 3066 4681; x_wconf 80' lang='lat' dir='ltr'><strong>Pacbymerettt</strong></span> <span class='ocrx_word' id='word_1_655' title='bbox 3099 4611 3166 4667; x_wconf 89' lang='lat' dir='ltr'><strong>ab</strong></span> <span class='ocrx_word' id='word_1_656' title='bbox 3190 4612 3369 4668; x_wconf 86' lang='lat' dir='ltr'><strong>obviis</strong></span> 
     </span>
    </p>
   </div>
   <div class='ocr_carea' id='block_1_91' title="bbox 144 4703 3373 4776">
    <p class='ocr_par' dir='ltr' id='par_1_91' title="bbox 144 4703 3373 4776">
     <span class='ocr_line' id='line_1_91' title="bbox 144 4703 3373 4776; baseline 0.001 -17"><span class='ocrx_word' id='word_1_657' title='bbox 144 4708 269 4763; x_wconf 90' lang='lat' dir='ltr'><strong>idem</strong></span> <span class='ocrx_word' id='word_1_658' title='bbox 307 4709 577 4769; x_wconf 86' lang='lat' dir='ltr'><strong>tradebat,</strong></span> <span class='ocrx_word' id='word_1_659' title='bbox 611 4723 771 4776; x_wconf 78' lang='lat' dir='ltr'><strong>aspra</strong></span> <span class='ocrx_word' id='word_1_660' title='bbox 804 4722 907 4761; x_wconf 81' lang='lat' dir='ltr'><strong>non</strong></span> <span class='ocrx_word' id='word_1_661' title='bbox 943 4706 1064 4774; x_wconf 87' lang='lat' dir='ltr'><strong>plus</strong></span> <span class='ocrx_word' id='word_1_662' title='bbox 1097 4705 1308 4776; x_wconf 76' lang='lat' dir='ltr'><strong>singula</strong></span> <span class='ocrx_word' id='word_1_663' title='bbox 1347 4706 1560 4762; x_wconf 83' lang='lat' dir='ltr'><strong>valeant</strong></span> <span class='ocrx_word' id='word_1_664' title='bbox 1605 4724 1701 4764; x_wconf 82' lang='lat' dir='ltr'><strong>sex</strong></span> <span class='ocrx_word' id='word_1_665' title='bbox 1800 4720 1943 4772; x_wconf 67' lang='lat' dir='ltr'><strong>saepe</strong></span> <span class='ocrx_word' id='word_1_666' title='bbox 1989 4703 2260 4774; x_wconf 78' lang='lat' dir='ltr'><strong>refugere,</strong></span> <span class='ocrx_word' id='word_1_667' title='bbox 2314 4703 2640 4760; x_wconf 87' lang='lat' dir='ltr'><strong>obsoletiora</strong></span> <span class='ocrx_word' id='word_1_668' title='bbox 2674 4704 2868 4774; x_wconf 84' lang='lat' dir='ltr'><strong>cupide</strong></span> <span class='ocrx_word' id='word_1_669' title='bbox 2894 4719 3201 4772; x_wconf 83' lang='lat' dir='ltr'><strong>accersere,</strong></span> <span class='ocrx_word' id='word_1_670' title='bbox 3228 4709 3373 4762; x_wconf 80' lang='lat' dir='ltr'><strong>arbi-</strong></span> 
     </span>
    </p>
   </div>
   <div class='ocr_carea' id='block_1_92' title="bbox 146 4798 1698 4870">
    <p class='ocr_par' dir='ltr' id='par_1_92' title="bbox 146 4798 1698 4870">
     <span class='ocr_line' id='line_1_92' title="bbox 146 4798 1698 4870; baseline 0.001 -17"><span class='ocrx_word' id='word_1_671' title='bbox 146 4803 345 4857; x_wconf 85' lang='lat' dir='ltr'><strong>tninutis</strong></span> <span class='ocrx_word' id='word_1_672' title='bbox 375 4801 544 4858; x_wconf 74' lang='lat' dir='ltr'><strong>anteis</strong></span> <span class='ocrx_word' id='word_1_673' title='bbox 573 4802 688 4856; x_wconf 82' lang='lat' dir='ltr'><strong>sive</strong></span> <span class='ocrx_word' id='word_1_674' title='bbox 739 4799 1027 4870; x_wconf 75' lang='lat' dir='ltr'><strong>quatrinis,</strong></span> <span class='ocrx_word' id='word_1_675' title='bbox 1087 4808 1142 4852; x_wconf 90' lang='lat' dir='ltr'><strong>ut</strong></span> <span class='ocrx_word' id='word_1_676' title='bbox 1180 4799 1341 4868; x_wconf 76' lang='lat' dir='ltr'><strong>vulgo</strong></span> <span class='ocrx_word' id='word_1_677' title='bbox 1396 4800 1482 4853; x_wconf 90' lang='lat' dir='ltr'><strong>hic</strong></span> <span class='ocrx_word' id='word_1_678' title='bbox 1516 4798 1698 4854; x_wconf 64' lang='lat' dir='ltr'><strong>Romae</strong></span> 
     </span>
    </p>
   </div>
   <div class='ocr_carea' id='block_1_93' title="bbox 144 4889 1695 4966">
    <p class='ocr_par' dir='ltr' id='par_1_93' title="bbox 144 4889 1695 4966">
     <span class='ocr_line' id='line_1_93' title="bbox 144 4889 1695 4966; baseline 0.001 -22"><span class='ocrx_word' id='word_1_679' title='bbox 144 4899 435 4965; x_wconf 70' lang='lat' dir='ltr'><strong>loquuntur,</strong></span> <span class='ocrx_word' id='word_1_680' title='bbox 502 4910 728 4966; x_wconf 87' lang='lat' dir='ltr'><strong>quorum</strong></span> <span class='ocrx_word' id='word_1_681' title='bbox 782 4891 1174 4962; x_wconf 79' lang='lat' dir='ltr'><strong>quinquaginta</strong></span> <span class='ocrx_word' id='word_1_682' title='bbox 1204 4889 1403 4945; x_wconf 81' lang='lat' dir='ltr'><strong>Julinm</strong></span> <span class='ocrx_word' id='word_1_683' title='bbox 1441 4891 1554 4945; x_wconf 87' lang='lat' dir='ltr'><strong>sive</strong></span> <span class='ocrx_word' id='word_1_684' title='bbox 1599 4893 1695 4945; x_wconf 82' lang='lat' dir='ltr'><strong>de—</strong></span> 
     </span>
    </p>
   </div>
   <div class='ocr_carea' id='block_1_94' title="bbox 145 4974 1695 5057">
    <p class='ocr_par' dir='ltr' id='par_1_94' title="bbox 145 4974 1695 5057">
     <span class='ocr_line' id='line_1_94' title="bbox 145 4974 1695 5057; baseline -0.006 -12"><span class='ocrx_word' id='word_1_685' title='bbox 145 4974 333 5048; x_wconf 82' lang='lat' dir='ltr'><strong>narium</strong></span> <span class='ocrx_word' id='word_1_686' title='bbox 358 4993 664 5047; x_wconf 79' lang='lat' dir='ltr'><strong>Romanum</strong></span> <span class='ocrx_word' id='word_1_687' title='bbox 691 4988 864 5057; x_wconf 84' lang='lat' dir='ltr'><strong>pretio</strong></span> <span class='ocrx_word' id='word_1_688' title='bbox 897 4987 1198 5056; x_wconf 68' lang='lat' dir='ltr'><strong>adaequant,</strong></span> <span class='ocrx_word' id='word_1_689' title='bbox 1240 4986 1559 5055; x_wconf 77' lang='lat' dir='ltr'><strong>intelligitur</strong></span> <span class='ocrx_word' id='word_1_690' title='bbox 1592 4987 1695 5055; x_wconf 78' lang='lat' dir='ltr'><strong>by-</strong></span> 
     </span>
    </p>
   </div>
   <div class='ocr_carea' id='block_1_95' title="bbox 144 5080 1696 5161">
    <p class='ocr_par' dir='ltr' id='par_1_95' title="bbox 144 5080 1696 5161">
     <span class='ocr_line' id='line_1_95' title="bbox 144 5080 1696 5161; baseline -0.006 -16"><span class='ocrx_word' id='word_1_691' title='bbox 144 5104 390 5161; x_wconf 80' lang='lat' dir='ltr'><strong>perpyron</strong></span> <span class='ocrx_word' id='word_1_692' title='bbox 451 5087 732 5158; x_wconf 86' lang='lat' dir='ltr'><strong>quatrinos</strong></span> <span class='ocrx_word' id='word_1_693' title='bbox 786 5083 975 5153; x_wconf 79' lang='lat' dir='ltr'><strong>viginti</strong></span> <span class='ocrx_word' id='word_1_694' title='bbox 1031 5091 1261 5152; x_wconf 82' lang='lat' dir='ltr'><strong>quatuor</strong></span> <span class='ocrx_word' id='word_1_695' title='bbox 1293 5080 1549 5151; x_wconf 72' lang='lat' dir='ltr'><strong>pendere,</strong></span> <span class='ocrx_word' id='word_1_696' title='bbox 1595 5083 1696 5135; x_wconf 90' lang='lat' dir='ltr'><strong>hoc</strong></span> 
     </span>
    </p>
   </div>
   <div class='ocr_carea' id='block_1_96' title="bbox 146 5176 1698 5253">
    <p class='ocr_par' dir='ltr' id='par_1_96' title="bbox 146 5176 1698 5253">
     <span class='ocr_line' id='line_1_96' title="bbox 146 5176 1698 5253; baseline -0.007 -16"><span class='ocrx_word' id='word_1_697' title='bbox 146 5195 238 5248; x_wconf 89' lang='lat' dir='ltr'><strong>est,</strong></span> <span class='ocrx_word' id='word_1_698' title='bbox 271 5200 333 5239; x_wconf 90' lang='lat' dir='ltr'><strong>ne</strong></span> <span class='ocrx_word' id='word_1_699' title='bbox 364 5178 947 5253; x_wconf 84' lang='lat' dir='ltr'><strong>semijuliumquidetn</strong></span> <span class='ocrx_word' id='word_1_700' title='bbox 994 5176 1319 5239; x_wconf 80' lang='lat' dir='ltr'><strong>Romanum,</strong></span> <span class='ocrx_word' id='word_1_701' title='bbox 1355 5191 1513 5246; x_wconf 85' lang='lat' dir='ltr'><strong>quem</strong></span> <span class='ocrx_word' id='word_1_702' title='bbox 1549 5191 1698 5246; x_wconf 79' lang='lat' dir='ltr'><strong>gres-</strong></span> 
     </span>
    </p>
   </div>
   <div class='ocr_carea' id='block_1_97' title="bbox 142 5267 1693 5341">
    <p class='ocr_par' dir='ltr' id='par_1_97' title="bbox 142 5267 1693 5341">
     <span class='ocr_line' id='line_1_97' title="bbox 142 5267 1693 5341; baseline -0.005 -12"><span class='ocrx_word' id='word_1_703' title='bbox 142 5293 244 5330; x_wconf 78' lang='lat' dir='ltr'><strong>sum</strong></span> <span class='ocrx_word' id='word_1_704' title='bbox 275 5287 486 5341; x_wconf 88' lang='lat' dir='ltr'><strong>vocant,</strong></span> <span class='ocrx_word' id='word_1_705' title='bbox 519 5276 880 5330; x_wconf 64' lang='lat' dir='ltr'><strong>restituatione</strong></span> <span class='ocrx_word' id='word_1_706' title='bbox 933 5270 1181 5338; x_wconf 80' lang='lat' dir='ltr'><strong>assequi;</strong></span> <span class='ocrx_word' id='word_1_707' title='bbox 1221 5284 1344 5322; x_wconf 78' lang='lat' dir='ltr'><strong>nam</strong></span> <span class='ocrx_word' id='word_1_708' title='bbox 1409 5269 1454 5322; x_wconf 86' lang='lat' dir='ltr'><strong>is</strong></span> <span class='ocrx_word' id='word_1_709' title='bbox 1505 5267 1693 5336; x_wconf 75' lang='lat' dir='ltr'><strong>viginti</strong></span> 
     </span>
    </p>
   </div>
   <div class='ocr_carea' id='block_1_98' title="bbox 147 5362 1693 5442">
    <p class='ocr_par' dir='ltr' id='par_1_98' title="bbox 147 5362 1693 5442">
     <span class='ocr_line' id='line_1_98' title="bbox 147 5362 1693 5442; baseline -0.006 -17"><span class='ocrx_word' id='word_1_710' title='bbox 147 5372 368 5442; x_wconf 87' lang='lat' dir='ltr'><strong>quinque</strong></span> <span class='ocrx_word' id='word_1_711' title='bbox 403 5368 690 5440; x_wconf 83' lang='lat' dir='ltr'><strong>quatrinos</strong></span> <span class='ocrx_word' id='word_1_712' title='bbox 713 5367 975 5422; x_wconf 87' lang='lat' dir='ltr'><strong>continet.</strong></span> <span class='ocrx_word' id='word_1_713' title='bbox 1010 5362 1280 5419; x_wconf 87' lang='lat' dir='ltr'><strong>Usitatntn</strong></span> <span class='ocrx_word' id='word_1_714' title='bbox 1314 5372 1369 5416; x_wconf 87' lang='lat' dir='ltr'><strong>et</strong></span> <span class='ocrx_word' id='word_1_715' title='bbox 1402 5362 1523 5417; x_wconf 84' lang='lat' dir='ltr'><strong>aliis</strong></span> <span class='ocrx_word' id='word_1_716' title='bbox 1553 5362 1693 5416; x_wconf 86' lang='lat' dir='ltr'><strong>scri-</strong></span> 
     </span>
    </p>
   </div>
   <div class='ocr_carea' id='block_1_99' title="bbox 143 5457 1696 5533">
    <p class='ocr_par' dir='ltr' id='par_1_99' title="bbox 143 5457 1696 5533">
     <span class='ocr_line' id='line_1_99' title="bbox 143 5457 1696 5533; baseline -0.008 -12"><span class='ocrx_word' id='word_1_717' title='bbox 143 5467 370 5533; x_wconf 85' lang='lat' dir='ltr'><strong>ptoribus</strong></span> <span class='ocrx_word' id='word_1_718' title='bbox 422 5466 526 5522; x_wconf 84' lang='lat' dir='ltr'><strong>hoc</strong></span> <span class='ocrx_word' id='word_1_719' title='bbox 579 5463 782 5518; x_wconf 68' lang='lat' dir='ltr'><strong>Graecae</strong></span> <span class='ocrx_word' id='word_1_720' title='bbox 834 5468 1063 5514; x_wconf 68' lang='lat' dir='ltr'><strong>monetae</strong></span> <span class='ocrx_word' id='word_1_721' title='bbox 1123 5472 1321 5512; x_wconf 86' lang='lat' dir='ltr'><strong>nomen</strong></span> <span class='ocrx_word' id='word_1_722' title='bbox 1391 5457 1591 5510; x_wconf 88' lang='lat' dir='ltr'><strong>dudum</strong></span> <span class='ocrx_word' id='word_1_723' title='bbox 1642 5464 1696 5509; x_wconf 87' lang='lat' dir='ltr'><strong>te</strong></span> 
     </span>
    </p>
   </div>
   <div class='ocr_carea' id='block_1_100' title="bbox 147 5551 1697 5627">
    <p class='ocr_par' dir='ltr' id='par_1_100' title="bbox 147 5551 1697 5627">
     <span class='ocr_line' id='line_1_100' title="bbox 147 5551 1697 5627; baseline -0.008 -10"><span class='ocrx_word' id='word_1_724' title='bbox 147 5561 396 5618; x_wconf 67' lang='lat' dir='ltr'><strong>Meursius</strong></span> <span class='ocrx_word' id='word_1_725' title='bbox 429 5558 717 5616; x_wconf 88' lang='lat' dir='ltr'><strong>docuerit:</strong></span> <span class='ocrx_word' id='word_1_726' title='bbox 747 5558 841 5612; x_wconf 86' lang='lat' dir='ltr'><strong>sed</strong></span> <span class='ocrx_word' id='word_1_727' title='bbox 868 5566 1130 5627; x_wconf 83' lang='lat' dir='ltr'><strong>quantum</strong></span> <span class='ocrx_word' id='word_1_728' title='bbox 1157 5566 1219 5607; x_wconf 83' lang='lat' dir='ltr'><strong>ea</strong></span> <span class='ocrx_word' id='word_1_729' title='bbox 1257 5551 1452 5615; x_wconf 86' lang='lat' dir='ltr'><strong>valeat,</strong></span> <span class='ocrx_word' id='word_1_730' title='bbox 1486 5551 1530 5604; x_wconf 84' lang='lat' dir='ltr'><strong>si</strong></span> <span class='ocrx_word' id='word_1_731' title='bbox 1570 5564 1697 5604; x_wconf 71' lang='lat' dir='ltr'><strong>cne-</strong></span> 
     </span>
    </p>
   </div>
   <div class='ocr_carea' id='block_1_101' title="bbox 148 5645 1697 5716">
    <p class='ocr_par' dir='ltr' id='par_1_101' title="bbox 148 5645 1697 5716">
     <span class='ocr_line' id='line_1_101' title="bbox 148 5645 1697 5716; baseline -0.01 -3"><span class='ocrx_word' id='word_1_732' title='bbox 148 5658 360 5714; x_wconf 88' lang='lat' dir='ltr'><strong>dendutn</strong></span> <span class='ocrx_word' id='word_1_733' title='bbox 410 5654 633 5710; x_wconf 81' lang='lat' dir='ltr'><strong>duxeris</strong></span> <span class='ocrx_word' id='word_1_734' title='bbox 687 5652 741 5707; x_wconf 86' lang='lat' dir='ltr'><strong>in</strong></span> <span class='ocrx_word' id='word_1_735' title='bbox 796 5666 852 5705; x_wconf 88' lang='lat' dir='ltr'><strong>re</strong></span> <span class='ocrx_word' id='word_1_736' title='bbox 896 5647 1208 5705; x_wconf 83' lang='lat' dir='ltr'><strong>Graecorum</strong></span> <span class='ocrx_word' id='word_1_737' title='bbox 1244 5645 1517 5716; x_wconf 74' lang='lat' dir='ltr'><strong>pOpulatls</strong></span> <span class='ocrx_word' id='word_1_738' title='bbox 1567 5657 1697 5699; x_wconf 83' lang='lat' dir='ltr'><strong>usus</strong></span> 
     </span>
    </p>
   </div>
   <div class='ocr_carea' id='block_1_102' title="bbox 150 5737 1698 5816">
    <p class='ocr_par' dir='ltr' id='par_1_102' title="bbox 150 5737 1698 5816">
     <span class='ocr_line' id='line_1_102' title="bbox 150 5737 1698 5816; baseline -0.01 -10"><span class='ocrx_word' id='word_1_739' title='bbox 150 5751 336 5806; x_wconf 87' lang='lat' dir='ltr'><strong>homini</strong></span> <span class='ocrx_word' id='word_1_740' title='bbox 374 5760 499 5807; x_wconf 88' lang='lat' dir='ltr'><strong>nato</strong></span> <span class='ocrx_word' id='word_1_741' title='bbox 530 5751 865 5816; x_wconf 79' lang='lat' dir='ltr'><strong>edura&#39;oque</strong></span> <span class='ocrx_word' id='word_1_742' title='bbox 898 5745 951 5799; x_wconf 87' lang='lat' dir='ltr'><strong>in</strong></span> <span class='ocrx_word' id='word_1_743' title='bbox 1003 5740 1212 5797; x_wconf 67' lang='lat' dir='ltr'><strong>Graecia</strong></span> <span class='ocrx_word' id='word_1_744' title='bbox 1261 5739 1532 5795; x_wconf 82' lang='lat' dir='ltr'><strong>undenos</strong></span> <span class='ocrx_word' id='word_1_745' title='bbox 1565 5737 1698 5792; x_wconf 72' lang='lat' dir='ltr'><strong>hau-</strong></span> 
     </span>
    </p>
   </div>
   <div class='ocr_carea' id='block_1_103' title="bbox 149 5832 1691 5910">
    <p class='ocr_par' dir='ltr' id='par_1_103' title="bbox 149 5832 1691 5910">
     <span class='ocr_line' id='line_1_103' title="bbox 149 5832 1691 5910; baseline -0.011 -12"><span class='ocrx_word' id='word_1_746' title='bbox 149 5846 327 5910; x_wconf 82' lang='lat' dir='ltr'><strong>simus,</strong></span> <span class='ocrx_word' id='word_1_747' title='bbox 370 5859 434 5900; x_wconf 73' lang='lat' dir='ltr'><strong>ex</strong></span> <span class='ocrx_word' id='word_1_748' title='bbox 483 5845 582 5899; x_wconf 88' lang='lat' dir='ltr'><strong>hac</strong></span> <span class='ocrx_word' id='word_1_749' title='bbox 634 5848 821 5898; x_wconf 71' lang='lat' dir='ltr'><strong>nostra</strong></span> <span class='ocrx_word' id='word_1_750' title='bbox 858 5835 1148 5894; x_wconf 77' lang='lat' dir='ltr'><strong>testimonii</strong></span> <span class='ocrx_word' id='word_1_751' title='bbox 1190 5832 1306 5904; x_wconf 76' lang='lat' dir='ltr'><strong>ejus</strong></span> <span class='ocrx_word' id='word_1_752' title='bbox 1351 5832 1691 5898; x_wconf 76' lang='lat' dir='ltr'><strong>recitatione,</strong></span> 
     </span>
    </p>
   </div>
   <div class='ocr_carea' id='block_1_104' title="bbox 150 5935 546 6006">
    <p class='ocr_par' dir='ltr' id='par_1_104' title="bbox 150 5935 546 6006">
     <span class='ocr_line' id='line_1_104' title="bbox 150 5935 546 6006; baseline -0.003 -15"><span class='ocrx_word' id='word_1_753' title='bbox 150 5935 326 6006; x_wconf 88' lang='lat' dir='ltr'><strong>lector,</strong></span> <span class='ocrx_word' id='word_1_754' title='bbox 356 5940 546 5994; x_wconf 82' lang='lat' dir='ltr'><strong>disces.</strong></span> 
     </span>
    </p>
   </div>
   <div class='ocr_carea' id='block_1_105' title="bbox 1803 4795 3368 4868">
    <p class='ocr_par' dir='ltr' id='par_1_105' title="bbox 1803 4795 3368 4868">
     <span class='ocr_line' id='line_1_105' title="bbox 1803 4795 3368 4868; baseline 0.004 -20"><span class='ocrx_word' id='word_1_755' title='bbox 1803 4806 1916 4849; x_wconf 84' lang='lat' dir='ltr'><strong>trur</strong></span> <span class='ocrx_word' id='word_1_756' title='bbox 1951 4796 2099 4850; x_wconf 85' lang='lat' dir='ltr'><strong>illum</strong></span> <span class='ocrx_word' id='word_1_757' title='bbox 2135 4810 2258 4850; x_wconf 89' lang='lat' dir='ltr'><strong>raro</strong></span> <span class='ocrx_word' id='word_1_758' title='bbox 2286 4795 2545 4850; x_wconf 80' lang='lat' dir='ltr'><strong>vocabulo</strong></span> <span class='ocrx_word' id='word_1_759' title='bbox 2588 4795 2675 4851; x_wconf 88' lang='lat' dir='ltr'><strong>bit-</strong></span> <span class='ocrx_word' id='word_1_760' title='bbox 2705 4797 2778 4850; x_wconf 89' lang='lat' dir='ltr'><strong>uti</strong></span> <span class='ocrx_word' id='word_1_761' title='bbox 2811 4796 3086 4861; x_wconf 86' lang='lat' dir='ltr'><strong>maluisse,</strong></span> <span class='ocrx_word' id='word_1_762' title='bbox 3133 4809 3188 4852; x_wconf 89' lang='lat' dir='ltr'><strong>et</strong></span> <span class='ocrx_word' id='word_1_763' title='bbox 3228 4803 3368 4868; x_wconf 86' lang='lat' dir='ltr'><strong>quod</strong></span> 
     </span>
    </p>
   </div>
   <div class='ocr_carea' id='block_1_106' title="bbox 1801 4890 3370 4968">
    <p class='ocr_par' dir='ltr' id='par_1_106' title="bbox 1801 4890 3370 4968">
     <span class='ocr_line' id='line_1_106' title="bbox 1801 4890 3370 4968; baseline 0.003 -25"><span class='ocrx_word' id='word_1_764' title='bbox 1801 4892 1969 4943; x_wconf 82' lang='lat' dir='ltr'><strong>codex</strong></span> <span class='ocrx_word' id='word_1_765' title='bbox 2005 4891 2246 4944; x_wconf 81' lang='lat' dir='ltr'><strong>omnium</strong></span> <span class='ocrx_word' id='word_1_766' title='bbox 2289 4890 2759 4944; x_wconf 79' lang='lat' dir='ltr'><strong>emendatissintns</strong></span> <span class='ocrx_word' id='word_1_767' title='bbox 2796 4893 3005 4957; x_wconf 76' lang='lat' dir='ltr'><strong>Suadet,</strong></span> <span class='ocrx_word' id='word_1_768' title='bbox 3051 4893 3370 4968; x_wconf 75' lang='grc' dir='ltr'><strong>ὲφυλ),οκρῐ-</strong></span> 
     </span>
    </p>
   </div>
   <div class='ocr_carea' id='block_1_107' title="bbox 1801 4983 3369 5053">
    <p class='ocr_par' dir='ltr' id='par_1_107' title="bbox 1801 4983 3369 5053">
     <span class='ocr_line' id='line_1_107' title="bbox 1801 4983 3369 5053; baseline 0.007 -19"><span class='ocrx_word' id='word_1_769' title='bbox 1801 4999 1921 5034; x_wconf 78' lang='grc' dir='ltr'>νουν</span> <span class='ocrx_word' id='word_1_770' title='bbox 1949 4983 2220 5051; x_wconf 80' lang='lat' dir='ltr'><strong>posuisse,</strong></span> <span class='ocrx_word' id='word_1_771' title='bbox 2258 4992 2313 5036; x_wconf 92' lang='lat' dir='ltr'><strong>nt</strong></span> <span class='ocrx_word' id='word_1_772' title='bbox 2342 4984 2608 5038; x_wconf 79' lang='lat' dir='ltr'><strong>indicaret</strong></span> <span class='ocrx_word' id='word_1_773' title='bbox 2631 4984 2838 5053; x_wconf 81' lang='lat' dir='ltr'><strong>singula</strong></span> <span class='ocrx_word' id='word_1_774' title='bbox 2870 4985 2994 5040; x_wconf 76' lang='lat' dir='ltr'><strong>folia</strong></span> <span class='ocrx_word' id='word_1_775' title='bbox 3027 4987 3369 5045; x_wconf 85' lang='lat' dir='ltr'><strong>dissertatio-</strong></span> 
     </span>
    </p>
   </div>
   <div class='ocr_carea' id='block_1_108' title="bbox 1800 5078 3368 5148">
    <p class='ocr_par' dir='ltr' id='par_1_108' title="bbox 1800 5078 3368 5148">
     <span class='ocr_line' id='line_1_108' title="bbox 1800 5078 3368 5148; baseline 0.003 -16"><span class='ocrx_word' id='word_1_776' title='bbox 1800 5080 1886 5133; x_wconf 86' lang='lat' dir='ltr'><strong>nis</strong></span> <span class='ocrx_word' id='word_1_777' title='bbox 1917 5093 1944 5131; x_wconf 91' lang='lat' dir='ltr'><strong>a</strong></span> <span class='ocrx_word' id='word_1_778' title='bbox 1976 5078 2151 5131; x_wconf 78' lang='lat' dir='ltr'><strong>Vcrco</strong></span> <span class='ocrx_word' id='word_1_779' title='bbox 2185 5079 2398 5146; x_wconf 73' lang='lat' dir='ltr'><strong>scriptze</strong></span> <span class='ocrx_word' id='word_1_780' title='bbox 2420 5094 2651 5133; x_wconf 69' lang='lat' dir='ltr'><strong>excussa</strong></span> <span class='ocrx_word' id='word_1_781' title='bbox 2680 5089 2980 5148; x_wconf 75' lang='lat' dir='ltr'><strong>perattente</strong></span> <span class='ocrx_word' id='word_1_782' title='bbox 3012 5097 3038 5132; x_wconf 89' lang='lat' dir='ltr'><strong>a</strong></span> <span class='ocrx_word' id='word_1_783' title='bbox 3076 5080 3368 5137; x_wconf 86' lang='lat' dir='ltr'><strong>lectoribus</strong></span> 
     </span>
    </p>
   </div>
   <div class='ocr_carea' id='block_1_109' title="bbox 1802 5171 3364 5241">
    <p class='ocr_par' dir='ltr' id='par_1_109' title="bbox 1802 5171 3364 5241">
     <span class='ocr_line' id='line_1_109' title="bbox 1802 5171 3364 5241; baseline 0.003 -16"><span class='ocrx_word' id='word_1_784' title='bbox 1802 5171 1985 5226; x_wconf 76' lang='lat' dir='ltr'><strong>fuisse.</strong></span> <span class='ocrx_word' id='word_1_785' title='bbox 2024 5172 2220 5225; x_wconf 86' lang='lat' dir='ltr'><strong>lterum</strong></span> <span class='ocrx_word' id='word_1_786' title='bbox 2269 5175 2440 5226; x_wconf 89' lang='lat' dir='ltr'><strong>utitur</strong></span> <span class='ocrx_word' id='word_1_787' title='bbox 2473 5174 2572 5227; x_wconf 90' lang='lat' dir='ltr'><strong>boc</strong></span> <span class='ocrx_word' id='word_1_788' title='bbox 2613 5177 2780 5229; x_wconf 83' lang='lat' dir='ltr'><strong>verbo</strong></span> <span class='ocrx_word' id='word_1_789' title='bbox 2809 5183 3015 5238; x_wconf 90' lang='lat' dir='ltr'><strong>noster,</strong></span> <span class='ocrx_word' id='word_1_790' title='bbox 3042 5191 3092 5241; x_wconf 89' lang='lat' dir='ltr'><strong>p.</strong></span> <span class='ocrx_word' id='word_1_791' title='bbox 3123 5175 3248 5240; x_wconf 74' lang='lat'><strong>“8,</strong></span> <span class='ocrx_word' id='word_1_792' title='bbox 3276 5177 3364 5230; x_wconf 89' lang='lat' dir='ltr'><strong>ubi</strong></span> 
     </span>
    </p>
   </div>
   <div class='ocr_carea' id='block_1_110' title="bbox 1798 5267 3365 5324">
    <p class='ocr_par' dir='ltr' id='par_1_110' title="bbox 1798 5267 3365 5324">
     <span class='ocr_line' id='line_1_110' title="bbox 1798 5267 3365 5324; baseline 0 -4"><span class='ocrx_word' id='word_1_793' title='bbox 1798 5267 1875 5320; x_wconf 74' lang='lat' dir='ltr'><strong>sic</strong></span> <span class='ocrx_word' id='word_1_794' title='bbox 1901 5268 2095 5321; x_wconf 80' lang='lat' dir='ltr'><strong>scribit</strong></span> <span class='ocrx_word' id='word_1_795' title='bbox 2139 5268 2206 5321; x_wconf 90' lang='lat' dir='ltr'><strong>de</strong></span> <span class='ocrx_word' id='word_1_796' title='bbox 2247 5267 2611 5322; x_wconf 69' lang='lat' dir='ltr'><strong>odiosissimis</strong></span> <span class='ocrx_word' id='word_1_797' title='bbox 2652 5267 3096 5324; x_wconf 86' lang='lat' dir='ltr'><strong>criminatoribus</strong></span> <span class='ocrx_word' id='word_1_798' title='bbox 3141 5269 3365 5324; x_wconf 67' lang='lat' dir='ltr'><strong>asseclit</strong></span> 
     </span>
    </p>
   </div>
   <div class='ocr_carea' id='block_1_111' title="bbox 1798 5360 3364 5434">
    <p class='ocr_par' dir='ltr' id='par_1_111' title="bbox 1798 5360 3364 5434">
     <span class='ocr_line' id='line_1_111' title="bbox 1798 5360 3364 5434; baseline 0.001 -21"><span class='ocrx_word' id='word_1_799' title='bbox 1798 5361 2077 5415; x_wconf 80' lang='lat' dir='ltr'><strong>Athanasii</strong></span> <span class='ocrx_word' id='word_1_800' title='bbox 2120 5362 2442 5430; x_wconf 71' lang='lat' dir='ltr'><strong>patriarcbm</strong></span> <span class='ocrx_word' id='word_1_801' title='bbox 2475 5376 2489 5416; x_wconf 88' lang='lat'><strong>:</strong></span> <span class='ocrx_word' id='word_1_802' title='bbox 2522 5362 2628 5413; x_wconf 72' lang='lat' dir='ltr'><strong>Kal.</strong></span> <span class='ocrx_word' id='word_1_803' title='bbox 2662 5360 2912 5415; x_wconf 72' lang='grc' dir='ltr'><strong>τοσοῦτον</strong></span> <span class='ocrx_word' id='word_1_804' title='bbox 2943 5362 3364 5434; x_wconf 71' lang='grc' dir='ltr'>ἑφυ&gt;.).οκρινθυν</span> 
     </span>
    </p>
   </div>
   <div class='ocr_carea' id='block_1_112' title="bbox 1795 5453 3366 5526">
    <p class='ocr_par' dir='ltr' id='par_1_112' title="bbox 1795 5453 3366 5526">
     <span class='ocr_line' id='line_1_112' title="bbox 1795 5453 3366 5526; baseline 0.001 -19"><span class='ocrx_word' id='word_1_805' title='bbox 1795 5455 1966 5508; x_wconf 81' lang='grc' dir='ltr'>ταῦτα</span> <span class='ocrx_word' id='word_1_806' title='bbox 2019 5456 2111 5508; x_wconf 79' lang='grc' dir='ltr'><strong>καὶ</strong></span> <span class='ocrx_word' id='word_1_807' title='bbox 2159 5457 2368 5517; x_wconf 79' lang='grc' dir='ltr'>ποιναῖς</span> <span class='ocrx_word' id='word_1_808' title='bbox 2411 5453 2748 5520; x_wconf 72' lang='grc' dir='ltr'><strong>ἐξεκόλαζον,</strong></span> <span class='ocrx_word' id='word_1_809' title='bbox 2793 5454 2868 5519; x_wconf 86' lang='grc' dir='ltr'><strong>ὼς</strong></span> <span class='ocrx_word' id='word_1_810' title='bbox 2917 5453 2993 5526; x_wconf 75' lang='grc' dir='ltr'><strong>μὴ</strong></span> <span class='ocrx_word' id='word_1_811' title='bbox 3043 5455 3205 5524; x_wconf 80' lang='grc' dir='ltr'>μόνον</span> <span class='ocrx_word' id='word_1_812' title='bbox 3240 5460 3366 5518; x_wconf 72' lang='grc' dir='ltr'><strong>τοὺς</strong></span> 
     </span>
    </p>
   </div>
   <div class='ocr_carea' id='block_1_113' title="bbox 1795 5547 3369 5618">
    <p class='ocr_par' dir='ltr' id='par_1_113' title="bbox 1795 5547 3369 5618">
     <span class='ocr_line' id='line_1_113' title="bbox 1795 5547 3369 5618; baseline -0.001 -13"><span class='ocrx_word' id='word_1_813' title='bbox 1795 5547 2220 5616; x_wconf 71' lang='grc' dir='ltr'>ἀδιαφοροῦντας</span> <span class='ocrx_word' id='word_1_814' title='bbox 2247 5547 2477 5600; x_wconf 79' lang='grc' dir='ltr'>δεδιέναι</span> <span class='ocrx_word' id='word_1_815' title='bbox 2523 5551 2612 5600; x_wconf 71' lang='grc' dir='ltr'><strong>καὶ</strong></span> <span class='ocrx_word' id='word_1_816' title='bbox 2641 5548 2864 5618; x_wconf 79' lang='grc' dir='ltr'><strong>τρέμειν</strong></span> <span class='ocrx_word' id='word_1_817' title='bbox 2890 5547 3116 5602; x_wconf 67' lang='lat' dir='ltr'><strong>imbrum</strong></span> <span class='ocrx_word' id='word_1_818' title='bbox 3142 5550 3369 5604; x_wconf 69' lang='lat' dir='ltr'><strong>tutata-</strong></span> 
     </span>
    </p>
   </div>
   <div class='ocr_carea' id='block_1_114' title="bbox 1801 5639 3367 5714">
    <p class='ocr_par' dir='ltr' id='par_1_114' title="bbox 1801 5639 3367 5714">
     <span class='ocr_line' id='line_1_114' title="bbox 1801 5639 3367 5714; baseline 0.002 -18"><span class='ocrx_word' id='word_1_819' title='bbox 1801 5642 1943 5702; x_wconf 78' lang='lat' dir='ltr'><strong>olav.</strong></span> <span class='ocrx_word' id='word_1_820' title='bbox 1976 5641 2116 5696; x_wconf 77' lang='grc' dir='ltr'><strong>ἀλλὰ</strong></span> <span class='ocrx_word' id='word_1_821' title='bbox 2158 5643 2253 5697; x_wconf 73' lang='grc' dir='ltr'><strong>καὶ</strong></span> <span class='ocrx_word' id='word_1_822' title='bbox 2280 5642 2372 5695; x_wconf 74' lang='grc' dir='ltr'><strong>τὸν</strong></span> <span class='ocrx_word' id='word_1_823' title='bbox 2405 5639 2667 5694; x_wconf 71' lang='grc' dir='ltr'><strong>δοκοῦντα</strong></span> <span class='ocrx_word' id='word_1_824' title='bbox 2702 5641 3234 5714; x_wconf 74' lang='grc' dir='ltr'><strong>προσεκτικώτατον.</strong></span> <span class='ocrx_word' id='word_1_825' title='bbox 3267 5641 3367 5699; x_wconf 72' lang='lat' dir='ltr'><strong>itte</strong></span> 
     </span>
    </p>
   </div>
   <div class='ocr_carea' id='block_1_115' title="bbox 1798 5733 3368 5804">
    <p class='ocr_par' dir='ltr' id='par_1_115' title="bbox 1798 5733 3368 5804">
     <span class='ocr_line' id='line_1_115' title="bbox 1798 5733 3368 5804; baseline -0.003 -13"><span class='ocrx_word' id='word_1_826' title='bbox 1798 5733 2050 5791; x_wconf 84' lang='lat' dir='ltr'><strong>similiter</strong></span> <span class='ocrx_word' id='word_1_827' title='bbox 2082 5735 2416 5788; x_wconf 81' lang='lat' dir='ltr'><strong>Burberinns</strong></span> <span class='ocrx_word' id='word_1_828' title='bbox 2450 5733 2615 5788; x_wconf 76' lang='lat' dir='ltr'><strong>codex</strong></span> <span class='ocrx_word' id='word_1_829' title='bbox 2652 5733 2955 5789; x_wconf 75' lang='lat' dir='ltr'><strong>clarissime</strong></span> <span class='ocrx_word' id='word_1_830' title='bbox 2981 5735 3174 5789; x_wconf 84' lang='lat' dir='ltr'><strong>scribit</strong></span> <span class='ocrx_word' id='word_1_831' title='bbox 3205 5734 3368 5804; x_wconf 64' lang='grc' dir='ltr'><strong>ἔφυ).-</strong></span> 
     </span>
    </p>
   </div>
   <div class='ocr_carea' id='block_1_116' title="bbox 1796 5824 3368 5898">
    <p class='ocr_par' dir='ltr' id='par_1_116' title="bbox 1796 5824 3368 5898">
     <span class='ocr_line' id='line_1_116' title="bbox 1796 5824 3368 5898; baseline 0.001 -18"><span class='ocrx_word' id='word_1_832' title='bbox 1796 5828 2100 5898; x_wconf 72' lang='grc' dir='ltr'>λακρὶνουν.</span> <span class='ocrx_word' id='word_1_833' title='bbox 2135 5825 2408 5880; x_wconf 77' lang='lat' dir='ltr'><strong>Allatiano</strong></span> <span class='ocrx_word' id='word_1_834' title='bbox 2464 5825 2518 5880; x_wconf 86' lang='lat' dir='ltr'><strong>in</strong></span> <span class='ocrx_word' id='word_1_835' title='bbox 2551 5841 2652 5879; x_wconf 80' lang='lat' dir='ltr'><strong>suo</strong></span> <span class='ocrx_word' id='word_1_836' title='bbox 2706 5824 3079 5898; x_wconf 52' lang='lat' dir='ltr'><strong>iptioxptvouv</strong></span> <span class='ocrx_word' id='word_1_837' title='bbox 3115 5841 3368 5893; x_wconf 74' lang='lat' dir='ltr'><strong>perseve-</strong></span> 
     </span>
    </p>
   </div>
   <div class='ocr_carea' id='block_1_117' title="bbox 1800 5913 3367 5993">
    <p class='ocr_par' dir='ltr' id='par_1_117' title="bbox 1800 5913 3367 5993">
     <span class='ocr_line' id='line_1_117' title="bbox 1800 5913 3367 5993; baseline -0.001 -17"><span class='ocrx_word' id='word_1_838' title='bbox 1800 5927 1976 5986; x_wconf 67' lang='lat' dir='ltr'><strong>rante,</strong></span> <span class='ocrx_word' id='word_1_839' title='bbox 2010 5916 2270 5975; x_wconf 79' lang='lat' dir='ltr'><strong>Vaticano</strong></span> <span class='ocrx_word' id='word_1_840' title='bbox 2306 5925 2484 5974; x_wconf 84' lang='lat' dir='ltr'><strong>autem</strong></span> <span class='ocrx_word' id='word_1_841' title='bbox 2515 5915 2593 5974; x_wconf 89' lang='lat' dir='ltr'><strong>sic</strong></span> <span class='ocrx_word' id='word_1_842' title='bbox 2625 5916 2799 5975; x_wconf 89' lang='lat' dir='ltr'><strong>locum</strong></span> <span class='ocrx_word' id='word_1_843' title='bbox 2831 5919 3168 5993; x_wconf 79' lang='lat' dir='ltr'><strong>exprimente</strong></span> <span class='ocrx_word' id='word_1_844' title='bbox 3203 5934 3218 5976; x_wconf 87' lang='lat'><strong>:</strong></span> <span class='ocrx_word' id='word_1_845' title='bbox 3257 5913 3367 5975; x_wconf 73' lang='grc' dir='ltr'><strong>Καὶ</strong></span> 
     </span>
    </p>
   </div>
  </div>
