4004 6234
632 320 743 387 ⁸183

1221 322 1300 384 Ῥ.
1340 320 1638 384 I‘OSSINI
1677 321 2328 385 OBSERVATIO‘NUM
2358 322 2502 386 LIB.
2544 324 2593 384 Ι.
2623 349 2690 358 -
2724 323 3242 388 GLOSSAR'tU'M.

3764 326 3870 390 781

627 433 887 492 τοσοῦτον
911 429 1086 488 ταῦτα.
1123 431 1469 501 ἐξετάζοντες
1500 434 1820 501 ἑξεκόλαζον
1850 433 2014 490 ὥστε.
2047 432 2192 492 Vide-

2313 436 2533 495 alterius
2567 437 2582 491 1
2620 436 2750 504 Reg.
2789 438 2957 504 ",29
3002 455 3017 495 :
3061 438 3218 495 Dedit
3277 453 3481 510 quoque
3523 438 3658 494 Deus
3710 439 3872 496 Salo-

628 537 718 584 tur
749 526 884 583 velle
909 536 1100 582 auctor
1125 536 1268 580 tutos
1299 525 1431 581 istos
1462 525 1629 583 fuisse
1653 528 1707 582 in
1739 528 1978 584 studiose
2005 544 2204 600 cogno-

625 623 842 677 scendis
897 618 1098 679 libellis
1145 618 1478 675 delationum
1506 659 1522 684 ,
1558 631 1837 689 utcunque
1888 625 2204 692 nugatoria-

629 729 776 778 rum,
823 712 1034 768 chartis
1064 712 1374 768 istiusmodi
1423 717 1634 769 cunctis
1669 716 1826 770 avide
1863 716 2198 771 scrutandis.

626 805 928 860 Conlirmat
978 805 1241 859 hactenus
1306 804 1447 860 dicta
1505 816 1560 861 et
1619 807 1762 861 alius
1799 809 1969 866 nostri
2025 808 2201 875 locus,

627 913 681 968 ιι.
709 897 816 953 357
850 914 866 953 :
903 896 1163 957 Βασιλεὺς
1189 896 1236 950 δ’
1273 897 1423 968 ὅμως
1445 898 1592 962 ἄπας
1618 898 1707 960 διὰ
1736 900 1944 953 σκοποῦ
1975 902 2202 969 θέμενος

626 989 826 1052 αὐτοὺς
899 987 1340 1057 προαὶαΰὲσθαι,
1397 989 1552 1042 οὐδὲν
1619 991 1993 1061 ἐφυλλοκρίνει
2065 993 2202 1063 πρὸς

625 1080 802 1136 ταῦτα
823 1095 841 1113 °
881 1080 1035 1137 Nihil
1069 1082 1286 1136 nimium
1315 1083 1550 1137 scrutari
1583 1093 1677 1138 aut
1711 1085 1976 1139 curiosius
1999 1085 2202 1156 disqui-

626 1192 745 1232 rere
773 1180 839 1232 de
863 1177 948 1233 liis
973 1177 1161 1232 soluit.

695 1270 852 1340 Χοᾶς
883 1271 1226 1338 θαλάσσης,
1261 1288 1313 1342 p.
1351 1269 1479 1327 279.
1508 1269 1650 1325 Fisit
1693 1271 1825 1326 mihi
1866 1286 2082 1328 crucem
2111 1274 2201 1330 hic

625 1365 781 1421 locus
808 1364 950 1420 haud
983 1365 1038 1418 ist
1081 1376 1331 1434 promptu
1360 1364 1584 1418 habenti
1621 1365 1750 1433 quid
1785 1364 1874 1419 hic
1901 1377 2081 1424 essent
2107 1378 2199 1422 aut

622 1469 881 1524 quorsum
907 1454 1011 1507 huc
1034 1453 1276 1508 lacerent
1298 1453 1546 1524 xosl,seu
1574 1455 1775 1520 verius,
1796 1465 1852 1510 ut
1876 1473 1998 1512 mos
2021 1469 2202 1513 osten-

625 1546 772 1610 dam,
806 1546 952 1616 χοεῖς
992 1544 1289 1615 Θαλάσσης.
1319 1544 1460 1611 Quid
1491 1545 1844 1601 divinaverim
1873 1563 2195 1618 proponam.

615 1634 851 1691 Widetur
878 1645 1074 1692 auctor
1125 1636 1378 1692 allusisse
1409 1637 1752 1708 proverbium
1788 1653 1817 1695 e
1849 1641 2020 1695 sacris
2047 1655 2198 1695 sum-

603 1740 771 1800 .ptum
804 1729 1031 1785 Litteris
1058 1729 1126 1785 de
1152 1744 1211 1784 re
1241 1745 1401 1797 quam
1435 1730 1559 1800 quis
1587 1730 1819 1800 cuipiam
1856 1732 2080 1786 minime
2117 1733 2200 1787 in-

620 1823 806 1879 dicare
837 1824 1136 1890 curaverit,
1172 1835 1230 1877 ut
1274 1823 1413 1877 Deus
1450 1823 1763 1880 hominibus
1793 1831 1925 1894 quot
1973 1823 2196 1896 hydrias

616 1917 734 1972 sive
764 1931 919 1986 aqua
955 1931 1244 1982 mensuras
1308 1917 1590 1972 contineat
1619 1931 1791 1971 mare.
1821 1921 1961 1972 Ante
2011 1918 2194 1973 omnia

587 2008 1058 2066 -constituendum
1107 2017 1194 2065 est
1241 2024 1428 2064 vocem
1460 2010 1592 2080 χοᾶς
1635 2009 1685 2064 in
1737 2012 2026 2064 accusandi
2065 2025 2193 2068 casu

591 2102 808 2174 .plurali
837 2103 1147 2173 signiﬁcare
1170 2113 1377 2159 certam
1413 2117 1716 2158 mensuram
1744 2102 1991 2173 liquoris.
2027 2104 2194 2158 Docet

595 2197 718 2252 dtoc
751 2196 1074 2254 scholiastes
1107 2198 1488 2269 AristOphanis
1547 2197 1615 2253 ad
1653 2197 1812 2252 illum
1854 2197 1972 2267 ejus
2021 2210 2192 2265 poeta:

615 2289 670 2344 in
703 2289 966 2345 commdia
994 2291 1238 2362 Νεφέλαι
1269 2293 1411 2346 dicta
1451 2290 1632 2345 locum
1667 2307 1682 2346 :
1724 2289 1823 2356 Ἓξ
1851 2292 1984 2360 χοᾶς
2011 2292 2194 2363 χωρή-

613 2397 789 2436 σεται.
811 2377 915 2436 Ubi
938 2379 1017 2437 sic
1040 2380 1258 2435 adnotat
1291 2397 1306 2435 :
1337 2379 1510 2444 Χοεὺς
1537 2380 1594 2434 δέ
1619 2381 1769 2436 ἐστιν
1797 2375 1933 2443 εἶδος
1965 2382 2190 2450 μέτρου,

683 2471 947 2546 μετροῦσι
973 2474 1066 2528 τὸν
1092 2468 1236 2528 οἶνον
1258 2489 1275 2507 ⁸
1297 2473 1326 2526 ὃ
1350 2475 1444 2528 καὶ
1473 2473 1718 2528 κλίνεται
1747 2474 1918 2546 χρέως
1949 2473 2190 2545 πηλέως,

600 2570 688 2634 ὡς
717 2569 810 2624 καὶ
839 2568 898 2623 ιν
941 2566 1242 2634 Ἱππεῦσιν,
1284 2567 1428 2621 Ἀλλ’
1458 2565 1648 2637 ἔνεγκὲ
1690 2583 1781 2638 μοι
1810 2567 2021 2637 ταχέως
2041 2567 2188 2621 οἴνου

595 2663 732 2735 ,χοᾶκ
801 2658 1069 2718 Ἐνταῦοα
1127 2661 1184 2716 δὲ
1231 2659 1292 2715 τὸ
1349 2661 1503 2733 χοᾶς,
1567 2660 1618 2716 εἰ
1667 2658 1767 2730 μὲν
1829 2659 2188 2731 nepte-natat,

614 2755 702 2828 [Ρ.
735 2752 865 2828 5N]
894 2755 958 2809 ἑκ
1000 2753 1194 2809 τούτου
1225 2752 1318 2808 τοῦ
1367 2753 1525 2824 χοεύς
1555 2754 1672 2808 ἔστι
1726 2752 1870 2807 κατά
1900 2752 2191 2823 ποιητικὴν

593 2847 829 2902 ,ἄδειανο
860 2847 989 2918 xei);
1012 2846 1121 2916 γὰρ
1154 2844 1390 2914 ὤφειλεν
1421 2846 1626 2913 ιῖπεῖν,
1657 2845 1732 2908 ὡς
1764 2845 1956 2916 ἱππῆς.
1983 2845 2188 2900 Simili-

615 2948 774 2995 teret
808 2937 1122 2995 Eustathius
1149 2938 1218 2994 ad
1272 2935 1467 3008 Odyss.
1519 2953 1595 2995 at
1631 2936 1791 2990 Ἐστι
1842 2937 1936 2989 καὶ
1975 2937 2004 2991 ὸ
2032 2935 2189 3007 xeat;

616 3030 815 3103 μιτρον
843 3047 918 3084 τι.
947 3027 1082 3085 Vide
1107 3039 1163 3086 et
1186 3028 1339 3085 illum
1363 3028 1430 3083 ad
1459 3026 1629 3088 Iliad.
1660 3045 1699 3095 t,
1729 3028 1796 3083 ad
1825 3026 1996 3082 Iliad.
2045 3045 2107 3093 π,
2131 3035 2188 3081 et

2307 529 2450 583 mani
2484 528 2820 584 latitudinem
2857 531 3030 584 cordis
3058 531 3212 599 quasi
3261 547 3500 596 arenam,
3539 549 3654 602 quae
3691 545 3770 590 est
3825 536 3877 587 in

2305 621 2484 677 littore
2517 621 2706 686 utaris,
2731 622 2944 690 Graece,
2976 628 3071 677 atat
3096 625 3248 695 χῦμα
3276 625 3504 694 καρδίας
3530 627 3603 687 ὡς
3633 628 3666 694 ἡ
3694 627 3876 695 ἄμμος

2303 717 2337 784 ἡ
2375 713 2526 786 παρὰ
2549 715 2648 784 τὴν
2677 713 2974 778 θάλασσαν,
3007 717 3095 771 ubi
3135 718 3318 788 ἄμμος
3345 718 3697 789 singulariter
3726 722 3876 786 poni-

2306 813 2392 858 tur
2439 819 2535 872 pro
2591 819 2739 869 vase,
2784 812 2844 860 ut
2900 807 2978 859 sic
3036 805 3232 872 dicam,
3291 815 3386 865 aut
3417 809 3572 862 alveo
3623 811 3794 863 maris
3825 810 3877 864 in

2306 909 2470 951 arena
2505 897 2706 968 ubique
2738 897 3012 962 cubantis,
3047 897 3134 957 cui
3165 899 3299 964 rasi,
3331 915 3436 954 non
3486 910 3668 955 autem
3701 917 3880 956 arena

2306 990 2574 1060 granatim
2609 999 2859 1059 sumptas,
2889 990 3142 1045 convenit
3178 988 3328 1061 κῦμα
3357 992 3607 1059 latitudo,
3638 1009 3764 1062 quae
3799 995 3875 1050 illi

2306 1083 2562 1140 tribuitur
2617 1084 2676 1138 in
2735 1083 2852 1141 loco
2908 1083 3026 1141 illo.
3062 1083 3244 1151 Quare
3294 1083 3348 1140 in
3390 1085 3492 1141 hoc
3532 1098 3720 1144 nostro
3761 1090 3875 1158 pari

2305 1173 2527 1229 nctione
2561 1189 2851 1245 possumus
2903 1175 3155 1243 accipere
3195 1175 3336 1232 idem
3371 1175 3560 1248 ἄμμου
3606 1188 3662 1234 et
3695 1194 3878 1234 arente

2301 1280 2525 1328 nomen,
2577 1281 2673 1337 pro
2701 1267 2854 1322 alveo
2886 1268 3098 1323 scilicet
3136 1269 3496 1339 capacissimo
3551 1272 3723 1328 maris
3760 1273 3875 1328 uni-

2299 1356 2475 1422 versi;
2520 1357 2572 1412 in
2609 1373 2738 1428 quo,
2797 1358 2900 1412 ubi
2935 1362 3004 1416 de
3036 1375 3262 1417 numero
3307 1363 3504 1432 agitur,
3532 1367 3874 1435 synecdoche

2301 1448 2658 1503 usitatissima
2690 1449 3021 1504 continentis
3050 1466 3146 1520 pro
3169 1461 3445 1519 contento,
3477 1455 3617 1510 sicut
3655 1456 3873 1522 quando

2303 1543 2482 1596 vinum
2515 1551 2740 1597 vocatur
2776 1543 2944 1607 calix,
2977 1543 3381 1614 intelligendum
3423 1547 3493 1602 sit
3516 1549 3598 1617 agi
3629 1549 3696 1602 de
3725 1563 3872 1602 men-

2301 1650 2426 1689 sura
2450 1633 2678 1706 liquoris
2709 1634 2848 1705 eius,
2895 1636 2970 1690 ita
3003 1645 3061 1690 ut
3089 1635 3270 1691 dicere
3301 1654 3317 1691 :
3345 1636 3476 1703 Quis
3517 1641 3871 1693 dinumerasit

2302 1744 2539 1798 arenam,
2572 1727 2644 1790 sit
2669 1729 2853 1784 dicere
2885 1746 2898 1784 :
2937 1728 3070 1798 Quis
3107 1740 3238 1784 tenet
3280 1748 3554 1795 numerum
3588 1737 3869 1799 amphora-

2301 1841 2419 1883 rum
2450 1831 2542 1877 aut
2573 1838 2848 1881 urceorum
2883 1839 3053 1894 aqua,
3079 1825 3267 1894 quibus
3299 1835 3411 1880 tota
3442 1827 3682 1895 expletur
3710 1845 3868 1898 capa-

2295 1915 2431 1968 eitas
2488 1915 2648 1968 maris
2679 1914 2705 1968 2
2732 1914 2909 1986 Atque
2971 1922 3029 1970 ut
3065 1915 3158 1970 illo
3195 1915 3563 1975 Ecclesiastici
3599 1921 3866 1990 principio

2299 2007 2439 2063 Deus
2468 2013 2706 2067 ostentat
2729 2016 3058 2068 reservatam
3091 2009 3251 2066 istam
3287 2010 3390 2065 sibi
3431 2012 3678 2068 notitiam
3717 2029 3866 2070 men-

2295 2115 2545 2156 surarum
2586 2099 2839 2161 elementi
2905 2097 3178 2166 Oceanum
3237 2101 3536 2171 impleatis,
3603 2105 3676 2159 ita
3741 2105 3861 2160 inL

2287 2193 2396 2250 Job
2450 2210 2500 2249 c.
2543 2209 2734 2260 sxvnt,
2779 2194 2872 2257 23.
2905 2193 3064 2251 istam
3097 2193 3381 2251 scientiam
3412 2211 3471 2250 se
3513 2212 3715 2267 negare
3770 2196 3866 2252 lto.

2294 2288 2530 2346 minibus
2585 2298 2641 2344 et
2679 2288 2782 2346 sibi
2816 2297 2869 2342 ut
2907 2289 3182 2360 pmpriam
3223 2288 3423 2346 habere
3463 2290 3638 2344 innuit
3671 2309 3685 2344 :
3726 2289 3861 2353 Deus

2291 2381 2538 2452 intelligit
2588 2383 2726 2437 siam
2777 2383 2890 2458 ejus
2925 2383 3256 2454 (sapientiae)
3296 2394 3343 2439 et
3377 2384 3488 2455 ipse
3522 2387 3662 2440 novit
3693 2387 3860 2442 locum

2291 2473 2463 2527 illius.
2498 2471 2620 2542 Ipse
2643 2474 2782 2533 enim
2813 2474 2944 2543 ﬁnes
2975 2476 3158 2538 mundi
3186 2478 3442 2540 intuetur,
3470 2488 3516 2531 et
3543 2479 3721 2532 omnia
3745 2494 3860 2548 qua

2290 2565 2384 2620 sub
2430 2566 2556 2620 calo
2586 2575 2706 2621 sunt
2748 2567 3008 2634 respicit;
3045 2568 3138 2636 qui
3168 2569 3289 2639 {erit
3341 2581 3507 2625 eentts
3558 2573 3785 2638 pondus.
3812 2583 3858 2625 et

2291 2677 2460 2732 aquas
2499 2659 2752 2728 appendit
2789 2661 2844 2715 in
2901 2676 3175 2718 mensura.
3217 2659 3278 2716 in
3305 2659 3496 2722 Graeco
3531 2660 3732 2732 legerat
3763 2661 3861 2717 Pa-

2290 2755 2574 2824 chymeres
2596 2769 2694 2823 pro
2735 2753 2818 2813 his
2865 2753 3072 2811 ultimis
3106 2752 3289 2814 verbis
3321 2751 3515 2822 ὓδατος
3564 2755 3739 2826 μέτρα
3775 2757 3860 2809 ὅτε

2289 2844 2565 2912 ἐποίησεν,
2595 2859 2744 2914 aqua:
2797 2859 3069 2905 mensuras
3117 2844 3330 2914 quando
3387 2844 3530 2912 (erit.
3582 2846 3658 2902 En
3708 2862 3860 2922 aqua

2291 2951 2573 2990 mensuras
2605 2935 2866 3005 singulari
2923 2934 3014 2990 Dei
3041 2934 3282 2991 scientia
3311 2935 3560 3006 imputat.
3588 2937 3854 3002 Similiter

2289 3037 2344 3084 et
2373 3029 2618 3098 ejusdem
2653 3026 2776 3082 libri
2803 3025 2905 3082 Job
2933 3040 2984 3084 c.
3007 3042 3241 3092 suvttt,
3271 3028 3410 3092 inter
3446 3031 3858 3110 exprimendum

611 3125 679 3180 ad
696 3121 893 3194 Odyss.
916 3139 968 3177 σ.
1013 3120 1150 3178 Hinc
1172 3121 1472 3191 sumpsisse
1504 3121 1608 3177 hoc
1637 3119 1858 3176 verbum
1890 3118 2260 3197 Pachyme—c
2295 3116 2584 3186 magniﬁce
2613 3116 2744 3187 quid
2784 3116 2924 3172 Deus
2956 3117 3129 3186 possit
3156 3126 3214 3173 et
3236 3119 3397 3186 sciat,
3435 3119 3563 3192 quid
3587 3133 3856 3193 nequeant

614 3233 729 3273 rem
762 3227 848 3274 est
869 3215 1151 3282 credibile,
1181 3216 1616 3272 versatissimum
1646 3212 1923 3274 hominem
1953 3213 2006 3270 in
2031 3214 2192 3268 scho-

614 3310 702 3365 liis
734 3319 1020 3381 poetarum
1065 3309 1439 3379 antiquorum.
1495 3307 1575 3364 uti
1623 3307 1788 3362 etiam
1841 3305 2192 3375 peculiariter

615 3402 734 3470 ipse
763 3401 1060 3472 signiﬁcat,
1084 3414 1140 3473 p.
1187 3399 1316 3459 506.
1345 3400 1492 3465 Χοᾶς
1519 3414 1651 3470 ergo
1690 3399 1868 3471 μίτρα
1897 3397 2188 3457 intellexit.

613 3494 843 3550 Videtur
866 3502 1049 3548 autem
1074 3492 1330 3550 habuisse
1361 3493 1476 3548 haec
1501 3494 1748 3548 scribens
1778 3492 1833 3547 in
1865 3491 2044 3548 animo
2072 3492 2192 3570 loca

622 3586 713 3642 illa
748 3601 1028 3643 sacrarum
1052 3584 1410 3652 Litterarum,
1443 3584 1608 3658 724
1638 3584 1836 3656 quibus
1876 3584 2018 3642 Deus
2049 3586 2192 3642 inter

612 3695 678 3735 ea
711 3694 832 3748 qua:
862 3678 963 3734 sibi
995 3677 1298 3745 notissima,
1319 3677 1810 3744 incompertissima
1844 3685 1972 3733 sunt
2017 3676 2190 3732 homi-

614 3773 794 3838 nibus,
825 3783 1078 3829 numerat
1098 3785 1409 3828 mensuram
1443 3769 1634 3836 maris,
1665 3785 1952 3825 numerum
1977 3769 2190 3826 scilicet

615 3863 931 3936 hydriarum
972 3869 1067 3916 aut
1097 3869 1476 3927 metretarum,
1533 3876 1642 3930 quo
1673 3861 1928 3916 delinitur
1957 3861 2188 3916 immen-

611 3942 750 4010 sitas
802 3952 1074 4008 undarum
1130 3950 1272 4022 ejus.
1334 3950 1704 4009 Ecolesiasticl
1760 3967 1804 4020 ι,
1851 3953 1926 4010 2:
1957 3951 2187 4008 Arenam

613 4046 780 4102 maris
811 4057 859 4101 et
885 4044 1076 4117 pluria
1109 4055 1293 4120 guttas
1314 4057 1362 4101 et
1394 4047 1506 4103 dies
1532 4045 1715 4102 scculi
1737 4048 1852 4116 quis
1880 4047 2182 4104 dinumera-

610 4141 682 4208 νει
704 4139 730 4194 Ρ
754 4137 942 4196 Graece
995 4139 1183 4211 ἄμμον
1224 4139 1532 4195 θαλασσῶν.
1567 4137 1672 4195 Ubi
1705 4139 1809 4194 etsi
1842 4139 2033 4195 obvius
2061 4153 2186 4194 sen-

611 4247 710 4289 sus
739 4241 821 4288 est
841 4233 1139 4304 probabilis
1170 4234 1237 4289 de
1276 4249 1485 4289 summa
1539 4248 1828 4306 granorum
1875 4232 2047 4287 sabuli
2087 4231 2180 4286 ἀε-

611 4325 984 4398 speratissima
1019 4326 1234 4382 inventu
1273 4335 1489 4398 praptcr
1517 4324 1840 4382 intluitatem
1875 4324 2021 4379 omni
2053 4339 2182 4392 sup-

613 4418 895 4490 putatione
941 4417 1227 4488 majorem,
1265 4428 1446 4476 tamen
1490 4433 1559 4475 ex
1619 4415 2026 4487 comparatione
2078 4416 2182 4474 loci

2292 3219 2346 3264 et
2380 3213 2632 3281 ignorent
2664 3210 2934 3275 homines,
2971 3225 3022 3264 ν.
3055 3209 3122 3265 t6
3151 3210 3374 3282 ponitur
3414 3230 3430 3269 :
3469 3209 3742 3287 Numquid
3775 3216 3857 3271 iu-

2289 3318 2499 3372 gressrts
2549 3318 2602 3356 es
2635 3302 2899 3372 profunda
2930 3304 3113 3364 maris.
3149 3312 3197 3357 et
3242 3305 3300 3358 in
3357 3307 3649 3363 novissimis
3686 3310 3857 3381 abyssi

2291 3395 2690 3452 deambulasti!
2727 3395 2859 3474 Qua:
2890 3406 3165 3467 utcunque
3221 3399 3433 3454 numeri
3479 3416 3851 3459 mensurarum

2293 3505 2446 3560 aqua
2473 3491 2672 3545 diserte
2700 3504 2806 3544 non
2837 3492 3151 3557 meminere,
3181 3500 3357 3546 tamen
3391 3507 3484 3563 per
3507 3496 3848 3564 praesentiam

2291 3583 2446 3653 quasi
2477 3581 2728 3636 obeuntis
2753 3590 2810 3636 et
2843 3580 3060 3635 curiose
3085 3580 3368 3637 lustrantis
3393 3584 3598 3638 nutitiaa
3634 3585 3850 3641 interio-

2296 3675 2371 3731 ris
2399 3675 2702 3746 cmphasim
2737 3675 2956 3733 habent.
2995 3676 3132 3734 llinc
3161 3677 3376 3734 videtur
3411 3679 3708 3734 invaluisse
3734 3694 3848 3749 pro-

2288 3770 2544 3826 verbialis
2570 3769 2714 3827 inter
2738 3768 2956 3827 Greco:
2985 3771 3212 3828 formula
3234 3771 3304 3828 de
3337 3771 3496 3828 rebus
3518 3771 3679 3827 alicui
3716 3771 3849 3827 cels-

2291 3863 2380 3930 tis,
2417 3871 2527 3918 tam
2559 3877 2623 3918 ea
2648 3861 2726 3918 illi
2756 3877 2879 3920 esse
2912 3863 3092 3936 ignota
3121 3879 3281 3934 quam
3314 3877 3600 3919 numerum
3633 3863 3848 3933 ampho-

2289 3973 2472 4016 rarum
2509 3957 2737 4029 liquoris
2765 3972 2876 4032 quo
2919 3957 3172 4030 expletur
3203 3973 3393 4024 mare;
3425 3973 3586 4027 quem
3620 3966 3680 4014 ut
3711 3957 3845 4014 Deus

2286 4050 2442 4121 seire.
2470 4049 2586 4105 vult
2624 4049 2772 4106 solus
2803 4063 2909 4105 nec
2938 4049 3339 4104 communicare
3387 4048 3644 4116 dignatur
3680 4048 3844 4104 homi-

2289 4144 2470 4212 nibus,
2514 4142 2588 4199 ita
2625 4143 2918 4215 imperator
2949 4158 3107 4199 suum
3151 4142 3217 4198 de
3265 4139 3471 4198 {cedere
3507 4142 3730 4198 Serbico
3751 4157 3843 4197 nu-

2287 4238 2415 4308 ptiis
2470 4235 2897 4308 conglutinaudo
2962 4233 3250 4290 consilium
3309 4233 3840 4306 impertiendumpa-

2288 4328 2542 4385 triarclta
2573 4343 2679 4384 non
2714 4329 2942 4400 putavit.
