4012 6236
133 288 218 352 785
1595 286 1831 348 ΝΟΤᾸΞ

1715 421 3190 453 M—

882 607 1354 738 PETRI
1459 609 2074 741 POSSINI
2187 604 2518 731 S.J.

327 867 1560 988 OBSERVATIONUM
1648 857 3099 985 PACHYMERIANARUM

1149 1109 1511 1203 LIBER
1619 1111 2278 1204 SECUNDUS.

1594 1468 1842 1533 ΝΟΤΑΞ.

167 1773 315 1845 725
344 1773 431 1848 [Ρ.
456 1772 590 1847 516]
644 1774 769 1846 Pag.
800 1771 888 1830 12.
927 1772 1304 1839 Imperatorem
1323 1778 1387 1825 ab
1422 1770 1671 1829 Ecclesia:
1699 1778 1755 1838 Α·
1781 1783 2037 1844 tauquam
2063 1770 2504 1828 irrevocabiliter
2537 1771 2752 1827 addicta
2782 1771 3038 1835 Tartaro,
3072 1768 3361 1827 declarat!

109 1869 401 1923 auctoritate
428 1868 550 1938 jam
586 1868 764 1923 animo
798 1868 1041 1936 deﬁcere.
1088 1865 1186 1922 Est
1225 1865 1314 1922 hic
1366 1867 1668 1937 imperator

109 1979 198 2030 quo
229 1963 292 2017 de
331 1964 518 2034 agitur
570 1964 690 2018 sine
745 1959 907 2017 dubio
957 1961 1324 2024 Andronicus,
1373 1975 1533 2030 quem
1589 1961 1668 2016 vi—

112 2062 249 2110 vente
271 2050 450 2112 adhuc
482 2063 663 2125 patre,
691 2052 775 2108 cui
803 2059 924 2108 erat
955 2050 1008 2106 in
1038 2050 1267 2122 imperio
1291 2051 1520 2123 collega,
1546 2065 1669 2121 per-

112 2146 338 2203 territum
391 2146 630 2202 tumultu
669 2145 1160 2202 schismaticorum-
1193 2142 1306 2213 jam
1358 2145 1539 2200 animo
1571 2144 1668 2201 de-

111 2238 283 2297 iecisse
309 2257 338 2295 a
369 2242 546 2310 patris
597 2250 652 2296 et
695 2240 950 2296 Ecclesia:
999 2239 1323 2295 auctoritate
1374 2238 1683 2298 historicus-

113 2334 200 2388 ltoc
230 2334 344 2389 loco
375 2333 560 2391 docet.
614 2334 771 2390 Unde
807 2333 1145 2406 intelligatur
1175 2346 1334 2403 quam
1369 2350 1668 2406 congruam

112 2428 411 2484 defectionis
443 2443 660 2499 pinnam
722 2427 928 2504 tulerit,
959 2425 1050 2500 qui
1089 2437 1235 2483 metu
1269 2429 1546 2484 turbarum
1583 2446 1670 2486 re-

110 2521 300 2578 volutus
337 2523 388 2577 in
423 2523 684 2588 schisma,
707 2522 908 2578 nullum
957 2522 1069 2577 fere
1130 2521 1187 2577 in
1217 2524 1460 2579 omnium
1493 2522 1672 2581 infeli-

109 2612 308 2668 cissimo
337 2613 648 2684 principatu
674 2613 813 2668 diem
845 2628 1073 2668 vacuum
1106 2629 1133 2666 a
1155 2614 1329 2670 turbis
1356 2614 1671 2673 domesﬁcis

112 2704 358 2768 civilibus,
383 2705 620 2771 bellicis,
639 2705 1026 2762 ecclesiasticis
1053 2705 1323 2778 habuerit,
1349 2719 1488 2767 itte:
1509 2711 1670 2781 hujus

113 2796 316 2852 decursu
350 2797 600 2854 historiae
635 2795 861 2867 patebit.

173 2886 295 2945 Ibid.
328 2888 468 2948 Loco
519 2890 841 2959 Acropolitaa
874 2892 1086 2947 mortui.
1116 2893 1434 2950 Clarissinte
1473 2894 1560 2949 hic
1585 2909 1673 2948 as-

118 2979 230 3034 serit
255 2978 618 3052 Pacltynteres
654 2983 944 3054 Georgium
991 2985 1359 3052 Acropolitatn
1414 3000 1670 3056 ntaguunt

117 3069 418 3142 ingotltetatn
456 3080 674 3132 vivente
708 3075 884 3133 adhuc
917 3076 1178 3134 Michaele
1215 3077 1520 3148 Palaeologo
1570 3079 1672 3143 im-

119 3178 343 3235 peratore
379 3169 491 3229 fato
542 3171 830 3238 iunctum;
863 3172 1004 3241 quod
1041 3172 1178 3227 idem
1232 3189 1353 3227 cum
1399 3174 1668 3243 superiori

119 3263 364 3322 volumine
417 3267 452 3322 l.
486 3283 541 3333 v,
575 3284 624 3324 c.
661 3267 731 3323 26
775 3276 829 3322 et
865 3266 932 3323 34
981 3265 1252 3322 innuisset
1294 3267 1475 3336 potius
1505 3282 1669 3337 quam

119 3356 294 3414 diserte
324 3360 672 3428 amrtnasset,
700 3361 831 3416 mihi
857 3375 967 3417 non
1000 3370 1373 3431 persuaserat,
1408 3371 1467 3415 ut
1498 3361 1551 3415 in
1577 3376 1674 3412 no-

121 3449 178 3502 tis
201 3453 258 3507 ad
291 3453 376 3509 illa
429 3458 613 3524 capita
652 3456 690 3510 l.
747 3471 793 3510 tt
818 3453 1279 3511 Observationum
1316 3469 1583 3520 mearum,
1617 3470 1670 3524 p.

121 3543 208 3598 684
236 3556 286 3601 et
317 3547 421 3605 686
455 3551 714 3620 exposui,
742 3565 864 3620 quae
893 3565 926 3604 a
961 3565 1044 3605 me
1071 3548 1216 3604 dicta
1251 3565 1392 3604 nunc
1425 3563 1530 3604 non
1565 3548 1675 3603 vel-

123 3638 231 3694 lein.
265 3641 376 3699 Non
430 3647 578 3701 enim
629 3645 784 3702 video
819 3661 916 3701 cur
947 3643 1082 3701 fides
1117 3644 1303 3717 negari
1337 3645 1534 3700 debeat
1565 3627 1708 3699 tam.

124 3733 265 3790 clune
317 3741 610 3795 assertioui
662 3739 907 3795 historici
960 3755 1080 3810 quse
1133 3756 1377 3811 przesens
1424 3751 1676 3796 cerneret

124 3828 405 3886 scribentis.
443 3833 660 3888 induxit
699 3849 782 3889 tne
815 3832 870 3888 itt
907 3833 1071 3888 istum
1115 3847 1357 3888 errorem
1390 3849 1496 3889 non
1541 3834 1677 3888 bene

124 3923 501 3982 consideratam
560 3925 931 3982 testimonium
989 3925 1250 3982 Demetrii
1289 3924 1502 3994 Ranlis,
1533 3927 1676 3996 quod

126 4013 370 4072 iniisdem
401 4019 548 4074 netis
579 4035 634 4089 p.
688 4016 792 4073 εει
840 4020 1035 4074 recito.
1069 4017 1198 4079 Sed,
1239 4018 1387 4086 quod
1425 4015 1676 4071 animad-

128 4119 260 4161 verto
289 4125 426 4166 nunc
451 4126 597 4176 sero,
629 4110 681 4166 itt
713 4127 788 4166 eo.
807 4127 914 4166 non
951 4111 1134 4180 agitur
1155 4111 1221 4165 de
1248 4109 1481 4180 Georgio
1507 4108 1680 4165 Acro-

129 4197 293 4267 polita,
322 4217 507 4261 verum
557 4206 623 4260 de
651 4203 887 4274 Georgio
925 4203 1235 4267 Metochita,
1283 4219 1447 4273 quem
1488 4201 1682 4258 Dente-

133 4290 246 4346 trius
278 4311 529 4369 magnum
563 4299 730 4354 fuisse
789 4297 1122 4366 logotltetam
1163 4299 1236 4352 ibi
1283 4299 1497 4364 scribit,
1532 4299 1678 4369 quod

133 4383 247 4439 tnilti
297 4385 473 4445 fucum
511 4390 658 4457 iecit,
691 4399 743 4444 et
771 4391 1041 4461 quomodo
1074 4405 1257 4443 verum
1291 4406 1413 4445 esse
1441 4392 1681 4462 potuerit

1773 1866 2014 1938 incapaci
2053 1865 2299 1922 ltabenda
2347 1863 2733 1936 sutiragiorum
2766 1864 3054 1928 Ecclesiae,
3104 1879 3224 1935 qua:
3255 1877 3356 1934 pro

1774 1959 1877 2030 piis
1907 1959 1958 2014 itt
1992 1958 2088 2015 Dei
2138 1959 2408 2015 citaritate
2458 1957 2758 2024 defunctis,
2795 1972 2903 2013 non
2951 1971 3051 2028 pro
3081 1955 3191 2013 Deo
3219 1970 3352 2012 exo-

1771 2055 1856 2113 sis
1879 2064 1935 2111 et
1961 2057 2018 2111 in
2044 2071 2142 2112 suo
2182 2055 2334 2128 gravi
2379 2065 2604 2126 peccato
2657 2053 2888 2110 mortuis
2917 2052 3100 2109 offerri
3131 2068 3361 2109 consue-

1775 2158 1990 2213 verunt,
2040 2147 2178 2204 sntis
2231 2149 2614 2205 demonstrare
2641 2162 2804 2218 quam
2845 2145 3041 2203 falsum
3074 2147 3170 2215 sit,
3212 2149 3357 2218 quod

1774 2243 1950 2308 utulti,
1983 2242 2287 2313 prteserti-tn
2340 2240 2685 2306 heterodoxi,
2735 2244 3068 2312 persuadere
3106 2252 3236 2296 sunt
3265 2254 3357 2296 co-

1774 2336 1908 2404 nati,
1935 2335 2236 2391 doctrinam
2270 2335 2323 2391 ln
2363 2335 2607 2392 Ecclesia
2667 2333 2910 2389 Romana
2965 2346 3238 2405 receptam
3291 2334 3362 2391 de

1775 2430 2092 2503 purgatorio
2118 2446 2146 2484 a
2182 2429 2386 2486 Cra-cis
2427 2426 2855 2500 penitusrejici.

1845 2523 2025 2578 P.19.
2083 2520 2229 2577 Post-
2264 2523 2403 2576 diem
2451 2521 2794 2576 tricesimum.
2852 2521 3067 2585 Y-idetut
3113 2519 3366 2576 indicare

1777 2617 2113 2672 tricesimam
2153 2617 2383 2687 primam
2433 2613 2931 2672 Decetnbrisdietn
2965 2633 2980 2669 :
3011 2629 3074 2670 ea
3107 2613 3250 2670 enim
3277 2625 3360 2668 est
3402 2650 3404 2652 -

1773 2700 1888 2778 post
1921 2710 2262 2765 tricesimum.
2299 2709 2455 2766 Unde
2505 2707 2704 2764 festmn
2737 2706 2896 2778 cujus
2928 2706 3090 2776 paulo
3123 2715 3249 2775 post
3293 2707 3355 2761 iis

1775 2801 2007 2868 mentio,
2051 2802 2217 2858 fuerit
2271 2811 2488 2858 octava-
2525 2800 2839 2858 Nativitatis
2884 2810 2941 2855 et
2997 2799 3364 2856 Circumcisie

1776 2893 1991 2949 Domini
2021 2910 2051 2949 a
2086 2909 2313 2965 vespera
2366 2892 2643 2964 pridiana,
2685 2900 2747 2948 ut
2782 2893 2865 2959 iit,
2924 2891 3217 2960 incipiens.
3267 2890 3359 2947 Sic

1777 2985 2030 3053 interius,
2063 3002 2118 3057 p.
2154 2987 2248 3052 22,
2289 2985 2482 3056 quinta
2522 2983 2909 3041 Januarii-sub
2943 2998 3228 3054 vesperam
3275 2985 3358 3040 I'e-

1776 3090 1919 3135 stum
1973 3078 2479 3150 Theopltaniurum,
2513 3087 2607 3134 aut
2659 3086 2718 3134 ut
2773 3092 2873 3135 nos
2925 3091 3202 3146 vocamus,
3232 3075 3353 3147 Epi-

1777 3173 1989 3244 phaniae
2026 3171 2294 3229 celebrari
2323 3181 2562 3244 coeptum
2591 3171 2862 3238 insuitur,
2894 3163 3032 3227 dum
3059 3170 3130 3227 ibi
3162 3169 3369 3228 scribis

1778 3267 2095 3333 historicus,
2152 3267 2298 3322 datis
2355 3264 2654 3336 unicuique
2700 3265 3156 3336 cereis-peractas
3195 3257 3380 3320 fuisse

1775 3377 1892 3433 qua
1911 3361 2037 3433 festi
2059 3361 2189 3417 ritus
2212 3361 2482 3432 poscebat.

1846 3457 1911 3514 ϐ.
1940 3457 1971 3512 8
2000 3465 2055 3511 et
2086 3458 2142 3512 9.
2172 3454 2305 3524 Quae
2334 3456 2388 3510 in
2439 3455 2526 3512 his
2575 3454 2862 3526 capitibus
2878 3452 3114 3517 duobus,
3146 3452 3364 3509 sedili.

1777 3549 2034 3608 stinctius
2066 3550 2118 3605 in
2155 3547 2210 3617 9,
2251 3548 2320 3605 de
2366 3548 2546 3606 Vecco
2577 3547 2874 3605 traduntur
2902 3557 2957 3603 et
2986 3547 3106 3617 ejus
3135 3556 3366 3603 senten-

1781 3645 1879 3714 tia,
1937 3642 2308 3699 dectaratione
2363 3641 2629 3713 indigent,
2665 3649 2723 3697 ut
2752 3641 2819 3696 iis
2862 3639 3077 3710 species
3110 3639 3373 3695 dematur.

1780 3733 2141 3807 ὲτεροδοξίας.
2178 3733 2415 3789 Pronum
2444 3734 2643 3803 quippe
2672 3731 2839 3788 fuerit
2872 3745 2982 3788 non
3023 3729 3378 3800 prtemunito-

1782 3829 1995 3893 lectori,
2029 3825 2117 3882 ttbi
2163 3828 2362 3883 viderit
2398 3825 2635 3883 Vercnm
2677 3834 2964 3895 negantem
3009 3823 3201 3879 Filium
3239 3840 3368 3880 esse

1780 3935 2024 3984 causam,
2062 3921 2164 3975 hoc
2197 3928 2282 3976 est
2339 3918 2692 3990 principium,
2743 3917 3004 3988 Spiritus,
3032 3930 3358 3971 concausam

1780 4013 1896 4067 sive
1929 4013 2383 4083 comprincipium
2414 4028 2537 4067 cum
2586 4011 2772 4078 Patre,
2802 4011 3036 4081 denique
3062 4008 3360 4078 subiiciet).

1781 4117 1888 4160 tent
1922 4103 2257 4160 anathemati
2314 4113 2422 4159 tam
2453 4120 2546 4161 cos
2581 4105 2674 4176 qui
2711 4121 2775 4158 ea
2815 4103 3089 4160 senserint
3118 4118 3178 4158 ac
3205 4101 3360 4157 dixe-

1785 4201 1912 4264 rint,
1938 4214 2100 4267 quam
2133 4199 2331 4269 quisic
2356 4197 2694 4266 sapientibus
2716 4209 2770 4254 et
2803 4196 3377 4268 loquentibus-scieno-

1785 4302 1866 4346 tes
1895 4291 2442 4351 communicaverint.
2494 4306 2754 4345 accusare
2813 4291 2988 4359 ipsum
3033 4291 3362 4360 pratvarieao

1785 4387 1949 4440 tionis
1992 4385 2044 4440 in
2088 4401 2250 4440 causa
2283 4393 2536 4453 suscepta
2598 4381 2890 4453 purganda
2921 4383 2987 4436 ab
3016 4382 3240 4435 haeresis
3271 4396 3356 4436 su-

135 4489 223 4529 ttott
252 4477 502 4555 intelligo,
530 4498 652 4537 cutn
692 4483 911 4538 vivente
945 4481 1209 4538 Micltaele
1239 4481 1408 4548 solus,
1438 4484 1580 4552 quod
1613 4497 1677 4536 ex
1708 4493 1751 4554 (ς
1787 4480 2036 4549 spicione
2071 4479 2333 4535 doctrina:
2383 4476 2708 4532 Latinorum
2762 4476 2908 4531 circa
2956 4474 3368 4547 processionont-

137 4564 438 4644 Pacltyntere
484 4587 763 4648 appareat,
818 4575 1086 4648 Georgius
1118 4577 1430 4648 Acropotita
1465 4577 1556 4631 tali
1591 4576 1676 4631 di.

138 4660 315 4726 imitate
337 4667 551 4726 iunctus
572 4672 684 4739 sit;
716 4686 835 4740 qua
863 4681 981 4740 post
1012 4671 1130 4739 ejus
1163 4681 1388 4723 mortem
1421 4668 1474 4722 in
1501 4667 1680 4722 Theo-

137 4752 301 4808 dorum
336 4759 677 4818 Muealonem
715 4762 782 4817 ab
836 4762 955 4832 ipso
1006 4761 1266 4816 ﬂicbaele
1299 4763 1553 4832 Augusto
1594 4768 1678 4815 est

143 4849 398 4919 translata,
418 4866 578 4923 prout
609 4853 699 4911 hic
725 4856 876 4911 locus
909 4855 1088 4910 docet.

198 4936 312 5010 Pag.
347 4945 433 5002 i3.
464 4949 664 5004 Mensis
691 4957 801 5004 tum
833 4948 1065 5016 primum
1098 4950 1446 5015 oppositione.
1483 4946 1558 5003 De
1591 4961 1680 5004 re-

143 5041 327 5088 servata
359 5041 556 5096 seniori
591 5040 835 5109 Augusto
867 5040 1268 5108 subscriptione
1299 5056 1418 5093 cum
1467 5041 1679 5110 apposi-

147 5119 264 5176 tione
293 5132 511 5200 mensis,
540 5133 662 5186 vide
701 5148 820 5200 qua
861 5133 1168 5185 nutaviutus
1202 5130 1482 5185 Glossmio
1510 5133 1680 5199 priori

149 5211 202 5264 ad
229 5219 431 5277 verbum
465 5227 805 5296 μηνοῖογείν.

206 5306 351 5382 72θ
379 5315 438 5388 [Ρ
469 5317 597 5391 51η
634 5316 694 5374 Ρ.
732 5318 813 5372 13.
855 5317 1181 5383 Supplicium
1241 5318 1517 5387 fustuani.
1550 5315 1684 5370 V'itle

155 5408 249 5451 rem
279 5419 538 5466 narratam
578 5414 686 5466 vol.
727 5409 768 5472 l,
801 5427 852 5479 ρ.
887 5409 990 5463 495
1027 5425 1152 5479 Silii-

209 5490 334 5554 C.3.
359 5502 538 5560 Obiter
574 5506 660 5561 hic
701 5504 1122 5560 atltnottuerint:
1178 5518 1296 5572 qua:
1353 5503 1456 5558 hoc
1507 5502 1686 5572 capite

158 5587 412 5650 traduntur
438 5599 513 5670 (p.
549 5599 637 5666 i6,
699 5597 787 5666 Π)
821 5600 886 5653 de
922 5595 1175 5652 fraudata
1209 5596 1684 5653 scltismaticorum

159 5673 265 5733 0dio
286 5686 446 5745 anima
477 5690 756 5748 Michaelis
789 5690 1132 5761 imperatoris
1167 5690 1219 5744 in
1258 5689 1499 5745 Romana
1531 5703 1685 5744 com-

166 5774 386 5837 munione
414 5787 607 5844 mortui
636 5786 886 5845 subsidio
916 5784 1278 5858 piacularium
1303 5799 1606 5851 sacrorum,
1635 5791 1689 5843 et

1788 4570 2028 4640 Spiritus
2062 4570 2241 4626 sancti
2300 4585 2364 4625 ex
2419 4567 2581 4622 Patre
2629 4567 2874 4636 Filioque
2913 4574 3011 4620 aut
3039 4566 3223 4637 potius
3260 4579 3360 4635 pu-

1786 4665 1944 4719 dendi
1978 4664 2163 4735 lapsus
2192 4666 2243 4718 in
2273 4678 2514 4719 errorem
2547 4661 2860 4717 Graecorum
2896 4675 2924 4714 a
2959 4659 3145 4715 Latina
3169 4661 3363 4715 Eccle-

1788 4761 1865 4814 sia
1910 4760 2248 4823 damnatum,
2306 4757 2568 4812 aicutium
2608 4771 2635 4808 a
2692 4754 2857 4809 Patre
2901 4753 3018 4809 solo
3067 4746 3365 4823 preccdcre

1791 4853 2052 4923 Spiritum
2086 4864 2373 4916 sanetum;
2431 4866 2459 4904 a
2510 4848 2706 4920 quibus
2741 4847 2791 4902 is
2815 4857 2993 4902 tamen
3043 4845 3212 4915 culpis
3248 4845 3365 4901 Ion»
3408 4835 3411 4837 ’

1791 4944 2014 5013 gissime
2055 4943 2249 4999 abfuit.
2284 4940 2739 4996 Auimadvertere
2766 4939 2930 5011 igitur
2961 4955 3096 5010 opus
3128 4949 3234 5002 est,
3265 4953 3362 4994 ca-

1797 5039 1991 5093 tltolica
2027 5036 2208 5092 doceri
2245 5038 2473 5091 veritate
2520 5050 2625 5090 non
2661 5050 2783 5090 esse
2816 5033 2918 5088 nisi
2955 5048 3127 5087 unum
3153 5033 3358 5101 princi-

1795 5132 1937 5200 piunt
1973 5134 2148 5184 sancti
2189 5130 2446 5198 Spiritus,
2477 5129 2604 5182 licet
2634 5127 2682 5182 is
2719 5142 2785 5180 ex
2837 5125 3004 5180 Patre
3029 5143 3121 5192 per
3145 5125 3365 5189 Filium,

1796 5233 1853 5277 ttt
1888 5224 2056 5277 Graiei
2113 5223 2305 5276 Patres
2341 5222 2659 5288 loquuntur,
2693 5229 2748 5273 et
2788 5235 2852 5273 ea:
2883 5218 3046 5272 Patre
3098 5215 3364 5288 Filioque,

1794 5329 1852 5370 ttt
1893 5315 2065 5369 Latini
2099 5329 2220 5368 vere
2271 5314 2615 5366 declarantes
2663 5311 2802 5366 idem
2836 5309 3139 5380 proferunt,
3172 5325 3369 5381 proce~

1795 5413 1903 5463 dat.
1939 5409 2102 5463 Pater
2141 5409 2282 5461 enim
2317 5419 2372 5459 ttt
2418 5406 2711 5460 essentiam
2750 5417 2804 5461 et
2836 5416 3088 5459 naturam
3129 5403 3369 5459 divinant

1794 5501 1937 5557 Filio
1956 5517 2048 5572 per
2074 5500 2478 5570 generationem
2505 5497 2892 5562 communicat,
2922 5497 2993 5551 ita
3019 5495 3192 5551 eidem
3220 5497 3371 5568 priu-

1796 5596 1997 5663 cipium
2048 5595 2261 5666 spirans
2318 5593 2432 5647 sive
2483 5591 2840 5661 spira-tionem
2900 5588 3130 5645 activam
3179 5589 3370 5659 tradit,

1796 5689 1934 5744 adeo
1968 5695 2026 5742 ut
2073 5683 2531 5756 quemadmodum
2580 5683 2770 5738 eadem
2820 5696 3051 5737 numero
3089 5689 3280 5736 natura
3315 5689 3372 5735 et.

1801 5780 2032 5838 essentia
2067 5776 2250 5834 divina
2280 5774 2427 5831 Patri
2459 5773 2723 5845 Filioque,
2775 5771 2900 5831 licet
2929 5769 3113 5835 tlqu
3165 5770 3367 5848 aiioqui
