4004 6234
621 249 732 315 ’187

1552 261 1612 324 Ρ.
1648 254 1952 324 POSSINI
1985 265 2638 330 OBSERVATIOXUM
2682 271 2837 331 LIB.
2877 270 2959 332 Ii.

3757 271 3854 336 788

613 361 889 422 distinctis
910 367 1155 437 personis
1187 378 1350 434 inest,
1379 367 1454 426 ita
1484 372 1812 441 principium
1838 375 2056 442 spirans
2079 377 2194 430 sive
2225 384 2266 439 Α
2301 390 2557 449 utrosque
2589 381 2977 438 stabiliendam
3005 380 3312 451 oportebat,
3349 380 3488 436 ultro
3514 384 3723 438 damnat
3769 386 3857 438 [δι’

613 461 844 529 spiratio
872 461 1047 518 activa
1074 481 1178 521 una
1217 465 1516 533 eademque
1557 482 1786 522 numero
1819 469 1874 522 in
1909 468 2069 525 Patre
2104 485 2196 542 ge-

616 565 864 620 nerante,
915 556 967 610 iu
1000 556 1142 613 Filio
1187 559 1372 626 genito
1401 559 1714 629 reperitur;
1765 561 1906 616 unde
1933 562 1991 616 iit
2024 569 2083 616 ut
2128 577 2196 617 ex

615 649 781 705 unico
813 652 1082 723 principio
1129 655 1390 725 procedat
1442 653 1698 726 Spiritus,
1735 659 2085 727 quantumvis
2143 657 2195 712 id

615 743 947 813 principium
984 746 1201 800 uuicmu
1257 746 1639 803 iudistinctum
1679 749 1732 805 in
1766 750 1973 804 duabus
2013 766 2199 821 perso-

617 837 704 891 nis
737 839 1002 895 subsistat
1045 838 1444 896 identiﬁcatttm
1484 842 1726 912 utrique.
1761 843 1915 899 Unde
1945 843 2110 899 etiam
2138 845 2197 898 lit

615 939 700 994 nt,
748 935 892 1002 quod
925 934 1129 990 diserte
1166 935 1331 989 tradit
1385 933 1446 990 S.
1474 935 1742 991 Maximus
1797 939 1849 992 in
1897 937 2042 991 Dial.
2074 954 2193 992 cum

614 1024 806 1079 Anam.
837 1066 853 1088 ,
881 1025 1042 1080 Pater
1073 1039 1322 1082 sanetum
1361 1027 1629 1097 Spiritum
1664 1030 1825 1101 727
1864 1045 1969 1099 non
1998 1032 2197 1101 produ-

611 1128 702 1173 eat
732 1133 836 1186 qua
871 1117 1034 1172 Pater
1062 1129 1146 1175 est
1192 1117 1434 1192 [P.5i8]
1487 1121 1635 1190 (nam
1690 1122 1928 1190 Spititus
1976 1121 2193 1178 Patrem

615 1227 722 1266 non
757 1215 970 1282 habet),
1003 1230 1102 1269 nec
1132 1214 1302 1270 Filius
1338 1227 1588 1270 sanctum
1621 1217 1881 1286 Spiritum
1913 1218 2193 1286 producat,

610 1319 718 1374 qua
769 1304 937 1360 Filius
971 1316 1054 1361 est
1079 1306 1272 1375 (Filius
1299 1308 1445 1362 enim
1479 1319 1536 1363 ut
1562 1308 1730 1364 FliiIlS
1765 1311 1939 1366 solum
1973 1310 2192 1366 Patrem

611 1399 885 1469 reSpicit),
915 1401 1008 1454 sed
1043 1409 1151 1454 tam
1187 1399 1351 1456 Pater
1387 1419 1547 1472 quam
1589 1401 1758 1458 Filius
1804 1415 2030 1459 eatcnus
2070 1415 2191 1459 tan-

612 1504 726 1547 tum
780 1496 1090 1564 producant
1149 1496 1440 1565 Spiritum,
1472 1508 1742 1566 quatenus
1798 1500 2192 1553 identilicatnm

612 1589 713 1644 sibi
743 1589 976 1660 quisque
1003 1589 1272 1655 obtinent,
1319 1601 1372 1644 et
1409 1600 1666 1646 exercent
1697 1593 1916 1645 unicum
1948 1590 2195 1646 indivisi-

612 1683 720 1738 bile
747 1683 990 1754 spirandi
1023 1685 1382 1755 principium,
1421 1686 1566 1757 quod
1600 1688 1827 1756 spiratio
1871 1689 2045 1742 activa
2096 1701 2192 1740 vo-

612 1779 726 1832 cari
784 1780 1084 1849 prmsertim
1132 1780 1185 1834 in
1237 1779 1440 1835 scholis
1477 1780 1634 1836 solet.
1693 1781 2002 1835 Doctrinam
2055 1781 2196 1834 hanc

615 1875 837 1943 antiqua
883 1873 1139 1928 continue
1184 1874 1478 1928 traditione
1520 1874 1644 1928 inde
1697 1889 1866 1942 usque
1909 1890 1936 1928 a
1974 1874 2193 1928 Christo

616 1972 671 2020 t-t
695 1965 960 2034 apostolis
1004 1966 1406 2029 transmissam,
1450 1967 1530 2019 sic
1578 1966 1780 2020 diserte
1811 1966 2017 2021 Graecis
2063 1967 2197 2034 ipsis

615 2060 1041 2129 agnoscentibus
1070 2069 1123 2113 et
1157 2060 1597 2126 admittentibus,
1631 2061 1862 2131 explicat
1901 2061 2194 2116 concilium

618 2151 1015 2208 ωιιιιιιειιὶοιιιιι
1071 2152 1430 2223 Lugdunense
1483 2163 1536 2209 et
1567 2169 1615 2208 ct
1671 2169 1853 2207 coram
1893 2153 2196 2223 praesidens

618 2245 913 2316 Gregorius
943 2247 988 2302 X
1021 2258 1172 2318 pont.
1201 2263 1347 2302 max.
1380 2247 1668 2304 Decretum
1691 2247 1741 2302 id
1770 2249 1946 2302 refero
1975 2257 2132 2316 prout
2166 2261 2196 2303 a

619 2337 866 2398 Manuele
905 2339 1104 2397 Calcca
1160 2344 1443 2410 recitatur,
1484 2343 1645 2413 quale
1683 2344 1830 2398 illinc
1864 2344 1928 2398 ad
1976 2341 2196 2396 ϐιαιως

619 2438 848 2492 missum
889 2435 1130 2505 ipsorum
1169 2437 1348 2508 lingua
1381 2447 1483 2492 est.
1515 2438 1564 2492 ls
1600 2439 1742 2492 enim
1793 2440 2036 2509 scriptor
2060 2437 2199 2492 libro

617 2525 820 2590 Contra
852 2529 1086 2595 Gra'cos,
1117 2547 1166 2587 c.
1207 2530 1300 2596 59,
1329 2531 1410 2585 sic
1443 2530 1606 2584 habet
1635 2547 1651 2588 :
1687 2531 1994 2603 Γρητόριος
2041 2533 2098 2586 ἐν
2127 2533 2192 2604 τῇ

617 2625 763 2678 κατὰ
793 2624 1130 2694 Λούγδουνον
1162 2624 1601 2696 συγκροτηθείσῃ
1649 2625 1915 2696 καθολικῇ
1967 2624 2195 2694 συνόδῳ.

619 2717 857 2774 Εὐλισεῖ
887 2719 984 2773 κα)⁸
1033 2721 1201 2792 πιστῇ
1232 2719 1496 2791 ὁμολογίᾳ
1545 2719 1728 2791 φαμὲν
1759 2719 1820 2772 τὸ
1880 2715 2105 2786 Πνεῦμα
2138 2701 2200 2769 ab

619 2813 778 2884 ἅγιον
811 2814 1000 2879 ἀῖδὶως
1050 2817 1116 2870 ὲκ
1154 2814 1368 2886 nugs;
1415 2813 1514 2870 καὶ
1548 2813 1703 2878 Υῐοῦ,
1758 2813 1857 2884 οὐχ
1887 2813 1964 2876 ὡς
2007 2815 2068 2866 ἐκ
2105 2811 2198 2866 δύο

619 2908 827 2980 ἀρχῶν,
860 2907 976 2964 ἀλλ’
1005 2908 1080 2973 ὡς
1111 2909 1176 2962 ἐκ
1206 2909 1357 2980 μιᾶς.
1394 2909 1455 2962 οὗ
1495 2907 1616 2963 δυσὶ
1652 2907 1996 2978 πνεύσεσινῆ
2030 2909 2198 2960 ἐκπο-

621 3004 898 3076 ρεύσεσιν,
923 3003 1058 3058 ἀλλὰ
1086 3005 1186 3075 μιᾷ
1213 3006 1307 3056 καὶ
1333 3005 1399 3075 τῇ
1422 3004 1560 3075 αὐτῇ
1583 3003 2004 3072 ἐκπορεύεσθαι.
2027 2999 2200 3054 Τοῦτο

2303 489 2392 526 sas
2447 472 2734 542 Opiniones
2793 474 2926 528 istas
2981 485 3031 528 et
3086 485 3144 529 ut
3214 475 3498 529 lucreticas
3563 474 3856 542 proscribit.

2305 564 2478 620 Verba
2505 567 2622 637 ejus
2659 567 3035 637 superioribus
3064 568 3322 622 continua
3355 562 3445 623 hic
3475 567 3855 622 describamus.

2313 661 2456 715 Ἀλλ’
2483 662 2604 714 ἐπεί
2637 679 2784 725 τινες
2812 661 2902 715 διὰ
2933 661 3034 730 τῆς
3067 659 3349 732 ἁρῤήκτου
3379 659 3588 728 ταύτης
3618 659 3858 723 ἀληθείας

2297 754 2524 822 ἄγνοιαν
2571 756 2651 816 εἰς
2705 753 2958 817 ποικίλας
2989 753 3230 823 αἱρέσεις
3265 751 3674 820 ὑπωλίσθησαν,
3713 752 3861 821 ἡμεῖς

2298 849 2480 901 πᾶσαν
2529 847 2647 901 ὁδὸν
2701 849 2821 910 ταῖς
2857 846 3134 910 τοιαύταις
3171 847 3450 915 αἱρέσεσιν
3499 845 3862 915 ἀποφράττειν

2297 938 2719 1009 ἐπιθυμοῦντες,
2771 941 2870 1012 τῆς
2916 940 3072 1010 ἱερᾶς
3106 939 3605 1012 συμψηφιζομένης
3638 938 3860 1004 συνόδου,

2297 1034 2462 1104 728
2485 1035 2886 1106 κατακρινομεν
2913 1038 3006 1090 καὶ
3029 1033 3510 1104 ἀποδοκιμάζομεν
3530 1034 3734 1096 πάντας
3747 1035 3865 1096 τοὶς

2295 1126 2579 1194 ἀρνεῖσθαι
2609 1127 2926 1196 τολμῶντας
2950 1127 3185 1190 αξωνέως
3207 1131 3269 1180 ἐκ
3295 1127 3507 1199 [ἰατρὸς
3540 1128 3636 1179 καὶ
3665 1126 3788 1178 Υἱοῦ
3813 1125 3864 1178 τὸ

2297 1221 2450 1287 ἅγιον
2481 1219 2876 1292 ἐκπορεύεσθαι
2916 1221 3161 1290 Πνεῦμα,
3191 1219 3226 1292 ἢ
3257 1223 3528 1291 προπετεῐ
3561 1237 3674 1273 τινι
3700 1219 3860 1291 τόλμῃ

2293 1312 2727 1385 διισχυρίζεαθαι
2756 1314 2832 1376 Ξτὸ
2890 1314 3119 1384 Πνεῦμα
3169 1314 3231 1366 ἐκ
3269 1313 3481 1385 [ἰατρὸς
3518 1313 3614 1366 καὶ
3645 1312 3771 1366 Υίοῧ
3799 1314 3862 1376 ὡς

2293 1411 2436 1465 δυοῖν
2469 1407 2809 1480 ἁρχῶν.ἀλλ’
2838 1409 2938 1479 οὐχ
2963 1409 3036 1466 ὡς
3061 1410 3125 1460 ὲκ
3159 1409 3289 1477 μιᾶς
3320 1404 3742 1478 ἐκπορεύεσθαιο
3771 1405 3859 1461 Srd

2294 1505 2542 1572 quoniam
2594 1516 2687 1569 per
2729 1499 3118 1571 irrefrngnbilis
3158 1501 3308 1554 istius
3351 1500 3714 1570 ignorantiam
3743 1499 3858 1552 reri-

2298 1597 2420 1649 tatis
2443 1597 2496 1651 in
2520 1594 2698 1650 uarias
2721 1593 2942 1649 Ittrreses
2968 1593 3186 1664 quidam
3213 1593 3447 1663 prolapsi
3474 1603 3625 1654 sunt,
3649 1609 3738 1647 nos
3765 1609 3858 1646 0m-

2298 1707 2412 1745 ttent
2448 1691 2650 1744 aditum
2682 1689 2980 1743 istiusmodi
3035 1688 3325 1741 ha'resibns
3360 1689 3638 1740 obstruere
3672 1687 3859 1754 cupien-

2301 1791 2397 1852 tes,
2451 1799 2604 1838 sacro
2635 1783 2956 1852 suffragante
2994 1781 3238 1843 concilio,
3265 1780 3587 1833 damnamus
3628 1790 3674 1832 et
3706 1796 3858 1841 repro-

2299 1881 2484 1934 bamus
2537 1895 2713 1933 omnes
2749 1877 2840 1952 qui
2879 1895 3068 1950 negare
3094 1879 3528 1947 prtrstttnpserinl
3558 1878 3859 1931 a'ternalt'ter

2301 1973 2557 2041 Spiritum
2618 1984 2864 2028 sanctum
2898 1989 2962 2028 es:
2999 1970 3164 2027 Patre
3195 1983 3242 2027 et
3271 1970 3412 2026 Filio
3441 1975 3748 2039 procedere,
3782 1983 3858 2024 aut

2297 2069 2387 2137 qui
2432 2069 2710 2122 temerario
2765 2083 2901 2121 ausu
2947 2069 3274 2121 asseruerint
3319 2064 3583 2134 Spiritum
3614 2082 3677 2121 es:
3719 2069 3859 2119 Patre

2298 2175 2343 2216 et
2383 2160 2522 2217 Filio
2569 2170 2820 2231 tanquam
2853 2176 2916 2214 ex
2948 2158 3149 2212 duobus
3205 2159 3485 2226 principiis
3537 2167 3588 2212 et
3624 2175 3723 2212 non
3755 2169 3856 2212 tau-

2299 2273 2455 2328 quam
2487 2272 2550 2309 ex
2590 2271 2694 2310 uno
2741 2253 3040 2324 procedere.
3092 2251 3214 2307 [hcc
3247 2250 3546 2323 Gregorius
3591 2251 3638 2306 Χ
3669 2255 3718 2306 in
3749 2267 3857 2305 cau-

2300 2350 2427 2406 cilio
2471 2349 2837 2422 Lugdunensi.
2875 2346 2947 2402 Ex
2979 2347 3176 2416 quibus
3225 2357 3449 2414 apparet
3495 2362 3661 2416 quam
3692 2354 3857 2400 exacte

2299 2444 2365 2500 ad
2397 2440 2716 2499 catholicam
2773 2443 3075 2504 veritatem,
3125 2455 3397 2510 quumque
3423 2438 3564 2493 citra
3611 2439 3856 2508 suspicio-

2303 2555 2422 2593 nem
2466 2536 2676 2591 favendi
2727 2535 3041 2591 Crmcorum
3093 2534 3295 2598 errori,
3349 2544 3462 2588 tres
3525 2533 3646 2586 illos
3676 2531 3857 2587 Vercus

2301 2614 2787 2686 anatheumtismos
2826 2628 3068 2684 formula:
3116 2628 3238 2683 ﬁdei
3280 2627 3579 2695 quotannis
3621 2627 3673 2680 iu
3703 2625 3857 2680 eccle-

2301 2729 2382 2782 sia
2419 2728 2504 2781 die
2532 2725 2870 2781 orthodoxiaa
2920 2724 3137 2778 recitari
3185 2720 3358 2777 solitae
3410 2721 3705 2776 addiderit.
3741 2719 3857 2774 Cum

2300 2825 2445 2878 enim
2479 2821 2766 2875 anathema
2805 2819 2936 2873 dixit
2969 2819 3014 2874 ei
3057 2819 3148 2887 qui
3199 2817 3502 2871 aliirmaret
3535 2815 3728 2870 Filium
3756 2827 3858 2868 esse

2301 2932 2522 2971 causam
2568 2917 2682 2968 sive
2716 2912 3043 2984 principium
3087 2910 3342 2983 Spiritus,
3369 2923 3416 2965 et
3453 2910 3506 2966 ei
3552 2910 3757 2980 pariter
3779 2905 3853 2977 qui

2301 3010 2510 3067 diceret
2544 3006 2736 3063 Ftltum
2769 3023 2888 3064 esse
2920 3022 3242 3060 concausam
3275 3007 3389 3060 sive
3419 3003 3854 3072 contprincipiutn

615 3095 825 3151 ἄνωθεν
852 3095 1122 3168 ὡμολόγει
1154 3097 1248 3150 καὶ
1275 3093 1516 3150 διδάσκει
1547 3096 1581 3164 ὴ
1611 3092 1734 3165 ἱερὰ
1757 3079 2013 3161 καλά-τίει
2054 3091 2190 3146 Ῥω-

2302 3122 2408 3161 una
2436 3121 2555 3158 (ευ-ιι
2591 3099 2747 3156 Putre
2771 3101 3013 3170 ejusdem
3049 3097 3304 3168 Spiritus,
3335 3097 3606 3152 intellexit
3633 3096 3697 3150 de
3723 3092 3854 3164 prin-

618 3190 790 3261 μιῖκὴ
832 3187 1152 3260 Ἐκκλησία,
1181 3189 1216 3260 ἡ
1245 3189 1428 3259 μήτηρ
1459 3185 1676 3241 πάντων
1704 3187 1813 3241 τῶν
1847 3184 2057 3240 πιστῶν
2095 3186 2184 3239 καὶ

613 3283 957 3348 διδάσκαλος.
989 3270 1185 3337 ’Τοῦτο
1237 3283 1458 3353 κατέχει
1492 3282 1527 3354 ἡ
1561 3279 1668 3334 τῶν
1697 3279 1996 3352 apscedam
2029 3278 2201 3332 Πατέ-

623 3393 733 3445 ρων
757 3376 849 3429 καὶ
876 3375 1215 3429 διδασκάλων
1238 3375 1345 3426 τῶν
1394 3390 1455 3426 τε
1501 3373 1746 3428 Λατίνων
1775 3373 1868 3427 καὶ
1895 3371 2003 3424 τῶν
2033 3370 2072 3423 Γ
2078 3385 2201 3441 ραι-

620 3467 732 3524 κῶν
765 3468 971 3541 ἀληθὴς
1000 3472 1093 3523 καὶ
1122 3469 1525 3540 ἀμετακίνητος
1557 3467 1755 3538 ψῆφος,
1791 3469 1891 3522 hoc
1918 3480 2038 3522 est:
2071 3467 2201 3522 Cre-

619 3566 798 3636 gorius
836 3564 1082 3619 Decimus
1131 3565 1184 3619 in
1219 3564 1360 3635 apud
1392 3561 1709 3635 Lugdunum
1740 3573 2049 3632 congregata
2081 3561 2201 3614 uni-

619 3642 816 3714 uersali
869 3659 1091 3733 synodo.
1129 3657 1322 3714 Devota
1351 3667 1396 3714 et
1427 3657 1572 3728 ﬁdeli
1606 3657 1934 3727 confessione
1974 3656 2198 3708 dicimus

608 3751 879 3828 Spiritum
915 3765 1150 3808 sam-tum
1175 3753 1498 3808 teternatiter
1519 3768 1583 3806 ea:
1613 3749 1772 3805 Patre
1801 3759 1848 3805 et
1880 3748 2044 3814 Filio,
2097 3765 2200 3804 non

622 3857 872 3918 tanquam
904 3863 969 3902 ea:
997 3847 1201 3901 duobus
1234 3846 1524 3916 principiis,
1565 3846 1656 3899 sed
1689 3854 1942 3915 tanquam
1973 3858 2037 3897 ea:
2071 3857 2199 3908 uno,

621 3958 723 3997 non
765 3941 968 3998 duabus
999 3940 1375 4009 spirationibus
1403 3951 1494 3994 aut
1519 3938 1957 4011 processionibus,
1976 3936 2064 3990 sed
2093 3951 2198 3989 una

625 4052 672 4092 et
701 4039 878 4092 eadem
914 4035 1209 4108 procedere.
1251 4034 1362 4090 Hoc
1393 4037 1645 4096 hactenus
1671 4031 1912 4103 professa
1940 4039 2039 4095 est,
2063 4046 2201 4099 pra?-

623 4131 842 4196 tlicavit,
861 4130 1060 4195 docuit,
1085 4130 1179 4182 Itoc
1203 4128 1430 4199 ﬁrmiter
1451 4136 1605 4191 tenet,
1623 4128 1900 4194 pra'dicat,
1923 4124 2203 4194 proﬁtetur

623 4237 670 4280 et
720 4226 870 4279 docet
917 4233 1258 4280 sacrosancta
1306 4218 1548 4275 Romana
1587 4217 1848 4282 Ecclesia,
1883 4228 2050 4272 mater
2089 4234 2202 4272 ont-

626 4322 770 4374 nium
804 4319 1040 4389 ﬁdelium
1065 4327 1113 4371 et
1143 4318 1423 4388 magistra.
1461 4313 1572 4370 Hoc
1598 4314 1752 4368 habet
1782 4315 2200 4370 art/todoxornm

625 4413 849 4469 Patrum
880 4423 1032 4483 atque
1069 4411 1338 4466 doctorum
1391 4408 1703 4464 Latinorum
1748 4410 1948 4479 pariter
1975 4419 2020 4463 et
2055 4406 2202 4464 Crte-

624 4527 802 4563 corum
847 4526 966 4562 vera
1001 4516 1050 4562 et
1080 4505 1524 4561 incommutabilis
1546 4507 1824 4560 sententia.
1855 4500 1928 4558 ita
1961 4503 2031 4558 ibi
2062 4502 2198 4558 Grc-

624 4605 812 4676 gorius
843 4601 912 4669 Χ,
947 4602 1129 4658 statim
1159 4609 1280 4670 post
1306 4600 1550 4654 indicans
1579 4614 1643 4654 ex
1684 4599 1780 4652 ista
1816 4613 1920 4650 non
1950 4597 2086 4652 satis
2113 4595 2200 4648 di-

628 4699 823 4756 stincte
849 4698 1134 4753 observata
1171 4695 1402 4750 veritate
1432 4696 1610 4764 lapsos
1641 4693 1903 4764 quosdam
1936 4688 1990 4744 in
2021 4690 2200 4745 rarius

631 4792 887 4856 hzerescs,
933 4804 1126 4861 nempe
1158 4790 1294 4842 duas
1347 4786 1480 4841 istas
1511 4799 1542 4840 ο
1590 4785 1865 4837 contrario
1898 4787 2198 4853 oppositas,

626 4886 922 4944 dicentium
956 4899 1020 4939 ex
1054 4882 1168 4938 solo
1201 4879 1360 4936 Patre
1411 4878 1704 4952 procedere
1752 4887 1999 4932 sanctum
2030 4877 2203 4947 Spiri-

628 4995 764 5045 tum,
804 4992 856 5037 ct
893 4973 1272 5034 allii-maniium
1327 4991 1387 5028 ex
1441 4976 1604 5030 Patre
1656 4972 1896 5040 Filioque
1952 4972 2198 5026 cuuuiem

626 5087 886 5147 tanquam
956 5091 1020 5129 es
1087 5066 1298 5128 duobus
1337 5073 1631 5143 procedere
1693 5071 1995 5139 principiis.
2045 5068 2197 5136 Quod

629 5183 918 5238 utrumque
949 5168 1220 5223 exorbitat
1255 5183 1282 5221 a
1325 5179 1468 5221 recta
1510 5167 1630 5226 fide,
1668 5166 1795 5218 hinc
1822 5168 1885 5217 ad
1919 5166 2196 5218 dexteram

632 5263 788 5320 illunc
817 5264 880 5317 ad
916 5264 1195 5318 sinistram
1229 5262 1296 5316 ab
1329 5278 1431 5314 una
1455 5276 1581 5314 vera
1607 5263 1706 5312 sita
1743 5262 1793 5312 iu
1825 5259 2004 5312 medio
2032 5261 2195 5312 deliu-

631 5374 785 5415 cteus
829 5359 931 5411 via.
961 5356 1093 5422 Quia
1137 5371 1268 5410 vero
1317 5358 1455 5410 hunc
1492 5358 1780 5406 secundum
1817 5354 2060 5406 literesizn
2093 5358 2200 5404 duo

627 5454 845 5523 Spiritui
879 5462 1070 5507 sancto
1108 5450 1372 5520 principia
1430 5449 1804 5516 assignantetn
1842 5447 2012 5503 Οτειειςί
2050 5447 2197 5501 Lati-

626 5548 711 5603 nis
747 5544 1107 5614 imputabant,
1142 5551 1194 5596 et
1242 5542 1475 5611 priorem
1529 5537 1671 5592 Patri
1727 5538 1826 5592 soli
1862 5539 1976 5607 ejus
2007 5539 2199 5604 produ-

624 5640 860 5692 ctionem
911 5636 1245 5691 tribuentem
1299 5631 1474 5687 Latini
1534 5633 1770 5687 vicissim
1833 5633 2198 5701 inzpingebmtt

616 5728 849 5790 Grtecis,
900 5738 961 5787 ut.
1011 5740 1202 5782 ambos
1247 5739 1340 5782 aut
1373 5744 1562 5785 errore
1601 5738 1693 5781 aut
1737 5729 2044 5795 suspicione
2079 5728 2196 5779 istis

619 5823 917 5891 Gregorius
969 5830 1245 5891 purgaret,
1297 5833 1454 5891 prout
1493 5823 1556 5878 ad
1607 5826 2020 5879 consensionem
2059 5821 2196 5876 inter

2295 3201 2437 3271 cipio
2469 3215 2570 3268 quo
2599 3199 2713 3253 sive
2745 3195 2986 3265 formati,
3023 3205 3080 3247 ut
3112 3193 3411 3262 loquuntur
3451 3193 3507 3247 itt
3544 3190 3764 3252 scholis,
3789 3187 3854 3241 ui-

2305 3293 2498 3346 n.irutn
2531 3290 2819 3356 spiratione
2845 3285 3037 3350 actim,
3064 3301 3182 3355 quae
3214 3300 3337 3338 cum
3371 3283 3438 3336 sit
3474 3298 3586 3336 una
3616 3279 3854 3336 eteadem

2303 3378 2714 3436 indirisibilitcr
2747 3378 3021 3432 exsistens
3062 3376 3114 3428 in
3146 3375 3306 3429 Patre
3337 3386 3390 3429 et
3419 3372 3583 3434 Filio,
3610 3383 3663 3428 et
3694 3371 3755 3425 ab
3779 3369 3856 3423 illo

2305 3473 2427 3531 huic
2457 3473 2881 3538 communicata,
2918 3471 3024 3527 dici
3052 3486 3152 3526 non
3182 3480 3356 3540 potest
3383 3478 3695 3537 competere
3720 3465 3852 3527 Filio,

2305 3585 2407 3638 qna
2448 3569 2670 3638 praecise
2719 3565 2889 3622 Filius
2922 3577 3002 3620 est
3031 3581 3245 3636 quaque
3283 3563 3368 3637 [P.
3398 3563 3526 3638 5|9]
3559 3563 3704 3619 Patri
3737 3561 3855 3617 rela-

2307 3665 2413 3717 tive
2451 3665 2746 3733 opponitur
2797 3669 2851 3716 et
2901 3661 2967 3716 ab
3012 3676 3078 3716 eo
3129 3660 3506 3730 distinguitur,
3541 3657 3855 3729 spirationm

2304 3759 2552 3823 activam,
2581 3758 2694 3812 sive
2751 3753 3014 3810 rationem
3077 3751 3328 3824 principii
3385 3763 3638 3821 respectu
3696 3747 3850 3804 sancti

2304 3851 2562 3922 Spiritus,
2594 3850 2720 3920 quia
2772 3850 3071 3904 secundum
3123 3847 3281 3902 istam
3327 3845 3597 3899 rationem
3648 3858 3746 3899 non
3789 3839 3856 3894 di-

2304 3945 2537 4002 stinctus
2566 3961 2594 3996 a
2625 3943 2807 4008 Patro,
2834 3943 2929 3995 sed
2965 3941 3105 3995 idem
3136 3956 3257 3994 cum
3281 3939 3374 3994 illo
3402 3950 3507 4003 est,
3531 3938 3856 4009 quemadtnoo

2305 4040 2430 4093 dmn
2464 4046 2517 4090 et
2545 4035 2844 4092 secundum
2877 4034 3141 4096 divinum,
3171 4048 3330 4102 quam
3364 4033 3493 4088 item
3526 4032 3595 4086 ab
3626 4032 3712 4085 illo
3733 4028 3856 4082 acci-

2304 4133 2404 4202 pit,
2433 4131 2725 4185 essentiam
2758 4139 2811 4183 et
2846 4141 3118 4183 naturam.
3163 4127 3239 4180 Ac
3271 4137 3494 4195 propter
3523 4126 3760 4180 eamdem
3785 4136 3853 4174 ra-

2308 4227 2510 4282 tionem
2556 4237 2836 4294 perperam
2893 4222 3163 4274 diceretur
3216 4219 3652 4290 contprincipiunt
3702 4213 3850 4270 Flius

2306 4318 2462 4376 Patri
2497 4328 2728 4388 respectu
2752 4319 2918 4372 sancti
2946 4315 3201 4384 Spiritus,
3230 4315 3274 4370 si
3306 4315 3484 4384 agitur
3517 4315 3584 4368 de
3616 4311 3850 4384 principio

2304 4430 2435 4485 quo,
2471 4413 2612 4482 quia.
2652 4411 2889 4467 indicata
2936 4408 3299 4478 comprincipii
3357 4407 3622 4461 vocabulo
3649 4403 3851 4459 dualitas

2307 4506 2698 4578 principiorum
2767 4503 3250 4572 simplicissimam-
3299 4501 3643 4556 idt‘ntitalczn
3715 4499 3849 4552 unius

2307 4596 2622 4664 spiratiOuis
2659 4594 2847 4648 activa:
2906 4593 2960 4646 in
2998 4593 3156 4646 Patre
3216 4591 3377 4646 simul
3417 4607 3480 4647 ac
3537 4592 3670 4646 Filio
3699 4589 3848 4644 subsi-

2305 4689 2503 4746 stentis
2559 4689 2833 4742 videretur
2884 4688 3197 4742 excludere.
3249 4685 3412 4758 idque
3444 4689 3580 4742 satis
3621 4682 3850 4741 indicavit

2306 4786 2424 4858 ipse
2485 4785 2692 4840 Veccus
2723 4797 2780 4837 se
2828 4783 2903 4838 ita
2953 4781 3271 4852 intelligere,
3321 4795 3442 4834 cum
3491 4775 3850 4849 μώλωπι

2303 4877 2711 4951 ohjieientibus,
2767 4891 2833 4930 ex
2887 4890 2952 4930 eo
2985 4875 3127 4944 quod
3174 4875 3286 4944 ipse
3321 4891 3442 4929 cum
3495 4873 3698 4929 Latinis
3734 4868 3850 4925 allir-

2303 4982 2481 5028 maret
2536 4970 2796 5040 Spiritum
2863 4978 3109 5022 sanctqu
3171 4981 3236 5021 ex
3272 4967 3430 5021 Patre
3481 4981 3536 5020 et
3576 4965 3704 5019 Filio
3743 4978 3846 5033 pro-

2305 5045 2519 5127 cedure,
2557 5064 2841 5118 tnuuiieste
2888 5062 3038 5133 sequi
3078 5061 3270 5116 Filium
3319 5061 3422 5113 dici
3455 5058 3845 5131 oportcrcprin-

2304 5161 2504 5229 cipiunt
2545 5159 2780 5228 Spiritus
2816 5157 2989 5210 sancti
3047 5165 3134 5208 aut
3195 5154 3384 5208 saltem
3432 5153 3842 5224 contprincipium

2306 5272 2406 5308 una
2444 5271 2564 5308 cum
2606 5253 2781 5312 Patro,
2810 5254 3103 5314 respondet
3138 5264 3243 5300 non
3290 5249 3461 5318 magis
3497 5260 3693 5303 rectam
3727 5247 3838 5297 hanc

2303 5365 2422 5404 esse
2467 5337 3057 5406 eoiiectiortetn,Pater
3106 5359 3220 5396 cum
3265 5340 3404 5395 Filio
3438 5355 3511 5396 est
3568 5338 3839 5411 principium

2303 5446 2470 5499 sancti
2504 5443 2756 5512 Spiritus,
2807 5457 2928 5510 ergo
2961 5440 3064 5491 duo
3090 5446 3207 5491 sunt
3241 5439 3503 5507 principia
3553 5436 3710 5492 sancti
3739 5431 3840 5498 Spi-

2306 5543 2460 5603 ritus,
2491 5556 2652 5604 quam
2689 5536 2842 5590 istam
2871 5535 3092 5588 alterum
3151 5534 3218 5585 ab
3270 5534 3523 5594 omnibus
3567 5536 3674 5586 sine
3707 5526 3841 5582 dubio

2303 5633 2696 5705 explodendam
2725 5649 2742 5683 :
2783 5629 2940 5682 Pater
2995 5636 3068 5680 est
3092 5617 3352 5704 perfectus
3400 5625 3561 5690 Deus,
3594 5623 3749 5678 Filius
3776 5626 3838 5672 est

2302 5702 2561 5796 perfeftus
2615 5723 2776 5784 Deus,
2808 5722 3037 5791 Spiritus
3071 5731 3283 5775 sanctus
3308 5702 3383 5772 est
3405 5719 3659 5789 perfectus
3689 5708 3835 5767 Deus:

2301 5838 2428 5893 ergo
2454 5834 2552 5871 nrt
2585 5825 2707 5871 sunt
2734 5813 2947 5885 perfecti
2979 5814 3076 5869 dii.
3108 5813 3184 5869 Ita
3208 5813 3276 5868 ibi
3300 5810 3529 5869 Veccus.
3561 5809 3698 5883 Quod
3719 5803 3832 5862 idcut
