4004 6234
212 373 295 436 789
1647 372 1881 434 NOT/E.

3324 359 3438 422 790

200 481 430 544 interius,
465 494 518 549 p.
573 477 661 542 9i,
731 476 981 545 repetiit,
1035 477 1088 530 in
1137 476 1501 546 disputatione
1562 491 1752 533 contra
1786 489 1917 546 Aut
1957 479 2181 546 Veccus,
2217 478 2260 534 si
2293 477 2612 550 Paehymeri
2647 477 2942 540 credimus,
2987 475 3150 530 etiam
3202 472 3439 540 juratus,

201 573 544 645 patriarcham
581 569 898 641 Gregorium
937 569 1220 641 Cyprium,
1245 573 1534 644 utrobique
1578 574 1749 644 signis

201 668 374 731 licaus,
392 665 686 733 sicutIuna,
712 663 868 718 unice
895 662 1232 728 indistincta,
1263 662 1538 719 individua
1560 666 1754 722 divini-

199 770 268 813 tas
299 758 348 812 in
380 757 556 812 tribus
585 757 840 826 personis
873 757 1147 813 distinctis
1175 755 1356 824 Patre,
1391 758 1526 814 Filio
1555 767 1608 814 et
1634 744 1753 831 Spi-

195 851 288 905 ritu
337 860 522 903 sancio
571 847 886 903 subsistens
923 863 1028 902 non
1094 851 1295 917 patitur
1325 862 1422 903 eos
1456 859 1567 904 tres
1621 849 1752 904 deos

193 941 310 1002 dici,
337 941 405 992 ita
442 953 578 1002 una,
611 938 772 992 unice
823 938 1481 1005 indistincta,individua
1528 940 1751 1010 spiratio

193 1033 350 1087 activa
368 1031 532 1103 729
555 1032 607 1086 in
629 1031 790 1086 Patre
813 1047 876 1085 ac
901 1031 1036 1087 Filio
1055 1033 1323 1088 exsis’tens
1341 1048 1441 1086 non
1462 1035 1644 1088 sinere
1660 1049 1753 1089 eos

191 1125 285 1178 dici
313 1125 415 1178 dno
448 1124 720 1194 principia
740 1123 973 1194 Spiritus
1008 1125 1205 1182 sancti.
1235 1125 1490 1181 Eamdem
1537 1144 1752 1199 quoque

191 1217 336 1271 istam
367 1217 630 1271 unitatem
660 1216 980 1288 spirationis
1002 1220 1215 1283 actim,
1243 1220 1294 1283 in
1324 1219 1483 1274 Patre
1512 1221 1636 1276 licet
1666 1220 1760 1274 Fi-

191 1308 352 1379 lioque
390 1310 664 1366 distinctis
697 1311 1037 1376 essistentis,
1066 1313 1154 1368 illa
1190 1316 1494 1382 respiciunt
1521 1330 1643 1385 quae
1667 1329 1752 1369 re—

190 1401 346 1457 lertttl'
370 1419 399 1458 a
434 1412 620 1458 nostro
655 1404 922 1462 historico
954 1405 1180 1470 dixisse.
1221 1423 1274 1477 p.
1308 1408 1398 1473 39.,
1428 1411 1530 1462 sub
1566 1411 1749 1473 tinem,

189 1497 228 1551 si
258 1497 372 1567 quis
403 1497 583 1553 inesse
629 1498 971 1553 contenderit
1013 1502 1385 1569 praepositioni
1418 1501 1507 1554 διά
1536 1518 1630 1571 per
1659 1519 1754 1556 no-

191 1592 380 1646 tionem
408 1607 608 1657 causae,
661 1607 782 1646 eum
833 1591 958 1662 jure
994 1594 1319 1650 temeritatis
1360 1596 1748 1651 accusandum.

192 1683 303 1740 Vult
353 1688 521 1756 enim,
573 1688 789 1759 quando
825 1686 1017 1743 Patres
1047 1688 1219 1744 Graeci
1266 1689 1453 1746 dicunt
1502 1701 1768 1745 sanctum-

192 1775 434 1847 Spiritum
467 1793 506 1832 ει
555 1778 716 1834 Patre
765 1779 853 1834 διὰ
883 1779 1037 1845 Υἰοῦ,
1069 1797 1161 1850 per
1193 1766 1390 1834 Filium
1437 1783 1752 1851 procedere.

1856 573 2081 626 nimium
2117 586 2248 626 sane
2276 571 2592 634 liberaliter,
2622 579 2681 624 ut
2705 583 2812 623 non
2841 569 3017 624 dicam
3045 565 3209 636 73o
3238 563 3444 635 injuste

1857 681 1919 719 ac
1949 664 2300 728 calumniose,
2336 665 2597 719 concedat
2634 663 2842 717 crimini
2887 661 3164 726 subiacere
3213 660 3444 714 maxime

1855 755 2040 823 italos,
2075 737 2177 812 hoc
2212 767 2294 812 est
2329 755 2578 812 Latinam
2607 767 2660 811 et
2687 755 2986 810 Romanam
3020 752 3345 818 Ecclesiam,
3376 767 3444 807 eo

1855 844 1996 911 quod
2028 858 2214 900 vocem
2250 843 2493 914 Filioque
2530 846 2844 913 opposuerit
2891 842 3171 916 Symbolo.
3207 843 3328 900 Hoc
3365 844 3448 916 vi:

1853 951 1971 991 sum
2028 936 2130 992 sibi
2179 913 2413 992 audisse
2449 938 2531 1009 (ut
2583 952 2781 994 sensus
2827 913 3112 992 affectibus
3171 913 3443 990 serviunt)

1854 1026 2264 1082 schismaticum
2293 1028 2633 1092 historicum.
2654 1030 2782 1084 dum
2807 1028 2933 1083 huic
2952 1027 3112 1084 Vecci
3136 1037 3190 1084 et
3215 1041 3446 1084 suorum

1853 1116 2165 1174 Graecorum
2197 1122 2591 1178 concertationi
2627 1123 2940 1190 interesset,
2970 1122 3130 1178 facile
3153 1135 3444 1179 concesse—

1853 1212 1954 1265 rim
1990 1227 2004 1265 :
2040 1209 2276 1267 Veccum
2309 1229 2500 1269 revera
2547 1215 2620 1269 ita
2668 1213 2909 1269 locutum
2937 1229 3082 1284 aegre
3117 1213 3356 1269 adducar
3384 1223 3445 1270 ut

1853 1303 2095 1358 credam.
2141 1291 2524 1374 Namprolabi
2560 1306 2859 1377 scriptores
2913 1305 3093 1360 studio
3142 1321 3204 1360 ac
3253 1303 3442 1362 favore

1853 1413 2031 1452 causa:
2068 1400 2317 1470 propriae,
2355 1399 2662 1470 exemplum
2692 1399 2747 1455 in
2780 1399 2883 1455 hoc
2909 1386 3027 1469 ipso
3057 1412 3295 1467 presens
3341 1398 3443 1453 ba-

1853 1491 1955 1546 beo
1987 1487 2241 1550 Yaticani
2275 1492 2670 1562 paraphrastis,
2702 1491 2793 1562 qui
2829 1507 2955 1549 cum
3003 1492 3120 1548 hinc
3145 1492 3442 1549 duntaxat

1857 1583 2018 1639 modo
2067 1600 2096 1638 a
2143 1584 2304 1640 nobis
2340 1584 2611 1657 descripta
2644 1585 2698 1642 in
2731 1584 3067 1659 Pachymere
3105 1587 3344 1659 legiSset,
3379 1599 3444 1642 ea

1856 1678 2172 1734 immaniter
2202 1679 2538 1750 ampliﬁcatis
2571 1680 2894 1747 deformavit
2923 1680 2976 1736 in
3003 1683 3148 1739 hunc
3182 1680 3396 1744 modum
3424 1696 3444 1736 :

1877 1768 2039 1822 Ἀλλὰ
2079 1763 2224 1836 τέως
2248 1772 2362 1827 καὶ
2394 1772 2558 1842 μόνον
2592 1774 2652 1827 τὸ
2674 1771 2933 1845 ἔγκλημα
2963 1772 3348 1846 θεραπεύοιτο,
3381 1773 3445 1828 οὐ

192 1883 302 1922 cum
348 1866 435 1921 illa
491 1867 876 1938 prapositione
925 1870 1014 1924 διά
1052 1887 1143 1937 per
1178 1869 1416 1926 indicent
1454 1874 1760 1928 communi—

1867 1860 1976 1914 τῶν
2017 1862 2240 1916 Ἰταλῶν
2271 1861 2576 1933 οὔμενουν·
2610 1865 2808 1919 ἐκεῖνοι
2847 1865 2956 1938 γὰρ
2999 1866 3171 1938 χωρὶς
3207 1865 3317 1920 τῶν
3351 1866 3446 1922 die

192 1959 442 2014 irationem
499 1976 531 2014 ι
590 1962 756 2016 Patre
790 1961 986 2016 factam
1040 1963 1175 2018 Filio
1207 1964 1522 2035 spirationis
1561 1967 1752 2022 activa:

194 2055 340 2109 unius
369 2053 746 2125 ejusdemque,
773 2058 994 2112 omnino
1020 2059 1321 2126 negantiam
1351 2075 1469 2114 esse
1493 2061 1755 2131 praeposi—

193 2149 382 2204 tionem
430 2149 581 2204 illam
607 2149 700 2204 διά
720 2166 813 2220 per
840 2151 1081 2208 indicare
1115 2153 1278 2208 ullam
1310 2154 1574 2210 rationem
1606 2155 1756 2225 priu-

195 2243 306 2312 cipii
345 2243 521 2298 sancti
558 2243 820 2312 Spiritus,
875 2262 996 2316 qua:
1043 2246 1180 2301 Filio
1213 2255 1506 2314 competat,
1563 2249 1758 2305 distin-

195 2349 270 2390 cta
309 2337 371 2393 ab
408 2353 470 2392 ca
505 2353 625 2406 quae
656 2338 794 2394 inest
823 2340 973 2395 Patri
1014 2357 1280 2412 quamque
1308 2343 1379 2396 illi
1416 2342 1579 2398 Pater
1606 2359 1756 2397 com-

197 2432 445 2484 municat.
478 2429 574 2486 llis
609 2432 681 2485 ita
713 2432 765 2486 in
811 2433 1119 2488 universum
1145 2433 1478 2502 praestructis
1512 2435 1578 2488 ad
1608 2448 1764 2488 amo-

196 2522 421 2579 liendam
473 2541 502 2579 a
559 2521 736 2580 Vecco
783 2526 1164 2594 suspicionem
1192 2542 1410 2582 onmem
1462 2527 1756 2591 ba‘rcscos,

197 2619 430 2685 quaedam
474 2620 589 2673 alia
621 2620 674 2674 in
715 2634 765 2673 c.
805 2619 839 2674 9
882 2629 1088 2674 restant
1113 2620 1436 2691 explicanda
1469 2622 1644 2679 nobis.

256 2707 315 2764 P.
346 2711 433 2768 50.
474 2711 598 2780 Τὴν
615 2711 685 2767 δὲ
712 2711 1101 2782 κατασκευὴν
1124 2713 1232 2782 τῆς
1254 2714 1624 2784 προτάσεως.
1649 2717 1760 2775 ﬂe-

197 2807 423 2874 spiciunt
462 2807 579 2862 haec
610 2805 786 2861 locum
833 2805 1186 2878 Hermogenis
1223 2809 1258 2862 ι.
1291 2825 1306 2865 ι
1341 2809 1414 2864 De
1442 2811 1758 2880 inventione,

198 2899 278 2952 ubi
309 2900 628 2970 natantia)
674 2899 773 2970 τῆς
821 2900 1134 2969 προτάσεως
1163 2903 1357 2957 dicitur
1384 2904 1555 2971 αἰτία,
1596 2925 1758 2963 causa

199 2992 303 3046 sive
330 2994 464 3046 ratio
496 3009 598 3048 cur
633 2995 955 3048 enuntietur
999 3003 1053 3049 et
1081 2995 1377 3050 allii-inetur
1406 2997 1630 3066 aliquid.
1666 3001 1761 3057 Est

199 3085 331 3139 enim
384 3087 652 3157 πρότασις
694 3088 1001 3155 propositio,
1055 3088 1378 3154 enuntiatio,
1434 3090 1757 3161 aﬂirmatio;

199 3195 310 3250 quae
335 3195 454 3234 cum
481 3181 681 3234 habere
718 3180 1124 3235 iundamentum
1149 3181 1362 3251 aliquod
1393 3184 1607 3250 debeat,
1629 3187 1759 3244 illud

199 3274 508 3343 κατασκευή
542 3273 769 3329 dicitur.

209 3398 211 3401 -
264 3359 394 3413 lbid.
421 3362 860 3430 Παρῃρημένην
888 3364 1179 3433 opponitur
1211 3365 1289 3435 τῷ
1321 3367 1602 3437 κειμένην.
1633 3368 1767 3420 Kei-

204 3453 331 3524 μένη
357 3468 481 3508 cum
506 3454 576 3508 sit
608 3457 900 3523 propositio
934 3452 1214 3526 expresse,
1249 3458 1414 3524 clare,
1447 3460 1762 3530 intelligibi-

201 3547 313 3602 liter
332 3549 535 3604 etcitra
555 3549 1055 3618 interpretationem
1088 3554 1205 3607 visu
1236 3553 1407 3622 primo
1422 3553 1765 3624 agnoscibiii-

205 3651 276 3695 ter
300 3643 468 3710 posita
498 3644 647 3711 (naut
675 3644 733 3695 rb
753 3645 1004 3712 κεέμενον
1025 3654 1204 3700 textus
1219 3647 1414 3701 dicitur
1436 3648 1761 3718 glossemata

199 3735 526 3801 excludens),
553 3738 798 3806 sequitur
828 3753 858 3792 e
891 3740 1094 3794 ratione
1125 3741 1379 3796 contrarii
1411 3749 1467 3796 ut
1511 3759 1766 3813 παρῃρηο

205 3828 330 3894 μένη
365 3829 673 3897 sitohliqne
709 3831 1000 3900 in~inuata,
1028 3832 1262 3888 latenter
1283 3837 1622 3892 adumbrata.
1656 3837 1765 3893 Nec

203 3918 405 3984 penitus
469 3920 522 3975 id
575 3920 822 3975 abhorret
873 3939 901 3976 a
959 3923 1179 3978 natione
1223 3926 1417 3980 usitata
1473 3925 1569 3980 τοῦ
1624 3945 1769 3993 παρ-

201 4013 488 4083 αιρεῖσθαι,
522 4030 642 4086 cinae
685 4025 768 4070 est
812 4017 1071 4080 adimere,
1103 4016 1378 4083 suﬂ‘nrari,
1404 4019 1643 4087 auferre,
1669 4037 1766 4090 pu-

201 4107 344 4162 blica!
361 4108 606 4164 videlicet
630 4107 921 4178 cognitioni
939 4110 1277 4174 subtrahere,
1305 4110 1404 4164 hoc
1428 4119 1510 4166 est
1536 4111 1764 4167 abscon-

203 4201 320 4256 dere
349 4216 447 4257 nec
478 4202 580 4256 nisi
629 4216 723 4268 per
763 4201 1017 4273 ambages
1053 4211 1107 4255 et
1135 4203 1472 4269 conjecturas
1505 4205 1766 4272 indicare,

206 4302 288 4349 aut
310 4294 469 4349 etiam
499 4292 713 4362 penitus
735 4293 944 4347 tollere.
983 4292 1130 4348 Unde
1171 4294 1548 4363 disjunctivam
1590 4300 1766 4368 pos-ut,

207 4388 561 4442 automissam
603 4395 696 4440 aut
748 4387 952 4456 oblique
1004 4387 1327 4442 insinuatam
1382 4391 1764 4459 interpretans,

208 4495 377 4549 nequa
421 4497 506 4535 me
537 4479 702 4550 fugiat
745 4479 870 4543 νοῦς
907 4481 1184 4535 σκοτεινοῦ
1224 4484 1612 4554 συγγραφέως,
1646 4502 1767 4538 ren-

1868 1954 1975 2008 ).ων
2003 1947 2076 2010 ὧν
2101 1956 2319 2027 ἔχουσιν
2345 1960 2639 2032 αἱρέσεων,
2669 1957 2748 2034 τῷ
2781 1963 3050 2032 τολμῆσαι
3081 1963 3243 2036 μόνον
3270 1977 3445 2034 προσ-

1866 2046 2043 2101 Θεῖναι
2091 2049 2170 2122 τῷ
2229 2050 2490 2122 συμόόλῳ
2544 2053 2646 2126 τὴν
2672 2055 2854 2122 ξλέξιν,
2887 2056 3134 2128 μεγάλης
3173 2055 3448 2129 αἱρέσεως

1867 2138 2093 2204 εἰκότως
2156 2141 2334 2214 ἔνοχοι
2378 2144 2645 2213 γίνονται.
2696 2143 2812 2202 Hoc
2867 2146 3136 2204 est:Sed
3187 2148 3445 2206 hactenus

1866 2234 2155 2302 duntaxat,
2189 2249 2247 2291 ut
2297 2241 2496 2294 crimen
2544 2250 2817 2294 excusaret
2840 2238 3092 2312 (Veccus)
3125 2258 3228 2296 non
3270 2242 3450 2314 aliqua

1867 2326 2128 2382 Italorum
2168 2349 2188 2386 :
2238 2330 2319 2384 illi
2357 2331 2518 2396 enim,
2551 2344 2744 2403 pra’tcr
2789 2333 2930 2389 alias
2974 2333 3163 2405 quibus
3207 2343 3450 2389 tenentur

1863 2420 2111 2485 Ilienses,
2150 2421 2228 2476 vel
2275 2425 2389 2478 solo
2425 2440 2561 2478 ausu
2590 2426 2883 2480 additionis
2914 2424 3166 2496 Symboio
3197 2427 3450 2497 apposita

1864 2514 2022 2567 unius
2049 2515 2208 2578 vocis,
2242 2517 2467 2587 ingentis
2509 2518 2766 2576 hereseos
2814 2519 2889 2576 rei
2916 2520 3036 2592 jure
3075 2523 3280 2592 peracti
3327 2532 3448 2578 sunt

1865 2605 2114 2662 habendi.
2143 2605 2219 2662 ita
2249 2608 2602 2679 interpolator
2621 2613 3023 2678 schismaticus,
3060 2615 3258 2671 oblitus
3280 2629 3449 2687 quam

1867 2716 2008 2769 sa‘pe
2039 2703 2180 2772 apud
2211 2704 2554 2774 scriptorem,
2589 2723 2751 2776 quem
2784 2706 3064 2778 compilat,
3089 2707 3282 2778 legerit
3309 2707 3447 2763 Vcco

1866 2807 1990 2860 cum
2039 2808 2251 2850 onmem
2294 2795 2524 2867 lapidem
2556 2798 2816 2864 movisse,
2852 2799 2903 2855 in
2957 2815 3132 2870 eoque
3178 2815 3445 2856 summam

1866 2899 2080 2955 semper
2113 2888 2521 2944 contentionem
2551 2890 2886 2959 adhibuisse,
2922 2904 2979 2948 ut
3022 2891 3298 2948 evinceret
3344 2909 3448 2964 pu-

1867 2991 1961 3033 ros
1996 2979 2142 3033 omni
2187 2979 2458 3039 hereseos
2501 2979 2622 3037 labe
2651 2979 2880 3040 Latinos
2915 2998 3060 3048 esse,
3101 2992 3162 3039 ut
3204 2982 3329 3037 inde
3362 2981 3450 3038 iii.-

1871 3068 2034 3125 l‘erret
2063 3081 2211 3127 recte
2236 3075 2474 3145 potuisse
2503 3077 2625 3133 illos
2651 3077 2704 3134 in
2728 3078 3165 3133 communionem
3195 3094 3221 3130 a
3243 3077 3447 3134 Graecis

1868 3162 2103 3230 admitti,
2130 3165 2343 3222 etiarnsi
2372 3167 2514 3226 forte
2535 3186 2643 3225 non
2673 3172 2808 3227 satis
2832 3181 3132 3244 purgarent
3184 3159 3444 3229 invidiam

1787 3249 1835 3313 C
1865 3257 2232 3326 adjunctionis
2277 3263 2424 3318 verbi
2470 3265 2535 3318 ad
2567 3265 2914 3336 symbolum;
2955 3282 3098 3337 quia,
3132 3275 3187 3322 ut
3228 3282 3446 3325 summo

1861 3349 1984 3419 iure
2017 3363 2287 3422 ageretur,
2324 3357 2696 3414 error'coutra
2725 3357 2918 3429 dogma
2956 3373 3079 3415 esse
3107 3376 3217 3416 non
3240 3373 3449 3431 posset.

1865 3445 1959 3498 sed
2007 3455 2290 3512 peccatum
2322 3450 2587 3506 duntaxat
2626 3461 2816 3507 contra
2856 3453 3226 3525 disciplinam,
3258 3456 3443 3527 qualia

1865 3553 1971 3591 non
2022 3538 2285 3593 inducunt
2338 3541 2720 3608 obligationem
2773 3547 3177 3603 communionis
3229 3550 3450 3604 abrum-

1868 3630 2190 3712 pendai.‘Ut
2244 3634 2410 3704 igitur
2462 3637 2744 3694 historiam
2804 3656 2964 3709 quam
3024 3643 3286 3712 scriptam
3338 3659 3452 3714 pra

1865 3724 2040 3779 oculis
2077 3725 2308 3786 habebat
2350 3745 2656 3803 anonymns
2701 3732 3050 3800 epitomator,
3077 3734 3292 3791 ειπεριυί
3338 3739 3451 3806 pri-

1867 3827 1992 3872 vato
2032 3835 2158 3890 erga
2193 3824 2430 3878 schisma
2464 3825 2775 3896 indulgens,
2814 3826 2865 3880 in
2894 3826 3296 3897 priejndicatam
3324 3845 3450 3883 cor—

1868 3919 2011 3990 rupit
2069 3921 2420 3985 sententiam,
2479 3922 2548 3976 ita
2608 3923 2875 3993 suspicari
2939 3926 3085 3991 licet,
3138 3926 3446 3980 audientem

1871 4004 2025 4064 vecci
2052 4013 2210 4066 verba
2243 4012 2651 4086 Pachymerem,
2678 4006 3080 4086 Contendeutis,
3108 4017 3196 4075 vel
3226 4019 3271 4073 si
3310 4019 3451 4075 forte

1869 4106 2048 4160 aii‘erri
2083 4109 2334 4178 nequiret
2363 4110 2555 4165 idonea
2590 4114 2870 4169 excusatio
2912 4116 3265 4173 additamenti
3299 4115 3452 4172 Lati-

1869 4214 2059 4253 norum
2106 4200 2170 4254 ad
2202 4202 2523 4274 symbolum,
2562 4204 2615 4258 in
2645 4220 2753 4274 quo
2782 4205 2894 4276 ipse
2923 4223 3164 4278 pugnare
3201 4209 3449 4267 odiosius

1867 4305 1974 4344 non
2005 4291 2228 4347 duceret
2261 4298 2627 4350 necessarium
2660 4297 2727 4352 nd
2769 4312 3014 4364 causam,
3056 4311 3236 4356 tamen
3275 4301 3450 4358 haere-

1871 4385 1988 4438 tica:
2042 4385 2310 4441 immunes
2359 4387 2494 4444 labis
2541 4391 2729 4460 utique
2775 4393 2921 4461 ipsos
2975 4409 3118 4458 esse.
3151 4397 3244 4466 qui
3289 4396 3343 4451 in
3384 4411 3448 4451 ea

1869 4493 2030 4545 quam
2093 4478 2380 4538 tradebant
2444 4485 2510 4538 ile
2565 4487 2916 4553 processione
2974 4493 3151 4544 sancti
3212 4491 3450 4560 Spiritus

209 4573 355 4625 tentia
389 4574 634 4644 lucifuga:
662 4575 930 4644 scriptaris
961 4590 976 4627 :
1008 4589 1126 4628 eam
1159 4575 1326 4636 enim,
1361 4591 1426 4631 ne
1457 4577 1764 4646 aliquaver-
1793 4607 1846 4666 Β
1872 4571 2032 4626 etiam
2060 4587 2123 4626 ex
2153 4573 2288 4627 Filio
2322 4576 2565 4633 doctrina
2595 4593 2702 4633 non
2739 4581 2900 4636 dubie
2932 4582 3316 4652 suifragatores
3341 4583 3450 4639 Pa-

210 4681 315 4720 sum
347 4667 610 4728 eiabatur.
643 4666 819 4736 sepire
845 4667 1084 4736 undique
1115 4672 1424 4722 consultum
1451 4679 1554 4726 est.

273 4761 405 4816 ibid.
453 4761 666 4816 lnducit
707 4761 997 4816 historicus
1032 4761 1258 4816 Veccum
1291 4773 1610 4830 purgantem
1647 4776 1769 4820 sese

213 4870 237 4908 τι
268 4857 566 4925 ςιιερίιτίυιιθ
596 4855 848 4925 culpandi
883 4854 1101 4910 Graecos
1148 4865 1241 4912 aut
1292 4856 1504 4912 favendi
1540 4858 1768 4916 Latinis.

215 4949 266 5003 in
315 4966 415 5020 quo
458 4951 509 5005 ei
567 4948 769 5022 attingit
822 4949 1046 5017 aliquid.
1078 4964 1141 5004 es
1178 4965 1274 5004 suo
1303 4949 1532 5005 fortasse
1580 4967 1768 5019 sensu,

215 5042 465 5109 eiusmodi
531 5044 672 5112 quod
725 5057 828 5096 non
871 5044 1006 5097 citra
1039 5042 1288 5112 inim-iani
1330 5042 1643 5097 Latinorum
1674 5046 1767 5108 sit,

218 5136 297 5205 qui
333 5146 382 5191 et
421 5138 474 5190 in
503 5133 830 5190 tractatione
884 5135 1080 5202 prioris
1127 5136 1280 5189 istius
1301 5136 1618 5191 concordiae
1652 5153 1771 5204 que

219 5239 443 5298 tempore
473 5229 744 5285 Michaelis
771 5227 1054 5295 Palteoiogi
1080 5227 1132 5280 in
1167 5229 1400 5283 concilio
1421 5227 1769 5299 Lugdunensi

220 5327 426 5391 coaluit,
456 5326 579 5379 etin
611 5336 870 5393 apparatu
902 5322 1150 5376 secundae
1175 5323 1222 5375 in
1250 5323 1482 5377 concilio
1511 5324 1774 5380 Florenti-

223 5431 286 5469 no
335 5417 574 5480 lirinatie.
614 5432 828 5486 semper
879 5415 1237 5472 defenderunt
1283 5433 1343 5473 se
1376 5420 1520 5487 juste
1558 5433 1618 5474 ac
1655 5420 1772 5474 sine

224 5513 362 5578 culpa
394 5515 609 5568 verbum
639 5509 881 5580 Filioque
918 5512 1162 5581 symbolo
1191 5510 1407 5566 Nion-no
1441 5513 1584 5567 dicto
1616 5514 1768 5567 addi-

224 5604 378 5670 disse,
410 5623 526 5660 cum
552 5616 728 5661 tamen
758 5606 843 5659 hic
871 5605 1076 5660 Veccus
1101 5606 1334 5672 graviter
1360 5609 1410 5660 in
1434 5621 1500 5660 eo
1521 5621 1772 5675 peccasse

229 5694 353 5762 illns,
388 5699 534 5768 quasi
565 5699 708 5754 ultro
739 5699 1123 5768 praevaricans,
1157 5700 1490 5770 profiteatur.
1529 5699 1616 5772 [P.
1640 5698 1768 5772 520]

232 5788 387 5845 Verba
434 5791 674 5848 historici
722 5792 826 5849 tale
859 5792 1034 5847 Vecco
1078 5792 1280 5848 dictum
1326 5795 1612 5848 tribuentis
1659 5795 1772 5848 haec

231 5894 346 5939 sunt
377 5898 390 5939 :
422 5885 615 5952 Δεδιὼς
643 5885 698 5942 δὲ
728 5885 882 5953 αὖθις
913 5918 980 5930 --
1021 5886 1232 5941 κεῖσθαι
1281 5887 1339 5940 to
1375 5887 1650 5957 μέγιστον.
1692 5887 1767 5942 Eu

1877 4675 1985 4720 tres
2012 4661 2231 4721 Graecos
2284 4669 2471 4735 prima;
2513 4671 2857 4728 auctoritatis
2886 4674 3167 4729 nabercnt.
3196 4676 3326 4728 Eam
3359 4675 3453 4732 ille

1872 4761 2280 4815 concessionem
2319 4762 2369 4816 in
2404 4778 2720 4830 expressam
2755 4765 3071 4822 Latinorum
3106 4769 3177 4822 ob
3217 4767 3454 4823 additio-

1871 4865 1993 4904 nem
2024 4852 2088 4905 ad
2115 4853 2422 4922 symbolum
2454 4857 2858 4912 damnationem
2900 4863 3143 4929 augendo
3169 4870 3452 4931 perverte-

1873 4945 1965 4997 rit.
2024 4945 2157 5000 Utnt
2209 4949 2300 5014 sit,
2355 4949 2606 5018 equidem
2661 4953 2797 5006 satis
2847 4953 2993 5009 clare
3043 4953 3453 5011 demonstrasse

1877 5039 2007 5093 mihi
2046 5041 2233 5096 videor
2275 5047 2490 5111 propria
2526 5061 2692 5116 super
2727 5062 2792 5101 eo
2825 5058 3148 5116 argumento
3187 5049 3452 5104 disserta-

1876 5135 2041 5199 tione,
2075 5151 2192 5204 qnie
2225 5147 2403 5190 exstat
2437 5137 2473 5191 l.
2520 5154 2557 5193 ιι
2607 5155 2852 5194 mearum
2894 5140 3350 5196 Observationum
3383 5143 3451 5197 ad

1877 5229 2028 5297 prius
2070 5228 2318 5283 volumen
2368 5230 2526 5299 hujus
2569 5230 2818 5288 Historia:
2854 5249 2882 5287 ει
2921 5249 2973 5303 ρ.
3006 5233 3111 5289 665
3137 5263 3206 5274 -—-
3237 5250 3288 5302 ρ.
3321 5233 3451 5300 674.

1875 5303 2203 5378 τιὼΙίιὶοιιειιι
2261 5327 2327 5379 ad
2376 5326 2691 5396 Symbolum
2750 5339 2894 5384 recte
2929 5344 2992 5383 ac
3037 5328 3330 5399 prudenter
3373 5331 3450 5384 fa-

1869 5425 2015 5474 ἀιςιιιι
2076 5418 2203 5472 nulli
2255 5433 2374 5473 esse
2428 5421 2715 5474 obnoxiam
2750 5421 3198 5491 reprehensioni;
3236 5431 3296 5475 ut
3329 5438 3452 5476 eam

1874 5528 1965 5568 seu
1996 5511 2200 5569 Veccus
2235 5529 2327 5568 seu
2356 5515 2713 5585 Pachymeres
2737 5515 2957 5588 culpare
2977 5517 3225 5584 voluerit,
3249 5515 3454 5572 frustra

1874 5608 2004 5662 sint.

1945 5700 2006 5755 P.
2040 5702 2110 5756 52
2168 5703 2370 5756 Καίτοι
2412 5720 2475 5773 γε
2508 5702 2577 5756 τὰ
2597 5701 2811 5772 μέτριά
2840 5720 2907 5773 γε
2937 5703 3065 5774 τοῖς
3099 5707 3310 5776 λόγοις
3343 5707 3453 5762 ab-

1873 5795 1979 5850 τοῦ
2010 5798 2599 5864 προσαρθρσύμενος,
2633 5796 2869 5854 obnoxie
2919 5798 3090 5854 fateor
3138 5800 3192 5857 in
3227 5817 3332 5859 ms.
3363 5817 3450 5856 me

1874 5889 2067 5959 legisse
2101 5891 2559 5961 προσαρχόμενος.
2585 5891 2688 5948 Sed
2720 5892 2942 5950 verbum
2976 5893 3216 5964 ignotum
3242 5905 3294 5953 et
3325 5897 3451 5954 huic
