4004 6234
582 280 682 348 791

1455 281 1522 344 P.
1553 279 1846 342 POSSINI
1879 283 2532 349 OBSERVATIONUM
2579 287 2721 348 LIB.
2769 286 2852 347 lI.

3698 289 3802 352 79‘!

583 399 797 470 quidem
821 395 938 450 loco
972 394 1397 466 ἀπροσδιόνυσον
1425 399 1579 470 731
1619 415 1738 455 cum
1769 403 2141 474 προσαροροὺ.

2248 407 2343 460 καὶ
2370 407 2575 471 πάντες
2613 407 2740 468 λαὸς
2771 404 2933 475 (forte
2966 404 3134 460 voluit
3156 404 3400 461 scribere
3432 405 3552 461 λαοὶ
3579 407 3662 462 vel
3687 408 3807 461 λαῑο

580 506 742 560 μενος
771 498 1010 542 mutasse
1037 505 1051 543 :
1081 490 1350 544 sententia
1375 493 1772 561 percommoda,
1795 510 1957 565 quam
1982 498 2141 553 inter-

580 583 814 652 pretatio
837 595 950 636 mea
976 582 1247 650 exprimit.

648 673 708 729 P.
736 673 826 728 54.
861 675 926 727 At
959 671 1154 730 Vecrus
1181 676 1330 730 aliud
1355 679 1524 745 potius
1545 682 1778 746 quodvis,
1813 685 1918 736 etc.
1948 681 2142 736 Nolen-

578 775 667 820 tur
700 766 814 822 haec
857 766 926 820 ad
953 769 1318 823 excusandum
1347 769 1599 839 Veccum,
1630 774 1673 826 si
1707 775 1922 842 quando
1968 775 2019 829 in
2058 776 2142 832 his

579 859 1100 926 concertationibus,
1142 865 1436 929 praesertim
1487 867 1538 919 in
1577 866 1840 935 colloquio
1892 866 1975 939 [Ρ.
2009 866 2142 941 52η

578 951 696 1020 cjus
725 962 850 1008 cum
881 953 1210 1010 adversariis
1250 955 1409 1020 infra,
1447 971 1498 1012 c.
1537 957 1608 1013 35
1652 957 1774 1014 libri
1811 958 1968 1027 hujus
2003 961 2142 1015 recl-

580 1055 713 1110 tato,
745 1045 907 1100 multa
941 1048 1260 1102 subticnerit
1304 1050 1369 1104 ad
1402 1065 1616 1105 causam
1659 1051 2008 1120 pertinentia,
2046 1055 2141 1109 sed

579 1154 700 1209 qua:
735 1138 780 1194 si
812 1138 1144 1200 dicerentur.
1187 1143 1462 1198 auditores
1515 1141 1878 1212 priejtidicatis
1921 1154 2140 1202 ruentes

580 1233 863 1289 affectibus
887 1231 1197 1289 cn‘crarent.
1224 1232 1357 1288 Nam
1403 1236 1526 1290 talia
1577 1236 1677 1291 etsi
1721 1235 1864 1306 justa
1905 1248 1958 1292 et
1989 1254 2140 1304 vera,

580 1323 724 1390 pacis
755 1338 914 1378 causa
942 1322 1283 1379 laudabiliter
1303 1323 1573 1382 interdum
1599 1327 1814 1383 silentio
1837 1329 2141 1396 comprimi,

581 1415 902 1485 intelligitur
937 1431 1000 1470 ex
1035 1415 1177 1473 facto
1213 1419 1272 1472 S.
1305 1417 1554 1490 Gregorii
1591 1436 1759 1492 papae,
1789 1423 1905 1491 qui,
1943 1431 2001 1477 ut
2029 1422 2143 1488 ipsc

581 1515 825 1574 testatur,
868 1509 1060 1579 synodi
1091 1509 1125 1565 5
1150 1509 1251 1564 etsi
1283 1511 1520 1578 probata:
1561 1511 1659 1567 sibi
1696 1513 2025 1568 mentionem
2061 1512 2141 1566 fa-

573 1612 700 1654 cere
749 1600 1052 1671 supersedit
1107 1601 1245 1671 apud
1301 1617 1395 1658 eos
1443 1603 1535 1674 qui
1599 1619 1662 1660 ea
1714 1605 2140 1661 oﬂ'enderentur.

578 1692 753 1748 verba
799 1694 974 1750 sancti
1007 1693 1277 1766 pontiﬁcis
1325 1694 1438 1751 haec
1476 1706 1598 1751 sunt
1627 1713 1692 1752 ex
1719 1699 1946 1763 epistola
1981 1699 2069 1766 37,
2103 1698 2138 1752 l.

578 1801 660 1852 ut,
715 1788 781 1842 ad
829 1789 1204 1845 Constantium
1254 1790 1567 1862 episcOpnnt
1635 1791 2136 1848 Mediolanensem:

579 1877 734 1945 Quod
769 1890 949 1935 autem
976 1882 1279 1951 scripsistis,
1305 1885 1430 1954 quia
1461 1884 1736 1953 epistolam
1771 1899 1936 1940 meum
1974 1885 2142 1941 Theo-

576 1972 803 2027 deliudte
853 1973 1046 2043 regina:
1080 1975 1438 2030 transmittere
1491 1978 1702 2032 minime
1760 1977 1998 2033 voluistis
2045 1995 2143 2050 pro

577 2080 636 2118 eo
678 2065 818 2136 quod
845 2067 898 2120 iu
934 2082 996 2121 ea
1030 2067 1213 2130 quinta
1246 2067 1479 2137 synodus
1513 2070 1903 2134 nominabatur,
1935 2071 1984 2126 si
2026 2089 2141 2125 eam

577 2155 767 2211 exinde
814 2157 1172 2212 scaudolisari
1221 2174 1372 2227 posse
1413 2159 1736 2221 credidistis.
1768 2173 1904 2216 recte
1941 2161 2140 2230 factum

576 2257 654 2303 est
676 2259 729 2302 ut
750 2249 1430 2308 minimetrausmitteretis.
1458 2249 1575 2306 Mox
1599 2252 1684 2307 ubi
1716 2253 1781 2308 de
1809 2255 1910 2308 ista
1933 2253 2142 2324 synodo

575 2339 1195 2413 Constantinopolitana,
1219 2357 1246 2396 a
1276 2342 1457 2398 multis
1486 2345 1667 2414 quinta
1695 2346 1988 2414 nominata,
2013 2347 2142 2402 sub-

569 2431 749 2506 junsit
800 2436 1016 2503 probari
1057 2451 1175 2491 eam
1226 2436 1353 2496 sibi,
1387 2437 1524 2492 addit
1564 2454 1580 2492 :
1615 2435 1726 2493 Nos
1769 2450 1965 2505 tanien,
2005 2442 2143 2494 sicut

573 2526 840 2592 voluistis,
878 2528 954 2582 ita
986 2528 1224 2596 fecimus,
1249 2539 1306 2584 ut
1326 2528 1557 2601 ejusdem
1580 2533 1768 2602 synodi
1794 2531 1994 2586 auitam
2029 2549 2141 2587 nte-

574 2617 798 2672 moriam
829 2618 1144 2688 faceremus.

653 2711 712 2766 P.
739 2711 826 2767 39.
857 2710 1201 2779 Πάτροκλος
1234 2712 1291 2766 δ’
1316 2710 1532 2779 ἔδοξεν
1563 2712 1812 2786 Ἰωσήφ.
1846 2713 2144 2785 Usurpatur

577 2804 668 2861 hic
697 2820 795 2859 vos
831 2805 1147 2876 Πὰτροκλος
1181 2805 1590 2872 proverbialiter
1643 2807 1949 2878 signiﬁcatu
2004 2824 2142 2878 προ-

579 2894 823 2966 φάσεως.
856 2898 955 2964 Qui
989 2911 1117 2950 usus
1144 2896 1334 2953 creber
1362 2898 1503 2969 apud
1546 2900 1753 2954 Annam
1786 2899 2137 2967 Comnenam,

579 2999 642 3048 ut
685 2991 751 3046 ad
796 2990 918 3061 ejus
964 2989 1277 3048 Alesiadem
1319 2991 1374 3048 in
1408 2991 1684 3049 Glossario
1725 2995 1928 3056 notavi.
1959 2994 2052 3050 sed
2087 3003 2141 3050 et

2241 496 2349 565 κοὶ)
2378 497 2566 567 ἑώρων
2592 497 2659 549 τὰ
2683 496 2988 565 τελούμενα
3005 513 3020 526 ’
3058 496 3462 565 Imperatorem,
3483 499 3739 568 principes
3761 512 3809 554 et

2243 606 2446 643 omnem
2483 591 2754 657 populum,
2795 591 2918 645 inde
2942 601 3204 659 spectasse
3239 607 3417 655 sacra,
3447 592 3574 644 dum
3606 595 3811 660 ﬁerent.

2242 679 2396 747 Quod
2428 683 2507 744 δὶς
2537 683 2625 737 διὰ
2657 683 2848 736 πασῶν
2886 685 3156 752 dist-repet
3201 699 3228 738 a
3263 686 3552 754 scriptoris
3580 698 3810 742 asserto.

2245 773 2422 839 Quare
2454 783 2612 827 caute
2641 772 2898 841 legendus
2923 773 3014 826 hic
3043 773 3403 837 epitomator;
3442 783 3543 826 nec
3602 771 3654 826 ei
3699 773 3815 826 sine

2243 863 2470 932 pignore
2518 863 2783 916 (ldendum
2821 861 2877 917 in
2914 862 2977 916 iis
3017 876 3136 931 (ιη
3179 859 3531 931 Pachymeris
3574 863 3812 924 nomine,

2250 957 2368 1027 ipso
2397 957 2713 1025 plerumque
2738 955 2928 1017 invito,
2959 954 3182 1008 recitat.

2318 1049 2400 1123 [Ρ.
2444 1049 2569 1122 522]
2594 1051 2654 1105 P.
2687 1049 2774 1105 δι.
2803 1048 2993 1114 Ρτοῗεο
3016 1048 3157 1117 quod
3186 1047 3392 1102 habent
3414 1039 3578 1101 codd.
3607 1046 3652 1101 Β
3675 1056 3727 1100 et
3753 1047 3813 1110 Α,

2245 1143 2494 1214 ἀκριϐῶς
2530 1143 2874 1211 παριστῶσαι
2907 1142 3008 1212 τήν
3043 1141 3226 1208 φύσιν,
3253 1140 3321 1194 de
3343 1141 3508 1210 guttis
3533 1141 3814 1207 sanguinis

2245 1237 2390 1290 clare
2422 1234 2811 1306 apparentibus
2841 1248 3004 1302 supra
3033 1231 3173 1295 vela,
3203 1245 3334 1285 saxa
3355 1240 3410 1285 et
3439 1230 3684 1293 frondes,
3715 1230 3813 1284 Va-

2247 1327 2459 1382 ticanus
2528 1325 2688 1380 habet
2754 1324 3003 1396 ἀκρισῶς
3061 1322 3160 1395 τὴν
3222 1321 3386 1391 φύσιν
3447 1324 3816 1398 ἑχαρακτήρι·

2245 1421 2356 1485 ζον,
2383 1418 2619 1488 eleganti
2643 1417 2986 1487 paraphrasi.

2317 1507 2377 1563 P.
2412 1509 2502 1565 55.
2540 1509 2580 1564 E
2603 1512 2820 1581 regione
2851 1510 3008 1581 hujus
3034 1513 3230 1584 capitis
3259 1513 3312 1569 in
3341 1513 3531 1570 codice
3558 1509 3817 1582 optimoB

2245 1600 2360 1658 haec
2387 1602 2488 1656 alia
2517 1618 2676 1656 manu
2702 1601 2904 1671 scripta
2935 1613 3155 1659 exstant
3192 1623 3208 1661 :
3243 1605 3354 1660 Τοῦ
3388 1607 3446 1659 ιν
3466 1607 3816 1660 Κωνσταντιο

2246 1693 2500 1747 νουπόλει
2529 1693 2807 1765 συνεδρίου
2838 1693 2981 1749 κατὰ
3011 1695 3119 1750 τῶν
3149 1697 3574 1766 ὑποδεξαμένων
3608 1697 3714 1768 τὴν
3749 1697 3818 1750 st-

2252 1787 2424 1858 Ρήνην
2453 1786 2551 1857 τὴν
2579 1787 2717 1858 πρὸς
2748 1787 2840 1842 τδν
2866 1788 3096 1843 πάππαν
3133 1789 3313 1860 ψῆφον
3345 1791 3438 1844 καὶ
3465 1791 3814 1863 ἀπαιτήσεις,

2243 1897 2360 1952 quae
2387 1883 2678 1936 ostendunt
2703 1889 2920 1936 narrata
2956 1881 3009 1936 in
3035 1884 3140 1939 hoc
3169 1884 3345 1952 capite
3363 1893 3484 1940 acta
3512 1897 3642 1940 esse
3673 1897 3803 1957 syn-

2243 1975 2329 2031 odi
2364 1975 2599 2042 ejusdem
2635 1976 2699 2029 de
2767 1989 2870 2044 qua
2918 1974 3213 2032 historicus
3263 1991 3318 2046 p.
3344 1977 3415 2032 50
3453 1990 3587 2046 sqq.
3617 1985 3817 2048 egerat.

2245 2067 2353 2124 Sed
2381 2083 2502 2122 cum
2539 2067 2590 2121 id
2631 2081 2734 2121 non
2766 2067 3103 2138 caprimatur
3150 2068 3202 2123 in
3237 2077 3518 2132 contextu,
3547 2085 3652 2140 ego
3681 2069 3815 2138 quod

2243 2161 2389 2216 κατὰ
2442 2159 2503 2214 τδ
2555 2157 2910 2230 σιωπώμενον
2970 2174 3067 2230 per
3125 2176 3186 2216 se
3231 2161 3466 2230 scriptor
3517 2161 3747 2229 intelligi
3787 2177 3817 2216 ι

2245 2253 2446 2307 lectore
2493 2249 2683 2314 voluit,
2719 2249 3017 2320 σαφηνείας
3053 2250 3216 2322 χάριν
3260 2250 3426 2307 verbo
3465 2251 3816 2307 indicandum

2243 2343 2473 2400 credidi.
3374 2353 3378 2359 ‘

2314 2436 2400 2510 [P.
2435 2437 2523 2493 55.
2557 2436 2860 2492 At’68110r
2883 2434 3001 2507 μὲν
3036 2435 3318 2502 πίστεως.
3359 2439 3488 2492 Here
3519 2436 3817 2493 Theodore

2242 2528 2517 2585 confessio
2565 2528 2857 2598 instigante
2886 2528 3197 2598 patriarcha
3223 2527 3330 2584 ΟΡ.
3367 2529 3434 2583 ab
3467 2530 3816 2599 imperatrice

2240 2622 2440 2677 emissa
2475 2630 2557 2677 est
2583 2622 2647 2675 ad
2678 2622 3027 2677 rescindendo
3064 2633 3180 2678 acta
3211 2621 3488 2679 Michaelis
3520 2623 3812 2693 Palamlogi

2243 2729 2342 2784 pro
2365 2714 2562 2769 unione
2587 2713 2840 2769 Ecclesia:
2869 2713 3165 2770 Orientalis
3187 2725 3238 2770 et
3268 2713 3660 2772 Occidentalis.
3685 2717 3814 2772 Mor-

2244 2815 2336 2862 tuo
2371 2806 2628 2862 llicbaele
2667 2807 2843 2862 clerus
2884 2807 3288 2873 schismaticus,
3323 2809 3660 2864 connivente
3706 2809 3811 2863 An-

2243 2900 2466 2956 dronico
2497 2900 2822 2969 Palzcologo,
2874 2901 3108 2955 schisma
3161 2901 3503 2957 instauravit.
3545 2903 3686 2958 Cum
3722 2903 3812 2956 Mi-

2245 2991 2400 3047 chael
2461 2990 2794 3062 Palmologus
2859 2991 2946 3048 die
2998 2992 3054 3046 Η
3120 2993 3430 3048 Decembris
3490 2996 3624 3050 anni
3684 2994 3812 3050 l383

575 3086 720 3156 apud
748 3085 883 3141 alios
912 3085 1183 3141 citerioris
1221 3087 1321 3141 aevi
1369 3085 1585 3142 Graecos
1609 3088 1923 3158 scriptores.
1953 3087 2143 3143 Trahit
2169 3093 2210 3150 ο
2245 3095 2486 3142 mortuus
2517 3084 2608 3150 sit,
2641 3095 2693 3139 et
2731 3085 3044 3154 imperatrix
3081 3085 3275 3140 marito
3311 3086 3415 3139 vita
3459 3085 3655 3143 functo
3687 3103 3811 3143 con-

573 3178 836 3248 originem
870 3193 901 3233 e
945 3193 1104 3234 versu
1137 3177 1354 3234 Homeri
1383 3179 1665 3236 notissimo
1689 3179 1751 3236 11.
1781 3198 1812 3234 τ
1845 3197 1862 3234 :
1911 3211 1980 3222 --
2016 3181 2141 3236 Ἐπὶ

572 3271 632 3327 δὶ
659 3273 981 3343 στενάχοντο
1007 3273 1265 3340 γυναῖκες
1299 3271 1613 3343 Πάτροκλον
1653 3272 1950 3344 πρόφασιν,
1986 3273 2141 3343 στῶν

573 3364 832 3420 Fabulor
859 3363 1010 3437 κήδε’
1043 3363 1273 3435 ἑκάστη.
1336 3364 1413 3420 Ad
1471 3378 1634 3434 quem
1687 3364 1864 3422 locum
1921 3366 2143 3422 adnotat

576 3456 890 3512 Eustathius
919 3456 1028 3512 illic
1053 3472 1079 3510 a
1099 3470 1184 3512 me
1199 3455 1403 3510 relatus
1433 3454 1627 3512 abiisse
1649 3471 1760 3512 rem
1791 3472 1910 3512 eam
1937 3459 1987 3512 in
2013 3473 2142 3526 pro-

576 3548 846 3616 verbium,
868 3559 924 3603 ut
945 3549 1268 3619 Πατρόκλου
1299 3549 1463 3605 verbo
1485 3551 1869 3618 compendiose
1895 3552 2142 3622 signare-

579 3652 670 3695 tur
691 3641 988 3707 simulatio,
1015 3655 1117 3712 qua
1151 3642 1274 3712 quis
1307 3642 1484 3710 aliqua
1512 3657 1675 3698 causa
1699 3642 1875 3696 facere
1900 3658 1958 3699 se
1982 3643 2143 3714 quid-

577 3733 720 3802 piam
753 3734 980 3814 studens
1014 3734 1320 3799 ostendere,
1351 3733 1496 3790 aliud
1530 3750 1586 3789 re
1624 3750 1749 3789 vera
1785 3736 2050 3804 sequitur.
2088 3735 2141 3791 In

577 3841 645 3881 eo
669 3841 768 3880 usu
805 3825 906 3880 hoc
943 3825 1107 3880 habet
1135 3827 1408 3895 singulare
1441 3836 1643 3891 noster,
1670 3827 1810 3896 quod
1838 3827 1949 3882 fere
1990 3832 2142 3885 Anna

580 3919 688 3974 duo
719 3919 972 3975 continue
1007 3917 1264 3975 vocabula
1294 3919 1609 3990 Πάτροκλον
1645 3921 1922 3990 πρόφασιν
1941 3919 2142 3989 jungit,

582 4010 948 4084 Parhymeres
985 4011 1073 4067 hic
1110 4011 1282 4068 solum
1314 4013 1626 4084 Πάτροκλον
1651 4014 1930 4082 exprimit.
1968 4013 2144 4068 Etiam

581 4113 636 4160 et
666 4105 797 4160 illud
832 4105 1205 4170 admoneatur,
1245 4106 1296 4159 in
1322 4107 1446 4168 hoc,
1472 4117 1527 4160 ut
1557 4116 1612 4161 et
1637 4107 1689 4160 in
1716 4107 1990 4164 voeabulis
2022 4124 2143 4165 cre-

587 4199 667 4253 bri
703 4215 851 4262 usus,
884 4213 1042 4251 manu
1092 4197 1324 4268 scriptos
1372 4201 1589 4268 antiqua
1632 4197 1845 4254 codices
1886 4201 1959 4253 uti
1993 4215 2146 4256 com-

581 4292 799 4362 pendio.
854 4291 1042 4362 Itaque
1102 4292 1268 4346 nostri
1312 4293 1528 4346 codices
1577 4292 1619 4345 Β
1653 4301 1705 4345 et
1735 4291 1777 4346 Α
1819 4291 2010 4362 integri
2041 4293 2143 4348 soli

579 4394 728 4451 tuam
767 4382 888 4440 Vat.
935 4385 1262 4454 epitomator
1311 4385 1426 4440 haec
1474 4395 1535 4440 ut
1563 4386 1700 4440 Solet
1733 4387 2043 4449 decurtans,
2079 4401 2144 4441 ne

2242 3178 2531 3234 fessionem
2577 3177 2722 3230 illam
2771 3178 3034 3242 emiserit,
3068 3176 3338 3233 confessio
3386 3176 3502 3247 ipsa
3555 3179 3625 3232 ad
3658 3180 3809 3234 tinem

2241 3269 2368 3324 anni
2401 3268 2531 3322 l282
2553 3268 2633 3321 vel
2658 3268 2866 3321 initium
2889 3267 3013 3321 anui
3045 3266 3178 3324 H83
3203 3267 3482 3323 referenda
3509 3279 3618 3325 est.
3648 3268 3811 3324 Porro

2241 3359 2664 3417 Theodoraobiit
2703 3361 2767 3417 l6
2791 3360 3254 3428 Februarii,anno
3292 3361 3449 3416 1284.
3481 3360 3672 3416 Libelli
3703 3372 3809 3417 tex-

2245 3459 2379 3516 ttun,
2409 3467 2568 3519 quem
2605 3452 2808 3520 primus
2831 3451 2996 3506 edidit
3047 3449 3282 3507 Joiinnes
3318 3449 3529 3505 Yrisrte
3556 3454 3612 3507 in
3645 3451 3804 3507 Codd.

2243 3561 2369 3599 mss.
2399 3542 2489 3600 Gr.
2525 3541 2728 3598 Matrit.
2757 3557 2810 3614 p.
2835 3544 2965 3612 283,
3003 3545 3123 3600 cod.
3160 3542 3394 3598 LXXVII
3423 3587 3438 3610 ,
3468 3544 3805 3614 subjicimus.

2313 3638 2435 3693 303.
2499 3637 2746 3707 Sequitur
2800 3639 2983 3707 {verba
3045 3649 3168 3694 sunt
3219 3639 3460 3708 leartii)
3521 3643 3805 3709 exemptum

2245 3730 2583 3800 confessionis
2620 3747 2774 3795 super
2825 3733 2975 3787 rebus
3021 3731 3406 3796 ecclesiasticis,
3436 3751 3595 3804 quam
3649 3735 3803 3789 Theo-

2246 3829 2377 3878 dora
2407 3825 2715 3891 imperatria:
2745 3825 2906 3878 edidit
2929 3833 3046 3890 post
3076 3825 3270 3878 obitum
3301 3825 3577 3881 Michaelis
3609 3827 3807 3882 Ραιισόο

2246 3918 2351 3987 logi
2383 3916 2657 3984 Contneui,
2701 3915 3002 3972 Grecorum
3036 3917 3392 3982 imperatoris,
3424 3921 3664 3991 conjugis
3708 3921 3804 3982 sui,

2246 4014 2336 4084 qui
2391 4011 2594 4064 litteras
2632 4010 2908 4064 catholica:
2945 4009 3292 4080 Romanaque
3330 4013 3455 4080 ﬁdei
3482 4024 3641 4068 testes
3676 4017 3804 4068 dedit
3905 4042 3908 4046 -

2247 4107 2316 4158 ad
2379 4103 2682 4173 Gregorium
2740 4101 2788 4157 X
2835 4102 3131 4172 pontiﬁcem
3191 4107 3514 4165 maximum.
3589 4108 3805 4160 concilio

2248 4195 2583 4266 Lugduneusi
2612 4195 2840 4264 generali
2868 4198 3092 4248 secundo
3122 4205 3244 4248 tunc
3263 4198 3656 4264 pra'sideutem.
3683 4197 3804 4252 Cum

2247 4301 2369 4340 vero
2410 4283 2465 4337 in
2497 4282 2760 4349 omnibus,
2803 4293 3052 4353 quotquot
3099 4286 3396 4346 coaluimus.
3451 4304 3625 4340 rerum
3667 4304 3803 4342 cum.

2248 4379 2516 4433 rucutariis
2551 4378 2731 4432 aliisve
2766 4379 2996 4448 scriptis,
3029 4379 3234 4432 nullum
3268 4379 3571 4447 Itujusutodi
3614 4383 3807 4450 confes-

578 4477 904 4534 sententiam
948 4476 1162 4547 quidem
1195 4475 1299 4532 loci
1333 4476 1490 4546 hujus
1537 4478 1731 4544 reddit)
1763 4477 2006 4548 Προκλος
2049 4491 2146 4548 pro
2178 4461 2222 4518 θ
2250 4478 2412 4530 siouis
2461 4490 2564 4530 non
2619 4475 2771 4528 modo
2815 4475 3106 4538 exemplum
3153 4484 3340 4537 exstet,
3386 4476 3478 4528 sed
3515 4493 3578 4529 ue
3628 4477 3806 4530 mentio

581 4569 894 4641 Πάτροκλος
923 4569 1214 4624 habebant.

655 4662 717 4718 P.
743 4663 832 4718 45.
869 4663 980 4718 Cur
1011 4663 1098 4717 hic
1130 4661 1402 4733 σφραγῖδα
1428 4663 1837 4718 benedictionem
1865 4664 2140 4731 verterim,

576 4771 796 4812 causam
859 4756 982 4811 dico
1042 4757 1092 4810 in
1152 4757 1448 4813 Glossario.
1509 4757 1585 4812 De
1639 4773 1768 4812 voce
1823 4776 2146 4830 πρωτοαπο-

576 4850 861 4920 uoluptati
922 4859 976 4904 et
1029 4848 1147 4920 ejus
1205 4852 1424 4906 notione
1475 4849 1607 4905 nihil
1661 4852 1800 4906 addo
1856 4854 1921 4907 ad
1965 4854 2143 4908 Meur-

576 4943 742 4998 siuut.

645 5037 704 5089 l’.
737 5034 825 5089 46.
861 5034 940 5088 Ne
975 5036 1062 5105 qui
1099 5047 1273 5091 autent
1309 5037 1362 5092 in
1399 5041 1774 5103 superioribus.
1804 5052 1910 5094 etc.
1947 5040 2140 5095 Τοιςιηι

572 5129 740 5198 hujus
793 5129 894 5182 loci
936 5129 1261 5183 sententiam
1318 5133 1659 5186 abbreviator
1703 5133 2013 5200 Vaticanus,
2056 5135 2141 5188 vix

574 5223 818 5290 quintam
871 5221 1025 5290 hujus
1082 5225 1271 5290 Capitis
1310 5225 1572 5277 exhibens
1611 5233 1838 5291 partem,
1885 5229 2044 5278 etiam
2088 5229 2141 5280 in

575 5317 910 5369 contrarium
949 5317 1113 5370 tuenti
1157 5317 1398 5370 auctoris
1425 5318 1692 5371 dctortnat
1737 5335 1971 5372 SCuSttttt.
2005 5319 2139 5374 Cum

573 5409 718 5460 cuitu
747 5406 1110 5479 Pan-hymeres
1144 5409 1422 5462 manifeste
1452 5411 1677 5464 afﬁrmet
1709 5428 1772 5463 uc
1816 5426 1843 5462 e
1875 5413 2142 5466 (interitu-

573 5502 747 5556 mcnis
795 5503 1011 5572 quidem
1061 5505 1405 5573 despectandi
1451 5503 1505 5558 in
1542 5506 2136 5573 templumfacultatem

571 5596 827 5662 cuiquam
873 5608 1209 5661 concessam,
1259 5598 1450 5665 positis
1490 5599 1558 5650 ibi
1597 5600 1662 5654 ad
1707 5601 1806 5653 hoc
1841 5601 2136 5666 prohiben-

571 5687 700 5741 dum
741 5687 1074 5749 custodibus,
1110 5687 1198 5742 ille
1239 5699 1415 5744 tamen
1451 5691 1610 5763 732
1640 5692 1712 5745 ait
1743 5693 1890 5744 ’Λνω
1932 5692 1985 5744 δὲ
2029 5693 2136 5743 τῶν

573 5777 1053 5848 κατηχουμινείων
1086 5780 1303 5844 πάντες,
1339 5783 1428 5834 καὶ
1467 5783 1716 5852 plank);
1757 5785 1847 5836 sui
1880 5786 2136 5855 ἄρχοντες

2246 4568 2455 4636 quidem
2495 4574 2756 4626 occurrat,
2787 4565 2840 4620 id
2869 4566 3007 4618 velut
3034 4564 3268 4618 historice
3297 4563 3610 4636 Byzantina:
3639 4571 3807 4634 singu-

2247 4659 2358 4712 lare
2383 4670 2772 4712 monumentum
2802 4669 2957 4728 atque
2987 4660 3099 4727 ejus
3125 4661 3373 4715 studiosis
3399 4659 3697 4716 hominibus
3715 4661 3805 4731 ju-

2247 4754 2648 4817 cundissimum,
2673 4753 2820 4806 libuit
2845 4755 2930 4806 hic
2963 4755 3030 4806 ad
3063 4754 3289 4807 litteram
3326 4754 3637 4811 exscribere.

2253 4873 2310 4932 ὦ
2347 4869 2415 4922 Τὸ
2444 4869 2586 4923 ἴσον
2609 4867 2718 4935 (ἧς
2745 4867 3065 4936 ὁμολογίας
3086 4864 3194 4932 τῆς
3215 4866 3500 4934 κραταιᾶς
3522 4869 3620 4921 καὶ
3643 4867 3804 4935 ἁγίας

2317 4939 2488 5009 ἡμῶν
2539 4942 2748 5005 κυρίας
2785 4941 2881 4992 καὶ
2921 4939 3248 5003 δεσποίνης
3299 4939 3398 4992 ἐπὶ
3438 4939 3562 5003 τοῖς
3596 4943 3801 5002 ἐκκλη-

2317 5011 2661 5075 σιαστικοῖς
2696 5010 3080 5078 πράγμασιν·
3115 5011 3261 5073 ὅπερ
3289 5009 3386 5062 διὰ
3424 5012 3803 5079 οὶκειοχείροιγ

2318 5081 2586 5150 σταυροῦ
2624 5077 2940 5148 ἀπ’ᾰρχῆς
2964 5080 3341 5133 ἐπιστώσατο
3362 5094 3373 5106 °
3408 5079 3502 5132 καὶ
3533 5077 3800 5134 «deum

2319 5151 2426 5218 τῆς
2449 5153 2674 5218 οἰκείας
2711 5152 2948 5219 στήλης
2983 5151 3052 5201 ἐν
3076 5152 3340 5219 χρυσίνῃ
3363 5151 3605 5218 βούλλῃ
3645 5166 3804 5218 pepo-

2317 5225 2504 5289 μένης
2554 5223 2648 5276 καὶ
2695 5220 3129 5290 ἀπῃωρημένης
3163 5221 3286 5288 (leg.
3329 5219 3801 5292 άπεωρουμένης)

2320 5297 2394 5348 δι’
2428 5295 2631 5359 ὀξείας
2657 5293 2940 5362 μετὰξης.

2317 5409 2567 5480 Θεοδιδρα
2597 5409 2654 5460 ἐν
2693 5406 2916 5478 Χριστῷ
2980 5404 3060 5475 τῷ
3117 5403 3255 5475 Θεῷ,
3307 5404 3473 5476 πιστὴ
3527 5404 3798 5474 Αὐγούστει

2246 5505 2343 5555 καὶ
2370 5500 2845 5570 αὑτοκρατόρισσα
2870 5497 3183 5568 Ῥωμαίων.
3214 5499 3506 5557 Δούκαινα.
3531 5497 3794 5568 Κομνηνὴ,

2249 5597 2280 5664 ἡ
2318 5592 2736 5660 Παλαιολογίνα,
2766 5592 2867 5661 οὐχ
2901 5590 3089 5660 ὥσπερ
3133 5592 3228 5645 ἐπὶ
3265 5593 3376 5643 τῶν
3402 5591 3576 5644 ἄλλων
3617 5607 3798 5660 adrepe

2249 5688 2542 5755 Θωμάτων,
2580 5686 2680 5736 ὅσα
2712 5702 2793 5744 τις
2826 5686 2918 5735 ἐπὶ
2953 5684 3200 5755 σωτηρίᾳ
3232 5682 3427 5738 ἑαυτοῦ
3459 5682 3789 5756 κατορθῶσαι

2243 5781 2556 5851 δυνήσεται,
2593 5777 2734 5830 οἱτω
2767 5794 2855 5848 μοι
2903 5781 2995 5832 καὶ
3039 5780 3132 5831 ἐπὶ
3176 5779 3272 5850 τῆς
3315 5777 3596 5843 εὐσεϐείας
3636 5775 3788 5845 αὐτῆς
