4004 6234
377 302 484 367 793

1325 307 1392 369 Ρ.
1439 307 1731 371 POSSINI
1768 308 2423 373 OBSERVATIONUM
2459 307 2604 368 LIB.
2650 303 2730 366 Ιῐ.

3513 301 3617 362 796

377 418 471 474 bat
505 436 517 470 :
549 420 622 473 Οὐ
675 420 782 491 μὴν
825 420 880 474 δὲ
921 420 1070 492 πρὸς
1125 421 1227 475 τοῦ
1270 424 1412 479 κατὰ
1460 423 1788 493 Λάμψακον,
1828 420 1952 476 Haec
1985 424 2018 476 A
2051 420 2361 491 dpzocpopltp
2394 419 2556 490 μέχρι
2596 415 2690 469 καὶ
2721 414 2819 484 τῆς
2853 413 3074 484 τυρινῆς
3107 410 3183 474 εἰς
3212 411 3271 463 τδ
3302 409 3452 463 ἔπιδ’
3491 410 3631 471 ἕως.

383 507 600 562 videtnr
653 511 764 565 sola
824 520 968 566 recta
1026 513 1208 578 lectio,
1235 530 1394 584 quam
1461 516 1581 572 ideo
1623 531 1783 570 unam
1829 531 1948 569 sunt

385 603 684 671 amplexus.
750 602 1046 675 Operosior
1100 604 1201 661 fuit
1258 609 1538 676 inquisitio
1600 609 1794 664 fabulae
1859 617 1953 661 aut

386 695 648 759 historiae,
706 712 870 765 quam
918 706 1108 768 auctor
1161 699 1436 764 hoeloco
1499 702 1695 766 innuit,
1757 702 1831 754 rei
1886 702 1954 755 ad

388 785 746 854 Lampsacum
810 801 996 861 gesta.
1069 791 1489 862 Circumspectis
1556 796 1646 847 diu
1701 793 1955 848 omnibus

390 880 552 952 733
577 881 631 934 in
657 882 759 936 hoc
782 883 996 938 tandem
1028 885 1293 954 acquievi.
1315 895 1372 941 ut
1400 888 1677 941 crederem
1705 887 1959 941 habuisse

393 973 783 1044 Pachytnerem
840 977 954 1032 haec
1011 978 1333 1034 scribentem
1390 980 1440 1033 in
1498 982 1676 1034 animo
1723 981 1772 1033 id
1817 979 1964 1047 quod.

391 1076 584 1122 auctor
613 1066 968 1139 Etymologici
1005 1069 1170 1125 refert
1208 1072 1374 1125 verbo
1401 1071 1704 1141 Λάμψακος
1737 1073 1788 1126 ἱιι
1821 1073 1964 1126 hunc

393 1159 613 1213 tnodum
652 1159 825 1214 εὈτι
865 1163 980 1226 τοῖς
1041 1161 1433 1234 Λαμψακηνοῖς
1481 1164 1731 1234 χρησμὸς
1770 1163 1961 1236 ἐδόθη,

391 1252 527 1306 ὅπου
558 1254 624 1308 ἂν
642 1254 827 1319 αὐτοις
853 1253 1209 1327 My.thst
1227 1256 1380 1311 πόλιν
1407 1258 1614 1311 κτίσαι.
1649 1258 1964 1329 ’Δστραπῆς

395 1343 490 1401 οὖν
519 1350 837 1420 γενομένης,
868 1344 1006 1403 εἶδον
1044 1350 1134 1404 τὸν
1168 1349 1335 1406 τόπον
1368 1351 1463 1405 καὶ
1494 1351 1714 1406 ἔκτισαν
1749 1353 1844 1424 τὴν
1874 1353 1970 1406 πό-

392 1441 499 1504 λιν,
526 1442 829 1511 Λάμψακον
856 1442 1064 1512 ταύτην
1106 1445 1674 1515 προσαγορεύσαντες,
1712 1446 1807 1500 καὶ
1844 1446 1972 1509 τοὺς

397 1533 772 1602 πολεμοῦντας
816 1536 1004 1598 αὐτοῖς
1038 1534 1371 1606 βαρϐάρους,
1416 1538 1573 1608 λόχον
1609 1539 1969 1606 ποιήσαντας,

396 1624 488 1680 διὰ
512 1625 630 1694 ’τῆς
660 1625 952 1695 ἀστραπῆς
986 1624 1189 1689 ἰδόντες
1218 1625 1591 1679 κατέκαυσαν.
1620 1625 1697 1681 Ita
1732 1626 1841 1680 ille.
1875 1626 1971 1680 Hic

400 1725 653 1782 eventus,
693 1716 1013 1772 insidiarum
1059 1715 1181 1770 luce
1220 1714 1452 1786 fulguris
1507 1732 1536 1770 a
1584 1715 1972 1785 Lampsacenis

401 1810 589 1864 urbem
624 1809 968 1864 molientibus
1000 1809 1360 1872 delectarum,
1413 1823 1464 1864 et
1500 1811 1685 1864 statim
1725 1810 1971 1865 immisso

398 1902 525 1972 igne
583 1903 640 1957 in
696 1904 831 1960 suis.
868 1903 1001 1973 ipsis
1050 1903 1276 1961 latebris
1315 1905 1659 1958 incensurum
1711 1903 1978 1967 hostium,

398 1997 616 2055 videtur
669 1995 824 2066 quasi
877 1996 1200 2067 proverbiaii
1258 1997 1576 2051 celebritate
1640 1995 1844 2053 relatus
1905 1998 1973 2051 ad

399 2090 856 2161 significationem
894 2091 1151 2168 vindictae
1177 2090 1375 2146 celeris
1402 2091 1662 2146 divinitus
1693 2091 1976 2156 immissm,

401 2184 556 2240 clade
571 2191 694 2253 post
717 2185 892 2238 minas
916 2199 1022 2238 non
1046 2186 1312 2251 tardante,
1335 2184 1417 2256 1P.
1440 2183 1570 2256 523]
1595 2187 1687 2239 sed
1715 2184 1981 2239 continuo

402 2277 1140 2344 excipiente‘lndicationem
1181 2278 1437 2347 prirnum.-
1476 2277 1651 2344 Atque
1683 2276 1823 2331 haud
1859 2278 1979 2332 scio

321 2405 325 2409 ›
403 2388 473 2428 an
503 2386 606 2439 non
641 2373 763 2425 inde
805 2371 1071 2426 Adrastea
1105 2371 1373 2434 Nemesis,
1400 2371 1517 2427 sive
1549 2372 1635 2426 hic
1673 2383 1970 2425 memorata

404 2467 553 2536 δίκη.
612 2466 960 2536 peculiariter
1014 2469 1152 2535 apud
1199 2466 1600 2536 Lampsacenos
1651 2466 1796 2520 culta
1846 2467 1973 2520 olim

405 2558 606 2622 fuerit.
670 2559 826 2627 cujus
879 2558 1024 2613 velut
1087 2557 1341 2628 auspiciis
1407 2567 1611 2612 structa
1693 2556 1781 2611 illa
1841 2558 1977 2611 civi-

409 2664 493 2708 tas
549 2653 759 2710 tnisset.
820 2650 1015 2708 Strabo
1065 2652 1325 2708 videndus
1378 2651 1415 2707 Ι.
1453 2667 1576 2716 χιιι,
1627 2667 1678 2722 p.
1733 2652 1834 2707 68i
1885 2652 1972 2707 cd.

408 2748 575 2804 Basil.

480 2841 543 2898 P.
567 2844 655 2899 77.
680 2841 817 2909 Quid
841 2841 928 2896 hic
962 2856 1081 2896 esse
1109 2851 1290 2908 putem
1334 2840 1694 2912 ἐπαληθεύειν
1723 2843 1836 2903 τοῖς
1890 2858 1979 2911 τεὴ

409 2936 778 3007 τελεσμένοις,
837 2936 1023 2990 videat
1074 2949 1257 3003 aequus
1320 2934 1489 2989 lector
1563 2935 1613 2988 in
1675 2934 1976 2996 Glassario.

409 3030 578 3086 verbo
605 3029 676 3082 τὰ
704 3027 1083 3099 τετελεσμένα,
1115 3036 1401 3097 antequam
1439 3042 1613 3082 meam
1659 3026 1978 3096 interpreta-

415 3125 615 3180 tionem
637 3111 869 3178 damnet.

485 3215 622 3270 Ibid.
655 3215 727 3267 Τὸ
760 3213 805 3268 δ’
837 3210 905 3268 αὖ
928 3215 992 3268 ὲκ
1021 3213 1112 3268 τοῦ
1145 3213 1489 3284 παρεικότος,
1535 3221 1645 3266 etc.
1667 3213 1741 3265 Τὸ
1780 3228 1978 3284 παρει-

418 3309 512 3372 κός
579 3320 764 3366 sonat-~
788 3311 876 3365 hic
935 3310 1250 3372 remissum,
1291 3308 1636 3371 dissolutum,
1681 3309 1976 3377 negligens,

415 3403 563 3474 quod
605 3413 765 3474 negat
818 3417 978 3473 posse
1029 3403 1318 3457 convenire
1367 3404 1457 3456 Dei
1515 3401 1812 3471 sapientiae,
1867 3402 1979 3455 acri

422 3513 640 3567 semper
670 3496 846 3567 vigilia
881 3496 1100 3550 intentae
1138 3494 1190 3548 in
1247 3508 1335 3549 res
1373 3508 1492 3564 quae
1533 3494 1688 3557 liunt,
1746 3503 1799 3548 et
1849 3493 1979 3549 nnlli

422 3608 534 3648 non
579 3590 793 3646 eventui
836 3604 992 3645 suum
1027 3589 1387 3659 interponenti
1416 3588 1699 3657 judicium.

493 3680 556 3735 Ρ.
600 3680 686 3736 78.
719 3680 1014 3736 Μανίαισιν
1046 3679 1364 3751 ὑποκρέκει,
1410 3679 1545 3749 φησὶ
1578 3679 1858 3749 Πίνδαρος.
1893 3680 1984 3734 Ai—

423 3776 564 3831 ludit
626 3775 764 3844 quod
809 3782 1003 3827 (exstat
1056 3772 1326 3843 hodieque
1379 3775 1520 3841 apud
1581 3771 1872 3827 Pindarum
1931 3775 1983 3829 in

417 3871 630 3942 Olytnp.
678 3871 749 3923 Ὶό
779 3853 1086 3939 καυχᾶσθαι
1119 3867 1268 3939 παρὰ
1317 3868 1510 3932 καιρὸν
1551 3867 1827 3939 μανίαισιν
1852 3867 1984 3921 ὑπο·

421 3964 633 4030 κρέκει.

419 4094 426 4099 .
493 4055 604 4110 Non
637 4052 939 4123 dissimulo,
989 4055 1115 4110 mihi
1146 4055 1247 4108 hoc
1279 4061 1442 4123 caput
1483 4065 1536 4108 et
1569 4052 1767 4120 legenti
1807 4066 1860 4108 et
1903 4055 1986 4108 in-

420 4151 904 4222 terpretantisaépe
928 4154 1143 4208 taedium
1185 4153 1435 4206 obortum
1481 4151 1550 4206 ob
1597 4151 1767 4221 εὐήθη
1822 4152 1986 4204 δεισι-

424 4243 710 4314 δαιμονίαν
740 4245 1044 4314 scriptoris,
1072 4243 1162 4315 qui
1195 4253 1271 4298 tot
1295 4244 1668 4313 przel'ationmn
1699 4245 1985 4299 anxiarnm

429 4339 683 4408 ambages
718 4337 864 4391 casui
895 4337 1118 4391 minime
1165 4338 1301 4390 miro
1332 4338 1702 4406 prmtexendas
1763 4348 1984 4403 putave-

427 4433 522 4498 rit,
558 4442 746 4487 aestum
791 4431 956 4486 animi
994 4440 1277 4484 ostentans
1329 4431 1556 4484 aniculzc
1605 4433 1988 4500 superstitiosa:

2058 513 2365 575 Μέλλοντος
2389 513 2512 582 ,γὰρ
2533 510 2627 564 τοῦ
2668 509 2860 580 ἱερέως
2893 506 3034 561 κατὰ
3081 498 3191 575 τὴν
3217 504 3312 574 τῆς
3341 503 3640 574 Κυριακῆς

2057 607 2273 676 ἡμέραν
2335 604 2591 675 ἐμϐαλεῖν
2653 600 2733 672 τῷ
2781 598 3096 671 ἁρτοφοριῳ
3162 595 3646 668 προηγιασμένους

2070 698 2260 766 ἁγίους
2295 698 2517 767 ἄρτους,
2557 687 2683 766 εἶξρε
2714 693 2807 746 τὸν
2831 691 3024 764 χρόνον
3069 689 3462 743 διαϐιϐάσαντα
3490 687 3648 755 ἅγιον

2065 791 2229 861 ἄρτον
2270 790 2549 859 σεσηπότα
2609 787 2791 857 πάντη
2844 787 2938 838 καὶ
2997 781 3471 853 ἀπηχρειωμένον.
3532 781 3648 833 Καὶ

2061 883 2220 937 τοῦτο
2245 883 2384 952 μέγα
2411 881 2572 954 734
2598 880 2826 952 σημεῖόν
2843 895 2984 940 τινες
3007 877 3115 930 τῶν
3143 875 3338 946 μικροθ
3350 874 3647 940 αυμόιστων

2065 977 2380 1032 ὑπέλαϐον·
2413 977 2568 1044 Quod
2629 977 2872 1029 dicturus
2933 972 3055 1042 (ait)
3095 988 3232 1031 satu,
3290 969 3503 1039 quidam
3559 970 3647 1020 iu-

2065 1088 2185 1139 gens
2214 1079 2515 1138 portentum
2555 1078 2894 1138 putaverunt,
2938 1067 3208 1119 inuentum
3233 1078 3412 1124 ncntpe
3445 1079 3553 1115 esse
3588 1062 3646 1115 iu

2066 1158 2218 1218 sacra
2259 1163 2448 1233 pyxide
2471 1179 2656 1232 panem
2682 1171 3041 1214 consecratum
3099 1156 3477 1226 putrefactum.
3534 1153 3650 1208 Pa.-

2068 1273 2181 1310 nem
2217 1269 2390 1310 autem
2424 1260 2578 1324 longo
2610 1272 2722 1308 ανυο
2740 1267 3035 1324 putrescere
3068 1252 3280 1304 minime
3329 1251 3521 1302 mirum
3543 1256 3644 1311 est.

2075 1352 2344 1406 Nimirum
2372 1351 2422 1404 in
2459 1351 2592 1419 festo
2629 1347 3081 1417 Palmarum,quo
3111 1346 3194 1398 die
3217 1341 3648 1414 inaugurabatur

2070 1443 2377 1513 patriarcha
2403 1441 2653 1512 Cyprius.
2677 1456 2793 1493 cum
2831 1439 2896 1491 de
2928 1454 3070 1491 more
3101 1437 3316 1498 fuissent
3347 1435 3650 1490 consecrati

2072 1555 2230 1607 panes
2257 1536 2322 1591 eis
2367 1536 2558 1601 quibus
2603 1531 2811 1596 deinde,
2866 1548 2964 1600 quo
3019 1532 3123 1584 ritu
3163 1546 3254 1596 per
3291 1529 3645 1599 insequentem

2072 1633 2454 1688 hebdomadam
2491 1630 2577 1701 [ns
2599 1637 2698 1691 est,
2727 1644 2884 1682 sacra
2915 1640 2983 1680 ex
3002 1623 3472 1694 prwsanctifiratis
3505 1623 3649 1675 dicta

2075 1725 2494 1784 celebrarentur,
2563 1721 2780 1791 contigit
2819 1736 2945 1774 casu
3006 1719 3232 1788 quodam
3284 1716 3421 1785 feria
3455 1724 3650 1786 quarta

2076 1814 2297 1882 majoris
2319 1813 2665 1868 hebdomade
2711 1827 2919 1867 sacrum
2953 1828 3012 1864 eo
3053 1809 3140 1864 die
3167 1809 3286 1879 ﬁeri
3317 1807 3530 1861 solitum
3576 1818 3650 1861 ex

2073 1909 2534 1980 prmanctiﬁcntis
2566 1908 2759 1960 omitti.
2795 1904 2946 1960 Unde
2986 1903 3336 1958 consumenda
3363 1917 3455 1971 per
3485 1900 3647 1964 illud,

2074 2005 2122 2058 si
2152 2006 2250 2058 rite
2281 2015 2556 2072 peractum
2588 2001 2745 2070 foret,
2777 1999 2930 2068 panis
2967 1999 3266 2052 consecrati
3300 1994 3566 2063 particula
3595 1995 3652 2048 in

2075 2115 2228 2152 suem
2253 2097 2447 2168 pyxide
2468 2097 2648 2150 relicta
2684 2105 2756 2148 est
2791 2110 2955 2164 usque
3002 2093 3070 2146 ad
3106 2092 3425 2145 dominicam
3488 2089 3650 2161 Tyri-

2077 2205 2184 2244 ncn
2222 2199 2455 2242 vocatam
2488 2187 2804 2257 insequentis
2829 2186 2976 2242 anni.
3021 2185 3136 2252 Qua
3155 2185 3239 2237 die
3263 2199 3381 2237 cum
3407 2184 3479 2237 ad
3501 2199 3655 2238 aram

2077 2284 2319 2339 sacerdos
2371 2283 2570 2353 faciens
2619 2298 2777 2336 novas
2832 2279 3121 2334 consecrati
3162 2279 3313 2348 panis
3359 2278 3654 2346 particulas

2079 2379 2260 2433 indere
2303 2393 2471 2431 sacra
2499 2376 2684 2447 pgxidi
2717 2375 2940 2436 deberet,
2976 2376 3161 2443 reperit
3208 2375 3260 2427 in
3310 2391 3369 2427 ea
3408 2371 3655 2443 putrefa-

2079 2485 2215 2526 ctum
2244 2473 2374 2525 tanti
2394 2471 2639 2540 temporis
2667 2487 2839 2532 mora,
2867 2471 2956 2541 qui
2983 2468 3030 2523 ei
3053 2485 3192 2522 anno
3240 2467 3502 2534 superiori
3541 2467 3658 2535 fue-

2082 2577 2163 2620 rat
2191 2567 2414 2630 inditus,
2449 2581 2661 2620 sacrum
2700 2579 2910 2634 panem.
2949 2562 3014 2616 Et
3045 2564 3142 2615 hoc
3171 2578 3416 2629 magnum
3468 2562 3653 2630 prodi-

2080 2662 2218 2732 gium
2250 2659 2465 2730 quidam
2512 2675 2675 2727 parvo
2717 2658 2970 2711 mirantes
3011 2664 3346 2725 putat-erunt.
3382 2654 3654 2708 llacienns

2082 2753 2167 2807 hic
2200 2752 2476 2807 breviator
2507 2791 2521 2814 ,
2564 2751 2718 2819 cujus
2749 2750 2803 2804 in
2825 2750 3038 2826 negotio
3083 2757 3336 2817 suscepto
3372 2749 3656 2802 tractando

2081 2861 2286 2899 securae
2319 2845 2584 2900 libertatis
2622 2845 2722 2899 hoc
2751 2843 3024 2913 specimen
3047 2841 3440 2906 habe,lector;
3468 2839 3651 2908 inquo

2081 2939 2124 2995 si
2176 2938 2356 2992 minus
2403 2938 2562 2994 fidam
2619 2938 2918 3005 epitomen.
2974 2946 3121 2990 certe
3184 2952 3290 2992 non
3325 2935 3664 2989 immeritam

2081 3036 2389 3086 censuram
2421 3029 2595 3084 nostri
2653 3029 2754 3083 hoc
2816 3029 2934 3084 loco
2978 3027 3228 3083 historici
3286 3027 3509 3094 videbis,
3557 3044 3656 3084 uec

2007 3127 2051 3185 Β
2086 3135 2476 3194 usquequaque
2505 3123 2859 3192 improbabis,
2894 3131 2950 3176 ut
2983 3123 3196 3192 opinor.

2157 3216 2214 3272 P.
2245 3215 2334 3271 85.
2374 3217 2448 3270 De
2488 3214 2834 3268 veneratione
2858 3214 3170 3283 angelorum
3204 3214 3332 3269 feria
3380 3215 3538 3272 tertia
3555 3232 3657 3270 cu-

2077 3311 2250 3382 ju~vis
2279 3309 2631 3364 hebdomadas
2661 3325 2686 3362 a
2719 3306 3342 3378 C0nstantinopolitanis
3386 3309 3656 3364 celebrari

2085 3405 2239 3460 solita
2271 3402 2512 3472 populari
2540 3416 2808 3457 concursu
2843 3401 2906 3454 ad
2935 3410 3138 3471 partem
3162 3401 3441 3456 dexteram
3467 3403 3660 3459 altar's

2087 3497 2266 3565 templi
2302 3507 2505 3550 sancta;
2538 3493 2777 3560 Sophiae,
2809 3494 2931 3549 vide
2950 3510 3068 3565 qua:
3101 3507 3303 3552 annoto
3339 3495 3393 3550 in
3435 3495 3656 3551 Glossa-

2086 3590 2168 3643 rio
2203 3588 2367 3642 verbo
2419 3587 2663 3664 έοδηγοι.

2160 3680 2243 3754 [Ρ.
2270 3679 2485 3754 52411³.
2512 3680 2601 3736 87.
2637 3680 2848 3736 lrenen.
2879 3679 3004 3734 Fuit
3030 3679 3146 3735 haec
3193 3695 3349 3734 soror
3378 3678 3655 3737 Marchio-

2092 3776 2181 3828 nis
2242 3775 2629 3830 Montisferrati
2665 3776 2715 3828 in
2772 3770 3062 3840 Snbalpina
3093 3778 3341 3842 regione;
3373 3775 3458 3829 cui
3495 3777 3657 3829 etiam

2087 3869 2281 3923 deinde
2317 3856 2430 3923 sine
2459 3869 2646 3923 liberis
2677 3879 2894 3924 mortuo
2929 3869 3071 3923 lilius
3107 3869 3407 3924 Δηὼ-οιιὶσί
3436 3883 3502 3924 ex
3555 3870 3657 3926 hoc

2087 3963 2322 4017 secundo
2367 3973 2524 4016 natus
2580 3962 2856 4032 conjugio,
2907 3973 2965 4016 ut
3000 3970 3192 4032 postea
3241 3970 3427 4018 noster
3483 3967 3654 4029 docet,

2084 4055 2204 4125 jure
2229 4064 2475 4110 materno
2502 4038 2790 4110 successit.

2164 4148 2222 4204 P.
2249 4148 2339 4204 95.
2375 4149 2412 4202 Α
2446 4149 2668 4203 cunctis.
2706 4147 2904 4203 Cuncti
2950 4147 3203 4202 nimirum
3257 4147 3349 4218 qui
3407 4149 3660 4217 aderant,

2090 4254 2290 4316 prmter
2347 4244 2579 4300 Vcccum
2655 4254 2709 4300 et
2769 4245 3209 4312 archidiaconos,
3272 4247 3662 4315 praoccupatis

2091 4339 2384 4391 schismate
2412 4347 2466 4391 et
2496 4353 2683 4392 errore
2715 4335 3246 4404 animisjmlicabant
3299 4336 3368 4391 de
3407 4338 3661 4404 presenti

2095 4428 2466 4483 Controversia
2495 4445 2506 4480 :
2541 4429 2699 4480 aliter
2731 4428 2878 4481 enim
2941 4440 3212 4494 nunquam
3250 4424 3420 4479 valide
3448 4433 3496 4478 et
3556 4426 3666 4479 ine-

428 4526 608 4596 potius
639 4540 800 4595 quam
832 4524 969 4588 viro,
1010 4526 1311 4592 praesertim
1369 4524 1645 4594 theologo,
1699 4534 1985 4579 consenta-
2021 4524 2063 4576 D
2097 4523 2418 4577 luctobiliter
2444 4522 2718 4589 disputata
2770 4520 3132 4582 censuissent,
3193 4533 3314 4586 qua:
3349 4517 3664 4573 Theodorus

427 4635 608 4675 neum.
637 4617 817 4684 Quare
851 4633 957 4670 non
995 4617 1202 4688 prolixe
1241 4617 1409 4672 solum
1467 4618 1684 4686 ignosco
1727 4616 1990 4672 Vaticano

429 4711 740 4774 breviatori,
783 4710 920 4778 quod
961 4710 1215 4764 verbosas
1249 4710 1473 4765 lacinias
1522 4710 1871 4764 ridicularnm
1899 4712 1993 4764 ad-

431 4803 775 4858 miratiomim
819 4816 882 4854 ex
925 4800 1026 4855 hoc
1050 4803 1223 4869 capite
1275 4803 1519 4855 recidens
1556 4801 1684 4854 illud
1719 4804 1770 4854 in
1809 4817 1994 4857 versus

429 4894 784 4971 paucissimos
820 4893 1178 4957 contraxerit,
1214 4895 1306 4948 sed
1332 4894 1491 4948 etiam
1517 4895 1633 4964 ejus
1674 4895 1758 4948 hic
1779 4895 1990 4964 quidem

426 4987 693 5058 judicium
725 4985 906 5051 laudo,
931 4996 984 5040 et
1023 4988 1074 5042 in
1105 4987 1222 5056 ejus
1257 4987 1484 5057 gloriam
1521 4996 1686 5043 totam
1720 4990 1858 5044 hanc
1875 4990 1994 5059 ejus

430 5081 700 5150 epitomen
735 5080 1031 5134 adscribo:
1075 5083 1141 5134 Ὃ
1201 5081 1258 5134 δὲ
1318 5081 1493 5151 μέλλω
1544 5083 1687 5153 ἐρεῖν
1749 5082 1993 5153 (inquit),

431 5172 576 5235 τινὲς
601 5171 741 5240 μέγα
775 5189 827 5224 τι
859 5169 1084 5241 σημεῖον
1111 5175 1345 5242 ἔκρινον,
1377 5172 1463 5225 διὰ
1502 5175 1560 5226 τδ
1589 5173 1876 5244 εὑρεθῆναι
1907 5175 1996 5227 τὸν

435 5268 590 5334 ἅγιον
614 5266 775 5334 ἄρτον
798 5267 856 5318 ὲν
898 5267 972 5337 τῷ
1030 5265 1337 5336 ἀρτοφορίῳ
1389 5270 1682 5335 σεσηπότα.
1734 5267 1902 5320 Τοῦτο
1940 5267 1997 5321 δὲ

439 5360 623 5413 καινὸν
653 5361 752 5413 οὐκ
787 5361 935 5412 ἐστιν
968 5363 1015 5412 εἰ
1049 5364 1307 5431 σέσηπτο.
1343 5361 1495 5414 Κατὰ
1547 5362 1642 5430 τὴν
1677 5361 1786 5423 τῶν
1820 5360 1998 5415 Boium

434 5453 649 5524 ε’ρτὴν,
685 5455 770 5508 ὅτι
802 5456 829 5506 ὁ
849 5453 1090 5524 Κύπριος
1112 5456 1398 5537 αρχιερεὺς
1428 5453 1999 5523 ἐτελεῖτογπεποίηντο

436 5547 576 5602 κατὰ
615 5549 676 5600 τὸ
707 5543 934 5617 συνήθες
961 5535 1378 5617 προηηίιασμὲνα
1404 5564 1417 5577 ·
1450 5548 1544 5601 καὶ
1582 5549 1725 5601 κατά
1754 5565 1805 5601 τι
1864 5566 1994 5618 συμ-

437 5639 539 5693 ϐὰν
565 5642 629 5712 τῇ
667 5640 798 5712 ἁγέᾳ
832 5642 925 5692 καὶ
989 5641 1198 5711 μεγάλῃ
1243 5638 1473 5710 Τετράδι
1519 5638 1852 5710 παρελεὶφση
1925 5637 1998 5710 μὴ

438 5720 758 5802 τελεσθῆναι
787 5731 853 5785 τὰ
880 5730 978 5801 τῆς
1004 5731 1152 5794 Θείας
1187 5732 1496 5802 ἱερουργίας
1527 5731 1993 5802 προηγιασμένης.

441 5825 748 5881 Κάντεῦθεν
779 5823 1181 5891 ὲναπολειφθεῑς
1235 5825 1440 5902 όᾶγινες
1491 5825 1652 5897 ἄρτος
1698 5821 1764 5896 ἦν
1809 5823 1867 5877 ὲν
1922 5824 1999 5895 τῷ

2094 4615 2308 4671 Muzalo
2386 4614 2474 4668 hic
2555 4611 2794 4666 refertur
2872 4609 3166 4678 protulisse
3244 4623 3468 4678 prorsus
3530 4609 3663 4662 ἀσύ-

2098 4727 2269 4763 στατα
2289 4717 2342 4762 et
2376 4722 2494 4761 sese
2532 4705 2760 4759 invicem
2795 4703 3146 4756 destruentia.
3206 4700 3319 4754 Duo
3350 4701 3493 4755 enim
3519 4701 3666 4755 aiiir-

2099 4811 2229 4865 mat,
2262 4803 2432 4872 prius,
2465 4815 2522 4854 se
2547 4813 2844 4869 agnoscere
2873 4811 2969 4866 pro
3013 4811 3136 4848 vera
3176 4779 3499 4849 Damasceni
3539 4811 3665 4849 scu-

2100 4896 2320 4950 tentiam
2347 4910 2374 4948 a
2416 4893 2594 4948 Vecco
2648 4891 2960 4961 ailegatam,
2997 4903 3099 4959 qua
3132 4888 3176 4942 is
3222 4895 3446 4942 sanctus
3481 4889 3668 4942 doctor

2099 4990 2328 5044 afﬁrmat
2358 4987 2564 5042 Patrem
2608 5002 2717 5040 esse
2745 4985 3110 5051 productorem
3138 4997 3230 5052 per
3256 4979 3482 5035 Verbum
3505 4997 3668 5035 enun-

2098 5085 2301 5141 tiatorii
2339 5083 2572 5153 Spiritus
2605 5097 2624 5144 ,‘
2661 5081 2918 5142 alterum,
2951 5087 3207 5130 setamen
3237 5090 3344 5128 non
3380 5077 3665 5128 admittere

2101 5180 2358 5250 Spiritum
2402 5193 2492 5246 per
2535 5173 2760 5229 Verbum
2796 5183 2841 5227 et
2868 5169 3067 5223 Filium
3118 5169 3369 5237 originem
3402 5184 3467 5221 ex
3507 5166 3666 5221 Patre

2101 5273 2328 5328 trahere.
2362 5269 2520 5338 Atqui
2556 5269 2690 5322 citra
2721 5265 2884 5319 ullam
2933 5263 3329 5317 dubitationem
3365 5269 3469 5321 est,
3504 5259 3668 5329 erigi.

2103 5381 2221 5419 nem
2247 5363 2513 5433 passivam
2560 5376 2624 5415 ex
2683 5372 2839 5427 aequo
2893 5353 3231 5423 respondere
3275 5351 3472 5421 origini
3532 5351 3665 5406 acti—

2100 5473 2212 5518 ναις
2246 5457 2387 5510 unde
2412 5455 2498 5522 qui
2527 5452 2763 5507 admittit
2799 5449 2939 5504 istud
2974 5445 3526 5512 assertum,prodttrit
3559 5442 3666 5497 Pa-

2103 5561 2178 5602 ter
2203 5565 2292 5616 per
2330 5547 2524 5618 Filium
2551 5545 2833 5614 Spiritum,
2872 5540 3084 5599 nonnisi
3120 5554 3242 5592 cum
3276 5536 3664 5590 absurdissima

2104 5639 2544 5707 inconsequentia
2599 5652 2795 5702 negare
2847 5643 3024 5699 potest
3076 5633 3176 5686 hoc.
3243 5630 3418 5694 aliud,
3439 5627 3663 5696 Spiritus

2104 5741 2320 5784 sanctus
2358 5730 2668 5797 producitur
2723 5745 2751 5780 α
2788 5725 2949 5779 Putre
3002 5740 3093 5792 per
3126 5719 3343 5776 Filium.
3389 5718 3669 5785 ριιοιιιιιιίι)Δ

2103 5821 2268 5891 igtur
2313 5829 2420 5874 tatu
2452 5816 2732 5873 manifesta
2773 5813 3158 5883 ἀσυλλοχιττὶα
3185 5813 3433 5882 plausum
3480 5827 3662 5872 acun-
