4012 6236
381 268 491 339 ⁷199

1428 276 1725 339 POSSINI
1757 273 2411 336 OBSEtiVATlONUM
2458 271 2605 333 LIB.
2651 268 2742 332 η.

3509 262 3621 326 8οῢ

385 384 639 456 Spiritum
662 395 922 442 sanctum.
952 387 1036 452 E',
1069 390 1208 444 rides
1260 390 1461 460 [autem
1530 410 1682 462 aqua:
1737 393 1947 455 Deum;
1979 394 2021 447 A
2054 389 2135 442 tit.
2169 384 2344 439 Verba
2398 383 2610 439 Ricardi
2666 383 2779 437 haec
2828 385 2956 435 sunt
3005 392 3019 432 :
3056 376 3198 433 Nam
3239 376 3363 432 Selii
3408 376 3611 447 quidem

386 492 581 544 aquam
642 490 820 533 autem
888 481 1057 535 citrum
1128 483 1388 550 Spiritum
1463 494 1733 539 sanctum.
1799 481 1943 538 Fons

384 586 535 640 aqua
570 570 695 625 vim
720 570 881 625 Pater
902 581 1001 637 est,
1057 573 1252 642 [lumen
1272 590 1337 629 ex
1372 574 1516 646 {ante
1548 578 1829 648 procedens
1860 575 1947 631 Fi-

385 662 670 731 lius,-r~aqua
692 664 926 732 ﬂuminis
946 664 1181 736 Spiritus
1210 680 1448 724 sanctus.

454 754 766 825 73711334:
818 771 937 822 qua:
979 774 1146 826 pauca
1178 759 1244 814 de
1286 760 1469 816 multis
1500 762 1813 831 speciminis
1856 763 1946 818 hic

382 844 554 914 gratia
586 849 888 915 posuimus,
914 849 1043 918 quin
1073 859 1125 902 et
1150 850 1200 904 in
1223 851 1469 907 eamdem
1492 855 1817 909 sententiam
1840 870 1942 907 nou

382 936 783 994 minusdiserta
812 940 986 1009 plura,
1030 943 1147 997 sine
1196 942 1362 999 dubio
1413 954 1703 1014 potuerant
1731 962 1797 1002 ex
1838 946 1945 1001 Pa-

383 1029 554 1085 tribus
589 1032 828 1102 allegare
854 1035 985 1089 socii
1020 1036 1201 1105 Vecci,
1234 1036 1434 1106 quippe
1459 1037 1662 1106 quibus
1692 1039 1791 1093 diu
1825 1054 1945 1094 cum

387 1123 562 1179 Vecco
602 1125 963 1199 intheologiae
984 1128 1219 1197 Spiritus
1246 1128 1332 1203 IP.
1355 1129 1666 1202 526]saucti
1695 1145 1947 1202 perscru-

384 1216 587 1270 lat‘one
629 1218 860 1273 versatis
902 1218 1081 1290 ignota
1115 1219 1166 1273 in
1202 1220 1304 1275 hoc
1333 1233 1533 1289 genere
1568 1235 1691 1277 esse
1719 1236 1823 1278 non
1849 1237 1948 1293 po-

384 1316 563 1362 terant
615 1324 738 1378 qum
792 1308 951 1365 Fuere
998 1311 1102 1381 ipsi
1143 1311 1318 1367 Vecco
1385 1313 1854 1383 perspectissima,
1887 1324 1950 1370 ut

383 1400 711 1471 intelligitur
731 1410 797 1458 ex
832 1403 997 1473 hujus
1025 1404 1263 1473 scriptis,
1296 1420 1416 1477 quas
1439 1407 1633 1475 partim
1661 1407 1828 1463 edidit
1862 1406 1945 1463 lil.

384 1493 637 1561 Allatius,
660 1496 852 1563 partim
887 1497 1017 1567 legit
1039 1497 1093 1552 iu
1122 1512 1282 1553 manu
1324 1500 1565 1555 exaratis
1591 1499 1870 1556 codicibus
1894 1508 1950 1557 et

2045 481 2295 548 processit
2344 480 2406 531 de
2452 474 2751 530 substantia
2786 472 2921 527 Adae
2980 471 3518 542 immediate..utique
3562 470 3617 525 in

2044 584 2297 644 quantum
2331 570 2434 642 fuit
2485 570 2548 623 de
2597 567 2807 640 proprio
2849 568 3077 631 semine;
3128 566 3355 621 ntediate
3398 580 3514 618 sero
3563 563 3619 617 in

2044 673 2310 733 quantum
2359 662 2460 733 fuit
2493 661 2558 717 de
2587 662 2783 715 semine
2839 658 2989 714 Erat.
3030 656 3218 713 'lialetu
3266 667 3448 712 autem
3496 670 3620 712 esse

2045 758 2121 811 ait
2161 755 2561 825 processionem
2620 753 2784 825 738
2826 752 2998 809 sancti
3035 751 3275 822 Spiritus
3318 764 3386 805 es
3434 750 3625 815 Patre,

2046 850 2338 904 inediatam
2395 848 2610 916 quidem
2670 857 2936 918 quatenus
2982 861 3049 902 es
3101 846 3241 901 Filio
3295 831 3622 914 est,que'nt

2048 939 2213 994 Pater
2258 938 2479 1008 genuit,
2525 937 2685 991 simul
2723 946 2901 991 autem
2953 935 3326 991 immediatam
3374 948 3587 1003 quoque
3605 971 3634 996 ,.

2048 1032 2307 1102 quoniam
2345 1028 2515 1083 Filius
2552 1027 2757 1097 pariter
2793 1039 2846 1083 et
2876 1026 3035 1083 Pater
3082 1037 3327 1081 sanctum
3360 1024 3625 1096 Spiritum

2047 1122 2381 1192 producunt.
2420 1119 2651 1191 Spiritus
2694 1119 2843 1175 enim
2892 1133 3109 1174 sanctus
3141 1120 3329 1191 (verba
3358 1130 3486 1174 sunt
3511 1120 3629 1172 Au-

2047 1215 2275 1286 gustini,
2308 1215 2345 1270 Ι.
2375 1230 2465 1278 xv,
2516 1212 2592 1269 De
2628 1211 2914 1277 Trinitate.
2966 1229 3019 1268 c.
3064 1211 3157 1283 2'1)
3209 1228 3313 1266 non
3360 1210 3426 1266 de
3464 1209 3640 1265 Patre

2046 1308 2279 1373 procedit
2308 1309 2361 1362 in
2410 1304 2626 1370 Filium,
2654 1314 2701 1361 et
2732 1306 2794 1360 de
2824 1302 2967 1359 Filio
3015 1305 3251 1375 procedit
3307 1304 3377 1358 ad
3426 1303 3631 1359 sancti-

2047 1399 2317 1470 ﬁcandam
2369 1410 2692 1464 creaturam,
2722 1400 2812 1455 sed
2839 1398 2998 1452 simul
3018 1400 3083 1453 de
3113 1407 3334 1469 utroque
3369 1398 3626 1466 procedit,

2036 1494 2293 1563 quamvis
2321 1492 2417 1547 hoc
2453 1491 2598 1548 Filio
2632 1491 2796 1548 Pater
2821 1490 3051 1556 dederit.
3090 1504 3146 1546 at
3189 1491 3635 1563 quemadmodum

382 1602 447 1642 ex
486 1587 552 1643 iis
592 1588 830 1660 plurima
850 1590 1134 1660 descripsit
1174 1591 1429 1650 Petavius
1473 1588 1659 1649 noster
1693 1596 1746 1649 in
1784 1610 1951 1662 opere

2060 1586 2114 1637 rte
2146 1598 2222 1646 se.
2250 1585 2330 1638 ita
2358 1583 2420 1638 de
2451 1584 2545 1640 illo
2573 1599 2775 1655 quoque
2800 1584 3067 1651 procedat.
3098 1582 3225 1640 Haec
3255 1584 3634 1654 Augustinus;

384 1677 834 1751 Theologicorum
871 1680 1215 1751 Dugmatum.
1242 1683 1348 1738 Sed
1375 1684 1628 1740 consulto
1660 1684 1714 1740 id
1751 1686 1952 1743 omise-

2060 1688 2172 1742 qute
2202 1682 2467 1744 quatenus
2494 1674 2750 1739 mediam,
2779 1684 3050 1744 quatenus
3077 1674 3448 1730 intmmediata
3481 1672 3635 1727 Patri.

384 1782 533 1838 runt.
590 1776 733 1844 quod
792 1791 933 1833 unus
986 1791 1093 1830 non
1140 1784 1260 1832 erat
1316 1776 1411 1834 his
1458 1774 1631 1833 loc'us.
1676 1777 1953 1846 Agebatur

2060 1767 2125 1821 sit
2152 1766 2325 1821 sancti
2372 1765 2611 1847 Spiritus
2669 1770 2967 1839 processio,
2998 1768 3299 1823 luculenter
3325 1768 3638 1837 explicant.

382 1865 602 1936 quippe,
641 1876 698 1920 ut
744 1866 899 1932 disi,
926 1883 1188 1923 verumne
1246 1868 1396 1925 esset
1445 1868 1651 1924 crimen
1684 1868 1954 1927 haereseos

384 1956 677 2028 impactum
713 1958 891 2017 Vecco
916 1968 971 2016 et
998 1960 1169 2017 sociis
1199 1977 1217 2016 :
1247 1975 1353 2015 non
1381 1971 1558 2016 autem
1594 1960 1659 2017 de
1701 1961 1955 2033 dogmate

384 2050 784 2122 inquirebntnr.
817 2052 882 2108 Et
924 2055 1260 2111 calomnioso
1304 2054 1538 2111 artificio
1567 2053 1730 2113 Vecci
1762 2058 1956 2113 adver-

382 2145 513 2200 sarii
546 2144 763 2201 eludere
786 2146 1131 2203 conabantur
1151 2148 1258 2203 vim
1304 2147 1637 2206 defensionis
1666 2151 1807 2220 ejus,
1845 2150 1965 2207 alio

385 2236 717 2292 traducenda
746 2243 1067 2308 quaestione.

457 2330 515 2386 Ρ.
567 2332 657 2387 95'.
720 2331 840 2387 Non
894 2335 1157 2401 conﬁteris
1215 2333 1475 2405 Spiritum
1537 2344 1778 2393 sanctum
1829 2357 1956 2394 cona-

386 2424 591 2477 tinunm
637 2424 820 2487 Patri.
854 2437 961 2482 etc.
1016 2428 1130 2483 lloc
1172 2428 1345 2497 ipsum
1394 2430 1687 2485 absurdum
1740 2430 1955 2487 Latinis

385 2518 633 2588 impingit
662 2534 788 2573 acer
812 2519 1122 2574 Sracorum
1154 2520 1428 2577 bareseos
1464 2521 1719 2578 tlel'ensor
1749 2523 1954 2594 Grego-

385 2611 500 2665 rius
528 2610 799 2680 Palamas,
836 2613 1177 2669 con-tendens
1213 2613 1397 2670 doceri
1433 2631 1461 2671 a
1510 2614 1782 2683 Patribus,
1829 2619 1955 2690 Spi-

385 2703 548 2758 ritum
590 2713 837 2760 sanctum
883 2706 1138 2763 continue
1190 2721 1253 2762 ac
1285 2711 1419 2763 citra
1461 2709 1695 2765 medium
1738 2727 1766 2766 a
1794 2709 1957 2769 Patre

382 2796 696 2865 procedere.
742 2799 859 2853 Καὶ
907 2799 1039 2872 μὴν,
1074 2800 1275 2871 inquit,
1306 2802 1506 2874 ὲρῤἐθη
1554 2804 1651 2858 καὶ
1692 2803 1754 2858 sb
1813 2805 1958 2860 θεῖον

383 2888 607 2961 Πνεῦμα
644 2892 707 2944 ἐκ
738 2886 952 2961 [ἰατρὸς
982 2893 1223 2965 aptante.
1261 2893 1496 2967 Vultque
1529 2894 1583 2951 id
1624 2898 1800 2953 sstrui
1832 2913 1958 2954 ver-

382 2982 532 3039 sibus
557 2983 879 3054 quibusdam
901 2985 961 3044 3.
989 2984 1229 3058 Gregorii
1253 2988 1533 3060 Theologi,
1568 2990 1763 3059 quibus
1790 2990 1958 3047 Filius

2128 1856 2196 1915 Ρ.
2243 1856 2331 1914 96.
2383 1857 2595 1914 Sentire
2635 1862 3164 1916 autemcontinstutn
3196 1870 3305 1917 etc.
3351 1860 3632 1931 Signiﬁcat

2052 1952 2149 2007 his
2182 1953 2360 2009 verbis
2393 1951 2598 2009 Veccus
2618 1969 2724 2010 non
2755 1969 2915 2025 posse
2943 1954 3211 2010 catholico
3229 1955 3334 2011 dici
3368 1957 3634 2010 duntoaat

2057 2047 2417 2102 immediatam
2438 2048 2845 2118 processionem
2869 2049 3044 2105 sancti
3088 2048 3322 2120 Spiritus
3343 2064 3411 2105 es
3434 2050 3628 2112 Patre;

2035 2139 2336 2220 dicendam
2368 2142 2514 2195 enim
2544 2155 2667 2197 esse
2686 2142 2850 2196 simul
2868 2142 3231 2197 immediatam
3254 2152 3301 2197 et
3318 2143 3640 2202 mediatom.

2062 2233 2244 2304 Itaque
2269 2234 2357 2289 hic
2385 2233 2455 2288 sb
2466 2233 2749 2307 προσεχῶς
2771 2238 3016 2293 continue
3037 2246 3329 2305 usurpatur
3346 2233 3633 2299 ecclosiae.

2062 2327 2163 2381 hoc
2207 2338 2290 2383 est
2347 2344 2467 2381 cum
2519 2328 2898 2385 subintellects
2956 2328 3247 2400 negatione
3294 2329 3645 2385 usediationis

2062 2420 2243 2475 ullius.
2273 2419 2458 2487 Qualis
2510 2430 2688 2477 tamen
2747 2423 2927 2493 aliqua
2970 2423 3030 2479 in
3056 2422 3410 2493 processione
3454 2422 3632 2478 sancti

2064 2512 2299 2583 Spiritus
2333 2531 2361 2567 a
2412 2514 2575 2569 Patre
2623 2516 2963 2587 agnoscenda
3018 2516 3336 2572 orthodosis
3386 2526 3491 2580 est.
3539 2515 3644 2570 sed

2060 2622 2182 2678 quae
2216 2623 2319 2661 non
2356 2607 2613 2664 excludat
2643 2608 3010 2664 immediatam
3042 2608 3220 2664 Patris
3264 2609 3435 2677 ipsius
3462 2607 3624 2661 actio-

2064 2714 2186 2753 nem
2218 2700 2270 2752 in
2324 2702 2679 2767 productione
2718 2701 2975 2770 Spiritus,
3007 2710 3065 2756 at
3115 2711 3324 2756 tantum
3382 2698 3626 2756 admittat

2062 2789 2149 2864 [Ρ.
2185 2789 2317 2865 527]
2350 2793 2401 2847 in
2444 2808 2508 2849 ea
2548 2796 2880 2849 consortium
2911 2792 3059 2857 Filii,
3094 2796 3180 2850 cui
3243 2795 3392 2865 prius
3425 2794 3627 2850 ratione

2066 2883 2224 2938 Pater
2270 2885 2385 2955 ipse
2428 2886 2907 2940 comtuunicaverit
2930 2894 2985 2941 et
3014 2887 3061 2941 ei
3095 2902 3190 2957 per
3223 2887 3645 2957 generationem-

2065 2978 2478 3034 ideutiiicaverit
2497 2977 2640 3033 illam
2660 2980 2831 3050 ipsam
2853 2996 3012 3034 unam
3032 2981 3452 3043 etindividuam,
3470 2996 3646 3051 quam

383 3086 438 3133 et
489 3075 549 3132 S.
585 3076 820 3147 Spiritus
874 3080 1079 3148 pariter
1130 3081 1388 3136 dicuntur
1445 3079 1583 3136 Θεοῦ
1636 3086 1853 3156 llas-po;
1890 3087 1959 3140 τά
1986 3098 2038 3161 c
2067 3071 2181 3141 ipse
2236 3072 2596 3139 originaliter,
2629 3072 2731 3127 hoc
2774 3083 2992 3127 estnon
3024 3072 3243 3126 aliunde
3268 3080 3498 3127 tractam
3543 3073 3639 3128 sed

381 3168 612 3242 δεύτερα
652 3169 819 3243 ἔχειν,
850 3174 1107 3227 secundos
1152 3190 1185 3228 α
1234 3172 1338 3228 Deo
1388 3172 1553 3230 Patre
1591 3175 1809 3233 habere.
1852 3176 1959 3233 Sed

382 3261 587 3317 frustra
614 3265 817 3319 struthi
850 3266 1209 3323 schismatici.
1236 3265 1375 3320 Nam
1408 3266 1564 3339 juxta
1602 3268 1818 3323 Patrum
1851 3280 1957 3325 tam

385 3355 699 3413 Graecorum
729 3372 889 3427 quam
915 3357 1229 3414 Latinorum
1260 3361 1622 3417 orthodoxam
1659 3363 1959 3419 doctrinam

383 3457 676 3516 utrumque
721 3465 907 3507 verum
957 3460 1076 3517 est,
1121 3460 1172 3507 et
1220 3454 1517 3523 procedere
1564 3454 1787 3525 ἁμέσως
1827 3458 1961 3511 citra

385 3539 615 3596 medium
655 3559 685 3596 a
733 3540 895 3598 Patre
935 3554 1182 3598 sanctum
1218 3542 1505 3615 Spiritum,
1535 3555 1589 3603 et
1617 3549 1865 3603 eumdem
1895 3548 1964 3604 δι’

387 3630 541 3698 Υἱὸν,
572 3650 665 3701 per
685 3631 880 3688 Filium
931 3648 960 3687 a
995 3634 1157 3690 Patre
1209 3637 1458 3703 produci.
1504 3637 1652 3707 Apte
1711 3642 1961 3695 conciliat

388 3726 502 3782 liter
532 3726 587 3781 in
623 3728 859 3797 speciem
894 3728 1164 3782 contraria
1203 3729 1469 3785 Ricardum
1500 3728 1832 3797 Victorinus,
1865 3733 1901 3788 1.
1930 3749 1965 3790 v

385 3818 468 3875 De
511 3820 793 3886 Trinitate,
822 3836 870 3875 c.
907 3821 960 3884 6.
999 3822 1355 3876 sim‘litucline
1398 3839 1465 3877 ex
1505 3824 1761 3879 humanis
1799 3839 1965 3896 gene-

386 3910 690 3966 rationibus
720 3913 952 3967 adducta
984 3930 998 3966 2
1034 3910 1279 3969 Procedit
1324 3930 1549 3984 namque
1573 3915 1691 3988 (ait)
1736 3933 1961 3987 persona

384 4007 453 4061 de
489 4022 709 4076 persona
749 4006 1062 4078 quandoque
1105 4008 1314 4077 quidem
1364 4012 1731 4067 tantummodo
1778 4015 1962 4068 inmte-

388 4098 551 4162 diate.
581 4100 893 4170 quandoque
936 4100 1306 4155 tantummodo
1352 4092 1612 4171 'mediate,
1649 4106 1965 4178 quandoque

390 4199 564 4245 autem
626 4192 853 4245 medinte
901 4191 1060 4247 simul
1121 4202 1171 4247 et
1251 4194 1579 4251 immediate.
1648 4196 1961 4266 Exemplum

388 4285 586 4341 deinde
635 4284 999 4353 processionis
1032 4289 1407 4343 tantummodo
1450 4290 1776 4346 immediate;
1814 4294 1964 4362 ponit

392 4377 447 4432 in
496 4379 679 4433 lsaaco
730 4389 978 4445 respectu
1016 4380 1313 4435 Ahrahami
1342 4424 1357 4448 ,
1395 4381 1663 4445 siquidem
1720 4382 1963 4439 lsaacutn

2064 3162 2386 3218 naturaliter
2412 3163 2798 3219 idetttilit-atam
2833 3178 2949 3219 sum
2977 3180 3242 3236 personae,
3276 3164 3438 3220 habet
3468 3164 3638 3234 spira-

2065 3256 2267 3310 tiouem
2325 3254 2578 3320 activam.
2636 3256 2688 3309 in
2723 3270 2851 3325 qua,
2893 3271 2999 3311 non
3053 3256 3226 3311 solum
3270 3256 3322 3311 in
3357 3264 3547 3310 natura
3578 3264 3633 3311 et

2061 3347 2295 3401 essentia
2329 3346 2705 3413 divina,Patcr
2735 3358 2787 3401 et
2812 3346 2983 3403 Filius
3013 3362 3182 3403 unum
3205 3358 3351 3407 sunt.
3371 3349 3639 3403 Audiatur

2063 3450 2311 3496 sanctus
2358 3442 2648 3497 Anselmus
2705 3441 2820 3497 hazc
2874 3442 3157 3513 eleganter
3212 3443 3512 3513 esplicaus,
3564 3442 3637 3497 De

2065 3535 2400 3603 processione
2434 3534 2669 3598 Spiritus
2699 3535 2881 3591 sancti
2908 3535 3045 3591 libro
3088 3551 3105 3592 :
3150 3532 3368 3589 Constat
3417 3536 3639 3603 inexpu-

2062 3627 2266 3697 gnabili
2291 3629 2497 3682 ratione
2528 3627 2783 3699 Spiritum
2812 3639 3053 3684 sanciunt
3076 3647 3188 3685 esse
3220 3629 3284 3684 de
3312 3626 3453 3684 Fiiio
3480 3628 3646 3685 sicuti

2062 3731 2138 3775 est
2173 3723 2236 3775 de
2276 3719 2454 3784 Patre,
2490 3736 2581 3775 nec
2615 3731 2789 3776 tamen
2821 3739 2933 3776 esse
2971 3723 3035 3776 de
3063 3721 3267 3775 duobus
3288 3721 3529 3786 diversis.
3548 3722 3638 3777 sed

2063 3816 2126 3867 de
2154 3830 2279 3869 uno.
2308 3812 2390 3868 Ea:
2415 3829 2475 3868 eo
2504 3815 2638 3867 enim
2666 3814 2805 3884 quod
2842 3810 3073 3869 Pateret
3104 3811 3275 3869 Filius
3308 3830 3468 3868 unum
3497 3825 3638 3879 sunt,

2063 3906 2121 3961 id
2140 3918 2211 3961 est
2232 3923 2297 3961 ex
2320 3907 2447 3974 Deo,
2476 3915 2555 3961 est
2586 3919 2633 3962 et
2666 3907 2900 3977 Spiritus
2929 3920 3164 3969 sanctus.
3189 3925 3292 3961 non
3323 3924 3388 3962 ea:
3415 3923 3474 3962 eo
3501 3908 3639 3963 stude

2064 3997 2156 4050 alii
2188 4005 2311 4052 sunt
2351 3997 2415 4051 ab
2468 3997 2707 4053 invicem.
2729 3996 2835 4054 Sed
2862 4000 3111 4069 quoniam
3145 3998 3307 4066 Deus,
3336 4000 3400 4052 de
3426 4015 3541 4068 quo
3558 4010 3641 4055 est

2065 4087 2298 4156 Spiritus
2340 4102 2580 4156 sanctus,
2614 4099 2692 4146 est
2758 4088 2923 4146 Pater
2980 4102 3028 4147 et
3077 4089 3275 4159 Filius,
3303 4093 3499 4146 idcirco
3525 4108 3640 4147 sere

2064 4183 2259 4237 dicitur
2302 4201 2412 4239 esse
2446 4186 2511 4239 de
2542 4184 2703 4240 Patre
2723 4195 2771 4240 et
2815 4183 2984 4253 Filio,
3019 4187 3111 4258 qui
3148 4187 3254 4241 duo
3298 4195 3443 4242 sunt.
3473 4184 3639 4253 Cupis

2068 4278 2207 4330 ratio
2239 4285 2343 4341 est,
2378 4278 2499 4346 quia
2530 4278 2855 4349 principium
2889 4268 3124 4333 activum
3164 4278 3402 4350 Spiritus
3442 4279 3637 4341 sancti,

2066 4372 2183 4426 sive
2205 4370 2435 4441 spiratio
2464 4372 2663 4438 activa,
2694 4372 2960 4441 ejusmodi
2994 4373 3244 4443 qutedam
3279 4373 3359 4427 vis
3387 4382 3492 4436 est.
3522 4388 3641 4444 qut

392 4472 705 4527 ίιηηιεηεεια
746 4472 1087 4530 Αιη-ηιηηιηε
1137 4477 1356 4546 Βεηηῖι;
1406 4476 1778 4543 ωοοεεεῖοηίε
1829 4491 1959 4531 vero
1990 4465 2035 4520 D
2065 4473 2122 4517 ut
2158 4464 2210 4518 in
2247 4474 2431 4519 actum
2471 4475 2629 4520 exeat
2664 4466 2832 4537 exigit
2863 4465 3194 4521 itieutillcari
3236 4467 3486 4537 personis
3511 4469 3641 4522 dua-

303 4593 305 4596 e
393 4565 770 4620 tantummodo
822 4553 1070 4620 medietas
1117 4566 1169 4619 in
1214 4564 1419 4622 Iacobo
1474 4577 1722 4637 respectu
1784 4568 1959 4623 Abra-

394 4652 573 4721 bami;
609 4667 730 4707 nam
756 4652 989 4709 lacubus
1016 4658 1450 4725 patriarcharum
1476 4658 1759 4713 duodecim
1785 4670 1958 4728 pater,

396 4746 628 4800 mediate
659 4754 866 4799 tantum
891 4747 957 4801 ab
985 4746 1298 4805 Abrahamo
1323 4758 1405 4804 est
1431 4749 1666 4820 genitus,
1692 4764 1961 4826 quatenus

384 4836 562 4891 illium
588 4838 878 4893 Abrahami
907 4840 1152 4895 lsaacum
1177 4854 1382 4911 patrem
1412 4843 1620 4909 habuit,
1650 4845 1765 4912 ipse
1791 4845 1962 4899 Abra-

394 4930 538 4986 hami
587 4946 773 5002 nepos.
810 4932 925 4989 Hoc
970 4936 1209 4991 secundo
1256 4938 1413 4991 modo
1472 4952 1602 4992 vere
1656 4948 1883 5005 negatur
1933 4956 1961 4993 a

394 5025 705 5079 doctoribus
736 5028 1021 5083 catholicis
1062 5040 1312 5083 sanctum
1360 5028 1625 5098 Spiritum
1662 5032 1889 5085 mediate
1934 5048 1961 5085 a

396 5114 558 5171 Patre
596 5118 907 5185 proet'dcre.
940 5120 1041 5171 Sed
1072 5130 1158 5175 est
1193 5121 1298 5174 alia
1344 5123 1619 5189 processio
1650 5122 1963 5177 inuuediata

396 5208 556 5263 simul
589 5219 641 5263 et
685 5211 949 5275 tuediata,
990 5211 1143 5281 Cujus
1181 5211 1413 5267 fortnam
1470 5212 1733 5270 liicardus
1781 5216 1965 5269 statuit

397 5303 448 5356 in
482 5302 829 5371 generatione
860 5302 1011 5359 Sethi
1069 5322 1133 5359 ex
1186 5307 1393 5360 Adamn
1416 5317 1467 5361 et
1502 5309 1629 5362 Eva.
1667 5307 1796 5362 Nam
1830 5324 1967 5377 quo-

396 5410 540 5448 tnatu
576 5393 684 5448 Era
740 5411 803 5449 ex
860 5396 1066 5449 Adamn
1100 5404 1475 5465 probasserat,
1526 5398 1710 5464 utique
1744 5413 1805 5452 cx
1850 5398 1966 5467 ejus

380 5497 543 5541 costa
604 5486 855 5553 formata,
906 5487 1053 5543 Setlti
1104 5490 1411 5557 productio
1447 5506 1541 5559 per
1602 5491 1765 5544 Evam
1826 5490 1964 5544 iacta

397 5580 633 5633 metliata
665 5590 891 5635 eatenus
922 5595 1167 5651 respectu
1206 5583 1396 5638 Adami
1428 5584 1528 5639 fuit
1569 5603 1583 5639 :
1624 5600 1807 5638 verum
1840 5587 1965 5654 quia

390 5673 537 5730 idem
574 5672 928 5729 nihilominus
975 5675 1212 5731 Adamus
1247 5694 1341 5748 per
1366 5694 1425 5733 se
1456 5679 1522 5732 ad
1550 5678 1694 5732 illam
1742 5693 1968 5747 genera-

376 5768 601 5826 tionem
642 5767 940 5836 concurrit,
985 5768 1292 5827 immediate
1326 5773 1513 5829 eadem
1560 5773 1767 5830 Adanto
1800 5773 1966 5830 exsti-

2062 4559 2181 4619 lius,
2212 4573 2444 4627 quarum
2486 4574 2592 4612 una
2635 4575 2700 4614 ex
2730 4560 2899 4614 altera
2931 4560 3282 4631 processerit.
3318 4558 3473 4615 Unde
3515 4576 3642 4616 catt-

2061 4665 2177 4703 saut
2216 4652 2417 4716 reperit
2452 4651 2716 4707 Ricardns
2746 4651 3078 4716 Victorinus.
3105 4653 3141 4707 l.
3188 4668 3217 4705 v
3245 4652 3320 4707 De
3362 4651 3639 4717 Trinitale.

2063 4758 2111 4797 c.
2142 4743 2197 4808 7,
2225 4758 2325 4798 cur
2358 4744 2551 4799 ordine
2596 4744 2869 4814 posterior
2894 4745 2965 4799 sit
2996 4745 3274 4813 processio
3299 4748 3472 4799 sancti
3517 4747 3641 4816 Spi-

2067 4836 2202 4888 ritus
2254 4820 2602 4903 procesttione
2639 4834 2763 4890 Filii
2800 4853 2813 4888 :
2850 4832 3188 4892 Naturaliter
3238 4837 3460 4909 (inquit)
3498 4839 3644 4906 prior

2063 4938 2141 4980 est
2195 4930 2432 4983 dualitas
2479 4947 2641 5000 quam
2692 4931 2951 4986 trinitas:
3004 4947 3127 4985 nant
3170 4931 3267 4985 illa
3323 4943 3490 4999 potest
3532 4951 3643 4988 esse

2068 5024 2179 5078 sine
2212 5026 2336 5089 ista,
2372 5026 2476 5079 ista
2530 5042 2648 5081 vero
2691 5043 2961 5096 nunquam
3004 5026 3115 5080 sine
3148 5026 3269 5080 illa.
3310 5027 3645 5083 Naturaltter

2069 5114 2244 5183 itaque
2274 5125 2319 5168 et
2351 5117 2611 5181 processio
2641 5116 2787 5187 prior
2814 5127 2911 5181 est,
2940 5133 3056 5188 qua:
3084 5128 3246 5185 potest
3279 5118 3560 5174 subsistere
3592 5122 3644 5173 in

2066 5223 2407 5276 personarum
2438 5211 2719 5276 dualitate,
2753 5228 2907 5280 quant
2940 5210 3055 5272 illa,
3074 5226 3191 5279 quw
3218 5227 3321 5264 non
3350 5221 3517 5269 potest
3534 5229 3646 5266 esse

2070 5302 2184 5355 sine
2242 5320 2583 5371 personarum
2670 5306 2930 5359 trinitate.
2998 5304 3137 5358 llinc
3199 5305 3515 5374 intelligitur
3591 5305 3643 5358 id

2073 5396 2215 5463 quod
2270 5396 2446 5450 innuit
2508 5399 2685 5451 veritis
2723 5413 2887 5465 supra
2921 5398 3211 5467 descriptis
3243 5394 3473 5457 Verene.
3512 5414 3644 5467 pro-

2074 5488 2354 5557 prietatem
2412 5504 2538 5544 esse
2596 5490 2963 5544 distiuctivam
3039 5492 3407 5559 processimus
3446 5491 3567 5546 Filii
3610 5507 3641 5546 a

2073 5584 2419 5653 proccssioue
2476 5582 2711 5651 Spiritus
2765 5584 2962 5645 sancti.
3018 5583 3160 5651 quod
3206 5582 3376 5638 Fiius
3420 5586 3641 5654 quidem

2072 5676 2331 5747 procedat
2353 5676 2420 5731 ab
2442 5694 2547 5731 uno
2573 5676 2687 5732 solo
2710 5678 2976 5747 principio
2999 5680 3139 5749 quod
3160 5686 3215 5732 et
3235 5694 3362 5747 quo,
3392 5678 3459 5733 ab
3483 5680 3644 5737 unica

2073 5769 2326 5827 nimirum
2389 5784 2621 5841 persona
2678 5770 2880 5839 divina,
2935 5769 3116 5838 Patre,
3165 5777 3217 5827 ct
3270 5786 3366 5841 per
3423 5771 3637 5829 unicam
