4004 6234
398 346 496 413 801

1907 349 2151 412 NOTﬁ.

3553 353 3665 426 802

394 463 799 534 generationem
873 465 1108 520 activam
1169 463 1746 522 incommunicabliem
1817 467 1974 523 alteri
2012 472 2048 526 Α
2081 468 2207 538 poni
2241 475 2449 537 poterat
2483 467 2613 522 illud
2649 466 2850 526 Christi
2884 469 2952 527 ad
2983 467 3360 540 Nicodemnm,
3389 473 3549 531 Joan.
3573 492 3659 536 tu.

391 573 657 629 personae,
695 557 932 630 Spiritus
966 573 1096 616 vero
1145 568 1370 615 sanctus
1400 561 1658 632 procedat
1689 572 1743 618 et
1781 578 1972 633 proce—

381 652 515 706 dere
563 651 746 721 exigat
797 666 893 719 per
940 652 1162 707 unicum
1206 653 1424 722 quidem
1457 654 1621 725 739
1647 655 1969 724 principium

382 760 511 814 quo,
559 760 757 814 nempe
810 747 1151 815 spirationem
1187 748 1410 801 acticam
1464 749 1676 803 unicam
1739 750 1971 806 indivise

387 850 741 907 propagatam
779 853 845 892 ex
879 837 1039 894 Patre
1088 839 1144 893 in
1197 837 1422 906 Filium,
1474 851 1656 896 tamen
1694 858 1722 896 a
1761 844 1968 900 duobus

387 929 671 999 principiis
701 930 863 1000 quod,
897 930 1130 1000 geminis
1164 931 1415 986 videlicet
1447 932 1717 1002 personis,
1737 949 1967 1002 quarum

387 1022 475 1078 ubi
509 1024 662 1091 prior
689 1024 845 1078 alteri
871 1023 1366 1080 communicaverit
1398 1027 1504 1080 vim
1550 1028 1821 1097 propriam
1856 1029 1971 1097 spi-

388 1117 567 1185 randi,
595 1119 765 1173 smine
792 1118 1180 1188 conspirantes
1228 1135 1325 1190 per
1365 1135 1524 1175 unam
1581 1121 1967 1176 indivisibilem

383 1213 757 1282 operationem
823 1213 1126 1281 producant
1186 1215 1407 1268 tertiam
1467 1230 1791 1282 personam,
1847 1231 1970 1285 qua:

383 1314 609 1360 sanctus
636 1315 721 1360 est
753 1305 1012 1374 Spiritus.
1041 1307 1218 1377 Atque
1255 1307 1372 1364 haec
1412 1317 1491 1365 est
1517 1310 1604 1365 illa
1641 1315 1779 1363 ratio
1818 1313 1972 1382 cli/fe-

383 1399 568 1453 rentia:
604 1415 764 1469 quam
797 1399 995 1472 allegat
1032 1401 1119 1455 hic
1151 1399 1378 1469 Veccus,
1405 1418 1523 1457 eam
1567 1405 1785 1459 obstare
1815 1409 1968 1458 aiens

379 1493 678 1562 quominus
729 1493 842 1547 dici
905 1495 1076 1564 possit
1123 1495 1368 1564 Spiritus
1424 1497 1671 1551 continue
1719 1514 1780 1550 ex
1808 1496 1970 1552 Patre

381 1585 670 1656 προπχῶς
701 1587 765 1639 ἐκ
793 1585 885 1640 τοῦ
919 1587 1163 1660 Πατρός,
1207 1589 1349 1658 quod
1379 1591 1612 1658 sumpsit
1659 1607 1720 1645 es
1763 1590 1955 1658 Grego-

379 1679 466 1733 rio
507 1677 753 1751 Nysseno
787 1681 840 1735 in
871 1682 1103 1751 epistola
1155 1688 1220 1736 ad
1272 1682 1580 1748 Ablabium,
1610 1686 1751 1737 unde
1796 1693 1967 1737 tomm

378 1771 534 1827 hunc
579 1774 755 1829 locum
791 1775 949 1843 juvat
980 1775 1068 1830 hic
1095 1777 1428 1846 descriptum
1465 1790 1768 1848 prepouere
1804 1795 1817 1831 :
1855 1777 1962 1831 Τοῦ

377 1863 437 1928 ἐξ
473 1865 660 1928 αἰτίας
682 1865 834 1930 δντος
862 1867 1026 1921 πάλιν
1057 1868 1230 1939 ἄλλην
1259 1868 1526 1940 διαφορὰν
1557 1869 1874 1939 ἐννοοῦμεν·
1901 1870 1962 1923 τὸ

374 1955 484 2028 μὲν
539 1961 649 2030 γὰρ
702 1960 993 2031 προσεχῶς
1022 1962 1087 2015 ὲκ
1131 1960 1226 2015 τοῦ
1276 1960 1522 2028 πρώτου,
1553 1963 1612 2017 τὸ
1642 1963 1700 2016 δὲ
1739 1963 1828 2017 διὰ
1870 1962 1964 2016 τοῦ

377 2050 674 2122 προσεχῶς
698 2066 714 2082 ο
752 2050 886 2123 Ejus
923 2057 1062 2120 quod
1099 2071 1162 2109 ea:
1187 2055 1447 2125 principio
1478 2069 1551 2110 est
1585 2073 1771 2110 rursus
1798 2057 1965 2110 aliam

371 2145 739 2215 Ili/Terentiam
795 2146 1166 2217 intelligimus.
1225 2146 1367 2202 Nam
1415 2149 1562 2203 aliud
1604 2151 1850 2204 continue
1903 2168 1968 2205 ea:

374 2243 552 2309 primo
581 2251 678 2303 est,
711 2241 862 2295 aliud
891 2257 1010 2296 vero
1059 2258 1151 2309 per
1181 2242 1316 2296 illud
1345 2243 1483 2312 quod
1512 2254 1588 2297 est
1627 2246 1874 2299 continue
1904 2262 1967 2306 ea:

373 2333 572 2400 primo.
602 2329 752 2387 Unde
781 2334 964 2387 statim
999 2334 1160 2388 infert
1198 2331 1477 2404 Nyssentts
1503 2336 1670 2403 idem,
1699 2337 1840 2391 ὥστε
1873 2341 1967 2392 καὶ

376 2423 440 2477 τὸ
493 2425 786 2495 μονογενὲς
828 2426 1205 2496 ἀναμφίόο).ον
1261 2427 1358 2481 ἐπὶ
1409 2427 1506 2481 τοῦ
1559 2429 1691 2482 Υῐοῦ
1752 2431 1962 2501 μένειν.

380 2515 494 2574 lloc
537 2518 657 2573 loco
710 2521 999 2589 μονογενὲς
1036 2534 1143 2572 non
1197 2520 1339 2574 idem
1375 2521 1518 2589 quod
1560 2520 1749 2578 Latine
1781 2525 1965 2594 unige-

378 2610 551 2664 nitum
603 2618 778 2674 sonat,
815 2611 933 2676 sed,
963 2619 1124 2681 prout
1172 2612 1384 2666 erudite
1434 2613 1580 2668 hunc
1617 2617 1791 2684 ipsum
1827 2616 1964 2690 Nys-

376 2701 496 2757 seni
527 2704 708 2756 locum
755 2712 996 2759 tractans
1032 2705 1268 2774 explicat
1296 2704 1514 2760 Mannel
1544 2708 1789 2774 Calecas,
1827 2726 1874 2762 c.
1908 2712 1962 2774 5,

376 2794 654 2866 significat
701 2795 756 2849 id
805 2798 944 2862 quod
999 2813 1163 2852 unum
1192 2815 1256 2852 ex
1285 2815 1388 2852 uno
1427 2800 1756 2870 producitur.
1787 2801 1960 2858 Verba

375 2899 506 2946 sunt
552 2888 762 2945 Caleca:
795 2907 808 2944 :
843 2891 947 2946 Kal.
976 2891 1036 2946 τὸ
1068 2895 1364 2963 μονογενὲς
1414 2894 1790 2964 ἁναμφιῦόλου
1825 2897 1964 2968 (lege

374 2984 794 3056 ἀναμφιϐόλως)
842 2987 935 3040 ἰπὶ
967 2985 1060 3040 τοῦ
1092 2987 1227 3041 Υἱοῡ
1280 2979 1453 3059 μένει.
1511 2989 1689 3053 Μόνος
1740 2991 1848 3058 γὰρ
1899 2993 1962 3044 ἐκ

379 3077 580 3149 μόνου,
610 3079 731 3132 ἐπεὶ
760 3078 921 3151 μέχρι
942 3080 1137 3133 τούτου
1173 3081 1391 3152 τστησιν
1419 3083 1447 3134 ὁ
1477 3081 1634 3149 λόγος
1657 3085 1756 3151 τῆς
1789 3084 1964 3154 ὑπὰρο

373 3169 514 3236 ξεως
549 3172 720 3228 αὑτοῦ
754 3174 816 3227 τὸ
848 3174 1072 3244 ἰδίωμα·
1114 3174 1419 3245 Monogenis
1451 3175 1640 3230 titulus
1667 3178 1777 3230 sine
1803 3178 1960 3230 dubio

375 3263 528 3319 Filio
555 3267 800 3334 proprius
842 3278 1012 3322 manet
1044 3282 1063 3321 :
1091 3267 1234 3322 solus
1263 3270 1397 3322 enim
1430 3287 1494 3323 es:
1525 3270 1638 3331 solo
1664 3279 1762 3339 est,
1793 3288 1958 3342 quan-

369 3360 656 3431 doquidem
715 3369 928 3414 eatenus
973 3360 1267 3415 orthodoxa
1317 3362 1559 3417 doctrina
1631 3365 1768 3421 sistit
1813 3365 1956 3418 illius

369 3453 701 3510 exsistentiie
753 3453 1148 3521 proprietatem.
1185 3452 1446 3508 Potui-rat
1514 3455 1612 3509 hoc
1664 3456 1958 3525 Gregorius

372 3543 656 3618 Nyssenus
710 3545 968 3601 didicisse
1021 3562 1048 3601 a
1090 3549 1310 3604 seniore
1341 3547 1508 3603 fratre
1543 3549 1773 3615 Basilio,
1804 3551 1958 3619 cujus

371 3651 560 3700 exstat
610 3640 675 3696 ad
724 3641 946 3696 fratrem
978 3638 1279 3714 Nyssenum
1315 3645 1567 3713 cpistola,
1603 3645 1653 3698 iu
1705 3659 1808 3714 qua
1841 3647 1957 3699 lucc

373 3737 628 3807 leguntur
661 3753 678 3789 :
719 3734 781 3787 Ὀ
830 3733 886 3787 δὲ
922 3733 1073 3797 Υἱὸς,
1106 3735 1134 3787 ὁ
1171 3734 1232 3787 τὸ
1281 3735 1344 3788 ἐκ
1395 3735 1490 3788 τοῦ
1546 3738 1760 3806 [ἰατρὸς
1796 3737 1959 3790 ἐκπο-

372 3830 677 3901 ρευόμενον
710 3827 934 3899 Πνεῦμα
977 3826 1049 3880 δι’
1079 3825 1276 3880 ἑαυτοῦ
1313 3827 1410 3879 καὶ
1443 3828 1563 3897 μεθ’
1597 3827 1792 3882 ἑαυτοῦ
1819 3845 1958 3896 γνω-

371 3921 568 3995 ρίζων,
609 3921 769 3992 μόνος
814 3919 1121 3992 μονογενῶς
1173 3922 1237 3974 ἐκ
1293 3920 1388 3973 τοῦ
1432 3920 1730 3995 ἀγεννήτου
1781 3921 1957 3991 φωτὸς

369 4014 683 4087 ἐκλάμψας,
707 4014 967 4084 οὐδεμίαν
997 4012 1139 4068 κατὰ
1174 4013 1236 4067 τὸ
1267 4010 1471 4081 ἰδιάζον
1502 4013 1612 4068 τῶν
1642 4017 1960 4086 γνωρισμά-

368 4127 481 4164 των
508 4110 611 4179 τὴν
641 4108 930 4162 κοινωνίαν
962 4107 1078 4178 ἔχει
1111 4106 1249 4178 πρὸς
1282 4107 1374 4161 τὸν
1409 4107 1628 4178 Πατέρα
1660 4107 1693 4178 ἢ
1727 4108 1860 4178 πρὸς
1895 4109 1958 4162 τὸ

370 4201 608 4272 Πνεῦμα
631 4202 694 4256 τὸ
721 4200 910 4270 ἅγιονο
943 4198 1125 4254 Filius
1180 4216 1322 4266 vero,
1367 4201 1456 4268 sui
1507 4215 1572 4254 ea:
1626 4198 1785 4253 Patre
1833 4218 1959 4270 pro-

366 4296 696 4367 gredientens
719 4293 973 4365 Spiritum
1004 4311 1100 4364 per
1128 4310 1183 4348 se
1206 4295 1378 4363 ipsum
1405 4305 1449 4347 et
1470 4295 1522 4348 in
1549 4310 1601 4347 se
1631 4294 1745 4364 ipso
1776 4304 1957 4348 notum

368 4391 531 4459 facit,
561 4388 707 4443 solus
757 4389 980 4459 unigena
1015 4388 1170 4442 modo
1198 4404 1262 4442 ea:
1290 4389 1524 4457 ingenita
1571 4391 1685 4442 luce
1727 4389 1958 4458 resplen-

364 4485 522 4551 dens,
550 4481 750 4537 nullam
773 4481 1061 4536 secundum
1092 4481 1464 4551 proprietatem
1499 4481 1770 4535 notionunt
1815 4497 1958 4534 com-

365 4577 670 4630 munionem
713 4573 866 4630 habet
911 4590 1032 4628 cum
1067 4572 1234 4628 Patre
1274 4582 1366 4626 aut
1398 4573 1607 4644 Spiritu
1644 4583 1846 4626 sancto.
1878 4570 1957 4626 Ex

365 4671 570 4736 quibus
601 4668 856 4724 omnibus
893 4678 1062 4738 patet,
1090 4669 1244 4736 juxta
1276 4666 1582 4722 doetrinam
1631 4667 1953 4721 catholicam

364 4764 617 4831 Patrum,
656 4761 1166 4818 characteristicam
1222 4775 1347 4816 esse
1403 4760 1785 4830 proprietatem
1833 4757 1953 4812 Filii

362 4855 583 4920 aeterni,
623 4869 727 4924 qua
775 4867 826 4909 et
863 4869 890 4907 a
943 4853 1100 4908 Patre
1139 4862 1194 4907 et
1224 4868 1251 4906 a
1286 4850 1492 4922 Spiritu
1535 4863 1728 4908 sancto
1759 4852 1956 4906 distin-

365 4949 574 5020 guitur,
607 4949 674 5004 ab
723 4965 827 5002 uno
877 4949 1180 5019 procedere,
1212 4948 1327 5002 sive
1363 4957 1421 5000 ut
1462 4946 1703 5015 loquitur
1742 4943 1954 4998 Manucl

363 5047 626 5113 Galccas,
684 5046 847 5118 μόνον
894 5049 958 5099 ἐκ
1010 5045 1196 5116 μόνου,
1242 5046 1411 5100 solum
1461 5059 1523 5097 ea:
1565 5041 1675 5096 sola
1706 5041 1951 5111 produci.

365 5142 487 5197 lloc
537 5140 678 5197 idem
725 5149 809 5195 est
844 5140 986 5209 quod
1025 5138 1234 5194 Veccus
1277 5153 1344 5194 ex
1392 5135 1635 5208 Nysseno
1684 5135 1789 5189 hoc
1835 5133 1955 5187 loco

365 5243 530 5290 vocat
556 5251 668 5290 esse
699 5231 903 5287 Filium
942 5233 1189 5286 continue
1219 5247 1284 5285 ex
1314 5229 1492 5285 Patre.
1524 5228 1810 5283 Notionem
1856 5242 1950 5279 au~

369 5339 478 5382 tem
526 5341 590 5382 ac
639 5325 1030 5398 proprietatem
1073 5324 1282 5395 pariter
1313 5322 1678 5378 distinctivam
1716 5319 1955 5389 Spiritus

369 5421 544 5476 sancti
575 5436 692 5476 esse
721 5419 939 5489 produci
965 5435 1056 5488 per
1081 5435 1198 5473 eum
1218 5418 1308 5488 qui
1341 5418 1583 5471 continue
1606 5415 1834 5471 ezPatrc
1855 5423 1953 5478 est,

371 5516 475 5570 hoc
512 5525 617 5578 est,
653 5513 991 5568 identificata
1038 5511 1248 5568 duabus
1307 5512 1552 5580 personis
1590 5521 1646 5563 et
1698 5525 1727 5561 a
1781 5507 1953 5576 prima

369 5608 528 5663 alteri
559 5607 956 5663 communicata
987 5606 1288 5674 spiratione
1324 5603 1568 5674 produci.

444 5699 544 5774 [P.
574 5697 784 5772 5‘18]P.
826 5698 914 5755 97.
950 5699 1036 5754 Ita
1062 5716 1180 5755 vero
1210 5696 1352 5769 loqui
1383 5716 1483 5756 non
1516 5700 1818 5766 didicimus,
1849 5709 1955 5754 etc.

379 5793 713 5865 Responsum
747 5803 829 5848 est
858 5793 1211 5848 Alexandrini
1261 5792 1586 5860 patriarcha:
1623 5809 1688 5848 ex
1725 5793 1950 5858 lectulo,

379 5901 509 5943 sane
527 5885 948 5943 somniculosum
975 5893 1028 5941 ct
1054 5885 1494 5942 oscitabundum.
1530 5886 1626 5942 Cui
1655 5885 1845 5942 merito
1876 5903 1961 5943 rc-

2083 562 2150 618 10
2177 584 2188 617 :
2218 561 2293 616 Tu
2325 579 2377 617 es
2408 565 2663 636 magister
2695 565 2752 618 in
2775 563 2970 629 Israel,
3003 577 3050 620 et
3078 566 3186 620 haac
3215 568 3468 638 ignoras?
3497 570 3661 644 740

2079 653 2233 719 Quod
2267 662 2447 706 autem
2490 663 2650 724 negat
2675 669 2734 716 se
2767 655 2844 708 ita
2881 656 3020 726 loqui
3054 659 3322 726 didicisse,
3358 653 3509 732 culpa
3541 667 3659 734 ejus

2079 757 2183 812 est,
2221 744 2362 813 quod
2399 747 2598 817 scripta
2634 749 3018 814 magistrorum
3045 767 3150 806 non
3175 752 3475 824 lcgissctut
3498 756 3663 810 debu-

2078 847 2216 904 erat,
2256 839 2472 893 Patrum
2505 840 2763 895 nimirum
2795 844 3169 912 antiquorum,
3202 847 3290 900 ubi
3327 863 3443 915 quae
3475 849 3662 904 affere-

2076 929 2168 984 bat
2198 928 2406 985 Veccus
2434 932 2741 986 invenerat.
2771 933 2875 989 Sed
2902 934 3059 1005 longe
3093 937 3341 996 inscitius
3369 940 3526 1008 hujus
3580 942 3662 995 di-

2077 1031 2221 1075 ctum
2277 1023 2507 1077 refertur
2538 1022 2708 1088 infra,
2759 1026 2846 1079 ubi
2895 1027 3274 1082 schisniaticus
3327 1031 3430 1084 iste
3476 1029 3662 1087 drlinit

2077 1113 2329 1169 haeresim
2366 1117 2604 1187 reputari
2641 1118 2701 1170 τὸ
2736 1120 2991 1191 συνιστᾷν
3024 1117 3199 1173 Θέλειν
3229 1120 3516 1193 ἀσύνηθες,
3555 1125 3658 1176 κᾶν

2075 1208 2312 1278 ἀσφαλὲς
2339 1206 2428 1281 ἦν,
2471 1210 2711 1266 stabilire
2745 1212 2874 1268 velle
2924 1213 3190 1269 insuetum
3228 1217 3524 1288 quippiam,
3560 1221 3659 1273 etsi

2075 1319 2321 1357 securum
2380 1305 2471 1360 sit.
2503 1303 2622 1373 Quo
2654 1306 2996 1377 iniquissimo
3031 1311 3211 1365 edicto
3241 1326 3430 1368 omnes
3466 1312 3658 1367 Eccle-
3719 1317 3723 1321 '

2073 1396 2167 1450 size
2198 1393 2412 1460 Patres,
2447 1411 2634 1451 omnes
2667 1396 2925 1468 theologi,
2954 1414 3147 1454 omnes
3181 1416 3462 1456 sacrorqu
3498 1403 3660 1458 libro-

2080 1507 2198 1544 rum
2235 1492 2535 1561 inteprctes
2572 1493 2622 1548 in
2659 1493 3036 1547 haereticorum
3084 1495 3354 1563 ergastula
3405 1497 3656 1563 compin«

2076 1592 2298 1653 gunlur.
2337 1583 2544 1650 Quotus
2593 1585 2737 1640 enim
2787 1585 3016 1655 quisque
3052 1586 3265 1641 illorum
3318 1602 3422 1642 non
3455 1587 3654 1658 aliquid

2075 1675 2278 1745 profert
2310 1677 2594 1745 insuetum,
2630 1676 2811 1732 idiotis
2832 1677 3130 1748 prmaertim
3159 1687 3253 1733 aut
3284 1681 3335 1733 in
3362 1679 3538 1735 studio
3569 1698 3656 1735 sa-

2076 1781 2184 1820 crae
2222 1768 2486 1822 doctrinae
2530 1767 2891 1838 negligentius
2937 1772 3187 1837 versatis,
3236 1772 3446 1842 qualem
3476 1788 3534 1828 se
3566 1773 3655 1828 hic

2067 1858 2373 1928 patriarcha
2397 1860 2778 1916 schismaticus
2801 1863 2977 1931 prodit
3012 1862 3036 1916 ?

2142 1952 2274 2007 lbid.
2314 1953 2410 2008 Ubi
2433 1953 2572 2008 enim
2604 1955 2723 2023 plus
2754 1957 2896 2009 clare
2923 1956 3365 2024 deprehendatur,
3391 1969 3496 2014 etc.
3525 1962 3654 2018 Ver-

2072 2045 2136 2102 ba
2170 2059 2294 2101 sunt
2315 2048 2902 2118 Constantinopolitani
2927 2052 3249 2119 patriarchte
3269 2053 3516 2124 Gregorii
3546 2057 3652 2128 Οἴη

2073 2143 2198 2210 prii,
2229 2158 2350 2212 qua:
2387 2142 2537 2198 illum
2572 2145 2866 2199 ostendunt
2897 2147 3066 2201 nihilo
3097 2157 3187 2201 aut
3223 2148 3520 2204 doctiorem
3556 2161 3651 2205 aut

2078 2235 2500 2292 moderatiorem
2554 2239 2853 2295 Athanasio
2903 2241 3004 2296 ista
3049 2242 3436 2308 Alexandrino,
3487 2259 3645 2315 quem

2073 2330 2234 2382 modo
2289 2331 2625 2388 notavimus.
2658 2331 2912 2389 Profecto
2964 2336 3135 2398 enim,
3170 2337 3213 2389 si
3243 2351 3305 2390 ex
3357 2351 3511 2406 atque
3564 2353 3650 2391 re-

2071 2423 2370 2490 spondente
2393 2423 2479 2478 vel
2513 2424 2672 2480 fama:
2703 2442 2808 2496 qua
2845 2427 3244 2494 celebrabatur,
3286 2429 3368 2483 vel
3399 2431 3644 2499 dignitati

2071 2531 2170 2580 qua
2213 2515 2475 2587 fulgebat,
2513 2527 2658 2574 esset
2688 2520 2992 2579 eruditione
3037 2522 3315 2591 praeditus,
3352 2539 3458 2577 non
3498 2526 3649 2591 igno-

2072 2618 2218 2662 raret
2248 2624 2365 2676 qum
2395 2611 2458 2663 de
2506 2610 2818 2666 immediata
2849 2611 3011 2666 simul
3051 2623 3106 2668 et
3152 2614 3385 2669 mediata
3422 2630 3646 2684 proces-

2067 2701 2222 2755 sione
2272 2701 2449 2755 sancti
2504 2700 2739 2773 Spiritus
2795 2718 2856 2757 ex
2905 2702 3066 2759 Patre
3122 2714 3352 2770 veteres,
3393 2716 3449 2761 ut
3486 2709 3645 2775 paulo

2066 2791 2312 2859 superius
2347 2794 2701 2859 ostendimus,
2731 2793 2984 2850 Ecclesia:
3011 2798 3261 2853 doctores
3289 2813 3482 2867 magno
3513 2813 3644 2852 con-

2066 2897 2229 2937 sensu
2265 2884 2520 2946 tradunt;
2560 2893 2612 2939 et
2651 2885 2839 2941 sicam
2873 2888 3233 2942 reverentiam
3266 2889 3503 2959 antiquis
3535 2889 3643 2943 Pa-

2068 2975 2241 3031 trihus
2286 2976 2552 3033 tribueret
2583 2994 2744 3048 quam
2783 2979 2852 3034 iis
2896 2994 2926 3033 a
2971 2981 3240 3037 catholico
3288 2983 3500 3052 quovis,
3534 3000 3647 3037 Ina-

2066 3068 2210 3123 xime
2243 3079 2423 3124 autem
2483 3070 2774 3141 episcopis,
2812 3071 3014 3128 deferri
3061 3087 3162 3144 par
3210 3084 3313 3137 est,
3369 3090 3642 3143 nunquam

2066 3163 2359 3232 nugatoria:
2393 3165 2732 3232 loquacitatis
2764 3165 3132 3235 plenissimam
3166 3167 3390 3230 diceret,
3422 3183 3581 3236 quam
3613 3185 3642 3222 τι

1991 3255 2028 3309 C
2065 3266 2254 3311 sancto
2301 3255 2563 3326 Gregorio
2614 3258 2856 3330 Nysseno
2901 3260 3121 3316 disertis
3155 3259 3410 3317 aﬂirmari
3458 3262 3642 3316 verbis

2059 3350 2388 3406 sententiam
2422 3351 2701 3408 fateretur.

2133 3442 2190 3495 1⁷.
2229 3442 2317 3498 98.
2357 3443 2610 3498 Fatcmur
2639 3446 3005 3513 temeritatem,
3039 3456 3085 3501 et
3122 3447 3323 3502 ueniant
3355 3446 3640 3516 poscimus.

2063 3531 2237 3590 Verba
2281 3547 2408 3592 sunt
2467 3535 2648 3602 Yecci,
2695 3541 2748 3593 in
2784 3539 2981 3610 quibus
3032 3542 3112 3594 vel
3167 3541 3344 3595 ironia
3391 3540 3639 3609 quaedam

2060 3634 2400 3700 agnoscenda
2445 3631 2606 3686 tacita
2642 3641 2744 3696 est,
2780 3632 2860 3684 vel
2891 3633 3173 3702 permissio
3204 3636 3512 3690 necessaria
3541 3635 3640 3687 ho-

2063 3721 2194 3773 mini
2237 3736 2455 3775 causam
2490 3731 2753 3777 accusata:
2785 3724 3120 3780 calumniose
3145 3726 3463 3780 innocentiae
3496 3724 3640 3792 apud

2061 3825 2462 3884 praeoccupatos
2497 3832 2681 3871 errore
2742 3816 3022 3876 iucurabili
3060 3819 3273 3889 iudices
3310 3819 3511 3889 agenti.
3551 3816 3644 3871 νὶ-

2058 3900 2219 3963 debat
2259 3909 2348 3966 ille
2384 3925 2543 3965 ruere
2592 3909 2876 3966 manifeste
2902 3922 2955 3966 et
3005 3911 3457 3982 iuconsequeuter
3492 3912 3640 3980 loqui

2061 4002 2446 4071 patriarcham,
2503 4005 2594 4057 sed
2629 4018 2694 4058 eo
2750 4004 3042 4074 supercilio
3075 4013 3135 4057 ut
3187 4019 3245 4059 se
3285 4006 3484 4059 revinci
3530 4020 3636 4065 non

2061 4106 2344 4161 passurum
2380 4103 2688 4165 appareret.
2725 4094 2945 4151 Frustra
2988 4094 3156 4166 igitur
3190 4095 3559 4161 contenderet,
3586 4097 3638 4151 si

2061 4186 2336 4240 vindicare
2359 4203 2388 4240 a
2418 4187 2684 4240 calumnia
2713 4187 3036 4256 nugacitatis
3065 4187 3295 4260 impacta
3328 4203 3640 4260 usquequa-

2062 4295 2167 4347 que
2202 4280 2559 4335 orthodoxam
2610 4279 2841 4352 Nysseni
2880 4281 3178 4334 doctrinam
3215 4291 3550 4349 conaretur;
3583 4292 3638 4337 et

2063 4371 2276 4427 interim
2327 4373 2672 4428 occasionem
2723 4375 2965 4444 perderet
3002 4390 3060 4429 se
3091 4390 3155 4429 ac
3198 4390 3322 4429 suos
3359 4375 3426 4430 ab
3459 4381 3637 4430 lucre-

2060 4481 2181 4522 seos
2223 4465 2446 4520 infamia
2485 4467 2770 4537 purgandi.
2819 4465 3242 4522 Usitatissimum
3279 4468 3522 4536 patronis
3552 4478 3635 4522 est

2061 4576 2184 4616 reos
2223 4561 2274 4614 in
2303 4561 2504 4631 judicio
2530 4560 2960 4626 defendentibus,
2995 4573 3277 4631 postquam
3323 4563 3455 4615 satis
3491 4561 3635 4615 refu-

1982 4625 2035 4684 Β
2062 4661 2244 4706 larunt
2272 4652 2708 4723 criminationem
2741 4653 2976 4722 aliquant
3014 4654 3191 4708 ttiittus
3223 4654 3288 4707 atl
3326 4668 3436 4709 rem
3470 4654 3638 4723 perti-

2059 4755 2294 4810 nentem,
2323 4760 2388 4800 ea
2417 4762 2523 4799 non
2556 4748 2734 4814 agnita
2767 4748 2984 4817 quidem
3017 4762 3112 4816 pro
3138 4763 3284 4809 vera,
3312 4749 3400 4801 sed
3429 4747 3634 4802 omissa

2059 4838 2134 4891 uti
2169 4854 2357 4907 parum
2391 4841 2649 4903 curanda,
2697 4841 2901 4893 referre
2931 4855 2985 4894 se
3016 4842 3080 4894 ad
3125 4850 3285 4911 caput
3317 4856 3495 4895 causa
3536 4843 3637 4895 hoc

2059 4942 2142 4986 aut
2181 4933 2346 4988 simili
2399 4948 2594 5003 genere
2633 4935 2887 5002 loquendi
2923 4949 2936 4988 :
2971 4952 2990 4987 ‹
3035 4935 3230 4990 Verum
3280 4933 3351 4987 sit
3383 4934 3457 4987 ita
3505 4949 3639 4990 sane

2059 5036 2115 5080 ut
2152 5027 2311 5080 vultis
2347 5046 2360 5082 ι
2401 5038 2582 5081 tamen
2616 5031 2695 5082 vel
2727 5029 2825 5082 hoc
2854 5028 3016 5081 etiam
3048 5041 3311 5082 conceso
3345 5038 3496 5080 extra
3525 5027 3638 5080 cui-

2060 5136 2182 5191 pam
2214 5136 2333 5177 esse
2364 5121 2416 5176 in
2453 5138 2632 5178 causa:
2658 5123 2836 5194 capite
2870 5139 3046 5178 meum
3079 5132 3384 5192 susceptum
3419 5132 3580 5194 patet.
3612 5142 3632 5173 ι

2058 5214 2242 5270 Talem
2283 5217 2506 5274 omnino
2540 5233 2762 5272 sensum
2811 5219 2924 5272 lucc
2967 5215 3121 5273 Vecci
3151 5218 3310 5272 habet
3336 5217 3536 5282 oratio,
3576 5226 3638 5270 ut

2058 5317 2200 5375 clare
2235 5315 2552 5384 intelligitur
2580 5330 2644 5369 ex
2675 5314 3154 5382 consequentibus.

2131 5408 2189 5462 P.
2217 5407 2309 5464 99.
2333 5407 2589 5462 Alludens
2619 5407 2688 5464 ad
2715 5424 2900 5462 nomen
2928 5406 3098 5463 aliud.
3136 5407 3417 5473 Quodnam
3470 5405 3638 5462 fuerit.

2057 5502 2185 5560 illud
2237 5503 2378 5558 aliud
2429 5518 2621 5558 nomen
2677 5500 2894 5572 Georgii
2935 5500 3379 5570 hloschamparis,
3435 5515 3501 5554 ne
3552 5497 3638 5554 ill.

2059 5599 2276 5668 quidem
2309 5599 2540 5655 Allatius
2568 5596 3063 5660 inaccuratissitna
3110 5599 3175 5654 de
3202 5594 3452 5668 Georgiis
3506 5596 3639 5650 Dia-

2062 5695 2200 5751 triha
2227 5694 2394 5758 multa
2442 5695 2505 5748 de
2538 5695 2639 5749 hoc
2679 5708 2988 5748 memorans
3029 5691 3226 5763 prodit.
3259 5691 3410 5747 Licet
3451 5692 3634 5759 suspi-

2059 5787 2170 5843 cari
2196 5804 2258 5842 ex
2297 5789 2504 5842 urbano
2552 5786 2646 5840 illo
2675 5786 2836 5840 Vecci
2875 5786 3040 5852 dicto,
3082 5783 3262 5855 ψύλλα
3307 5801 3392 5845 τις
3439 5787 3634 5835 ἐπικα.

2062 5881 2260 5936 Θίσασα
2303 5893 2403 5939 etc.
2439 5880 2671 5952 l'syilttm
2701 5879 2865 5939 fuisse
2920 5880 3380 5952 cognominatum.
3422 5877 3629 5930 lit-citat
