4012 6236
303 274 414 352 803
1229 270 1297 336 Ρ.
1339 269 1554 336 POSSi
1568 271 1648 334 NI
1688 271 1903 333 OBSEI

2006 269 2343 333 iTIONUM
2381 270 2529 339 LIB.
2574 269 2663 330 II.
3446 259 3567 329 δτι

307 388 453 445 hunc
480 386 636 460 741
670 373 841 441 locum
871 401 925 458 p.
960 385 1066 442 549
1092 383 1250 441 editae
1273 384 1341 441 de
1368 384 1617 457 Georgiis
1636 382 1883 438 diatriba:
1916 388 1956 441 Α
1984 383 2147 438 sociis
2173 382 2431 453 judicium
2460 398 2476 448 ;
2512 390 2675 449 atque
2716 379 2817 433 hoc
2848 376 3022 446 ipsum
3052 374 3401 447 colloquium,
3430 390 3570 429 cum

311 482 469 537 modo
504 481 749 535 laudatus
783 478 892 535 Leo
930 479 1161 536 Aliatius
1194 494 1314 534 cum
1343 478 1522 549 aliqua
1565 478 1879 533 diversitate
1982 489 2167 532 secuta
2196 492 2411 533 reorum
2438 477 2753 530 auditorum
2787 471 3260 530 condemnatione.
3288 472 3571 543 synodum

312 584 419 626 tam
455 572 506 624 in
548 581 804 626 contextu
847 569 1037 626 Graeco
1086 586 1244 643 quam
1276 571 1328 624 in
1366 569 1558 625 Latina
1610 572 1881 638 interpre-

311 666 534 728 tatione,
565 664 721 733 cujus
770 662 858 718 hie
906 664 1201 730 admonere
1234 662 1489 719 lectorem
1540 661 1732 716 debeo.
1770 659 1882 716 illic

309 757 477 827 igitur
507 755 593 811 illa
626 756 785 811 verba
808 754 985 826 φύλλα
1007 772 1092 819 τις
1120 764 1401 813 vertuntur
1423 752 1574 808 culex
1600 754 1880 825 quispiam.

296 842 567 917 Suspicor
595 849 854 903 mendum
887 849 1202 920 typothetas,
1232 847 1325 917 qui
1356 863 1382 899 ο
1424 862 1519 917 pro
1548 864 1580 914 p
1631 846 1681 902 in
1716 845 1884 916 priovi

310 940 573 994 vocabulo
606 939 867 1015 posuerit,
901 938 1047 994 facili
1074 940 1257 1009 utique
1280 939 1453 1010 lapsu,
1489 938 1701 1009 qualem
1738 955 1887 993 ama-

310 1034 599 1090 nuensium
637 1031 720 1109 [P.
746 1031 884 1107 7529]
921 1035 1115 1089 eruditi
1150 1043 1450 1104 agnoscunt
1481 1032 1533 1086 in
1580 1033 1700 1089 loco
1724 1031 1884 1088 Plinii

311 1127 349 1182 l.
384 1142 502 1193 xu,
548 1141 603 1181 c.
652 1123 764 1180 io:
801 1124 974 1196 Napis
1015 1126 1229 1189 culices,
1282 1134 1411 1190 etc.,
1467 1125 1555 1179 ub'i
1589 1141 1656 1180 ex
1703 1126 1887 1180 Theo-

311 1218 555 1287 phrasto,
588 1233 747 1288 quem
781 1218 1139 1283 describebat,
1183 1218 1380 1287 puiices
1422 1228 1614 1273 auctor
1641 1220 1758 1273 sine
1786 1217 1888 1274 du-

314 1313 403 1367 bio
432 1323 711 1382 posuerat.
747 1311 851 1366 Sed
880 1322 1177 1367 memoratu
1231 1312 1442 1380 dignior
1468 1313 1523 1368 in
1554 1312 1758 1368 Graecis
1791 1329 1887 1365 va-

281 1406 484 1460 rietas
515 1413 618 1460 est.
658 1401 761 1460 Ubi
796 1404 941 1459 enim
988 1403 1289 1461 clarissime
1323 1405 1491 1459 codex
1538 1404 1888 1472 Barberinus,

316 1495 514 1550 iurandus
562 1507 762 1551 nostrae
811 1496 1087 1562 editionis,
1134 1494 1293 1551 habet
1324 1494 1438 1549 οὔτ’
1483 1497 1736 1570 ἀνασπᾷν
1764 1496 1889 1553 οὔτε

315 1589 608 1661 κατασπᾷν
655 1590 769 1659 ἔχει
820 1588 918 1661 τὴν
963 1588 1239 1659 πείρινθα,
1272 1587 1359 1643 lll.
1413 1588 1664 1653 Allatius,
1701 1590 1782 1645 vel
1825 1607 1887 1645 ex

316 1684 537 1755 proprio
567 1684 777 1749 codice,
820 1696 981 1753 quem
1020 1683 1085 1736 ad
1117 1698 1334 1736 manum
1367 1683 1523 1737 modo
1558 1698 1663 1736 non
1700 1683 1891 1748 habeo,

316 1776 402 1831 vel
426 1792 489 1831 ex
523 1776 829 1847 ceujectura
865 1776 994 1846 legit
1026 1776 1124 1846 τὴν
1153 1775 1439 1845 μήρινθον.
1472 1774 1747 1829 Arbitrum
1776 1775 1889 1830 dis-

318 1870 605 1938 crepatttite
650 1871 897 1925 codicum
960 1869 1189 1924 duorum
1242 1868 1560 1922 Vaticanum
1615 1868 1893 1937 exemplar

319 1962 518 2017 ferrem
546 1979 561 2016 :
588 1961 684 2016 Sed
716 1961 761 2016 is
791 1972 1075 2031 utramque
1109 1962 1256 2016 illam
1284 1953 1476 2017 vitavit
1508 1977 1713 2025 vocent,
1749 1960 1891 2015 hunc

322 2052 500 2109 locum
532 2053 610 2108 sic
642 2053 950 2121 exprimens
983 2053 1169 2109 ιΨίλα
1198 2052 1452 2123 (scribere
1496 2054 1663 2107 voluit
1697 2050 1893 2123 φύλλα)

320 2164 408 2212 τις
434 2132 732 2220 trientibus
793 2147 871 2219 τῷ
901 2147 1001 2217 τῆς
1038 2146 1255 2219 ἁμάξης
1280 2146 1460 2219 ρνμῷ.
1491 2146 1615 2220 ἣτις
1641 2146 1768 2201 οὔτε
1802 2147 1900 2217 βά-

327 2258 420 2312 ρος
447 2218 611 2314 φέρει
639 2243 706 2313 τῇ
740 2239 926 2313 ἀμάξῃ
957 2239 1084 2294 οὔτε
1118 2218 1225 2312 μὴν
1273 2218 1599 2311 ξλαφρόνντι
1628 2243 1721 2294 καὶ
1766 2240 1896 2294 κοῦ-

324 2352 449 2405 φον,
482 2337 758 2390 verbosius
783 2350 941 2405 quam
988 2335 1346 2392 breviatoretn
1382 2336 1591 2411 decuit,
1632 2350 1729 2391 nec
1758 2334 1899 2389 ntul-

327 2438 440 2483 tum
503 2430 809 2500 eleganter;
862 2428 975 2498 Ego
1025 2444 1123 2483 cur
1184 2429 1500 2499 abrogarem
1570 2429 1727 2483 tidem
1780 2443 1901 2483 meo

325 2523 625 2594 archetypo
654 2538 870 2578 cattsam
904 2538 1011 2578 non
1049 2520 1233 2585 habui,
1264 2536 1385 2578 enm
1413 2522 1579 2592 proba
1611 2534 1664 2577 et
1692 2520 1903 2594 Pachy-

329 2632 476 2673 mcre
509 2621 539 2670 d
564 2632 665 2685 gna
705 2616 952 2671 rideatur
986 2616 1102 2671 inec
1153 2615 1332 2683 lectio,
1386 2626 1570 2686 utpote
1612 2633 1771 2685 quam
1803 2634 1902 2688 ap-

327 2719 518 2779 pareat
536 2712 749 2763 ductam
773 2723 837 2763 ex
863 2708 1097 2765 Homero
1124 2708 1286 2764 Iliad.
1330 2727 1375 2763 ω
1398 2728 1410 2763 :
1440 2708 1645 2776 Ἀὐτὰρ
1667 2709 1748 2779 ὅγ’
1777 2706 1903 2777 υἷας

329 2801 546 2872 ἄμαξαν
565 2803 824 2873 ἐΰτροχον
847 2803 1130 2874 ἡμιονείην
1153 2804 1370 2857 ὁπλίσαι
1400 2802 1621 2876 ἠνώγει,
1651 2806 1905 2875 πείρινθα

327 2896 385 2948 δὲ
419 2893 580 2964 δῆσαι
615 2894 702 2947 ἐπ’
736 2896 946 2966 αὐτῆς,
979 2904 1033 2950 et
1084 2896 1273 2968 Odyss.
1321 2914 1387 2951 o:
1441 2898 1551 2957 Καὶ
1598 2898 1665 2953 τὰ
1697 2897 1798 2969 μὲν
1848 2899 1908 2963 ἐς

331 2988 583 3061 πιίρινοα
611 2989 752 3044 τίθει
788 2990 1175 3062 Πεισίστρατος
1200 2990 1373 3063 ἥρως.
1402 2991 1635 3059 Quorum
1664 2992 1903 3047 locorum

1984 578 2254 633 vocatam.
2282 584 2442 638 cujus
2474 580 2593 624 acta
2629 566 2897 637 publicata
2931 567 3032 621 rite
3055 565 3187 622 sint.
3226 562 3397 635 Hujus
3426 578 3578 632 qua-

1985 660 2268 730 liscunque
2320 661 2510 733 synodi
2550 659 2830 730 exemplar
2855 657 3149 726 .antiquum
3184 668 3373 712 nactus
3400 654 3579 712 Jacoc

1986 757 2089 812 bus
2144 754 2468 812 Sirmoudus
2497 766 2709 820 noster,
2755 756 2808 809 id
2858 755 3280 810 communicavit
3327 752 3579 807 Henrico

1987 843 2280 913 Spontlano
2322 845 2576 915 episcopo
2612 844 2949 913 Apamiensi,
2974 844 3087 914 qui
3140 858 3406 898 summam
3438 842 3580 913 ejus

1986 940 2207 994 exhibet
2245 938 2299 991 itt
2343 954 2439 993 sua
2472 932 2881 994 cantiuuatione
2916 938 3204 999 Annalium
3243 939 3461 994 Barouii
3493 933 3575 993 ad

1937 1083 1940 1086 .
1989 1047 2190 1093 annum
2224 1032 2379 1096 {285.
2404 1049 2459 1086 ιι.
2494 1033 2582 1088 10.
2610 1030 2817 1087 Dicitur
2842 1032 2952 1087 illic
2985 1032 3086 1088 ista
3113 1035 3350 1104 synodus
3381 1031 3578 1087 habita

1989 1128 2089 1182 sub
2119 1126 2432 1181 Andronico
2488 1124 2789 1196 Palmologo
2835 1128 3165 1198 imperatore
3202 1135 3256 1181 et
3302 1124 3582 1196 Gregorio

1991 1219 2300 1287 patriarcha
2329 1228 2517 1274 contra
2548 1218 2811 1275 Joannem
2847 1216 3084 1274 Veccum
3114 1230 3171 1273 et
3192 1218 3353 1288 hujus
3387 1218 3579 1275 socios

1991 1310 2405 1365 Constantinum
2462 1310 2822 1367 Melitenioten
2865 1319 2920 1366 et
2969 1309 3263 1379 Georgium
3307 1309 3583 1366 Metoehi-

1988 1408 2125 1465 tam,
2171 1404 2263 1471 qui
2298 1403 2616 1459 Latinorum
2676 1405 2867 1472 dogma
2899 1405 2965 1459 de
3007 1404 3363 1474 processione
3392 1404 3581 1473 Spiri-

1995 1504 2082 1550 tus
2122 1494 2294 1549 sancti
2341 1494 2739 1562 profitebantur
2797 1495 2865 1548 ab
2897 1494 3057 1553 annis
3110 1505 3256 1551 octo.
3300 1494 3454 1553 Hunc
3492 1495 3575 1552 ibi

1995 1604 2277 1643 numerum
2303 1588 2435 1643 Acta
2462 1590 2651 1660 synodi
2678 1588 3010 1659 exprimunt,
3048 1605 3115 1644 ex
3145 1605 3253 1658 quo
3277 1590 3427 1645 ilJam
3458 1591 3576 1646 hoc

1998 1700 2142 1738 anno
2170 1683 2502 1738 celebratam
2556 1682 2842 1750 evincitur,
2882 1682 2995 1751 qui,
3035 1694 3093 1739 ut
3116 1683 3257 1738 libro
3284 1686 3445 1739 tertio
3468 1685 3578 1740 ha-

2000 1793 2116 1833 rum
2167 1776 2658 1837 Observationum,
2692 1791 2741 1831 c.
2793 1778 2853 1840 2,
2895 1775 3416 1842 demonstrabimus,
3446 1792 3580 1833 vero

1992 1883 2219 1929 octavus
2245 1876 2330 1924 est
2354 1868 2421 1923 ab
2446 1867 2581 1921 inito
2610 1882 2639 1921 a
2670 1865 2844 1923 Vecco
2868 1868 3242 1938 patriarcltatu
3266 1878 3324 1923 et
3355 1880 3575 1939 recepta

2003 1964 2179 2038 palam
2208 1959 2373 2033 (quod
2399 1960 2498 2015 sub
2529 1960 2669 2014 idem
2692 1970 2901 2038 tempus
2923 1961 3170 2033 contigit)
3189 1960 3580 2017 Constantino-

1998 2058 2103 2130 poli
2156 2054 2538 2111 communione
2589 2070 2714 2109 cum
2749 2052 2998 2111 Ecclesia
3047 2052 3311 2110 Romana.
3370 2053 3577 2111 Deinde

2000 2158 2302 2223 memorant
2369 2146 2560 2203 eadem
2645 2148 2775 2203 Acta
2837 2146 3235 2219 pseudosynodi
3307 2144 3572 2203 Joannem

1998 2243 2234 2300 Veccum
2279 2241 2391 2313 jam
2427 2251 2554 2297 ante
2580 2240 2651 2295 ob
2676 2239 2923 2296 eamdem
2967 2256 3189 2297 causam
3226 2240 3391 2297 fuisse
3420 2239 3576 2295 dam-

1998 2346 2186 2393 natum
2218 2336 2270 2390 in
2299 2335 2529 2403 quadam
2578 2332 2889 2390 Graecorum
2933 2336 3139 2406 synodo
3165 2351 3182 2402 ;
3213 2350 3374 2404 quam
3406 2349 3576 2404 appa-

2001 2440 2082 2485 ret
2108 2446 2226 2486 eam
2264 2445 2385 2485 esse
2417 2430 2570 2499 cujus
2603 2427 2850 2483 meminit
2878 2437 3084 2495 uoster,
3132 2444 3183 2498 ιι.
3215 2429 3306 2485 δι.
3350 2426 3483 2483 Nam
3519 2428 3572 2483 in

2001 2539 2063 2581 ea
2120 2523 2307 2577 dicunt
2343 2518 2574 2576 Veccum
2621 2517 2851 2575 libellum
2891 2520 3266 2590 resipiscentiar
3325 2519 3415 2593 [P.
3446 2519 3575 2594 530]

2002 2615 2270 2677 obtulisse,
2310 2628 2411 2684 quo
2449 2611 2814 2682 acquiescebat
2857 2610 3193 2666 damnationi
3241 2627 3307 2665 ac
3364 2611 3576 2681 deposi-

2000 2709 2135 2764 εἰοιιὶ
2165 2723 2296 2763 suw.
2333 2705 2423 2760 Sic
2468 2705 2723 2760 nimirum
2783 2704 3072 2774 appellanl,
3100 2719 3261 2775 quam
3308 2715 3577 2759 extortam

2006 2804 2081 2859 ibi
2108 2800 2304 2871 ,Vecco
2334 2800 2694 2869 Pachymeres
2724 2807 2909 2851 narrat
2964 2798 3399 2867 subscriptionem
3426 2813 3575 2852 como

2007 2904 2164 2975 positi
2188 2902 2372 2959 libelli.
2401 2917 2504 2973 quo
2533 2898 2793 2972 professio
2820 2906 2975 2950 rech
3005 2876 3131 2965 ﬁdei
3160 2891 3583 2964 eonjungebatstr

2008 3015 2127 3054 cum
2159 2997 2469 3053 amolitione
2511 2993 2895 3063 suspicionum.
2947 2990 2990 3043 si
3018 3005 3133 3059 qua:
3165 2988 3221 3041 in
3250 2987 3580 3063 contrarium

330 3081 397 3135 ad
430 3085 664 3151 priorem
693 3082 1008 3139 Eustathius
1049 3085 1201 3140 docet
1225 3062 1493 3156 atelptVOu
1527 3086 1627 3139 dici
1671 3086 1731 3139 τὸ
1757 3086 1977 3155 πλινοα
2012 3100 2303 3153 exstarent,
2350 3088 2537 3160 quibus
2591 3062 2659 3139 ad
2701 3092 2992 3138 extremum
3039 3080 3383 3135 annectebant
3425 3062 3581 3133 abdi-

333 3176 449 3228 οἱον
475 3176 535 3228 τὸ
580 3176 691 3230 ἄνω
719 3175 820 3245 τῆς
862 3175 1101 3247 ἀμάξης,
1133 3176 1270 3230 ὅπου
1308 3178 1378 3230 τὰ
1404 3177 1604 3247 φορτία
1641 3177 1909 3233 ὲπιτίθενυ

332 3284 446 3329 ται,
472 3267 535 3321 ad
570 3268 919 3337 posteriorem
951 3281 1132 3324 autem
1162 3268 1291 3340 :Eirj
1330 3270 1376 3323 δ’
1406 3269 1469 3323 ἂν
1513 3270 1767 3341 πεξρινθα
1814 3272 1907 3328 καὶ

333 3358 367 3428 ἠ
405 3358 508 3427 πρδ
541 3358 733 3410 τούτου
781 3357 1011 3428 ρηοξῖσά
1041 3374 1142 3413 που
1188 3357 1488 3427 ὕπερτερῑα
1525 3359 1615 3411 ἐπὶ
1639 3355 1740 3427 τῆς
1766 3360 1906 3412 κατὰ

334 3450 432 3523 τὴν
477 3451 803 3505 Ναυσικάαν
849 3452 1088 3522 ἁμάξης,
1119 3452 1255 3522 ὅπερ
1298 3454 1345 3505 οἱ
1399 3451 1624 3524 ὕστερον
1667 3453 1909 3524 ἐσχάραν

335 3547 617 3603 καλοῦσιν.
646 3547 723 3603 Ex
754 3549 950 3617 quibus
985 3550 1242 3603 habemus
1276 3546 1527 3618 πείρινθα
1556 3549 1734 3602 vocari
1764 3548 1910 3602 locu-

331 3641 446 3699 lum
488 3652 580 3698 aut
604 3644 795 3699 cistam
837 3644 949 3698 sive
982 3657 1201 3711 capsum
1233 3642 1520 3710 quamdam
1557 3640 1744 3698 formae
1774 3657 1911 3713 qna-

337 3736 505 3790 drata:
535 3735 784 3791 curribus
812 3736 1010 3805 imponi
1053 3734 1266 3789 solitam
1298 3735 1576 3805 capiendis
1603 3738 1762 3791 rebus
1793 3752 1910 3807 qum

335 3829 595 3887 vehenda:
632 3829 761 3894 sint,
795 3828 1131 3900 ὑπερτερεαν
1159 3838 1214 3883 ει
1255 3829 1496 3901 ἐσχάραν
1536 3828 1656 3883 aliis
1687 3829 1909 3886 dictam.

338 3923 495 3979 l‘nde
524 3923 678 3988 satis,
728 3922 938 3993 Opinor,
978 3921 1287 3976 defenditur
1326 3930 1509 3977 nostra
1560 3931 1614 3977 et
1663 3920 1821 3977 lectio
1860 3930 1915 3978 et

338 4014 537 4070 t'ersio.
580 4014 689 4069 Nec
726 4016 907 4070 obstat
944 4016 1085 4086 quod
1134 4013 1297 4071 verba
1347 4014 1603 4086 ἀνασπᾷν
1641 4024 1695 4070 et
1742 4031 1916 4074 κατα-

306 4172 307 4175 η
341 4110 485 4182 σπᾷν
506 4107 675 4178 magis
707 4106 999 4164 cunrenire
1019 4108 1306 4163 rideantur
1333 4107 1586 4179 μηρίνθῳ
1609 4107 1726 4177 [ιιιιὶ
1753 4123 1914 4178 quam

339 4201 580 4276 πείρινθι
631 4201 862 4273 plaustri
899 4199 1072 4255 sistat.
1129 4199 1241 4255 Etsi
1278 4198 1422 4254 enim
1471 4198 1714 4255 trahendi
1768 4200 1916 4254 notio

338 4311 403 4352 es
440 4297 648 4365 origine
694 4293 826 4363 ipsis
873 4292 1015 4349 inest
1060 4293 1443 4362 congrueutior
1482 4291 1599 4348 iuni
1637 4294 1917 4348 tractionis

338 4390 716 4451 instrumento,
741 4397 920 4441 tamen
946 4398 1053 4441 non
1072 4386 1251 4441 minus
1274 4384 1529 4461 frequens
1563 4395 1647 4441 est
1688 4385 1915 4441 istorum

338 4484 625 4536 verborum
652 4495 780 4533 usus
804 4478 870 4534 ad
905 4477 1311 4549 signiﬁcandam
1346 4477 1912 4550 depressionetumux

342 4574 399 4629 lit
418 4572 778 4644 aggravandu,
802 4582 889 4623 aut
911 4570 1356 4633 sublevatiouetn,
1378 4586 1494 4639 qua:
1518 4572 1576 4625 lit
1626 4569 1914 4627 minuendo

343 4668 572 4739 pondus.
600 4666 871 4722 Utsensus
893 4664 983 4719 hic
1007 4663 1098 4728 sit,
1134 4664 1363 4734 pulicctn
1397 4664 1720 4720 insidentem
1742 4675 1916 4719 tracto

344 4778 465 4817 cum
501 4760 705 4831 impetu
744 4758 923 4813 currui
959 4773 1055 4811 nec
1081 4760 1279 4811 addere
1326 4774 1422 4813 nec
1456 4758 1737 4812 detrahere
1766 4758 1920 4826 quid-

345 4869 503 4923 quam
538 4851 742 4913 onctis,
774 4852 867 4904 sed
913 4850 1133 4919 perinde
1178 4849 1377 4903 habere
1408 4865 1470 4904 ac
1505 4852 1546 4903 si
1602 4865 1706 4903 non
1748 4858 1915 4904 esset.

414 4945 476 5004 P.
514 4945 636 5001 100.
674 4943 801 4999 Volo
837 4954 885 4998 et
912 4943 1053 4997 vobis
1090 4944 1398 5006 orthodoxe,
1440 4952 1546 4996 etc.
1578 4940 1682 4997 Per
1714 4942 1916 5012 hyper-

344 5039 521 5095 bolem
557 5039 669 5093 haec
704 5037 807 5092 dici
852 5036 1178 5091 credendum
1207 5048 1312 5101 est,
1348 5047 1400 5089 et
1451 5052 1512 5090 ea
1549 5037 1745 5089 ﬁducia
1790 5051 1916 5104 qua,

346 5136 389 5190 si
425 5132 613 5187 fierent
644 5148 763 5203 quae
798 5131 910 5196 ﬁeri
949 5146 1052 5184 non
1087 5145 1241 5199 posse
1268 5131 1357 5201 qui
1387 5131 1622 5199 loquitur
1647 5131 1917 5201 intelligit,

329 5218 393 5283 is
438 5242 499 5282 se
551 5226 698 5279 durae
764 5225 996 5293 cuipiam
1040 5223 1224 5294 objicit
1289 5224 1608 5279 conditioni.
1675 5223 1917 5277 Similem

346 5319 632 5392 quamdam
663 5317 905 5371 nonnulli
933 5316 1249 5387 interpretes
1270 5318 1569 5388 appingunt
1591 5316 1918 5371 sententiam

350 5414 455 5467 illis
484 5410 647 5465 Mosis
677 5419 728 5463 et
762 5406 912 5462 Pauli
947 5409 1177 5463 verbis:
1217 5408 1435 5463 Dimitte
1480 5409 1591 5463 illis
1614 5448 1629 5474 ,
1675 5420 1771 5463 aut
1802 5408 1921 5464 dele

348 5507 505 5563 mede
534 5507 665 5563 libro
686 5504 885 5578 (Exod.
917 5520 1048 5568 χχιι,
1075 5504 1194 5577 52);
1226 5515 1278 5560 et
1310 5524 1323 5560 :
1355 5506 1613 5573 Optabam
1641 5506 1920 5562 anathema

347 5611 511 5654 sised
551 5598 757 5653 Christo
789 5615 884 5668 pro
906 5596 1158 5667 fratribus
1193 5602 1319 5652 meis
1364 5597 1540 5667 (Rom.
1577 5616 1650 5664 ιι,
1681 5599 1761 5667 3).

422 5692 586 5767 742
648 5692 1010 5761 Supplendmn
1058 5692 1145 5746 hic
1198 5693 1674 5759 quod'historicus
1720 5694 1922 5748 diserte

351 5804 459 5847 neu
503 5788 777 5860 exprimit,
816 5784 1080 5857 perlatum
1120 5802 1145 5840 ιι
1175 5786 1539 5843 schismaticis
1572 5786 1634 5843 de
1666 5784 1842 5841 Vcceo
1869 5795 1922 5842 et

2010 3186 2267 3239 rationem
2290 3179 2592 3237 sarerdotii.
2626 3176 2882 3247 Adjungit
2910 3172 3354 3245 pseudosynodus
3376 3170 3585 3227 codicis

2012 3273 2380 3333 Sirmondiani
2412 3269 2645 3329 Veccum
2683 3280 2868 3340 postea
2906 3266 2960 3322 itt
2989 3266 3222 3335 priorem
3255 3264 3582 3320 sententiam

2013 3367 2261 3423 rediisse.
2298 3363 2354 3419 id
2387 3380 2517 3420 vero
2577 3361 2804 3431 negabat
2855 3357 3082 3424 Veccus,
3137 3358 3227 3428 qui
3272 3371 3337 3412 eo
3382 3358 3587 3426 scripto

2013 3476 2072 3516 se
2108 3474 2391 3515 revocasse
2420 3458 2578 3512 iidem
2612 3455 2762 3524 prius
2782 3459 3178 3525 prOpugnatam
3215 3466 3319 3505 non
3340 3447 3588 3505 credide-

2012 3563 2121 3619 rat,
2152 3554 2246 3609 sed
2302 3561 2515 3607 tantum
2550 3548 2813 3618 temporis
2865 3560 3030 3602 causa
3090 3546 3286 3600 throno
3330 3544 3583 3599 cessisse.

2016 3648 2275 3719 Sequitur
2298 3645 2408 3701 illic
2438 3642 2716 3699 sententia
2748 3637 3228 3697 condemnatinnis
3255 3639 3309 3693 in
3347 3636 3586 3695 Veccum

2014 3751 2068 3797 et
2104 3741 2237 3796 duos
2260 3740 2375 3811 ejus
2422 3738 2600 3793 socios
2634 3736 2779 3800 latae,
2813 3750 2936 3790 cum
2975 3732 3312 3790 refutatione
3350 3733 3586 3803 capitum

2017 3834 2279 3891 doctrinas
2314 3832 2524 3886 illormn
2554 3832 2619 3884 de
2646 3830 2851 3897 Spiritu
2886 3836 3098 3893 saneto.
3126 3838 3181 3884 et
3218 3830 3407 3885 iterata
3439 3830 3590 3886 dete-

2017 3928 2251 3984 statione
2282 3926 2437 3981 lactte
2456 3923 2856 3979 conciliationis
2879 3923 3259 3979 Ecc'esisrum
3294 3922 3495 3979 Gra'cae
3525 3938 3590 3981 ac

2018 4021 2241 4085 Latina,
2283 4035 2447 4092 quam
2484 4017 2878 4089 πεπὶασμένην
2906 4017 3220 4088 οἰκονομίαν
3244 4017 3335 4070 καὶ
3365 4018 3592 4089 εἰρήνην

2020 4116 2288 4188 πολεμίαν
2332 4125 2543 4170 vocant.
2583 4110 2944 4167 Addunturin
2983 4112 3090 4166 line
3132 4112 3588 4182 subscriptiones,

2021 4211 2196 4281 primo
2223 4208 2567 4279 imperatoris
2596 4205 2775 4262 rubris
2798 4204 3015 4270 litteris,
3048 4204 3378 4260 Andronicus
3400 4206 3453 4260 in
3483 4204 3590 4262 Deo

2019 4304 2188 4374 ﬁdelis
2236 4318 2325 4355 rex
2372 4312 2420 4355 et
2449 4302 2738 4368 imperator
2793 4299 2970 4354 Ducas
3005 4298 3239 4369 Angelus
3293 4296 3591 4354 Conmenus

2021 4392 2382 4460 Palirologns.
2434 4390 2628 4444 deinde
2673 4387 3014 4461 patriarchae,
3052 4386 3336 4455 Gregorius
3387 4389 3594 4444 miseri.

2019 4487 2199 4541 cordia
2241 4484 2331 4539 Dei
2368 4484 2602 4549 arrltiep.
2639 4481 2700 4537 Ο.
2738 4479 2803 4535 1⁸.
2836 4498 2978 4536 novat
3013 4480 3191 4536 Roma
3217 4492 3265 4536 et
3308 4483 3591 4551 tecumui-

2019 4596 2111 4635 rus
2146 4580 2473 4649 patriarcha.
2514 4576 2872 4632 Subselibunt
2904 4576 3029 4630 inde
3058 4577 3128 4631 42
3161 4576 3419 4646 episcopi,
3454 4592 3592 4642 quo-

2022 4689 2138 4726 rum
2187 4672 2392 4741 primus
2442 4666 2775 4723 estJoaunes
2814 4668 3149 4738 Epltesinns.
3200 4680 3252 4723 et
3282 4684 3310 4723 e
3349 4670 3497 4725 clero
3535 4671 3589 4725 itt

2020 4765 2280 4832 dignitate
2338 4761 2620 4817 consutnti
2688 4761 2879 4830 viginti
2960 4772 3103 4816 octo.
3159 4760 3333 4816 Locus
3391 4765 3590 4835 Synodi

2021 4858 2253 4911 omissus
2290 4872 2344 4910 tn
2384 4856 2566 4910 codice
2599 4853 2899 4919 Sirmondi,
2964 4856 3088 4916 iuit,
3120 4866 3176 4908 ut
3231 4855 3593 4928 i’arbymeres

2021 4951 2196 5013 decet,
2236 4949 2545 5002 Alexiacum
2594 4948 2891 5002 triclinium
2940 4947 2991 5001 in
3038 4948 3241 5017 palatio
3282 4948 3587 5007 CortStauti-

2021 5043 2363 5109 ttnpulitann.

2096 5136 2154 5190 P.
2191 5136 2313 5190 109.
2341 5134 2509 5188 Sacra
2560 5132 2906 5201 Rapiat/tera.
2947 5131 3046 5188 Hic
3090 5133 3243 5199 liber,
3276 5137 3418 5203 quod
3450 5136 3593 5192 scire

2024 5230 2290 5285 hactenus
2336 5228 2602 5296 potuerim
2627 5266 2641 5291 ,
2686 5243 2793 5281 non
2842 5236 3051 5283 exstat.
3080 5227 3343 5283 Coilectio
3373 5230 3495 5296 fuit,
3538 5239 3595 5286 ut
3634 5280 3637 5283 λ

2024 5331 2278 5393 apparet,
2313 5320 2753 5375 testimoniorum
2787 5335 2817 5376 e
2849 5319 3124 5388 Patribus,
3151 5337 3246 5394 per
3273 5339 3393 5391 qua:
3417 5324 3598 5394 impu-

2023 5414 2179 5486 gnari
2210 5414 2536 5468 ctc0uviuci
2572 5415 2804 5469 haereses
2861 5425 3100 5484 possent,
3152 5432 3324 5488 eaque
3386 5434 3594 5474 summa

2023 5525 2154 5565 cura
2189 5515 2243 5563 et
2273 5507 2375 5563 (ide
2404 5506 2545 5560 facta
2572 5525 2589 5576 ;
2617 5507 2760 5562 unde
2786 5508 2861 5563 illi
2904 5510 3059 5579 vulgo
3112 5512 3460 5581 praejndicata
3511 5514 3594 5568 ius

2024 5602 2335 5657 dubitabilis
2598 5600 2873 5656 ﬁdelitatis
2926 5610 3223 5658 auctoritas
3283 5608 3593 5669 atlltteserih

2024 5694 2100 5751 Es
2150 5709 2216 5749 eo
2253 5695 2407 5764 quod
2460 5696 2618 5765 paulo
2676 5706 2799 5768 post
2845 5697 2950 5751 hoc
3000 5696 3118 5751 loco
3173 5714 3505 5755 memoratur
3548 5701 3598 5758 el

2026 5789 2170 5867 operi
2206 5792 2404 5844 attesta
2439 5790 2836 5861 rxceptiuncnla
2883 5789 3135 5849 Comueni
3185 5791 3449 5851 Maenalis
3487 5796 3605 5851 Au-
