  <div class='ocr_page' id='page_1' title='image "/cluster/home/n/w/nwhite01/storage/ocr_20150623/144/hvd.32044073502593/408.png"; bbox 0 0 4012 6236; ppageno 0'>
   <div class='ocr_carea' id='block_1_1' title="bbox 20 108 416 209">
    <p class='ocr_par' dir='ltr' id='par_1_1' title="bbox 20 108 416 209">
     <span class='ocr_line' id='line_1_1' title="bbox 20 108 416 209; baseline 0.003 -30"><span class='ocrx_word' id='word_1_1' title='bbox 20 108 416 209; x_wconf 64' lang='grc' dir='ltr'><strong>Ἰμε-</strong></span> 
     </span>
    </p>
   </div>
   <div class='ocr_carea' id='block_1_2' title="bbox 312 318 422 384">
    <p class='ocr_par' dir='ltr' id='par_1_2' title="bbox 312 318 422 384">
     <span class='ocr_line' id='line_1_2' title="bbox 312 318 422 384; baseline 0.045 -4"><span class='ocrx_word' id='word_1_2' title='bbox 312 318 422 384; x_wconf 79' lang='lat'><strong>805</strong></span> 
     </span>
    </p>
   </div>
   <div class='ocr_carea' id='block_1_3' title="bbox 1785 319 2028 381">
    <p class='ocr_par' dir='ltr' id='par_1_3' title="bbox 1785 319 2028 381">
     <span class='ocr_line' id='line_1_3' title="bbox 1785 319 2028 381; baseline -0.012 0"><span class='ocrx_word' id='word_1_3' title='bbox 1785 319 2028 381; x_wconf 54' lang='lat' dir='ltr'><strong>NOTAE.</strong></span> 
     </span>
    </p>
   </div>
   <div class='ocr_carea' id='block_1_4' title="bbox 3457 317 3562 382">
    <p class='ocr_par' dir='ltr' id='par_1_4' title="bbox 3457 317 3562 382">
     <span class='ocr_line' id='line_1_4' title="bbox 3457 317 3562 382; baseline -0.01 0"><span class='ocrx_word' id='word_1_4' title='bbox 3457 317 3562 382; x_wconf 72' lang='lat'><strong>836</strong></span> 
     </span>
    </p>
   </div>
   <div class='ocr_carea' id='block_1_5' title="bbox 318 426 3564 513">
    <p class='ocr_par' dir='ltr' id='par_1_5' title="bbox 318 426 3564 513">
     <span class='ocr_line' id='line_1_5' title="bbox 318 426 3564 513; baseline 0.001 -19"><span class='ocrx_word' id='word_1_5' title='bbox 318 441 460 513; x_wconf 83' lang='lat' dir='ltr'><strong>gusti</strong></span> <span class='ocrx_word' id='word_1_6' title='bbox 493 439 845 494; x_wconf 76' lang='lat' dir='ltr'><strong>submoitetttis</strong></span> <span class='ocrx_word' id='word_1_7' title='bbox 875 437 1149 510; x_wconf 78' lang='lat' dir='ltr'><strong>quippiam</strong></span> <span class='ocrx_word' id='word_1_8' title='bbox 1189 439 1253 492; x_wconf 89' lang='lat' dir='ltr'><strong>ad</strong></span> <span class='ocrx_word' id='word_1_9' title='bbox 1279 434 1602 492; x_wconf 75' lang='lat' dir='ltr'><strong>sententiam</strong></span> <span class='ocrx_word' id='word_1_10' title='bbox 1637 435 1707 490; x_wconf 92' lang='lat' dir='ltr'><strong>ibi</strong></span> <span class='ocrx_word' id='word_1_11' title='bbox 1743 435 1880 489; x_wconf 48' lang='lat' dir='ltr'><strong>reci-</strong></span> <span class='ocrx_word' id='word_1_12' title='bbox 1916 444 1955 495; x_wconf 75' lang='grc' dir='ltr'><strong>Α</strong></span> <span class='ocrx_word' id='word_1_13' title='bbox 1988 427 2358 484; x_wconf 53' lang='lat' dir='ltr'><strong>scholasticus</strong></span> <span class='ocrx_word' id='word_1_14' title='bbox 2407 426 2724 494; x_wconf 52' lang='lat' dir='ltr'><strong>monachum</strong></span> <span class='ocrx_word' id='word_1_15' title='bbox 2758 427 3042 486; x_wconf 56' lang='lat' dir='ltr'><strong>Mattheus</strong></span> <span class='ocrx_word' id='word_1_16' title='bbox 3091 430 3414 496; x_wconf 55' lang='lat' dir='ltr'><strong>monachum</strong></span> <span class='ocrx_word' id='word_1_17' title='bbox 3454 434 3564 488; x_wconf 74' lang='grc' dir='ltr'><strong>Μειο</strong></span> 
     </span>
    </p>
   </div>
   <div class='ocr_carea' id='block_1_6' title="bbox 322 528 1886 603">
    <p class='ocr_par' dir='ltr' id='par_1_6' title="bbox 322 528 1886 603">
     <span class='ocr_line' id='line_1_6' title="bbox 322 528 1886 603; baseline -0.006 -15"><span class='ocrx_word' id='word_1_18' title='bbox 322 548 487 588; x_wconf 84' lang='lat' dir='ltr'><strong>tatam</strong></span> <span class='ocrx_word' id='word_1_19' title='bbox 544 533 602 588; x_wconf 92' lang='lat' dir='ltr'><strong>S.</strong></span> <span class='ocrx_word' id='word_1_20' title='bbox 657 530 886 587; x_wconf 75' lang='lat' dir='ltr'><strong>Joannis</strong></span> <span class='ocrx_word' id='word_1_21' title='bbox 955 531 1275 587; x_wconf 76' lang='lat' dir='ltr'><strong>Damasceni</strong></span> <span class='ocrx_word' id='word_1_22' title='bbox 1344 529 1642 600; x_wconf 76' lang='lat' dir='ltr'><strong>pertinens,</strong></span> <span class='ocrx_word' id='word_1_23' title='bbox 1693 528 1886 603; x_wconf 81' lang='lat' dir='ltr'><strong>obarta</strong></span> 
     </span>
    </p>
   </div>
   <div class='ocr_carea' id='block_1_7' title="bbox 310 621 1887 696">
    <p class='ocr_par' dir='ltr' id='par_1_7' title="bbox 310 621 1887 696">
     <span class='ocr_line' id='line_1_7' title="bbox 310 621 1887 696; baseline -0.008 -12"><span class='ocrx_word' id='word_1_24' title='bbox 310 630 450 693; x_wconf 73' lang='lat' dir='ltr'><strong>inihi</strong></span> <span class='ocrx_word' id='word_1_25' title='bbox 483 629 716 696; x_wconf 85' lang='lat' dir='ltr'><strong>suspicio</strong></span> <span class='ocrx_word' id='word_1_26' title='bbox 748 628 990 695; x_wconf 62' lang='lat' dir='ltr'><strong>quasdam</strong></span> <span class='ocrx_word' id='word_1_27' title='bbox 1024 636 1131 689; x_wconf 89' lang='lat' dir='ltr'><strong>est,</strong></span> <span class='ocrx_word' id='word_1_28' title='bbox 1162 639 1322 695; x_wconf 86' lang='lat' dir='ltr'><strong>quain</strong></span> <span class='ocrx_word' id='word_1_29' title='bbox 1359 635 1479 677; x_wconf 87' lang='lat' dir='ltr'><strong>meo</strong></span> <span class='ocrx_word' id='word_1_30' title='bbox 1515 621 1756 692; x_wconf 84' lang='lat' dir='ltr'><strong>periculo</strong></span> <span class='ocrx_word' id='word_1_31' title='bbox 1799 621 1887 674; x_wconf 87' lang='lat' dir='ltr'><strong>hic</strong></span> 
     </span>
    </p>
   </div>
   <div class='ocr_carea' id='block_1_8' title="bbox 317 710 1887 782">
    <p class='ocr_par' dir='ltr' id='par_1_8' title="bbox 317 710 1887 782">
     <span class='ocr_line' id='line_1_8' title="bbox 317 710 1887 782; baseline -0.003 -15"><span class='ocrx_word' id='word_1_32' title='bbox 317 731 585 782; x_wconf 74' lang='lat' dir='ltr'><strong>exponam</strong></span> <span class='ocrx_word' id='word_1_33' title='bbox 631 716 853 782; x_wconf 74' lang='lat' dir='ltr'><strong>judiciis</strong></span> <span class='ocrx_word' id='word_1_34' title='bbox 913 716 1178 768; x_wconf 85' lang='lat' dir='ltr'><strong>lectorum</strong></span> <span class='ocrx_word' id='word_1_35' title='bbox 1228 715 1588 769; x_wconf 87' lang='lat' dir='ltr'><strong>eruditorum.</strong></span> <span class='ocrx_word' id='word_1_36' title='bbox 1644 712 1781 779; x_wconf 83' lang='lat' dir='ltr'><strong>Quid</strong></span> <span class='ocrx_word' id='word_1_37' title='bbox 1840 710 1887 763; x_wconf 80' lang='lat' dir='ltr'><strong>si</strong></span> 
     </span>
    </p>
   </div>
   <div class='ocr_carea' id='block_1_9' title="bbox 317 805 1888 877">
    <p class='ocr_par' dir='ltr' id='par_1_9' title="bbox 317 805 1888 877">
     <span class='ocr_line' id='line_1_9' title="bbox 317 805 1888 877; baseline -0.002 -17"><span class='ocrx_word' id='word_1_38' title='bbox 317 808 583 862; x_wconf 74' lang='lat' dir='ltr'><strong>Manuelis</strong></span> <span class='ocrx_word' id='word_1_39' title='bbox 629 808 891 862; x_wconf 87' lang='lat' dir='ltr'><strong>Comiieiii</strong></span> <span class='ocrx_word' id='word_1_40' title='bbox 936 809 1091 877; x_wconf 85' lang='lat' dir='ltr'><strong>jussu</strong></span> <span class='ocrx_word' id='word_1_41' title='bbox 1144 807 1494 875; x_wconf 83' lang='lat' dir='ltr'><strong>compilatam</strong></span> <span class='ocrx_word' id='word_1_42' title='bbox 1551 816 1604 860; x_wconf 83' lang='lat' dir='ltr'><strong>et</strong></span> <span class='ocrx_word' id='word_1_43' title='bbox 1669 805 1888 859; x_wconf 86' lang='lat' dir='ltr'><strong>iioiiiine</strong></span> 
     </span>
    </p>
   </div>
   <div class='ocr_carea' id='block_1_10' title="bbox 312 900 1886 970">
    <p class='ocr_par' dir='ltr' id='par_1_10' title="bbox 312 900 1886 970">
     <span class='ocr_line' id='line_1_10' title="bbox 312 900 1886 970; baseline -0.002 -18"><span class='ocrx_word' id='word_1_44' title='bbox 312 904 518 954; x_wconf 81' lang='lat' dir='ltr'><strong>editam</strong></span> <span class='ocrx_word' id='word_1_45' title='bbox 556 915 901 956; x_wconf 87' lang='lat' dir='ltr'><strong>autunienius</strong></span> <span class='ocrx_word' id='word_1_46' title='bbox 934 901 1259 970; x_wconf 71' lang='lat' dir='ltr'><strong>farraginem</strong></span> <span class='ocrx_word' id='word_1_47' title='bbox 1298 901 1453 953; x_wconf 80' lang='lat' dir='ltr'><strong>istam</strong></span> <span class='ocrx_word' id='word_1_48' title='bbox 1493 900 1886 954; x_wconf 85' lang='lat' dir='ltr'><strong>sententiarum</strong></span> 
     </span>
    </p>
   </div>
   <div class='ocr_carea' id='block_1_11' title="bbox 313 994 1893 1064">
    <p class='ocr_par' dir='ltr' id='par_1_11' title="bbox 313 994 1893 1064">
     <span class='ocr_line' id='line_1_11' title="bbox 313 994 1893 1064; baseline -0.003 -16"><span class='ocrx_word' id='word_1_49' title='bbox 313 994 561 1058; x_wconf 70' lang='lat' dir='ltr'><strong>Patrum,</strong></span> <span class='ocrx_word' id='word_1_50' title='bbox 598 1011 716 1064; x_wconf 74' lang='lat' dir='ltr'><strong>qua:</strong></span> <span class='ocrx_word' id='word_1_51' title='bbox 757 1010 852 1064; x_wconf 91' lang='lat' dir='ltr'><strong>pro</strong></span> <span class='ocrx_word' id='word_1_52' title='bbox 889 995 1316 1049; x_wconf 86' lang='lat' dir='ltr'><strong>armamentario</strong></span> <span class='ocrx_word' id='word_1_53' title='bbox 1343 1011 1460 1048; x_wconf 90' lang='lat' dir='ltr'><strong>esse</strong></span> <span class='ocrx_word' id='word_1_54' title='bbox 1487 1001 1667 1062; x_wconf 88' lang='lat' dir='ltr'><strong>posset</strong></span> <span class='ocrx_word' id='word_1_55' title='bbox 1701 996 1893 1046; x_wconf 83' lang='lat' dir='ltr'><strong>catho-</strong></span> 
     </span>
    </p>
   </div>
   <div class='ocr_carea' id='block_1_12' title="bbox 313 1084 1890 1158">
    <p class='ocr_par' dir='ltr' id='par_1_12' title="bbox 313 1084 1890 1158">
     <span class='ocr_line' id='line_1_12' title="bbox 313 1084 1890 1158; baseline -0.001 -18"><span class='ocrx_word' id='word_1_56' title='bbox 313 1087 439 1142; x_wconf 79' lang='lat' dir='ltr'><strong>licis</strong></span> <span class='ocrx_word' id='word_1_57' title='bbox 475 1089 740 1158; x_wconf 70' lang='lat' dir='ltr'><strong>theologis</strong></span> <span class='ocrx_word' id='word_1_58' title='bbox 782 1101 848 1142; x_wconf 86' lang='lat' dir='ltr'><strong>ad</strong></span> <span class='ocrx_word' id='word_1_59' title='bbox 881 1088 1241 1143; x_wconf 80' lang='lat' dir='ltr'><strong>lieterodosos</strong></span> <span class='ocrx_word' id='word_1_60' title='bbox 1294 1087 1724 1158; x_wconf 70' lang='lat' dir='ltr'><strong>impugnandos?</strong></span> <span class='ocrx_word' id='word_1_61' title='bbox 1747 1084 1890 1140; x_wconf 87' lang='lat' dir='ltr'><strong>Sane</strong></span> 
     </span>
    </p>
   </div>
   <div class='ocr_carea' id='block_1_13' title="bbox 313 1181 1888 1250">
    <p class='ocr_par' dir='ltr' id='par_1_13' title="bbox 313 1181 1888 1250">
     <span class='ocr_line' id='line_1_13' title="bbox 313 1181 1888 1250; baseline 0.002 -15"><span class='ocrx_word' id='word_1_62' title='bbox 313 1182 438 1235; x_wconf 75' lang='lat' dir='ltr'><strong>talia</strong></span> <span class='ocrx_word' id='word_1_63' title='bbox 470 1183 696 1236; x_wconf 80' lang='lat' dir='ltr'><strong>curandi</strong></span> <span class='ocrx_word' id='word_1_64' title='bbox 729 1183 928 1235; x_wconf 77' lang='lat' dir='ltr'><strong>avitum</strong></span> <span class='ocrx_word' id='word_1_65' title='bbox 966 1182 1270 1250; x_wconf 87' lang='lat' dir='ltr'><strong>exemplum</strong></span> <span class='ocrx_word' id='word_1_66' title='bbox 1309 1181 1521 1236; x_wconf 80' lang='lat' dir='ltr'><strong>Manuel</strong></span> <span class='ocrx_word' id='word_1_67' title='bbox 1551 1183 1761 1245; x_wconf 79' lang='lat' dir='ltr'><strong>habuit,</strong></span> <span class='ocrx_word' id='word_1_68' title='bbox 1795 1197 1888 1238; x_wconf 80' lang='lat' dir='ltr'><strong>ne-</strong></span> 
     </span>
    </p>
   </div>
   <div class='ocr_carea' id='block_1_14' title="bbox 313 1273 1886 1347">
    <p class='ocr_par' dir='ltr' id='par_1_14' title="bbox 313 1273 1886 1347">
     <span class='ocr_line' id='line_1_14' title="bbox 313 1273 1886 1347; baseline 0.004 -22"><span class='ocrx_word' id='word_1_69' title='bbox 313 1289 409 1342; x_wconf 88' lang='lat' dir='ltr'><strong>pos</strong></span> <span class='ocrx_word' id='word_1_70' title='bbox 461 1277 652 1343; x_wconf 90' lang='lat' dir='ltr'><strong>utique</strong></span> <span class='ocrx_word' id='word_1_71' title='bbox 711 1275 1064 1342; x_wconf 74' lang='lat' dir='ltr'><strong>imperatoris</strong></span> <span class='ocrx_word' id='word_1_72' title='bbox 1126 1274 1300 1330; x_wconf 80' lang='lat' dir='ltr'><strong>Alexii</strong></span> <span class='ocrx_word' id='word_1_73' title='bbox 1358 1273 1649 1340; x_wconf 87' lang='lat' dir='ltr'><strong>Comneni,</strong></span> <span class='ocrx_word' id='word_1_74' title='bbox 1722 1294 1886 1347; x_wconf 92' lang='lat' dir='ltr'><strong>quem</strong></span> 
     </span>
    </p>
   </div>
   <div class='ocr_carea' id='block_1_15' title="bbox 314 1365 1891 1436">
    <p class='ocr_par' dir='ltr' id='par_1_15' title="bbox 314 1365 1891 1436">
     <span class='ocr_line' id='line_1_15' title="bbox 314 1365 1891 1436; baseline 0.004 -18"><span class='ocrx_word' id='word_1_75' title='bbox 314 1367 488 1436; x_wconf 83' lang='lat' dir='ltr'><strong>ipsius</strong></span> <span class='ocrx_word' id='word_1_76' title='bbox 528 1368 664 1432; x_wconf 81' lang='lat' dir='ltr'><strong>lilia,</strong></span> <span class='ocrx_word' id='word_1_77' title='bbox 696 1365 958 1427; x_wconf 82' lang='lat' dir='ltr'><strong>Manuelis</strong></span> <span class='ocrx_word' id='word_1_78' title='bbox 991 1367 1152 1420; x_wconf 87' lang='lat' dir='ltr'><strong>amita</strong></span> <span class='ocrx_word' id='word_1_79' title='bbox 1186 1370 1339 1422; x_wconf 86' lang='lat' dir='ltr'><strong>Anna</strong></span> <span class='ocrx_word' id='word_1_80' title='bbox 1378 1381 1646 1424; x_wconf 79' lang='lat' dir='ltr'><strong>memorat</strong></span> <span class='ocrx_word' id='word_1_81' title='bbox 1674 1371 1891 1426; x_wconf 80' lang='lat' dir='ltr'><strong>Alexin-</strong></span> 
     </span>
    </p>
   </div>
   <div class='ocr_carea' id='block_1_16' title="bbox 281 1459 1888 1534">
    <p class='ocr_par' dir='ltr' id='par_1_16' title="bbox 281 1459 1888 1534">
     <span class='ocr_line' id='line_1_16' title="bbox 281 1459 1888 1534; baseline 0.004 -20"><span class='ocrx_word' id='word_1_82' title='bbox 281 1461 396 1520; x_wconf 86' lang='lat' dir='ltr'><strong>_dis</strong></span> <span class='ocrx_word' id='word_1_83' title='bbox 438 1460 474 1514; x_wconf 89' lang='lat' dir='ltr'><strong>L</strong></span> <span class='ocrx_word' id='word_1_84' title='bbox 509 1477 599 1526; x_wconf 96' lang='lat' dir='ltr'><strong>xv,</strong></span> <span class='ocrx_word' id='word_1_85' title='bbox 661 1476 716 1531; x_wconf 91' lang='lat' dir='ltr'><strong>p.</strong></span> <span class='ocrx_word' id='word_1_86' title='bbox 756 1459 861 1515; x_wconf 73' lang='grc'><strong>490</strong></span> <span class='ocrx_word' id='word_1_87' title='bbox 903 1461 992 1515; x_wconf 86' lang='lat' dir='ltr'><strong>ed.</strong></span> <span class='ocrx_word' id='word_1_88' title='bbox 1039 1459 1171 1530; x_wconf 75' lang='lat' dir='ltr'><strong>Reg.</strong></span> <span class='ocrx_word' id='word_1_89' title='bbox 1207 1478 1430 1518; x_wconf 83' lang='lat' dir='ltr'><strong>curasse</strong></span> <span class='ocrx_word' id='word_1_90' title='bbox 1462 1480 1596 1534; x_wconf 90' lang='lat' dir='ltr'><strong>opus</strong></span> <span class='ocrx_word' id='word_1_91' title='bbox 1638 1466 1888 1533; x_wconf 88' lang='lat' dir='ltr'><strong>componi</strong></span> 
     </span>
    </p>
   </div>
   <div class='ocr_carea' id='block_1_17' title="bbox 309 1535 1887 1624">
    <p class='ocr_par' dir='ltr' id='par_1_17' title="bbox 309 1535 1887 1624">
     <span class='ocr_line' id='line_1_17' title="bbox 309 1535 1887 1624; baseline 0.003 -18"><span class='ocrx_word' id='word_1_92' title='bbox 309 1564 365 1606; x_wconf 86' lang='lat' dir='ltr'><strong>et</strong></span> <span class='ocrx_word' id='word_1_93' title='bbox 411 1535 510 1607; x_wconf 81' lang='lat' dir='ltr'><strong>edi</strong></span> <span class='ocrx_word' id='word_1_94' title='bbox 547 1555 850 1622; x_wconf 78' lang='lat' dir='ltr'><strong>argumenti</strong></span> <span class='ocrx_word' id='word_1_95' title='bbox 901 1564 1066 1624; x_wconf 89' lang='lat' dir='ltr'><strong>atque</strong></span> <span class='ocrx_word' id='word_1_96' title='bbox 1120 1570 1248 1610; x_wconf 86' lang='lat' dir='ltr'><strong>usus</strong></span> <span class='ocrx_word' id='word_1_97' title='bbox 1289 1571 1393 1608; x_wconf 91' lang='lat' dir='ltr'><strong>non</strong></span> <span class='ocrx_word' id='word_1_98' title='bbox 1446 1556 1736 1612; x_wconf 80' lang='lat' dir='ltr'><strong>absimilis.</strong></span> <span class='ocrx_word' id='word_1_99' title='bbox 1771 1556 1887 1611; x_wconf 76' lang='lat' dir='ltr'><strong>Non</strong></span> 
     </span>
    </p>
   </div>
   <div class='ocr_carea' id='block_1_18' title="bbox 313 1647 1890 1720">
    <p class='ocr_par' dir='ltr' id='par_1_18' title="bbox 313 1647 1890 1720">
     <span class='ocr_line' id='line_1_18' title="bbox 313 1647 1890 1720; baseline 0.001 -19"><span class='ocrx_word' id='word_1_100' title='bbox 313 1647 419 1701; x_wconf 89' lang='lat' dir='ltr'><strong>erit</strong></span> <span class='ocrx_word' id='word_1_101' title='bbox 466 1647 562 1702; x_wconf 87' lang='lat' dir='ltr'><strong>abs</strong></span> <span class='ocrx_word' id='word_1_102' title='bbox 595 1663 651 1702; x_wconf 91' lang='lat' dir='ltr'><strong>re</strong></span> <span class='ocrx_word' id='word_1_103' title='bbox 679 1650 842 1702; x_wconf 88' lang='lat' dir='ltr'><strong>verba</strong></span> <span class='ocrx_word' id='word_1_104' title='bbox 883 1649 967 1703; x_wconf 91' lang='lat' dir='ltr'><strong>hic</strong></span> <span class='ocrx_word' id='word_1_105' title='bbox 1005 1653 1172 1703; x_wconf 75' lang='lat' dir='ltr'><strong>Anna:</strong></span> <span class='ocrx_word' id='word_1_106' title='bbox 1202 1665 1401 1719; x_wconf 88' lang='lat' dir='ltr'><strong>ponere</strong></span> <span class='ocrx_word' id='word_1_107' title='bbox 1423 1649 1574 1719; x_wconf 75' lang='lat' dir='ltr'><strong>}uxta</strong></span> <span class='ocrx_word' id='word_1_108' title='bbox 1620 1651 1890 1720; x_wconf 81' lang='lat' dir='ltr'><strong>interpre-</strong></span> 
     </span>
    </p>
   </div>
   <div class='ocr_carea' id='block_1_19' title="bbox 314 1741 1887 1815">
    <p class='ocr_par' dir='ltr' id='par_1_19' title="bbox 314 1741 1887 1815">
     <span class='ocr_line' id='line_1_19' title="bbox 314 1741 1887 1815; baseline 0.003 -23"><span class='ocrx_word' id='word_1_109' title='bbox 314 1742 580 1795; x_wconf 85' lang='lat' dir='ltr'><strong>tationem</strong></span> <span class='ocrx_word' id='word_1_110' title='bbox 611 1749 872 1798; x_wconf 89' lang='lat' dir='ltr'><strong>nostrain.</strong></span> <span class='ocrx_word' id='word_1_111' title='bbox 907 1741 1008 1797; x_wconf 87' lang='lat' dir='ltr'><strong>Ubi</strong></span> <span class='ocrx_word' id='word_1_112' title='bbox 1045 1741 1152 1811; x_wconf 77' lang='lat' dir='ltr'><strong>egit</strong></span> <span class='ocrx_word' id='word_1_113' title='bbox 1189 1743 1306 1796; x_wconf 81' lang='lat' dir='ltr'><strong>fuse</strong></span> <span class='ocrx_word' id='word_1_114' title='bbox 1331 1744 1396 1796; x_wconf 90' lang='lat' dir='ltr'><strong>de</strong></span> <span class='ocrx_word' id='word_1_115' title='bbox 1429 1742 1627 1798; x_wconf 82' lang='lat' dir='ltr'><strong>Basilio</strong></span> <span class='ocrx_word' id='word_1_116' title='bbox 1654 1749 1887 1815; x_wconf 83' lang='lat' dir='ltr'><strong>quodam</strong></span> 
     </span>
    </p>
   </div>
   <div class='ocr_carea' id='block_1_20' title="bbox 1993 522 3568 597">
    <p class='ocr_par' dir='ltr' id='par_1_20' title="bbox 1993 522 3568 597">
     <span class='ocr_line' id='line_1_20' title="bbox 1993 522 3568 597; baseline 0.001 -19"><span class='ocrx_word' id='word_1_117' title='bbox 1993 524 2167 578; x_wconf 81' lang='lat' dir='ltr'><strong>ximus</strong></span> <span class='ocrx_word' id='word_1_118' title='bbox 2212 522 2544 592; x_wconf 77' lang='lat' dir='ltr'><strong>Margunius,</strong></span> <span class='ocrx_word' id='word_1_119' title='bbox 2578 522 2794 578; x_wconf 77' lang='lat' dir='ltr'><strong>Gabriel</strong></span> <span class='ocrx_word' id='word_1_120' title='bbox 2846 524 3078 579; x_wconf 76' lang='lat' dir='ltr'><strong>Severus</strong></span> <span class='ocrx_word' id='word_1_121' title='bbox 3121 524 3568 597; x_wconf 78' lang='lat' dir='ltr'><strong>l’liiladelphien-</strong></span> 
     </span>
    </p>
   </div>
   <div class='ocr_carea' id='block_1_21' title="bbox 1995 613 3568 688">
    <p class='ocr_par' dir='ltr' id='par_1_21' title="bbox 1995 613 3568 688">
     <span class='ocr_line' id='line_1_21' title="bbox 1995 613 3568 688; baseline 0.005 -21"><span class='ocrx_word' id='word_1_122' title='bbox 1995 617 2093 679; x_wconf 81' lang='lat' dir='ltr'><strong>sis,</strong></span> <span class='ocrx_word' id='word_1_123' title='bbox 2147 613 2408 684; x_wconf 77' lang='lat' dir='ltr'><strong>Georgius</strong></span> <span class='ocrx_word' id='word_1_124' title='bbox 2451 615 2726 679; x_wconf 82' lang='lat' dir='ltr'><strong>Coresius,</strong></span> <span class='ocrx_word' id='word_1_125' title='bbox 2794 619 3078 684; x_wconf 80' lang='lat' dir='ltr'><strong>etpassim</strong></span> <span class='ocrx_word' id='word_1_126' title='bbox 3127 617 3242 685; x_wconf 75' lang='lat' dir='ltr'><strong>alii,</strong></span> <span class='ocrx_word' id='word_1_127' title='bbox 3305 619 3568 688; x_wconf 78' lang='lat' dir='ltr'><strong>colligunt</strong></span> 
     </span>
    </p>
   </div>
   <div class='ocr_carea' id='block_1_22' title="bbox 1993 709 3563 780">
    <p class='ocr_par' dir='ltr' id='par_1_22' title="bbox 1993 709 3563 780">
     <span class='ocr_line' id='line_1_22' title="bbox 1993 709 3563 780; baseline 0.006 -22"><span class='ocrx_word' id='word_1_128' title='bbox 1993 727 2113 780; x_wconf 71' lang='lat' dir='ltr'><strong>eum</strong></span> <span class='ocrx_word' id='word_1_129' title='bbox 2144 724 2372 779; x_wconf 79' lang='lat' dir='ltr'><strong>negasse</strong></span> <span class='ocrx_word' id='word_1_130' title='bbox 2398 711 2569 764; x_wconf 86' lang='lat' dir='ltr'><strong>sancti</strong></span> <span class='ocrx_word' id='word_1_131' title='bbox 2605 709 2841 779; x_wconf 86' lang='lat' dir='ltr'><strong>Spiritus</strong></span> <span class='ocrx_word' id='word_1_132' title='bbox 2867 711 3270 780; x_wconf 79' lang='lat' dir='ltr'><strong>proccssioneiu</strong></span> <span class='ocrx_word' id='word_1_133' title='bbox 3296 728 3359 768; x_wconf 87' lang='lat' dir='ltr'><strong>ex</strong></span> <span class='ocrx_word' id='word_1_134' title='bbox 3387 713 3563 769; x_wconf 77' lang='lat' dir='ltr'><strong>Filio:</strong></span> 
     </span>
    </p>
   </div>
   <div class='ocr_carea' id='block_1_23' title="bbox 1993 799 3565 870">
    <p class='ocr_par' dir='ltr' id='par_1_23' title="bbox 1993 799 3565 870">
     <span class='ocr_line' id='line_1_23' title="bbox 1993 799 3565 870; baseline 0.006 -16"><span class='ocrx_word' id='word_1_135' title='bbox 1993 803 2087 855; x_wconf 84' lang='lat' dir='ltr'><strong>sed</strong></span> <span class='ocrx_word' id='word_1_136' title='bbox 2107 815 2157 856; x_wconf 86' lang='lat' dir='ltr'><strong>et</strong></span> <span class='ocrx_word' id='word_1_137' title='bbox 2190 819 2218 856; x_wconf 91' lang='lat' dir='ltr'><strong>e</strong></span> <span class='ocrx_word' id='word_1_138' title='bbox 2258 801 2654 856; x_wconf 90' lang='lat' dir='ltr'><strong>recentioribus</strong></span> <span class='ocrx_word' id='word_1_139' title='bbox 2679 799 2884 857; x_wconf 89' lang='lat' dir='ltr'><strong>Latinis</strong></span> <span class='ocrx_word' id='word_1_140' title='bbox 2920 802 2970 856; x_wconf 88' lang='lat' dir='ltr'><strong>id</strong></span> <span class='ocrx_word' id='word_1_141' title='bbox 3003 817 3099 870; x_wconf 85' lang='lat' dir='ltr'><strong>pro</strong></span> <span class='ocrx_word' id='word_1_142' title='bbox 3143 814 3293 858; x_wconf 89' lang='lat' dir='ltr'><strong>certo</strong></span> <span class='ocrx_word' id='word_1_143' title='bbox 3323 805 3565 864; x_wconf 80' lang='lat' dir='ltr'><strong>admittit</strong></span> 
     </span>
    </p>
   </div>
   <div class='ocr_carea' id='block_1_24' title="bbox 1990 893 3564 960">
    <p class='ocr_par' dir='ltr' id='par_1_24' title="bbox 1990 893 3564 960">
     <span class='ocr_line' id='line_1_24' title="bbox 1990 893 3564 960; baseline 0.004 -10"><span class='ocrx_word' id='word_1_144' title='bbox 1990 896 2187 954; x_wconf 79' lang='lat' dir='ltr'><strong>Joann.</strong></span> <span class='ocrx_word' id='word_1_145' title='bbox 2237 895 2513 950; x_wconf 85' lang='lat' dir='ltr'><strong>Gerardus</strong></span> <span class='ocrx_word' id='word_1_146' title='bbox 2551 893 2800 960; x_wconf 72' lang='lat' dir='ltr'><strong>Vossius,</strong></span> <span class='ocrx_word' id='word_1_147' title='bbox 2841 897 2876 950; x_wconf 89' lang='grc' dir='ltr'><strong>ι.</strong></span> <span class='ocrx_word' id='word_1_148' title='bbox 2933 912 2970 950; x_wconf 89' lang='lat' dir='ltr'><strong>tt</strong></span> <span class='ocrx_word' id='word_1_149' title='bbox 3005 895 3081 950; x_wconf 88' lang='lat' dir='ltr'><strong>De</strong></span> <span class='ocrx_word' id='word_1_150' title='bbox 3112 897 3378 952; x_wconf 81' lang='lat' dir='ltr'><strong>historicis</strong></span> <span class='ocrx_word' id='word_1_151' title='bbox 3409 899 3564 956; x_wconf 72' lang='lat' dir='ltr'><strong>Grc-</strong></span> 
     </span>
    </p>
   </div>
   <div class='ocr_carea' id='block_1_25' title="bbox 1992 977 3565 1059">
    <p class='ocr_par' dir='ltr' id='par_1_25' title="bbox 1992 977 3565 1059">
     <span class='ocr_line' id='line_1_25' title="bbox 1992 977 3565 1059; baseline 0.003 -16"><span class='ocrx_word' id='word_1_152' title='bbox 1992 990 2089 1050; x_wconf 80' lang='lat' dir='ltr'><strong>cis.</strong></span> <span class='ocrx_word' id='word_1_153' title='bbox 2123 1005 2174 1059; x_wconf 88' lang='lat' dir='ltr'><strong>p.</strong></span> <span class='ocrx_word' id='word_1_154' title='bbox 2197 977 2323 1044; x_wconf 72' lang='lat' dir='ltr'><strong>28L</strong></span> <span class='ocrx_word' id='word_1_155' title='bbox 2353 987 2494 1056; x_wconf 82' lang='lat' dir='ltr'><strong>Quin</strong></span> <span class='ocrx_word' id='word_1_156' title='bbox 2537 990 2704 1042; x_wconf 90' lang='lat' dir='ltr'><strong>multo</strong></span> <span class='ocrx_word' id='word_1_157' title='bbox 2743 1000 2869 1044; x_wconf 84' lang='lat' dir='ltr'><strong>ante</strong></span> <span class='ocrx_word' id='word_1_158' title='bbox 2895 991 2976 1042; x_wconf 86' lang='lat' dir='ltr'><strong>vir</strong></span> <span class='ocrx_word' id='word_1_159' title='bbox 3009 1005 3234 1046; x_wconf 79' lang='lat' dir='ltr'><strong>summa:</strong></span> <span class='ocrx_word' id='word_1_160' title='bbox 3264 995 3565 1050; x_wconf 83' lang='lat' dir='ltr'><strong>auctorita-</strong></span> 
     </span>
    </p>
   </div>
   <div class='ocr_carea' id='block_1_26' title="bbox 1995 1080 3565 1162">
    <p class='ocr_par' dir='ltr' id='par_1_26' title="bbox 1995 1080 3565 1162">
     <span class='ocr_line' id='line_1_26' title="bbox 1995 1080 3565 1162; baseline 0.004 -27"><span class='ocrx_word' id='word_1_161' title='bbox 1995 1083 2062 1137; x_wconf 86' lang='lat' dir='ltr'><strong>tis</strong></span> <span class='ocrx_word' id='word_1_162' title='bbox 2103 1081 2161 1135; x_wconf 90' lang='lat' dir='ltr'><strong>S.</strong></span> <span class='ocrx_word' id='word_1_163' title='bbox 2193 1080 2300 1137; x_wconf 84' lang='lat' dir='ltr'><strong>Th.</strong></span> <span class='ocrx_word' id='word_1_164' title='bbox 2355 1085 2544 1138; x_wconf 86' lang='lat' dir='ltr'><strong>doctor</strong></span> <span class='ocrx_word' id='word_1_165' title='bbox 2585 1082 2874 1150; x_wconf 74' lang='lat' dir='ltr'><strong>Angelicus</strong></span> <span class='ocrx_word' id='word_1_166' title='bbox 2925 1084 3063 1138; x_wconf 86' lang='lat' dir='ltr'><strong>idem</strong></span> <span class='ocrx_word' id='word_1_167' title='bbox 3116 1096 3464 1162; x_wconf 80' lang='lat' dir='ltr'><strong>concesserat</strong></span> <span class='ocrx_word' id='word_1_168' title='bbox 3511 1087 3565 1142; x_wconf 90' lang='lat' dir='ltr'><strong>in</strong></span> 
     </span>
    </p>
   </div>
   <div class='ocr_carea' id='block_1_27' title="bbox 1994 1162 3564 1246">
    <p class='ocr_par' dir='ltr' id='par_1_27' title="bbox 1994 1162 3564 1246">
     <span class='ocr_line' id='line_1_27' title="bbox 1994 1162 3564 1246; baseline 0.003 -16"><span class='ocrx_word' id='word_1_169' title='bbox 1994 1175 2233 1241; x_wconf 86' lang='lat' dir='ltr'><strong>Summa,</strong></span> <span class='ocrx_word' id='word_1_170' title='bbox 2270 1193 2308 1231; x_wconf 86' lang='lat' dir='ltr'><strong>tt</strong></span> <span class='ocrx_word' id='word_1_171' title='bbox 2354 1162 2530 1246; x_wconf 84' lang='lat' dir='ltr'><strong>parte,</strong></span> <span class='ocrx_word' id='word_1_172' title='bbox 2579 1188 2773 1246; x_wconf 76' lang='lat' dir='ltr'><strong>quat-st.</strong></span> <span class='ocrx_word' id='word_1_173' title='bbox 2821 1177 2910 1241; x_wconf 75' lang='lat'><strong>36,</strong></span> <span class='ocrx_word' id='word_1_174' title='bbox 2946 1190 3050 1232; x_wconf 91' lang='lat' dir='ltr'><strong>art.</strong></span> <span class='ocrx_word' id='word_1_175' title='bbox 3095 1179 3153 1246; x_wconf 74' lang='grc'><strong>2,</strong></span> <span class='ocrx_word' id='word_1_176' title='bbox 3196 1180 3286 1234; x_wconf 88' lang='lat' dir='ltr'><strong>ubi</strong></span> <span class='ocrx_word' id='word_1_177' title='bbox 3314 1196 3435 1234; x_wconf 89' lang='lat' dir='ltr'><strong>cum</strong></span> <span class='ocrx_word' id='word_1_178' title='bbox 3463 1180 3564 1236; x_wconf 91' lang='lat' dir='ltr'><strong>sibi</strong></span> 
     </span>
    </p>
   </div>
   <div class='ocr_carea' id='block_1_28' title="bbox 1992 1256 3564 1342">
    <p class='ocr_par' dir='ltr' id='par_1_28' title="bbox 1992 1256 3564 1342">
     <span class='ocr_line' id='line_1_28' title="bbox 1992 1256 3564 1342; baseline 0.001 -16"><span class='ocrx_word' id='word_1_179' title='bbox 1992 1272 2282 1338; x_wconf 77' lang='lat' dir='ltr'><strong>obiecisset</strong></span> <span class='ocrx_word' id='word_1_180' title='bbox 2312 1256 2632 1341; x_wconf 81' lang='lat' dir='ltr'><strong>argumento</strong></span> <span class='ocrx_word' id='word_1_181' title='bbox 2670 1272 2702 1324; x_wconf 82' lang='lat'><strong>3</strong></span> <span class='ocrx_word' id='word_1_182' title='bbox 2731 1273 2874 1326; x_wconf 88' lang='lat' dir='ltr'><strong>liuiic</strong></span> <span class='ocrx_word' id='word_1_183' title='bbox 2909 1273 3086 1342; x_wconf 87' lang='lat' dir='ltr'><strong>ipsum</strong></span> <span class='ocrx_word' id='word_1_184' title='bbox 3124 1273 3300 1330; x_wconf 84' lang='lat' dir='ltr'><strong>locum</strong></span> <span class='ocrx_word' id='word_1_185' title='bbox 3369 1274 3564 1330; x_wconf 83' lang='lat' dir='ltr'><strong>Dama-</strong></span> 
     </span>
    </p>
   </div>
   <div class='ocr_carea' id='block_1_29' title="bbox 1991 1364 3570 1437">
    <p class='ocr_par' dir='ltr' id='par_1_29' title="bbox 1991 1364 3570 1437">
     <span class='ocr_line' id='line_1_29' title="bbox 1991 1364 3570 1437; baseline 0.001 -19"><span class='ocrx_word' id='word_1_186' title='bbox 1991 1365 2167 1427; x_wconf 85' lang='lat' dir='ltr'><strong>sceni,</strong></span> <span class='ocrx_word' id='word_1_187' title='bbox 2194 1365 2273 1418; x_wconf 90' lang='lat' dir='ltr'><strong>sic</strong></span> <span class='ocrx_word' id='word_1_188' title='bbox 2324 1366 2614 1433; x_wconf 72' lang='lat' dir='ltr'><strong>respondet</strong></span> <span class='ocrx_word' id='word_1_189' title='bbox 2648 1379 2664 1418; x_wconf 88' lang='lat'><strong>:</strong></span> <span class='ocrx_word' id='word_1_190' title='bbox 2698 1364 2779 1418; x_wconf 77' lang='lat' dir='ltr'><strong>Ad</strong></span> <span class='ocrx_word' id='word_1_191' title='bbox 2830 1364 2863 1420; x_wconf 77' lang='grc'><strong>5</strong></span> <span class='ocrx_word' id='word_1_192' title='bbox 2912 1367 3190 1420; x_wconf 81' lang='lat' dir='ltr'><strong>dicendum</strong></span> <span class='ocrx_word' id='word_1_193' title='bbox 3237 1370 3374 1436; x_wconf 83' lang='lat' dir='ltr'><strong>quod</strong></span> <span class='ocrx_word' id='word_1_194' title='bbox 3401 1367 3570 1437; x_wconf 82' lang='lat' dir='ltr'><strong>Spiri-</strong></span> 
     </span>
    </p>
   </div>
   <div class='ocr_carea' id='block_1_30' title="bbox 1992 1459 3567 1532">
    <p class='ocr_par' dir='ltr' id='par_1_30' title="bbox 1992 1459 3567 1532">
     <span class='ocr_line' id='line_1_30' title="bbox 1992 1459 3567 1532; baseline 0.003 -20"><span class='ocrx_word' id='word_1_195' title='bbox 1992 1471 2100 1512; x_wconf 88' lang='lat' dir='ltr'><strong>tum</strong></span> <span class='ocrx_word' id='word_1_196' title='bbox 2153 1471 2392 1514; x_wconf 86' lang='lat' dir='ltr'><strong>sanctum</strong></span> <span class='ocrx_word' id='word_1_197' title='bbox 2446 1476 2547 1512; x_wconf 86' lang='lat' dir='ltr'><strong>non</strong></span> <span class='ocrx_word' id='word_1_198' title='bbox 2603 1461 2880 1529; x_wconf 82' lang='lat' dir='ltr'><strong>procedere</strong></span> <span class='ocrx_word' id='word_1_199' title='bbox 2936 1477 2968 1513; x_wconf 80' lang='grc' dir='ltr'>α</span> <span class='ocrx_word' id='word_1_200' title='bbox 3027 1459 3166 1516; x_wconf 86' lang='lat' dir='ltr'><strong>Filio</strong></span> <span class='ocrx_word' id='word_1_201' title='bbox 3199 1470 3366 1532; x_wconf 80' lang='lat' dir='ltr'><strong>primo</strong></span> <span class='ocrx_word' id='word_1_202' title='bbox 3395 1462 3494 1532; x_wconf 80' lang='lat' dir='ltr'><strong>fuit</strong></span> <span class='ocrx_word' id='word_1_203' title='bbox 3535 1479 3567 1517; x_wconf 74' lang='grc' dir='ltr'><strong><em>η</em></strong></span> 
     </span>
    </p>
   </div>
   <div class='ocr_carea' id='block_1_31' title="bbox 1997 1550 3571 1627">
    <p class='ocr_par' dir='ltr' id='par_1_31' title="bbox 1997 1550 3571 1627">
     <span class='ocr_line' id='line_1_31' title="bbox 1997 1550 3571 1627; baseline 0.004 -23"><span class='ocrx_word' id='word_1_204' title='bbox 1997 1550 2335 1606; x_wconf 84' lang='lat' dir='ltr'><strong>Nestorianis</strong></span> <span class='ocrx_word' id='word_1_205' title='bbox 2389 1553 2770 1618; x_wconf 82' lang='lat' dir='ltr'><strong>introductum,</strong></span> <span class='ocrx_word' id='word_1_206' title='bbox 2823 1567 2876 1610; x_wconf 88' lang='lat' dir='ltr'><strong>ut</strong></span> <span class='ocrx_word' id='word_1_207' title='bbox 2920 1564 3064 1627; x_wconf 81' lang='lat' dir='ltr'><strong>patet</strong></span> <span class='ocrx_word' id='word_1_208' title='bbox 3095 1557 3148 1619; x_wconf 86' lang='lat' dir='ltr'><strong>in</strong></span> <span class='ocrx_word' id='word_1_209' title='bbox 3179 1557 3406 1623; x_wconf 86' lang='lat' dir='ltr'><strong>quodam</strong></span> <span class='ocrx_word' id='word_1_210' title='bbox 3430 1574 3571 1627; x_wconf 74' lang='lat' dir='ltr'><strong>sym-</strong></span> 
     </span>
    </p>
   </div>
   <div class='ocr_carea' id='block_1_32' title="bbox 1993 1644 3566 1719">
    <p class='ocr_par' dir='ltr' id='par_1_32' title="bbox 1993 1644 3566 1719">
     <span class='ocr_line' id='line_1_32' title="bbox 1993 1644 3566 1719; baseline 0.004 -21"><span class='ocrx_word' id='word_1_211' title='bbox 1993 1644 2110 1699; x_wconf 80' lang='lat' dir='ltr'><strong>bolo</strong></span> <span class='ocrx_word' id='word_1_212' title='bbox 2151 1645 2592 1700; x_wconf 78' lang='lat' dir='ltr'><strong>Nestoriauorui‘n</strong></span> <span class='ocrx_word' id='word_1_213' title='bbox 2649 1648 2900 1719; x_wconf 80' lang='lat' dir='ltr'><strong>damnato</strong></span> <span class='ocrx_word' id='word_1_214' title='bbox 2936 1649 2988 1701; x_wconf 84' lang='lat' dir='ltr'><strong>in</strong></span> <span class='ocrx_word' id='word_1_215' title='bbox 3031 1645 3299 1713; x_wconf 79' lang='lat' dir='ltr'><strong>Ephesina</strong></span> <span class='ocrx_word' id='word_1_216' title='bbox 3343 1653 3566 1714; x_wconf 80' lang='lat' dir='ltr'><strong>sunodo.</strong></span> 
     </span>
    </p>
   </div>
   <div class='ocr_carea' id='block_1_33' title="bbox 1997 1735 3570 1810">
    <p class='ocr_par' dir='ltr' id='par_1_33' title="bbox 1997 1735 3570 1810">
     <span class='ocr_line' id='line_1_33' title="bbox 1997 1735 3570 1810; baseline 0.003 -21"><span class='ocrx_word' id='word_1_217' title='bbox 1997 1735 2064 1789; x_wconf 86' lang='lat' dir='ltr'><strong>Et</strong></span> <span class='ocrx_word' id='word_1_218' title='bbox 2112 1738 2248 1790; x_wconf 84' lang='lat' dir='ltr'><strong>hunc</strong></span> <span class='ocrx_word' id='word_1_219' title='bbox 2300 1753 2532 1792; x_wconf 85' lang='lat' dir='ltr'><strong>errorem</strong></span> <span class='ocrx_word' id='word_1_220' title='bbox 2590 1749 2798 1791; x_wconf 86' lang='lat' dir='ltr'><strong>secutus</strong></span> <span class='ocrx_word' id='word_1_221' title='bbox 2849 1738 2950 1808; x_wconf 76' lang='lat' dir='ltr'><strong>fuit</strong></span> <span class='ocrx_word' id='word_1_222' title='bbox 3011 1737 3366 1794; x_wconf 80' lang='lat' dir='ltr'><strong>Tlicodori&#39;rus</strong></span> <span class='ocrx_word' id='word_1_223' title='bbox 3406 1739 3570 1810; x_wconf 77' lang='lat' dir='ltr'><strong>(forte</strong></span> 
     </span>
    </p>
   </div>
   <div class='ocr_carea' id='block_1_34' title="bbox 315 1806 3568 1906">
    <p class='ocr_par' dir='ltr' id='par_1_34' title="bbox 315 1806 3568 1906">
     <span class='ocr_line' id='line_1_34' title="bbox 315 1806 3568 1906; baseline 0.003 -32"><span class='ocrx_word' id='word_1_224' title='bbox 315 1845 547 1887; x_wconf 69' lang='lat' dir='ltr'><strong>auclore</strong></span> <span class='ocrx_word' id='word_1_225' title='bbox 598 1835 823 1889; x_wconf 51' lang='lat' dir='ltr'><strong>“tresis</strong></span> <span class='ocrx_word' id='word_1_226' title='bbox 869 1849 1031 1902; x_wconf 74' lang='lat' dir='ltr'><strong>quam</strong></span> <span class='ocrx_word' id='word_1_227' title='bbox 1075 1843 1232 1889; x_wconf 58' lang='lat' dir='ltr'><strong>vocat</strong></span> <span class='ocrx_word' id='word_1_228' title='bbox 1275 1834 1704 1903; x_wconf 62' lang='lat' dir='ltr'><strong>Rogomilormn,</strong></span> <span class='ocrx_word' id='word_1_229' title='bbox 1751 1853 1888 1906; x_wconf 74' lang='lat' dir='ltr'><strong>quo-</strong></span> <span class='ocrx_word' id='word_1_230' title='bbox 1923 1806 1964 1863; x_wconf 71' lang='grc' dir='ltr'><strong>Β</strong></span> <span class='ocrx_word' id='word_1_231' title='bbox 1997 1829 2278 1898; x_wconf 76' lang='lat' dir='ltr'><strong>legendum</strong></span> <span class='ocrx_word' id='word_1_232' title='bbox 2317 1828 2681 1902; x_wconf 81' lang='lat' dir='ltr'><strong>Tlteodoritus)</strong></span> <span class='ocrx_word' id='word_1_233' title='bbox 2737 1829 3089 1885; x_wconf 75' lang='lat' dir='ltr'><strong>Nestorianus</strong></span> <span class='ocrx_word' id='word_1_234' title='bbox 3139 1842 3188 1886; x_wconf 72' lang='grc' dir='ltr'><strong>ε(</strong></span> <span class='ocrx_word' id='word_1_235' title='bbox 3229 1827 3404 1899; x_wconf 78' lang='lat' dir='ltr'><strong>plures</strong></span> <span class='ocrx_word' id='word_1_236' title='bbox 3452 1841 3568 1901; x_wconf 60' lang='grc' dir='ltr'><strong>ροβε</strong></span> 
     </span>
    </p>
   </div>
   <div class='ocr_carea' id='block_1_35' title="bbox 314 1927 1888 2000">
    <p class='ocr_par' dir='ltr' id='par_1_35' title="bbox 314 1927 1888 2000">
     <span class='ocr_line' id='line_1_35' title="bbox 314 1927 1888 2000; baseline 0.003 -20"><span class='ocrx_word' id='word_1_237' title='bbox 314 1943 438 1980; x_wconf 82' lang='lat' dir='ltr'><strong>rum</strong></span> <span class='ocrx_word' id='word_1_238' title='bbox 479 1931 730 1992; x_wconf 61' lang='lat' dir='ltr'><strong>dominata</strong></span> <span class='ocrx_word' id='word_1_239' title='bbox 771 1939 825 1980; x_wconf 91' lang='lat' dir='ltr'><strong>et</strong></span> <span class='ocrx_word' id='word_1_240' title='bbox 866 1927 1111 1982; x_wconf 78' lang='lat' dir='ltr'><strong>facinora</strong></span> <span class='ocrx_word' id='word_1_241' title='bbox 1151 1929 1222 1984; x_wconf 91' lang='lat' dir='ltr'><strong>ob</strong></span> <span class='ocrx_word' id='word_1_242' title='bbox 1258 1929 1646 2000; x_wconf 82' lang='lat' dir='ltr'><strong>turpitudinem</strong></span> <span class='ocrx_word' id='word_1_243' title='bbox 1686 1930 1888 1986; x_wconf 76' lang='lat' dir='ltr'><strong>referre</strong></span> 
     </span>
    </p>
   </div>
   <div class='ocr_carea' id='block_1_36' title="bbox 313 2022 1885 2088">
    <p class='ocr_par' dir='ltr' id='par_1_36' title="bbox 313 2022 1885 2088">
     <span class='ocr_line' id='line_1_36' title="bbox 313 2022 1885 2088; baseline 0.001 -14"><span class='ocrx_word' id='word_1_244' title='bbox 313 2034 373 2074; x_wconf 87' lang='lat' dir='ltr'><strong>se</strong></span> <span class='ocrx_word' id='word_1_245' title='bbox 401 2022 605 2074; x_wconf 82' lang='lat' dir='ltr'><strong>audere</strong></span> <span class='ocrx_word' id='word_1_246' title='bbox 655 2031 837 2088; x_wconf 77' lang='lat' dir='ltr'><strong>negat,</strong></span> <span class='ocrx_word' id='word_1_247' title='bbox 891 2035 1186 2076; x_wconf 89' lang='lat' dir='ltr'><strong>memorem</strong></span> <span class='ocrx_word' id='word_1_248' title='bbox 1233 2024 1573 2076; x_wconf 71' lang='lat' dir='ltr'><strong>verecundiae</strong></span> <span class='ocrx_word' id='word_1_249' title='bbox 1606 2024 1885 2078; x_wconf 76' lang='lat' dir='ltr'><strong>mulierem</strong></span> 
     </span>
    </p>
   </div>
   <div class='ocr_carea' id='block_1_37' title="bbox 315 2113 1886 2188">
    <p class='ocr_par' dir='ltr' id='par_1_37' title="bbox 315 2113 1886 2188">
     <span class='ocr_line' id='line_1_37' title="bbox 315 2113 1886 2188; baseline 0.003 -24"><span class='ocrx_word' id='word_1_250' title='bbox 315 2129 552 2183; x_wconf 79' lang='lat' dir='ltr'><strong>eamque</strong></span> <span class='ocrx_word' id='word_1_251' title='bbox 577 2113 876 2185; x_wconf 77' lang='lat' dir='ltr'><strong>principem</strong></span> <span class='ocrx_word' id='word_1_252' title='bbox 903 2115 1163 2178; x_wconf 86' lang='lat' dir='ltr'><strong>decentis,</strong></span> <span class='ocrx_word' id='word_1_253' title='bbox 1192 2116 1268 2170; x_wconf 78' lang='lat' dir='ltr'><strong>sic</strong></span> <span class='ocrx_word' id='word_1_254' title='bbox 1288 2120 1549 2171; x_wconf 86' lang='lat' dir='ltr'><strong>continuo</strong></span> <span class='ocrx_word' id='word_1_255' title='bbox 1571 2116 1846 2188; x_wconf 72' lang='lat' dir='ltr'><strong>subiungit</strong></span> <span class='ocrx_word' id='word_1_256' title='bbox 1874 2137 1886 2174; x_wconf 86' lang='lat'><strong>:</strong></span> 
     </span>
    </p>
   </div>
   <div class='ocr_carea' id='block_1_38' title="bbox 319 2206 1891 2277">
    <p class='ocr_par' dir='ltr' id='par_1_38' title="bbox 319 2206 1891 2277">
     <span class='ocr_line' id='line_1_38' title="bbox 319 2206 1891 2277; baseline 0.002 -17"><span class='ocrx_word' id='word_1_257' title='bbox 319 2206 455 2272; x_wconf 73' lang='lat' dir='ltr'><strong>Qua:</strong></span> <span class='ocrx_word' id='word_1_258' title='bbox 492 2208 539 2259; x_wconf 89' lang='lat' dir='ltr'><strong>si</strong></span> <span class='ocrx_word' id='word_1_259' title='bbox 572 2207 658 2260; x_wconf 79' lang='lat' dir='ltr'><strong>cui</strong></span> <span class='ocrx_word' id='word_1_260' title='bbox 693 2224 846 2262; x_wconf 72' lang='lat' dir='ltr'><strong>nosse</strong></span> <span class='ocrx_word' id='word_1_261' title='bbox 894 2209 1034 2261; x_wconf 85' lang='lat' dir='ltr'><strong>tanti</strong></span> <span class='ocrx_word' id='word_1_262' title='bbox 1059 2220 1155 2264; x_wconf 77' lang='lat' dir='ltr'><strong>est.</strong></span> <span class='ocrx_word' id='word_1_263' title='bbox 1202 2209 1475 2263; x_wconf 72' lang='lat' dir='ltr'><strong>consulere</strong></span> <span class='ocrx_word' id='word_1_264' title='bbox 1508 2213 1550 2263; x_wconf 89' lang='lat' dir='ltr'><strong>is</strong></span> <span class='ocrx_word' id='word_1_265' title='bbox 1583 2214 1772 2277; x_wconf 78' lang='lat' dir='ltr'><strong>poterit</strong></span> <span class='ocrx_word' id='word_1_266' title='bbox 1827 2212 1891 2264; x_wconf 86' lang='lat' dir='ltr'><strong>li-</strong></span> 
     </span>
    </p>
   </div>
   <div class='ocr_carea' id='block_1_39' title="bbox 320 2299 1892 2372">
    <p class='ocr_par' dir='ltr' id='par_1_39' title="bbox 320 2299 1892 2372">
     <span class='ocr_line' id='line_1_39' title="bbox 320 2299 1892 2372; baseline 0.004 -22"><span class='ocrx_word' id='word_1_267' title='bbox 320 2300 475 2353; x_wconf 83' lang='lat' dir='ltr'><strong>brum</strong></span> <span class='ocrx_word' id='word_1_268' title='bbox 523 2301 612 2369; x_wconf 86' lang='lat' dir='ltr'><strong>qui</strong></span> <span class='ocrx_word' id='word_1_269' title='bbox 673 2301 983 2354; x_wconf 84' lang='lat' dir='ltr'><strong>inscribitur</strong></span> <span class='ocrx_word' id='word_1_270' title='bbox 1040 2299 1350 2370; x_wconf 63' lang='lat' dir='ltr'><strong>Dognia&#39;ica</strong></span> <span class='ocrx_word' id='word_1_271' title='bbox 1405 2300 1686 2370; x_wconf 83' lang='lat' dir='ltr'><strong>Panoplt&#39;a,</strong></span> <span class='ocrx_word' id='word_1_272' title='bbox 1737 2303 1892 2372; x_wconf 72' lang='lat' dir='ltr'><strong>jusitt</strong></span> 
     </span>
    </p>
   </div>
   <div class='ocr_carea' id='block_1_40' title="bbox 320 2395 1892 2466">
    <p class='ocr_par' dir='ltr' id='par_1_40' title="bbox 320 2395 1892 2466">
     <span class='ocr_line' id='line_1_40' title="bbox 320 2395 1892 2466; baseline 0.004 -20"><span class='ocrx_word' id='word_1_273' title='bbox 320 2395 424 2447; x_wconf 83' lang='lat' dir='ltr'><strong>mei</strong></span> <span class='ocrx_word' id='word_1_274' title='bbox 469 2396 636 2463; x_wconf 87' lang='lat' dir='ltr'><strong>patris</strong></span> <span class='ocrx_word' id='word_1_275' title='bbox 667 2396 920 2462; x_wconf 84' lang='lat' dir='ltr'><strong>scrip&#39;um</strong></span> <span class='ocrx_word' id='word_1_276' title='bbox 970 2405 1123 2465; x_wconf 75' lang='lat' dir='ltr'><strong>atque</strong></span> <span class='ocrx_word' id='word_1_277' title='bbox 1156 2397 1376 2448; x_wconf 59' lang='lat' dir='ltr'><strong>alitum.</strong></span> <span class='ocrx_word' id='word_1_278' title='bbox 1436 2397 1634 2450; x_wconf 81' lang='lat' dir='ltr'><strong>Auctor</strong></span> <span class='ocrx_word' id='word_1_279' title='bbox 1662 2399 1776 2466; x_wconf 74' lang='lat' dir='ltr'><strong>ejus</strong></span> <span class='ocrx_word' id='word_1_280' title='bbox 1817 2410 1892 2452; x_wconf 79' lang='lat' dir='ltr'><strong>est</strong></span> 
     </span>
    </p>
   </div>
   <div class='ocr_carea' id='block_1_41' title="bbox 322 2489 1895 2558">
    <p class='ocr_par' dir='ltr' id='par_1_41' title="bbox 322 2489 1895 2558">
     <span class='ocr_line' id='line_1_41' title="bbox 322 2489 1895 2558; baseline 0.007 -19"><span class='ocrx_word' id='word_1_281' title='bbox 322 2489 608 2541; x_wconf 73' lang='lat' dir='ltr'><strong>monachus</strong></span> <span class='ocrx_word' id='word_1_282' title='bbox 668 2489 979 2558; x_wconf 78' lang='lat' dir='ltr'><strong>Zygadenus</strong></span> <span class='ocrx_word' id='word_1_283' title='bbox 1033 2489 1260 2552; x_wconf 83' lang='lat' dir='ltr'><strong>nomine,</strong></span> <span class='ocrx_word' id='word_1_284' title='bbox 1294 2501 1449 2544; x_wconf 83' lang='lat' dir='ltr'><strong>notus</strong></span> <span class='ocrx_word' id='word_1_285' title='bbox 1505 2492 1730 2546; x_wconf 67' lang='lat' dir='ltr'><strong>doiiiintu</strong></span> <span class='ocrx_word' id='word_1_286' title='bbox 1771 2511 1895 2550; x_wconf 69' lang='lat' dir='ltr'><strong>mea</strong></span> 
     </span>
    </p>
   </div>
   <div class='ocr_carea' id='block_1_42' title="bbox 320 2581 1900 2652">
    <p class='ocr_par' dir='ltr' id='par_1_42' title="bbox 320 2581 1900 2652">
     <span class='ocr_line' id='line_1_42' title="bbox 320 2581 1900 2652; baseline 0.007 -22"><span class='ocrx_word' id='word_1_287' title='bbox 320 2581 454 2633; x_wconf 75' lang='lat' dir='ltr'><strong>asia:</strong></span> <span class='ocrx_word' id='word_1_288' title='bbox 485 2593 757 2637; x_wconf 70' lang='lat' dir='ltr'><strong>maternn&#39;.</strong></span> <span class='ocrx_word' id='word_1_289' title='bbox 790 2592 834 2632; x_wconf 74' lang='lat' dir='ltr'><strong>et</strong></span> <span class='ocrx_word' id='word_1_290' title='bbox 866 2583 1101 2633; x_wconf 85' lang='lat' dir='ltr'><strong>omnibus</strong></span> <span class='ocrx_word' id='word_1_291' title='bbox 1137 2581 1242 2635; x_wconf 75' lang='lat' dir='ltr'><strong>Deo</strong></span> <span class='ocrx_word' id='word_1_292' title='bbox 1278 2585 1440 2636; x_wconf 84' lang='lat' dir='ltr'><strong>sacris</strong></span> <span class='ocrx_word' id='word_1_293' title='bbox 1473 2584 1789 2652; x_wconf 79' lang='lat' dir='ltr'><strong>hominibus,</strong></span> <span class='ocrx_word' id='word_1_294' title='bbox 1813 2605 1900 2641; x_wconf 76' lang='lat' dir='ltr'><strong>sa-</strong></span> 
     </span>
    </p>
   </div>
   <div class='ocr_carea' id='block_1_43' title="bbox 321 2671 1893 2742">
    <p class='ocr_par' dir='ltr' id='par_1_43' title="bbox 321 2671 1893 2742">
     <span class='ocr_line' id='line_1_43' title="bbox 321 2671 1893 2742; baseline 0.005 -18"><span class='ocrx_word' id='word_1_295' title='bbox 321 2672 621 2724; x_wconf 77' lang='lat' dir='ltr'><strong>cerdotibus</strong></span> <span class='ocrx_word' id='word_1_296' title='bbox 648 2688 708 2723; x_wconf 85' lang='lat' dir='ltr'><strong>ac</strong></span> <span class='ocrx_word' id='word_1_297' title='bbox 743 2672 1076 2742; x_wconf 81' lang='lat' dir='ltr'><strong>pontiﬁcibus</strong></span> <span class='ocrx_word' id='word_1_298' title='bbox 1105 2671 1414 2742; x_wconf 77' lang='lat' dir='ltr'><strong>familiaris.</strong></span> <span class='ocrx_word' id='word_1_299' title='bbox 1449 2673 1603 2730; x_wconf 81' lang='lat' dir='ltr'><strong>Hunc</strong></span> <span class='ocrx_word' id='word_1_300' title='bbox 1634 2693 1730 2729; x_wconf 84' lang='lat' dir='ltr'><strong>sun</strong></span> <span class='ocrx_word' id='word_1_301' title='bbox 1755 2695 1893 2732; x_wconf 89' lang='lat' dir='ltr'><strong>mum</strong></span> 
     </span>
    </p>
   </div>
   <div class='ocr_carea' id='block_1_44' title="bbox 321 2767 1899 2834">
    <p class='ocr_par' dir='ltr' id='par_1_44' title="bbox 321 2767 1899 2834">
     <span class='ocr_line' id='line_1_44' title="bbox 321 2767 1899 2834; baseline 0.006 -20"><span class='ocrx_word' id='word_1_302' title='bbox 321 2767 735 2833; x_wconf 84' lang='lat' dir='ltr'><strong>grammaticum</strong></span> <span class='ocrx_word' id='word_1_303' title='bbox 764 2769 1102 2834; x_wconf 81' lang='lat' dir='ltr'><strong>eumdemque</strong></span> <span class='ocrx_word' id='word_1_304' title='bbox 1137 2769 1389 2818; x_wconf 80' lang='lat' dir='ltr'><strong>rhetorem</strong></span> <span class='ocrx_word' id='word_1_305' title='bbox 1442 2784 1542 2822; x_wconf 83' lang='lat' dir='ltr'><strong>non</strong></span> <span class='ocrx_word' id='word_1_306' title='bbox 1586 2770 1899 2824; x_wconf 77' lang='lat' dir='ltr'><strong>inexercita-</strong></span> 
     </span>
    </p>
   </div>
   <div class='ocr_carea' id='block_1_45' title="bbox 323 2858 1898 2930">
    <p class='ocr_par' dir='ltr' id='par_1_45' title="bbox 323 2858 1898 2930">
     <span class='ocr_line' id='line_1_45' title="bbox 323 2858 1898 2930; baseline 0.007 -22"><span class='ocrx_word' id='word_1_307' title='bbox 323 2870 460 2920; x_wconf 86' lang='lat' dir='ltr'><strong>tum,</strong></span> <span class='ocrx_word' id='word_1_308' title='bbox 494 2858 765 2927; x_wconf 70' lang='lat' dir='ltr'><strong>theologia:</strong></span> <span class='ocrx_word' id='word_1_309' title='bbox 783 2876 897 2913; x_wconf 66' lang='lat' dir='ltr'><strong>vero</strong></span> <span class='ocrx_word' id='word_1_310' title='bbox 915 2871 959 2914; x_wconf 83' lang='lat' dir='ltr'><strong>et</strong></span> <span class='ocrx_word' id='word_1_311' title='bbox 985 2859 1224 2914; x_wconf 79' lang='lat' dir='ltr'><strong>catholici</strong></span> <span class='ocrx_word' id='word_1_312' title='bbox 1248 2862 1506 2930; x_wconf 76' lang='lat' dir='ltr'><strong>dogmatis</strong></span> <span class='ocrx_word' id='word_1_313' title='bbox 1527 2879 1634 2930; x_wconf 69' lang='lat' dir='ltr'><strong>pra</strong></span> <span class='ocrx_word' id='word_1_314' title='bbox 1659 2867 1898 2920; x_wconf 81' lang='lat' dir='ltr'><strong>omnibus</strong></span> 
     </span>
    </p>
   </div>
   <div class='ocr_carea' id='block_1_46' title="bbox 324 2952 1896 3023">
    <p class='ocr_par' dir='ltr' id='par_1_46' title="bbox 324 2952 1896 3023">
     <span class='ocr_line' id='line_1_46' title="bbox 324 2952 1896 3023; baseline 0.006 -19"><span class='ocrx_word' id='word_1_315' title='bbox 324 2952 758 3017; x_wconf 73' lang='lat' dir='ltr'><strong>scientissimum,</strong></span> <span class='ocrx_word' id='word_1_316' title='bbox 781 2954 1050 3023; x_wconf 78' lang='lat' dir='ltr'><strong>Augustus</strong></span> <span class='ocrx_word' id='word_1_317' title='bbox 1083 2966 1231 3021; x_wconf 83' lang='lat' dir='ltr'><strong>pater</strong></span> <span class='ocrx_word' id='word_1_318' title='bbox 1255 2973 1397 3008; x_wconf 81' lang='lat' dir='ltr'><strong>meus</strong></span> <span class='ocrx_word' id='word_1_319' title='bbox 1421 2958 1488 3007; x_wconf 86' lang='lat' dir='ltr'><strong>ad</strong></span> <span class='ocrx_word' id='word_1_320' title='bbox 1507 2974 1561 3009; x_wconf 86' lang='lat' dir='ltr'><strong>se</strong></span> <span class='ocrx_word' id='word_1_321' title='bbox 1591 2962 1896 3014; x_wconf 75' lang='lat' dir='ltr'><strong>accersitum</strong></span> 
     </span>
    </p>
   </div>
   <div class='ocr_carea' id='block_1_47' title="bbox 327 3045 1896 3118">
    <p class='ocr_par' dir='ltr' id='par_1_47' title="bbox 327 3045 1896 3118">
     <span class='ocr_line' id='line_1_47' title="bbox 327 3045 1896 3118; baseline 0.006 -23"><span class='ocrx_word' id='word_1_322' title='bbox 327 3045 484 3107; x_wconf 76' lang='lat' dir='ltr'><strong>iussit</strong></span> <span class='ocrx_word' id='word_1_323' title='bbox 510 3045 744 3114; x_wconf 77' lang='lat' dir='ltr'><strong>digerere</strong></span> <span class='ocrx_word' id='word_1_324' title='bbox 776 3046 959 3100; x_wconf 71' lang='lat' dir='ltr'><strong>ordine</strong></span> <span class='ocrx_word' id='word_1_325' title='bbox 988 3047 1044 3100; x_wconf 85' lang='lat' dir='ltr'><strong>in</strong></span> <span class='ocrx_word' id='word_1_326' title='bbox 1079 3063 1206 3118; x_wconf 81' lang='lat' dir='ltr'><strong>opus</strong></span> <span class='ocrx_word' id='word_1_327' title='bbox 1239 3065 1398 3101; x_wconf 83' lang='lat' dir='ltr'><strong>unum</strong></span> <span class='ocrx_word' id='word_1_328' title='bbox 1416 3061 1632 3104; x_wconf 84' lang='lat' dir='ltr'><strong>cunctas</strong></span> <span class='ocrx_word' id='word_1_329' title='bbox 1655 3055 1896 3115; x_wconf 67' lang='lat' dir='ltr'><strong>lintreses,</strong></span> 
     </span>
    </p>
   </div>
   <div class='ocr_carea' id='block_1_48' title="bbox 323 3137 1899 3210">
    <p class='ocr_par' dir='ltr' id='par_1_48' title="bbox 323 3137 1899 3210">
     <span class='ocr_line' id='line_1_48' title="bbox 323 3137 1899 3210; baseline 0.004 -20"><span class='ocrx_word' id='word_1_330' title='bbox 323 3146 372 3190; x_wconf 87' lang='lat' dir='ltr'><strong>et</strong></span> <span class='ocrx_word' id='word_1_331' title='bbox 417 3139 697 3206; x_wconf 77' lang='lat' dir='ltr'><strong>unicuique</strong></span> <span class='ocrx_word' id='word_1_332' title='bbox 748 3137 927 3206; x_wconf 66' lang='lat' dir='ltr'><strong>relatte</strong></span> <span class='ocrx_word' id='word_1_333' title='bbox 968 3139 1245 3206; x_wconf 84' lang='lat' dir='ltr'><strong>sigillatim</strong></span> <span class='ocrx_word' id='word_1_334' title='bbox 1270 3156 1524 3210; x_wconf 81' lang='lat' dir='ltr'><strong>opponere</strong></span> <span class='ocrx_word' id='word_1_335' title='bbox 1560 3145 1899 3210; x_wconf 72' lang='lat' dir='ltr'><strong>refutationes</strong></span> 
     </span>
    </p>
   </div>
   <div class='ocr_carea' id='block_1_49' title="bbox 325 3227 1899 3308">
    <p class='ocr_par' dir='ltr' id='par_1_49' title="bbox 325 3227 1899 3308">
     <span class='ocr_line' id='line_1_49' title="bbox 325 3227 1899 3308; baseline 0.002 -24"><span class='ocrx_word' id='word_1_336' title='bbox 325 3239 631 3284; x_wconf 86' lang='lat' dir='ltr'><strong>sanctorum</strong></span> <span class='ocrx_word' id='word_1_337' title='bbox 672 3227 917 3296; x_wconf 80' lang='lat' dir='ltr'><strong>Patrum,</strong></span> <span class='ocrx_word' id='word_1_338' title='bbox 949 3243 1066 3300; x_wconf 85' lang='lat' dir='ltr'><strong>post</strong></span> <span class='ocrx_word' id='word_1_339' title='bbox 1096 3249 1271 3287; x_wconf 79' lang='lat' dir='ltr'><strong>omnes</strong></span> <span class='ocrx_word' id='word_1_340' title='bbox 1319 3238 1540 3304; x_wconf 81' lang='lat' dir='ltr'><strong>denique</strong></span> <span class='ocrx_word' id='word_1_341' title='bbox 1584 3237 1899 3308; x_wconf 62' lang='lat' dir='ltr'><strong>subjungen</strong></span> 
     </span>
    </p>
   </div>
   <div class='ocr_carea' id='block_1_50' title="bbox 327 3320 1901 3400">
    <p class='ocr_par' dir='ltr' id='par_1_50' title="bbox 327 3320 1901 3400">
     <span class='ocr_line' id='line_1_50' title="bbox 327 3320 1901 3400; baseline 0.005 -25"><span class='ocrx_word' id='word_1_342' title='bbox 327 3323 576 3375; x_wconf 81' lang='lat' dir='ltr'><strong>ultimam</strong></span> <span class='ocrx_word' id='word_1_343' title='bbox 625 3322 760 3376; x_wconf 82' lang='lat' dir='ltr'><strong>lianc</strong></span> <span class='ocrx_word' id='word_1_344' title='bbox 805 3320 1195 3393; x_wconf 84' lang='lat' dir='ltr'><strong>Bogomilorum</strong></span> <span class='ocrx_word' id='word_1_345' title='bbox 1238 3326 1476 3378; x_wconf 74' lang='lat' dir='ltr'><strong>literrsim</strong></span> <span class='ocrx_word' id='word_1_346' title='bbox 1513 3327 1727 3398; x_wconf 76' lang='lat' dir='ltr'><strong>ejusque</strong></span> <span class='ocrx_word' id='word_1_347' title='bbox 1773 3334 1901 3400; x_wconf 83' lang='lat' dir='ltr'><strong>dog-</strong></span> 
     </span>
    </p>
   </div>
   <div class='ocr_carea' id='block_1_51' title="bbox 328 3416 1902 3488">
    <p class='ocr_par' dir='ltr' id='par_1_51' title="bbox 328 3416 1902 3488">
     <span class='ocr_line' id='line_1_51' title="bbox 328 3416 1902 3488; baseline 0.005 -20"><span class='ocrx_word' id='word_1_348' title='bbox 328 3425 498 3480; x_wconf 82' lang='lat' dir='ltr'><strong>mata,</strong></span> <span class='ocrx_word' id='word_1_349' title='bbox 519 3427 672 3483; x_wconf 82' lang='lat' dir='ltr'><strong>prout</strong></span> <span class='ocrx_word' id='word_1_350' title='bbox 698 3432 754 3469; x_wconf 81' lang='lat' dir='ltr'><strong>ea</strong></span> <span class='ocrx_word' id='word_1_351' title='bbox 777 3416 967 3481; x_wconf 86' lang='lat' dir='ltr'><strong>impius</strong></span> <span class='ocrx_word' id='word_1_352' title='bbox 990 3416 1076 3469; x_wconf 85' lang='lat' dir='ltr'><strong>ille</strong></span> <span class='ocrx_word' id='word_1_353' title='bbox 1098 3416 1326 3471; x_wconf 80' lang='lat' dir='ltr'><strong>Basilius</strong></span> <span class='ocrx_word' id='word_1_354' title='bbox 1349 3434 1679 3488; x_wconf 73' lang='lat' dir='ltr'><strong>exposuerat.</strong></span> <span class='ocrx_word' id='word_1_355' title='bbox 1707 3420 1786 3475; x_wconf 78' lang='lat' dir='ltr'><strong>Ex</strong></span> <span class='ocrx_word' id='word_1_356' title='bbox 1810 3431 1902 3476; x_wconf 82' lang='lat' dir='ltr'><strong>hoc</strong></span> 
     </span>
    </p>
   </div>
   <div class='ocr_carea' id='block_1_52' title="bbox 330 3494 1902 3581">
    <p class='ocr_par' dir='ltr' id='par_1_52' title="bbox 330 3494 1902 3581">
     <span class='ocr_line' id='line_1_52' title="bbox 330 3494 1902 3581; baseline 0.004 -17"><span class='ocrx_word' id='word_1_357' title='bbox 330 3509 508 3564; x_wconf 70' lang='lat' dir='ltr'><strong>Alexii</strong></span> <span class='ocrx_word' id='word_1_358' title='bbox 553 3513 799 3562; x_wconf 85' lang='lat' dir='ltr'><strong>mandato</strong></span> <span class='ocrx_word' id='word_1_359' title='bbox 836 3511 1037 3564; x_wconf 75' lang='lat' dir='ltr'><strong>exstitit</strong></span> <span class='ocrx_word' id='word_1_360' title='bbox 1066 3494 1193 3578; x_wconf 84' lang='lat' dir='ltr'><strong>opus</strong></span> <span class='ocrx_word' id='word_1_361' title='bbox 1224 3512 1401 3581; x_wconf 78' lang='lat' dir='ltr'><strong>ingens</strong></span> <span class='ocrx_word' id='word_1_362' title='bbox 1445 3514 1618 3581; x_wconf 80' lang='lat' dir='ltr'><strong>plures</strong></span> <span class='ocrx_word' id='word_1_363' title='bbox 1647 3516 1700 3568; x_wconf 84' lang='lat' dir='ltr'><strong>in</strong></span> <span class='ocrx_word' id='word_1_364' title='bbox 1744 3516 1902 3572; x_wconf 84' lang='lat' dir='ltr'><strong>libros</strong></span> 
     </span>
    </p>
   </div>
   <div class='ocr_carea' id='block_1_53' title="bbox 335 3603 1908 3674">
    <p class='ocr_par' dir='ltr' id='par_1_53' title="bbox 335 3603 1908 3674">
     <span class='ocr_line' id='line_1_53' title="bbox 335 3603 1908 3674; baseline 0.005 -18"><span class='ocrx_word' id='word_1_365' title='bbox 335 3603 610 3668; x_wconf 83' lang='lat' dir='ltr'><strong>tributum,</strong></span> <span class='ocrx_word' id='word_1_366' title='bbox 647 3605 732 3657; x_wconf 88' lang='lat' dir='ltr'><strong>cui</strong></span> <span class='ocrx_word' id='word_1_367' title='bbox 763 3604 1018 3674; x_wconf 79' lang='lat' dir='ltr'><strong>hodieque</strong></span> <span class='ocrx_word' id='word_1_368' title='bbox 1071 3606 1316 3658; x_wconf 78' lang='lat' dir='ltr'><strong>universo</strong></span> <span class='ocrx_word' id='word_1_369' title='bbox 1351 3605 1578 3660; x_wconf 71' lang='lat' dir='ltr'><strong>adhaeret</strong></span> <span class='ocrx_word' id='word_1_370' title='bbox 1613 3611 1908 3664; x_wconf 84' lang='lat' dir='ltr'><strong>nomencla—</strong></span> 
     </span>
    </p>
   </div>
   <div class='ocr_carea' id='block_1_54' title="bbox 336 3698 1903 3772">
    <p class='ocr_par' dir='ltr' id='par_1_54' title="bbox 336 3698 1903 3772">
     <span class='ocr_line' id='line_1_54' title="bbox 336 3698 1903 3772; baseline 0.006 -23"><span class='ocrx_word' id='word_1_371' title='bbox 336 3699 410 3750; x_wconf 85' lang='lat' dir='ltr'><strong>tio</strong></span> <span class='ocrx_word' id='word_1_372' title='bbox 455 3699 519 3749; x_wconf 84' lang='lat' dir='ltr'><strong>ab</strong></span> <span class='ocrx_word' id='word_1_373' title='bbox 557 3699 873 3766; x_wconf 83' lang='lat' dir='ltr'><strong>imperatore</strong></span> <span class='ocrx_word' id='word_1_374' title='bbox 921 3698 1147 3766; x_wconf 84' lang='lat' dir='ltr'><strong>primum</strong></span> <span class='ocrx_word' id='word_1_375' title='bbox 1194 3701 1490 3771; x_wconf 73' lang='lat' dir='ltr'><strong>excogitata</strong></span> <span class='ocrx_word' id='word_1_376' title='bbox 1532 3714 1684 3772; x_wconf 76' lang='lat' dir='ltr'><strong>atque</strong></span> <span class='ocrx_word' id='word_1_377' title='bbox 1735 3704 1903 3758; x_wconf 86' lang='lat' dir='ltr'><strong>indita</strong></span> 
     </span>
    </p>
   </div>
   <div class='ocr_carea' id='block_1_55' title="bbox 333 3789 1904 3865">
    <p class='ocr_par' dir='ltr' id='par_1_55' title="bbox 333 3789 1904 3865">
     <span class='ocr_line' id='line_1_55' title="bbox 333 3789 1904 3865; baseline 0.006 -21"><span class='ocrx_word' id='word_1_378' title='bbox 333 3789 614 3861; x_wconf 73' lang='lat' dir='ltr'><strong>illequam</strong></span> <span class='ocrx_word' id='word_1_379' title='bbox 662 3791 894 3845; x_wconf 76' lang='lat' dir='ltr'><strong>diximus</strong></span> <span class='ocrx_word' id='word_1_380' title='bbox 935 3790 1208 3861; x_wconf 81' lang='lat' dir='ltr'><strong>Panoplia:</strong></span> <span class='ocrx_word' id='word_1_381' title='bbox 1252 3796 1596 3865; x_wconf 74' lang='lat' dir='ltr'><strong>dogmaticw.</strong></span> <span class='ocrx_word' id='word_1_382' title='bbox 1633 3795 1904 3854; x_wconf 85' lang='lat' dir='ltr'><strong>Hactenus</strong></span> 
     </span>
    </p>
   </div>
   <div class='ocr_carea' id='block_1_56' title="bbox 338 3885 1905 3957">
    <p class='ocr_par' dir='ltr' id='par_1_56' title="bbox 338 3885 1905 3957">
     <span class='ocr_line' id='line_1_56' title="bbox 338 3885 1905 3957; baseline 0.003 -18"><span class='ocrx_word' id='word_1_383' title='bbox 338 3887 528 3950; x_wconf 82' lang='lat' dir='ltr'><strong>Anna;</strong></span> <span class='ocrx_word' id='word_1_384' title='bbox 562 3899 626 3939; x_wconf 86' lang='lat' dir='ltr'><strong>ex</strong></span> <span class='ocrx_word' id='word_1_385' title='bbox 658 3885 815 3955; x_wconf 86' lang='lat' dir='ltr'><strong>cujus</strong></span> <span class='ocrx_word' id='word_1_386' title='bbox 844 3885 1024 3940; x_wconf 84' lang='lat' dir='ltr'><strong>verbis</strong></span> <span class='ocrx_word' id='word_1_387' title='bbox 1053 3886 1177 3954; x_wconf 83' lang='lat' dir='ltr'><strong>quis</strong></span> <span class='ocrx_word' id='word_1_388' title='bbox 1219 3889 1460 3954; x_wconf 86' lang='lat' dir='ltr'><strong>prudens</strong></span> <span class='ocrx_word' id='word_1_389' title='bbox 1503 3903 1608 3944; x_wconf 93' lang='lat' dir='ltr'><strong>non</strong></span> <span class='ocrx_word' id='word_1_390' title='bbox 1641 3898 1905 3957; x_wconf 71' lang='lat' dir='ltr'><strong>agnoscat</strong></span> 
     </span>
    </p>
   </div>
   <div class='ocr_carea' id='block_1_57' title="bbox 343 3980 1906 4050">
    <p class='ocr_par' dir='ltr' id='par_1_57' title="bbox 343 3980 1906 4050">
     <span class='ocr_line' id='line_1_57' title="bbox 343 3980 1906 4050; baseline 0.002 -15"><span class='ocrx_word' id='word_1_391' title='bbox 343 3982 485 4035; x_wconf 84' lang='lat' dir='ltr'><strong>haud</strong></span> <span class='ocrx_word' id='word_1_392' title='bbox 537 3981 883 4035; x_wconf 81' lang='lat' dir='ltr'><strong>abhorruisse</strong></span> <span class='ocrx_word' id='word_1_393' title='bbox 929 3995 956 4032; x_wconf 89' lang='lat' dir='ltr'><strong>a</strong></span> <span class='ocrx_word' id='word_1_394' title='bbox 997 3980 1158 4050; x_wconf 73' lang='lat' dir='ltr'><strong>genio</strong></span> <span class='ocrx_word' id='word_1_395' title='bbox 1201 3981 1394 4037; x_wconf 89' lang='lat' dir='ltr'><strong>domus</strong></span> <span class='ocrx_word' id='word_1_396' title='bbox 1439 3981 1751 4048; x_wconf 65' lang='lat' dir='ltr'><strong>Camoenae,</strong></span> <span class='ocrx_word' id='word_1_397' title='bbox 1813 3995 1906 4040; x_wconf 89' lang='lat' dir='ltr'><strong>aut</strong></span> 
     </span>
    </p>
   </div>
   <div class='ocr_carea' id='block_1_58' title="bbox 341 4071 1902 4145">
    <p class='ocr_par' dir='ltr' id='par_1_58' title="bbox 341 4071 1902 4145">
     <span class='ocr_line' id='line_1_58' title="bbox 341 4071 1902 4145; baseline 0.003 -18"><span class='ocrx_word' id='word_1_398' title='bbox 341 4073 410 4127; x_wconf 89' lang='lat' dir='ltr'><strong>ab</strong></span> <span class='ocrx_word' id='word_1_399' title='bbox 441 4073 619 4126; x_wconf 82' lang='lat' dir='ltr'><strong>indole</strong></span> <span class='ocrx_word' id='word_1_400' title='bbox 645 4072 902 4141; x_wconf 74' lang='lat' dir='ltr'><strong>peculiari</strong></span> <span class='ocrx_word' id='word_1_401' title='bbox 937 4072 1195 4126; x_wconf 83' lang='lat' dir='ltr'><strong>Mauuelis</strong></span> <span class='ocrx_word' id='word_1_402' title='bbox 1225 4071 1309 4145; x_wconf 81' lang='grc' dir='ltr'><strong>[Ρ.</strong></span> <span class='ocrx_word' id='word_1_403' title='bbox 1347 4073 1474 4144; x_wconf 74' lang='grc'><strong>531]</strong></span> <span class='ocrx_word' id='word_1_404' title='bbox 1503 4090 1770 4130; x_wconf 84' lang='lat' dir='ltr'><strong>summam</strong></span> <span class='ocrx_word' id='word_1_405' title='bbox 1801 4079 1902 4131; x_wconf 85' lang='lat' dir='ltr'><strong>sibi</strong></span> 
     </span>
    </p>
   </div>
   <div class='ocr_carea' id='block_1_59' title="bbox 341 4167 1910 4241">
    <p class='ocr_par' dir='ltr' id='par_1_59' title="bbox 341 4167 1910 4241">
     <span class='ocr_line' id='line_1_59' title="bbox 341 4167 1910 4241; baseline 0.005 -23"><span class='ocrx_word' id='word_1_406' title='bbox 341 4184 542 4240; x_wconf 88' lang='lat' dir='ltr'><strong>ponere</strong></span> <span class='ocrx_word' id='word_1_407' title='bbox 575 4167 718 4224; x_wconf 90' lang='lat' dir='ltr'><strong>soliti</strong></span> <span class='ocrx_word' id='word_1_408' title='bbox 753 4168 804 4221; x_wconf 92' lang='lat' dir='ltr'><strong>in</strong></span> <span class='ocrx_word' id='word_1_409' title='bbox 857 4169 1156 4224; x_wconf 85' lang='lat' dir='ltr'><strong>imitatione</strong></span> <span class='ocrx_word' id='word_1_410' title='bbox 1196 4169 1495 4224; x_wconf 79' lang='lat' dir='ltr'><strong>facinorum</strong></span> <span class='ocrx_word' id='word_1_411' title='bbox 1540 4175 1714 4226; x_wconf 84' lang='lat' dir='ltr'><strong>omnis</strong></span> <span class='ocrx_word' id='word_1_412' title='bbox 1747 4186 1910 4241; x_wconf 78' lang='lat' dir='ltr'><strong>gene-</strong></span> 
     </span>
    </p>
   </div>
   <div class='ocr_carea' id='block_1_60' title="bbox 343 4261 1908 4333">
    <p class='ocr_par' dir='ltr' id='par_1_60' title="bbox 343 4261 1908 4333">
     <span class='ocr_line' id='line_1_60' title="bbox 343 4261 1908 4333; baseline 0.002 -18"><span class='ocrx_word' id='word_1_413' title='bbox 343 4263 419 4318; x_wconf 87' lang='lat' dir='ltr'><strong>ris</strong></span> <span class='ocrx_word' id='word_1_414' title='bbox 442 4262 784 4316; x_wconf 83' lang='lat' dir='ltr'><strong>laudatorum</strong></span> <span class='ocrx_word' id='word_1_415' title='bbox 827 4261 880 4316; x_wconf 90' lang='lat' dir='ltr'><strong>in</strong></span> <span class='ocrx_word' id='word_1_416' title='bbox 912 4278 1010 4317; x_wconf 83' lang='lat' dir='ltr'><strong>avo</strong></span> <span class='ocrx_word' id='word_1_417' title='bbox 1041 4277 1139 4318; x_wconf 85' lang='lat' dir='ltr'><strong>suo</strong></span> <span class='ocrx_word' id='word_1_418' title='bbox 1169 4265 1358 4317; x_wconf 79' lang='lat' dir='ltr'><strong>Alexio</strong></span> <span class='ocrx_word' id='word_1_419' title='bbox 1392 4265 1656 4333; x_wconf 79' lang='lat' dir='ltr'><strong>Augusto.</strong></span> <span class='ocrx_word' id='word_1_420' title='bbox 1682 4265 1908 4321; x_wconf 85' lang='lat' dir='ltr'><strong>descen-</strong></span> 
     </span>
    </p>
   </div>
   <div class='ocr_carea' id='block_1_61' title="bbox 339 4355 1909 4414">
    <p class='ocr_par' dir='ltr' id='par_1_61' title="bbox 339 4355 1909 4414">
     <span class='ocr_line' id='line_1_61' title="bbox 339 4355 1909 4414; baseline -0.001 -1"><span class='ocrx_word' id='word_1_421' title='bbox 339 4355 469 4414; x_wconf 83' lang='lat' dir='ltr'><strong>dere</strong></span> <span class='ocrx_word' id='word_1_422' title='bbox 499 4357 554 4412; x_wconf 91' lang='lat' dir='ltr'><strong>iu</strong></span> <span class='ocrx_word' id='word_1_423' title='bbox 581 4371 768 4412; x_wconf 87' lang='lat' dir='ltr'><strong>curam</strong></span> <span class='ocrx_word' id='word_1_424' title='bbox 801 4357 1161 4412; x_wconf 88' lang='lat' dir='ltr'><strong>concinnandi</strong></span> <span class='ocrx_word' id='word_1_425' title='bbox 1187 4357 1308 4412; x_wconf 87' lang='lat' dir='ltr'><strong>talis</strong></span> <span class='ocrx_word' id='word_1_426' title='bbox 1331 4359 1702 4413; x_wconf 82' lang='lat' dir='ltr'><strong>commentarii</strong></span> <span class='ocrx_word' id='word_1_427' title='bbox 1735 4371 1784 4414; x_wconf 90' lang='lat' dir='ltr'><strong>et</strong></span> <span class='ocrx_word' id='word_1_428' title='bbox 1811 4375 1909 4414; x_wconf 87' lang='lat' dir='ltr'><strong>suo</strong></span> 
     </span>
    </p>
   </div>
   <div class='ocr_carea' id='block_1_62' title="bbox 342 4451 1904 4523">
    <p class='ocr_par' dir='ltr' id='par_1_62' title="bbox 342 4451 1904 4523">
     <span class='ocr_line' id='line_1_62' title="bbox 342 4451 1904 4523; baseline 0.001 -16"><span class='ocrx_word' id='word_1_429' title='bbox 342 4452 548 4509; x_wconf 87' lang='lat' dir='ltr'><strong>nomini</strong></span> <span class='ocrx_word' id='word_1_430' title='bbox 583 4451 700 4521; x_wconf 82' lang='lat' dir='ltr'><strong>ejus</strong></span> <span class='ocrx_word' id='word_1_431' title='bbox 729 4452 1018 4506; x_wconf 86' lang='lat' dir='ltr'><strong>editionem</strong></span> <span class='ocrx_word' id='word_1_432' title='bbox 1048 4453 1338 4522; x_wconf 79' lang='lat' dir='ltr'><strong>imptttandi</strong></span> <span class='ocrx_word' id='word_1_433' title='bbox 1361 4453 1384 4507; x_wconf 76' lang='lat'><strong>7</strong></span> <span class='ocrx_word' id='word_1_434' title='bbox 1410 4453 1463 4506; x_wconf 87' lang='lat' dir='ltr'><strong>lu</strong></span> <span class='ocrx_word' id='word_1_435' title='bbox 1495 4469 1600 4523; x_wconf 88' lang='lat' dir='ltr'><strong>quo</strong></span> <span class='ocrx_word' id='word_1_436' title='bbox 1631 4451 1771 4508; x_wconf 79' lang='lat' dir='ltr'><strong>forte</strong></span> <span class='ocrx_word' id='word_1_437' title='bbox 1802 4471 1904 4508; x_wconf 90' lang='lat' dir='ltr'><strong>non</strong></span> 
     </span>
    </p>
   </div>
   <div class='ocr_carea' id='block_1_63' title="bbox 1997 1926 3572 1997">
    <p class='ocr_par' dir='ltr' id='par_1_63' title="bbox 1997 1926 3572 1997">
     <span class='ocr_line' id='line_1_63' title="bbox 1997 1926 3572 1997; baseline 0.004 -19"><span class='ocrx_word' id='word_1_438' title='bbox 1997 1926 2189 1996; x_wconf 74' lang='lat' dir='ltr'><strong>ipsum,</strong></span> <span class='ocrx_word' id='word_1_439' title='bbox 2217 1929 2355 1981; x_wconf 79' lang='lat' dir='ltr'><strong>inter</strong></span> <span class='ocrx_word' id='word_1_440' title='bbox 2381 1929 2638 1997; x_wconf 76' lang='lat' dir='ltr'><strong>quosfuit</strong></span> <span class='ocrx_word' id='word_1_441' title='bbox 2667 1931 2821 1995; x_wconf 83' lang='lat' dir='ltr'><strong>etiam</strong></span> <span class='ocrx_word' id='word_1_442' title='bbox 2883 1927 3260 1987; x_wconf 78' lang='lat' dir='ltr'><strong>Damasceuus.</strong></span> <span class='ocrx_word' id='word_1_443' title='bbox 3319 1928 3469 1984; x_wconf 84' lang='lat' dir='ltr'><strong>Unde</strong></span> <span class='ocrx_word' id='word_1_444' title='bbox 3512 1929 3572 1984; x_wconf 77' lang='lat' dir='ltr'><strong>ira</strong></span> 
     </span>
    </p>
   </div>
   <div class='ocr_carea' id='block_1_64' title="bbox 1996 2020 3571 2092">
    <p class='ocr_par' dir='ltr' id='par_1_64' title="bbox 1996 2020 3571 2092">
     <span class='ocr_line' id='line_1_64' title="bbox 1996 2020 3571 2092; baseline 0.003 -20"><span class='ocrx_word' id='word_1_445' title='bbox 1996 2020 2093 2073; x_wconf 82' lang='lat' dir='ltr'><strong>hoc</strong></span> <span class='ocrx_word' id='word_1_446' title='bbox 2158 2022 2272 2089; x_wconf 77' lang='lat' dir='ltr'><strong>ejus</strong></span> <span class='ocrx_word' id='word_1_447' title='bbox 2325 2021 2596 2075; x_wconf 72' lang='lat' dir='ltr'><strong>sententia:</strong></span> <span class='ocrx_word' id='word_1_448' title='bbox 2657 2040 2757 2076; x_wconf 88' lang='lat' dir='ltr'><strong>non</strong></span> <span class='ocrx_word' id='word_1_449' title='bbox 2797 2033 2869 2075; x_wconf 72' lang='lat' dir='ltr'><strong>est</strong></span> <span class='ocrx_word' id='word_1_450' title='bbox 2922 2026 3189 2086; x_wconf 84' lang='lat' dir='ltr'><strong>standum,</strong></span> <span class='ocrx_word' id='word_1_451' title='bbox 3245 2025 3478 2092; x_wconf 73' lang='lat' dir='ltr'><strong>quarm-is</strong></span> <span class='ocrx_word' id='word_1_452' title='bbox 3537 2039 3571 2077; x_wconf 69' lang='grc' dir='ltr'><em>α</em></span> 
     </span>
    </p>
   </div>
   <div class='ocr_carea' id='block_1_65' title="bbox 1997 2114 3575 2184">
    <p class='ocr_par' dir='ltr' id='par_1_65' title="bbox 1997 2114 3575 2184">
     <span class='ocr_line' id='line_1_65' title="bbox 1997 2114 3575 2184; baseline 0.006 -22"><span class='ocrx_word' id='word_1_453' title='bbox 1997 2114 2318 2184; x_wconf 60' lang='lat' dir='ltr'><strong>quibusdam</strong></span> <span class='ocrx_word' id='word_1_454' title='bbox 2347 2116 2563 2167; x_wconf 82' lang='lat' dir='ltr'><strong>dicatur</strong></span> <span class='ocrx_word' id='word_1_455' title='bbox 2593 2115 2729 2184; x_wconf 77' lang='lat' dir='ltr'><strong>quod</strong></span> <span class='ocrx_word' id='word_1_456' title='bbox 2764 2116 3119 2170; x_wconf 74' lang='lat' dir='ltr'><strong>[latitascenus</strong></span> <span class='ocrx_word' id='word_1_457' title='bbox 3145 2119 3279 2170; x_wconf 86' lang='lat' dir='ltr'><strong>sicut</strong></span> <span class='ocrx_word' id='word_1_458' title='bbox 3320 2134 3423 2170; x_wconf 89' lang='lat' dir='ltr'><strong>non</strong></span> <span class='ocrx_word' id='word_1_459' title='bbox 3448 2134 3575 2172; x_wconf 78' lang='lat' dir='ltr'><strong>con-</strong></span> 
     </span>
    </p>
   </div>
   <div class='ocr_carea' id='block_1_66' title="bbox 1998 2202 3571 2275">
    <p class='ocr_par' dir='ltr' id='par_1_66' title="bbox 1998 2202 3571 2275">
     <span class='ocr_line' id='line_1_66' title="bbox 1998 2202 3571 2275; baseline 0.001 -17"><span class='ocrx_word' id='word_1_460' title='bbox 1998 2206 2172 2274; x_wconf 60' lang='lat' dir='ltr'><strong>ﬁtetur</strong></span> <span class='ocrx_word' id='word_1_461' title='bbox 2200 2202 2455 2272; x_wconf 83' lang='lat' dir='ltr'><strong>Spiritum</strong></span> <span class='ocrx_word' id='word_1_462' title='bbox 2487 2218 2723 2259; x_wconf 80' lang='lat' dir='ltr'><strong>sanctum</strong></span> <span class='ocrx_word' id='word_1_463' title='bbox 2757 2215 2866 2259; x_wconf 70' lang='lat' dir='ltr'><strong>esse</strong></span> <span class='ocrx_word' id='word_1_464' title='bbox 2907 2224 2937 2258; x_wconf 92' lang='lat' dir='ltr'><strong>a</strong></span> <span class='ocrx_word' id='word_1_465' title='bbox 2972 2206 3127 2270; x_wconf 83' lang='lat' dir='ltr'><strong>Filio,</strong></span> <span class='ocrx_word' id='word_1_466' title='bbox 3161 2210 3236 2261; x_wconf 89' lang='lat' dir='ltr'><strong>ita</strong></span> <span class='ocrx_word' id='word_1_467' title='bbox 3278 2210 3436 2264; x_wconf 78' lang='lat' dir='ltr'><strong>etiam</strong></span> <span class='ocrx_word' id='word_1_468' title='bbox 3469 2224 3571 2275; x_wconf 75' lang='lat' dir='ltr'><strong>non</strong></span> 
     </span>
    </p>
   </div>
   <div class='ocr_carea' id='block_1_67' title="bbox 2001 2298 3575 2366">
    <p class='ocr_par' dir='ltr' id='par_1_67' title="bbox 2001 2298 3575 2366">
     <span class='ocr_line' id='line_1_67' title="bbox 2001 2298 3575 2366; baseline 0.004 -17"><span class='ocrx_word' id='word_1_469' title='bbox 2001 2309 2239 2366; x_wconf 70' lang='lat' dir='ltr'><strong>negatas:</strong></span> <span class='ocrx_word' id='word_1_470' title='bbox 2275 2299 2322 2351; x_wconf 80' lang='lat' dir='ltr'><strong>vi</strong></span> <span class='ocrx_word' id='word_1_471' title='bbox 2371 2301 2664 2355; x_wconf 67' lang='lat' dir='ltr'><strong>verborum.</strong></span> <span class='ocrx_word' id='word_1_472' title='bbox 2717 2298 2791 2354; x_wconf 88' lang='lat' dir='ltr'><strong>Ita</strong></span> <span class='ocrx_word' id='word_1_473' title='bbox 2841 2299 2912 2354; x_wconf 88' lang='lat' dir='ltr'><strong>ibi</strong></span> <span class='ocrx_word' id='word_1_474' title='bbox 2961 2311 3182 2355; x_wconf 69' lang='lat' dir='ltr'><strong>Sanctus</strong></span> <span class='ocrx_word' id='word_1_475' title='bbox 3223 2302 3431 2357; x_wconf 86' lang='lat' dir='ltr'><strong>doctor.</strong></span> <span class='ocrx_word' id='word_1_476' title='bbox 3470 2300 3575 2355; x_wconf 83' lang='lat' dir='ltr'><strong>De-</strong></span> 
     </span>
    </p>
   </div>
   <div class='ocr_carea' id='block_1_68' title="bbox 2000 2390 3570 2449">
    <p class='ocr_par' dir='ltr' id='par_1_68' title="bbox 2000 2390 3570 2449">
     <span class='ocr_line' id='line_1_68' title="bbox 2000 2390 3570 2449; baseline 0.003 -6"><span class='ocrx_word' id='word_1_477' title='bbox 2000 2390 2226 2444; x_wconf 80' lang='lat' dir='ltr'><strong>fndunt</strong></span> <span class='ocrx_word' id='word_1_478' title='bbox 2261 2401 2438 2444; x_wconf 88' lang='lat' dir='ltr'><strong>tamen</strong></span> <span class='ocrx_word' id='word_1_479' title='bbox 2483 2391 2576 2446; x_wconf 88' lang='lat' dir='ltr'><strong>hic</strong></span> <span class='ocrx_word' id='word_1_480' title='bbox 2635 2392 2700 2445; x_wconf 89' lang='lat' dir='ltr'><strong>ab</strong></span> <span class='ocrx_word' id='word_1_481' title='bbox 2747 2406 2933 2447; x_wconf 89' lang='lat' dir='ltr'><strong>errore</strong></span> <span class='ocrx_word' id='word_1_482' title='bbox 2970 2393 3358 2448; x_wconf 83' lang='lat' dir='ltr'><strong>Damasceuuni</strong></span> <span class='ocrx_word' id='word_1_483' title='bbox 3400 2392 3570 2449; x_wconf 68' lang='lat' dir='ltr'><strong>Grieci</strong></span> 
     </span>
    </p>
   </div>
   <div class='ocr_carea' id='block_1_69' title="bbox 2002 2485 3571 2554">
    <p class='ocr_par' dir='ltr' id='par_1_69' title="bbox 2002 2485 3571 2554">
     <span class='ocr_line' id='line_1_69' title="bbox 2002 2485 3571 2554; baseline 0.004 -20"><span class='ocrx_word' id='word_1_484' title='bbox 2002 2499 2215 2554; x_wconf 79' lang='lat' dir='ltr'><strong>quoque</strong></span> <span class='ocrx_word' id='word_1_485' title='bbox 2256 2485 2378 2553; x_wconf 86' lang='lat' dir='ltr'><strong>ipsi,</strong></span> <span class='ocrx_word' id='word_1_486' title='bbox 2423 2485 2516 2539; x_wconf 87' lang='lat' dir='ltr'><strong>sed</strong></span> <span class='ocrx_word' id='word_1_487' title='bbox 2567 2486 2850 2540; x_wconf 76' lang='lat' dir='ltr'><strong>orthodoxi</strong></span> <span class='ocrx_word' id='word_1_488' title='bbox 2886 2495 2937 2540; x_wconf 90' lang='lat' dir='ltr'><strong>et</strong></span> <span class='ocrx_word' id='word_1_489' title='bbox 2980 2486 3143 2542; x_wconf 86' lang='lat' dir='ltr'><strong>alieni</strong></span> <span class='ocrx_word' id='word_1_490' title='bbox 3187 2503 3214 2539; x_wconf 88' lang='lat' dir='ltr'><strong>a</strong></span> <span class='ocrx_word' id='word_1_491' title='bbox 3257 2487 3571 2548; x_wconf 77' lang='lat' dir='ltr'><strong>schismate,</strong></span> 
     </span>
    </p>
   </div>
   <div class='ocr_carea' id='block_1_70' title="bbox 2004 2577 3573 2652">
    <p class='ocr_par' dir='ltr' id='par_1_70' title="bbox 2004 2577 3573 2652">
     <span class='ocr_line' id='line_1_70' title="bbox 2004 2577 3573 2652; baseline 0.003 -23"><span class='ocrx_word' id='word_1_492' title='bbox 2004 2577 2336 2648; x_wconf 68' lang='grc' dir='ltr'><strong>Νίαρριιυτιιε</strong></span> <span class='ocrx_word' id='word_1_493' title='bbox 2367 2577 2686 2642; x_wconf 78' lang='lat' dir='ltr'><strong>Blemmida,</strong></span> <span class='ocrx_word' id='word_1_494' title='bbox 2721 2594 2805 2634; x_wconf 85' lang='lat' dir='ltr'><strong>or.</strong></span> <span class='ocrx_word' id='word_1_495' title='bbox 2857 2579 2922 2634; x_wconf 88' lang='lat' dir='ltr'><strong>ad</strong></span> <span class='ocrx_word' id='word_1_496' title='bbox 2957 2578 3214 2635; x_wconf 84' lang='lat' dir='ltr'><strong>Jacobuui</strong></span> <span class='ocrx_word' id='word_1_497' title='bbox 3257 2583 3573 2652; x_wconf 82' lang='lat' dir='ltr'><strong>episeopum</strong></span> 
     </span>
    </p>
   </div>
   <div class='ocr_carea' id='block_1_71' title="bbox 2006 2671 3576 2743">
    <p class='ocr_par' dir='ltr' id='par_1_71' title="bbox 2006 2671 3576 2743">
     <span class='ocr_line' id='line_1_71' title="bbox 2006 2671 3576 2743; baseline 0.005 -22"><span class='ocrx_word' id='word_1_498' title='bbox 2006 2672 2267 2740; x_wconf 73' lang='lat' dir='ltr'><strong>Bulgaria:</strong></span> <span class='ocrx_word' id='word_1_499' title='bbox 2311 2673 2374 2725; x_wconf 84' lang='lat' dir='ltr'><strong>de</strong></span> <span class='ocrx_word' id='word_1_500' title='bbox 2423 2673 2768 2739; x_wconf 82' lang='lat' dir='ltr'><strong>processioiie</strong></span> <span class='ocrx_word' id='word_1_501' title='bbox 2801 2671 3031 2743; x_wconf 86' lang='lat' dir='ltr'><strong>Spiritus</strong></span> <span class='ocrx_word' id='word_1_502' title='bbox 3085 2675 3291 2742; x_wconf 79' lang='lat' dir='ltr'><strong>sancti;</strong></span> <span class='ocrx_word' id='word_1_503' title='bbox 3326 2673 3576 2730; x_wconf 76' lang='lat' dir='ltr'><strong>Bessarin</strong></span> 
     </span>
    </p>
   </div>
   <div class='ocr_carea' id='block_1_72' title="bbox 2005 2765 3574 2835">
    <p class='ocr_par' dir='ltr' id='par_1_72' title="bbox 2005 2765 3574 2835">
     <span class='ocr_line' id='line_1_72' title="bbox 2005 2765 3574 2835; baseline 0.001 -17"><span class='ocrx_word' id='word_1_504' title='bbox 2005 2767 2319 2830; x_wconf 69' lang='lat' dir='ltr'><strong>cardinal‘s,</strong></span> <span class='ocrx_word' id='word_1_505' title='bbox 2344 2768 2505 2835; x_wconf 73' lang='lat' dir='ltr'><strong>epist.</strong></span> <span class='ocrx_word' id='word_1_506' title='bbox 2539 2767 2604 2818; x_wconf 77' lang='lat' dir='ltr'><strong>ad</strong></span> <span class='ocrx_word' id='word_1_507' title='bbox 2643 2767 2887 2819; x_wconf 67' lang='lat' dir='ltr'><strong>Alexium</strong></span> <span class='ocrx_word' id='word_1_508' title='bbox 2922 2765 3196 2822; x_wconf 86' lang='lat' dir='ltr'><strong>Lascariin</strong></span> <span class='ocrx_word' id='word_1_509' title='bbox 3228 2765 3574 2821; x_wconf 82' lang='lat' dir='ltr'><strong>Pliilantliro-</strong></span> 
     </span>
    </p>
   </div>
   <div class='ocr_carea' id='block_1_73' title="bbox 2007 2859 3573 2932">
    <p class='ocr_par' dir='ltr' id='par_1_73' title="bbox 2007 2859 3573 2932">
     <span class='ocr_line' id='line_1_73' title="bbox 2007 2859 3573 2932; baseline -0.001 -19"><span class='ocrx_word' id='word_1_510' title='bbox 2007 2875 2226 2930; x_wconf 89' lang='lat' dir='ltr'><strong>penum,</strong></span> <span class='ocrx_word' id='word_1_511' title='bbox 2269 2871 2318 2913; x_wconf 85' lang='lat' dir='ltr'><strong>et</strong></span> <span class='ocrx_word' id='word_1_512' title='bbox 2353 2860 2601 2914; x_wconf 89' lang='lat' dir='ltr'><strong>oratione</strong></span> <span class='ocrx_word' id='word_1_513' title='bbox 2637 2860 2942 2929; x_wconf 74' lang='lat' dir='ltr'><strong>dogmatica</strong></span> <span class='ocrx_word' id='word_1_514' title='bbox 2982 2862 3047 2915; x_wconf 85' lang='lat' dir='ltr'><strong>ad</strong></span> <span class='ocrx_word' id='word_1_515' title='bbox 3081 2862 3343 2932; x_wconf 79' lang='lat' dir='ltr'><strong>synodum</strong></span> <span class='ocrx_word' id='word_1_516' title='bbox 3377 2859 3573 2916; x_wconf 80' lang='lat' dir='ltr'><strong>Orien-</strong></span> 
     </span>
    </p>
   </div>
   <div class='ocr_carea' id='block_1_74' title="bbox 2009 2949 3580 3021">
    <p class='ocr_par' dir='ltr' id='par_1_74' title="bbox 2009 2949 3580 3021">
     <span class='ocr_line' id='line_1_74' title="bbox 2009 2949 3580 3021; baseline 0.001 -18"><span class='ocrx_word' id='word_1_517' title='bbox 2009 2951 2208 3012; x_wconf 81' lang='lat' dir='ltr'><strong>talein;</strong></span> <span class='ocrx_word' id='word_1_518' title='bbox 2263 2949 2564 3003; x_wconf 89' lang='lat' dir='ltr'><strong>Demetrius</strong></span> <span class='ocrx_word' id='word_1_519' title='bbox 2609 2950 2907 3021; x_wconf 71' lang='lat' dir='ltr'><strong>C)’letlUS,</strong></span> <span class='ocrx_word' id='word_1_520' title='bbox 2953 2953 3216 3018; x_wconf 73' lang='lat' dir='ltr'><strong>Opust-nlo</strong></span> <span class='ocrx_word' id='word_1_521' title='bbox 3262 2953 3336 3018; x_wconf 79' lang='lat' dir='ltr'><strong>De</strong></span> <span class='ocrx_word' id='word_1_522' title='bbox 3369 2966 3580 3021; x_wconf 79' lang='lat' dir='ltr'><strong>proces-</strong></span> 
     </span>
    </p>
   </div>
   <div class='ocr_carea' id='block_1_75' title="bbox 2007 3041 3578 3114">
    <p class='ocr_par' dir='ltr' id='par_1_75' title="bbox 2007 3041 3578 3114">
     <span class='ocr_line' id='line_1_75' title="bbox 2007 3041 3578 3114; baseline 0.002 -17"><span class='ocrx_word' id='word_1_523' title='bbox 2007 3046 2148 3098; x_wconf 87' lang='lat' dir='ltr'><strong>sioue</strong></span> <span class='ocrx_word' id='word_1_524' title='bbox 2183 3041 2415 3110; x_wconf 86' lang='lat' dir='ltr'><strong>Spiritus</strong></span> <span class='ocrx_word' id='word_1_525' title='bbox 2440 3046 2639 3111; x_wconf 85' lang='lat' dir='ltr'><strong>sancti;</strong></span> <span class='ocrx_word' id='word_1_526' title='bbox 2669 3043 2935 3114; x_wconf 80' lang='lat' dir='ltr'><strong>Josepbus</strong></span> <span class='ocrx_word' id='word_1_527' title='bbox 2957 3044 3325 3100; x_wconf 83' lang='lat' dir='ltr'><strong>Methonensis</strong></span> <span class='ocrx_word' id='word_1_528' title='bbox 3356 3057 3408 3100; x_wconf 88' lang='lat' dir='ltr'><strong>et</strong></span> <span class='ocrx_word' id='word_1_529' title='bbox 3443 3045 3578 3100; x_wconf 60' lang='lat' dir='ltr'><strong>Grec</strong></span> 
     </span>
    </p>
   </div>
   <div class='ocr_carea' id='block_1_76' title="bbox 2010 3137 3574 3211">
    <p class='ocr_par' dir='ltr' id='par_1_76' title="bbox 2010 3137 3574 3211">
     <span class='ocr_line' id='line_1_76' title="bbox 2010 3137 3574 3211; baseline -0.001 -19"><span class='ocrx_word' id='word_1_530' title='bbox 2010 3140 2191 3206; x_wconf 72' lang='lat' dir='ltr'><strong>gorius</strong></span> <span class='ocrx_word' id='word_1_531' title='bbox 2255 3137 2693 3208; x_wconf 63' lang='grc' dir='ltr'><strong>Ριοιοεγηρριιυε</strong></span> <span class='ocrx_word' id='word_1_532' title='bbox 2725 3150 2914 3193; x_wconf 90' lang='lat' dir='ltr'><strong>contra</strong></span> <span class='ocrx_word' id='word_1_533' title='bbox 2944 3141 3102 3210; x_wconf 80' lang='lat' dir='ltr'><strong>epist.</strong></span> <span class='ocrx_word' id='word_1_534' title='bbox 3139 3139 3300 3196; x_wconf 81' lang='lat' dir='ltr'><strong>Marci</strong></span> <span class='ocrx_word' id='word_1_535' title='bbox 3334 3139 3574 3211; x_wconf 82' lang='lat' dir='ltr'><strong>Ephesii,</strong></span> 
     </span>
    </p>
   </div>
   <div class='ocr_carea' id='block_1_77' title="bbox 2005 3218 3576 3301">
    <p class='ocr_par' dir='ltr' id='par_1_77' title="bbox 2005 3218 3576 3301">
     <span class='ocr_line' id='line_1_77' title="bbox 2005 3218 3576 3301; baseline -0.002 -16"><span class='ocrx_word' id='word_1_536' title='bbox 2005 3227 2324 3285; x_wconf 85' lang='lat' dir='ltr'><strong>Gennadius</strong></span> <span class='ocrx_word' id='word_1_537' title='bbox 2356 3234 2663 3297; x_wconf 81' lang='lat' dir='ltr'><strong>patriarcha</strong></span> <span class='ocrx_word' id='word_1_538' title='bbox 2697 3218 2794 3301; x_wconf 82' lang='lat' dir='ltr'><strong>pro</strong></span> <span class='ocrx_word' id='word_1_539' title='bbox 2822 3232 3053 3286; x_wconf 85' lang='lat' dir='ltr'><strong>concilio</strong></span> <span class='ocrx_word' id='word_1_540' title='bbox 3075 3231 3402 3293; x_wconf 80' lang='lat' dir='ltr'><strong>Florentino,</strong></span> <span class='ocrx_word' id='word_1_541' title='bbox 3433 3246 3576 3301; x_wconf 80' lang='lat' dir='ltr'><strong>quos</strong></span> 
     </span>
    </p>
   </div>
   <div class='ocr_carea' id='block_1_78' title="bbox 2004 3323 3578 3385">
    <p class='ocr_par' dir='ltr' id='par_1_78' title="bbox 2004 3323 3578 3385">
     <span class='ocr_line' id='line_1_78' title="bbox 2004 3323 3578 3385; baseline 0.002 -9"><span class='ocrx_word' id='word_1_542' title='bbox 2004 3339 2191 3378; x_wconf 86' lang='lat' dir='ltr'><strong>omnes</strong></span> <span class='ocrx_word' id='word_1_543' title='bbox 2243 3323 2446 3385; x_wconf 83' lang='lat' dir='ltr'><strong>laudat,</strong></span> <span class='ocrx_word' id='word_1_544' title='bbox 2503 3323 2777 3379; x_wconf 84' lang='lat' dir='ltr'><strong>t‘usissiiue</strong></span> <span class='ocrx_word' id='word_1_545' title='bbox 2831 3337 2885 3380; x_wconf 87' lang='lat' dir='ltr'><strong>et</strong></span> <span class='ocrx_word' id='word_1_546' title='bbox 2930 3325 3295 3380; x_wconf 82' lang='lat' dir='ltr'><strong>eruditissime</strong></span> <span class='ocrx_word' id='word_1_547' title='bbox 3337 3336 3578 3379; x_wconf 81' lang='lat' dir='ltr'><strong>tractans</strong></span> 
     </span>
    </p>
   </div>
   <div class='ocr_carea' id='block_1_79' title="bbox 2005 3417 3573 3485">
    <p class='ocr_par' dir='ltr' id='par_1_79' title="bbox 2005 3417 3573 3485">
     <span class='ocr_line' id='line_1_79' title="bbox 2005 3417 3573 3485; baseline 0.003 -15"><span class='ocrx_word' id='word_1_548' title='bbox 2005 3417 2147 3470; x_wconf 87' lang='lat' dir='ltr'><strong>hunc</strong></span> <span class='ocrx_word' id='word_1_549' title='bbox 2178 3417 2382 3479; x_wconf 85' lang='lat' dir='ltr'><strong>locum,</strong></span> <span class='ocrx_word' id='word_1_550' title='bbox 2425 3417 2501 3470; x_wconf 84' lang='grc' dir='ltr'><strong>ΙΙΙ.</strong></span> <span class='ocrx_word' id='word_1_551' title='bbox 2534 3417 2639 3473; x_wconf 85' lang='lat' dir='ltr'><strong>Leo</strong></span> <span class='ocrx_word' id='word_1_552' title='bbox 2666 3418 2914 3485; x_wconf 76' lang='lat' dir='ltr'><strong>Allatius,</strong></span> <span class='ocrx_word' id='word_1_553' title='bbox 2953 3420 2989 3474; x_wconf 92' lang='grc' dir='ltr'><strong>Ι.</strong></span> <span class='ocrx_word' id='word_1_554' title='bbox 3028 3436 3066 3474; x_wconf 84' lang='grc' dir='ltr'><strong><em>ιι</em></strong></span> <span class='ocrx_word' id='word_1_555' title='bbox 3099 3419 3174 3474; x_wconf 81' lang='lat' dir='ltr'><strong>De</strong></span> <span class='ocrx_word' id='word_1_556' title='bbox 3202 3418 3346 3474; x_wconf 81' lang='lat' dir='ltr'><strong>Eccl.</strong></span> <span class='ocrx_word' id='word_1_557' title='bbox 3386 3418 3573 3475; x_wconf 84' lang='lat' dir='ltr'><strong>Occid.</strong></span> 
     </span>
    </p>
   </div>
   <div class='ocr_carea' id='block_1_80' title="bbox 2002 3497 3578 3582">
    <p class='ocr_par' dir='ltr' id='par_1_80' title="bbox 2002 3497 3578 3582">
     <span class='ocr_line' id='line_1_80' title="bbox 2002 3497 3578 3582; baseline 0.001 -18"><span class='ocrx_word' id='word_1_558' title='bbox 2002 3521 2051 3564; x_wconf 80' lang='lat' dir='ltr'><strong>et</strong></span> <span class='ocrx_word' id='word_1_559' title='bbox 2089 3507 2298 3564; x_wconf 82' lang='lat' dir='ltr'><strong>Orient.</strong></span> <span class='ocrx_word' id='word_1_560' title='bbox 2325 3497 2580 3582; x_wconf 75' lang='lat' dir='ltr'><strong>perpetua</strong></span> <span class='ocrx_word' id='word_1_561' title='bbox 2610 3513 2970 3579; x_wconf 84' lang='lat' dir='ltr'><strong>consensione,</strong></span> <span class='ocrx_word' id='word_1_562' title='bbox 3000 3511 3130 3568; x_wconf 73' lang='lat' dir='ltr'><strong>c.2.</strong></span> <span class='ocrx_word' id='word_1_563' title='bbox 3166 3510 3365 3566; x_wconf 79' lang='lat' dir='ltr'><strong>Horum</strong></span> <span class='ocrx_word' id='word_1_564' title='bbox 3399 3511 3578 3582; x_wconf 75' lang='lat' dir='ltr'><strong>pleru-</strong></span> 
     </span>
    </p>
   </div>
   <div class='ocr_carea' id='block_1_81' title="bbox 2005 3604 3578 3676">
    <p class='ocr_par' dir='ltr' id='par_1_81' title="bbox 2005 3604 3578 3676">
     <span class='ocr_line' id='line_1_81' title="bbox 2005 3604 3578 3676; baseline 0.001 -19"><span class='ocrx_word' id='word_1_565' title='bbox 2005 3619 2231 3672; x_wconf 77' lang='lat' dir='ltr'><strong>runique</strong></span> <span class='ocrx_word' id='word_1_566' title='bbox 2286 3620 2417 3674; x_wconf 90' lang='lat' dir='ltr'><strong>pro.</strong></span> <span class='ocrx_word' id='word_1_567' title='bbox 2449 3605 2784 3660; x_wconf 72' lang='lat' dir='ltr'><strong>Dainasceiio</strong></span> <span class='ocrx_word' id='word_1_568' title='bbox 2844 3608 3121 3676; x_wconf 69' lang='lat' dir='ltr'><strong>responsio</strong></span> <span class='ocrx_word' id='word_1_569' title='bbox 3163 3606 3278 3662; x_wconf 77' lang='lat' dir='ltr'><strong>fere</strong></span> <span class='ocrx_word' id='word_1_570' title='bbox 3320 3604 3578 3662; x_wconf 86' lang='lat' dir='ltr'><strong>coincidit</strong></span> 
     </span>
    </p>
   </div>
   <div class='ocr_carea' id='block_1_82' title="bbox 2006 3699 3574 3775">
    <p class='ocr_par' dir='ltr' id='par_1_82' title="bbox 2006 3699 3574 3775">
     <span class='ocr_line' id='line_1_82' title="bbox 2006 3699 3574 3775; baseline 0 -24"><span class='ocrx_word' id='word_1_571' title='bbox 2006 3711 2127 3751; x_wconf 89' lang='lat' dir='ltr'><strong>cuni</strong></span> <span class='ocrx_word' id='word_1_572' title='bbox 2180 3701 2470 3766; x_wconf 81' lang='lat' dir='ltr'><strong>po.-treniis</strong></span> <span class='ocrx_word' id='word_1_573' title='bbox 2521 3699 2577 3753; x_wconf 87' lang='lat' dir='ltr'><strong>S.</strong></span> <span class='ocrx_word' id='word_1_574' title='bbox 2635 3699 2856 3755; x_wconf 70' lang='lat' dir='ltr'><strong>Tlionue</strong></span> <span class='ocrx_word' id='word_1_575' title='bbox 2905 3701 3192 3770; x_wconf 75' lang='lat' dir='ltr'><strong>Aquinatis</strong></span> <span class='ocrx_word' id='word_1_576' title='bbox 3240 3705 3396 3775; x_wconf 84' lang='lat' dir='ltr'><strong>modo</strong></span> <span class='ocrx_word' id='word_1_577' title='bbox 3432 3700 3574 3753; x_wconf 72' lang='lat' dir='ltr'><strong>‘relao</strong></span> 
     </span>
    </p>
   </div>
   <div class='ocr_carea' id='block_1_83' title="bbox 2011 3792 3580 3862">
    <p class='ocr_par' dir='ltr' id='par_1_83' title="bbox 2011 3792 3580 3862">
     <span class='ocr_line' id='line_1_83' title="bbox 2011 3792 3580 3862; baseline 0.002 -19"><span class='ocrx_word' id='word_1_578' title='bbox 2011 3793 2078 3844; x_wconf 90' lang='lat' dir='ltr'><strong>tis</strong></span> <span class='ocrx_word' id='word_1_579' title='bbox 2144 3792 2343 3846; x_wconf 79' lang='lat' dir='ltr'><strong>verbis.</strong></span> <span class='ocrx_word' id='word_1_580' title='bbox 2387 3792 2556 3846; x_wconf 80' lang='lat' dir='ltr'><strong>Aiunt</strong></span> <span class='ocrx_word' id='word_1_581' title='bbox 2606 3793 2814 3848; x_wconf 82' lang='lat' dir='ltr'><strong>scilicet</strong></span> <span class='ocrx_word' id='word_1_582' title='bbox 2869 3803 2923 3848; x_wconf 91' lang='lat' dir='ltr'><strong>et</strong></span> <span class='ocrx_word' id='word_1_583' title='bbox 2953 3793 3039 3847; x_wconf 90' lang='lat' dir='ltr'><strong>isti</strong></span> <span class='ocrx_word' id='word_1_584' title='bbox 3103 3808 3440 3862; x_wconf 77' lang='lat' dir='ltr'><strong>nequaqua-n</strong></span> <span class='ocrx_word' id='word_1_585' title='bbox 3492 3806 3580 3847; x_wconf 81' lang='lat' dir='ltr'><strong>se-</strong></span> 
     </span>
    </p>
   </div>
   <div class='ocr_carea' id='block_1_84' title="bbox 2007 3885 3582 3954">
    <p class='ocr_par' dir='ltr' id='par_1_84' title="bbox 2007 3885 3582 3954">
     <span class='ocr_line' id='line_1_84' title="bbox 2007 3885 3582 3954; baseline 0.004 -20"><span class='ocrx_word' id='word_1_586' title='bbox 2007 3885 2098 3952; x_wconf 88' lang='lat' dir='ltr'><strong>qui</strong></span> <span class='ocrx_word' id='word_1_587' title='bbox 2123 3900 2188 3938; x_wconf 83' lang='lat' dir='ltr'><strong>ex</strong></span> <span class='ocrx_word' id='word_1_588' title='bbox 2221 3887 2442 3954; x_wconf 78' lang='lat' dir='ltr'><strong>ecquod</strong></span> <span class='ocrx_word' id='word_1_589' title='bbox 2462 3887 2660 3940; x_wconf 86' lang='lat' dir='ltr'><strong>scribat</strong></span> <span class='ocrx_word' id='word_1_590' title='bbox 2682 3885 3048 3941; x_wconf 81' lang='lat' dir='ltr'><strong>Damasccnus</strong></span> <span class='ocrx_word' id='word_1_591' title='bbox 3065 3902 3237 3940; x_wconf 88' lang='lat' dir='ltr'><strong>senon</strong></span> <span class='ocrx_word' id='word_1_592' title='bbox 3265 3887 3434 3939; x_wconf 80' lang='lat' dir='ltr'><strong>dicere</strong></span> <span class='ocrx_word' id='word_1_593' title='bbox 3462 3887 3582 3954; x_wconf 74' lang='lat' dir='ltr'><strong>Spi-</strong></span> 
     </span>
    </p>
   </div>
   <div class='ocr_carea' id='block_1_85' title="bbox 2009 3975 3574 4050">
    <p class='ocr_par' dir='ltr' id='par_1_85' title="bbox 2009 3975 3574 4050">
     <span class='ocr_line' id='line_1_85' title="bbox 2009 3975 3574 4050; baseline 0.003 -22"><span class='ocrx_word' id='word_1_594' title='bbox 2009 3975 2169 4030; x_wconf 86' lang='lat' dir='ltr'><strong>ritum</strong></span> <span class='ocrx_word' id='word_1_595' title='bbox 2199 3993 2263 4032; x_wconf 73' lang='lat' dir='ltr'><strong>ex</strong></span> <span class='ocrx_word' id='word_1_596' title='bbox 2295 3977 2450 4043; x_wconf 83' lang='lat' dir='ltr'><strong>Filio,</strong></span> <span class='ocrx_word' id='word_1_597' title='bbox 2485 3979 2670 4050; x_wconf 71' lang='lat' dir='ltr'><strong>negari</strong></span> <span class='ocrx_word' id='word_1_598' title='bbox 2707 3982 2773 4033; x_wconf 84' lang='lat' dir='ltr'><strong>ali</strong></span> <span class='ocrx_word' id='word_1_599' title='bbox 2817 3982 2934 4048; x_wconf 86' lang='lat' dir='ltr'><strong>ipso</strong></span> <span class='ocrx_word' id='word_1_600' title='bbox 2981 3980 3124 4034; x_wconf 82' lang='lat' dir='ltr'><strong>istud</strong></span> <span class='ocrx_word' id='word_1_601' title='bbox 3175 3982 3372 4048; x_wconf 82' lang='lat' dir='ltr'><strong>ipsum.</strong></span> <span class='ocrx_word' id='word_1_602' title='bbox 3421 3979 3574 4045; x_wconf 61' lang='lat' dir='ltr'><strong>Quas-</strong></span> 
     </span>
    </p>
   </div>
   <div class='ocr_carea' id='block_1_86' title="bbox 2009 4071 3576 4142">
    <p class='ocr_par' dir='ltr' id='par_1_86' title="bbox 2009 4071 3576 4142">
     <span class='ocr_line' id='line_1_86' title="bbox 2009 4071 3576 4142; baseline 0.001 -17"><span class='ocrx_word' id='word_1_603' title='bbox 2009 4071 2132 4125; x_wconf 80' lang='lat' dir='ltr'><strong>dam</strong></span> <span class='ocrx_word' id='word_1_604' title='bbox 2181 4072 2324 4125; x_wconf 88' lang='lat' dir='ltr'><strong>enim</strong></span> <span class='ocrx_word' id='word_1_605' title='bbox 2353 4083 2499 4126; x_wconf 87' lang='lat' dir='ltr'><strong>certa</strong></span> <span class='ocrx_word' id='word_1_606' title='bbox 2541 4087 2608 4126; x_wconf 78' lang='lat' dir='ltr'><strong>ex</strong></span> <span class='ocrx_word' id='word_1_607' title='bbox 2649 4088 2813 4128; x_wconf 81' lang='lat' dir='ltr'><strong>causa</strong></span> <span class='ocrx_word' id='word_1_608' title='bbox 2861 4088 2967 4128; x_wconf 90' lang='lat' dir='ltr'><strong>non</strong></span> <span class='ocrx_word' id='word_1_609' title='bbox 3002 4073 3270 4136; x_wconf 83' lang='lat' dir='ltr'><strong>dicuntur,</strong></span> <span class='ocrx_word' id='word_1_610' title='bbox 3306 4087 3422 4142; x_wconf 67' lang='lat' dir='ltr'><strong>qua:</strong></span> <span class='ocrx_word' id='word_1_611' title='bbox 3467 4087 3576 4126; x_wconf 89' lang='lat' dir='ltr'><strong>non</strong></span> 
     </span>
    </p>
   </div>
   <div class='ocr_carea' id='block_1_87' title="bbox 2012 4168 3580 4238">
    <p class='ocr_par' dir='ltr' id='par_1_87' title="bbox 2012 4168 3580 4238">
     <span class='ocr_line' id='line_1_87' title="bbox 2012 4168 3580 4238; baseline 0.002 -19"><span class='ocrx_word' id='word_1_612' title='bbox 2012 4175 2284 4234; x_wconf 80' lang='lat' dir='ltr'><strong>negantur</strong></span> <span class='ocrx_word' id='word_1_613' title='bbox 2329 4175 2534 4231; x_wconf 86' lang='lat' dir='ltr'><strong>tamen,</strong></span> <span class='ocrx_word' id='word_1_614' title='bbox 2572 4169 2696 4235; x_wconf 87' lang='lat' dir='ltr'><strong>quia</strong></span> <span class='ocrx_word' id='word_1_615' title='bbox 2748 4169 2908 4222; x_wconf 87' lang='lat' dir='ltr'><strong>verba</strong></span> <span class='ocrx_word' id='word_1_616' title='bbox 2962 4175 3083 4238; x_wconf 60' lang='lat' dir='ltr'><strong>qua</strong></span> <span class='ocrx_word' id='word_1_617' title='bbox 3126 4168 3362 4221; x_wconf 66' lang='lat' dir='ltr'><strong>haeretici</strong></span> <span class='ocrx_word' id='word_1_618' title='bbox 3410 4181 3580 4238; x_wconf 77' lang='lat' dir='ltr'><strong>pravo</strong></span> 
     </span>
    </p>
   </div>
   <div class='ocr_carea' id='block_1_88' title="bbox 2011 4261 3582 4330">
    <p class='ocr_par' dir='ltr' id='par_1_88' title="bbox 2011 4261 3582 4330">
     <span class='ocr_line' id='line_1_88' title="bbox 2011 4261 3582 4330; baseline 0.002 -17"><span class='ocrx_word' id='word_1_619' title='bbox 2011 4275 2170 4313; x_wconf 81' lang='lat' dir='ltr'><strong>sensu</strong></span> <span class='ocrx_word' id='word_1_620' title='bbox 2243 4261 2589 4330; x_wconf 76' lang='lat' dir='ltr'><strong>protulerint,</strong></span> <span class='ocrx_word' id='word_1_621' title='bbox 2660 4264 2926 4316; x_wconf 85' lang='lat' dir='ltr'><strong>interdum</strong></span> <span class='ocrx_word' id='word_1_622' title='bbox 2997 4263 3251 4318; x_wconf 70' lang='lat' dir='ltr'><strong>cailiuliii</strong></span> <span class='ocrx_word' id='word_1_623' title='bbox 3327 4276 3582 4317; x_wconf 72' lang='lat' dir='ltr'><strong>verentur</strong></span> 
     </span>
    </p>
   </div>
   <div class='ocr_carea' id='block_1_89' title="bbox 2012 4355 3580 4427">
    <p class='ocr_par' dir='ltr' id='par_1_89' title="bbox 2012 4355 3580 4427">
     <span class='ocr_line' id='line_1_89' title="bbox 2012 4355 3580 4427; baseline 0.004 -22"><span class='ocrx_word' id='word_1_624' title='bbox 2012 4369 2292 4422; x_wconf 72' lang='lat' dir='ltr'><strong>usurpare,</strong></span> <span class='ocrx_word' id='word_1_625' title='bbox 2353 4369 2420 4409; x_wconf 88' lang='lat' dir='ltr'><strong>ne</strong></span> <span class='ocrx_word' id='word_1_626' title='bbox 2473 4355 2656 4410; x_wconf 86' lang='lat' dir='ltr'><strong>audita</strong></span> <span class='ocrx_word' id='word_1_627' title='bbox 2709 4367 2968 4424; x_wconf 84' lang='lat' dir='ltr'><strong>putentur</strong></span> <span class='ocrx_word' id='word_1_628' title='bbox 3020 4359 3286 4427; x_wconf 78' lang='lat' dir='ltr'><strong>appictam</strong></span> <span class='ocrx_word' id='word_1_629' title='bbox 3345 4356 3448 4410; x_wconf 91' lang='lat' dir='ltr'><strong>illis</strong></span> <span class='ocrx_word' id='word_1_630' title='bbox 3482 4372 3580 4426; x_wconf 85' lang='lat' dir='ltr'><strong>per</strong></span> 
     </span>
    </p>
   </div>
   <div class='ocr_carea' id='block_1_90' title="bbox 2015 4446 3582 4516">
    <p class='ocr_par' dir='ltr' id='par_1_90' title="bbox 2015 4446 3582 4516">
     <span class='ocr_line' id='line_1_90' title="bbox 2015 4446 3582 4516; baseline 0.003 -19"><span class='ocrx_word' id='word_1_631' title='bbox 2015 4446 2297 4500; x_wconf 84' lang='lat' dir='ltr'><strong>damnatos</strong></span> <span class='ocrx_word' id='word_1_632' title='bbox 2327 4459 2574 4502; x_wconf 85' lang='lat' dir='ltr'><strong>auctores</strong></span> <span class='ocrx_word' id='word_1_633' title='bbox 2598 4448 3036 4504; x_wconf 79' lang='lat' dir='ltr'><strong>adbucietinere</strong></span> <span class='ocrx_word' id='word_1_634' title='bbox 3061 4451 3408 4505; x_wconf 80' lang='lat' dir='ltr'><strong>sententiain.</strong></span> <span class='ocrx_word' id='word_1_635' title='bbox 3436 4449 3582 4516; x_wconf 80' lang='lat' dir='ltr'><strong>Quo-</strong></span> 
     </span>
    </p>
   </div>
   <div class='ocr_carea' id='block_1_91' title="bbox 343 4540 3582 4641">
    <p class='ocr_par' dir='ltr' id='par_1_91' title="bbox 343 4540 3582 4641">
     <span class='ocr_line' id='line_1_91' title="bbox 343 4540 3582 4641; baseline -0.002 -40"><span class='ocrx_word' id='word_1_636' title='bbox 343 4561 534 4616; x_wconf 87' lang='lat' dir='ltr'><strong>parum</strong></span> <span class='ocrx_word' id='word_1_637' title='bbox 588 4545 665 4612; x_wconf 87' lang='lat' dir='ltr'><strong>illi</strong></span> <span class='ocrx_word' id='word_1_638' title='bbox 717 4544 988 4615; x_wconf 82' lang='lat' dir='ltr'><strong>profuerit</strong></span> <span class='ocrx_word' id='word_1_639' title='bbox 1039 4549 1187 4618; x_wconf 88' lang='lat' dir='ltr'><strong>prior</strong></span> <span class='ocrx_word' id='word_1_640' title='bbox 1241 4547 1325 4600; x_wconf 85' lang='lat' dir='ltr'><strong>illa</strong></span> <span class='ocrx_word' id='word_1_641' title='bbox 1360 4544 1628 4618; x_wconf 77' lang='lat' dir='ltr'><strong>Zygadeui</strong></span> <span class='ocrx_word' id='word_1_642' title='bbox 1662 4547 1906 4616; x_wconf 82' lang='lat' dir='ltr'><strong>scriptio,</strong></span> <span class='ocrx_word' id='word_1_643' title='bbox 1944 4587 1984 4641; x_wconf 72' lang='grc' dir='ltr'>ο</span> <span class='ocrx_word' id='word_1_644' title='bbox 2018 4540 2160 4592; x_wconf 81' lang='lat' dir='ltr'><strong>uiam</strong></span> <span class='ocrx_word' id='word_1_645' title='bbox 2218 4557 2349 4610; x_wconf 77' lang='lat' dir='ltr'><strong>ergo</strong></span> <span class='ocrx_word' id='word_1_646' title='bbox 2406 4543 2700 4598; x_wconf 82' lang='lat' dir='ltr'><strong>Eunoniius</strong></span> <span class='ocrx_word' id='word_1_647' title='bbox 2758 4544 3041 4598; x_wconf 80' lang='lat' dir='ltr'><strong>Trinitatis</strong></span> <span class='ocrx_word' id='word_1_648' title='bbox 3099 4546 3582 4641; x_wconf 61' lang='lat' dir='ltr'><strong>consubstantiatis</strong></span> 
     </span>
    </p>
   </div>
   <div class='ocr_carea' id='block_1_92' title="bbox 342 4639 1907 4710">
    <p class='ocr_par' dir='ltr' id='par_1_92' title="bbox 342 4639 1907 4710">
     <span class='ocr_line' id='line_1_92' title="bbox 342 4639 1907 4710; baseline 0.001 -16"><span class='ocrx_word' id='word_1_649' title='bbox 342 4654 504 4710; x_wconf 87' lang='lat' dir='ltr'><strong>quam</strong></span> <span class='ocrx_word' id='word_1_650' title='bbox 538 4639 763 4693; x_wconf 79' lang='lat' dir='ltr'><strong>reseCtis</strong></span> <span class='ocrx_word' id='word_1_651' title='bbox 792 4649 997 4693; x_wconf 88' lang='lat' dir='ltr'><strong>tantum</strong></span> <span class='ocrx_word' id='word_1_652' title='bbox 1031 4640 1488 4710; x_wconf 86' lang='lat' dir='ltr'><strong>descriptionibus</strong></span> <span class='ocrx_word' id='word_1_653' title='bbox 1529 4642 1815 4694; x_wconf 65' lang='lat' dir='ltr'><strong>hatresiuin</strong></span> <span class='ocrx_word' id='word_1_654' title='bbox 1852 4653 1907 4695; x_wconf 88' lang='lat' dir='ltr'><strong>et</strong></span> 
     </span>
    </p>
   </div>
   <div class='ocr_carea' id='block_1_93' title="bbox 350 4733 1910 4804">
    <p class='ocr_par' dir='ltr' id='par_1_93' title="bbox 350 4733 1910 4804">
     <span class='ocr_line' id='line_1_93' title="bbox 350 4733 1910 4804; baseline -0.001 -16"><span class='ocrx_word' id='word_1_655' title='bbox 350 4735 763 4804; x_wconf 76' lang='lat' dir='ltr'><strong>recitationibus</strong></span> <span class='ocrx_word' id='word_1_656' title='bbox 825 4733 1182 4788; x_wconf 85' lang='lat' dir='ltr'><strong>absurdarniu</strong></span> <span class='ocrx_word' id='word_1_657' title='bbox 1249 4736 1633 4797; x_wconf 75' lang='lat' dir='ltr'><strong>assertionuin,</strong></span> <span class='ocrx_word' id='word_1_658' title='bbox 1703 4736 1910 4794; x_wconf 82' lang='lat' dir='ltr'><strong>quibus</strong></span> 
     </span>
    </p>
   </div>
   <div class='ocr_carea' id='block_1_94' title="bbox 349 4827 1912 4898">
    <p class='ocr_par' dir='ltr' id='par_1_94' title="bbox 349 4827 1912 4898">
     <span class='ocr_line' id='line_1_94' title="bbox 349 4827 1912 4898; baseline -0.003 -14"><span class='ocrx_word' id='word_1_659' title='bbox 349 4832 448 4884; x_wconf 77' lang='lat' dir='ltr'><strong>illic</strong></span> <span class='ocrx_word' id='word_1_660' title='bbox 479 4829 822 4894; x_wconf 74' lang='lat' dir='ltr'><strong>constabant,</strong></span> <span class='ocrx_word' id='word_1_661' title='bbox 873 4837 987 4882; x_wconf 91' lang='lat' dir='ltr'><strong>tum</strong></span> <span class='ocrx_word' id='word_1_662' title='bbox 1045 4829 1370 4882; x_wconf 86' lang='lat' dir='ltr'><strong>testimoniis</strong></span> <span class='ocrx_word' id='word_1_663' title='bbox 1429 4827 1650 4881; x_wconf 85' lang='lat' dir='ltr'><strong>Patrum</strong></span> <span class='ocrx_word' id='word_1_664' title='bbox 1680 4846 1705 4881; x_wconf 80' lang='lat' dir='ltr'><strong>a</strong></span> <span class='ocrx_word' id='word_1_665' title='bbox 1739 4828 1912 4898; x_wconf 78' lang='lat' dir='ltr'><strong>Zyga-</strong></span> 
     </span>
    </p>
   </div>
   <div class='ocr_carea' id='block_1_95' title="bbox 351 4920 1913 4989">
    <p class='ocr_par' dir='ltr' id='par_1_95' title="bbox 351 4920 1913 4989">
     <span class='ocr_line' id='line_1_95' title="bbox 351 4920 1913 4989; baseline -0.008 -12"><span class='ocrx_word' id='word_1_666' title='bbox 351 4924 489 4977; x_wconf 85' lang='lat' dir='ltr'><strong>deuo</strong></span> <span class='ocrx_word' id='word_1_667' title='bbox 515 4920 790 4989; x_wconf 78' lang='lat' dir='ltr'><strong>congestis</strong></span> <span class='ocrx_word' id='word_1_668' title='bbox 819 4920 872 4974; x_wconf 91' lang='lat' dir='ltr'><strong>in</strong></span> <span class='ocrx_word' id='word_1_669' title='bbox 929 4921 1175 4974; x_wconf 88' lang='lat' dir='ltr'><strong>ordinem</strong></span> <span class='ocrx_word' id='word_1_670' title='bbox 1210 4921 1551 4977; x_wconf 85' lang='lat' dir='ltr'><strong>commodum</strong></span> <span class='ocrx_word' id='word_1_671' title='bbox 1586 4922 1913 4986; x_wconf 54' lang='lat' dir='ltr'><strong>(iiiU‘ibnlis’</strong></span> 
     </span>
    </p>
   </div>
   <div class='ocr_carea' id='block_1_96' title="bbox 355 4998 1915 5083">
    <p class='ocr_par' dir='ltr' id='par_1_96' title="bbox 355 4998 1915 5083">
     <span class='ocr_line' id='line_1_96' title="bbox 355 4998 1915 5083; baseline -0.001 -16"><span class='ocrx_word' id='word_1_672' title='bbox 355 5014 705 5079; x_wconf 81' lang='lat' dir='ltr'><strong>licviaverit,</strong></span> <span class='ocrx_word' id='word_1_673' title='bbox 737 5023 788 5066; x_wconf 84' lang='lat' dir='ltr'><strong>et</strong></span> <span class='ocrx_word' id='word_1_674' title='bbox 819 5011 1017 5083; x_wconf 88' lang='lat' dir='ltr'><strong>proprii</strong></span> <span class='ocrx_word' id='word_1_675' title='bbox 1047 5015 1278 5068; x_wconf 86' lang='lat' dir='ltr'><strong>nominis</strong></span> <span class='ocrx_word' id='word_1_676' title='bbox 1303 4998 1628 5066; x_wconf 39' lang='lat' dir='ltr'><strong>auctOiii..‘.:&#39;</strong></span> <span class='ocrx_word' id='word_1_677' title='bbox 1653 5015 1915 5066; x_wconf 88' lang='lat' dir='ltr'><strong>munitum</strong></span> 
     </span>
    </p>
   </div>
   <div class='ocr_carea' id='block_1_97' title="bbox 352 5106 1919 5180">
    <p class='ocr_par' dir='ltr' id='par_1_97' title="bbox 352 5106 1919 5180">
     <span class='ocr_line' id='line_1_97' title="bbox 352 5106 1919 5180; baseline -0.003 -19"><span class='ocrx_word' id='word_1_678' title='bbox 352 5111 648 5180; x_wconf 75' lang='lat' dir='ltr'><strong>viilgaverit</strong></span> <span class='ocrx_word' id='word_1_679' title='bbox 677 5123 815 5163; x_wconf 72' lang='lat' dir='ltr'><strong>novo</strong></span> <span class='ocrx_word' id='word_1_680' title='bbox 851 5107 1006 5160; x_wconf 89' lang='lat' dir='ltr'><strong>titulo</strong></span> <span class='ocrx_word' id='word_1_681' title='bbox 1040 5107 1192 5177; x_wconf 76' lang='grc' dir='ltr'><strong>ἱερᾶς</strong></span> <span class='ocrx_word' id='word_1_682' title='bbox 1227 5106 1712 5176; x_wconf 60' lang='grc' dir='ltr'><strong>ὁπὶιοοήκηςμιιενὶ</strong></span> <span class='ocrx_word' id='word_1_683' title='bbox 1744 5122 1919 5158; x_wconf 82' lang='lat' dir='ltr'><strong>arma-</strong></span> 
     </span>
    </p>
   </div>
   <div class='ocr_carea' id='block_1_98' title="bbox 357 5205 621 5258">
    <p class='ocr_par' dir='ltr' id='par_1_98' title="bbox 357 5205 621 5258">
     <span class='ocr_line' id='line_1_98' title="bbox 357 5205 621 5258; baseline 0.008 -3"><span class='ocrx_word' id='word_1_684' title='bbox 357 5205 621 5258; x_wconf 75' lang='lat' dir='ltr'><strong>meritorii.</strong></span> 
     </span>
    </p>
   </div>
   <div class='ocr_carea' id='block_1_99' title="bbox 425 5291 1916 5352">
    <p class='ocr_par' dir='ltr' id='par_1_99' title="bbox 425 5291 1916 5352">
     <span class='ocr_line' id='line_1_99' title="bbox 425 5291 1916 5352; baseline -0.003 -3"><span class='ocrx_word' id='word_1_685' title='bbox 425 5298 558 5352; x_wconf 78' lang='lat' dir='ltr'><strong>Ibid.</strong></span> <span class='ocrx_word' id='word_1_686' title='bbox 595 5297 680 5351; x_wconf 78' lang='lat' dir='ltr'><strong>Ait</strong></span> <span class='ocrx_word' id='word_1_687' title='bbox 719 5298 964 5351; x_wconf 86' lang='lat' dir='ltr'><strong>nimirum</strong></span> <span class='ocrx_word' id='word_1_688' title='bbox 996 5294 1133 5348; x_wconf 78' lang='lat' dir='ltr'><strong>idem</strong></span> <span class='ocrx_word' id='word_1_689' title='bbox 1164 5301 1397 5347; x_wconf 87' lang='lat' dir='ltr'><strong>sanctus.</strong></span> <span class='ocrx_word' id='word_1_690' title='bbox 1443 5291 1519 5347; x_wconf 83' lang='lat' dir='ltr'><strong>Ex</strong></span> <span class='ocrx_word' id='word_1_691' title='bbox 1575 5293 1660 5347; x_wconf 86' lang='lat' dir='ltr'><strong>liis</strong></span> <span class='ocrx_word' id='word_1_692' title='bbox 1721 5295 1916 5349; x_wconf 85' lang='lat' dir='ltr'><strong>Dama-</strong></span> 
     </span>
    </p>
   </div>
   <div class='ocr_carea' id='block_1_100' title="bbox 359 5383 1921 5456">
    <p class='ocr_par' dir='ltr' id='par_1_100' title="bbox 359 5383 1921 5456">
     <span class='ocr_line' id='line_1_100' title="bbox 359 5383 1921 5456; baseline -0.002 -14"><span class='ocrx_word' id='word_1_693' title='bbox 359 5389 501 5444; x_wconf 62' lang='grc' dir='ltr'><strong>βοειιί</strong></span> <span class='ocrx_word' id='word_1_694' title='bbox 556 5387 754 5450; x_wconf 77' lang='lat' dir='ltr'><strong>verbis,</strong></span> <span class='ocrx_word' id='word_1_695' title='bbox 811 5401 928 5455; x_wconf 77' lang='lat' dir='ltr'><strong>quae</strong></span> <span class='ocrx_word' id='word_1_696' title='bbox 973 5385 1219 5456; x_wconf 76' lang='lat' dir='ltr'><strong>leguntur</strong></span> <span class='ocrx_word' id='word_1_697' title='bbox 1258 5383 1521 5454; x_wconf 88' lang='lat' dir='ltr'><strong>hodieque</strong></span> <span class='ocrx_word' id='word_1_698' title='bbox 1577 5387 1717 5452; x_wconf 87' lang='lat' dir='ltr'><strong>apud</strong></span> <span class='ocrx_word' id='word_1_699' title='bbox 1772 5384 1921 5439; x_wconf 88' lang='lat' dir='ltr'><strong>illum</strong></span> 
     </span>
    </p>
   </div>
   <div class='ocr_carea' id='block_1_101' title="bbox 361 5471 1922 5552">
    <p class='ocr_par' dir='ltr' id='par_1_101' title="bbox 361 5471 1922 5552">
     <span class='ocr_line' id='line_1_101' title="bbox 361 5471 1922 5552; baseline -0.003 -16"><span class='ocrx_word' id='word_1_700' title='bbox 361 5481 396 5535; x_wconf 91' lang='grc' dir='ltr'><strong>ι.</strong></span> <span class='ocrx_word' id='word_1_701' title='bbox 436 5498 449 5536; x_wconf 92' lang='lat' dir='ltr'><strong>l</strong></span> <span class='ocrx_word' id='word_1_702' title='bbox 485 5480 559 5534; x_wconf 83' lang='lat' dir='ltr'><strong>De</strong></span> <span class='ocrx_word' id='word_1_703' title='bbox 601 5471 726 5548; x_wconf 74' lang='lat' dir='ltr'><strong>fide,</strong></span> <span class='ocrx_word' id='word_1_704' title='bbox 754 5479 951 5547; x_wconf 85' lang='lat' dir='ltr'><strong>capite,</strong></span> <span class='ocrx_word' id='word_1_705' title='bbox 997 5487 1055 5531; x_wconf 91' lang='lat' dir='ltr'><strong>ut</strong></span> <span class='ocrx_word' id='word_1_706' title='bbox 1095 5479 1313 5552; x_wconf 82' lang='lat' dir='ltr'><strong>quidam</strong></span> <span class='ocrx_word' id='word_1_707' title='bbox 1359 5479 1550 5541; x_wconf 88' lang='lat' dir='ltr'><strong>citant,</strong></span> <span class='ocrx_word' id='word_1_708' title='bbox 1606 5477 1672 5531; x_wconf 76' lang='lat'><strong>{2</strong></span> <span class='ocrx_word' id='word_1_709' title='bbox 1720 5479 1841 5549; x_wconf 77' lang='lat' dir='ltr'><strong>(ego</strong></span> <span class='ocrx_word' id='word_1_710' title='bbox 1871 5480 1922 5532; x_wconf 89' lang='lat' dir='ltr'><strong>in</strong></span> 
     </span>
    </p>
   </div>
   <div class='ocr_carea' id='block_1_102' title="bbox 364 5569 1928 5644">
    <p class='ocr_par' dir='ltr' id='par_1_102' title="bbox 364 5569 1928 5644">
     <span class='ocr_line' id='line_1_102' title="bbox 364 5569 1928 5644; baseline 0 -17"><span class='ocrx_word' id='word_1_711' title='bbox 364 5575 421 5628; x_wconf 73' lang='lat' dir='ltr'><strong>il</strong></span> <span class='ocrx_word' id='word_1_712' title='bbox 469 5572 677 5642; x_wconf 82' lang='lat' dir='ltr'><strong>reperio</strong></span> <span class='ocrx_word' id='word_1_713' title='bbox 707 5572 793 5627; x_wconf 62' lang='lat' dir='ltr'><strong>cd&#39;.</strong></span> <span class='ocrx_word' id='word_1_714' title='bbox 832 5569 1155 5625; x_wconf 85' lang='lat' dir='ltr'><strong>Basilecnsis</strong></span> <span class='ocrx_word' id='word_1_715' title='bbox 1187 5570 1316 5624; x_wconf 83' lang='lat' dir='ltr'><strong>anui</strong></span> <span class='ocrx_word' id='word_1_716' title='bbox 1353 5569 1581 5639; x_wconf 76' lang='lat' dir='ltr'><strong>l575,p.</strong></span> <span class='ocrx_word' id='word_1_717' title='bbox 1608 5570 1719 5639; x_wconf 68' lang='grc' dir='ltr'><strong>ιδ),</strong></span> <span class='ocrx_word' id='word_1_718' title='bbox 1765 5570 1928 5644; x_wconf 64' lang='grc'><strong>744</strong></span> 
     </span>
    </p>
   </div>
   <div class='ocr_carea' id='block_1_103' title="bbox 364 5663 1927 5734">
    <p class='ocr_par' dir='ltr' id='par_1_103' title="bbox 364 5663 1927 5734">
     <span class='ocr_line' id='line_1_103' title="bbox 364 5663 1927 5734; baseline 0 -14"><span class='ocrx_word' id='word_1_719' title='bbox 364 5680 470 5720; x_wconf 90' lang='lat' dir='ltr'><strong>non</strong></span> <span class='ocrx_word' id='word_1_720' title='bbox 534 5667 693 5719; x_wconf 88' lang='lat' dir='ltr'><strong>modo</strong></span> <span class='ocrx_word' id='word_1_721' title='bbox 739 5663 914 5720; x_wconf 69' lang='lat' dir='ltr'><strong>Grieci</strong></span> <span class='ocrx_word' id='word_1_722' title='bbox 964 5664 1296 5719; x_wconf 82' lang='lat' dir='ltr'><strong>schisuiatici</strong></span> <span class='ocrx_word' id='word_1_723' title='bbox 1351 5663 1578 5734; x_wconf 85' lang='lat' dir='ltr'><strong>antiqui,</strong></span> <span class='ocrx_word' id='word_1_724' title='bbox 1657 5666 1927 5720; x_wconf 79' lang='lat' dir='ltr'><strong>Macarius</strong></span> 
     </span>
    </p>
   </div>
   <div class='ocr_carea' id='block_1_104' title="bbox 363 5756 1930 5830">
    <p class='ocr_par' dir='ltr' id='par_1_104' title="bbox 363 5756 1930 5830">
     <span class='ocr_line' id='line_1_104' title="bbox 363 5756 1930 5830; baseline -0.003 -14"><span class='ocrx_word' id='word_1_725' title='bbox 363 5760 702 5830; x_wconf 73' lang='lat' dir='ltr'><strong>Ancyranus.</strong></span> <span class='ocrx_word' id='word_1_726' title='bbox 744 5758 1036 5827; x_wconf 78' lang='lat' dir='ltr'><strong>Gregorius</strong></span> <span class='ocrx_word' id='word_1_727' title='bbox 1076 5756 1343 5818; x_wconf 71' lang='lat' dir='ltr'><strong>Palaiuas,</strong></span> <span class='ocrx_word' id='word_1_728' title='bbox 1405 5756 1672 5826; x_wconf 79' lang='lat' dir='ltr'><strong>Joseplius</strong></span> <span class='ocrx_word' id='word_1_729' title='bbox 1727 5757 1930 5827; x_wconf 73' lang='lat' dir='ltr'><strong>Bi&#39;yeii-</strong></span> 
     </span>
    </p>
   </div>
   <div class='ocr_carea' id='block_1_105' title="bbox 366 5849 1927 5921">
    <p class='ocr_par' dir='ltr' id='par_1_105' title="bbox 366 5849 1927 5921">
     <span class='ocr_line' id='line_1_105' title="bbox 366 5849 1927 5921; baseline -0.006 -12"><span class='ocrx_word' id='word_1_730' title='bbox 366 5853 508 5919; x_wconf 83' lang='lat' dir='ltr'><strong>nius,</strong></span> <span class='ocrx_word' id='word_1_731' title='bbox 569 5852 829 5908; x_wconf 75' lang='lat' dir='ltr'><strong>Einanuel</strong></span> <span class='ocrx_word' id='word_1_732' title='bbox 912 5850 1243 5920; x_wconf 69' lang='lat' dir='ltr'><strong>Palicolugus</strong></span> <span class='ocrx_word' id='word_1_733' title='bbox 1302 5849 1595 5921; x_wconf 51' lang='grc' dir='ltr'><strong>Αιιευκιιις,</strong></span> <span class='ocrx_word' id='word_1_734' title='bbox 1659 5849 1927 5919; x_wconf 72' lang='lat' dir='ltr'><strong>Georgius</strong></span> 
     </span>
    </p>
   </div>
   <div class='ocr_carea' id='block_1_106' title="bbox 2017 4631 3579 4703">
    <p class='ocr_par' dir='ltr' id='par_1_106' title="bbox 2017 4631 3579 4703">
     <span class='ocr_line' id='line_1_106' title="bbox 2017 4631 3579 4703; baseline 0.006 -18"><span class='ocrx_word' id='word_1_735' title='bbox 2017 4633 2187 4686; x_wconf 87' lang='lat' dir='ltr'><strong>hostis</strong></span> <span class='ocrx_word' id='word_1_736' title='bbox 2236 4641 2482 4686; x_wconf 68' lang='lat' dir='ltr'><strong>Sanctum</strong></span> <span class='ocrx_word' id='word_1_737' title='bbox 2523 4637 2781 4703; x_wconf 82' lang='lat' dir='ltr'><strong>Spiritum</strong></span> <span class='ocrx_word' id='word_1_738' title='bbox 2829 4651 2950 4690; x_wconf 87' lang='lat' dir='ltr'><strong>esse</strong></span> <span class='ocrx_word' id='word_1_739' title='bbox 2997 4653 3060 4689; x_wconf 86' lang='lat' dir='ltr'><strong>ex</strong></span> <span class='ocrx_word' id='word_1_740' title='bbox 3099 4631 3233 4691; x_wconf 83' lang='lat' dir='ltr'><strong>Filio</strong></span> <span class='ocrx_word' id='word_1_741' title='bbox 3269 4637 3579 4694; x_wconf 68' lang='lat' dir='ltr'><strong>uilli-mave-</strong></span> 
     </span>
    </p>
   </div>
   <div class='ocr_carea' id='block_1_107' title="bbox 2017 4725 3580 4799">
    <p class='ocr_par' dir='ltr' id='par_1_107' title="bbox 2017 4725 3580 4799">
     <span class='ocr_line' id='line_1_107' title="bbox 2017 4725 3580 4799; baseline 0.006 -23"><span class='ocrx_word' id='word_1_742' title='bbox 2017 4735 2122 4785; x_wconf 85' lang='lat' dir='ltr'><strong>rat,</strong></span> <span class='ocrx_word' id='word_1_743' title='bbox 2175 4738 2239 4777; x_wconf 86' lang='lat' dir='ltr'><strong>eo</strong></span> <span class='ocrx_word' id='word_1_744' title='bbox 2281 4725 2483 4778; x_wconf 85' lang='lat' dir='ltr'><strong>scilicet</strong></span> <span class='ocrx_word' id='word_1_745' title='bbox 2533 4726 2691 4779; x_wconf 87' lang='lat' dir='ltr'><strong>modo</strong></span> <span class='ocrx_word' id='word_1_746' title='bbox 2721 4726 2773 4780; x_wconf 92' lang='lat' dir='ltr'><strong>id</strong></span> <span class='ocrx_word' id='word_1_747' title='bbox 2813 4728 3116 4798; x_wconf 72' lang='lat' dir='ltr'><strong>intelligens</strong></span> <span class='ocrx_word' id='word_1_748' title='bbox 3147 4746 3255 4798; x_wconf 89' lang='lat' dir='ltr'><strong>quo</strong></span> <span class='ocrx_word' id='word_1_749' title='bbox 3305 4733 3477 4799; x_wconf 81' lang='lat' dir='ltr'><strong>ipsum</strong></span> <span class='ocrx_word' id='word_1_750' title='bbox 3514 4749 3580 4788; x_wconf 82' lang='lat' dir='ltr'><strong>ex</strong></span> 
     </span>
    </p>
   </div>
   <div class='ocr_carea' id='block_1_108' title="bbox 2014 4815 3583 4882">
    <p class='ocr_par' dir='ltr' id='par_1_108' title="bbox 2014 4815 3583 4882">
     <span class='ocr_line' id='line_1_108' title="bbox 2014 4815 3583 4882; baseline 0.01 -14"><span class='ocrx_word' id='word_1_751' title='bbox 2014 4815 2177 4871; x_wconf 79' lang='lat' dir='ltr'><strong>Patre</strong></span> <span class='ocrx_word' id='word_1_752' title='bbox 2244 4818 2437 4870; x_wconf 84' lang='lat' dir='ltr'><strong>Filium</strong></span> <span class='ocrx_word' id='word_1_753' title='bbox 2492 4829 2545 4873; x_wconf 89' lang='lat' dir='ltr'><strong>ct</strong></span> <span class='ocrx_word' id='word_1_754' title='bbox 2599 4817 2833 4874; x_wconf 78' lang='lat' dir='ltr'><strong>Verbum</strong></span> <span class='ocrx_word' id='word_1_755' title='bbox 2890 4839 2993 4875; x_wconf 87' lang='lat' dir='ltr'><strong>non</strong></span> <span class='ocrx_word' id='word_1_756' title='bbox 3045 4822 3583 4882; x_wconf 71' lang='lat' dir='ltr'><strong>consubstantialiier</strong></span> 
     </span>
    </p>
   </div>
   <div class='ocr_carea' id='block_1_109' title="bbox 2018 4913 3584 4985">
    <p class='ocr_par' dir='ltr' id='par_1_109' title="bbox 2018 4913 3584 4985">
     <span class='ocr_line' id='line_1_109' title="bbox 2018 4913 3584 4985; baseline 0.011 -26"><span class='ocrx_word' id='word_1_757' title='bbox 2018 4913 2312 4979; x_wconf 84' lang='lat' dir='ltr'><strong>procedere</strong></span> <span class='ocrx_word' id='word_1_758' title='bbox 2347 4914 2546 4976; x_wconf 85' lang='lat' dir='ltr'><strong>aiebat,</strong></span> <span class='ocrx_word' id='word_1_759' title='bbox 2581 4915 2820 4969; x_wconf 76' lang='lat' dir='ltr'><strong>vitabant</strong></span> <span class='ocrx_word' id='word_1_760' title='bbox 2862 4919 3110 4971; x_wconf 69' lang='lat' dir='ltr'><strong>catholici</strong></span> <span class='ocrx_word' id='word_1_761' title='bbox 3143 4919 3463 4985; x_wconf 78' lang='lat' dir='ltr'><strong>simpliciter</strong></span> <span class='ocrx_word' id='word_1_762' title='bbox 3505 4934 3584 4976; x_wconf 86' lang='lat' dir='ltr'><strong>ta-</strong></span> 
     </span>
    </p>
   </div>
   <div class='ocr_carea' id='block_1_110' title="bbox 2019 5004 3585 5080">
    <p class='ocr_par' dir='ltr' id='par_1_110' title="bbox 2019 5004 3585 5080">
     <span class='ocr_line' id='line_1_110' title="bbox 2019 5004 3585 5080; baseline 0.01 -25"><span class='ocrx_word' id='word_1_763' title='bbox 2019 5004 2121 5056; x_wconf 84' lang='lat' dir='ltr'><strong>lem</strong></span> <span class='ocrx_word' id='word_1_764' title='bbox 2161 5006 2484 5058; x_wconf 81' lang='lat' dir='ltr'><strong>sententiam</strong></span> <span class='ocrx_word' id='word_1_765' title='bbox 2526 5006 2742 5071; x_wconf 75' lang='lat' dir='ltr'><strong>ellerre,</strong></span> <span class='ocrx_word' id='word_1_766' title='bbox 2789 5012 2873 5062; x_wconf 87' lang='lat' dir='ltr'><strong>cui</strong></span> <span class='ocrx_word' id='word_1_767' title='bbox 2907 5027 2968 5063; x_wconf 85' lang='lat' dir='ltr'><strong>ex</strong></span> <span class='ocrx_word' id='word_1_768' title='bbox 3013 5013 3118 5065; x_wconf 84' lang='lat' dir='ltr'><strong>late</strong></span> <span class='ocrx_word' id='word_1_769' title='bbox 3155 5016 3370 5080; x_wconf 69' lang='lat' dir='ltr'><strong>vulgato</strong></span> <span class='ocrx_word' id='word_1_770' title='bbox 3404 5015 3585 5070; x_wconf 79' lang='lat' dir='ltr'><strong>Euno-</strong></span> 
     </span>
    </p>
   </div>
   <div class='ocr_carea' id='block_1_111' title="bbox 2021 5097 3584 5173">
    <p class='ocr_par' dir='ltr' id='par_1_111' title="bbox 2021 5097 3584 5173">
     <span class='ocr_line' id='line_1_111' title="bbox 2021 5097 3584 5173; baseline 0.011 -25"><span class='ocrx_word' id='word_1_771' title='bbox 2021 5097 2112 5160; x_wconf 83' lang='lat' dir='ltr'><strong>niii</strong></span> <span class='ocrx_word' id='word_1_772' title='bbox 2147 5113 2333 5156; x_wconf 83' lang='lat' dir='ltr'><strong>errore</strong></span> <span class='ocrx_word' id='word_1_773' title='bbox 2362 5103 2572 5168; x_wconf 80' lang='lat' dir='ltr'><strong>repiolii</strong></span> <span class='ocrx_word' id='word_1_774' title='bbox 2608 5105 2868 5172; x_wconf 75' lang='lat' dir='ltr'><strong>dogmatis</strong></span> <span class='ocrx_word' id='word_1_775' title='bbox 2900 5105 3166 5158; x_wconf 78' lang='lat' dir='ltr'><strong>calumnia</strong></span> <span class='ocrx_word' id='word_1_776' title='bbox 3192 5108 3436 5162; x_wconf 70' lang='lat' dir='ltr'><strong>haereret.</strong></span> <span class='ocrx_word' id='word_1_777' title='bbox 3468 5110 3584 5173; x_wconf 84' lang='lat' dir='ltr'><strong>Qua</strong></span> 
     </span>
    </p>
   </div>
   <div class='ocr_carea' id='block_1_112' title="bbox 2021 5190 3583 5267">
    <p class='ocr_par' dir='ltr' id='par_1_112' title="bbox 2021 5190 3583 5267">
     <span class='ocr_line' id='line_1_112' title="bbox 2021 5190 3583 5267; baseline 0.01 -25"><span class='ocrx_word' id='word_1_778' title='bbox 2021 5190 2134 5242; x_wconf 84' lang='lat' dir='ltr'><strong>sola</strong></span> <span class='ocrx_word' id='word_1_779' title='bbox 2169 5193 2419 5246; x_wconf 83' lang='lat' dir='ltr'><strong>cautione</strong></span> <span class='ocrx_word' id='word_1_780' title='bbox 2453 5196 2589 5247; x_wconf 88' lang='lat' dir='ltr'><strong>idem</strong></span> <span class='ocrx_word' id='word_1_781' title='bbox 2618 5195 2977 5249; x_wconf 78' lang='lat' dir='ltr'><strong>Uainascenus</strong></span> <span class='ocrx_word' id='word_1_782' title='bbox 3006 5196 3202 5267; x_wconf 69' lang='lat' dir='ltr'><strong>refugit</strong></span> <span class='ocrx_word' id='word_1_783' title='bbox 3232 5215 3428 5256; x_wconf 85' lang='lat' dir='ltr'><strong>vocare</strong></span> <span class='ocrx_word' id='word_1_784' title='bbox 3455 5202 3583 5256; x_wconf 71' lang='lat' dir='ltr'><strong>bea~</strong></span> 
     </span>
    </p>
   </div>
   <div class='ocr_carea' id='block_1_113' title="bbox 2024 5282 3587 5364">
    <p class='ocr_par' dir='ltr' id='par_1_113' title="bbox 2024 5282 3587 5364">
     <span class='ocr_line' id='line_1_113' title="bbox 2024 5282 3587 5364; baseline 0.009 -28"><span class='ocrx_word' id='word_1_785' title='bbox 2024 5291 2132 5338; x_wconf 86' lang='lat' dir='ltr'><strong>tam</strong></span> <span class='ocrx_word' id='word_1_786' title='bbox 2190 5282 2411 5341; x_wconf 74' lang='lat' dir='ltr'><strong>Mariam</strong></span> <span class='ocrx_word' id='word_1_787' title='bbox 2460 5285 2876 5357; x_wconf 83' lang='lat' dir='ltr'><strong>Cliristiparam,</strong></span> <span class='ocrx_word' id='word_1_788' title='bbox 2929 5290 3054 5343; x_wconf 84' lang='lat' dir='ltr'><strong>licet</strong></span> <span class='ocrx_word' id='word_1_789' title='bbox 3097 5292 3317 5346; x_wconf 85' lang='lat' dir='ltr'><strong>minimc</strong></span> <span class='ocrx_word' id='word_1_790' title='bbox 3364 5306 3587 5364; x_wconf 76' lang='lat' dir='ltr'><strong>negaret</strong></span> 
     </span>
    </p>
   </div>
   <div class='ocr_carea' id='block_1_114' title="bbox 2025 5379 3588 5448">
    <p class='ocr_par' dir='ltr' id='par_1_114' title="bbox 2025 5379 3588 5448">
     <span class='ocr_line' id='line_1_114' title="bbox 2025 5379 3588 5448; baseline 0.009 -18"><span class='ocrx_word' id='word_1_791' title='bbox 2025 5392 2144 5431; x_wconf 81' lang='lat' dir='ltr'><strong>eam</strong></span> <span class='ocrx_word' id='word_1_792' title='bbox 2197 5394 2324 5434; x_wconf 82' lang='lat' dir='ltr'><strong>vere</strong></span> <span class='ocrx_word' id='word_1_793' title='bbox 2374 5379 2649 5434; x_wconf 78' lang='lat' dir='ltr'><strong>Christum</strong></span> <span class='ocrx_word' id='word_1_794' title='bbox 2708 5383 3001 5448; x_wconf 77' lang='lat' dir='ltr'><strong>peperisse.</strong></span> <span class='ocrx_word' id='word_1_795' title='bbox 3053 5394 3262 5440; x_wconf 88' lang='lat' dir='ltr'><strong>tantum</strong></span> <span class='ocrx_word' id='word_1_796' title='bbox 3315 5403 3381 5442; x_wconf 89' lang='lat' dir='ltr'><strong>ne</strong></span> <span class='ocrx_word' id='word_1_797' title='bbox 3431 5403 3588 5444; x_wconf 84' lang='lat' dir='ltr'><strong>utens</strong></span> 
     </span>
    </p>
   </div>
   <div class='ocr_carea' id='block_1_115' title="bbox 2027 5473 3590 5545">
    <p class='ocr_par' dir='ltr' id='par_1_115' title="bbox 2027 5473 3590 5545">
     <span class='ocr_line' id='line_1_115' title="bbox 2027 5473 3590 5545; baseline 0.006 -19"><span class='ocrx_word' id='word_1_798' title='bbox 2027 5473 2173 5529; x_wconf 86' lang='lat' dir='ltr'><strong>notis</strong></span> <span class='ocrx_word' id='word_1_799' title='bbox 2203 5474 2381 5528; x_wconf 82' lang='lat' dir='ltr'><strong>verbis</strong></span> <span class='ocrx_word' id='word_1_800' title='bbox 2413 5473 2670 5539; x_wconf 76' lang='lat' dir='ltr'><strong>Nestorii,</strong></span> <span class='ocrx_word' id='word_1_801' title='bbox 2698 5478 2894 5545; x_wconf 86' lang='lat' dir='ltr'><strong>quibus</strong></span> <span class='ocrx_word' id='word_1_802' title='bbox 2914 5478 3004 5533; x_wconf 84' lang='lat' dir='ltr'><strong>ille</strong></span> <span class='ocrx_word' id='word_1_803' title='bbox 3039 5481 3415 5543; x_wconf 63' lang='lat' dir='ltr'><strong>haeresi-arctis</strong></span> <span class='ocrx_word' id='word_1_804' title='bbox 3439 5485 3590 5542; x_wconf 76' lang='lat' dir='ltr'><strong>blas-</strong></span> 
     </span>
    </p>
   </div>
   <div class='ocr_carea' id='block_1_116' title="bbox 2030 5569 3590 5646">
    <p class='ocr_par' dir='ltr' id='par_1_116' title="bbox 2030 5569 3590 5646">
     <span class='ocr_line' id='line_1_116' title="bbox 2030 5569 3590 5646; baseline 0.003 -24"><span class='ocrx_word' id='word_1_805' title='bbox 2030 5569 2276 5636; x_wconf 83' lang='lat' dir='ltr'><strong>pbemam</strong></span> <span class='ocrx_word' id='word_1_806' title='bbox 2349 5584 2500 5622; x_wconf 87' lang='lat' dir='ltr'><strong>suam</strong></span> <span class='ocrx_word' id='word_1_807' title='bbox 2551 5570 2885 5638; x_wconf 76' lang='lat' dir='ltr'><strong>exprimebat</strong></span> <span class='ocrx_word' id='word_1_808' title='bbox 2947 5575 3281 5643; x_wconf 88' lang='lat' dir='ltr'><strong>opinionem,</strong></span> <span class='ocrx_word' id='word_1_809' title='bbox 3338 5581 3590 5646; x_wconf 61' lang='lat' dir='ltr'><strong>poi-5mm</strong></span> 
     </span>
    </p>
   </div>
   <div class='ocr_carea' id='block_1_117' title="bbox 2032 5658 3590 5738">
    <p class='ocr_par' dir='ltr' id='par_1_117' title="bbox 2032 5658 3590 5738">
     <span class='ocr_line' id='line_1_117' title="bbox 2032 5658 3590 5738; baseline 0.007 -25"><span class='ocrx_word' id='word_1_810' title='bbox 2032 5663 2163 5714; x_wconf 84' lang='lat' dir='ltr'><strong>duas</strong></span> <span class='ocrx_word' id='word_1_811' title='bbox 2194 5658 2415 5714; x_wconf 71' lang='lat' dir='ltr'><strong>Christo</strong></span> <span class='ocrx_word' id='word_1_812' title='bbox 2445 5659 2812 5730; x_wconf 72' lang='lat' dir='ltr'><strong>aﬂingentem,</strong></span> <span class='ocrx_word' id='word_1_813' title='bbox 2847 5663 3279 5738; x_wconf 55' lang='lat' dir='ltr'><strong>7&amp;5diviuam</strong></span> <span class='ocrx_word' id='word_1_814' title='bbox 3311 5680 3364 5723; x_wconf 92' lang='lat' dir='ltr'><strong>et</strong></span> <span class='ocrx_word' id='word_1_815' title='bbox 3400 5674 3590 5724; x_wconf 82' lang='lat' dir='ltr'><strong>huma-</strong></span> 
     </span>
    </p>
   </div>
   <div class='ocr_carea' id='block_1_118' title="bbox 2034 5754 3593 5832">
    <p class='ocr_par' dir='ltr' id='par_1_118' title="bbox 2034 5754 3593 5832">
     <span class='ocr_line' id='line_1_118' title="bbox 2034 5754 3593 5832; baseline 0.006 -25"><span class='ocrx_word' id='word_1_816' title='bbox 2034 5769 2178 5819; x_wconf 88' lang='lat' dir='ltr'><strong>nam,</strong></span> <span class='ocrx_word' id='word_1_817' title='bbox 2236 5754 2312 5808; x_wconf 88' lang='lat' dir='ltr'><strong>sic</strong></span> <span class='ocrx_word' id='word_1_818' title='bbox 2368 5764 2425 5808; x_wconf 89' lang='lat' dir='ltr'><strong>ut</strong></span> <span class='ocrx_word' id='word_1_819' title='bbox 2478 5755 2646 5808; x_wconf 77' lang='lat' dir='ltr'><strong>Maria</strong></span> <span class='ocrx_word' id='word_1_820' title='bbox 2712 5757 2878 5811; x_wconf 85' lang='lat' dir='ltr'><strong>solius</strong></span> <span class='ocrx_word' id='word_1_821' title='bbox 2922 5759 3593 5832; x_wconf 59' lang='lat' dir='ltr'><strong>humanai&#39;personfcniao</strong></span> 
     </span>
    </p>
   </div>
   <div class='ocr_carea' id='block_1_119' title="bbox 2035 5848 3596 5928">
    <p class='ocr_par' dir='ltr' id='par_1_119' title="bbox 2035 5848 3596 5928">
     <span class='ocr_line' id='line_1_119' title="bbox 2035 5848 3596 5928; baseline 0.001 -22"><span class='ocrx_word' id='word_1_822' title='bbox 2035 5861 2116 5906; x_wconf 89' lang='lat' dir='ltr'><strong>ter</strong></span> <span class='ocrx_word' id='word_1_823' title='bbox 2149 5858 2309 5916; x_wconf 81' lang='lat' dir='ltr'><strong>esset,</strong></span> <span class='ocrx_word' id='word_1_824' title='bbox 2340 5848 2478 5904; x_wconf 86' lang='lat' dir='ltr'><strong>unde</strong></span> <span class='ocrx_word' id='word_1_825' title='bbox 2511 5848 2654 5905; x_wconf 87' lang='lat' dir='ltr'><strong>illam</strong></span> <span class='ocrx_word' id='word_1_826' title='bbox 2688 5852 3046 5912; x_wconf 77' lang='lat' dir='ltr'><strong>contendebat</strong></span> <span class='ocrx_word' id='word_1_827' title='bbox 3075 5855 3470 5928; x_wconf 85' lang='lat' dir='ltr'><strong>Cliristiparam</strong></span> <span class='ocrx_word' id='word_1_828' title='bbox 3503 5872 3596 5916; x_wconf 80' lang='lat' dir='ltr'><strong>vo-</strong></span> 
     </span>
    </p>
   </div>
  </div>
