4012 6236
363 292 481 364 am

1283 285 1357 355 Ῥ.
1403 291 1705 355 POSSINI
1745 284 2401 352 OBSERVATIONUM
2433 287 2592 355 1.18.
2638 290 2713 354 Il.

3495 284 3602 354 808

377 416 488 472 cari
516 414 734 479 debere,
760 427 863 468 non
898 418 1076 466 autem
1104 408 1386 480 Deiparam
1409 426 1423 464 :
1449 422 1514 463 ne
1544 406 1669 468 illis,
1698 408 1939 489 inquam,
1972 415 2017 469 Α
2047 406 2219 476 pergit
2246 408 2465 473 diserte,
2496 414 2767 469 accurate,
2801 404 3098 476 eleganter,
3129 404 3328 466 acriter
3355 420 3472 474 qua:
3498 405 3611 475 Cy-

377 508 567 563 iisdem
612 504 974 559 Datuascenus
1010 504 1189 555 verbis
1232 510 1387 553 utens
1427 497 1592 551 videri
1625 505 1807 565 posset
1839 494 1939 548 mia

378 614 479 653 nus
510 598 678 652 cautis
716 611 820 649 nan
849 595 982 649 satis
1017 595 1181 647 vitare
1208 590 1599 660 'contagionem
1660 587 1941 641 Nestoriu-

379 706 459 743 ηαξ
492 690 650 751 labis,
682 703 786 742 non
850 688 1021 741 solum
1063 685 1129 739 iis
1162 685 1234 737 uti
1281 681 1533 745 noluerit,
1566 680 1651 752 [P.
1683 677 1811 751 5'52]
1846 679 1938 733 sed

376 783 539 835 etiam
574 794 909 849 nequaquam
941 794 998 832 se
1023 778 1095 832 ita
1121 777 1273 845 loqui
1300 775 1499 829 diserte
1527 775 1601 828 sit
1631 772 1937 843 proieSStts.

379 872 504 925 Hac
561 881 838 938 utcunque
885 868 1241 938 plausibiliter
1286 866 1586 935 allegentur
1631 877 1804 918 :vera
1864 873 1940 915 ta-

378 979 499 1018 men
549 967 669 1030 ejus
720 962 841 1016 nodi
890 964 1085 1015 solutio
1134 970 1237 1024 est,
1283 975 1443 1029 quam
1503 973 1567 1010 ex
1619 956 1940 1009 Bessarionc

377 1059 535 1128 epist.
562 1060 626 1110 ad
658 1056 929 1111 Lascarim
960 1053 1488 1114 aﬂeruntPetavius,
1514 1060 1655 1105 tomo
1685 1050 1726 1104 ll
1760 1046 1937 1103 Theol.

378 1151 550 1219 dogm.
584 1150 620 1204 1.
656 1166 750 1213 t'tt,
779 1165 828 1204 c.
864 1148 949 1210 l7.
985 1167 1037 1205 n.
1070 1149 1135 1215 8;
1168 1157 1222 1201 et
1263 1147 1511 1205 Allatius.
1536 1146 1581 1197 l.
1615 1160 1653 1200 tt
1701 1144 1775 1198 De
1820 1159 1943 1197 con-

377 1259 516 1299 sens.
549 1242 927 1307 Ecclesiarum,
959 1258 1009 1298 c.
1033 1242 1089 1305 2,
1117 1258 1171 1296 n.
1208 1241 1295 1306 1‘0,
1321 1254 1511 1309 nempe
1548 1239 1668 1292 ideo
1695 1237 1942 1291 absolute

378 1352 442 1391 ac
469 1336 585 1390 sine
625 1336 871 1405 adjuncta
904 1336 1094 1391 Patris
1132 1333 1405 1388 mentione
1450 1347 1557 1385 esse
1602 1348 1648 1384 s.
1680 1328 1939 1399 Spiritum

373 1446 444 1484 ea:
471 1430 608 1484 Filio
642 1444 749 1483 non
779 1428 975 1483 dixisse
1022 1428 1437 1488 Damascenum,
1487 1426 1628 1495 quod
1676 1430 1942 1477 metueret

373 1538 448 1576 ne
475 1525 554 1576 sic
594 1521 866 1576 videretur
896 1534 1193 1589 agnoscere
1225 1517 1279 1572 iu
1326 1516 1468 1572 Filio
1525 1531 1937 1586 προκαταρκτι-

373 1612 481 1677 κὴν
525 1613 727 1677 αἰτίαν,
770 1612 1027 1679 originale
1056 1610 1371 1681 principium
1430 1600 1685 1679 Spiritus.
1721 1608 1864 1677 quod
1909 1621 1939 1662 a

369 1705 633 1773 dogmate
667 1703 934 1757 catholico
971 1704 1256 1769 abhorret;
1292 1698 1445 1772 juxta
1491 1702 1654 1768 quod,
1692 1711 1748 1754 ut
1779 1714 1941 1770 supe-

373 1794 494 1848 rius
539 1794 876 1849 ostendimus
918 1796 1057 1849 notis
1106 1795 1171 1849 ad
1226 1810 1277 1850 c.
1314 1794 1346 1849 8
1378 1793 1488 1848 et9
1521 1794 1554 1847 l.
1591 1810 1630 1857 t,
1683 1795 1753 1846 ita
1803 1792 1942 1847 inest

379 1886 522 1942 Filio
583 1886 660 1941 vis
719 1886 983 1955 spirandi,
1019 1887 1120 1941 hoc
1157 1896 1242 1942 est
1296 1885 1630 1957 producendi
1691 1895 1937 1941 sanctum

371 1978 662 2048 Spiritum,
703 1990 761 2032 ut
790 1980 835 2032 is
887 1978 1032 2032 illam
1098 1994 1127 2032 a
1190 1979 1351 2035 Patre
1407 1980 1692 2049 acceperit,
1729 1994 1833 2033 non
1872 1994 1935 2033 ex

377 2085 458 2133 se,
491 2081 757 2139 quatenus
806 2084 831 2120 a
871 2066 1032 2121 Patre
1084 2065 1371 2120 distinctus
1428 2076 1527 2130 est,
1563 2067 1776 2131 habeat,
1832 2066 1940 2119 imo

368 2163 565 2217 eadem
631 2160 1031 2229 simplicissime
1088 2175 1193 2214 una
1239 2160 1385 2213 Patri
1437 2160 1639 2227 pariter
1691 2160 1822 2214 insit
1877 2173 1940 2212 ac

376 2254 536 2321 Filio,
580 2255 702 2308 huic
729 2254 796 2307 ab
827 2253 917 2306 illo
948 2253 1360 2318 connnunicata,
1395 2253 1473 2307 sic
1514 2262 1568 2306 ut
1614 2250 1700 2304 illa
1752 2262 1938 2321 quate-

379 2363 481 2400 nus
506 2348 557 2399 in
594 2345 751 2399 Patre
777 2353 859 2399 est
889 2344 1342 2415 προκαταρκτικὴ
1377 2343 1610 2409 dicatur,
1640 2344 1763 2413 quia
1794 2343 1935 2396 illam

376 2455 442 2493 ex
475 2454 535 2492 se
579 2439 739 2493 habet
788 2454 816 2491 a
866 2437 1013 2492 nullo
1052 2438 1152 2491 sibi
1188 2437 1299 2491 alio
1347 2437 1622 2500 tributam,
1657 2452 1761 2490 non
1808 2438 1936 2489 item

378 2542 644 2602 quatenus
674 2528 809 2584 Filio
835 2530 1109 2585 canvenit.
1162 2528 1259 2583 Hic
1296 2529 1439 2583 enim
1490 2528 1702 2583 aliunde
1735 2529 1933 2594 hausit,

375 2639 625 2695 nempe-a
656 2623 823 2678 Patre
851 2623 1120 2677 tribuente
1147 2637 1240 2691 per
1267 2622 1666 2691 generationem
1695 2620 1792 2691 ipsi
1817 2637 1938 2674 om-

375 2719 466 2772 nia
501 2733 619 2787 quae
647 2717 827 2783 habet,
860 2725 1053 2785 praeter
1094 2731 1204 2768 esse
1237 2713 1473 2777 Patrem,
1506 2728 1568 2769 ac
1602 2728 1938 2783 consequen-

379 2819 462 2865 ter
484 2809 663 2879 ipsam
699 2823 913 2878 quoque
943 2808 1104 2861 dante
1146 2807 1197 2861 in
1226 2821 1283 2860 se
1311 2806 1645 2876 originaliter
1673 2807 1938 2860 exsisten—

374 2911 485 2957 tem
512 2902 861 2971 spirationem
898 2899 1156 2965 activam,
1187 2914 1289 2967 qua
1319 2897 1476 2952 simul
1514 2913 1634 2952 cum
1674 2895 1810 2951 Filio
1839 2913 1936 2968 per

373 2996 593 3050 modum
622 2994 781 3047 unius
809 2990 1054 3063 principii
1083 2991 1344 3062 spirantis
1370 2990 1629 3061 Spiritum
1660 2992 1931 3059 producit.

2039 498 2190 566 prius
2227 500 2480 555 mendose
2515 500 2568 555 in
2602 511 2747 554 touto
2777 499 3066 568 scripserat
3093 512 3346 568 arguere.

2108 589 2245 646 lbid.
2278 588 2580 646 Prcsertim
2610 591 2913 646 incursabat
2935 599 3310 659 expositionem
3334 591 3388 642 in
3409 604 3467 641 eo
3493 596 3615 640 tra-

2038 682 2230 737 ditam.
2282 681 2518 749 iuvabit,
2549 685 2607 739 ni
2643 683 2819 750 fallor,
2847 684 3120 739 eruditum
3152 684 3409 738 lectorem
3442 681 3611 737 Vecci

2042 776 2237 840 locum,
2263 792 2424 846 quem
2454 776 2539 833 his
2559 777 2738 832 verbis
2768 779 2967 833 indicat
2991 777 3374 848 Pachymeres,
3399 777 3611 830 videre.

2036 866 2292 936 Reperiet
2330 869 2478 924 illum
2506 873 2754 925 oratione
2783 871 2836 933 t,
2870 870 2922 924 in
2956 880 3157 924 tomum
3184 869 3367 941 Cyprii
3405 885 3461 939 ρ.
3493 867 3610 923 ΞΞΊ

2044 972 2097 1016 et
2152 962 2258 1018 228
2316 964 2445 1017 tomi
2492 964 2719 1020 secundi
2776 964 2996 1021 Gracia:
3049 964 3354 1023 orthodoxa:
3401 966 3471 1018 ab
3523 963 3609 1018 Ill.

2039 1054 2219 1110 Leone
2256 1055 2449 1109 Allatio
2479 1057 2635 1111 edita
2665 1055 2854 1113 Romae
2883 1074 2974 1112 an.
3010 1058 3169 1114 l659.

2111 1147 2170 1203 P.
2209 1149 2331 1204 H7.
2363 1149 2465 1206 Vix
2524 1150 2658 1205 tanti
2697 1160 2779 1208 est
2833 1153 3130 1208 admonens
3173 1156 3476 1224 comparari
3511 1156 3611 1212 hic

2042 1239 2299 1308 Veccum,
2354 1252 2474 1311 post
2523 1243 2927 1299 damnationem
2982 1255 3038 1300 et
3086 1244 3404 1313 eiectionem
3445 1262 3607 1302 suam

2038 1330 2302 1402 Gregorio
2344 1333 2543 1407 Cyprio
2572 1338 2910 1407 persecutori
2938 1353 3041 1394 suo
3071 1340 3309 1409 graviter
3353 1350 3405 1396 et
3462 1338 3615 1411 peri-

2040 1424 2224 1479 culose
2256 1427 2561 1481 molestiam
2601 1427 2985 1496 facessentem,
3007 1445 3136 1485 cum
3167 1430 3259 1487 illo
3299 1446 3365 1486 ex
3410 1430 3612 1487 fabulis

2043 1515 2129 1587 [P.
2152 1516 2278 1589 5'53]
2302 1519 2587 1573 notissimo
2607 1518 2776 1576 Nesso
2802 1521 3094 1590 Centauro,
3113 1525 3209 1594 qui
3236 1525 3361 1579 dtttn
3390 1526 3609 1592 rapio-t8

2042 1608 2349 1679 Deianiram
2382 1615 2589 1669 eminus
2615 1615 2718 1669 telo
2744 1614 2986 1671 llercnlis
3022 1617 3310 1672 transfixus
3338 1619 3601 1689 exspirat,

2042 1718 2138 1758 Sno
2169 1705 2429 1773 sanguine
2463 1706 2621 1760 misto
2654 1722 2773 1761 eum
2801 1721 3015 1761 veneno
3044 1708 3263 1779 liydrte,
3302 1726 3409 1778 quo
3457 1720 3608 1766 esset

2045 1798 2208 1849 tineta
2254 1798 2441 1863 cuspis
2488 1796 2819 1851 vulneraulis
2851 1797 3022 1865 ipsum
3065 1799 3256 1867 iaculi,
3283 1814 3486 1856 vestem
3514 1800 3610 1855 in-

2044 1888 2251 1953 fecerit,
2283 1905 2442 1959 quam
2477 1890 2671 1945 deinde
2704 1890 2932 1945 induens
2962 1891 3219 1947 Hercules
3245 1910 3309 1948 ex
3337 1910 3397 1948 ea
3423 1896 3606 1962 perie-

2042 1983 2133 2035 rit.
2192 1980 2325 2034 lllnd
2385 1982 2522 2037 forte
2594 1983 2954 2051 opportunius
3000 1982 3293 2046 notabitur,
3348 1984 3513 2038 scribi
3571 1998 3604 2039 ι

2041 2072 2371 2143 Pachymere
2412 2074 2515 2127 hoc
2572 2090 2691 2128 cum
2752 2076 2913 2129 unico
2955 2078 3143 2146 sigma,
3175 2091 3295 2131 cum
3341 2086 3606 2131 tamenet

2040 2166 2237 2234 passim
2296 2166 2361 2219 ab
2395 2166 2513 2220 aliis
2565 2182 2686 2221 cum
2720 2167 2917 2237 duplici
2960 2167 3235 2223 scribatur
3262 2177 3317 2224 et
3361 2170 3436 2224 ita
3485 2169 3603 2228 ﬁeri

2042 2255 2239 2312 debere
2275 2258 2465 2312 doceat
2493 2260 2807 2315 Eustathius
2840 2266 2906 2315 ad
2946 2260 3097 2315 Iliad.
3142 2280 3208 2316 ω.

2110 2348 2166 2403 Ρ.
2215 2347 2341 2401 150.
2381 2346 2474 2413 Ὠς
2520 2348 3021 2418 ἀταλαιπαφήτως
3061 2349 3312 2419 ἔχοντες
3356 2349 3489 2421 περὶ
3535 2353 3602 2408 τι)

2035 2440 2247 2494 κακόν.
2289 2439 2380 2496 Sic
2416 2440 2753 2496 restituimus
2808 2457 2873 2495 es
2939 2442 3217 2509 marginali
3260 2445 3602 2499 correctione

2038 2531 2381 2599 perantiqua.
2414 2548 2532 2585 cum
2583 2534 2642 2585 ὲν
2677 2532 2755 2603 τῷ
2791 2533 3032 2605 κειμένῳ
3065 2535 3350 2605 utriusque
3397 2537 3601 2593 codicis

2037 2623 2079 2678 B
2104 2634 2159 2678 et
2183 2624 2228 2679 Α
2265 2625 2533 2693 legeretur
2572 2624 2762 2679 καλόν.
2800 2625 2907 2681 Sed
2943 2627 3034 2705 qui
3079 2627 3294 2697 penitus
3343 2627 3601 2699 introspi-

2037 2717 2168 2779 ciat,
2197 2714 2480 2769 manifeste
2514 2716 2882 2783 deprehendet
2922 2719 3077 2787 plane
3116 2729 3301 2781 contra
3335 2719 3438 2774 loci
3477 2735 3600 2774 son-

2039 2807 2259 2861 tentiam
2342 2806 2427 2859 hic
2501 2804 2667 2859 καλύν
2740 2808 2887 2875 pani.
2948 2807 3012 2861 Et
3078 2807 3402 2879 suilragatur
3452 2806 3604 2865 Vati-

2036 2913 2201 2953 canus
2233 2896 2585 2966 interpolator
2605 2938 2620 2961 ,
2677 2898 2766 2966 qui
2820 2914 2915 2966 pro
2966 2899 3072 2953 illis
3093 2941 3108 2965 ,
3136 2901 3602 2972 ἀταλαιπωρήτως

2036 2990 2253 3062 ἕχοντες
2304 2988 2434 3060 περὶ
2463 2987 2522 3040 τὸ
2567 2986 2755 3053 καλόν,
2789 2989 2903 3045 hac
2948 2991 3132 3047 subdit
3168 3008 3184 3046 :
3217 2993 3289 3046 To
3322 2993 3490 3048 κακὸν
3526 2994 3602 3065 μὴ

372 3084 518 3155 Ergo
565 3084 933 3137 Damascenus
990 3098 1111 3137 cum
1157 3081 1359 3135 diserte
1416 3080 1691 3151 professus
1743 3081 2004 3157 luissetc
2039 3082 2351 3153 μισοῦντες.

375 3177 467 3230 τὸν
520 3176 739 3246 Πατέρα
791 3173 1062 3244 προσολέα
1110 3172 1177 3227 δι’
1215 3171 1348 3226 Υἱοῦ
1395 3172 1487 3225 τοῦ
1542 3173 1935 3245 ἑκφαντορικοῦ

375 3268 693 3339 Πνεύματος
709 3267 922 3322 Patrem
948 3270 1316 3336 productorem
1346 3283 1437 3333 per
1467 3263 1662 3320 Filium
1694 3267 1937 3319 enuntio.

377 3362 498 3415 ιονὶί
530 3359 788 3430 Spiritus,
813 3369 957 3413 recte
991 3358 1258 3413 recusavit
1291 3359 1469 3412 dicere
1505 3358 1569 3410 ἐκ
1597 3356 1692 3410 τοῦ
1720 3358 1847 3411 Υἱοῦ
1879 3360 1939 3412 τὸ

376 3451 631 3522 Πνεῦμα,
652 3468 715 3506 ex
733 3448 874 3504 Filio
887 3448 1146 3519 Spiritum
1171 3465 1307 3510 esse,
1333 3447 1516 3510 ἁπλῶς
1532 3458 1585 3501 et
1602 3450 1716 3503 sine
1746 3452 1936 3518 adjun-

375 3555 464 3599 cta
492 3543 688 3610 Patris,
719 3543 809 3611 qui
838 3543 885 3597 ei
909 3557 972 3595 ex
1004 3558 1063 3597 se
1096 3544 1371 3611 pra-bitam
1408 3544 1511 3595 vim
1566 3542 1803 3611 spirandi
1860 3544 1936 3596 si-

378 3635 487 3691 mul
514 3650 634 3689 cum
665 3649 731 3689 eo
768 3643 1039 3697 exerceat,
1086 3634 1376 3687 mentione.
1411 3633 1637 3686 Fallitur
1676 3648 1803 3702 ergo
1839 3631 1939 3686 Pa-

373 3730 679 3802 cbytneres,
734 3727 859 3782 dum
906 3724 1008 3780 hoc
1058 3725 1175 3780 loco
1205 3726 1279 3779 ait
1308 3724 1411 3779 isto
1438 3726 1753 3779 Damasceni
1788 3725 1937 3779 testi-

378 3823 561 3875 munio
586 3820 738 3890 quasi
767 3832 1023 3873 mucrone
1055 3818 1284 3887 quodam
1317 3815 1527 3872 confodi
1558 3833 1676 3872 cum
1714 3816 1935 3873 Latinus

375 3914 641 3986 Spiritum
676 3928 740 3967 ex
769 3911 912 3967 Filio
957 3912 1251 3982 procedere
1289 3912 1550 3975 dicentes,
1582 3920 1692 3964 tum
1720 3909 1937 3967 Graecos

378 4010 452 4065 iis
468 4009 874 4080 patrocinanles
901 4004 1230 4061 adstruenda
1275 4003 1650 4072 tequivalentia
1687 4004 1939 4074 praeposi-

380 4105 590 4159 tionum
613 4117 678 4155 ea:
695 4111 747 4153 et
770 4115 861 4168 per
881 4114 900 4153 :
924 4110 1142 4153 neutros
1159 4096 1299 4152 enim
1326 4112 1385 4151 re
1408 4110 1532 4150 vera
1552 4095 1636 4150 vel
1660 4095 1939 4150 minimum

377 4196 695 4266 perstringit
728 4194 832 4251 ista
860 4193 1057 4265 χρῆσις
1081 4207 1145 4246 ex
1165 4206 1294 4247 vero
1319 4189 1633 4246 Damasceni
1662 4204 1824 4245 sensu
1849 4189 1944 4243 dc-

372 4288 460 4343 cla
470 4296 600 4343 rata.
1602 4324 1605 4327 λ

448 4380 510 4435 P.
539 4379 662 4435 tu.
683 4376 932 4432 Perlattu
953 4384 1125 4431 tomus
1146 4375 1200 4429 in
1221 4389 1409 4428 manus
1437 4371 1606 4438 ναοί,
1626 4380 1731 4428 etc.
1751 4371 1941 4427 Exstat

2114 3178 2174 3234 P.
2262 3180 2383 3240 169.
2454 3180 2698 3253 Πέμπει.
2737 3181 2794 3235 1η
2859 3189 3091 3247 utroque
3151 3193 3257 3236 ms.
3326 3179 3605 3248 legebatur

2045 3272 2307 3341 πέμπειν.
2332 3273 2486 3331 Unde
2511 3273 2931 3343 lectorquidam,
2957 3283 3016 3326 ut
3040 3271 3251 3326 fulciret
3276 3272 3601 3341 pendentem

2043 3367 2390 3433 sententiam,
2424 3367 2477 3421 in
2538 3366 2779 3437 margine
2813 3362 3061 3431 ascripsit
3107 3364 3266 3430 ἔγνω.
3310 3365 3413 3417 Sed
3442 3377 3606 3429 espe-

2045 3456 2214 3510 ditior
2240 3460 2506 3514 correctio
2532 3468 2614 3532 est
2653 3458 2872 3513 extritio
2903 3455 3233 3511 abundantis
3269 3455 3463 3519 littera:
3486 3474 3514 3510 ν
3548 3457 3604 3513 in

2044 3565 2171 3603 voce
2199 3550 2459 3618 πέμπειν.
2497 3551 2782 3606 Vaticanus
2808 3551 2921 3604 haec
2940 3549 3162 3606 omittit.

2115 3642 2197 3711 [P.
2255 3641 2499 3714 534.]1’.
2556 3644 2677 3700 178.
2714 3643 2875 3710 Κατὰ
2896 3642 3010 3710 τὴν
3056 3642 3311 3715 περαίαν
3332 3646 3447 3710 τὴν
3497 3643 3605 3703 δυ-

2042 3733 2237 3799 τικήν.
2288 3734 2549 3798 iiequiret
2596 3735 2859 3804 quispiam
2909 3737 2965 3789 in
3005 3735 3450 3804 interpretatione
3487 3751 3604 3790 mea

2043 3826 2183 3891 quod
2220 3825 2545 3892 respondeat
2576 3826 2693 3880 voci
2720 3824 2967 3895 δυτικήν.
3005 3824 3314 3880 Existimavi
3338 3842 3443 3889 me,
3480 3842 3603 3882 cunt

2040 3913 2289 3967 ’ϐαιαιηηι
2325 3915 2583 3981 dicerent,
2607 3914 2741 3969 duas
2763 3916 2881 3968 illas
2906 3930 3067 3971 voces
3102 3919 3341 3987 περαίαν
3375 3931 3424 3972 et
3456 3918 3607 3973 δυτι-

2046 4008 2170 4077 κῄν,
2204 4006 2365 4058 unica
2387 4007 2476 4059 illa
2505 4006 2796 4073 explicare.
2822 4006 2950 4062 Sive
2978 4009 3121 4061 enim
3145 4011 3397 4065 suburbia
3415 4022 3609 4068 trans-

2047 4100 2253 4151 tnarina
2288 4098 2545 4169 Byzantio
2565 4098 2723 4170 747
2748 4100 2851 4152 duo
2871 4098 3041 4162 fuere.
3067 4100 3295 4156 alterum
3323 4086 3387 4157 ad
3414 4103 3606 4160 Ortum

2045 4202 2292 4257 vergens,
2324 4190 2551 4241 alterum
2593 4191 2659 4241 ad
2698 4188 2997 4255 Occasutn,
3036 4205 3101 4246 ex
3141 4191 3259 4247 istis
3285 4193 3386 4248 hoc
3430 4193 3606 4251 solum

2045 4279 2369 4344 secundum,
2418 4280 2474 4334 in
2509 4296 2617 4349 quo
2649 4280 2967 4336 Genuenses
3001 4283 3333 4351 habitarunt,
3357 4285 3603 4345 Galatatu

2047 4372 2246 4426 dictum
2301 4372 2547 4440 reperio;
2584 4383 2638 4426 et
2675 4373 2741 4427 de
2784 4374 2885 4427 hoc
2917 4375 3033 4429 solo
3085 4390 3245 4446 agere
3272 4377 3359 4433 hic
3395 4377 3607 4451 Pachy-

373 4475 471 4530 bic
500 4475 793 4528 indicatum
824 4470 976 4525 V’ecci
1006 4484 1165 4537 opus,
1195 4468 1400 4523 editum
1436 4476 1580 4522 tomo
1608 4466 1653 4521 ll
1681 4464 1944 4521 Orthodo-
1969 4461 2021 4522 Ῑ)
2050 4478 2247 4517 ruerem
2273 4464 2601 4519 existimavit
2625 4474 2750 4519 ante
2772 4481 2855 4519 me
2880 4468 3264 4537 paraphrastes
3286 4470 3607 4537 Vaticanus,

368 4584 463 4622 ea:
507 4565 729 4622 Gracia
757 4579 786 4618 a
818 4579 873 4634 p.
902 4563 1008 4618 Qt5
1034 4563 1097 4622 ad
1126 4560 1257 4624 286,
1293 4559 1382 4615 ubi
1412 4570 1603 4614 auctor
1639 4560 1739 4615 sub
1771 4560 1941 4628 ipsum

371 4660 701 4730 principium
744 4666 962 4727 questus
985 4655 1217 4725 primum
1248 4654 1393 4707 hunc
1412 4653 1668 4725 Cyprium
1691 4652 1757 4705 ad
1777 4650 1947 4704 schis-

377 4766 467 4805 ma
498 4750 804 4805 Grmcorum
828 4763 859 4800 a
888 4745 1142 4800 trecentis
1165 4745 1275 4813 jam
1307 4744 1464 4797 annis
1501 4743 1810 4797 inchoatum
1842 4741 1944 4794 isto

374 4841 550 4913 impio
580 4857 676 4897 suo
711 4851 856 4893 tonio
894 4837 1141 4892 haeresim
1171 4836 1390 4899 addere,
1420 4837 1472 4891 itt
1506 4837 1637 4889 tanti
1669 4843 1942 4888 auctorem

382 4936 507 4993 mali
543 4934 624 4989 fas
656 4943 846 5003 putans
874 4932 965 4985 ira:
1012 4930 1194 4985 libera
1214 4929 1458 4983 aculeum
1489 4941 1765 4992 exserere,
1791 4934 1947 4979 vocat

378 5043 508 5083 eum
542 5041 597 5095 p.
646 5023 751 5079 216
811 5025 978 5079 κακὸν
1018 5022 1354 5081 διαπόντιον.
1386 5020 1524 5090 θῆρα
1559 5017 1858 5079 θαλάττιον,
1888 5018 1948 5070 ἇ-

376 5133 536 5189 ’γριον
570 5119 730 5187 κῆτος
759 5118 857 5186 τῆς
889 5116 1115 5187 Κύπρου
1146 5113 1457 5167 ιπαναστὰν
1499 5112 1611 5175 τοῖς
1640 5109 1760 5162 καθ’
1800 5110 1946 5178 ἡμᾶς

377 5207 770 5279 ὲνδεδημηκδς,
800 5208 897 5279 οὐχ
932 5207 1018 5263 ἵνα
1060 5207 1281 5279 φυγάδα
1313 5206 1597 5278 προφήτην
1622 5202 1945 5270 ὑποδέξηταί.

380 5304 473 5356 καὶ
494 5305 573 5366 εἰς
595 5301 896 5373 ὑπηρεσίαν
920 5300 1054 5355 Θεοῦ
1075 5298 1434 5370 διασὼσηται,
1458 5296 1574 5353 ἀλλ’
1596 5297 1684 5351 ἵνα
1722 5295 1949 5365 Ἐκκλη-

382 5393 506 5448 σίαν
532 5395 662 5467 ὃλην
697 5392 969 5447 statas:th
1015 5392 1253 5461 ἄφαντον
1288 5391 1696 5462 ἀπεργάσηται.
1738 5386 1944 5445 Malum

376 5497 540 5561 ponto
570 5488 929 5557 deportatum,
964 5484 1443 5557 {eram;marinam,
1470 5483 1751 5536 immanem
1777 5490 1947 5559 cetum

378 5583 553 5657 Cypro
569 5582 730 5653 746
744 5588 1096 5655 erumpentem
1115 5589 1162 5634 et
1183 5579 1281 5633 huc
1299 5592 1506 5648 peregre
1523 5575 1798 5644 appulsum
1810 5618 1822 5639 ,
1842 5589 1946 5627 non

378 5688 439 5729 ut
465 5675 743 5747 fugitivum
780 5673 1083 5743 prophetam
1104 5672 1172 5726 ad
1200 5671 1293 5726 Dei
1318 5670 1669 5724 ministerium
1689 5675 1945 5731 servaret,

380 5772 470 5826 sed
499 5782 553 5823 ut
587 5767 872 5825 Ecclesium
903 5749 1195 5822 universam
1234 5766 1509 5820 absorbens
1546 5762 1793 5818 aboleret.
1818 5762 1946 5816 lude

2043 4570 2071 4607 a
2098 4568 2207 4623 quo
2237 4554 2324 4609 hic
2369 4554 2521 4608 locus
2566 4556 2646 4608 sic
2676 4556 2896 4611 eliertur
2932 4575 2947 4612 :
2983 4558 3141 4613 Κατὰ
3168 4560 3470 4634 ἀντιπέραν
3506 4563 3608 4633 τῆς

2043 4646 2257 4707 πόλεως
2290 4649 2423 4716 πρὸς
2456 4646 2532 4717 τῷ
2560 4648 2776 4702 Γαλατᾶ
2811 4650 2988 4719 μέρει.
3018 4650 3144 4707 Sive
3197 4655 3354 4709 unius
3397 4666 3605 4712 tantum

2044 4740 2285 4794 Suburbii
2343 4742 2460 4795 dum
2509 4741 2917 4811 distinguuntur
2970 4753 3152 4813 partes
3202 4747 3498 4820 ἀνατολικὴ
3552 4761 3601 4804 et

2040 4836 2270 4907 ὃυτική,
2306 4851 2530 4905 quarum
2566 4836 2706 4889 hanc
2752 4834 2919 4889 solam
2968 4835 3281 4893 incendium
3327 4844 3607 4912 corripue-

2046 4926 2139 4991 rit,
2195 4942 2257 4978 ex
2291 4928 2477 4979 eodem
2531 4927 2883 4996 paraphraste
2927 4926 3169 4997 intelligo
3207 4930 3478 4998 propriam
3506 4948 3606 5002 ap-

2047 5018 2387 5085 pellationem
2439 5018 2596 5071 istius
2632 5036 2655 5069 τ
2680 5020 2861 5090 quia;
2886 5019 3111 5089 δυτικῆς
3141 5020 3387 5076 Caietam
3415 5023 3605 5083 fuisse.

2048 5110 2161 5167 line
2214 5115 2497 5182 sequebar.
2558 5112 2615 5167 Si
2682 5129 2765 5169 me
2823 5116 2963 5169 ratio
3018 5114 3304 5182 fefellerit,
3360 5118 3609 5190 ignoscat

2048 5202 2217 5258 lector
2250 5214 2303 5258 et
2331 5205 2589 5273 corrigat.

2118 5294 2177 5350 P.
2218 5293 2339 5349 186.
2395 5296 2799 5368 Housm-ttqu
2837 5298 3178 5368 βακτηρίαν
3222 5303 3428 5360 λαϐὼν
3447 5304 3631 5377 παρὰ,

2047 5387 2155 5441 τοῦ
2181 5388 2565 5455 κρατοῦντος.
2590 5390 2748 5444 Hunc
2796 5407 2997 5446 morem
3028 5393 3379 5451 Orientalium
3431 5400 3605 5471 impe-

2046 5491 2287 5534 ratorum
2340 5482 2538 5535 imitari
2566 5482 2823 5539 Germani
2887 5486 3193 5554 voluerunt,
3216 5492 3415 5559 quibus
3468 5494 3606 5549 male

2049 5588 2169 5626 cum
2216 5573 2455 5626 Romana
2497 5573 2733 5629 Ecclesia
2785 5579 3056 5645 convenit,
3098 5592 3410 5650 arrogantes
3456 5595 3511 5639 et
3543 5573 3605 5641 'hi

2048 5668 2148 5720 sibi
2180 5666 2267 5736 ius
2301 5666 2623 5721 investiendi
2668 5669 2946 5739 episcopos
3000 5674 3284 5729 traditione
3318 5678 3606 5747 pastoralis

2051 5761 2263 5825 baculi;
2301 5760 2439 5829 quod
2473 5763 2537 5817 ab
2574 5762 2844 5821 Hadriano
2906 5782 3040 5839 papa
3083 5769 3251 5825 fuisse
3287 5786 3604 5828 concessum

3178 5870 3248 5909 ιε’
