4012 6236
156 363 235 424 809

1542 353 1778 417 NOTAE.

3240 355 3346 419 810

154 470 308 528 Carolo
333 468 540 540 Magno,
572 485 634 525 ac
658 479 1058 540 consequenter
1103 474 1267 541 ipsius
1303 483 1516 541 quoque
1546 483 1671 522 suc-
1702 473 1744 526 Α
1777 462 2059 532 utrobique
2087 464 2423 516 observatam
2454 462 2703 523 formam,
2738 473 2789 516 et
2829 464 3018 519 ambos
3050 465 3342 522 historicos

147 562 432 631 cessoribus,
482 562 793 632 Sigebertus
839 565 1084 635 regnanti
1117 577 1170 620 et
1207 581 1232 618 a
1263 565 1506 617 Romano
1541 576 1672 630 pon-

145 657 261 711 tilice
307 656 536 711 discordi
593 657 826 713 Henrico
875 671 1159 714 assentans
1205 656 1488 721 conﬁnxit,
1533 653 1672 710 haud

143 751 308 818 dignos
343 751 445 804 ﬁde
473 750 586 804 sine
615 751 904 820 autiquiori
936 759 1070 805 teste
1102 766 1212 804 rem
1240 749 1519 803 aliirmans
1562 754 1674 799 tre-

143 842 291 896 centis
336 842 483 910 prius
527 844 681 896 annis
727 852 960 911 gestam;
1013 853 1072 896 ut
1102 841 1353 895 observat
1385 838 1672 898 Baronius,

142 950 216 986 an.
259 932 384 988 Chr.
439 933 564 986 774.
604 933 743 1000 Quid
775 935 845 988 sit
883 934 1248 988 dibambulum
1290 933 1377 986 hic
1420 930 1676 986 cont’nue

143 1035 489 1089 mentoratum,
525 1027 644 1080 vide
679 1026 732 1079 in
757 1026 1059 1082 Glossario.

199 1114 251 1170 L.
283 1131 362 1177 ιιι,
399 1130 446 1168 c.
476 1117 526 1170 l.
565 1115 829 1172 Narratur
859 1115 1018 1170 Simul
1061 1116 1357 1185 assumptio
1399 1115 1678 1173 Michaelis

142 1209 181 1261 in
217 1208 538 1262 consortium
599 1208 836 1277 imperii,
884 1209 1045 1264 simul
1098 1207 1337 1279 ejusdem
1395 1208 1677 1263 coronatio

139 1300 398 1368 solemnis;
431 1317 566 1368 quas
595 1311 774 1356 tamen
835 1304 1067 1358 diversis
1096 1304 1389 1373 contigisse
1425 1303 1678 1374 tempori-

143 1396 241 1456 bus,
270 1406 322 1449 et
343 1394 591 1449 hancilla
625 1405 737 1449 toto
768 1410 914 1449 anno
958 1396 1124 1451 fuisse
1163 1398 1541 1467 posteriorem,
1586 1411 1678 1450 os-

141 1486 396 1542 tendemus
442 1487 476 1540 l.
514 1504 572 1542 Ill
626 1490 820 1541 barum
849 1486 1104 1553 0bserv.,
1145 1505 1194 1544 c.
1241 1488 1296 1544 3.
1329 1488 1486 1556 Quod
1532 1488 1677 1544 diem

138 1580 306 1636 attinet
328 1580 667 1636 caremoniae
694 1582 957 1637 delectam
990 1580 1114 1636 Maii
1149 1581 1243 1647 2|,
1279 1597 1341 1636 ea
1374 1582 1487 1650 ipsa
1520 1582 1680 1637 hodie

138 1673 182 1726 in
224 1673 368 1728 libris
398 1673 790 1729 ecclesiasticis
831 1674 1144 1730 Graecorum
1187 1675 1460 1730 memoria:
1519 1675 1681 1728 anui-

137 1767 364 1826 vrmria
408 1770 590 1839 magni
618 1767 968 1824 Constantini
1006 1778 1063 1824 et
1094 1769 1285 1823 matris
1327 1769 1445 1838 ejus
1476 1767 1536 1823 S.
1570 1767 1678 1824 lle-

137 1859 254 1915 lente
283 1869 600 1916 consecrata
629 1861 892 1918 cernitur.
929 1861 1234 1932 Descriptio
1283 1863 1418 1917 ritus
1447 1877 1677 1917 corona—

138 1953 282 2007 tionis
319 1957 682 2023 Augustorum
727 1951 1110 2021 Orientalium,
1151 1971 1311 2024 quam
1353 1955 1440 2010 hic
1467 1952 1677 2026 Pachy-

140 2059 294 2098 meres
327 2046 510 2114 paucis
560 2046 894 2114 exsequitur,
951 2048 1085 2101 satis
1116 2063 1350 2103 consona
1380 2049 1686 2118 reperietur

139 2136 337 2206 longiori
383 2152 413 2190 a
453 2136 834 2192 Cmrtacuzeuo
885 2138 1048 2193 edita:
1077 2152 1128 2192 c.
1159 2138 1245 2202 ll,
1282 2138 1316 2194 l.
1372 2155 1412 2204 r,
1457 2139 1501 2193 si
1560 2140 1682 2207 quis

136 2241 399 2300 utramque
433 2229 753 2285 contulerit.
795 2229 969 2287 Unam
1026 2233 1312 2288 observavi
1367 2233 1683 2302 discrepan-

137 2320 274 2387 tiam,
308 2337 370 2376 ex
402 2337 508 2391 qua
542 2337 646 2375 non
699 2323 1125 2379 inverisimiliter
1166 2324 1296 2379 mihi
1322 2325 1511 2380 videor
1553 2340 1686 2381 cono

135 2415 332 2470 firmare
349 2417 719 2486 conjecturam
751 2416 910 2472 modo
930 2415 1222 2472 indicatam
1250 2417 1317 2472 de
1335 2418 1685 2472 distinctione

135 2507 408 2562 evectionis
436 2509 502 2562 ad
537 2507 822 2576 imperium
851 2518 908 2563 et
942 2509 1317 2566 coronationis
1348 2510 1401 2563 in
1448 2509 1550 2565 hoc
1598 2510 1686 2580 ju-

136 2597 257 2651 niori
296 2597 600 2665 Michaele;
635 2600 866 2670 ideoque
896 2598 1054 2654 istam
1117 2599 1478 2656 diﬂereutiam
1519 2617 1686 2669 expo-

136 2706 244 2745 nam
273 2693 599 2750 distinctius.
641 2691 838 2747 Scribit
879 2692 980 2747 hoc
1011 2693 1128 2748 loco
1160 2693 1372 2748 laudato
1406 2693 1685 2750 Caratacu-

138 2799 285 2840 zenus
317 2803 331 2839 :
363 2785 468 2840 Τοῦ
501 2786 789 2857 μέλλοντος
825 2785 1225 2857 χρισθήσεσοαι
1271 2786 1542 2858 βασιλέως
1595 2791 1688 2842 ἐπὶ

138 2877 344 2942 ἀσπίδος
403 2878 790 2947 καθεσθέντος,
843 2881 872 2933 ὁ
906 2879 1164 2950 βασιλεὺς
1211 2881 1306 2934 καὶ
1363 2882 1545 2954 πατὴρ
1591 2882 1686 2936 τοῦ

136 2973 615 3044 ἀναγορευομένων,
649 2973 704 3028 εἴ
737 2960 801 3042 γε
824 2973 1093 3046 περίεστι,
1125 2973 1218 3026 καὶ
1250 2974 1278 3025 ὁ
1313 2975 1685 3046 πατριάρχης,

138 3064 232 3120 τῶν
255 3066 607 3140 ἐμπροσθίων
633 3067 818 3139 μερῶν
871 3044 1379 3137 ἐπιλαμϐανόμενοι
1404 3070 1505 3138 τῆς
1527 3044 1691 3122 ἄσπι-

138 3159 232 3226 ὃος,
259 3161 365 3215 τῶν
387 3160 432 3214 δ’
465 3160 769 3215 ἐπιλοίπων
794 3161 842 3214 oi
873 3161 933 3214 ὲν
961 3160 1272 3231 ἀξιώμασιν
1303 3160 1686 3232 ὑπερέχοντες,

139 3253 376 3309 δεσπόται
404 3272 461 3310 τε
491 3255 588 3308 καὶ
627 3254 1155 3325 σεϐαστοκράτορες,
1199 3254 1356 3324 εἴπερ
1384 3254 1544 3319 εἰσὶν,
1572 3255 1605 3325 ἢ
1645 3256 1694 3308 οἱ

139 3345 542 3414 ἐπιφανέστατοι
577 3345 810 3415 μάλιστα
842 3343 950 3397 τῶν
981 3344 1389 3416 συγκλητικῶν,
1438 3346 1531 3398 καὶ
1560 3363 1694 3416 μετ.

140 3438 444 3505 εωρίσαντες
486 3437 563 3501 ὡς
608 3437 686 3488 ἔνι
727 3437 962 3507 μάλιστα
1010 3437 1174 3492 αὐτὸν
1210 3439 1324 3504 ἅμα
1377 3439 1444 3509 τῇ
1482 3439 1693 3504 ἀσπίδι,

139 3531 236 3585 τοϊς
263 3531 526 3602 πλήθεσιν
565 3529 973 3583 ἐπιδεικνύουσι
1027 3527 1374 3600 τὸνβασιλέα
1424 3529 1694 3585 πάντοθεν

140 3625 585 3693 περιισταμένοις.
647 3621 760 3676 Hoc
809 3630 891 3676 est
938 3637 953 3675 :
992 3620 1322 3687 lmperatore
1395 3624 1693 3694 inungendo

140 3726 280 3778 super
309 3724 516 3766 scutum
559 3711 886 3776 considente,
924 3713 1212 3780 imperator
1246 3725 1396 3777 pater
1431 3715 1566 3781 eius,
1604 3716 1694 3785 qui

142 3806 472 3874 acclamatur,
523 3810 568 3862 si
597 3808 806 3876 quidem
856 3817 1110 3874 superest,
1141 3812 1201 3862 'et
1235 3810 1562 3878 patriarcha,
1600 3828 1694 3864 an-

140 3902 401 3957 terioribus
430 3901 569 3956 scuti
599 3904 837 3971 partibus
876 3905 1152 3967 correptis,
1184 3905 1415 3972 reliquas
1458 3921 1576 3958 vero
1617 3915 1695 3958 te-

141 3995 364 4048 nentibus
415 3994 818 4064 magistratibus
880 3997 1176 4064 primariis,
1239 4014 1417 4064 nempe
1466 3998 1695 4067 despotis

141 4096 184 4138 et
227 4087 752 4152 sebastocratoribus,
809 4088 854 4139 si
899 4086 1116 4148 adsunt,
1165 4098 1254 4140 aut
1311 4088 1693 4142 illustrissimis

140 4180 408 4250 quibusque
439 4179 607 4252 748
638 4181 864 4233 maxime
894 4179 956 4251 [P
994 4179 1120 4250 555]
1155 4183 1570 4242 senatoriorum,
1607 4183 1694 4250 ip-

142 4287 244 4324 sum
273 4291 376 4329 una
409 4291 530 4328 cum
577 4281 723 4326 scuta
750 4284 1007 4343 quautam
1035 4274 1293 4327 altissime
1334 4284 1554 4342 possunt
1593 4274 1696 4326 ele-

143 4376 298 4419 vautes
338 4367 768 4437 inaugurandum
810 4365 1183 4434 imperatorem
1217 4366 1553 4434 circumfusa!
1598 4384 1697 4419 nn-

145 4455 282 4526 dique
319 4457 651 4514 multitudini
687 4467 977 4515 ostentant.
1030 4455 1106 4510 Ita
1145 4457 1584 4514 CantaCuzenus.
1630 4463 1697 4512 At

1774 558 1917 626 quod
1951 556 2180 610 viderint
2243 557 2346 610 lidc
2372 557 2571 624 eptima
2619 573 2892 613 narrasse.
2947 558 3178 614 Tantum
3226 562 3346 616 ani-

1778 649 2248 716 madvertendum,
2276 650 2413 707 duas
2444 650 2751 708 functiones
2778 668 2880 705 una
2905 662 2958 706 et
2985 654 3070 708 die
3101 662 3155 709 et
3182 670 3344 723 opera

1777 744 1827 797 in
1880 743 2194 798 Andronico
2246 742 2470 799 Juuiore
2518 745 2809 813 exercitas,
2856 749 3242 817 assumptionis
3291 750 3346 805 in

1777 835 2062 904 imperium
2116 845 2170 890 et
2216 838 2604 899 coronationis,
2645 839 2699 893 in
2733 839 2990 895 Michaele
3031 841 3173 897 dicta
3226 844 3349 913 qui-

1779 927 1901 982 dem
1934 930 2019 983 die
2052 927 2168 983 Maii
2199 928 2263 983 2|
2296 930 2519 986 alteram
2550 933 2832 998 duntaxat,
2875 950 3070 1005 nempe
3113 950 3347 992 corona-

1781 1019 2001 1086 tionem,
2031 1037 2153 1076 cum
2180 1021 2293 1092 jam
2318 1025 2615 1095 assumptio
2646 1041 2786 1082 anno
2819 1027 3091 1097 superiori
3119 1045 3351 1100 praeces-

1779 1115 1981 1181 sisset;
2037 1116 2087 1170 id
2117 1116 2257 1179 quod
2288 1117 2542 1172 distincte
2583 1120 2801 1188 quidem
2836 1120 2925 1175 hic
2954 1136 3058 1175 non
3091 1123 3352 1193 exprimit

1783 1207 2164 1278 Pachymeres,
2213 1210 2342 1264 alibi
2375 1219 2553 1265 tamen
2599 1211 2858 1279 insinuat,
2903 1213 2986 1268 vel
3019 1213 3071 1268 in
3108 1214 3260 1270 titulo
3293 1231 3346 1270 c.

1779 1297 1835 1362 4.
1865 1300 1904 1355 l.
1939 1316 2020 1368 ιη,
2056 1302 2144 1355 ubi
2175 1301 2488 1358 Michaelem
2529 1305 2638 1374 jam
2674 1316 2786 1361 tum
2822 1310 3036 1377 quando
3066 1325 3261 1376 sponsa
3296 1312 3349 1368 ei

1781 1393 1950 1459 qumri
1981 1403 2068 1446 est
2099 1404 2274 1463 empta
2312 1401 2474 1465 (quod
2507 1396 2663 1467 longe
2691 1410 2816 1454 ante
2849 1400 2950 1456 boc
2985 1411 3193 1472 tempus
3223 1419 3354 1460 con-

1785 1485 1923 1556 tigit)
1975 1483 2274 1556 Augustum
2308 1487 2585 1544 Juuiorem
2641 1501 2820 1557 vocat,
2865 1494 2950 1549 vel
2986 1508 3036 1548 c.
3077 1495 3132 1561 1,
3180 1495 3219 1551 ι.
3253 1511 3349 1563 vn,

1783 1580 1873 1633 ubi
1908 1579 2204 1635 Andronici
2237 1596 2435 1635 annum
2473 1582 2792 1637 vicesimum
2842 1585 3063 1640 tertium
3095 1602 3219 1642 cum
3247 1587 3348 1642 Mi-

1783 1671 1988 1724 chaelis
2019 1671 2342 1728 duodecimo
2387 1675 2728 1731 cencurrisse
2753 1677 2849 1742 ait,
2884 1689 3042 1747 prout
3104 1680 3230 1734 alibi
3273 1679 3355 1735 fn-

1784 1761 1896 1815 sius
1943 1761 2355 1830 explicabimus,
2399 1763 2624 1820 Observ.
2662 1767 2697 1820 Ι.
2747 1782 2830 1834 Ill,
2860 1783 2907 1822 c.
2947 1770 3002 1824 5.
3033 1766 3146 1823 Non
3185 1770 3355 1826 fuisse

1787 1862 1963 1908 autem
1995 1855 2098 1910 rite
2133 1868 2466 1925 assumptum
2510 1861 2578 1915 ab
2625 1860 2936 1920 Andronico
2978 1878 3076 1918 avo
3125 1863 3179 1919 in
3223 1882 3352 1923 cou-

1786 1949 2013 2002 sortium
2047 1950 2258 2019 imperii
2284 1953 2655 2009 Andronicum
2685 1953 2988 2021 Juniorem,
3015 1958 3112 2014 sed
3141 1967 3346 2014 tantum

1787 2038 2158 2109 dosignatioue
2191 2041 2376 2109 tacita,
2415 2045 2540 2097 dum
2569 2045 2700 2099 vixit
2735 2045 2852 2116 ejus
2901 2056 3055 2116 pater
3098 2047 3349 2115 Michael,

1787 2144 1841 2186 ut
1884 2134 2150 2189 hmredem
2205 2136 2415 2202 imperii
2448 2152 2475 2190 a
2507 2139 2706 2207 populo
2749 2142 3067 2205 reveritum,
3115 2158 3223 2197 non
3257 2143 3356 2198 ob-

1788 2238 1947 2279 scure
1975 2239 2034 2280 se
2059 2225 2379 2281 arbitratum
2412 2227 2591 2284 innuit
2618 2229 2962 2288 Andronicus
3003 2235 3115 2305 ipse
3147 2238 3354 2302 senior,

1788 2315 1938 2382 dum,
1987 2327 2146 2387 prout
2185 2328 2370 2372 narrat
2401 2319 2830 2390 Cantacnzenns,
2895 2326 2931 2382 Ι.
2971 2343 3012 2394 t,
3046 2346 3095 2384 c.
3126 2331 3184 2395 2,
3216 2348 3361 2387 mor-

1790 2417 1882 2463 tuo
1925 2407 2186 2465 Michaele
2221 2410 2522 2470 Andronici
2584 2413 2822 2471 Juuioris
2851 2427 3001 2487 patre
3024 2460 3040 2486 ,
3089 2421 3257 2476 vetuit
3292 2441 3359 2479 ne

1785 2500 2058 2570 iuraretur
2110 2504 2368 2575 deinceps
2400 2506 2452 2561 in
2495 2508 2654 2579 hujus
2680 2527 2897 2576 nomen,
2939 2513 3097 2568 talem
3127 2515 3176 2570 ei
3203 2525 3357 2586 patre

1790 2596 1913 2651 vivo
1952 2595 2193 2652 habitum
2239 2600 2498 2656 honorem
2539 2602 2792 2659 videlicet
2848 2606 3187 2674 existimans,
3249 2627 3355 2665 nou

1793 2701 1853 2745 ut
1879 2691 1990 2760 jam
2030 2691 2292 2761 Augusto,
2323 2695 2416 2749 sed
2453 2703 2656 2749 tantum
2688 2705 2746 2750 ut
2772 2695 3000 2766 Augusti
3040 2700 3170 2767 lilio,
3195 2718 3358 2772 quam

1791 2782 2200 2854 appellationem
2235 2785 2408 2854 patris
2447 2796 2619 2841 morte
2652 2789 3001 2856 perdidisset.
3039 2794 3216 2863 Atque
3245 2795 3362 2849 haec

1795 2875 1988 2946 prima
2020 2891 2179 2932 avum
2215 2877 2358 2934 inter
2385 2888 2437 2932 et
2464 2887 2712 2950 nepotem
2743 2881 3032 2939 discordias
3079 2900 3240 2941 causa
3270 2903 3366 2942 ex-

1793 2969 1955 3034 stitit,
1985 2984 2092 3038 qua
2125 2970 2359 3040 denique
2389 2973 2688 3040 composita
2717 2973 2877 3028 simul
2907 2990 3216 3045 assumptus
3271 2995 3364 3035 so-

1795 3062 2048 3118 lemniter
2081 3064 2136 3118 in
2187 3063 2450 3135 collegam
2487 3065 2698 3134 imperii
2741 3066 2902 3122 simul
2956 3083 3245 3128 coronatus
3273 3073 3369 3128 1n-

1796 3153 1921 3208 nior
1947 3154 2288 3210 Andronicus
2334 3166 2435 3221 est,
2471 3158 2612 3226 quod
2649 3172 2679 3210 a
2709 3156 3112 3230 Cantacnzeuo,
3165 3165 3204 3220 l.
3238 3183 3275 3234 ι,
3312 3184 3364 3223 c.

1799 3245 1890 3309 εΗ,
1931 3244 2186 3304 relertur.
2221 3247 2390 3318 quue
2439 3259 2821 3318 praestructum
2849 3291 2864 3316 ,
2921 3253 3203 3326 utriusque
3254 3258 3365 3326 jam

1800 3339 2090 3393 concordis
2122 3340 2351 3394 consilio
2388 3340 2634 3395 iunuitur
2670 3343 2736 3398 ad
2787 3355 3109 3415 apparatum
3153 3352 3370 3418 nuptia-

1801 3446 1939 3497 rum,
1986 3446 2122 3499 quas
2160 3432 2350 3488 Junior
2379 3433 2754 3491 celebraturus
2817 3448 3082 3494 eratcum
3121 3440 3227 3497 lilia
3277 3458 3372 3499 co-

1800 3523 1943 3578 mitis
1977 3521 2281 3592 Sabaudiae,
2321 3541 2482 3594 qnam
2512 3527 2633 3584 ideo
2673 3527 2846 3585 frater
2873 3530 2988 3598 ejus
3018 3533 3192 3604 (pater
3219 3536 3368 3590 enim

1799 3615 2037 3684 obierat)
2071 3615 2160 3669 ubi
2207 3617 2309 3671 rite
2336 3617 2646 3675 Andronico
2701 3621 2910 3679 Juniori
2952 3624 3084 3691 jam,
3140 3635 3200 3680 ut
3240 3643 3268 3682 a
3305 3628 3374 3681 lu-

1799 3709 1937 3777 gatis
1966 3709 2243 3771 audiebat,
2295 3710 2607 3780 imperatori
2670 3714 2990 3786 inaugurato
3054 3717 3366 3788 despondit,

1802 3817 1907 3855 nou
1941 3803 2015 3857 uti
2049 3815 2209 3858 antra
2237 3806 2392 3874 quasi
2426 3821 2670 3862 sororem
2709 3820 2834 3863 natu
2869 3811 3132 3867 minorem
3164 3824 3219 3868 et
3266 3816 3366 3870 sibi

1798 3898 2068 3953 subditam
2103 3903 2377 3967 tractavit,
2403 3903 2495 3957 sed
2525 3903 2575 3959 ei
2627 3905 2882 3975 deinceps
2925 3908 3068 3963 ultro
3111 3910 3368 3975 decessit,

1799 3988 1901 4044 sibi
1955 3991 2290 4057 superiorem
2346 3992 2490 4046 illam
2542 4009 2844 4065 agnoscens
2880 4006 2935 4053 et
2960 3997 3230 4053 dominam
3268 4018 3370 4070 ap-

1802 4081 2037 4150 pellans.
2070 4080 2149 4135 Ita
2190 4082 2391 4138 diserte
2433 4097 2696 4140 memorat
2729 4087 3161 4150 Cantacuzenus.
3194 4108 3244 4146 c.
3275 4094 3369 4157 40,

1799 4188 1930 4226 sane
1961 4183 2085 4227 ante
2114 4175 2212 4229 hoc
2257 4185 2469 4242 tempus
2504 4177 2723 4233 nomine
2755 4179 3037 4234 dumtaxat
3095 4180 3262 4253 749
3292 4193 3373 4238 te-

1802 4281 1904 4320 nus
1940 4281 2002 4320 ac
2045 4267 2483 4336 praesumptione,
2534 4269 2671 4324 citra
2732 4271 2897 4326 ullam
2941 4272 3194 4341 legitimis
3235 4277 3376 4330 celo-

1802 4357 2010 4412 bratam
2043 4358 2231 4413 ritibus
2272 4361 2718 4427 assumptionem,
2751 4361 2919 4420 fuisse
2963 4365 3221 4422 tributam
3258 4368 3372 4422 Au-

1803 4449 2028 4503 dronico
2059 4447 2272 4503 Juniori
2311 4451 2720 4520 appellationem
2775 4455 3143 4526 imperatoris,
3189 4471 3243 4514 et
3274 4460 3373 4513 Se-

151 4562 317 4606 noster
360 4553 413 4607 in
453 4551 757 4607 ειενηιίοηθ
811 4553 950 4605 sum
980 4550 1179 4605 "una".
1224 4552 1570 4621 imperatoris
1610 4567 1693 4604 se-
1724 4561 1775 4620 ι)
1804 4544 1926 4595 nior
1965 4540 2306 4598 Andronicus
2348 4543 2688 4600 demonstrat
2721 4549 2871 4610 dum,
2923 4548 3190 4603 referente
3230 4552 3372 4605 Cau-

152 4646 302 4701 nioris
341 4663 562 4718 cperam
608 4652 891 4708 memorat,
940 4653 1227 4715 totumque
1279 4645 1332 4699 id
1392 4644 1593 4698 factum
1643 4645 1697 4697 in

149 4740 359 4792 solidum
400 4740 628 4796 ascribit
675 4740 793 4798 τοῖς
847 4740 906 4791 ὲν
941 4738 1084 4790 τέλει
1126 4737 1547 4807 magistratibus,
1592 4752 1699 4790 non

151 4832 456 4898 emissurus,
479 4844 538 4888 ut
557 4840 804 4901 apparet,
826 4829 1125 4884 Andronici
1150 4831 1316 4897 patris
1349 4829 1699 4895 mentionem,

152 4926 190 4977 si
235 4942 330 4994 qua
376 4928 425 4979 iu
455 4926 554 4979 ista
590 4923 865 4978 fittictione
890 4937 1014 4990 pars
1050 4924 1162 4987 ejus
1196 4922 1491 4975 exstitisset
1519 4940 1532 4986 ;
1563 4923 1705 4977 sicut

154 5020 296 5084 paulo
341 5019 480 5075 infra
519 5021 643 5072 dum
687 5015 931 5071 meminit
961 5014 1226 5083 impositae
1267 5015 1428 5081 ςιειδδὲιί
1463 5013 1706 5069 Michae-

158 5113 214 5164 lis
245 5122 354 5181 post
406 5111 778 5167 inuuctionem
826 5122 1062 5171 coronat,
1136 5106 1386 5160 distincte
1441 5106 1704 5161 admonet

160 5214 349 5265 patre'm
391 5203 508 5272 ejus
567 5200 837 5255 seniorem
906 5197 1205 5267 Augustum
1260 5211 1548 5251 coronasse
1593 5195 1705 5266 jam

161 5293 419 5349 iuunrtum
454 5294 791 5352 llicbaelctn,
824 5291 1108 5356 adiuvante
1141 5290 1447 5356 patriarcha
1472 5329 1485 5352 ,
1522 5303 1585 5341 ac
1620 5303 1710 5342 co-

165 5402 294 5440 rona:
319 5391 438 5442 dum
469 5387 759 5455 imponitur
788 5391 990 5452 portent
1023 5393 1244 5436 tenente.
1277 5380 1412 5448 Quid
1445 5380 1530 5435 hic
1561 5383 1712 5434 dice-

168 5482 319 5534 mus?
350 5497 414 5535 au
452 5479 793 5550 negligentiae
828 5475 1120 5528 taxandum
1150 5472 1539 5541 Pachymerem
1569 5471 1592 5524 ‘l
1639 5487 1710 5528 an

168 5574 491 5641 exquisitiori
523 5572 853 5628 czeremonia
891 5584 1045 5623 usum
1073 5569 1126 5622 in
1164 5567 1475 5621 Andronico
1510 5579 1713 5636 nepote

170 5665 522 5736 lnaugurando
541 5665 912 5723 Andronicum
943 5676 1098 5715 avum
1130 5674 1291 5730 quam
1315 5668 1524 5738 patrem
1556 5676 1712 5715 euut-

175 5761 281 5818 dem
314 5763 365 5819 in
396 5762 652 5819 Michaele
683 5760 794 5814 lilio
843 5758 999 5825 longe
1029 5750 1402 5807 charissimo?
1430 5752 1577 5807 Nihil
1621 5754 1717 5808 bo-

178 5871 281 5910 rum
331 5858 613 5913 verisimile
663 5863 850 5924 putavr
878 5849 962 5902 'im
995 5864 1008 5900 :
1041 5844 1136 5898 διὰ
1171 5845 1423 5901 existimo
1454 5855 1508 5903 et
1551 5865 1713 5904 unam

396 5955 658 6014 PATBOL.
700 5955 813 6014 Gn.
847 5943 1122 6008 CXLIV.

1805 4643 2084 4700 tacuzenc,
2123 4633 2161 4689 ἰ.
2195 4650 2237 4701 t,
2269 4653 2319 4689 c.
2369 4637 2425 4701 9,
2454 4638 2827 4692 Andronicum
2851 4656 2972 4694 eum
3011 4642 3369 4712 Palaeologum

1802 4727 2126 4795 simpliciter
2151 4737 2302 4783 vocat
2333 4738 2469 4783 etut
2497 4731 2802 4799 principem
2835 4735 3050 4799 agnosci
3079 4736 3323 4802 prohibet
3352 4753 3370 4802 ;

1801 4830 1858 4875 et
1895 4819 2014 4888 ipse
2087 4820 2245 4876 fateri
2304 4823 2521 4876 videtur
2569 4825 2915 4879 Andronicus
2982 4824 3192 4891 Junior,
3244 4830 3368 4883 dum

1803 4915 1993 4968 eodem
2035 4913 2190 4977 libro,
2219 4929 2270 4970 c.
2304 4913 2393 4981 23,
2430 4916 2564 4983 petit
2597 4916 2663 4969 ab
2698 4931 2800 4970 avo
2824 4917 3032 4971 admitti
3064 4934 3123 4972 se
3165 4919 3216 4972 in
3245 4936 3376 4970 cun-

1806 5009 2038 5065 sortium
2088 5008 2300 5078 imperii
2337 5025 2456 5064 cum
2483 5009 2607 5081 jnre
2638 5011 3020 5067 successionis.
3062 5013 3228 5068 Recte
3277 5015 3377 5083 igi-

1810 5113 1894 5155 tur
1920 5116 2044 5156 cum
2071 5101 2233 5155 simul
2270 5098 2603 5170 assumptus,
2633 5102 2793 5156 simul
2827 5101 3082 5158 inunctus
3129 5119 3195 5159 ac
3220 5119 3377 5160 coro-

1812 5205 1970 5248 natus
2019 5193 2361 5249 Andronicus
2396 5191 2586 5247 Iunior
2626 5193 2745 5260 fuit,
2787 5197 2929 5265 quod
2955 5207 3141 5250 narrat
3171 5195 3375 5251 Cauta-

1811 5302 2072 5353 cuzenus,
2106 5301 2155 5339 c.
2188 5285 2278 5349 4|,
2314 5284 2453 5339 scuti
2487 5293 2691 5354 partem
2728 5286 3052 5340 anteriorem
3083 5287 3200 5357 ipse
3241 5305 3379 5344 avus

1812 5380 2086 5451 Augustus
2125 5377 2315 5441 tenuit,
2362 5393 2427 5432 eo
2457 5388 2721 5432 consueto
2774 5378 2875 5432 ritu
2926 5378 3101 5446 ipsum
3144 5380 3379 5436 cveln-ns

1813 5473 1868 5529 in
1899 5476 2193 5543 Augustam
2245 5471 2586 5540 dignitatem,
2637 5469 2785 5540 quod
2837 5470 3075 5526 nondum
3115 5471 3320 5526 fecerat
3363 5488 3378 5526 :

1816 5566 2037 5637 quando
2067 5574 2244 5617 autem
2273 5563 2533 5618 iuunctus
2563 5573 2617 5617 et
2650 5573 2950 5618 coronatus
2977 5563 3237 5617 duntaxat
3267 5565 3379 5634 jam

1816 5669 1976 5714 antea
2031 5664 2253 5712 evectus
2311 5655 2362 5708 in
2410 5654 2694 5721 imperium
2729 5670 2756 5707 a
2819 5664 2972 5723 patre
3020 5653 3246 5710 Michael
3278 5667 3381 5721 est,

1819 5763 2031 5810 scutum
2066 5749 2122 5806 in
2169 5764 2281 5819 quo
2327 5747 2646 5803 elevabatur
2681 5765 2708 5801 a
2764 5758 2917 5818 patre
2955 5748 3221 5804 sublatum
3277 5763 3386 5802 non

1821 5860 1926 5914 est,
1971 5853 2132 5917 prout
2175 5841 2540 5911 Pacbymercs
2567 5855 2679 5896 rem
2718 5855 2746 5895 a
2783 5857 2843 5898 se
2870 5842 3039 5896 visam
3071 5843 3387 5900 describens

2881 5932 2956 5999 26
