4012 6236
263 323 377 390 διδ

1797 321 2038 387 NOTAE.

3432 325 3542 391 8H

254 458 540 516 usurpare
572 443 625 500 in
650 441 862 499 Latinis
897 446 963 503 ad
1016 443 1176 503 ritum
1225 445 1474 501 Grzecum
1515 446 1852 503 transeunti-
1886 453 1927 508 Α
1961 445 2062 503 hos
2119 444 2382 502 terminos
2419 447 2576 518 spatii
2616 448 2754 506 intra
2812 445 2958 520 quod
3018 446 3303 522 digladiari
3343 446 3536 509 Veneti

255 538 395 604 bus,
459 537 755 610 accipimus
814 554 845 596 e
880 538 1076 595 litteris
1141 549 1451 596 nostrorum
1487 536 1757 612 hodieque
1790 539 1844 595 iu

246 629 479 688 Gracia
512 634 845 705 degentium.

335 723 405 784 Ρ.
435 726 564 782 εον.
593 727 824 785 Latinis.
857 727 967 786 llos
999 727 1222 785 Latinos
1279 729 1419 800 apud
1451 727 1668 786 Cretam
1699 732 1850 786 insu-

255 822 373 878 lam
413 821 588 876 armis
618 821 974 893 pravalentes
1022 823 1191 880 fuisse
1221 823 1454 882 Venetos
1507 825 1714 880 indicat
1755 842 1852 886 no-

254 924 382 970 ster
435 911 599 979 infra,
643 914 684 969 ι.
731 929 832 980 vtt,
861 928 912 971 c.
944 914 999 982 8,
1034 916 1159 970 dum
1209 915 1434 973 solvisse
1462 915 1852 974 Constantino-

257 1006 374 1074 poli
397 1006 620 1063 Cretam
646 1022 836 1064 versus
857 1007 1207 1066 Athanasium
1233 1009 1595 1081 patriarcham
1617 1010 1854 1068 Alexaaa

253 1100 486 1157 drinum
517 1115 656 1156 nave
687 1099 892 1157 Veneta
925 1110 1178 1160 testatur.
1235 1101 1342 1158 Sed
1400 1113 1455 1160 et
1489 1106 1655 1170 idem,
1690 1103 1730 1162 Ι.
1770 1121 1849 1173 ιιι,

255 1211 309 1251 c.
353 1191 453 1262 i9,
483 1191 631 1251 clare
663 1194 876 1250 dixerat
905 1196 1120 1251 Cretam
1149 1197 1399 1267 paruisse
1422 1196 1670 1255 Venetis.

330 1287 400 1345 P.
433 1290 563 1350 2H.
601 1289 787 1345 Mirari
849 1291 976 1346 licet
1033 1293 1306 1362 quomodo
1356 1289 1854 1366 Philanthropeous

257 1383 474 1440 oﬂ'erre
503 1383 867 1438 conditionem
900 1385 1159 1441 connubii
1212 1401 1398 1441 secum
1457 1387 1583 1443 huic
1641 1388 1853 1448 mulieri

256 1477 534 1549 potuerit,
569 1493 732 1550 quem
757 1493 821 1534 ex
853 1495 910 1552 p.
933 1475 1040 1534 2‘26
1087 1479 1408 1550 intelligitur
1440 1481 1698 1538 habuisse
1729 1493 1857 1539 tunc

257 1573 433 1627 aliam
469 1572 766 1643 legitimam
795 1588 1020 1627 uxorem
1065 1583 1120 1630 et
1153 1589 1219 1628 ex
1247 1589 1312 1630 ea
1355 1575 1544 1633 filium.
1581 1577 1662 1630 An
1695 1591 1856 1647 repu-

257 1665 546 1722 diaturum
573 1680 637 1722 se
660 1667 900 1722 ostendit
936 1665 1021 1740 [Ρ.
1060 1665 1197 1741 538]
1232 1667 1512 1743 antiquam
1540 1667 1855 1743 coniugem,

253 1767 322 1816 ut
357 1759 544 1814 locum
578 1773 732 1821 nova:
757 1759 953 1816 daret!
981 1761 1061 1817 An
1109 1761 1309 1832 potius,
1345 1777 1467 1817 cum
1499 1761 1668 1824 sciret
1695 1764 1853 1820 istam

1957 555 2080 595 cum
2126 539 2505 600 Cennensihus
2544 558 2610 597 ex
2665 555 2829 612 pacto
2872 557 2992 597 cum
3038 543 3368 612 imperatore
3400 543 3537 604 inito

1960 635 2266 709 nequirent,
2302 637 2379 692 sic
2406 637 2704 706 exprimit:
2743 636 2877 690 Ἀπὸ
2903 635 2997 690 τοῦ
3039 634 3231 689 στενοῦ
3268 636 3535 691 Καλλιου-

1958 729 2171 790 πόλεως
2204 725 2371 801 μέχρι
2399 730 2495 783 καὶ
2528 729 2619 784 τοῦ
2658 728 2829 799 ἱεροῦ.
2877 728 3012 799 Quid
3041 739 3193 784 vocet
3229 730 3375 800 ir.pr
3424 730 3539 802 ipse

1961 820 2175 880 viderit.
2236 822 2442 878 Fauces
2484 821 2700 897 quidem
2754 822 2818 877 ad
2855 820 3160 891 Callipolim
3193 825 3394 878 eaedem
3429 839 3536 878 nou

1957 924 2087 972 sunt
2115 931 2236 972 cun:
2264 913 2519 972 faucibus
2550 931 2670 988 qure
2723 917 2788 970 ad
2825 914 3020 971 Seston
3058 927 3111 970 et
3141 916 3410 988 Abydum,
3440 917 3536 969 sed

1956 1019 1987 1063 e
2022 1006 2288 1060 diametro
2313 1007 2415 1061 illa:
2441 1016 2569 1061 sunt
2605 1006 2835 1060 invicem
2861 1005 3147 1078 oppositae,
3187 1006 3366 1060 media
3395 1006 3538 1060 inter

1959 1109 2223 1168 utrasque
2264 1097 2618 1172 Propontide.

2033 1190 2097 1266 [Ρ
2132 1193 2257 1268 559]
2300 1192 2359 1248 Ρ.
2394 1193 2521 1250 242.
2555 1193 2707 1260 Quod
2738 1195 2952 1250 codices
2977 1193 3016 1250 Β
3039 1202 3092 1248 et
3121 1192 3162 1247 Α
3192 1191 3255 1246 ἔκ
3283 1209 3430 1255 τινος
3457 1192 3543 1244 αἰ-

1959 1286 2081 1350 τίας
2116 1286 2332 1348 elacata;
2362 1288 2583 1369 habent,
2621 1285 2742 1341 Vat.
2775 1288 3032 1356 exprimit
3061 1287 3125 1340 ἐκ
3175 1303 3321 1348 τινος
3368 1285 3541 1360 μηδα-

1966 1381 2126 1454 μινῆς
2151 1381 2354 1449 αἰτίας,
2387 1399 2553 1437 causa
2581 1383 2664 1437 vel
2695 1381 3087 1440 oﬂensiuncula
3119 1377 3290 1435 nihili.

2033 1471 2170 1530 ibid.
2205 1470 2318 1530 Rea:
2358 1473 2691 1530 Armenia...
2731 1471 2883 1530 Hunc
2913 1485 3093 1540 regem
3133 1468 3406 1524 Armeniae
3439 1466 3538 1522 Sa-

1965 1573 2147 1630 nntus,
2177 1564 2212 1622 l.
2246 1580 2331 1632 ιιι,
2363 1580 2419 1634 p.
2452 1565 2541 1636 15,
2592 1580 2644 1626 c,
2678 1564 2734 1629 ε,
2765 1563 3106 1635 liaythonem
3151 1571 3326 1627 vocat,
3361 1572 3414 1614 et
3445 1575 3537 1613 ve-

1964 1659 2115 1716 nisse
2142 1658 2667 1729 Constantinopolim
2699 1658 2829 1717 dicit
2877 1673 2940 1712 eo
2975 1657 3114 1727 quod
3155 1654 3388 1710 Michael
3422 1654 3537 1708 An-

1963 1752 2173 1808 dronici
2238 1753 2380 1807 filius
2428 1768 2672 1808 sororem
2730 1767 2888 1809 suam
2939 1754 3343 1820 desponsasset.
3391 1747 3538 1802 Cort-

255 1851 488 1908 viduam
530 1816 877 1923 Salampaxls
908 1816 1090 1910 Persae
1109 1816 1223 1910 ζώει
1248 1816 1409 1911 unam
1440 1816 1572 1928 ipsi,
1616 1816 1854 1925 ᾇέιῖῥτί-
1888 1816 1932 1876 Β
1961 1855 2164 1916 gruunt
2199 1847 2315 1907 haec
2365 1862 2491 1901 cum
2525 1846 2884 1917 Pachy‘merc,
2931 1816 3312 1918 qui-superius
3350 1843 3537 1898 docuit

258 1948 499 2002 mariam
530 1947 674 2002 inter
704 1948 884 2018 plures
926 1947 1095 2008 fuisse
1132 1963 1382 2014 uxorem,
1431 1951 1671 2019 speravit
1706 1949 1853 2006 illam

253 2039 606 2096 credituram
635 2055 797 2108 posse
841 2041 1173 2095 connubium
1237 2041 1342 2096 rite
1399 2041 1528 2098 iniri
1587 2057 1711 2101 cum
1737 2042 1855 2097 viro

256 2143 651 2204 praoccupato
683 2133 806 2189 aliis
834 2134 1074 2206 nuptiis?
1105 2149 1226 2197 seu,
1253 2136 1396 2206 quod
1427 2135 1602 2192 innuit
1628 2136 1855 2195 historia

254 2242 386 2291 cus,
428 2241 540 2282 non
575 2243 642 2284 ex
675 2243 812 2303 vero
837 2227 980 2296 ha-c,
998 2227 1092 2286 sed
1115 2237 1296 2284 astute
1324 2227 1758 2285 obtendebantur
1787 2229 1854 2284 ad

256 2321 637 2378 inducendam
691 2321 746 2378 in
773 2321 1021 2382 fraudem
1061 2320 1325 2379 feminam
1387 2332 1653 2397 exteram,
1689 2333 1740 2381 et
1772 2324 1855 2381 sic

251 2412 607 2481 eripiendam
632 2415 682 2471 ei
711 2408 875 2493 quam
915 2414 1136 2472 tenebat
1163 2432 1369 2489 arcem.

331 2505 396 2566 Ρ.
441 2507 576 2566 223.
621 2507 1030 2566 Ἀντιδόσεσιν
1065 2507 1240 2579 ἱερῶν
1266 2509 1627 2581 ἐτκολπῑων.
1649 2512 1727 2569 De
1750 2512 1854 2571 hoc

235 2605 424 2660 'more
488 2601 742 2658 ﬁrmandi
777 2613 934 2676 pacta
970 2619 1066 2675 per
1100 2613 1338 2659 mutuam
1374 2607 1722 2664 traditionem
1758 2623 1851 2664 sa-

256 2709 487 2752 crorum
542 2696 908 2752 amnietorum
943 2711 976 2755 e
1014 2695 1153 2753 collo
1197 2713 1583 2769 suspensuram
1623 2700 1851 2759 videnda

256 2804 382 2858 qua
447 2789 758 2846 notavimus
807 2789 1089 2846 Clossario
1154 2792 1365 2862 priori,
1435 2795 1601 2850 verbo
1658 2796 1852 2868 ἐγκόλ-

260 2899 387 2950 πια,
421 2881 522 2940 ubi
553 2884 828 2954 geminum
886 2884 1013 2940 huic
1063 2883 1428 2943 Cantacuzeni
1464 2887 1663 2958 locum,
1696 2889 1735 2947 Ι.
1762 2907 1850 2954 ιιι,

261 2989 315 3030 c.
353 2976 443 3046 l7,
480 2991 514 3033 a
549 2976 942 3052 παρερμηνεεᾳ
967 2977 1265 3035 doctissimi
1300 2980 1498 3052 alioqui
1545 2989 1600 3036 et
1627 2994 1852 3036 accura-

258 3068 472 3126 tissimi
497 3071 808 3126 necessario
844 3069 1185 3126 vindicamus
1224 3062 1562 3142 interpretis.

1961 1940 2107 2011 regis
2166 1941 2440 2000 Armeniae
2493 1940 2657 1995 lilium
2717 1940 2944 1994 Mariam
3009 1941 3229 1996 nomine
3285 1937 3536 1993 Michaeli

1960 2035 2232 2106 nupsisse.
2261 2035 2510 2105 Explicat
2573 2046 2757 2090 autem
2817 2033 3061 2090 Sanctus
3097 2037 3165 2088 de
3198 2048 3306 2103 quo
3337 2045 3536 2104 genere

1955 2130 2240 2186 convictus
2275 2131 2636 2202 Pachymeres
2685 2140 2832 2200 agat,
2893 2129 3020 2184 dum
3053 2130 3129 2183 ait
3159 2129 3301 2184 hunc
3349 2142 3532 2199 regem

1954 2239 2082 2279 cum
2121 2223 2326 2280 Freriis
2361 2225 2584 2280 vixisse.
2623 2223 2792 2280 Docet
2826 2224 3027 2295 quippe
3057 2223 3354 2294 sumpsisse
3380 2222 3534 2276 illum

1955 2317 2201 2380 habitum
2232 2319 2440 2376 ordinis
2469 2317 2736 2377 Minor-um
2770 2317 2827 2379 S.
2857 2319 3164 2386 Francisci,
3195 2331 3251 2373 et
3280 2326 3338 2371 ut
3372 2315 3537 2371 soda-

1957 2412 2062 2469 lem
2095 2415 2288 2473 borum
2332 2413 2553 2470 Patrum
2585 2423 2643 2474 et
2683 2412 2906 2470 fratrem
2937 2410 3407 2482 Constantinopoli
3444 2413 3534 2465 vl-

1956 2506 2312 2576 xissetunde
2367 2521 2582 2576 sumpta
2639 2506 2930 2566 occasione
2975 2504 3182 2562 Sobth
3234 2503 3536 2576 liaythonis

1957 2603 2128 2657 frater
2160 2615 2384 2672 regnum
2418 2600 2690 2656 Armeniae
2720 2601 3027 2671 occupavit.
3059 2599 3160 2668 Qui
3201 2600 3364 2656 etiam
3391 2597 3539 2670 ﬂay-

1964 2697 2187 2752 thonem
2231 2693 2426 2751 deinde
2462 2704 2690 2764 captum
2741 2695 3058 2756 excaecavit.
3118 2693 3226 2753 Sed
3274 2694 3319 2752 is
3347 2695 3536 2749 divino

1957 2789 2219 2848 miraculo
2261 2804 2475 2846 rursum
2537 2788 2765 2858 adeptus
2824 2781 2991 2848 usum
3039 2789 3344 2856 oculorum,
3381 2793 3535 2863 regni

1953 2883 2081 2951 quin
2125 2878 2293 2938 etiam
2337 2896 2563 2951 compos
2598 2889 2681 2942 cst
2703 2881 2923 2947 factus;
2953 2893 3008 2938 et
3049 2882 3348 2943 Sebathnm
3388 2882 3536 2939 Con-

1952 2975 2363 3045 stantinopulitn
2411 2977 2581 3041 ruisit,
2635 2990 2831 3046 rogans
2879 2977 3266 3046 imperatorem
3302 2985 3362 3038 ut
3408 2993 3532 3032 eum

1954 3069 2063 3126 illic
2093 3070 2384 3131 detineret.
2436 3070 2560 3129 llaec
2595 3067 2669 3124 ibi
2727 3069 2990 3126 Sanulus.
3025 3069 3089 3129 Et
3146 3085 3213 3126 ex
3244 3085 3310 3126 co
3361 3055 3534 3126 fusius

333 3163 402 3220 Ρ.
429 3164 564 3221 233.
597 3161 791 3220 Terra
833 3164 1017 3230 motui,
1070 3165 1162 3236 qni
1214 3165 1306 3236 per
1334 3167 1697 3226 excellentiam
1736 3187 1849 3225 ma-

1958 3161 2275 3233 Spondauus
2306 3178 2396 3226 an.
2426 3160 2560 3216 Chr.
2595 3161 2753 3226 ιεθι.
2783 3177 2837 3216 u.
2883 3159 2950 3214 10
2984 3171 3036 3215 et
3070 3160 3156 3216 ll.

258 3274 399 3325 gnua
431 3257 757 3327 appellatur.
814 3255 951 3315 Puto
1009 3256 1094 3315 hic
1125 3260 1280 3316 innui
1333 3267 1494 3316 terra:
1526 3273 1728 3325 motum
1757 3266 1848 3337 qui

263 3365 408 3406 anno
430 3351 566 3408 Chr.
590 3351 727 3408 1202
745 3352 986 3409 οιιιιιΙιιιη
1013 3352 1178 3410 tando
1202 3352 1511 3410 auditorum
1537 3373 1633 3427 per
1655 3355 1850 3416 Orion-

267 3443 379 3498 ient
403 3443 720 3500 dirissimus
751 3445 1000 3514 contigit,
1037 3462 1198 3515 quem
1235 3445 1506 3505 Robertns
1554 3454 1850 3508 monachus

259 3537 733 3596 Antislodorensis
795 3540 849 3595 in
910 3557 1008 3596 sua
1039 3540 1409 3613 Chronologia
1465 3543 1736 3615 incepisse
1772 3547 1849 3603 ait

262 3631 448 3688 triduo
482 3643 611 3688 ante
644 3633 1058 3702 Ascensionem,
1096 3642 1152 3690 et
1185 3650 1250 3689 eo
1297 3633 1522 3706 Tyrum,
1553 3637 1848 3706 Acconem,

261 3722 560 3795 Trlpollm,
608 3737 744 3793 etc.,
788 3742 981 3799 magna
1020 3743 1083 3784 ex
1112 3736 1266 3800 parte
1315 3730 1638 3786 concidisse.
1675 3730 1848 3801 Hujus

265 3819 481 3892 antiqui
509 3829 668 3876 terra:
702 3831 881 3876 motus
913 3821 1227 3877 meminisse
1262 3831 1532 3892 poterant,
1585 3842 1710 3882 cum
1746 3827 1848 3884 iste

266 3907 407 3968 alius
439 3913 512 3968 de
561 3927 670 3982 quo
713 3923 898 3968 noster
927 3914 1036 3986 agit
1068 3914 1169 3968 hoc
1206 3911 1326 3969 loco
1377 3913 1844 3987 Constantinopoli

456 4007 690 4078 contigit
721 4008 942 4064 circiter
990 4023 1194 4065 annum
1239 4009 1372 4066 Chr.
1425 4010 1586 4078 1296,
1621 4011 1849 4080 quicun-

263 4113 372 4167 que
407 4086 678 4157 vivebant
698 4103 996 4158 centenarii
1053 4113 1146 4157 aut
1177 4107 1333 4172 paulo
1372 4105 1700 4159 ceutenariis
1731 4121 1846 4157 tua-

262 4192 436 4262 iores.
491 4192 741 4249 Meminit
769 4192 994 4249 alterius
1039 4195 1624 4265 ConsmutinOpolitani
1689 4206 1848 4252 terrze

269 4297 452 4342 motus
492 4284 674 4357 magni
716 4286 952 4356 scriptor
1012 4283 1150 4341 Vitae
1207 4284 1454 4360 Gregorii
1490 4285 1581 4355 IV,
1617 4287 1844 4342 Romani

263 4385 446 4445 φθαίη
478 4377 723 4433 referens
751 4393 872 4433 eum
907 4379 1200 4452 contigisse
1227 4393 1371 4435 anno
1396 4379 1527 4436 Chr.
1561 4380 1714 4446 125i,
1738 4397 1846 4452 quo

273 4471 350 4525 ait
390 4471 598 4527 multas
628 4471 819 4528 domos
847 4481 902 4527 et
943 4473 1144 4542 templa
1196 4471 1668 4543 Constantinopoli
1723 4490 1844 4528 cor-

2026 3255 2086 3314 P.
2113 3252 2242 3310 247.
2291 3253 2408 3327 τήν
2439 3251 2570 3329 fouit
2606 3255 2859 3326 ἀνάγκην
2907 3253 3160 3324 γίνεσθαι
3194 3253 3357 3326 χάριν
3403 3256 3532 3324 νικᾷ

1952 3348 2020 3417 τῇ
2051 3347 2288 3403 συνισιι.
2327 3346 2417 3403 Sic
2455 3349 2624 3403 codex
2662 3347 2723 3403 Β.
2782 3346 2902 3404 Vat.
2935 3360 3117 3402 autem
3155 3350 3285 3419 νικᾷ
3335 3347 3468 3419 γοῦν
3495 3352 3530 3421 ἡ

1953 3443 2174 3509 σύνεσις
2203 3441 2266 3497 sb
2292 3444 2472 3498 ποιεῖν
2525 3444 2690 3516 χάριν
2727 3445 2827 3516 τὴν
2884 3444 3155 3516 ἀνάγκην.
3205 3443 3532 3502 Perobscurl

1954 3534 2058 3592 loci
2094 3545 2153 3590 ut
2176 3536 2349 3608 possit
2383 3535 2641 3608 intelligi,
2697 3538 2932 3608 primum
2989 3537 3370 3599 constituenda
3395 3540 3535 3594 scri~

1951 3640 2109 3700 plura
2155 3641 2259 3687 est.
2303 3630 2444 3691 Puto
2487 3631 2540 3692 in
2571 3646 2704 3688 voce
2738 3635 2887 3708 νικᾷ,
2926 3641 2983 3687 ut
3018 3632 3070 3689 in
3099 3649 3151 3693 c.
3189 3631 3230 3688 Β
3261 3649 3384 3692 cum
3417 3636 3531 3688 cir-

1953 3723 2222 3784 cumflexo
2278 3727 2331 3780 in
2391 3726 2584 3784 ultima
2653 3727 2872 3798 legitur,
2906 3729 3160 3784 mendum
3212 3744 3352 3784 esse.
3409 3728 3528 3784 Non

1950 3819 2094 3877 enim
2135 3829 2222 3876 est
2256 3820 2372 3874 lucc
2396 3821 2560 3878 tertia
2604 3834 2838 3888 persona
2870 3821 3146 3876 indicativi
3181 3823 3463 3893 prasentis
3495 3841 3527 3874 a

1951 3915 2146 3978 νικάω,
2174 3914 2323 3988 νικᾷ,
2357 3912 2456 3969 sed
2509 3913 2744 3968 secunda
2775 3912 2937 3988 753
2982 3929 3210 3982 persona
3245 3919 3528 3986 praesentis

1955 4007 2275 4075 imperativi.
2296 4005 2485 4077 ltaqpe
2511 4008 2752 4062 tit-nenda
2775 4008 3072 4077 penultima
3101 4018 3204 4076 est,
3224 4014 3288 4065 ιιι
3307 4011 3380 4064 sit
3400 4009 3526 4064 vixet

1948 4111 2292 4160 contractum
2329 4117 2393 4154 ex
2428 4099 2605 4155 vitae.
2636 4100 2700 4156 Et
2730 4101 2890 4173 hujus
2919 4102 3206 4174 vestigium
3238 4103 3526 4174 scriptura:

1950 4195 2165 4264 aliquod
2195 4194 2364 4249 videri
2398 4203 2575 4265 potest
2601 4193 2854 4264 prteferre
2885 4193 3002 4251 Vat.
3031 4197 3225 4264 codex,
3251 4200 3374 4253 dum
3403 4198 3529 4253 ultio

1951 4303 2090 4339 utaut
2127 4286 2276 4342 acuit
2311 4287 2363 4340 in
2395 4300 2525 4346 voce
2576 4285 2725 4350 νικά,
2764 4286 2816 4340 in
2849 4288 2975 4342 sede
3006 4298 3283 4354 accentus,
3321 4305 3427 4342 non
3465 4289 3520 4347 in

1950 4390 2171 4433 accentu
2228 4393 2482 4447 peccans.
2528 4377 2618 4433 Sic
2676 4382 2743 4433 ad
2810 4381 3035 4434 verbum
3095 4379 3212 4435 htec
3269 4392 3522 4440 sonant:

1954 4470 2113 4527 Vince
2134 4473 2429 4538 prudentia,
2465 4482 2519 4526 ut
2556 4475 2837 4530 necessitas
2884 4474 3058 4543 gratia
3094 4475 3209 4546 ﬁat.
3248 4475 3357 4529 Hoc
3388 4486 3469 4531 est
3504 4494 3520 4536 ς

265 4563 468 4622 ruisse.
504 4565 574 4621 At
605 4565 768 4636 hujus
824 4541 1098 4620 recordari
1137 4564 1218 4620 vel
1253 4541 1654 4637 stsptuagenarii
1691 4577 1842 4640 pote-
1873 4541 1924 4601 D
1951 4581 2071 4618 cum
2099 4565 2166 4619 sit
2211 4582 2433 4621 necesse
2484 4583 2578 4620 usu
2609 4567 2719 4639 jam
2757 4578 2974 4637 recepto
3009 4567 3138 4626 dare
3171 4566 3384 4623 titulum
3418 4566 3526 4623 fra-

268 4666 417 4713 rant.
455 4657 666 4713 indicat
697 4663 878 4712 autem
913 4668 1098 4712 noster
1125 4658 1272 4713 solos
1303 4674 1400 4715 eos
1431 4661 1524 4730 qui
1562 4660 1702 4714 ultra
1729 4661 1846 4714 vnl-

270 4763 457 4819 garem
492 4751 709 4807 modum
735 4752 1064 4816 tenuissent,
1096 4752 1238 4807 illius
1267 4753 1446 4824 magni
1484 4766 1640 4809 terrae
1673 4765 1848 4810 motus

274 4845 514 4909 potuisse
545 4843 862 4898 memoriam
895 4845 1101 4899 testari.
1133 4842 1312 4912 Quare
1335 4846 1684 4901 verisimilius
1707 4843 1846 4901 forte

275 4935 440 4996 fuerit
495 4939 582 4996 hic
608 4938 904 5009 signiﬁcari
939 4947 1104 4994 terra:
1136 4948 1339 4994 motum
1373 4941 1499 4994 anni
1544 4941 1702 5008 1222,
1741 4958 1847 5009 quo

278 5032 564 5100 Casarius,
593 5033 629 5089 l.
659 5048 717 5099 κ,
753 5049 803 5088 c.
838 5032 928 5101 47,
965 5032 1132 5088 refert
1186 5035 1238 5088 in
1275 5033 1452 5106 Cypro
1504 5035 1677 5090 insula
1710 5037 1847 5090 duas

277 5127 522 5184 civitates
550 5137 713 5184 terrae
744 5136 892 5181 motu
919 5126 1090 5182 fuisse
1121 5127 1433 5193 subversas,
1467 5137 1519 5184 et
1553 5129 1604 5181 in
1659 5145 1843 5182 earum

283 5219 451 5278 altera
481 5222 795 5295 episcopum
824 5220 1001 5276 sacris
1028 5220 1342 5291 operantem
1375 5233 1424 5276 et
1467 5224 1670 5276 circum
1705 5239 1844 5292 prae-

286 5326 487 5370 sentcm
522 5315 780 5386 pupulum
813 5317 994 5386 templi
1028 5316 1182 5372 ruina
1216 5316 1422 5385 pariter
1442 5316 1670 5372 obrutos
1720 5333 1845 5386 pir-

285 5405 432 5464 lisse.

351 5497 408 5556 P.
434 5502 560 5559 259.
600 5501 794 5559 Petrus
820 5499 1038 5567 Gillius,
1074 5502 1112 5558 l.
1149 5517 1187 5558 lt
1223 5501 1298 5556 De
1330 5505 1675 5574 topographia
1702 5503 1846 5558 urbis

285 5587 788 5666 Constantinopolis,
820 5611 873 5652 c.
903 5594 960 5662 6,
1015 5597 1289 5652 existimat
1317 5597 1549 5651 Pharum
1581 5597 1746 5652 fuisse
1775 5600 1844 5652 si-

291 5691 390 5740 tam
419 5688 470 5744 in
503 5689 876 5760 promontorio
905 5686 1068 5744 Ceras
1093 5688 1258 5745 dicto.
1293 5688 1369 5743 De
1405 5687 1506 5743 hac
1550 5689 1726 5743 Pharo
1759 5689 1844 5745 hic

291 5781 370 5851 Isi
415 5786 710 5843 verisimile
757 5785 994 5840 videtur.
1031 5784 1185 5840 Unde
1228 5783 1553 5840 crediderim
1585 5786 1846 5841 aberrare

289 5869 353 5928 ιδ
381 5879 614 5937 auctoris
640 5879 911 5936 sententia
941 5877 1305 5934 breviatorem
1341 5876 1680 5948 Vaticanum,
1715 5881 1841 5934 dum

1950 4657 2052 4712 tris
2079 4658 2132 4712 in
2165 4658 2360 4714 litteris
2396 4660 2632 4727 Sullani,
2667 4677 2732 4715 ne
2757 4663 2970 4715 dubites
3005 4661 3106 4715 hoc
3158 4660 3394 4716 libenter
3438 4661 3522 4716 fa-

1948 4767 2095 4818 cere,
2131 4753 2562 4808 consideratione
2607 4754 2920 4821 scrupulum
2962 4753 3201 4809 vincens.

2020 4846 2080 4898 Ρ.
2112 4846 2237 4899 950.
2275 4846 2405 4912 Quae
2434 4863 2550 4900 cum
2583 4850 2656 4900 ita
2698 4849 2824 4912 sint,
2859 4850 2975 4904 acri
3007 4864 3138 4916 opus
3172 4865 3282 4905 esse
3323 4849 3519 4905 delibb

1949 4941 2174 5001 ratione.
2228 4951 2332 4994 etc.
2384 4939 2477 4998 llis
2535 4942 2718 4996 verbis
2753 4942 3055 5013 explicatur
3105 4952 3272 4999 aestus
3329 4945 3522 5012 animi,

1951 5052 2060 5105 quo
2095 5035 2399 5104 patriarrha
2451 5047 2505 5089 ct
2534 5036 2832 5104 imperator
2865 5052 2929 5088 ex
2967 5039 3200 5105 repertis
3240 5035 3521 5094 Athanasii

1950 5130 2167 5199 scriptis
2199 5129 2347 5181 diras
2389 5131 2787 5184 intentarttibus
2823 5129 3201 5200 turbabantur,
3241 5145 3377 5184 vano
3407 5130 3526 5198 qni-

1949 5225 2067 5276 dcm
2108 5235 2275 5278 metu.
2306 5219 2440 5278 Nam
2480 5223 2607 5292 quid
2643 5239 2708 5282 ex
2743 5221 3026 5292 impotenti
3055 5223 3251 5295 privati
3278 5223 3390 5295 jam
3427 5224 3526 5278 ho-

1951 5314 2110 5368 minis
2169 5315 2447 5368 iracundia
2491 5317 2697 5371 chartis
2731 5317 3080 5372 clanculariis
3131 5317 3318 5372 timide
3351 5316 3523 5370 indita

1949 5406 2226 5462 formidari
2255 5408 2378 5478 jure
2410 5409 2657 5478 poterat?
2686 5408 2888 5462 Tamen
2917 5408 3003 5465 isti
3036 5410 3394 5473 schismatici,
3428 5410 3521 5479 qui

1947 5501 2219 5555 dirissima
2277 5501 2517 5554 omnium
2575 5502 2922 5556 anathemata
2975 5502 3116 5555 ultro
3153 5517 3428 5557 arcessere
3465 5507 3517 5556 in

1945 5608 2041 5649 sua
2077 5597 2317 5664 ipsorum
2349 5595 2525 5660 capita
2553 5609 2658 5648 non
2689 5593 3009 5649 dubitabant
3033 5596 3334 5651 ohedientia
3359 5594 3526 5651 Chri-

1946 5690 2010 5744 sti
2069 5691 2274 5743 vicario
2327 5689 2570 5760 neganda
2622 5699 2678 5744 et
2708 5688 3052 5745 dilaceranda
3100 5687 3366 5754 Ecclesia,
3395 5689 3525 5745 reli-

1945 5783 2081 5853 giosi
2119 5796 2289 5852 nsque
2313 5785 2376 5836 ad
2402 5781 2846 5851 superstitionem
2876 5796 3137 5852 apparere
3168 5780 3517 5850 ati'ectahant,

1948 5880 2056 5935 illic
2114 5877 2447 5949 trepidantes
2508 5878 2701 5932 timore
2741 5878 2830 5933 ubi
2900 5893 3005 5933 non
3068 5884 3186 5930 erat
3248 5873 3429 5941 timor,
3461 5887 3519 5930 ut
