4004 6234
527 291 633 356 815

1453 290 1518 355 P.
1558 288 1859 354 POSSINI
1899 287 2554 352 OBSERVATIONUM
2595 287 2742 352 LIB.
2784 289 2862 353 Il.

3692 296 3801 362 816

531 400 729 456 dicitur
784 397 934 457 Psal.
984 413 1106 465 xm,
1138 399 1188 454 id
1228 400 1368 468 quod
1423 400 1529 455 illis
1586 401 1781 456 mer-ito
1820 401 2116 470 exprobrat
2146 409 2189 461 Α
2223 401 2379 453 modo
2411 398 2655 457 Tertcris
2687 416 2811 454 cum
2841 399 3098 454 Romanis
3133 415 3358 457 numero
3383 404 3651 460 tredecim
3681 423 3807 461 tua-

535 495 755 562 quidam
785 495 1024 566 prudens
1075 495 1253 550 verbis
1283 495 1437 550 hisce
1495 495 1562 550 ad
1589 510 1741 550 oram
1776 496 1981 551 codicis
2011 493 2052 546 B
2082 511 2112 549 e

531 589 751 656 regione
789 589 892 646 loci
941 589 1102 659 hujus
1151 589 1478 660 adscriptis:
1516 591 1591 644 Ἠ
1626 589 1956 644 ἀπαιδευσία
2015 593 2110 645 καὶ

530 686 563 750 ὴ
597 686 840 752 eadem
873 686 940 738 τὸ.
1001 685 1228 755 μηδαμῆ
1285 685 1554 754 μηδαμῶς
1588 685 1799 754 φοϐερὰ
1835 683 2106 752 φοϐεῖται,

431 815 434 818 ~
528 782 598 836 τὰ
626 780 672 833 δ’
696 780 915 850 άληθῶς
943 778 1303 849 φοϐερώτερα
1359 778 1421 832 οὐ
1451 778 1693 832 δέδοικεν
1719 793 1734 807 ⁸
1791 775 1998 832 Inscita
2025 780 2111 831 in-

529 875 779 945 sulsaque
839 873 1089 936 stultitia,
1127 888 1244 940 qua:
1298 872 1451 925 nulla
1502 887 1723 941 prorsus
1751 870 1956 923 ratione
1999 886 2110 925 me-

529 969 727 1022 tuenda
763 975 908 1030 sunt,
941 966 1164 1029 metuit;
1220 980 1339 1034 qua:
1372 975 1549 1018 autem
1613 964 1764 1033 longe
1797 961 2114 1032 formidolo-

527 1059 743 1115 sissima
775 1057 960 1112 merito
983 1070 1317 1118 censeantur,
1343 1073 1527 1111 securo
1558 1065 1853 1124 contemptu
1874 1053 2109 1126 negligit.

529 1154 742 1221 Quibus
774 1151 967 1222 utique
990 1150 1117 1206 illud
1147 1149 1353 1205 Christi
1391 1148 1581 1204 Matth.
1613 1164 1774 1213 xxm,
1809 1148 1881 1202 24
1918 1163 2114 1204 conve-

530 1252 609 1304 nit
643 1267 658 1304 :
695 1247 864 1302 Duces
913 1245 1060 1310 cruci,
1115 1245 1417 1299 excolantcs
1452 1243 1692 1310 culicem,
1731 1242 1988 1297 camelum
2018 1259 2114 1296 au-

525 1354 628 1398 tem
655 1341 956 1412 gluticntes.
1158 1410 1160 1412 _

598 1436 660 1491 P.
717 1435 845 1490 251.
911 1432 1252 1503 Disquirebat
1309 1431 1473 1487 anxio
1542 1432 1846 1501 incertoque
1901 1430 2113 1485 consilii

526 1533 728 1586 animo.
766 1531 844 1584 Ad
876 1530 989 1584 haec
1011 1529 1100 1581 ille
1128 1527 1270 1582 idem
1303 1540 1498 1582 censor
1524 1525 1844 1596 marginalis
1869 1523 1954 1596 [P.
1983 1523 2113 1598 540]

527 1628 644 1681 haec
703 1632 927 1678 annotat
961 1640 976 1678 :
1013 1622 1127 1692 Οὐχ
1183 1619 1361 1684 οὕτως
1397 1618 1773 1689 Ἀλέξανδρος,
1820 1619 1959 1672 ἀλλὰ
2014 1619 2107 1672 τὸν

2215 491 2470 562 gnatibus
2502 494 2821 548 commutati
2857 494 3184 557 meminerit,
3216 511 3278 550 ac
3338 501 3806 566 permutationem

2217 588 2282 639 ab
2309 584 2810 654 Osphentisthlabo,
2844 589 2910 641 ad
2959 603 3120 656 quem
3176 586 3461 643 Eltimeres
3527 589 3808 648 Romanos

2216 677 2478 744 misisset,
2511 678 2708 735 factam
2742 681 2962 737 dixerit.
2991 680 3102 736 Nos
3129 681 3264 735 nihil
3293 684 3345 736 in
3375 679 3574 739 Gnaeo
3598 684 3813 758 Pal-hy-

2217 772 2384 826 meris
2433 783 2689 828 contextu
2758 774 3048 829 immutare
3105 779 3249 842 ausi,
3281 779 3618 833 sententiam
3682 779 3808 843 loci,

2217 876 2376 934 pl'Olli.
2424 865 2672 922 divinare
2716 871 3013 936 potuimus,
3048 871 3360 941 exprimere
3393 888 3591 928 sumus
3627 873 3813 928 conati

2215 974 2375 1026 quam
2408 959 2738 1016 clarissime.

2286 1049 2348 1106 P.
2374 1052 2502 1106 268.
2536 1051 2740 1108 Praeter
2769 1054 2911 1110 banc
2939 1055 3102 1111 filiam
3130 1058 3351 1113 notham
3381 1059 3736 1114 Andronicus
3762 1068 3816 1113 et

2215 1145 2379 1202 aliam
2424 1148 2615 1203 habuit
2647 1148 2905 1206 similiter
2936 1153 3294 1222 illegitimani,
3336 1153 3528 1208 lrenen
3563 1155 3808 1216 ιιοηιίιιυ,

2216 1239 2371 1308 cujus
2434 1243 2684 1297 meminit
2739 1241 3033 1314 Gregoras,
3078 1247 3114 1305 l.
3171 1265 3269 1314 vti,
3305 1263 3465 1318 quam
3514 1259 3574 1302 et
3621 1250 3810 1318 Ituptui

2215 1335 2410 1390 deinde
2472 1337 2731 1391 traditam
2798 1339 2873 1393 ait
2924 1339 3123 1396 Joanni
3177 1345 3300 1397 duci
3350 1340 3707 1412 Pelasgorum
3761 1353 3815 1396 vt

2216 1428 2608 1486 Thessalorum
2668 1433 2924 1504 principi.
2985 1435 3112 1491 Haec
3167 1438 3357 1491 eadem
3403 1453 3530 1494 esse
3603 1439 3810 1506 potuit,

2215 1537 2377 1591 quam
2435 1524 2675 1579 oblatam
2711 1527 2761 1581 in
2815 1543 3069 1597 sponsam
3123 1529 3322 1584 Cazani
3362 1544 3550 1586 noster
3581 1531 3812 1587 inferius

2216 1616 2443 1682 indicat,
2481 1619 2707 1688 nuptiis,
2739 1632 2896 1689 prout
2936 1633 3181 1692 apparet,
3224 1638 3332 1678 non
3365 1626 3596 1680 secutis.

526 1720 749 1791 Γορδίου
774 1717 974 1788 δεσμὸν
1009 1685 1235 1770 militet
1262 1714 1453 1768 ἔλυσεν
1474 1732 1488 1747 ο
1527 1685 1760 1768 Non'sic
1787 1712 2108 1782 Alexander,

2287 1708 2347 1764 P.
2380 1709 2507 1766 270.
2539 1685 3018 1769 Constantissitne
3031 1685 3338 1786 perstitisse
3366 1715 3604 1772 Veccnm
3641 1732 3813 1786 usque

525 1819 617 1874 sed
651 1816 842 1872 Gordii
885 1813 1082 1868 nodum
1120 1811 1294 1866 securi
1327 1810 1505 1866 solvit.

2215 1801 2281 1855 ad
2337 1805 2657 1856 extremum
2695 1804 2948 1874 spiritum
2987 1806 3038 1859 in
3065 1790 3234 1862 semel
3265 1806 3410 1862 edita
3463 1807 3812 1875 professione

601 1912 659 1966 P.
695 1908 822 1964 266.
849 1908 978 1974 Qua.-
1027 1913 1330 1975 sequuntur
1365 1905 1418 1959 in
1451 1914 1708 1958 contextu
1774 1900 1959 1958 Graeco
1993 1907 2117 1970 post
2217 1895 2349 1949 recti
2388 1897 2659 1966 dogmatis
2689 1897 2755 1952 de
2780 1899 3134 1967 processione
3167 1900 3404 1972 Spiritus
3432 1903 3613 1957 sancti
3646 1903 3809 1957 etiam

531 2007 647 2061 haec
685 2004 848 2056 verba
887 2019 900 2055 :
954 1998 1097 2053 Ἀλλ’
1150 1996 1297 2053 οὕτω
1349 1998 1451 2069 μὲν
1482 1994 2001 2064 Ὀσφεντίσθλαϐος,
2032 1993 2114 2048 sic

528 2102 689 2172 plane
723 2106 780 2154 ut
830 2097 917 2152 hie
951 2096 1203 2165 leguntur
1257 2094 1312 2148 in
1363 2102 1595 2162 utroque
1621 2091 1828 2160 Optimo
1857 2079 1978 2144 cod.
2019 2103 2115 2143 ex-

530 2209 754 2267 pressa.
813 2187 1178 2248 inextricabili
1243 2185 1602 2257 perplexitate
1671 2185 1894 2239 confusa
1964 2190 2112 2236 sunt.

529 2290 666 2345 Nam
700 2297 888 2342 noster
923 2293 1118 2339 natura
1158 2281 1502 2342 tenebrosus,
1533 2278 1752 2348 quoties
1781 2277 1945 2330 multa
1985 2291 2115 2346 pau-

530 2383 614 2439 cis
652 2381 832 2437 studet
864 2391 1079 2448 cogere,
1109 2372 1354 2430 densiori
1386 2389 1443 2428 se
1472 2373 1704 2443 caligine
1737 2371 1980 2425 involvit.
2010 2368 2116 2423 Va-

535 2479 751 2532 ticanus
796 2470 1124 2542 epitomator
1173 2467 1333 2538 paulo
1398 2465 1710 2521 distinctius
1741 2465 1884 2518 hunc
1936 2463 2112 2517 locum

531 2567 788 2638 explicat.
848 2564 978 2635 Ejus
1029 2562 1149 2617 lucc
1205 2559 1370 2614 verba
1405 2565 1581 2614 sunt:
1621 2551 1750 2626 Εἶχε
1807 2557 1905 2625 μὲν
1939 2550 2033 2610 οὖν
2088 2559 2117 2610 ὁ

533 2661 791 2733 βασιλεὺς
820 2659 912 2712 τὸν
943 2655 1226 2727 Τερτερῆν
1262 2652 1405 2725 μετὰ
1446 2650 1658 2705 πολλῶν
1694 2649 1975 2719 ἀρχόντων
2013 2649 2114 2703 αὑ-

530 2756 626 2810 τοῦ
657 2754 749 2808 καὶ
784 2749 1185 2806 Ῥαδὸσολαὸον
1231 2743 1720 2817 σεϐαστοκράτορα
1761 2743 2112 2813 Βουλγάρων,

531 2848 736 2920 εὐγενῆ
795 2847 906 2900 τῶν
958 2845 1079 2898 ἐκεῖ
1102 2846 1117 2874 ⁵
1153 2840 1383 2911 ἁδελφὸς
1409 2840 1521 2911 γὰρ
1562 2831 1631 2910 ἦν
1656 2835 1749 2890 τοῦ
1789 2835 2029 2901 Μίλτζου
2058 2837 2117 2901 ὃς

529 2945 854 3000 ἐϐασίλευσε
893 2939 1225 3008 Βουλγάρων
1283 2933 1542 3005 βουλήσει
1582 2932 1740 3001 Nora
1773 2932 2116 2995 ἀποστάντος

529 3040 630 3094 τοῦ
680 3033 927 3108 Τερτερῆ
953 3050 968 3066 ο
1008 3026 1258 3094 ἐλθόντος
1303 3029 1361 3084 δι
1393 3026 1489 3082 τοῦ
1536 3026 1754 3092 Τζακᾶ,
1784 3025 1883 3095 τῆς
1938 3022 2117 3096 ἀρχῆς

531 3130 824 3200 ἐξέσληται
857 3129 884 3180 ὁ
916 3123 1178 3187 Μίλτζος.
1227 3121 1434 3175 Τοῦτον
1467 3117 1562 3173 οὖν
1597 3118 1690 3172 τὸν
1727 3115 2120 3173 Ῥαδόσθλαὸον

531 3224 647 3296 εἶχε
679 3223 777 3294 μὲν
817 3216 912 3275 οὖν
946 3221 974 3273 ὁ
1006 3215 1268 3289 βασιλεὺς
1302 3214 1430 3284 περὶ
1463 3213 1655 3284 τιμῆς,
1686 3212 1784 3267 καὶ
1812 3211 1871 3264 τὸ
1899 3211 1995 3265 τοῦ
2029 3228 2120 3263 σε·

530 3315 977 3386 ϐαστοκράτορος
1001 3310 1218 3378 ἀξίωμα
1248 3306 1482 3379 βεϐαιοῖ.
1509 3304 1940 3360 Ἀποστέλλεται
1971 3301 2067 3358 οὖν
2092 3305 2121 3357 ὁ

541 3405 944 3466 Ῥαδόσθλαϐος
967 3405 1075 3457 ἀπὸ
1104 3400 1517 3469 Θεσσαλονίκης
1549 3399 1703 3470 παρὰ
1725 3396 1820 3452 τοῦ
1851 3395 2121 3469 βασιλέως

534 3503 677 3576 μετὰ
712 3498 1063 3572 μεγιστάνων
1103 3495 1394 3564 Ῥωμαίων
1454 3493 1553 3547 καὶ
1600 3491 1795 3562 ἱκανῆς
1832 3489 2119 3560 δυνάμεως

530 3593 674 3648 κατά
704 3592 796 3646 τοῦ
843 3585 1170 3657 Ὲλτιμηρῆ,
1202 3584 1261 3647 ὃς
1306 3581 1376 3658 ἦν
1432 3582 1665 3652 ἀδελφὸς
1718 3581 1814 3636 τοῦ
1847 3582 2117 3655 Τερτερῆ.

532 3688 681 3758 Nnc;
727 3684 858 3754 γοῦν
917 3685 946 3736 ὁ
988 3679 1326 3752 Ἐλτιμηρῆς
1377 3679 1472 3733 τὸν
1543 3677 1964 3742 Ῥαδόσθλαῦον,
2022 3677 2118 3731 καὶ

529 3782 817 3860 κρατήσας
835 3763 998 3831 αὖτδν
1022 3779 1116 3830 καὶ
1141 3773 1502 3844 ὲκτυφλώσας
1527 3772 1692 3845 754
1717 3772 1926 3827 στέλλει
1964 3772 2117 3844 παρὰ

531 3875 758 3948 βασιλέα
791 3871 930 3943 πρὸς
961 3870 1059 3944 τὴν
1093 3871 1305 3924 οἰκείαν
1355 3869 1522 3922 αὑτοῦ
1584 3867 1854 3936 σύζυγονο
1891 3867 2019 3931 τοὺς
2059 3867 2116 3921 δὲ

533 3967 876 4039 μεγιστᾶνας
933 3963 1040 4016 τῶν
1085 3961 1381 4031 Ῥωμαίων
1441 3961 1688 4032 ἐκράτει,
1748 3961 1943 4032 μέχρις
1991 3960 2058 4013 ἂν
2088 3962 2116 4012 ὁ

533 4055 794 4127 βασιλεὺς
847 4051 938 4104 τὸν
970 4049 1254 4123 Τερτερῆν
1284 4052 1382 4103 καὶ
1440 4053 1570 4113 τοὺς
1612 4050 1889 4122 ἄρχοντας
1945 4049 2113 4105 αὐτοῦ

527 4149 654 4210 δοὺς
676 4143 1045 4199 άνταλλάττει
1075 4141 1325 4206 τούτους.
1364 4139 1487 4198 Haec
1519 4140 1812 4198 Vaticanus
1842 4143 2116 4198 breviatur

531 4238 910 4312 Pachymeris,
973 4238 1063 4306 qui
1122 4252 1224 4291 non
1263 4237 1509 4292 meminit
1558 4247 1872 4292 memorata:
1902 4241 2113 4295 auctori

527 4332 856 4394 δεσποτείας
881 4329 1189 4401 Ἐλτιμηρῆ
1239 4330 1383 4383 κατὰ
1411 4329 1502 4384 τὸν
1533 4328 1800 4400 Κροῦνον.
1827 4330 1898 4383 Ea
1933 4347 2034 4386 vox
2082 4349 2112 4388 α

2144 3065 2188 3122 C

2214 2005 2280 2046 ex
2325 1988 2486 2059 Filio,
2537 2001 2592 2043 et
2648 1991 3005 2060 subjectionis
3057 1993 3262 2050 Christi
3317 1996 3524 2051 vicario
3561 1996 3810 2051 Romano

2217 2085 2462 2154 pontiﬁci
2492 2087 2708 2151 debitae,
2754 2099 2953 2156 pmter
2982 2105 3143 2159 quam
3197 2089 3333 2146 satis
3369 2091 3586 2145 indicat
3618 2100 3810 2146 noster

2219 2180 2514 2235 historians
2545 2190 2600 2237 et
2626 2181 2718 2236 hic
2753 2191 2806 2237 et
2836 2183 3052 2251 quoties
3073 2184 3150 2253 de
3200 2183 3292 2238 illo
3326 2184 3461 2254 agit,
3519 2183 3810 2239 manifeste

2219 2269 2420 2325 evincit
2451 2270 2567 2340 ejus
2599 2279 2991 2326 testamentum
3027 2270 3262 2327 instante
3294 2284 3471 2328 morte
3496 2275 3552 2329 in
3583 2287 3810 2328 carcere

2221 2372 2298 2417 tot
2326 2364 2484 2417 annis
2509 2379 2607 2432 pro
2642 2364 2900 2435 religione
2928 2379 2958 2419 a
2989 2366 3362 2423 schismaticis
3393 2367 3636 2422 tolerato
3682 2381 3808 2422 cou-

2220 2459 2413 2512 ditum.
2447 2456 2775 2530 Sequebatur
2803 2462 3108 2516 testamenti
3139 2470 3312 2516 textus
3341 2479 3494 2532 quem
3529 2462 3621 2517 hic
3655 2462 3811 2516 omit-

2219 2552 2376 2606 timus
2401 2570 2516 2606 cum
2540 2553 2646 2618 iam
2671 2564 2835 2608 exstet
2867 2554 3006 2608 inter
3023 2552 3172 2608 Vacci
3202 2571 3359 2621 opera
3385 2556 3438 2610 in
3471 2564 3619 2610 tanta
3648 2553 3806 2611 CXL.

2291 2644 2659 2717 755-757
2694 2646 2953 2716 chuiret
2990 2647 3136 2704 forte
3161 2649 3359 2718 aliquis
3384 2651 3436 2703 in
3469 2658 3804 2704 testamento

2224 2739 2382 2794 Vecci
2413 2739 2817 2809 professionem
2849 2743 3210 2812 subjectionis
3237 2747 3305 2798 ad
3331 2742 3648 2798 Romanum
3677 2759 3807 2812 pon-

2220 2833 2444 2889 tilicem.
2480 2831 2679 2889 Verum
2724 2850 2787 2888 ea
2827 2835 2982 2902 satis,
3015 2836 3066 2889 ni
3099 2837 3281 2904 fallor,
3309 2837 3562 2892 innititur
3594 2838 3649 2891 in
3681 2837 3804 2891 sub-

2217 2925 2534 2997 scriptione,
2567 2929 2656 2983 ubi
2717 2945 2816 2998 pro
2873 2928 3483 3000 Constantinopolitano
3527 2932 3802 3000 archiepi-

2218 3035 2385 3094 scopo
2426 3039 2487 3078 se
2522 3024 2701 3079 adhuc
2762 3022 2945 3081 ferens
3001 3025 3230 3094 Veccus,
3273 3029 3416 3097 quod
3449 3043 3609 3082 suam
3639 3029 3802 3096 depo-

2221 3116 2475 3173 sitionetn
2510 3117 2700 3173 merito
2729 3119 2937 3173 irritam
2965 3122 3326 3184 existimaret,
3349 3121 3595 3177 abstinet
3623 3132 3794 3176 tamen

2221 3228 2250 3268 a
2282 3210 2436 3267 titulo
2465 3213 2754 3268 ambitiose
2777 3223 3041 3285 usurpato
3067 3215 3135 3272 ab
3163 3215 3279 3283 ejus
3293 3217 3437 3273 sedis
3465 3217 3800 3272 antistitibus

2219 3307 2606 3373 schistnaticis,
2635 3309 2960 3364 tecumenici
2994 3313 3341 3381 patriarchze.

2292 3400 2354 3456 P.
2377 3401 2508 3457 279.
2533 3401 2625 3456 llla
2653 3402 2740 3458 hic
2773 3414 3077 3462 memorata
3108 3406 3450 3462 consuetudo
3475 3417 3635 3463 vetus
3659 3419 3800 3462 com-

2222 3495 2676 3552 memorationem
2737 3497 3117 3553 defunctorum
3174 3501 3344 3554 multa
3378 3501 3563 3556 lacum
3615 3513 3801 3556 arcano

2219 3589 2376 3643 sione
2408 3589 2718 3644 celebrandi
2753 3605 2856 3644 non
2890 3591 2957 3645 ad
2988 3591 3151 3662 paulo
3175 3603 3304 3647 ante
3329 3591 3534 3648 factam
3559 3591 3797 3664 Ληναιῶ-

2219 3700 2310 3746 νος
2339 3683 2697 3754 ἐνεστηκότος
2723 3685 2953 3740 ineuntis
2985 3683 3268 3740 Februarii
3297 3686 3632 3742 mentionem
3666 3684 3796 3740 refe-

2219 3777 2385 3832 renda
2417 3785 2522 3840 est,
2557 3776 2712 3845 quasi
2741 3776 2861 3845 ejus
2891 3777 3234 3846 potissimum
3289 3779 3495 3834 mensis
3528 3779 3686 3834 initio
3731 3791 3793 3831 rx

2220 3870 2386 3942 758
2418 3886 2567 3926 more
2619 3873 2842 3942 autiqno
2881 3873 2924 3927 is
2965 3873 3104 3927 ritus
3157 3873 3571 3941 observaretur,
3599 3875 3688 3929 sed
3726 3874 3788 3925 ad

2217 3965 2612 4019 iudicationem
2689 3965 3082 4036 praecedentem
3169 3982 3407 4037 vesperae
3468 3966 3790 4025 Pal-ascevts

2216 4059 2330 4112 sive
2358 4068 2525 4112 sexta:
2557 4058 2727 4123 ferire,
2759 4059 2980 4129 quando
3009 4060 3118 4131 jam
3146 4077 3244 4115 usu
3268 4061 3644 4118 ecclesiastico
3673 4062 3793 4115 sab-

2222 4151 2405 4204 batum
2442 4151 2838 4219 postridianum
2878 4151 3126 4207 inchoari
3150 4155 3498 4220 censebatur,
3527 4156 3786 4226 siquidem

2217 4244 2430 4300 cunctis
2465 4245 2924 4300 hebdomadarum
2970 4247 3212 4302 omnium
3267 4247 3521 4304 Sabbatis
3557 4249 3786 4304 Ecclesia

2218 4339 2404 4394 Gra'ca
2438 4349 2774 4393 mortuorum
2813 4341 3130 4394 memoriam
3167 4342 3461 4397 recolebat.
3494 4343 3612 4400 Hoc
3640 4345 3788 4399 docet

527 4424 871 4495 Pacltytnere
910 4424 992 4477 bis
1025 4423 1198 4492 posita
1233 4422 1286 4475 in
1325 4421 1498 4476 altero
1546 4422 1664 4477 loco
1692 4421 1946 4496 Κροῦρον
1974 4425 2112 4480 scri-
2143 4446 2187 4501 ι)
2218 4449 2318 4488 nos
2351 4433 2668 4487 Gennadius
2719 4436 3034 4504 patriarcha
3081 4435 3218 4491 libro
3263 4437 3330 4492 de
3360 4435 3682 4506 Purgatorio
3709 4434 3784 4490 sic

511 4521 696 4574 ‘bitur.
745 4516 854 4574 Nos
906 4517 1196 4586 utrobique
1245 4514 1494 4586 Κροῦνον
1547 4516 1907 4585 scripsimus,
1967 4523 2109 4589 quod

529 4613 695 4670 Cruni
729 4612 832 4668 loci
863 4610 1190 4665 mentionem
1238 4612 1377 4680 apud
1415 4611 1747 4681 geograpbos
1781 4612 2108 4682 reperimus,

528 4723 636 4762 non
675 4717 853 4761 autem
911 4703 1068 4760 Cruri
1128 4704 1403 4774 Κρούρου.
1470 4703 1738 4760 Praeterea
1786 4707 2112 4777 epitomator

528 4801 731 4853 omittit
759 4797 1071 4853 Eltimerem
1109 4796 1278 4851 fuisse
1315 4796 1536 4851 fratrem
1574 4813 1679 4852 non
1713 4797 1886 4852 solum
1919 4798 2111 4853 Terto-

527 4897 626 4955 ris.
658 4895 753 4947 sed
781 4899 834 4947 et
865 4890 1109 4961 conjugis
1143 4889 1375 4952 Smihzi,
1414 4906 1524 4944 rem
1559 4893 1758 4946 diserte
1792 4906 2106 4962 expressam

527 5002 557 5040 a
614 4985 970 5057 Pacbymere.
1032 4984 1235 5039 Deinde
1285 4995 1473 5038 contra
1515 4984 1676 5056 hujus
1730 4987 2107 5040 auctoritatem

527 5079 763 5134 affirmat
790 5079 1004 5133 venisse
1055 5079 1107 5132 in
1139 5087 1466 5148 potestatem
1516 5078 1863 5149 imperatoris
1895 5077 2108 5133 llbado-

528 5173 799 5226 sthlabum
841 5187 945 5225 una
994 5187 1123 5226 cum
1175 5167 1446 5226 Tertere:
1497 5172 1584 5225 hic
1615 5171 1758 5226 enim
1792 5173 1865 5225 ait
1917 5182 2108 5241 sponte

527 5269 675 5323 illum
710 5265 775 5320 ad
809 5266 1194 5334 imperatorem
1228 5266 1632 5336 transfugisse:
1661 5265 1690 5316 ὁ
1735 5267 1843 5338 γὰρ
1871 5268 2110 5337 Βουλγά-

534 5381 642 5436 ρων
676 5360 1144 5433 σεδαστοκράτωρ
1183 5359 1578 5425 Ῥαδόσθλασος
1607 5360 1820 5431 βασιλεί
1852 5380 2110 5434 προσχωο

532 5460 729 5528 ρὴσας.
767 5453 971 5508 Deinde
1009 5453 1202 5508 asserit
1230 5455 1556 5523 epitomator
1587 5456 1655 5510 ab
1678 5453 1936 5511 Eltimere
1961 5471 2108 5511 com-

530 5557 772 5606 mutatus
804 5561 1060 5617 proceres
1099 5547 1371 5603 Romanos
1415 5563 1538 5604 cum
1599 5549 1824 5605 'l‘ertere
1883 5560 1939 5606 et
1985 5553 2106 5622 ejus

528 5640 848 5713 proceribus
873 5639 940 5694 ab
963 5640 1296 5709 imperatore
1327 5640 1583 5708 detentis,
1609 5658 1733 5697 cum
1770 5653 1960 5699 auctor
1991 5646 2110 5699 nul-

528 5735 636 5788 Iam
670 5734 996 5788 mentionem
1029 5734 1193 5789 faciat
1237 5731 1593 5802 Bulgarorum
1624 5750 1912 5806 procerum
1945 5737 2105 5793 simul

528 5830 634 5886 ista
667 5829 1070 5900 permutatione
1113 5826 1487 5895 liberaturum,
1526 5831 1619 5887 sed
1672 5832 1829 5886 unius
1871 5840 2104 5887 tanturn-

2215 4526 2496 4580 srribens:
2544 4527 2754 4597 Ἀκμὴν
2783 4529 3036 4582 ἀσύνετοί
3066 4531 3210 4593 ὲστε,
3245 4531 3336 4584 καὶ
3363 4532 3464 4585 οὐκ
3485 4531 3684 4601 ἔγνωτε
3709 4531 3784 4584 ὅτι

2213 4621 2247 4690 ὴ
2276 4620 2369 4673 τοῦ
2407 4621 2646 4690 Χριστοῦ
2689 4623 2989 4692 Ἐκκλησία
3017 4622 3236 4694 εὔχεται
3258 4625 3347 4679 ἀεὶ
3374 4627 3512 4697 ὑπὲρ
3535 4641 3784 4695 κεκοιμη-

2217 4711 2412 4779 μένων,
2473 4713 2740 4766 καὶκατὰ
2775 4716 2884 4767 πᾶν
2946 4714 3225 4769 Σάϐσατον
3279 4717 3456 4787 μόνως
3504 4722 3634 4791 περὶ
3685 4717 3782 4772 τῶν

2212 4802 2401 4872 ψυχῶν
2458 4804 2650 4875 μνείαν
2705 4809 2963 4875 ποιεῖται,
3024 4810 3120 4862 καὶ
3167 4809 3434 4883 Σαϐϐάτῳ
3477 4813 3556 4868 ἔτι
3589 4815 3666 4876 δὶς
3693 4809 3778 4864 τοῦ

2213 4895 2461 4950 ἐνιαυτοῦ
2481 4898 2603 4966 ἄγει
2625 4899 2939 4971 πανήγυριν
2960 4918 3026 4954 πε
3036 4902 3089 4972 pl.
3127 4903 3350 4973 μνήμης
3367 4906 3557 4975 ψυχῶν
3579 4906 3774 4977 μνείαν,

2216 4991 2274 5040 ἐν
2308 4988 2384 5057 τῷ
2416 4990 2521 5060 πρὸ
2553 4990 2648 5057 τῆς
2690 4991 2979 5061 Ἀπόκρεὼ
3011 5011 3156 5062 φημι
3195 4995 3291 5048 καὶ
3325 4995 3401 5065 τῷ
3439 4998 3548 5067 πρὸ
3591 4999 3776 5062 Πεντη·

2211 5082 2440 5151 κοστῆς.
2473 5080 2538 5154 [P
2559 5083 2818 5155 541-544]
2842 5086 3027 5140 Adhuc
3043 5098 3193 5141 etuas
3213 5092 3326 5143 sine
3353 5091 3616 5145 intellectu
3640 5094 3770 5151 estis.

2209 5185 2256 5228 et
2290 5190 2388 5228 non
2407 5177 2718 5244 cognovisti:
2746 5176 2940 5232 Christi
2973 5176 3264 5236 Ecclesium
3285 5198 3442 5238 orare
3468 5203 3666 5250 seraper
3690 5199 3773 5253 pro

2211 5266 2277 5320 iis
2324 5269 2413 5338 qui
2465 5271 2819 5337 dormierunt,
2851 5281 2900 5325 et
2931 5289 3025 5341 per
3054 5290 3208 5329 omne
3265 5276 3541 5330 sabbatum
3595 5291 3769 5332 mento-

2212 5364 2345 5417 riam
2375 5365 2548 5436 facere
2579 5368 2788 5422 solitam
2846 5371 3172 5429 animarum.
3223 5371 3590 5448 Pra'lercaqtte
3619 5378 3688 5430 bis
3721 5377 3767 5430 in

2212 5475 2350 5512 anno
2386 5463 2691 5530 panegyrins
2725 5463 2989 5519 celebrare
3019 5469 3542 5525 commemorationis
3578 5472 3766 5527 anima-

2211 5570 2351 5620 rum,
2384 5554 2632 5608 nimirum
2673 5554 2903 5610 Sabbalo
2930 5561 3255 5626 praecedente
3287 5561 3620 5620 Dominicam
3652 5563 3766 5620 Car-

2211 5644 2447 5712 nisprisii
2495 5656 2545 5700 et
2576 5647 2795 5702 sabbato
2844 5660 2964 5705 ante
3024 5649 3382 5709 Pentecosten.
3417 5655 3540 5711 llmc
3571 5657 3763 5714 Genus-

2212 5739 2353 5793 dius.
2385 5740 2570 5800 Annus
2607 5756 2715 5810 quo
2742 5743 2970 5816 contigit
3018 5746 3122 5802 hoc
3155 5747 3270 5803 loco
3302 5762 3519 5804 narrata
3569 5749 3760 5806 Andro-

2210 5836 2318 5890 nici
2381 5833 2820 5894 Thessalonicam
2855 5839 3145 5912 profectio,
3179 5850 3234 5897 ut
3283 5844 3425 5900 infra
3467 5844 3504 5899 l.
3535 5860 3620 5914 ιιι,
3647 5861 3688 5900 c.
3714 5839 3756 5906 7!
