4012 6236
270 287 363 352 817

1712 293 1984 363 ’ΝΟΤ.¹Ε.

3370 278 3377 287 ’
3420 292 3528 359 818

264 400 558 469 ostendam,
593 402 696 459 fuit
721 388 921 462 Christi
955 407 1116 465 i299.
1141 406 1244 476 Qui
1271 424 1450 465 annus
1478 424 1600 464 cum
1634 425 1824 465 nume-
1857 428 1907 490 Α
1934 410 2190 483 βασιλεὺς
2212 410 2383 478 ἔξεισι
2403 427 2417 443 ο
2447 410 2593 466 Tunc
2622 411 2787 483 igitur
2805 419 3031 482 paratus
3054 410 3345 477 imperator
3371 413 3527 470 exiit.

261 495 455 549 raverit
489 496 694 566 cyclum
725 498 859 555 solis
898 501 990 565 20,
1016 503 1101 558 cui
1145 504 1410 572 competit
1442 501 1627 559 littera
1668 501 1827 571 inde:

263 588 543 643 llominica:
601 589 665 655 D,
714 590 1035 664 intelligitur
1099 595 1188 650 hic
1243 605 1603 651 memoratam
1640 594 1834 651 feriam

256 691 459 736 sextam
491 680 713 738 ineunte
736 682 1041 742 Februario
1060 686 1112 743 in
1130 698 1346 744 sextum
1375 687 1661 745 Februarii
1691 690 1833 746 diem

256 780 533 839 incidisse.
584 782 712 839 Fuit
767 799 902 854 ergo
958 785 1084 842 talis
1136 787 1245 844 diei
1299 802 1529 860 vespera
1577 788 1834 844 inchoata

256 876 705 933 commemoratio
752 878 1136 934 defunctorum
1190 894 1338 935 mere
1385 876 1833 946 hebdomadaria,

254 981 357 1021 non
392 977 573 1023 autem
606 984 710 1024 una
744 986 811 1025 ex
839 971 1187 1028 solemnibus
1217 982 1561 1029 mortuorum
1595 990 1837 1048 panegy-

256 1061 422 1123 ribus,
453 1076 575 1132 qua}.
612 1063 718 1129 bis,
746 1072 893 1143 utea
931 1063 1218 1122 Gennadio
1246 1065 1576 1133 audivimus,
1606 1068 1659 1122 in
1692 1081 1837 1123 anno

253 1158 575 1211 caeremonia
638 1157 981 1228 exquisitiori
1016 1159 1394 1228 celebrantur,
1424 1161 1668 1216 Sabbato
1692 1158 1838 1234 pra?

255 1234 475 1305 cedente
513 1250 847 1308 Dominicam
911 1253 1201 1325 'Arzdxpeto
1230 1257 1367 1318 sive,
1401 1265 1459 1309 ut
1509 1270 1631 1309 cum
1677 1256 1836 1326 vulgo

254 1346 464 1423 loquar,
498 1345 851 1415 Corniapririi
880 1346 1215 1415 Grecorum,
1246 1364 1367 1415 qua:
1398 1347 1660 1404 coincidit
1686 1360 1833 1402 'cum

254 1448 438 1494 nostra
471 1437 755 1496 Dominica
783 1440 1176 1514 Sexagesima.
1199 1452 1253 1497 et
1285 1441 1527 1497 Sabbato
1550 1451 1677 1499 ante
1698 1439 1835 1497 Pen-

258 1541 522 1588 tecostou.
569 1532 706 1587 Nam
764 1534 831 1590 de
887 1534 1126 1590 Subliatn
1183 1536 1402 1604 quidem
1457 1534 1837 1601 Pentecostes,

256 1627 385 1681 satis
412 1637 563 1697 patet
591 1643 755 1698 quam
790 1644 818 1681 a
875 1646 1057 1685 mense
1089 1629 1389 1685 Februario
1440 1641 1707 1685 remotum
1741 1631 1833 1686 sit.

1939 499 2161 569 ltaille,
2192 504 2455 562 translata
2508 505 2577 560 ad
2636 516 2959 576 apparatum
3018 504 3370 575 profectionis
3421 505 3531 562 diei

1941 611 2272 668 paraaceves
2311 598 2670 670 expressione
2701 615 2716 665 ;
2748 613 2856 667 quo
2896 605 2951 653 et
2982 598 3133 655 valde
3153 597 3533 669 superﬁciarie

1940 689 2260 746 defunctum
2287 691 2435 747 hunc
2452 691 2870 765 epitomatorem
2895 700 3141 762 apparet,
3163 702 3220 746 et
3243 706 3349 747 non
3375 691 3533 747 valde

1939 781 2111 839 fuisse
2140 784 2376 856 peritum
2409 786 2613 841 rituum
2646 782 2963 839 Graecorum
2995 784 3234 856 suspicio
3258 796 3531 844 movetur.

1940 877 2057 933 Non
2094 876 2275 933 fuisse
2311 877 2445 933 mihi
2506 887 2689 934 tamen
2749 876 2901 935 ilium
2962 879 3363 945 inutilem,hic
3416 880 3536 950 ipse

1939 980 2096 1040 grate
2125 972 2413 1042 prolltendi
2449 960 2605 1028 locus
2634 980 2736 1028 est.
2765 973 2899 1027 Nam
2935 974 3183 1045 quaedam
3219 974 3272 1029 in
3305 974 3411 1032 hoc
3440 988 3534 1032 ca-

1941 1064 2070 1132 pite,
2108 1073 2273 1133 prout
2302 1064 2629 1120 describitur
2661 1065 2714 1119 in
2743 1063 3026 1121 codicibus
3057 1065 3270 1121 duobus
3291 1066 3533 1136 alioquin

1939 1155 2184 1226 optimis,
2236 1156 2499 1213 dimiuute
2548 1168 2642 1212 aut
2688 1157 3094 1215 confusiuscule
3140 1159 3315 1228 posita
3347 1174 3536 1218 exser-

1941 1244 2047 1298 tius
2069 1242 2367 1302 Vaticanus
2394 1248 2788 1318 paraphrastes
2823 1258 2879 1304 et
2920 1249 3325 1318 intelligibilius
3366 1265 3537 1319 expo-

1942 1335 2037 1390 nit.
2068 1336 2249 1404 Quare
2279 1338 2525 1393 nonnihil
2557 1355 2622 1395 ex
2642 1338 2730 1393 illo
2750 1339 3117 1410 interpretans
3139 1342 3370 1410 adscivi;
3392 1346 3535 1413 quod

1938 1428 2100 1497 quale
2126 1429 2218 1495 sit,
2242 1444 2330 1495 ne,
2354 1430 2443 1486 cui
2474 1429 2615 1487 forte
2638 1431 2689 1486 id
2719 1448 2866 1488 cura:
2889 1433 3072 1500 fuerit,
3110 1434 3345 1506 ignoret,
3374 1437 3535 1490 verba

1938 1522 2057 1589 ejus
2075 1521 2161 1577 hic
2185 1523 2478 1579 ascribam.
2502 1522 2652 1581 Loco
2676 1526 2840 1594 igitur
2869 1540 3059 1582 eorum
3083 1542 3207 1599 quae
3232 1540 3539 1599 sequuntur

1941 1614 1991 1669 in
2020 1626 2209 1673 nostro
2237 1628 2497 1673 contextu
2522 1618 2715 1675 Grzeco
2736 1621 2969 1691 postilla
2997 1622 3159 1677 verba
3192 1621 3445 1694 Ἰωάννης
3475 1625 3535 1678 δέ

254 1720 551 1775 Sabbatum
583 1734 764 1776 autem
797 1721 1093 1779 Dominica!
1121 1722 1479 1793 Carnisprivii
1518 1724 1834 1780 Graecorum

1950 1728 2113 1783 usque
2146 1714 2213 1767 ad
2241 1712 2404 1769 ﬁnem
2433 1717 2655 1786 capitis,
2678 1716 2980 1773 Vaticanus
3006 1718 3068 1792 [P
3090 1718 3361 1793 5i5]luec
3381 1725 3537 1805 exhi-

254 1815 365 1868 sive
420 1813 813 1885 Sexagesima,
855 1816 947 1871 illo
987 1832 1132 1872 anno
1168 1816 1375 1873 Pascha
1411 1818 1478 1873 l9
1504 1819 1707 1889 Aprilis
1737 1818 1840 1872 ha-

1950 1808 2059 1861 bet:
2085 1806 2145 1859 '0
2168 1806 2224 1860 δὲ
2241 1808 2589 1880 πατριάρχης
2608 1810 2779 1883 ἔμαθε
2803 1814 2870 1866 τὰ
2891 1812 3258 1885 βουλευόμενα
3280 1814 3437 1885 πσερᾶ
3450 1800 3540 1868 σε·

256 1910 431 1970 beute,
455 1908 559 1963 luit
588 1909 702 1963 dies
735 1909 800 1963 2|
840 1908 1143 1975 Februarii,
1164 1924 1285 1979 quae
1311 1908 1376 1963 ad
1402 1909 1697 1980 Ληναιῶνα
1720 1910 1837 1964 tv:-

1950 1916 2052 1963 νος.
2082 1900 2290 1967 Ἕξεισι
2311 1903 2443 1972 γοῦν
2458 1903 2537 1974 τῷ
2556 1904 2773 1975 βασιλεῖ
2791 1908 3186 1976 συνταξάμενος
3208 1917 3299 1981 καὶ
3318 1909 3389 1964 τὰ
3410 1910 3537 1980 περὶ
3607 1919 3609 1922 ‘

256 2001 490 2072 στηίιότα
523 2002 790 2058 ineuntem
824 2000 1183 2057 Februarium
1213 2003 1361 2059 nullo
1390 2012 1549 2075 pacto
1576 2004 1838 2074 pertinet.

1950 1992 2148 2047 ratith
2174 1996 2415 2068 κινήσων
2439 1998 2787 2070 βουλόμενος.
2816 2001 2995 2055 Πολλὰ
3025 2003 3144 2076 γὰρ
3164 2000 3233 2077 ἦν
3262 2003 3330 2077 τὰ
3362 2020 3539 2074 προσ-

254 2093 449 2150 Notum
476 2096 681 2167 quippe
707 2098 844 2153 satis
872 2097 1062 2153 decem
1096 2105 1310 2152 tantum
1346 2097 1553 2167 primos
1577 2095 1841 2165 cujusque

1950 2084 2218 2157 ιστάμενα
2236 2088 2319 2161 Δ«ςῷ
2345 2090 2784 2164 συναλλάγματι,
2813 2095 3033 2165 πρῶτον
3056 2096 3116 2150 τὸ
3142 2096 3413 2163 ἀπολῦσαι
3438 2097 3539 2170 τὴν

257 2192 459 2246 mensis
485 2192 608 2247 dies
640 2192 745 2247 ista
776 2192 949 2264 μηνὸς
982 2191 1338 2265 ἐνεστηκότος
1371 2191 1566 2246 mensis
1604 2191 1838 2247 ineuntis

1950 2175 2087 2231 ἰδίαν
2134 2185 2375 2247 γυναῖκα
2408 2182 2507 2237 τὸν
2536 2184 2779 2257 κράληνν
2804 2186 3070 2269 δεύτερον
3117 2188 3389 2261 ἀνήλικον-
3435 2191 3538 2261 τῆς

257 2285 394 2355 apud
427 2282 653 2340 Gnaeos
687 2284 1055 2355 appellatione
1101 2284 1414 2356 designari;
1445 2300 1570 2339 cum
1624 2284 1719 2353 qui
1752 2298 1839 2338 se-

1950 2271 2240 2343 θυγατρὸς,
2278 2272 2467 2345 τρίτον
2498 2275 2558 2329 τὸ
2591 2277 2931 2348 ἀκουσθῆναι
2972 2278 3052 2355 ,ὡς
3113 2280 3537 2351 ἐπιδημήσασιν

256 2387 492 2445 quuntnr
523 2378 594 2433 ad
621 2378 694 2434 20
722 2377 983 2449 μεσοῦντι
1017 2377 1148 2450 μηνί
1176 2374 1434 2433 medianti
1492 2378 1681 2438 mensi,
1705 2378 1841 2447 reli.

256 2470 345 2540 qui
402 2476 473 2526 ad
535 2471 697 2527 tinem
757 2486 931 2540 usque
972 2470 1221 2544 λήγοντι,
1254 2472 1355 2527 hoc
1407 2481 1492 2527 est
1544 2470 1843 2535 desinenti,

259 2565 426 2621 mensi
464 2566 802 2622 tribuantur.
833 2568 1016 2636 Atque
1053 2567 1155 2621 hoc
1196 2565 1393 2636 ipsum,
1448 2564 1703 2621 videlicet
1753 2582 1844 2619 or-

256 2658 523 2715 dinariam
558 2669 614 2715 et
647 2660 1134 2716 hebdomadariam
1169 2660 1437 2715 duntaxat
1481 2658 1649 2715 fuisse
1698 2659 1845 2715 hanc

256 2755 831 2809 commemorationem
886 2764 1246 2821 mortuorum,
1282 2754 1487 2811 indicat
1540 2764 1725 2811 noster
1756 2754 1845 2809 hi-

255 2848 513 2917 storicus,
570 2848 700 2904 dum
753 2864 862 2905 non
919 2849 1449 2921 πανηγυριζομένων
1483 2850 1578 2905 sed
1630 2866 1843 2921 μνημο-

255 2943 561 3014 νευομένων
616 2942 721 3000 hoc
774 2945 894 3000 loco
944 2944 1056 2998 τῶν
1108 2944 1533 3014 κεκοιμημένων
1570 2942 1842 2998 meminit.

257 3033 589 3093 “cntionem
627 3049 790 3105 porro
825 3034 915 3091 hic
965 3035 1167 3092 factam
1230 3051 1584 3092 accensorum
1634 3033 1840 3098 lacum,

256 3141 414 3198 quam
452 3143 557 3199 ego
620 3129 1082 3199 interpretatione
1111 3131 1179 3184 ad
1212 3128 1652 3186 ecclesiasticum
1685 3143 1841 3183 usum

1942 2364 2045 2435 τὴν
2095 2366 2338 2437 μοναχὴν
2382 2370 2829 2443 γυναικαδὲλφην
2852 2373 2948 2427 τοῦ
2984 2374 3262 2444 προτέρου
3298 2374 3539 2444 ἀδελφοῦ

1947 2458 2223 2529 Στεφάνου
2254 2458 2350 2514 τοῦ
2378 2463 2562 2535 κρωση
2602 2466 2682 2529 εἰς
2708 2464 2944 2537 Σερὸξαν
2980 2467 3112 2522 ἰδεῖν
3143 2467 3241 2541 τὴν
3269 2467 3548 2541 ἀδελφὴν,.

1942 2551 2067 2622 ἥτις
2093 2545 2160 2623 ἦν
2189 2553 2333 2624 γυνὴ
2357 2554 2459 2607 τοῦ
2492 2554 2790 2627 Στεφάνου,
2824 2558 2974 2623 ὅστις
3027 2554 3096 2631 ἦν
3126 2561 3221 2615 καὶ
3248 2540 3537 2631 κατεαγὼς

1942 2643 2003 2697 τὸ
2033 2642 2227 2711 σκέλος
2254 2663 2268 2676 ο
2303 2647 2391 2701 διὰ
2420 2647 2578 2703 τοῦτο
2628 2649 2731 2703 καὶ
2775 2650 3150 2723 ἀπραγμόνως
3187 2653 3285 2724 ἔζη
3312 2671 3325 2685 ·
3370 2654 3529 2720 αὐτὸς

1947 2735 2057 2807 γὰρ
2084 2733 2152 2811 ἦν
2172 2738 2510 2811 δικαιότερος
2533 2741 2633 2813 τὴν
2653 2743 2829 2814 ἀρχὴν
2852 2742 3019 2816 ἔχειν,
3039 2744 3115 2810 ὡς
3141 2746 3356 2818 πρῶτος
3379 2748 3537 2802 ἀδελ-

1947 2830 2055 2901 φάς
2076 2846 2092 2864 ⁶
2118 2824 2270 2905 ἀὑτὴ
2303 2834 2436 2902 γοῦν
2472 2838 2504 2908 ή
2536 2838 2749 2912 μοναχῆ
2783 2841 2878 2893 καὶ
2908 2824 3025 2894 τοῦ⁷
3042 2840 3312 2913 βασιλέως
3341 2839 3407 2915 ἦν
3433 2861 3535 2912 γυ-

1947 2925 2280 2999 ναικαδέλφη
2310 2930 2377 2981 ἐκ
2400 2929 2499 2996 τῆς
2528 2930 2623 2983 τοῦ
2664 2932 2831 3002 pint;
2860 2935 3161 3005 οὺγγρῑας.
3194 2936 3414 3008 Ταύτην
3439 2937 3534 2992 οὖν

1946 3017 2112 3088 (forte
2134 3022 2331 3094 ταύτῃ)
2365 3023 2641 3091 πορνικῶς
2675 3024 2924 3099 ἠκούσθη
2956 3029 3320 3100 ησυμμιγῆναι
3346 3034 3374 3086 ὸ
3398 3034 3533 3105 κρά-

1947 3109 2044 3182 λης
2068 3111 2098 3164 ὁ
2128 3115 2228 3186 τὴν
2268 3115 2547 3189 θυγατέρα
2579 3119 2674 3174 τοῦ
2703 3119 2975 3191 βασιλέως
2997 3121 3313 3195 λαμεάνων.

256 3192 646 3284 revoco,_non
696 3192 873 3276 deerit
902 3221 1041 3277 forte
1079 3222 1173 3291 qui
1209 3222 1511 3277 contendat
1560 3220 1631 3275 ad
1688 3235 1839 3275 mere

2016 3204 2080 3262 P.
2115 3206 2242 3265 306.
2282 3208 2640 3268 Enarralores
2674 3215 2877 3269 Ascrtei
2896 3192 3087 3287 posite.
3120 3217 3267 3276 Sane
3300 3220 3351 3275 in
3383 3219 3534 3279 Gra-

257 3310 468 3367 civilem
504 3310 849 3369 referendam
879 3312 1049 3370 fuisse
1075 3315 1366 3371 rationem.
1396 3313 1693 3369 Enimvero
1745 3329 1845 3370 nec

255 3419 356 3475 ego
383 3404 582 3475 ignoro
622 3405 717 3461 tali
746 3406 1066 3477 plerumque
1090 3406 1366 3462 locutione
1398 3407 1671 3477 designari
1706 3416 1844 3461 tem-

258 3512 358 3567 pus
387 3512 638 3569 vespera:
668 3498 870 3555 adulta:
918 3514 1092 3570 usque
1139 3500 1207 3556 ad
1236 3499 1349 3570 jam
1404 3500 1845 3556 increbescentes

259 3590 513 3648 tenebras
562 3580 697 3663 post
737 3606 996 3649 occasum
1037 3593 1195 3659 solis,
1227 3595 1446 3665 quando
1498 3594 1566 3649 ad
1597 3608 1851 3651 necessa-

260 3683 397 3739 rium
428 3682 651 3740 videndi
698 3700 882 3753 usum,
934 3686 1078 3741 intra
1118 3687 1308 3742 domos
1355 3686 1655 3757 praesertim
1698 3685 1846 3741 faces

261 3777 655 3834 accenduntur.
688 3778 798 3835 Sed
846 3778 893 3833 si
951 3781 1075 3851 quis
1105 3779 1373 3834 attentius
1406 3787 1647 3849 reputet,
1677 3777 1847 3850 759

261 3870 468 3928 videbit
496 3871 646 3928 haud
679 3885 803 3928 esse
831 3871 1134 3928 verisimile
1185 3873 1599 3943 imperatorem,
1632 3886 1846 3925 summa

262 3965 567 4036 prasertim
622 3973 678 4022 et
727 3965 898 4035 rigida
934 3965 1141 4032 hieme,
1174 3965 1366 4021 horam
1395 3964 1626 4033 elegisse
1661 3964 1850 4034 profe-

263 4056 427 4113 ctioni
472 4073 544 4114 ex
585 4058 724 4114 urbe
761 4059 1133 4130 capessendae,
1180 4062 1317 4130 qua
1349 4070 1509 4115 noete
1559 4057 1851 4128 ingruente

262 4165 354 4207 aer
379 4153 559 4223 magis
592 4154 877 4224 magisque
904 4154 1317 4210 obscuraretur.
1345 4150 1529 4208 Prima
1561 4166 1695 4223 ergo
1719 4164 1852 4218 pars

263 4247 561 4319 vespertini
589 4248 874 4318 temporis,
912 4248 1030 4306 sole
1054 4247 1124 4303 ad
1154 4262 1413 4323 occasum
1440 4254 1710 4317 vergente
1744 4246 1849 4301 sub

265 4342 481 4397 tertiam
538 4345 730 4398 horam
781 4358 814 4397 a
850 4343 1102 4411 meridie,
1162 4340 1519 4413 intelligenda
1571 4349 1681 4397 est.
1729 4339 1845 4394 Tali

266 4429 409 4485 enim
447 4440 699 4500 tempore
728 4442 877 4488 recte
906 4432 1208 4505 imperator
1237 4448 1360 4488 cum
1395 4431 1851 4491 numerosissime

1946 3299 2029 3356 cis
2052 3300 2279 3357 scholiis
2310 3302 2473 3360 hodie
2523 3305 2578 3360 in
2611 3305 2905 3365 Hesiodum
2937 3314 3280 3369 exstantibus
3314 3313 3437 3385 (fol.
3463 3317 3536 3371 68

1946 3393 2035 3448 ed.
2068 3391 2290 3452 Venetae
2341 3396 2648 3457 Trincaveli
2699 3404 2826 3459 anni
2886 3404 3049 3477 1557)
3082 3406 3280 3477 legitur
3331 3409 3395 3463 ad
3442 3410 3534 3465 illa

1948 3496 2120 3555 poetae
2154 3489 2315 3544 verba
2348 3491 2495 3562 μῆνα
2514 3493 2571 3547 δὲ
2593 3491 2891 3568 Ληναιῶνα
2922 3500 3037 3555 haec
3066 3496 3405 3571 Moschomtli
3437 3504 3534 3555 ad-

1949 3582 2156 3636 notatio
2184 3599 2200 3638 :
2231 3584 2388 3640 Κατὰ
2418 3588 2511 3641 τὸν
2540 3589 2691 3660 μῆνα
2718 3591 2778 3645 δὲ
2827 3591 3143 3665 Ληναιῶνα,
3184 3596 3335 3660 ὅστις
3368 3597 3537 3668 760

1948 3674 2065 3728 ἐστὶ
2086 3672 2444 3755 Ἰανουάριος.
2469 3681 2630 3746 Infra,
2651 3682 2745 3738 fol.
2764 3685 2835 3740 75
2853 3702 2910 3756 p.
2928 3689 2962 3740 Si
2980 3698 3101 3757 post
3115 3690 3350 3745 medium
3365 3688 3535 3744 loeti-

1951 3780 2047 3821 nes
2078 3764 2326 3853 Tzetzes‘
2346 3772 2414 3827 ad
2454 3776 2704 3830 eumdem
2734 3776 2918 3833 locum
2940 3783 3020 3836 sic
3052 3782 3342 3837 observat:
3369 3785 3534 3854 Μῆνα

1947 3857 2006 3912 δὲ
2032 3857 2327 3932 Ληναιῶνα
2352 3865 2445 3919 τὸν
2469 3864 2644 3922 Χοιὰκ
2670 3868 2790 3941 ἦτοι
2820 3871 2910 3926 τὸν
2948 3873 3304 3947 Ἰανουάριον,
3336 3876 3392 3940 ὃς
3421 3879 3533 3950 Ληο

1949 3954 2102 4018 ναιὸς
2126 3956 2278 4028 παρὰ
2310 3959 2465 4014 Ἴωσι
2494 3962 2766 4019 καλεῖται.
2792 3963 2945 4037 Quod
2978 3974 3158 4023 autem
3209 3984 3270 4024 se
3318 3968 3532 4042 Pachy-

1951 4063 2132 4105 meres
2159 4050 2365 4121 alioqui
2398 4053 2814 4112 dissentientem
2871 4060 2923 4113 iu
2976 4060 3085 4117 hoc
3122 4062 3195 4118 ab
3228 4063 3312 4129 iis,
3347 4072 3530 4121 tamen

1950 4140 2079 4195 dum
2114 4158 2337 4199 carmen
2370 4149 2517 4216 apud
2561 4149 2716 4223 ipsos
2751 4150 3011 4223 pangeret
3036 4154 3107 4227 (at
3142 4157 3234 4209 καὶ
3260 4159 3425 4229 ἡμεῖς
3472 4161 3531 4213 ἐν

1949 4236 2064 4298 τοῖς
2088 4235 2213 4291 κατ’
2241 4239 2445 4304 αὐτοὺς
2472 4242 2887 4321 ὲπσποιοῦντες)
2922 4246 3087 4323 quasi
3102 4260 3362 4315 excusat,
3386 4252 3533 4320 quod

1950 4342 2138 4382 eorum
2180 4329 2544 4401 improbatam
2597 4336 2735 4391 alias
2790 4339 3131 4397 sententiam
3173 4345 3531 4411 expresserit,

1953 4431 2044 4489 aut
2073 4421 2282 4481 indicat
2317 4441 2377 4483 se
2413 4428 2642 4498 alicujus
2685 4424 2887 4504 horum
2918 4432 3167 4502 magistri
3201 4433 3383 4488 ludum
3416 4435 3528 4492 fre-

266 4539 364 4582 suo
393 4527 668 4582 comitatu
689 4528 819 4583 dare
840 4543 900 4584 se
929 4528 986 4583 in
1019 4528 1161 4583 viam
1210 4528 1410 4599 potuit,
1438 4506 1683 4597 reliquiis
1712 4525 1844 4591 lucis

1952 4513 2305 4584 quentaritem
2352 4534 2449 4575 eos
2494 4536 2686 4577 versus
2734 4508 3167 4595 conscripsisse;
3201 4536 3297 4580 aut
3326 4528 3369 4583 si
3398 4543 3532 4585 tetas

267 4616 475 4696 diurnae
522 4618 837 4676 suﬂecturis
890 4620 956 4675 ad
1007 4622 1431 4691 perveniendum
1484 4620 1539 4675 in
1597 4619 1846 4688 dissitam

265 4715 454 4788 paucis
510 4714 845 4772 milliaribus
896 4730 963 4771 ac
989 4715 1361 4772 suburbanam
1398 4715 1689 4771 stationem
1730 4713 1848 4768 Dri-

269 4821 421 4875 peam
447 4824 463 4865 :
490 4809 569 4865 ibi
605 4809 752 4864 enim
808 4807 1171 4865 diversorium
1231 4808 1467 4879 habebat
1508 4814 1758 4878 paratum
1794 4811 1848 4861 in

272 4910 486 4957 noctem
522 4901 926 4972 insequentem.
956 4899 1073 4958 Non
1106 4914 1238 4971 ergo
1261 4900 1478 4969 quando
1510 4900 1643 4954 urbe
1676 4899 1851 4971 impe-

274 5007 421 5050 rator
450 4994 768 5050 exivit'sole
817 4995 995 5049 adhuc
1039 4994 1257 5048 lucente
1300 4993 1482 5048 civilis
1510 4992 1855 5048 necessitatis

275 5089 443 5155 gratia
478 5086 628 5145 faces
652 5088 1123 5153 accendebantur,
1140 5102 1260 5142 cum
1286 5087 1445 5158 longe
1466 5086 1849 5155 crepusculum

275 5181 511 5254 abesset.
541 5182 721 5251 Quare
753 5190 925 5239 restat
963 5191 1020 5237 ut
1048 5184 1099 5239 id
1134 5183 1202 5237 ad
1224 5181 1605 5237 caeremoniam
1637 5180 1858 5249 religio-

276 5288 389 5330 sam
419 5276 492 5332 sit
533 5275 904 5343 referendum,
932 5275 1194 5348 occupari
1240 5263 1498 5331 videlicet
1549 5273 1711 5329 solita
1736 5270 1851 5341 jam

280 5377 388 5423 tum
449 5370 797 5441 postridiana
860 5370 1384 5427 commemoratione
1444 5367 1879 5437 defunctorum,

275 5463 639 5520 accendendis
661 5479 762 5536 per
781 5464 967 5520 omnia
1003 5463 1199 5534 templa
1227 5461 1548 5533 luminibus.
1573 5460 1655 5515 Ad
1680 5472 1835 5517 extre

281 5571 425 5618 mum
457 5557 689 5633 observo
718 5556 1047 5614 mentionem
1095 5558 1190 5614 hic
1245 5556 1605 5629 παρασκευῆς
1639 5571 1746 5612 non
1775 5555 1860 5611 in-

284 5648 547 5705 tellectam
577 5665 609 5705 a
650 5649 913 5706 Vaticano
959 5652 1318 5724 paraphraste
1363 5650 1519 5722 juxta
1558 5663 1739 5705 veram
1801 5658 1855 5704 et

284 5742 530 5798 usitatam
561 5746 774 5801 auctori
826 5745 1105 5802 notionem
1162 5743 1313 5800 feriae
1361 5752 1550 5800 sextae.
1588 5742 1679 5798 Sic
1708 5741 1853 5798 enim

286 5831 426 5892 hunc
451 5834 627 5893 locum
663 5838 926 5899 exhibet:
960 5838 1095 5896 Τότε
1121 5837 1255 5906 γοῦν
1305 5836 1787 5910 παρασκευασθεὶς
1825 5839 1853 5892 ὁ

1953 4604 2039 4668 vel
2074 4607 2223 4662 aliud
2265 4620 2531 4681 repugnet
2584 4614 2883 4687 quominus
2914 4613 3147 4673 Joannis
3190 4616 3413 4691 Taetzze
3437 4634 3535 4677 aut

1951 4699 2292 4772 Moschopuli
2320 4703 2692 4779 Pachymeres
2733 4708 2949 4765 auditor
2986 4694 3311 4778 fueril,‘dici
3348 4724 3559 4784 posset.

1952 4791 2008 4849 id
2042 4808 2268 4867 carmen
2300 4796 2369 4851 ab
2397 4812 2463 4854 eo
2496 4799 2763 4871 scriptum
2795 4803 2922 4858 dum
2963 4803 3360 4877 ludimagistris
3391 4824 3537 4878 ,ορε-

1955 4901 2072 4941 ram
2108 4900 2244 4956 puer
2282 4888 2457 4955 daret,
2488 4890 2576 4958 qui
2626 4888 2918 4947 Hesiodum
2950 4910 3018 4950 ex
3066 4878 3217 4966 prius
3244 4899 3537 4967 publicatis

1954 4976 2182 5035 Joannis
2226 4979 2441 5038 Tzetzae
2487 4994 2583 5038 aut
2621 4983 2862 5056 cujusvis
2896 4988 3125 5044 alterius
3174 4993 3536 5060 expositioni-

1955 5072 2061 5128 bus
2094 5090 2436 5131 euarrarent.
2470 5075 2590 5133 Dixi
2618 5089 2672 5133 et
2705 5080 2771 5134 de
2799 5082 2881 5135 his
2912 5081 2965 5135 in
2995 5080 3299 5149 Glossario.

2030 5165 2089 5220 Ρ.
2108 5166 2233 5224 508.
2272 5167 2360 5231 Ὠς
2379 5169 2507 5240 μήτ’
2528 5169 2665 5224 αιδὼ
2686 5173 2817 5243 παρ’
2837 5172 3085 5244 ἀλλήλων
3105 5175 3330 5231 ἀπεῖναι
3353 5177 3535 5247 σφίσι..

1960 5258 2116 5317 Ultro
2135 5260 2312 5318 fateor
2330 5277 2420 5319 me
2447 5263 2501 5319 in
2530 5262 2617 5320 his
2664 5265 2847 5323 verbis
2892 5268 3230 5339 supplevisse
3271 5255 3533 5342 syllabam

1956 5358 2039 5413 ἀπ
2068 5357 2127 5440 in
2155 5358 2323 5413 verbo
2357 5352 2519 5428 εἶναι,
2567 5361 2713 5431 quod
2764 5362 2939 5418 solum
2972 5364 3025 5418 in
3054 5364 3377 5422 condicibus
3407 5365 3449 5421 Β
3482 5376 3534 5424 et

1957 5450 2004 5506 A
2043 5452 2343 5522 legebatur,
2377 5454 2574 5511 mendo
2619 5467 2652 5510 a
2681 5453 2783 5512 loci
2813 5455 3085 5513 sententia
3120 5457 3409 5517 manifeste
3441 5478 3532 5518 re-

1960 5549 2208 5619 darguto.
3396 5617 3404 5624 _

2018 5643 2091 5703 -P.
2118 5642 2246 5699 521.
2276 5641 2521 5715 Respicit
2546 5643 2633 5702 his
2661 5653 2855 5703 auctor
2898 5660 3013 5702 rem
3062 5658 3336 5703 narratam
3363 5649 3536 5707 Iliad.

1959 5738 1987 5791 δ
2020 5754 2049 5793 a
2080 5753 2133 5793 v.
2168 5736 2239 5795 9'5
2274 5738 2341 5793 ad
2369 5737 2495 5793 154.
2524 5738 2604 5795 lbi
2630 5737 2911 5795 Pandarus
2945 5739 3184 5796 refertur
3212 5741 3535 5797 inobserva-

1963 5846 2049 5893 tus
2087 5844 2141 5894 ct
2172 5844 2364 5895 contra
2404 5834 2563 5893 tidem
2599 5833 2740 5909 pacti
2793 5834 3015 5895 fmderis
3050 5834 3304 5908 sagittam
3340 5835 3392 5892 in
3426 5833 3545 5894 Μα-
