4012 6236
637 231 743 298 823

1553 228 1618 290 P-
1664 230 1962 291 POSSINI
2005 232 2654 296 OBSERVATIONUM
2701 236 2847 298 LIB.
2891 235 2975 299 li.

3750 233 3845 295 εξι

625 344 759 399 Nam
790 345 960 400 iorma
996 343 1096 399 viri
1141 341 1444 414 insignibus
1476 347 1843 413 imperatoriis
1884 352 2058 402 ornati
2093 350 2183 419 qui

2363 351 2422 405 P.
2457 353 2580 408 45L
2631 353 2792 408 Κατὰ
2845 353 3121 420 ποίησιν.
3153 350 3350 406 Allusit
3410 350 3522 406 iure
3577 352 3848 406 srribendo

626 441 804 510 magis
854 439 1052 496 Joanni
1107 439 1342 495 Batatzm
1410 443 1661 495 convenit
1706 458 1867 506 quam
1901 442 2190 498 Theodoro

623 534 743 603 ejus
791 534 901 588 lilio
948 535 1262 607 imperatori
1322 537 1520 590 ibidem
1552 551 1764 606 quoque
1795 536 2075 605 Magnesiae
2106 551 2192 588 sc-

627 627 799 696 pulto,
830 635 944 691 ant,
966 625 1011 680 si
1046 625 1672 696 Constantiuopolitanos
1701 628 2057 699 imperatores
2081 630 2196 682 lau-

627 720 767 774 σωκ
818 720 1094 775 memoriae
1149 732 1204 776 et
1255 721 1308 776 in
1343 720 1447 776 fide
1475 722 1772 777 orthodoxa
1820 737 1884 777 ac
1927 721 2190 776 catholica

626 812 1010 868 communione
1025 810 1342 868 indubitatae
1360 815 1677 870 constantia:
1696 816 2015 885 quaerimus,
2030 828 2191 882 (piam

625 903 985 958 Constantino
1014 904 1228 974 Magno,
1264 921 1423 974 quam
1484 906 1756 961 Marciano
1815 907 2002 962 aliisve
2049 905 2197 976 paris

629 999 854 1054 meriti?
882 997 1014 1052 Nam
1043 997 1308 1053 Joannem
1340 999 1614 1053 Batatzam
1644 999 1741 1054 etsi
1775 999 1954 1054 multa
1971 999 2198 1052 virtutes

628 1093 1107 1154 commendabant,
1147 1104 1325 1147 tamen
1389 1105 1584 1160 praeter
1637 1108 1978 1147 communem
2021 1091 2192 1147 Graeci

628 1186 943 1241 schismatis
972 1196 1029 1241 et
1066 1187 1208 1241 circa
1238 1186 1406 1240 sancti
1438 1185 1671 1252 Spiritus
1702 1202 1764 1240 ex
1799 1186 1934 1240 Filio
1964 1200 2199 1253 proces-

629 1277 838 1332 sionem
897 1276 1135 1333 lmretici
1189 1277 1391 1331 erroris
1437 1276 1712 1338 invidiam.
1747 1275 1911 1331 libido
1940 1277 2100 1330 etiam
2145 1277 2195 1330 in

628 1379 791 1426 astate
835 1370 993 1425 senili
1040 1372 1301 1440 probrosa
1351 1368 1710 1424 deformabat.
1747 1366 1882 1422 Vide
1927 1384 2195 1422 sumntum

631 1461 834 1533 alioqui
868 1462 984 1534 ejus
1023 1463 1406 1517 admiratorem
1435 1460 1796 1529 Acropolitam
1829 1462 2064 1515 historia
2088 1477 2198 1515 suae

631 1573 687 1613 n.
723 1557 811 1618 59..
840 1571 892 1625 p.
929 1554 1017 1620 56,
1055 1559 1142 1610 ed.
1173 1554 1333 1624 Reg.,
1361 1555 1449 1608 ubi
1474 1569 1595 1608 eum
1630 1554 1887 1608 infamem
1917 1554 2198 1608 amoribus

631 1649 751 1703 cum
787 1648 1014 1702 aliarum
1054 1656 1166 1700 tum
1207 1645 1520 1700 Marcesina:
1554 1644 1835 1714 cuiusdam
1865 1645 2197 1714 pcdissequa:

2299 443 2682 512 Pachymeres,
2719 446 2898 498 varios
2927 444 3085 498 simul
3141 443 3380 499 miscens
3422 439 3637 496 Homeri
3674 441 3845 504 locos,

2297 537 2530 601 primum
2564 538 2712 592 illum
2749 538 2917 592 Iliad.
2961 537 3014 601 θ,
3061 536 3165 591 153
3198 553 3212 590 :

2415 653 2591 722 Δεινὴ
2620 654 2689 707 δὲ
2709 655 2871 725 φλὸξ
2900 648 3052 724 ὦρτο
3075 653 3273 708 θεείου
3299 649 3662 723 καιομένοιο,

2299 773 2494 830 deinde
2533 769 2680 824 illum
2729 785 2793 823 ex
2832 768 3002 824 Iliad.
3029 766 3093 839 ψ,
3125 766 3231 823 2l6
3271 781 3288 824 :

2546 886 2710 953 Μέγα
2748 884 2801 938 δ’
2837 884 2971 956 ἴαχε
3018 879 3345 950 θεσπιδαὲς
3380 883 3523 952 πῦρ.

2303 1001 2456 1058 Unde
2484 1001 2645 1054 etiam
2682 999 2768 1054 illa
2805 997 2970 1072 paulo
3023 997 3274 1068 superius
3333 1001 3496 1053 verba
3538 997 3753 1066 ὲφὺπα
3786 997 3860 1050 λι·

2299 1099 2440 1167 γέως
2475 1105 2780 1166 sumpserat
2812 1109 2828 1147 :
2863 1093 3038 1165 pergit
3066 1093 3214 1146 enim
3243 1091 3315 1146 ibi
3349 1104 3504 1160 poeta
3537 1108 3551 1144 :

2302 1211 2630 1280 Παννύχιοι
2683 1209 2739 1262 δ’
2784 1208 2901 1278 ἄρα
2959 1208 3121 1278 τοίγε
3178 1205 3378 1277 πιιρῆς
3435 1204 3860 1288 ἀμυιξιςῄφῖλιῆδ

2513 1274 2546 1280 τ’
2819 1274 2832 1278 ⁷
3060 1274 3072 1278 ⁷
3328 1274 3336 1277 Ἴ
3473 1274 3480 1276 ἡ
3588 1274 3861 1348 [ἔϐαλλον

2300 1353 2664 1418 Φυσσῶντες
2701 1349 2905 1422 λιγέως
2935 1363 2955 1381 ⁹
3313 1364 3318 1369 ’

2299 1464 2497 1536 quibus
2527 1472 2578 1518 et
2614 1464 2757 1520 islud
2792 1463 3035 1517 ultimum
3067 1463 3132 1518 de
3164 1461 3328 1523 fumo.
3367 1470 3447 1516 vel
3503 1477 3570 1515 es
3604 1475 3704 1514 suo
3745 1474 3861 1526 quo.

2302 1560 2424 1613 dam
2473 1558 2556 1612 vel
2589 1573 2655 1611 ex
2706 1556 2925 1611 alterius
2985 1556 3114 1611 mihi
3151 1571 3295 1611 nunc
3343 1571 3450 1611 non
3498 1555 3861 1610 succurreutis

2302 1652 2438 1706 vatis
2467 1660 2714 1721 poemate
2765 1649 2990 1704 addidit.

629 1746 802 1798 Ann'e
830 1739 1142 1795 Alemannm
1173 1739 1427 1808 Augustae
1467 1739 1720 1792 secundae
1764 1736 1909 1792 illius
1955 1737 2200 1806 conjugis
2235 1713 2274 1766 Β
2377 1713 2538 1800 ιλιξτο
2589 1754 2742 1799 sexto
2791 1755 2988 1812 prmter
3032 1759 3233 1799 morem
3285 1742 3659 1811 Pachymeres
3717 1751 3862 1806 pecu.

633 1834 854 1890 fatetur.
901 1833 1118 1899 Quanto
1162 1829 1514 1886 verisimilius
1568 1829 1715 1883 credi
1781 1829 2066 1899 patuisset,
2115 1829 2200 1882 isti

633 1938 782 1982 muto
813 1936 868 1984 et
899 1927 1064 1981 surdo
1099 1923 1330 1980 formam
1364 1923 1466 1978 viri
1504 1922 1868 1991 imperatoriis
1908 1921 2085 1976 ornati
2123 1921 2206 1974 in-

630 2019 878 2088 signibus
904 2018 1137 2074 oblatam
1168 2026 1591 2087 repraesentasse
1618 2025 1866 2070 sanctum
1899 2014 2203 2084 archange-

632 2112 744 2168 lum
800 2110 1115 2166 Michaelem
1170 2119 1536 2181 protectorem
1583 2108 2025 2164 Christianorum
2075 2123 2207 2162 con-

633 2217 714 2261 tra
773 2204 1075 2262 barbaros?
1128 2203 1282 2261 Hunc
1334 2203 1507 2260 Graeci
1568 2203 1767 2274 passim
1820 2204 2200 2274 ἀρχιστρατη-

633 2298 729 2367 τόν
759 2297 1054 2367 appellant,
1096 2297 1186 2367 qui
1220 2297 1406 2352 titulus
1450 2297 1829 2364 imperatorem
1865 2310 2066 2350 sonans
2097 2295 2204 2349 im-

633 2390 933 2463 perialibus
961 2406 1066 2445 non
1096 2389 1440 2446 disconvenit
1473 2387 1800 2460 insignibus.

703 2481 767 2556 [P
793 2481 922 2556 550]
976 2481 1040 2539 Ρ.
1073 2481 1197 2539 406.
1233 2483 1312 2537 Ad
1346 2483 1505 2536 iinem
1537 2479 1694 2548 hujus
1735 2480 1950 2548 capitis,
1988 2481 2082 2535 ubi
2116 2481 2202 2534 tli-

631 2576 773 2630 citur
812 2576 877 2630 de
907 2573 1168 2630 Michaele
1198 2575 1450 2643 Augusto
1484 2573 1725 2643 juniore,
1752 2572 1945 2643 ὥσπερ
1969 2591 2058 2636 τις
2080 2590 2205 2642 τρο-

635 2669 897 2741 παιοῦχος
926 2669 1027 2738 τὴν
1053 2668 1210 2723 πόλιν
1242 2669 1574 2738 εἰσέρχεται,
1604 2682 1709 2721 non
1747 2666 1920 2720 tenuit
1952 2682 2009 2721 se
2031 2668 2198 2721 libera

633 2762 938 2831 indignatio
968 2760 1190 2816 lectoris
1227 2760 1529 2829 cujuspiam
1555 2760 1686 2827 quin
1720 2758 1833 2812 haec
1859 2773 1970 2812 orae
2003 2761 2202 2826 margi-

631 2855 742 2911 nali
780 2853 940 2910 Barh.
977 2854 1182 2909 codicis
1217 2852 1465 2906 aliineret
1489 2869 1504 2906 :
1529 2850 1914 2921 Τροπιιοῦχος
1950 2851 1978 2905 ὁ
2014 2851 2202 2921 φυγὼν

629 2948 759 3013 τοὺς
798 2946 1026 3019 ἑχθροὺς
1058 2945 1220 3018 765
1258 2944 1354 2998 καὶ
1397 2944 1572 3006 αἴτιος
1613 2942 1704 2996 διὰ
1740 2941 1840 3013 τὴν
1864 2943 2059 2997 ἑαυτοῦ
2089 2943 2200 2998 δει-

2307 1837 2494 1891 liarem
2531 1836 2758 1907 praefixit
2792 1833 3095 1905 prologum,
3129 1836 3220 1903 qui
3277 1843 3460 1886 tamen
3500 1831 3625 1887 sine
3663 1842 3862 1899 propro

2306 1931 2460 1985 titulo
2493 1930 2546 1983 in
2574 1927 2855 1984 codicibus
2893 1937 2976 1982 est
3015 1942 3136 1982 cum
3165 1926 3342 1995 capite
3383 1927 3407 1979 l
3448 1922 3736 1978 confusus.
3767 1920 3861 1985 Ego

2303 2023 2743 2091 distinguendum
2777 2019 2986 2088 putavi.
3021 2018 3190 2074 Porro
3243 2033 3348 2071 non
3403 2031 3596 2086 parum
3633 2015 3862 2067 laboran—

2305 2117 2431 2170 dum
2477 2114 2579 2168 fuit
2618 2114 2668 2168 in
2700 2113 3016 2166 extricanda
3073 2111 3353 2180 nitideque
3405 2107 3736 2162 declaranda
3787 2121 3856 2156 au.

2304 2209 2474 2262 ctoris
2500 2206 2590 2260 hic
2626 2203 2902 2275 prmiantis
2936 2201 3230 2265 sententia,
3264 2215 3428 2268 quam
3478 2210 3533 2254 et
3570 2197 3860 2267 percepisse

2306 2316 2388 2353 me
2416 2311 2468 2354 et
2499 2300 2633 2353 satis
2663 2297 2966 2366 esplicasse
2993 2295 3227 2349 confido.
3258 2292 3433 2349 Causa
3469 2293 3630 2345 istius
3662 2291 3712 2343 iu
3748 2305 3856 2358 νιος

2303 2390 2577 2461 loquendo
2609 2388 2866 2443 novitatis
2888 2389 3080 2456 opinor
3113 2384 3296 2451 fuerit,
3323 2383 3467 2453 quod
3496 2383 3666 2454 766
3697 2382 3860 2452 aliquo

2305 2486 2592 2542 intervallo
2625 2495 2745 2554 post
2774 2483 3034 2537 hactenus
3062 2480 3266 2552 scripta
3313 2480 3684 2549 Pachymeres
3724 2476 3858 2548 operi

2301 2595 2363 2636 se
2410 2578 2743 2644 reddiderit;
2788 2575 2925 2630 etei
2960 2575 3032 2629 rei
3063 2575 3191 2630 dum
3240 2587 3300 2629 se
3334 2573 3655 2643 accingeret
3701 2585 3857 2626 even-

2305 2681 2570 2742 tuumque
2621 2669 3024 2723 narrandorum
3060 2665 3406 2722 atrocitatem
3438 2675 3742 2736 reputaret,
3773 2663 3858 2716 hac

2303 2763 2529 2819 lectoris
2565 2759 3069 2830 pramonitiuncula
3122 2758 3522 2829 proludendum
3579 2755 3855 2828 putaverit.

2374 2855 2460 2930 [Ρ.
2487 2855 2613 2928 551]
2644 2855 2705 2909 P.
2729 2854 2856 2908 456.
2887 2852 3018 2920 Qua
3043 2852 3302 2923 deinceps
3329 2851 3566 2923 pertexit
3599 2853 3669 2906 de
3698 2848 3855 2905 Casa-

2303 2950 2392 3006 nis
2427 2949 2675 3004 laudibus
2709 2947 3090 3019 Pachymeres,
3117 2946 3254 3002 satis
3296 2955 3607 3015 congruunt
3641 2959 3762 2998 cum
3796 2942 3855 2994 iis

629 3041 751 3096 λίαν
779 3040 1019 3110 γεγονὼς
1053 3041 1270 3093 πάντων
1293 3036 1485 3091 δεινῶν
1509 3052 1522 3068 ·
1554 3035 1713 3091 Itane
1742 3039 2033 3105 implicant
2069 3038 2200 3108 refe-

2305 3060 2424 3116 qnae
2450 3042 2754 3113 Aythouus,
2778 3038 3063 3106 Villanius,
3098 3039 3339 3095 Sanutus
3370 3045 3424 3094 et
3463 3037 3521 3093 S.
3565 3036 3856 3094 Antoninus

630 3149 775 3196 ms.
820 3133 912 3204 qui
947 3142 1147 3202 tergunt
1193 3130 1346 3185 vertit
1407 3128 1666 3192 hostibus,
1701 3139 1752 3183 et
1792 3146 1958 3184 causa
1993 3129 2094 3198 {ait
2139 3132 2200 3183 ob

630 3241 786 3281 suam
832 3224 1096 3295 ignaviam
1135 3223 1370 3276 omnium
1422 3220 1720 3276 maiorum!
1769 3222 2030 3276 Alludunt
2087 3221 2203 3277 bac

633 3317 1006 3387 turpissimam
1051 3313 1336 3370 Michaelis
1365 3324 1420 3370 et
1453 3315 1620 3368 totius
1658 3313 1887 3368 Romani
1927 3316 2203 3369 exercitus

634 3406 689 3460 iu
721 3407 840 3477 ipso
864 3405 1143 3475 procinctu
1182 3403 1353 3475 praelii
1387 3403 1592 3474 lugam,
1626 3404 1877 3473 superius
1901 3412 2201 3470 narratam,

633 3500 672 3555 l.
698 3515 772 3567 tv,
800 3513 849 3553 c.
881 3497 967 3553 l8.

702 3592 763 3648 P.
797 3589 924 3648 428.
957 3589 1180 3645 Amurio
1210 3605 1265 3645 se
1310 3588 1583 3644 admovere
1615 3589 1907 3649 festinavit.
1947 3588 2042 3643 His
2068 3604 2202 3643 ver-

632 3686 717 3741 bis
746 3685 799 3740 in
830 3683 1022 3740 Graeco
1045 3683 1088 3738 Β
1117 3682 1320 3737 codicis
1351 3691 1612 3736 contextu
1643 3681 2050 3751 respondebant
2077 3681 2200 3747 ista,

631 3778 855 3851 ἔρχεται
886 3774 1023 3850 πρὸς
1057 3775 1118 3831 τὸ
1160 3775 1484 3846 ’Δμμόριον,
1511 3775 1669 3846 juxta
1711 3791 1832 3846 qua
1861 3775 2202 3828 Ammorlum

631 3873 847 3928 videtur
877 3885 999 3927 esse
1055 3868 1160 3924 loci
1223 3883 1443 3934 nomen,
1475 3867 1529 3921 iu
1561 3883 1721 3935 quem
1761 3882 1822 3923 se
1853 3866 2096 3938 Alisyras
2123 3865 2204 3918 vi-

635 3975 758 4022 ctus
796 3974 849 4020 et
881 3962 1101 4017 saucius
1156 3961 1443 4030 receperit.
1498 3957 1604 4014 Sed
1656 3967 2014 4028 praeterquam
2061 3958 2203 4028 quod

635 4055 839 4112 mentio
889 4069 994 4110 non
1045 4059 1225 4108 exstat
1269 4053 1412 4106 arcis
1452 4059 1546 4106 aut
1592 4051 1775 4122 oppidi
1821 4051 1900 4106 sic
1939 4049 2070 4106 dicti
2110 4065 2206 4120 per

633 4152 735 4206 hos
767 4155 998 4209 tractus,
1029 4146 1080 4199 id
1105 4146 1252 4200 credi
1285 4153 1430 4199 vetat
1461 4146 1574 4214 ipse
1632 4143 2014 4216 l’achymeres,
2044 4157 2092 4198 c.
2134 4141 2206 4196 25

634 4245 910 4300 amrmans
942 4241 1210 4313 Alisyram
1256 4255 1324 4294 ex
1371 4235 1495 4309 fuga
1526 4251 1588 4293 se
1616 4237 1889 4306 recepisse
1914 4235 2202 4306 Tripolim,

632 4352 797 4408 quam
826 4335 1014 4391 urbem
1071 4334 1223 4405 prius
1265 4340 1659 4402 occuparent.
1694 4329 1789 4385 Est
1816 4331 2016 4400 saepius
2043 4344 2204 4400 supra

2305 3142 2371 3195 de
2393 3139 2485 3193 illo
2514 3145 2840 3202 memorant,
2865 3152 2984 3207 qua:
3000 3135 3124 3192 vide
3151 3134 3376 3190 collecta
3418 3135 3562 3208 apud
3594 3134 3862 3189 continua-

2302 3241 2449 3288 tores
2489 3229 2705 3284 Baronii
2757 3229 3049 3284 llenricum
3093 3224 3446 3300 Spondanum
3491 3237 3547 3278 et
3583 3223 3856 3282 Odoricum

2302 3323 2664 3395 liaynaldum,
2696 3324 2763 3376 ad
2797 3337 2970 3376 annos
3006 3321 3171 3385 1294,
3200 3319 3330 3377 130!
3370 3332 3426 3374 et
3458 3321 3624 3375 130$.

2373 3415 2436 3473 Ρ.
2471 3416 2598 3472 457.
2640 3414 2764 3470 Haec
2805 3415 3036 3468 Cazanis
3083 3415 3345 3468 adversus
3387 3412 3671 3468 Sultanem
3707 3409 3859 3481 Syriae

2303 3510 2577 3580 expeditio
2615 3509 2890 3562 oculatum
2926 3507 2992 3561 ab
3029 3506 3304 3578 Aytbono,
3349 3507 3440 3578 qui
3489 3505 3537 3560 ei
3598 3520 3661 3561 se
3705 3505 3858 3558 inter-

2307 3601 2475 3660 fuisse
2523 3611 2734 3668 narrat,
2781 3599 3152 3656 testimonium
3191 3599 3374 3655 habet.
3432 3595 3623 3654 Refert
3651 3597 3698 3652 is
3731 3593 3856 3648 Hist.

2303 3703 2446 3749 orat.
2501 3707 2551 3747 c.
2601 3693 2693 3758 Η,
2750 3690 3048 3746 Cassauum
3104 3705 3284 3761 regem
3330 3687 3684 3744 Tartarorum
3716 3685 3857 3741 Curi-

2303 3785 2564 3841 stianum.
2614 3799 2716 3837 una
2753 3798 2874 3835 cum
2937 3781 3154 3851 regibus
3204 3781 3476 3836 Armeniae
3525 3790 3583 3836 et
3635 3778 3858 3846 Georgia!

2303 3877 2512 3946 pariter
2541 3874 2892 3939 Christianis,
2949 3875 3299 3945 expeditione
3349 3874 3719 3928 communiter
3748 3884 3856 3924 sus-

2305 3980 2459 4040 cepta
2518 3969 2740 4024 duxisse
2822 3979 3008 4022 contra
3073 3967 3541 4022 Melechuazerum
3608 3966 3855 4020 sultauem

2304 4060 2548 4132 Egypti,
2574 4061 2744 4132 Syria-
2767 4061 3160 4123 dominantem,
3189 4060 3482 4114 exercitum
3511 4060 3853 4113 ducentorum

2305 4153 2555 4218 millium,
2594 4167 2844 4222 magnam
2898 4163 3104 4223 partem
3140 4153 3418 4220 equitum;
3467 4161 3522 4206 et
3578 4165 3854 4207 occurre--

2307 4254 2412 4300 tem
2470 4245 2573 4300 sibi
2633 4244 2897 4300 sultanem
2963 4243 3104 4314 apud
3138 4241 3387 4306 Hamam,
3440 4243 3684 4313 antiquis
3711 4241 3856 4296 Eme-

2305 4351 2420 4392 sam
2453 4337 2680 4402 dictam,
2729 4349 2852 4390 cum
2904 4345 3124 4390 centum
3156 4337 3399 4404 equitum
3448 4335 3689 4390 millibus
3715 4343 3765 4388 et
3788 4331 3857 4384 in-

631 4441 686 4485 ct
719 4429 858 4485 intra
895 4434 1229 4484 memoratus
1276 4424 1332 4479 in
1391 4423 1495 4479 hac
1523 4422 1748 4478 historia
1785 4422 1890 4478 dux
1938 4423 2204 4477 barbarus
2235 4415 2280 4473 Ι)
2311 4428 2460 4484 unita
2493 4428 2835 4484 multitudine
2876 4427 3144 4498 peditum,
3190 4427 3396 4499 ingenti
3441 4427 3626 4496 praelia
3673 4427 3854 4482 fudisse

633 4523 915 4577 Amurins.
958 4517 1095 4573 Hinc
1125 4525 1209 4572 est
1248 4516 1378 4571 mihi
1411 4516 1633 4569 suborta
1667 4514 1906 4584 suspicio
1937 4516 2114 4570 meud‘i
2151 4515 2206 4569 in

637 4617 742 4672 hac
771 4615 1068 4685 scriptura,
1095 4611 1598 4682 Pachymeremque
1628 4611 1909 4678 scripsisse
1933 4626 2038 4664 non
2070 4609 2208 4682 πρὸς

637 4709 699 4764 τό
730 4708 822 4764 sed
859 4708 949 4761 τὸν
986 4702 1302 4776 Ἀμούριον.
1333 4701 1512 4769 Quod,
1549 4702 1674 4771 quia
1710 4717 1775 4756 ex
1810 4702 1978 4770 priori
2016 4703 2207 4757 lectio-

640 4815 708 4854 ne
756 4797 1108 4866 consequitur
1159 4793 1439 4865 quippiam
1498 4791 1848 4862 Pachymeris
1909 4791 2208 4845 narrationi

639 4890 1000 4954 contrarium,
1029 4899 1090 4942 ut
1123 4885 1517 4952 demonstravi,
1560 4885 1963 4940 emendandum
1997 4884 2208 4954 putavi,

637 5001 705 5041 eo
731 4999 890 5055 quem
934 4981 1084 5037 innui
1122 4981 1280 5036 modo
1312 4975 1402 5047 i').

707 5173 778 5238 (')
807 5169 960 5237 Quod
1000 5166 1220 5238 scripsi,
1241 5181 1346 5238 non
1383 5164 1616 5238 reperiri
1645 5179 1740 5232 per
1771 5171 1976 5238 tractus
2004 5161 2206 5219 Orien-

635 5234 769 5299 talis
794 5234 982 5295 liinitis
1010 5237 1224 5307 imperii
1277 5236 1558 5308 Byzantini
1591 5234 1804 5308 flocum,
1843 5235 1933 5303 qui
1983 5246 2209 5288 vocetur

634 5312 1009 5374 Ammorium,
1065 5306 1125 5365 re
1167 5306 1362 5363 melius
1418 5306 1753 5362 considerata
1803 5319 1946 5359 nunc
1990 5319 2205 5374 revoco.

636 5383 823 5439 Inveni
854 5372 1004 5435 enim
1031 5380 1168 5447 apud
1199 5379 1581 5447 Theophanem
1620 5391 1674 5443 p.
1721 5374 1836 5447 29l_
1883 5383 1938 5428 et
1983 5372 2090 5428 292
2116 5377 2204 5447 ed.

617 5453 797 5531 μεμε
831 5443 1078 5531 itemque
1103 5449 1241 5531 apud
1272 5443 1509 5531 lationem
1543 5445 1989 5531 Grartnmaticurn,

636 5515 880 5591 ejusdem
930 5515 1213 5591 editionis,
1275 5517 1606 5591 luculentam
1660 5518 1990 5591 mentionem
2060 5515 2208 5591 uritis

639 5583 860 5647 munita
895 5589 1166 5642 Ameriam
1215 5597 1440 5651 vocatae,
1474 5587 1699 5656 simque
1735 5585 1786 5638 in
1843 5586 1909 5656 iis
1941 5583 2205 5655 partibus,

638 5664 792 5730 cujus
820 5657 1336 5730 etiamAPtolommus
1371 5653 1636 5730 meminit.
1670 5655 1851 5730 Quare
1879 5653 2053 5709 fateor
2087 5668 2204 5730 non

639 5723 787 5791 recte
815 5727 1159 5788 emendatum
1196 5742 1224 5782 a
1254 5741 1340 5782 me
1367 5727 1533 5782 fuisse
1558 5724 1944 5796 Pacbymerem
1987 5743 2038 5796 ιι.
2074 5723 2204 5794 4‘28,

2311 4520 2605 4591 fugereque
2650 4537 2700 4575 tn
2750 4519 3042 4591 Egyptqu
3094 4522 3356 4590 coegisse.
3418 4519 3586 4590 quue
3638 4533 3853 4592 prrcsens

2311 4615 2595 4686 Aythonus
2653 4615 2950 4684 contigisse
3003 4614 3079 4668 ait
3121 4614 3206 4667 die
3241 4613 3488 4668 Mercurii
3521 4622 3648 4668 ante
3677 4613 3849 4667 festum

2309 4705 2622 4761 Nativitatis
2671 4706 2900 4761 Domini.
2959 4705 3246 4761 Existimat
3283 4707 3606 4774 Spondanus
3661 4708 3722 4759 ad
3772 4717 3848 4755 an.

2308 4798 2438 4854 Chr.
2491 4799 2649 4865 1⁸500,
2698 4815 2755 4853 ιι.
2811 4803 2862 4864 i,
2905 4797 2960 4852 id
3015 4797 3355 4853 referendum
3413 4799 3480 4852 ad
3527 4798 3848 4853 Decembrem

2310 4889 2608 4957 superioris
2652 4889 2777 4943 anni
2815 4888 2944 4943 Chr.
2981 4887 3140 4950 l299,
3165 4902 3274 4956 quo
3305 4885 3490 4956 cyclus
3528 4885 3660 4938 solis
3688 4882 3753 4936 20
3778 4881 3848 4934 lit-

2315 4990 2481 5036 teram
2518 4980 2898 5035 llomiuicalem
2937 4979 2978 5032 ι)
3005 4980 3213 5046 habuit,
3253 4977 3406 5048 cujus
3443 4977 3644 5033 iudicio
3673 4988 3848 5044 cogno-

2311 5166 2396 5219 ubi
2436 5181 2531 5230 pro
2563 5166 2622 5218 τὸ
2668 5164 2939 5233 Ἀμόριον,
2962 5164 3186 5233 reposui
3211 5162 3302 5214 τὸν
3345 5162 3654 5231 Ἀμούριον.
3691 5155 3846 5233 Etilla

2312 5228 2507 5290 verba:
2529 5228 2788 5305 Ἐρχετὲιι
2809 5228 2953 5302 ’πρὸς
2986 5228 3046 5285 τὸ
3061 5232 3340 5305 ‘Apdptov,
3361 5228 3679 5302 simpliciter
3705 5228 3846 5305 fuisse

2310 5308 2569 5361 vertenda
2599 5295 2782 5360 Ξῖιιηὶι
2835 5295 3139 5358 Ᾰιιιοι·ἱιιηι.’
3164 5295 3295 5356 Nam
3325 5295 3432 5357 hoc
3472 5295 3589 5356 'non
3650 5295 3846 5372 impedit

2310 5376 2598 5446 quominus
2629 5389 2816 5430 verum
2868 5387 2989 5426 esse
3047 5375 3302 5446 patuerit,
3354 5374 3498 5441 quod
3545 5387 3605 5446 _p.
3637 5369 3844 5446 ιδθωιι

2311 5437 2622 5508 bistoricus,
2669 5447 2936 5515 Alisyram
2985 5437 3062 5498 se'
3083 5441 3348 5515 Tripolim
3374 5437 3672 5515 recepisse.
3703 5437 3838 5493 Prius

2311 5517 2517 5572 scilicet
2565 5533 2723 5584 quam
2775 5511 2829 5567 in
2888 5514 2989 5568 hoc
3044 5511 3630 5584 ultimumperfugium
3678 5518 3843 5579 perve-

2312 5587 2509 5654 uisset,
2536 5583 2760 5649 Amorii,
2791 5600 2910 5653 qua:
2951 5586 3050 5636 lida
3087 5583 3185 5654 ipsi
3239 5583 3368 5638 urbs
3419 5594 3546 5638 tunc
3578 5593 3710 5647 erat,
3735 5587 3838 5648 per-

2311 5653 2653 5727 sequentium
2698 5658 2800 5710 vim
2845 5655 3024 5710 obiter
3058 5653 3444 5708 declinaverat.
