  <div class='ocr_page' id='page_1' title='image "/cluster/home/n/w/nwhite01/storage/ocr_20150623/144/hvd.32044073502593/418.png"; bbox 0 0 4012 6236; ppageno 0'>
   <div class='ocr_carea' id='block_1_1' title="bbox 367 236 477 299">
    <p class='ocr_par' dir='ltr' id='par_1_1' title="bbox 367 236 477 299">
     <span class='ocr_line' id='line_1_1' title="bbox 367 236 477 299; baseline 0 0"><span class='ocrx_word' id='word_1_1' title='bbox 367 236 477 299; x_wconf 74' lang='lat'><strong>825</strong></span> 
     </span>
    </p>
   </div>
   <div class='ocr_carea' id='block_1_2' title="bbox 1868 256 2112 322">
    <p class='ocr_par' dir='ltr' id='par_1_2' title="bbox 1868 256 2112 322">
     <span class='ocr_line' id='line_1_2' title="bbox 1868 256 2112 322; baseline 0.02 -6"><span class='ocrx_word' id='word_1_2' title='bbox 1868 256 2112 322; x_wconf 63' lang='lat' dir='ltr'><strong>NOTrE.</strong></span> 
     </span>
    </p>
   </div>
   <div class='ocr_carea' id='block_1_3' title="bbox 3524 266 3635 328">
    <p class='ocr_par' dir='ltr' id='par_1_3' title="bbox 3524 266 3635 328">
     <span class='ocr_line' id='line_1_3' title="bbox 3524 266 3635 328; baseline 0 0"><span class='ocrx_word' id='word_1_3' title='bbox 3524 266 3635 328; x_wconf 67' lang='lat'><strong>8&#39;26</strong></span> 
     </span>
    </p>
   </div>
   <div class='ocr_carea' id='block_1_4' title="bbox 367 360 3634 457">
    <p class='ocr_par' dir='ltr' id='par_1_4' title="bbox 367 360 3634 457">
     <span class='ocr_line' id='line_1_4' title="bbox 367 360 3634 457; baseline 0.007 -42"><span class='ocrx_word' id='word_1_4' title='bbox 367 360 583 419; x_wconf 78' lang='lat' dir='ltr'><strong>scimus</strong></span> <span class='ocrx_word' id='word_1_5' title='bbox 631 363 834 420; x_wconf 86' lang='lat' dir='ltr'><strong>Christi</strong></span> <span class='ocrx_word' id='word_1_6' title='bbox 888 367 1125 423; x_wconf 76' lang='lat' dir='ltr'><strong>natalem</strong></span> <span class='ocrx_word' id='word_1_7' title='bbox 1164 368 1258 425; x_wconf 89' lang='lat' dir='ltr'><strong>illo</strong></span> <span class='ocrx_word' id='word_1_8' title='bbox 1299 385 1444 428; x_wconf 91' lang='lat' dir='ltr'><strong>anno</strong></span> <span class='ocrx_word' id='word_1_9' title='bbox 1477 372 1738 431; x_wconf 78' lang='lat' dir='ltr'><strong>incidisse</strong></span> <span class='ocrx_word' id='word_1_10' title='bbox 1789 376 1847 432; x_wconf 90' lang='lat' dir='ltr'><strong>in</strong></span> <span class='ocrx_word' id='word_1_11' title='bbox 1884 376 1963 433; x_wconf 67' lang='lat' dir='ltr'><strong>leo</strong></span> <span class='ocrx_word' id='word_1_12' title='bbox 1995 386 2039 441; x_wconf 75' lang='grc' dir='ltr'><strong>Α</strong></span> <span class='ocrx_word' id='word_1_13' title='bbox 2068 377 2121 433; x_wconf 89' lang='lat' dir='ltr'><strong>in</strong></span> <span class='ocrx_word' id='word_1_14' title='bbox 2153 377 2270 447; x_wconf 72' lang='lat' dir='ltr'><strong>eius</strong></span> <span class='ocrx_word' id='word_1_15' title='bbox 2300 379 2545 451; x_wconf 67' lang='lat' dir='ltr'><strong>epistolis</strong></span> <span class='ocrx_word' id='word_1_16' title='bbox 2594 381 2842 452; x_wconf 79' lang='lat' dir='ltr'><strong>legantur</strong></span> <span class='ocrx_word' id='word_1_17' title='bbox 2877 382 2929 437; x_wconf 88' lang='lat' dir='ltr'><strong>iu</strong></span> <span class='ocrx_word' id='word_1_18' title='bbox 2983 399 3100 439; x_wconf 88' lang='lat' dir='ltr'><strong>eam</strong></span> <span class='ocrx_word' id='word_1_19' title='bbox 3150 384 3471 440; x_wconf 77' lang='lat' dir='ltr'><strong>sententiam</strong></span> <span class='ocrx_word' id='word_1_20' title='bbox 3526 402 3634 457; x_wconf 82' lang='lat' dir='ltr'><strong>qna</strong></span> 
     </span>
    </p>
   </div>
   <div class='ocr_carea' id='block_1_5' title="bbox 368 454 1950 540">
    <p class='ocr_par' dir='ltr' id='par_1_5' title="bbox 368 454 1950 540">
     <span class='ocr_line' id='line_1_5' title="bbox 368 454 1950 540; baseline 0.011 -34"><span class='ocrx_word' id='word_1_21' title='bbox 368 454 517 508; x_wconf 88' lang='lat' dir='ltr'><strong>riam</strong></span> <span class='ocrx_word' id='word_1_22' title='bbox 565 465 799 511; x_wconf 81' lang='lat' dir='ltr'><strong>sextam.</strong></span> <span class='ocrx_word' id='word_1_23' title='bbox 831 458 1012 524; x_wconf 80' lang='lat' dir='ltr'><strong>Quare</strong></span> <span class='ocrx_word' id='word_1_24' title='bbox 1059 460 1133 515; x_wconf 76' lang='grc'><strong>25</strong></span> <span class='ocrx_word' id='word_1_25' title='bbox 1193 461 1506 520; x_wconf 74' lang='lat' dir='ltr'><strong>Decembris</strong></span> <span class='ocrx_word' id='word_1_26' title='bbox 1558 464 1699 521; x_wconf 87' lang='lat' dir='ltr'><strong>feria</strong></span> <span class='ocrx_word' id='word_1_27' title='bbox 1729 477 1950 540; x_wconf 83' lang='lat' dir='ltr'><strong>quarta,</strong></span> 
     </span>
    </p>
   </div>
   <div class='ocr_carea' id='block_1_6' title="bbox 367 545 1950 622">
    <p class='ocr_par' dir='ltr' id='par_1_6' title="bbox 367 545 1950 622">
     <span class='ocr_line' id='line_1_6' title="bbox 367 545 1950 622; baseline 0.011 -23"><span class='ocrx_word' id='word_1_28' title='bbox 367 545 462 602; x_wconf 84' lang='lat' dir='ltr'><strong>die</strong></span> <span class='ocrx_word' id='word_1_29' title='bbox 497 559 627 604; x_wconf 83' lang='lat' dir='ltr'><strong>ante</strong></span> <span class='ocrx_word' id='word_1_30' title='bbox 650 549 853 608; x_wconf 88' lang='lat' dir='ltr'><strong>Christi</strong></span> <span class='ocrx_word' id='word_1_31' title='bbox 889 551 1137 610; x_wconf 78' lang='lat' dir='ltr'><strong>Natalem</strong></span> <span class='ocrx_word' id='word_1_32' title='bbox 1172 556 1359 622; x_wconf 85' lang='lat' dir='ltr'><strong>tertia,</strong></span> <span class='ocrx_word' id='word_1_33' title='bbox 1403 558 1589 616; x_wconf 85' lang='lat' dir='ltr'><strong>clades</strong></span> <span class='ocrx_word' id='word_1_34' title='bbox 1617 560 1708 615; x_wconf 88' lang='lat' dir='ltr'><strong>illa</strong></span> <span class='ocrx_word' id='word_1_35' title='bbox 1747 562 1950 616; x_wconf 87' lang='lat' dir='ltr'><strong>sultani</strong></span> 
     </span>
    </p>
   </div>
   <div class='ocr_carea' id='block_1_7' title="bbox 367 637 1951 711">
    <p class='ocr_par' dir='ltr' id='par_1_7' title="bbox 367 637 1951 711">
     <span class='ocr_line' id='line_1_7' title="bbox 367 637 1951 711; baseline 0.01 -23"><span class='ocrx_word' id='word_1_36' title='bbox 367 637 687 707; x_wconf 77' lang='lat' dir='ltr'><strong>contigerit.</strong></span> <span class='ocrx_word' id='word_1_37' title='bbox 718 637 833 695; x_wconf 82' lang='lat' dir='ltr'><strong>Nisi</strong></span> <span class='ocrx_word' id='word_1_38' title='bbox 859 642 984 711; x_wconf 91' lang='lat' dir='ltr'><strong>quis</strong></span> <span class='ocrx_word' id='word_1_39' title='bbox 1020 653 1169 698; x_wconf 81' lang='lat' dir='ltr'><strong>retro</strong></span> <span class='ocrx_word' id='word_1_40' title='bbox 1215 659 1338 700; x_wconf 89' lang='lat' dir='ltr'><strong>eam</strong></span> <span class='ocrx_word' id='word_1_41' title='bbox 1376 661 1599 704; x_wconf 87' lang='lat' dir='ltr'><strong>movere</strong></span> <span class='ocrx_word' id='word_1_42' title='bbox 1636 648 1703 705; x_wconf 90' lang='lat' dir='ltr'><strong>ad</strong></span> <span class='ocrx_word' id='word_1_43' title='bbox 1748 665 1951 705; x_wconf 88' lang='lat' dir='ltr'><strong>annmn</strong></span> 
     </span>
    </p>
   </div>
   <div class='ocr_carea' id='block_1_8' title="bbox 366 731 1953 813">
    <p class='ocr_par' dir='ltr' id='par_1_8' title="bbox 366 731 1953 813">
     <span class='ocr_line' id='line_1_8' title="bbox 366 731 1953 813; baseline 0.011 -30"><span class='ocrx_word' id='word_1_44' title='bbox 366 731 722 801; x_wconf 86' lang='lat' dir='ltr'><strong>superiorem</strong></span> <span class='ocrx_word' id='word_1_45' title='bbox 772 733 974 790; x_wconf 88' lang='lat' dir='ltr'><strong>Christi</strong></span> <span class='ocrx_word' id='word_1_46' title='bbox 1012 735 1155 793; x_wconf 61' lang='lat'><strong>4398</strong></span> <span class='ocrx_word' id='word_1_47' title='bbox 1188 738 1363 804; x_wconf 85' lang='lat' dir='ltr'><strong>malit,</strong></span> <span class='ocrx_word' id='word_1_48' title='bbox 1393 755 1504 811; x_wconf 89' lang='lat' dir='ltr'><strong>quo</strong></span> <span class='ocrx_word' id='word_1_49' title='bbox 1530 740 1711 813; x_wconf 74' lang='lat' dir='ltr'><strong>vigilia</strong></span> <span class='ocrx_word' id='word_1_50' title='bbox 1742 741 1953 800; x_wconf 77' lang='lat' dir='ltr'><strong>Natalis</strong></span> 
     </span>
    </p>
   </div>
   <div class='ocr_carea' id='block_1_9' title="bbox 364 821 1951 909">
    <p class='ocr_par' dir='ltr' id='par_1_9' title="bbox 364 821 1951 909">
     <span class='ocr_line' id='line_1_9' title="bbox 364 821 1951 909; baseline 0.011 -34"><span class='ocrx_word' id='word_1_51' title='bbox 364 821 578 878; x_wconf 86' lang='lat' dir='ltr'><strong>Christi</strong></span> <span class='ocrx_word' id='word_1_52' title='bbox 607 824 725 881; x_wconf 88' lang='lat' dir='ltr'><strong>dies</strong></span> <span class='ocrx_word' id='word_1_53' title='bbox 762 825 1014 885; x_wconf 77' lang='lat' dir='ltr'><strong>Mercurii</strong></span> <span class='ocrx_word' id='word_1_54' title='bbox 1044 828 1172 886; x_wconf 88' lang='lat' dir='ltr'><strong>fuit.</strong></span> <span class='ocrx_word' id='word_1_55' title='bbox 1210 831 1288 888; x_wconf 89' lang='lat' dir='ltr'><strong>De</strong></span> <span class='ocrx_word' id='word_1_56' title='bbox 1320 832 1407 889; x_wconf 87' lang='lat' dir='ltr'><strong>his</strong></span> <span class='ocrx_word' id='word_1_57' title='bbox 1434 833 1770 893; x_wconf 71' lang='lat' dir='ltr'><strong>disseremus</strong></span> <span class='ocrx_word' id='word_1_58' title='bbox 1796 845 1951 909; x_wconf 81' lang='lat' dir='ltr'><strong>post-</strong></span> 
     </span>
    </p>
   </div>
   <div class='ocr_carea' id='block_1_10' title="bbox 362 914 1383 991">
    <p class='ocr_par' dir='ltr' id='par_1_10' title="bbox 362 914 1383 991">
     <span class='ocr_line' id='line_1_10' title="bbox 362 914 1383 991; baseline 0.013 -22"><span class='ocrx_word' id='word_1_59' title='bbox 362 928 431 969; x_wconf 84' lang='lat' dir='ltr'><strong>ea</strong></span> <span class='ocrx_word' id='word_1_60' title='bbox 459 914 501 971; x_wconf 89' lang='grc' dir='ltr'>ι.</span> <span class='ocrx_word' id='word_1_61' title='bbox 534 932 594 971; x_wconf 89' lang='grc' dir='ltr'><strong>ιιι</strong></span> <span class='ocrx_word' id='word_1_62' title='bbox 624 916 816 974; x_wconf 87' lang='lat' dir='ltr'><strong>harum</strong></span> <span class='ocrx_word' id='word_1_63' title='bbox 850 918 1008 991; x_wconf 88' lang='lat' dir='ltr'><strong>Ohs.,</strong></span> <span class='ocrx_word' id='word_1_64' title='bbox 1036 938 1088 977; x_wconf 91' lang='lat' dir='ltr'><strong>c.</strong></span> <span class='ocrx_word' id='word_1_65' title='bbox 1113 921 1170 988; x_wconf 86' lang='lat'><strong>7,</strong></span> <span class='ocrx_word' id='word_1_66' title='bbox 1202 940 1261 980; x_wconf 84' lang='grc' dir='ltr'>ιι.</span> <span class='ocrx_word' id='word_1_67' title='bbox 1293 926 1383 983; x_wconf 75' lang='grc'><strong>19.</strong></span> 
     </span>
    </p>
   </div>
   <div class='ocr_carea' id='block_1_11' title="bbox 442 1006 1948 1090">
    <p class='ocr_par' dir='ltr' id='par_1_11' title="bbox 442 1006 1948 1090">
     <span class='ocr_line' id='line_1_11' title="bbox 442 1006 1948 1090; baseline 0.009 -28"><span class='ocrx_word' id='word_1_68' title='bbox 442 1006 597 1066; x_wconf 81' lang='lat' dir='ltr'><strong>Ibid.</strong></span> <span class='ocrx_word' id='word_1_69' title='bbox 650 1011 795 1067; x_wconf 83' lang='lat' dir='ltr'><strong>Ante</strong></span> <span class='ocrx_word' id='word_1_70' title='bbox 845 1014 1026 1070; x_wconf 78' lang='lat' dir='ltr'><strong>omnia</strong></span> <span class='ocrx_word' id='word_1_71' title='bbox 1085 1017 1274 1074; x_wconf 84' lang='lat' dir='ltr'><strong>lectori</strong></span> <span class='ocrx_word' id='word_1_72' title='bbox 1313 1018 1580 1077; x_wconf 87' lang='lat' dir='ltr'><strong>rationem</strong></span> <span class='ocrx_word' id='word_1_73' title='bbox 1613 1019 1784 1077; x_wconf 87' lang='lat' dir='ltr'><strong>reddo</strong></span> <span class='ocrx_word' id='word_1_74' title='bbox 1817 1038 1948 1090; x_wconf 83' lang='lat' dir='ltr'><strong>snp-</strong></span> 
     </span>
    </p>
   </div>
   <div class='ocr_carea' id='block_1_12' title="bbox 362 1098 1952 1184">
    <p class='ocr_par' dir='ltr' id='par_1_12' title="bbox 362 1098 1952 1184">
     <span class='ocr_line' id='line_1_12' title="bbox 362 1098 1952 1184; baseline 0.01 -31"><span class='ocrx_word' id='word_1_75' title='bbox 362 1098 533 1168; x_wconf 77' lang='lat' dir='ltr'><strong>pletae</strong></span> <span class='ocrx_word' id='word_1_76' title='bbox 558 1116 590 1156; x_wconf 90' lang='lat' dir='ltr'><strong>a</strong></span> <span class='ocrx_word' id='word_1_77' title='bbox 624 1119 710 1158; x_wconf 89' lang='lat' dir='ltr'><strong>me</strong></span> <span class='ocrx_word' id='word_1_78' title='bbox 744 1104 973 1171; x_wconf 84' lang='lat' dir='ltr'><strong>lacume,</strong></span> <span class='ocrx_word' id='word_1_79' title='bbox 993 1125 1115 1179; x_wconf 76' lang='lat' dir='ltr'><strong>qua:</strong></span> <span class='ocrx_word' id='word_1_80' title='bbox 1160 1109 1249 1165; x_wconf 89' lang='lat' dir='ltr'><strong>hic</strong></span> <span class='ocrx_word' id='word_1_81' title='bbox 1278 1109 1335 1167; x_wconf 91' lang='lat' dir='ltr'><strong>in</strong></span> <span class='ocrx_word' id='word_1_82' title='bbox 1369 1127 1472 1168; x_wconf 88' lang='lat' dir='ltr'><strong>ms.</strong></span> <span class='ocrx_word' id='word_1_83' title='bbox 1498 1113 1809 1184; x_wconf 84' lang='lat' dir='ltr'><strong>archetypis</strong></span> <span class='ocrx_word' id='word_1_84' title='bbox 1835 1114 1952 1169; x_wconf 88' lang='lat' dir='ltr'><strong>hia-</strong></span> 
     </span>
    </p>
   </div>
   <div class='ocr_carea' id='block_1_13' title="bbox 361 1193 1948 1279">
    <p class='ocr_par' dir='ltr' id='par_1_13' title="bbox 361 1193 1948 1279">
     <span class='ocr_line' id='line_1_13' title="bbox 361 1193 1948 1279; baseline 0.009 -32"><span class='ocrx_word' id='word_1_85' title='bbox 361 1196 488 1250; x_wconf 86' lang='lat' dir='ltr'><strong>bat.</strong></span> <span class='ocrx_word' id='word_1_86' title='bbox 532 1193 624 1249; x_wconf 82' lang='lat' dir='ltr'><strong>Sic</strong></span> <span class='ocrx_word' id='word_1_87' title='bbox 662 1197 807 1252; x_wconf 90' lang='lat' dir='ltr'><strong>enim</strong></span> <span class='ocrx_word' id='word_1_88' title='bbox 855 1199 928 1255; x_wconf 87' lang='lat' dir='ltr'><strong>ibi</strong></span> <span class='ocrx_word' id='word_1_89' title='bbox 963 1214 1190 1259; x_wconf 83' lang='lat' dir='ltr'><strong>exstat:</strong></span> <span class='ocrx_word' id='word_1_90' title='bbox 1233 1205 1295 1258; x_wconf 82' lang='lat' dir='ltr'><strong>Et</strong></span> <span class='ocrx_word' id='word_1_91' title='bbox 1325 1206 1403 1277; x_wconf 78' lang='grc' dir='ltr'><strong>μή</strong></span> <span class='ocrx_word' id='word_1_92' title='bbox 1454 1207 1508 1277; x_wconf 83' lang='grc' dir='ltr'><strong>γ’</strong></span> <span class='ocrx_word' id='word_1_93' title='bbox 1560 1207 1756 1279; x_wconf 67' lang='grc' dir='ltr'>ἐκείνῳ</span> <span class='ocrx_word' id='word_1_94' title='bbox 1799 1208 1861 1263; x_wconf 78' lang='grc' dir='ltr'><strong>τὸ</strong></span> <span class='ocrx_word' id='word_1_95' title='bbox 1888 1212 1948 1263; x_wconf 87' lang='grc' dir='ltr'>ὲν</span> 
     </span>
    </p>
   </div>
   <div class='ocr_carea' id='block_1_14' title="bbox 357 1283 1949 1371">
    <p class='ocr_par' dir='ltr' id='par_1_14' title="bbox 357 1283 1949 1371">
     <span class='ocr_line' id='line_1_14' title="bbox 357 1283 1949 1371; baseline 0.011 -32"><span class='ocrx_word' id='word_1_96' title='bbox 357 1283 547 1357; x_wconf 59' lang='lat' dir='ltr'><strong>siin...</strong></span> <span class='ocrx_word' id='word_1_97' title='bbox 573 1288 760 1343; x_wconf 84' lang='grc' dir='ltr'><strong>τόπων</strong></span> <span class='ocrx_word' id='word_1_98' title='bbox 791 1292 1081 1363; x_wconf 82' lang='grc' dir='ltr'><strong>ἁμμῶδες.</strong></span> <span class='ocrx_word' id='word_1_99' title='bbox 1119 1294 1231 1368; x_wconf 74' lang='lat' dir='ltr'><strong>Ego</strong></span> <span class='ocrx_word' id='word_1_100' title='bbox 1261 1295 1405 1354; x_wconf 78' lang='lat' dir='ltr'><strong>inter</strong></span> <span class='ocrx_word' id='word_1_101' title='bbox 1428 1298 1507 1371; x_wconf 79' lang='grc' dir='ltr'><strong>τῷ</strong></span> <span class='ocrx_word' id='word_1_102' title='bbox 1547 1309 1601 1355; x_wconf 84' lang='lat' dir='ltr'><strong>et</strong></span> <span class='ocrx_word' id='word_1_103' title='bbox 1629 1301 1815 1355; x_wconf 83' lang='grc' dir='ltr'><strong>τόπων</strong></span> <span class='ocrx_word' id='word_1_104' title='bbox 1843 1303 1949 1356; x_wconf 88' lang='lat' dir='ltr'><strong>duo</strong></span> 
     </span>
    </p>
   </div>
   <div class='ocr_carea' id='block_1_15' title="bbox 377 1379 1945 1460">
    <p class='ocr_par' dir='ltr' id='par_1_15' title="bbox 377 1379 1945 1460">
     <span class='ocr_line' id='line_1_15' title="bbox 377 1379 1945 1460; baseline 0.011 -29"><span class='ocrx_word' id='word_1_105' title='bbox 377 1379 533 1457; x_wconf 2' lang='lat' dir='ltr'><strong>hac,</strong></span> <span class='ocrx_word' id='word_1_106' title='bbox 565 1384 731 1437; x_wconf 88' lang='lat' dir='ltr'><strong>verba</strong></span> <span class='ocrx_word' id='word_1_107' title='bbox 783 1386 975 1455; x_wconf 79' lang='grc' dir='ltr'><strong>πρόσω</strong></span> <span class='ocrx_word' id='word_1_108' title='bbox 1002 1390 1205 1459; x_wconf 78' lang='grc' dir='ltr'>χωρεῖν</span> <span class='ocrx_word' id='word_1_109' title='bbox 1260 1390 1548 1448; x_wconf 90' lang='lat' dir='ltr'><strong>inserenda</strong></span> <span class='ocrx_word' id='word_1_110' title='bbox 1595 1397 1803 1460; x_wconf 78' lang='lat' dir='ltr'><strong>censui,</strong></span> <span class='ocrx_word' id='word_1_111' title='bbox 1837 1410 1945 1449; x_wconf 91' lang='lat' dir='ltr'><strong>non</strong></span> 
     </span>
    </p>
   </div>
   <div class='ocr_carea' id='block_1_16' title="bbox 359 1470 1947 1557">
    <p class='ocr_par' dir='ltr' id='par_1_16' title="bbox 359 1470 1947 1557">
     <span class='ocr_line' id='line_1_16' title="bbox 359 1470 1947 1557; baseline 0.012 -33"><span class='ocrx_word' id='word_1_112' title='bbox 359 1470 489 1528; x_wconf 89' lang='lat' dir='ltr'><strong>sine</strong></span> <span class='ocrx_word' id='word_1_113' title='bbox 521 1475 1004 1534; x_wconf 78' lang='lat' dir='ltr'><strong>verisimilitudine</strong></span> <span class='ocrx_word' id='word_1_114' title='bbox 1055 1483 1337 1542; x_wconf 85' lang='lat' dir='ltr'><strong>conlidens</strong></span> <span class='ocrx_word' id='word_1_115' title='bbox 1394 1487 1537 1542; x_wconf 83' lang='lat' dir='ltr'><strong>haud</strong></span> <span class='ocrx_word' id='word_1_116' title='bbox 1589 1487 1750 1557; x_wconf 78' lang='lat' dir='ltr'><strong>longe</strong></span> <span class='ocrx_word' id='word_1_117' title='bbox 1789 1488 1870 1544; x_wconf 89' lang='lat' dir='ltr'><strong>sic</strong></span> <span class='ocrx_word' id='word_1_118' title='bbox 1915 1504 1947 1543; x_wconf 89' lang='lat' dir='ltr'><strong>a</strong></span> 
     </span>
    </p>
   </div>
   <div class='ocr_carea' id='block_1_17' title="bbox 360 1569 1950 1652">
    <p class='ocr_par' dir='ltr' id='par_1_17' title="bbox 360 1569 1950 1652">
     <span class='ocr_line' id='line_1_17' title="bbox 360 1569 1950 1652; baseline 0.014 -35"><span class='ocrx_word' id='word_1_119' title='bbox 360 1581 497 1621; x_wconf 76' lang='lat' dir='ltr'><strong>vera</strong></span> <span class='ocrx_word' id='word_1_120' title='bbox 536 1569 864 1639; x_wconf 72' lang='lat' dir='ltr'><strong>primigenia</strong></span> <span class='ocrx_word' id='word_1_121' title='bbox 920 1574 1222 1645; x_wconf 80' lang='lat' dir='ltr'><strong>scriptione</strong></span> <span class='ocrx_word' id='word_1_122' title='bbox 1277 1580 1469 1636; x_wconf 85' lang='lat' dir='ltr'><strong>abesse</strong></span> <span class='ocrx_word' id='word_1_123' title='bbox 1517 1582 1660 1638; x_wconf 90' lang='lat' dir='ltr'><strong>hunc</strong></span> <span class='ocrx_word' id='word_1_124' title='bbox 1711 1581 1788 1637; x_wconf 91' lang='lat' dir='ltr'><strong>ita</strong></span> <span class='ocrx_word' id='word_1_125' title='bbox 1819 1598 1950 1652; x_wconf 86' lang='lat' dir='ltr'><strong>sup-</strong></span> 
     </span>
    </p>
   </div>
   <div class='ocr_carea' id='block_1_18' title="bbox 355 1659 809 1730">
    <p class='ocr_par' dir='ltr' id='par_1_18' title="bbox 355 1659 809 1730">
     <span class='ocr_line' id='line_1_18' title="bbox 355 1659 809 1730; baseline 0.013 -17"><span class='ocrx_word' id='word_1_126' title='bbox 355 1659 574 1730; x_wconf 87' lang='lat' dir='ltr'><strong>pletum</strong></span> <span class='ocrx_word' id='word_1_127' title='bbox 606 1662 809 1719; x_wconf 88' lang='lat' dir='ltr'><strong>locum.</strong></span> 
     </span>
    </p>
   </div>
   <div class='ocr_carea' id='block_1_19' title="bbox 429 1741 2023 1849">
    <p class='ocr_par' dir='ltr' id='par_1_19' title="bbox 429 1741 2023 1849">
     <span class='ocr_line' id='line_1_19' title="bbox 429 1741 2023 1849; baseline 0.01 -41"><span class='ocrx_word' id='word_1_128' title='bbox 429 1749 501 1810; x_wconf 86' lang='lat' dir='ltr'><strong>P.</strong></span> <span class='ocrx_word' id='word_1_129' title='bbox 535 1753 664 1849; x_wconf 29' lang='lat' dir='ltr'><strong>458‘t</strong></span> <span class='ocrx_word' id='word_1_130' title='bbox 690 1758 839 1849; x_wconf 61' lang='lat' dir='ltr'><strong>llaec</strong></span> <span class='ocrx_word' id='word_1_131' title='bbox 888 1775 1009 1829; x_wconf 84' lang='lat' dir='ltr'><strong>quae</strong></span> <span class='ocrx_word' id='word_1_132' title='bbox 1048 1760 1411 1836; x_wconf 84' lang='lat' dir='ltr'><strong>Pachymeres</strong></span> <span class='ocrx_word' id='word_1_133' title='bbox 1441 1765 1543 1822; x_wconf 88' lang='lat' dir='ltr'><strong>hoc</strong></span> <span class='ocrx_word' id='word_1_134' title='bbox 1577 1766 1696 1849; x_wconf 81' lang='lat' dir='ltr'><strong>loco</strong></span> <span class='ocrx_word' id='word_1_135' title='bbox 1728 1768 1798 1824; x_wconf 89' lang='lat' dir='ltr'><strong>de</strong></span> <span class='ocrx_word' id='word_1_136' title='bbox 1849 1768 1950 1825; x_wconf 80' lang='lat' dir='ltr'><strong>Ca-</strong></span> <span class='ocrx_word' id='word_1_137' title='bbox 1982 1741 2023 1795; x_wconf 70' lang='grc' dir='ltr'><strong>Β</strong></span> 
     </span>
    </p>
   </div>
   <div class='ocr_carea' id='block_1_20' title="bbox 354 1844 1953 1922">
    <p class='ocr_par' dir='ltr' id='par_1_20' title="bbox 354 1844 1953 1922">
     <span class='ocr_line' id='line_1_20' title="bbox 354 1844 1953 1922; baseline 0.016 -30"><span class='ocrx_word' id='word_1_138' title='bbox 354 1853 505 1895; x_wconf 69' lang='lat' dir='ltr'><strong>sane</strong></span> <span class='ocrx_word' id='word_1_139' title='bbox 537 1844 747 1912; x_wconf 84' lang='lat' dir='ltr'><strong>scribit,</strong></span> <span class='ocrx_word' id='word_1_140' title='bbox 776 1849 1021 1905; x_wconf 81' lang='lat' dir='ltr'><strong>caruisse</strong></span> <span class='ocrx_word' id='word_1_141' title='bbox 1054 1850 1203 1906; x_wconf 89' lang='lat' dir='ltr'><strong>illum</strong></span> <span class='ocrx_word' id='word_1_142' title='bbox 1234 1852 1445 1922; x_wconf 86' lang='lat' dir='ltr'><strong>liberis,</strong></span> <span class='ocrx_word' id='word_1_143' title='bbox 1477 1872 1581 1911; x_wconf 93' lang='lat' dir='ltr'><strong>non</strong></span> <span class='ocrx_word' id='word_1_144' title='bbox 1615 1844 1752 1914; x_wconf 87' lang='lat' dir='ltr'><strong>bene</strong></span> <span class='ocrx_word' id='word_1_145' title='bbox 1774 1860 1953 1916; x_wconf 61' lang='lat' dir='ltr'><strong>cobe-</strong></span> 
     </span>
    </p>
   </div>
   <div class='ocr_carea' id='block_1_21' title="bbox 352 1938 1946 2021">
    <p class='ocr_par' dir='ltr' id='par_1_21' title="bbox 352 1938 1946 2021">
     <span class='ocr_line' id='line_1_21' title="bbox 352 1938 1946 2021; baseline 0.012 -31"><span class='ocrx_word' id='word_1_146' title='bbox 352 1941 486 1991; x_wconf 90' lang='lat' dir='ltr'><strong>rent</strong></span> <span class='ocrx_word' id='word_1_147' title='bbox 537 1951 663 2004; x_wconf 88' lang='lat' dir='ltr'><strong>cum</strong></span> <span class='ocrx_word' id='word_1_148' title='bbox 716 1938 785 1995; x_wconf 90' lang='lat' dir='ltr'><strong>iis</strong></span> <span class='ocrx_word' id='word_1_149' title='bbox 831 1955 953 2010; x_wconf 76' lang='lat' dir='ltr'><strong>qua:</strong></span> <span class='ocrx_word' id='word_1_150' title='bbox 988 1941 1268 2011; x_wconf 77' lang='lat' dir='ltr'><strong>Villanins.</strong></span> <span class='ocrx_word' id='word_1_151' title='bbox 1296 1947 1391 2004; x_wconf 92' lang='lat' dir='ltr'><strong>lib.</strong></span> <span class='ocrx_word' id='word_1_152' title='bbox 1422 1966 1542 2017; x_wconf 82' lang='lat' dir='ltr'><strong>vm,</strong></span> <span class='ocrx_word' id='word_1_153' title='bbox 1571 1966 1623 2008; x_wconf 89' lang='lat' dir='ltr'><strong>c.</strong></span> <span class='ocrx_word' id='word_1_154' title='bbox 1669 1953 1760 2021; x_wconf 80' lang='lat'><strong>35,</strong></span> <span class='ocrx_word' id='word_1_155' title='bbox 1794 1965 1850 2011; x_wconf 78' lang='lat' dir='ltr'><strong>et</strong></span> <span class='ocrx_word' id='word_1_156' title='bbox 1881 1969 1946 2010; x_wconf 77' lang='lat' dir='ltr'><strong>ex</strong></span> 
     </span>
    </p>
   </div>
   <div class='ocr_carea' id='block_1_22' title="bbox 351 2030 1949 2113">
    <p class='ocr_par' dir='ltr' id='par_1_22' title="bbox 351 2030 1949 2113">
     <span class='ocr_line' id='line_1_22' title="bbox 351 2030 1949 2113; baseline 0.014 -35"><span class='ocrx_word' id='word_1_157' title='bbox 351 2036 425 2079; x_wconf 88' lang='lat' dir='ltr'><strong>eo</strong></span> <span class='ocrx_word' id='word_1_158' title='bbox 480 2036 705 2083; x_wconf 75' lang='lat' dir='ltr'><strong>sanctus</strong></span> <span class='ocrx_word' id='word_1_159' title='bbox 734 2030 1071 2100; x_wconf 81' lang='lat' dir='ltr'><strong>Antoninus,</strong></span> <span class='ocrx_word' id='word_1_160' title='bbox 1105 2037 1190 2092; x_wconf 91' lang='lat' dir='ltr'><strong>tit.</strong></span> <span class='ocrx_word' id='word_1_161' title='bbox 1229 2037 1326 2107; x_wconf 72' lang='lat'><strong>20,</strong></span> <span class='ocrx_word' id='word_1_162' title='bbox 1384 2056 1435 2099; x_wconf 91' lang='lat' dir='ltr'><strong>c.</strong></span> <span class='ocrx_word' id='word_1_163' title='bbox 1470 2042 1579 2113; x_wconf 72' lang='lat'><strong>8,5</strong></span> <span class='ocrx_word' id='word_1_164' title='bbox 1614 2042 1668 2110; x_wconf 87' lang='lat'><strong>9,</strong></span> <span class='ocrx_word' id='word_1_165' title='bbox 1702 2060 1768 2101; x_wconf 74' lang='lat' dir='ltr'><strong>es</strong></span> <span class='ocrx_word' id='word_1_166' title='bbox 1804 2046 1949 2101; x_wconf 87' lang='lat' dir='ltr'><strong>rela-</strong></span> 
     </span>
    </p>
   </div>
   <div class='ocr_carea' id='block_1_23' title="bbox 355 2116 1948 2199">
    <p class='ocr_par' dir='ltr' id='par_1_23' title="bbox 355 2116 1948 2199">
     <span class='ocr_line' id='line_1_23' title="bbox 355 2116 1948 2199; baseline 0.018 -28"><span class='ocrx_word' id='word_1_167' title='bbox 355 2116 518 2174; x_wconf 83' lang='lat' dir='ltr'><strong>tione</strong></span> <span class='ocrx_word' id='word_1_168' title='bbox 570 2120 859 2193; x_wconf 82' lang='lat' dir='ltr'><strong>cnjusdam</strong></span> <span class='ocrx_word' id='word_1_169' title='bbox 917 2127 1056 2185; x_wconf 84' lang='lat' dir='ltr'><strong>civis</strong></span> <span class='ocrx_word' id='word_1_170' title='bbox 1112 2129 1415 2189; x_wconf 82' lang='lat' dir='ltr'><strong>Florentiui</strong></span> <span class='ocrx_word' id='word_1_171' title='bbox 1464 2136 1556 2192; x_wconf 87' lang='lat' dir='ltr'><strong>diu</strong></span> <span class='ocrx_word' id='word_1_172' title='bbox 1608 2136 1664 2195; x_wconf 88' lang='lat' dir='ltr'><strong>in</strong></span> <span class='ocrx_word' id='word_1_173' title='bbox 1719 2136 1948 2199; x_wconf 75' lang='lat' dir='ltr'><strong>Perside</strong></span> 
     </span>
    </p>
   </div>
   <div class='ocr_carea' id='block_1_24' title="bbox 350 2212 1947 2292">
    <p class='ocr_par' dir='ltr' id='par_1_24' title="bbox 350 2212 1947 2292">
     <span class='ocr_line' id='line_1_24' title="bbox 350 2212 1947 2292; baseline 0.017 -28"><span class='ocrx_word' id='word_1_174' title='bbox 350 2212 569 2270; x_wconf 81' lang='lat' dir='ltr'><strong>versati</strong></span> <span class='ocrx_word' id='word_1_175' title='bbox 602 2229 932 2277; x_wconf 77' lang='lat' dir='ltr'><strong>memorant.</strong></span> <span class='ocrx_word' id='word_1_176' title='bbox 960 2220 1229 2281; x_wconf 78' lang='lat' dir='ltr'><strong>Nimirum</strong></span> <span class='ocrx_word' id='word_1_177' title='bbox 1261 2223 1505 2285; x_wconf 81' lang='lat' dir='ltr'><strong>Cassano</strong></span> <span class='ocrx_word' id='word_1_178' title='bbox 1527 2246 1752 2287; x_wconf 82' lang='lat' dir='ltr'><strong>uxorem</strong></span> <span class='ocrx_word' id='word_1_179' title='bbox 1780 2234 1947 2292; x_wconf 87' lang='lat' dir='ltr'><strong>fuisse</strong></span> 
     </span>
    </p>
   </div>
   <div class='ocr_carea' id='block_1_25' title="bbox 354 2302 1948 2396">
    <p class='ocr_par' dir='ltr' id='par_1_25' title="bbox 354 2302 1948 2396">
     <span class='ocr_line' id='line_1_25' title="bbox 354 2302 1948 2396; baseline 0.016 -40"><span class='ocrx_word' id='word_1_180' title='bbox 354 2302 529 2361; x_wconf 82' lang='lat' dir='ltr'><strong>tiliam</strong></span> <span class='ocrx_word' id='word_1_181' title='bbox 566 2307 710 2381; x_wconf 69' lang='lat' dir='ltr'><strong>regis</strong></span> <span class='ocrx_word' id='word_1_182' title='bbox 748 2312 1025 2370; x_wconf 66' lang='lat' dir='ltr'><strong>Armenia</strong></span> <span class='ocrx_word' id='word_1_183' title='bbox 1061 2318 1548 2389; x_wconf 85' lang='lat' dir='ltr'><strong>speciosissimam,</strong></span> <span class='ocrx_word' id='word_1_184' title='bbox 1590 2326 1948 2396; x_wconf 84' lang='lat' dir='ltr'><strong>eamdemque</strong></span> 
     </span>
    </p>
   </div>
   <div class='ocr_carea' id='block_1_26' title="bbox 352 2396 1946 2477">
    <p class='ocr_par' dir='ltr' id='par_1_26' title="bbox 352 2396 1946 2477">
     <span class='ocr_line' id='line_1_26' title="bbox 352 2396 1946 2477; baseline 0.016 -26"><span class='ocrx_word' id='word_1_185' title='bbox 352 2396 738 2458; x_wconf 80' lang='lat' dir='ltr'><strong>Christianam</strong></span> <span class='ocrx_word' id='word_1_186' title='bbox 771 2421 786 2471; x_wconf 88' lang='lat'><strong>;</strong></span> <span class='ocrx_word' id='word_1_187' title='bbox 828 2420 893 2461; x_wconf 83' lang='lat' dir='ltr'><strong>ex</strong></span> <span class='ocrx_word' id='word_1_188' title='bbox 931 2422 1035 2477; x_wconf 89' lang='lat' dir='ltr'><strong>qua</strong></span> <span class='ocrx_word' id='word_1_189' title='bbox 1061 2423 1185 2466; x_wconf 91' lang='lat' dir='ltr'><strong>cum</strong></span> <span class='ocrx_word' id='word_1_190' title='bbox 1220 2413 1268 2467; x_wconf 88' lang='lat' dir='ltr'><strong>ei</strong></span> <span class='ocrx_word' id='word_1_191' title='bbox 1300 2424 1468 2471; x_wconf 89' lang='lat' dir='ltr'><strong>natus</strong></span> <span class='ocrx_word' id='word_1_192' title='bbox 1506 2426 1650 2473; x_wconf 88' lang='lat' dir='ltr'><strong>esset</strong></span> <span class='ocrx_word' id='word_1_193' title='bbox 1692 2417 1837 2474; x_wconf 81' lang='lat' dir='ltr'><strong>illius</strong></span> <span class='ocrx_word' id='word_1_194' title='bbox 1870 2421 1946 2476; x_wconf 86' lang='lat' dir='ltr'><strong>ita</strong></span> 
     </span>
    </p>
   </div>
   <div class='ocr_carea' id='block_1_27' title="bbox 352 2492 1944 2582">
    <p class='ocr_par' dir='ltr' id='par_1_27' title="bbox 352 2492 1944 2582">
     <span class='ocr_line' id='line_1_27' title="bbox 352 2492 1944 2582; baseline 0.013 -35"><span class='ocrx_word' id='word_1_195' title='bbox 352 2492 622 2552; x_wconf 80' lang='lat' dir='ltr'><strong>deformis</strong></span> <span class='ocrx_word' id='word_1_196' title='bbox 657 2507 715 2554; x_wconf 89' lang='lat' dir='ltr'><strong>ut</strong></span> <span class='ocrx_word' id='word_1_197' title='bbox 750 2499 836 2555; x_wconf 78' lang='lat' dir='ltr'><strong>vix</strong></span> <span class='ocrx_word' id='word_1_198' title='bbox 874 2501 1101 2559; x_wconf 84' lang='lat' dir='ltr'><strong>humani</strong></span> <span class='ocrx_word' id='word_1_199' title='bbox 1149 2505 1353 2578; x_wconf 83' lang='lat' dir='ltr'><strong>aliquid</strong></span> <span class='ocrx_word' id='word_1_200' title='bbox 1391 2507 1594 2567; x_wconf 82' lang='lat' dir='ltr'><strong>habere</strong></span> <span class='ocrx_word' id='word_1_201' title='bbox 1643 2511 1944 2582; x_wconf 81' lang='lat' dir='ltr'><strong>videretur,</strong></span> 
     </span>
    </p>
   </div>
   <div class='ocr_carea' id='block_1_28' title="bbox 350 2582 1943 2672">
    <p class='ocr_par' dir='ltr' id='par_1_28' title="bbox 350 2582 1943 2672">
     <span class='ocr_line' id='line_1_28' title="bbox 350 2582 1943 2672; baseline 0.015 -33"><span class='ocrx_word' id='word_1_202' title='bbox 350 2582 664 2644; x_wconf 77' lang='lat' dir='ltr'><strong>Cassauutn</strong></span> <span class='ocrx_word' id='word_1_203' title='bbox 720 2605 941 2649; x_wconf 80' lang='lat' dir='ltr'><strong>uxorem</strong></span> <span class='ocrx_word' id='word_1_204' title='bbox 975 2597 1132 2667; x_wconf 88' lang='lat' dir='ltr'><strong>quasi</strong></span> <span class='ocrx_word' id='word_1_205' title='bbox 1165 2611 1505 2672; x_wconf 81' lang='lat' dir='ltr'><strong>cmupertam</strong></span> <span class='ocrx_word' id='word_1_206' title='bbox 1553 2604 1805 2660; x_wconf 85' lang='lat' dir='ltr'><strong>adulterii</strong></span> <span class='ocrx_word' id='word_1_207' title='bbox 1834 2621 1943 2663; x_wconf 89' lang='lat' dir='ltr'><strong>una</strong></span> 
     </span>
    </p>
   </div>
   <div class='ocr_carea' id='block_1_29' title="bbox 352 2688 1942 2765">
    <p class='ocr_par' dir='ltr' id='par_1_29' title="bbox 352 2688 1942 2765">
     <span class='ocr_line' id='line_1_29' title="bbox 352 2688 1942 2765; baseline 0.014 -33"><span class='ocrx_word' id='word_1_208' title='bbox 352 2693 482 2733; x_wconf 91' lang='lat' dir='ltr'><strong>cum</strong></span> <span class='ocrx_word' id='word_1_209' title='bbox 512 2688 848 2753; x_wconf 74' lang='lat' dir='ltr'><strong>trionstl&#39;bso,</strong></span> <span class='ocrx_word' id='word_1_210' title='bbox 880 2701 1041 2757; x_wconf 85' lang='lat' dir='ltr'><strong>quem</strong></span> <span class='ocrx_word' id='word_1_211' title='bbox 1074 2705 1137 2745; x_wconf 81' lang='lat' dir='ltr'><strong>ex</strong></span> <span class='ocrx_word' id='word_1_212' title='bbox 1191 2706 1252 2747; x_wconf 86' lang='lat' dir='ltr'><strong>se</strong></span> <span class='ocrx_word' id='word_1_213' title='bbox 1283 2698 1779 2765; x_wconf 72' lang='lat' dir='ltr'><strong>negareteditnm,</strong></span> <span class='ocrx_word' id='word_1_214' title='bbox 1810 2698 1942 2755; x_wconf 74' lang='lat' dir='ltr'><strong>fretu</strong></span> 
     </span>
    </p>
   </div>
   <div class='ocr_carea' id='block_1_30' title="bbox 352 2769 1941 2861">
    <p class='ocr_par' dir='ltr' id='par_1_30' title="bbox 352 2769 1941 2861">
     <span class='ocr_line' id='line_1_30' title="bbox 352 2769 1941 2861; baseline 0.016 -37"><span class='ocrx_word' id='word_1_215' title='bbox 352 2769 617 2829; x_wconf 87' lang='lat' dir='ltr'><strong>incendio</strong></span> <span class='ocrx_word' id='word_1_216' title='bbox 649 2777 843 2847; x_wconf 87' lang='lat' dir='ltr'><strong>perimi</strong></span> <span class='ocrx_word' id='word_1_217' title='bbox 880 2782 1191 2842; x_wconf 77' lang='lat' dir='ltr'><strong>mandasse.</strong></span> <span class='ocrx_word' id='word_1_218' title='bbox 1236 2784 1341 2841; x_wconf 86' lang='lat' dir='ltr'><strong>Sed</strong></span> <span class='ocrx_word' id='word_1_219' title='bbox 1378 2803 1499 2842; x_wconf 90' lang='lat' dir='ltr'><strong>cum</strong></span> <span class='ocrx_word' id='word_1_220' title='bbox 1548 2791 1941 2861; x_wconf 83' lang='lat' dir='ltr'><strong>impetrasseta</strong></span> 
     </span>
    </p>
   </div>
   <div class='ocr_carea' id='block_1_31' title="bbox 352 2862 1941 2957">
    <p class='ocr_par' dir='ltr' id='par_1_31' title="bbox 352 2862 1941 2957">
     <span class='ocr_line' id='line_1_31' title="bbox 352 2862 1941 2957; baseline 0.015 -41"><span class='ocrx_word' id='word_1_221' title='bbox 352 2862 611 2922; x_wconf 87' lang='lat' dir='ltr'><strong>Cassano</strong></span> <span class='ocrx_word' id='word_1_222' title='bbox 637 2870 836 2927; x_wconf 89' lang='lat' dir='ltr'><strong>mulier</strong></span> <span class='ocrx_word' id='word_1_223' title='bbox 864 2883 921 2929; x_wconf 90' lang='grc' dir='ltr'><strong>ιιι</strong></span> <span class='ocrx_word' id='word_1_224' title='bbox 946 2874 1052 2930; x_wconf 89' lang='lat' dir='ltr'><strong>sibi</strong></span> <span class='ocrx_word' id='word_1_225' title='bbox 1086 2893 1184 2945; x_wconf 86' lang='lat' dir='ltr'><strong>per</strong></span> <span class='ocrx_word' id='word_1_226' title='bbox 1230 2893 1355 2933; x_wconf 77' lang='lat' dir='ltr'><strong>eum</strong></span> <span class='ocrx_word' id='word_1_227' title='bbox 1398 2880 1615 2948; x_wconf 86' lang='lat' dir='ltr'><strong>liceret,</strong></span> <span class='ocrx_word' id='word_1_228' title='bbox 1652 2891 1941 2957; x_wconf 83' lang='lat' dir='ltr'><strong>antequam</strong></span> 
     </span>
    </p>
   </div>
   <div class='ocr_carea' id='block_1_32' title="bbox 348 2953 1942 3047">
    <p class='ocr_par' dir='ltr' id='par_1_32' title="bbox 348 2953 1942 3047">
     <span class='ocr_line' id='line_1_32' title="bbox 348 2953 1942 3047; baseline 0.014 -38"><span class='ocrx_word' id='word_1_229' title='bbox 348 2953 596 3014; x_wconf 72' lang='lat' dir='ltr'><strong>ﬂammis</strong></span> <span class='ocrx_word' id='word_1_230' title='bbox 649 2975 772 3017; x_wconf 86' lang='lat' dir='ltr'><strong>cum</strong></span> <span class='ocrx_word' id='word_1_231' title='bbox 808 2979 978 3031; x_wconf 86' lang='lat' dir='ltr'><strong>puero</strong></span> <span class='ocrx_word' id='word_1_232' title='bbox 1029 2970 1360 3039; x_wconf 78' lang='lat' dir='ltr'><strong>traderetur,</strong></span> <span class='ocrx_word' id='word_1_233' title='bbox 1418 2973 1761 3032; x_wconf 78' lang='lat' dir='ltr'><strong>confessione</strong></span> <span class='ocrx_word' id='word_1_234' title='bbox 1795 2953 1942 3047; x_wconf 72' lang='lat' dir='ltr'><strong>apud</strong></span> 
     </span>
    </p>
   </div>
   <div class='ocr_carea' id='block_1_33' title="bbox 350 3053 1939 3129">
    <p class='ocr_par' dir='ltr' id='par_1_33' title="bbox 350 3053 1939 3129">
     <span class='ocr_line' id='line_1_33' title="bbox 350 3053 1939 3129; baseline 0.014 -24"><span class='ocrx_word' id='word_1_235' title='bbox 350 3053 700 3111; x_wconf 71' lang='lat' dir='ltr'><strong>sacerdotem</strong></span> <span class='ocrx_word' id='word_1_236' title='bbox 738 3073 972 3129; x_wconf 70' lang='lat' dir='ltr'><strong>purgare</strong></span> <span class='ocrx_word' id='word_1_237' title='bbox 1018 3062 1260 3118; x_wconf 79' lang='lat' dir='ltr'><strong>aninmm</strong></span> <span class='ocrx_word' id='word_1_238' title='bbox 1313 3076 1368 3122; x_wconf 86' lang='lat' dir='ltr'><strong>et</strong></span> <span class='ocrx_word' id='word_1_239' title='bbox 1411 3082 1627 3124; x_wconf 86' lang='lat' dir='ltr'><strong>sacram</strong></span> <span class='ocrx_word' id='word_1_240' title='bbox 1672 3070 1939 3128; x_wconf 78' lang='lat' dir='ltr'><strong>Euchari-</strong></span> 
     </span>
    </p>
   </div>
   <div class='ocr_carea' id='block_1_34' title="bbox 349 3145 1939 3235">
    <p class='ocr_par' dir='ltr' id='par_1_34' title="bbox 349 3145 1939 3235">
     <span class='ocr_line' id='line_1_34' title="bbox 349 3145 1939 3235; baseline 0.012 -35"><span class='ocrx_word' id='word_1_241' title='bbox 349 3145 517 3202; x_wconf 88' lang='lat' dir='ltr'><strong>stiam</strong></span> <span class='ocrx_word' id='word_1_242' title='bbox 552 3148 832 3219; x_wconf 85' lang='lat' dir='ltr'><strong>percipere</strong></span> <span class='ocrx_word' id='word_1_243' title='bbox 872 3152 1150 3227; x_wconf 83' lang='lat' dir='ltr'><strong>liliumque</strong></span> <span class='ocrx_word' id='word_1_244' title='bbox 1209 3159 1509 3230; x_wconf 79' lang='lat' dir='ltr'><strong>baptizare,</strong></span> <span class='ocrx_word' id='word_1_245' title='bbox 1555 3162 1720 3235; x_wconf 78' lang='lat'><strong>767</strong></span> <span class='ocrx_word' id='word_1_246' title='bbox 1766 3164 1939 3220; x_wconf 89' lang='lat' dir='ltr'><strong>conti-</strong></span> 
     </span>
    </p>
   </div>
   <div class='ocr_carea' id='block_1_35' title="bbox 348 3236 1939 3325">
    <p class='ocr_par' dir='ltr' id='par_1_35' title="bbox 348 3236 1939 3325">
     <span class='ocr_line' id='line_1_35' title="bbox 348 3236 1939 3325; baseline 0.014 -35"><span class='ocrx_word' id='word_1_247' title='bbox 348 3236 504 3311; x_wconf 66' lang='lat' dir='ltr'><strong>gisse</strong></span> <span class='ocrx_word' id='word_1_248' title='bbox 536 3250 597 3295; x_wconf 92' lang='lat' dir='ltr'><strong>ut</strong></span> <span class='ocrx_word' id='word_1_249' title='bbox 619 3256 779 3298; x_wconf 85' lang='lat' dir='ltr'><strong>sacro</strong></span> <span class='ocrx_word' id='word_1_250' title='bbox 811 3243 1030 3303; x_wconf 84' lang='lat' dir='ltr'><strong>lavacro</strong></span> <span class='ocrx_word' id='word_1_251' title='bbox 1084 3248 1285 3306; x_wconf 84' lang='lat' dir='ltr'><strong>tinctus</strong></span> <span class='ocrx_word' id='word_1_252' title='bbox 1317 3265 1454 3321; x_wconf 85' lang='lat' dir='ltr'><strong>puer</strong></span> <span class='ocrx_word' id='word_1_253' title='bbox 1483 3267 1706 3325; x_wconf 88' lang='lat' dir='ltr'><strong>repente</strong></span> <span class='ocrx_word' id='word_1_254' title='bbox 1733 3254 1939 3313; x_wconf 86' lang='lat' dir='ltr'><strong>formo-</strong></span> 
     </span>
    </p>
   </div>
   <div class='ocr_carea' id='block_1_36' title="bbox 346 3334 1938 3409">
    <p class='ocr_par' dir='ltr' id='par_1_36' title="bbox 346 3334 1938 3409">
     <span class='ocr_line' id='line_1_36' title="bbox 346 3334 1938 3409; baseline 0.012 -20"><span class='ocrx_word' id='word_1_255' title='bbox 346 3334 607 3401; x_wconf 84' lang='lat' dir='ltr'><strong>sissimus</strong></span> <span class='ocrx_word' id='word_1_256' title='bbox 639 3340 921 3398; x_wconf 74' lang='lat' dir='ltr'><strong>evaderet.</strong></span> <span class='ocrx_word' id='word_1_257' title='bbox 956 3340 1075 3409; x_wconf 83' lang='lat' dir='ltr'><strong>Quo</strong></span> <span class='ocrx_word' id='word_1_258' title='bbox 1114 3354 1300 3401; x_wconf 87' lang='lat' dir='ltr'><strong>motus</strong></span> <span class='ocrx_word' id='word_1_259' title='bbox 1329 3345 1603 3404; x_wconf 79' lang='lat' dir='ltr'><strong>Cassanus</strong></span> <span class='ocrx_word' id='word_1_260' title='bbox 1634 3365 1744 3405; x_wconf 87' lang='lat' dir='ltr'><strong>non</strong></span> <span class='ocrx_word' id='word_1_261' title='bbox 1776 3351 1938 3409; x_wconf 91' lang='lat' dir='ltr'><strong>modo</strong></span> 
     </span>
    </p>
   </div>
   <div class='ocr_carea' id='block_1_37' title="bbox 349 3430 1935 3516">
    <p class='ocr_par' dir='ltr' id='par_1_37' title="bbox 349 3430 1935 3516">
     <span class='ocr_line' id='line_1_37' title="bbox 349 3430 1935 3516; baseline 0.011 -33"><span class='ocrx_word' id='word_1_262' title='bbox 349 3430 634 3486; x_wconf 72' lang='lat' dir='ltr'><strong>revocavit</strong></span> <span class='ocrx_word' id='word_1_263' title='bbox 669 3447 913 3504; x_wconf 64' lang='lat' dir='ltr'><strong>preceps</strong></span> <span class='ocrx_word' id='word_1_264' title='bbox 969 3436 1257 3506; x_wconf 70' lang='lat' dir='ltr'><strong>judicium,</strong></span> <span class='ocrx_word' id='word_1_265' title='bbox 1299 3443 1392 3497; x_wconf 88' lang='lat' dir='ltr'><strong>sed</strong></span> <span class='ocrx_word' id='word_1_266' title='bbox 1417 3455 1472 3498; x_wconf 90' lang='lat' dir='ltr'><strong>et</strong></span> <span class='ocrx_word' id='word_1_267' title='bbox 1501 3442 1703 3499; x_wconf 78' lang='lat' dir='ltr'><strong>Christi</strong></span> <span class='ocrx_word' id='word_1_268' title='bbox 1758 3448 1935 3516; x_wconf 67' lang='lat' dir='ltr'><strong>palam</strong></span> 
     </span>
    </p>
   </div>
   <div class='ocr_carea' id='block_1_38' title="bbox 292 3513 1937 3609">
    <p class='ocr_par' dir='ltr' id='par_1_38' title="bbox 292 3513 1937 3609">
     <span class='ocr_line' id='line_1_38' title="bbox 292 3513 1937 3609; baseline 0.012 -30"><span class='ocrx_word' id='word_1_269' title='bbox 292 3513 294 3516; x_wconf 52' lang='grc'><em>’</em></span> <span class='ocrx_word' id='word_1_270' title='bbox 347 3524 671 3598; x_wconf 76' lang='lat' dir='ltr'><strong>religionem</strong></span> <span class='ocrx_word' id='word_1_271' title='bbox 701 3532 1119 3602; x_wconf 83' lang='lat' dir='ltr'><strong>est-amplexus.</strong></span> <span class='ocrx_word' id='word_1_272' title='bbox 1173 3533 1251 3590; x_wconf 84' lang='lat' dir='ltr'><strong>Ita</strong></span> <span class='ocrx_word' id='word_1_273' title='bbox 1293 3534 1412 3604; x_wconf 84' lang='lat' dir='ltr'><strong>illi;</strong></span> <span class='ocrx_word' id='word_1_274' title='bbox 1465 3553 1587 3609; x_wconf 72' lang='lat' dir='ltr'><strong>quae</strong></span> <span class='ocrx_word' id='word_1_275' title='bbox 1620 3554 1726 3594; x_wconf 89' lang='lat' dir='ltr'><strong>non</strong></span> <span class='ocrx_word' id='word_1_276' title='bbox 1761 3513 1937 3597; x_wconf 19' lang='lat' dir='ltr'><strong>tinuo-</strong></span> 
     </span>
    </p>
   </div>
   <div class='ocr_carea' id='block_1_39' title="bbox 348 3618 1934 3702">
    <p class='ocr_par' dir='ltr' id='par_1_39' title="bbox 348 3618 1934 3702">
     <span class='ocr_line' id='line_1_39' title="bbox 348 3618 1934 3702; baseline 0.011 -31"><span class='ocrx_word' id='word_1_277' title='bbox 348 3618 525 3673; x_wconf 87' lang='lat' dir='ltr'><strong>tuisse</strong></span> <span class='ocrx_word' id='word_1_278' title='bbox 570 3618 1059 3702; x_wconf 67' lang='lat' dir='ltr'><strong>Constantinopoli,</strong></span> <span class='ocrx_word' id='word_1_279' title='bbox 1090 3627 1256 3682; x_wconf 89' lang='lat' dir='ltr'><strong>etiam</strong></span> <span class='ocrx_word' id='word_1_280' title='bbox 1293 3629 1399 3685; x_wconf 87' lang='lat' dir='ltr'><strong>alio</strong></span> <span class='ocrx_word' id='word_1_281' title='bbox 1446 3645 1513 3687; x_wconf 82' lang='lat' dir='ltr'><strong>ex</strong></span> <span class='ocrx_word' id='word_1_282' title='bbox 1555 3631 1657 3689; x_wconf 89' lang='lat' dir='ltr'><strong>hac</strong></span> <span class='ocrx_word' id='word_1_283' title='bbox 1701 3632 1934 3690; x_wconf 85' lang='lat' dir='ltr'><strong>historia</strong></span> 
     </span>
    </p>
   </div>
   <div class='ocr_carea' id='block_1_40' title="bbox 347 3705 1937 3793">
    <p class='ocr_par' dir='ltr' id='par_1_40' title="bbox 347 3705 1937 3793">
     <span class='ocr_line' id='line_1_40' title="bbox 347 3705 1937 3793; baseline 0.013 -31"><span class='ocrx_word' id='word_1_284' title='bbox 347 3705 517 3764; x_wconf 87' lang='lat' dir='ltr'><strong>ducto</strong></span> <span class='ocrx_word' id='word_1_285' title='bbox 545 3723 870 3780; x_wconf 74' lang='lat' dir='ltr'><strong>argumento</strong></span> <span class='ocrx_word' id='word_1_286' title='bbox 906 3717 1188 3771; x_wconf 70' lang='lat' dir='ltr'><strong>suadetur.</strong></span> <span class='ocrx_word' id='word_1_287' title='bbox 1223 3717 1490 3789; x_wconf 81' lang='lat' dir='ltr'><strong>Superius</strong></span> <span class='ocrx_word' id='word_1_288' title='bbox 1521 3723 1691 3791; x_wconf 91' lang='lat' dir='ltr'><strong>enim,</strong></span> <span class='ocrx_word' id='word_1_289' title='bbox 1722 3738 1776 3793; x_wconf 92' lang='lat' dir='ltr'><strong>p.</strong></span> <span class='ocrx_word' id='word_1_290' title='bbox 1807 3725 1937 3790; x_wconf 69' lang='grc'><strong>402,</strong></span> 
     </span>
    </p>
   </div>
   <div class='ocr_carea' id='block_1_41' title="bbox 349 3803 1938 3874">
    <p class='ocr_par' dir='ltr' id='par_1_41' title="bbox 349 3803 1938 3874">
     <span class='ocr_line' id='line_1_41' title="bbox 349 3803 1938 3874; baseline 0.008 -15"><span class='ocrx_word' id='word_1_291' title='bbox 349 3803 572 3874; x_wconf 85' lang='lat' dir='ltr'><strong>scripsit</strong></span> <span class='ocrx_word' id='word_1_292' title='bbox 602 3814 790 3861; x_wconf 86' lang='lat' dir='ltr'><strong>uoster</strong></span> <span class='ocrx_word' id='word_1_293' title='bbox 836 3807 1211 3863; x_wconf 82' lang='lat' dir='ltr'><strong>Andronicum</strong></span> <span class='ocrx_word' id='word_1_294' title='bbox 1270 3812 1564 3869; x_wconf 84' lang='lat' dir='ltr'><strong>certiorem</strong></span> <span class='ocrx_word' id='word_1_295' title='bbox 1619 3815 1821 3871; x_wconf 88' lang='lat' dir='ltr'><strong>factum</strong></span> <span class='ocrx_word' id='word_1_296' title='bbox 1870 3817 1938 3872; x_wconf 87' lang='lat' dir='ltr'><strong>de</strong></span> 
     </span>
    </p>
   </div>
   <div class='ocr_carea' id='block_1_42' title="bbox 348 3897 1937 3981">
    <p class='ocr_par' dir='ltr' id='par_1_42' title="bbox 348 3897 1937 3981">
     <span class='ocr_line' id='line_1_42' title="bbox 348 3897 1937 3981; baseline 0.013 -31"><span class='ocrx_word' id='word_1_297' title='bbox 348 3897 597 3967; x_wconf 87' lang='lat' dir='ltr'><strong>potentia</strong></span> <span class='ocrx_word' id='word_1_298' title='bbox 629 3897 885 3966; x_wconf 78' lang='lat' dir='ltr'><strong>Cannis,</strong></span> <span class='ocrx_word' id='word_1_299' title='bbox 917 3911 977 3956; x_wconf 93' lang='lat' dir='ltr'><strong>ut</strong></span> <span class='ocrx_word' id='word_1_300' title='bbox 1004 3918 1131 3958; x_wconf 86' lang='lat' dir='ltr'><strong>eum</strong></span> <span class='ocrx_word' id='word_1_301' title='bbox 1163 3904 1267 3961; x_wconf 90' lang='lat' dir='ltr'><strong>sibi</strong></span> <span class='ocrx_word' id='word_1_302' title='bbox 1318 3909 1664 3981; x_wconf 70' lang='lat' dir='ltr'><strong>adiungeret.</strong></span> <span class='ocrx_word' id='word_1_303' title='bbox 1699 3910 1937 3971; x_wconf 84' lang='lat' dir='ltr'><strong>ol&#39;t‘eren-</strong></span> 
     </span>
    </p>
   </div>
   <div class='ocr_carea' id='block_1_43' title="bbox 349 3990 1933 4075">
    <p class='ocr_par' dir='ltr' id='par_1_43' title="bbox 349 3990 1933 4075">
     <span class='ocr_line' id='line_1_43' title="bbox 349 3990 1933 4075; baseline 0.011 -30"><span class='ocrx_word' id='word_1_304' title='bbox 349 3990 480 4047; x_wconf 89' lang='lat' dir='ltr'><strong>dam</strong></span> <span class='ocrx_word' id='word_1_305' title='bbox 510 3992 561 4048; x_wconf 92' lang='lat' dir='ltr'><strong>ei</strong></span> <span class='ocrx_word' id='word_1_306' title='bbox 590 4007 816 4049; x_wconf 86' lang='lat' dir='ltr'><strong>curasse</strong></span> <span class='ocrx_word' id='word_1_307' title='bbox 867 3994 1032 4049; x_wconf 84' lang='lat' dir='ltr'><strong>tltiam</strong></span> <span class='ocrx_word' id='word_1_308' title='bbox 1089 4012 1243 4053; x_wconf 85' lang='lat' dir='ltr'><strong>suam</strong></span> <span class='ocrx_word' id='word_1_309' title='bbox 1298 3998 1383 4072; x_wconf 89' lang='lat' dir='ltr'><strong>[P.</strong></span> <span class='ocrx_word' id='word_1_310' title='bbox 1434 4002 1565 4075; x_wconf 73' lang='lat'><strong>552]</strong></span> <span class='ocrx_word' id='word_1_311' title='bbox 1623 4007 1845 4061; x_wconf 82' lang='lat' dir='ltr'><strong>nothant</strong></span> <span class='ocrx_word' id='word_1_312' title='bbox 1882 4008 1933 4063; x_wconf 89' lang='lat' dir='ltr'><strong>in</strong></span> 
     </span>
    </p>
   </div>
   <div class='ocr_carea' id='block_1_44' title="bbox 349 4084 1936 4167">
    <p class='ocr_par' dir='ltr' id='par_1_44' title="bbox 349 4084 1936 4167">
     <span class='ocr_line' id='line_1_44' title="bbox 349 4084 1936 4167; baseline 0.009 -29"><span class='ocrx_word' id='word_1_313' title='bbox 349 4084 687 4155; x_wconf 68' lang='lat' dir='ltr'><strong>coniugem,</strong></span> <span class='ocrx_word' id='word_1_314' title='bbox 740 4101 903 4158; x_wconf 86' lang='lat' dir='ltr'><strong>quam</strong></span> <span class='ocrx_word' id='word_1_315' title='bbox 954 4097 1011 4145; x_wconf 88' lang='lat' dir='ltr'><strong>et</strong></span> <span class='ocrx_word' id='word_1_316' title='bbox 1072 4087 1161 4145; x_wconf 89' lang='lat' dir='ltr'><strong>ille</strong></span> <span class='ocrx_word' id='word_1_317' title='bbox 1218 4093 1652 4162; x_wconf 85' lang='lat' dir='ltr'><strong>propositionem</strong></span> <span class='ocrx_word' id='word_1_318' title='bbox 1703 4097 1936 4167; x_wconf 74' lang='lat' dir='ltr'><strong>benigne</strong></span> 
     </span>
    </p>
   </div>
   <div class='ocr_carea' id='block_1_45' title="bbox 348 4178 651 4249">
    <p class='ocr_par' dir='ltr' id='par_1_45' title="bbox 348 4178 651 4249">
     <span class='ocr_line' id='line_1_45' title="bbox 348 4178 651 4249; baseline 0.023 -19"><span class='ocrx_word' id='word_1_319' title='bbox 348 4178 651 4249; x_wconf 88' lang='lat' dir='ltr'><strong>acceperit.</strong></span> 
     </span>
    </p>
   </div>
   <div class='ocr_carea' id='block_1_46' title="bbox 415 4270 1940 4353">
    <p class='ocr_par' dir='ltr' id='par_1_46' title="bbox 415 4270 1940 4353">
     <span class='ocr_line' id='line_1_46' title="bbox 415 4270 1940 4353; baseline 0.008 -25"><span class='ocrx_word' id='word_1_320' title='bbox 415 4270 482 4328; x_wconf 83' lang='lat' dir='ltr'><strong>P.</strong></span> <span class='ocrx_word' id='word_1_321' title='bbox 513 4271 640 4330; x_wconf 68' lang='lat'><strong>459.</strong></span> <span class='ocrx_word' id='word_1_322' title='bbox 675 4271 849 4330; x_wconf 82' lang='lat' dir='ltr'><strong>Etiam</strong></span> <span class='ocrx_word' id='word_1_323' title='bbox 882 4277 1186 4348; x_wconf 79' lang='lat' dir='ltr'><strong>Aythonos,</strong></span> <span class='ocrx_word' id='word_1_324' title='bbox 1223 4294 1275 4335; x_wconf 90' lang='lat' dir='ltr'><strong>e.</strong></span> <span class='ocrx_word' id='word_1_325' title='bbox 1308 4279 1380 4335; x_wconf 70' lang='lat' dir='ltr'><strong>t5</strong></span> <span class='ocrx_word' id='word_1_326' title='bbox 1407 4281 1547 4340; x_wconf 83' lang='lat' dir='ltr'><strong>Hist.</strong></span> <span class='ocrx_word' id='word_1_327' title='bbox 1597 4281 1719 4353; x_wconf 88' lang='lat' dir='ltr'><strong>0r.,</strong></span> <span class='ocrx_word' id='word_1_328' title='bbox 1755 4295 1811 4343; x_wconf 89' lang='lat' dir='ltr'><strong>et</strong></span> <span class='ocrx_word' id='word_1_329' title='bbox 1837 4284 1940 4343; x_wconf 83' lang='lat' dir='ltr'><strong>Sa-</strong></span> 
     </span>
    </p>
   </div>
   <div class='ocr_carea' id='block_1_47' title="bbox 350 4364 1902 4441">
    <p class='ocr_par' dir='ltr' id='par_1_47' title="bbox 350 4364 1902 4441">
     <span class='ocr_line' id='line_1_47' title="bbox 350 4364 1902 4441; baseline 0.009 -19"><span class='ocrx_word' id='word_1_330' title='bbox 350 4375 539 4433; x_wconf 86' lang='lat' dir='ltr'><strong>nutus,</strong></span> <span class='ocrx_word' id='word_1_331' title='bbox 565 4364 603 4422; x_wconf 93' lang='lat' dir='ltr'><strong>l.</strong></span> <span class='ocrx_word' id='word_1_332' title='bbox 638 4382 724 4433; x_wconf 90' lang='grc' dir='ltr'>ιιι,</span> <span class='ocrx_word' id='word_1_333' title='bbox 761 4383 816 4441; x_wconf 89' lang='lat' dir='ltr'><strong>p.</strong></span> <span class='ocrx_word' id='word_1_334' title='bbox 850 4369 940 4435; x_wconf 78' lang='lat' dir='ltr'><strong>l3,</strong></span> <span class='ocrx_word' id='word_1_335' title='bbox 976 4385 1029 4427; x_wconf 92' lang='lat' dir='ltr'><strong>c.</strong></span> <span class='ocrx_word' id='word_1_336' title='bbox 1056 4372 1113 4435; x_wconf 90' lang='lat'><strong>8.</strong></span> <span class='ocrx_word' id='word_1_337' title='bbox 1149 4372 1360 4430; x_wconf 89' lang='lat' dir='ltr'><strong>diserte</strong></span> <span class='ocrx_word' id='word_1_338' title='bbox 1390 4374 1662 4433; x_wconf 79' lang='lat' dir='ltr'><strong>affirmant</strong></span> <span class='ocrx_word' id='word_1_339' title='bbox 1707 4394 1902 4436; x_wconf 88' lang='lat' dir='ltr'><strong>succes</strong></span> 
     </span>
    </p>
   </div>
   <div class='ocr_carea' id='block_1_48' title="bbox 2057 470 3634 546">
    <p class='ocr_par' dir='ltr' id='par_1_48' title="bbox 2057 470 3634 546">
     <span class='ocr_line' id='line_1_48' title="bbox 2057 470 3634 546; baseline 0.006 -21"><span class='ocrx_word' id='word_1_340' title='bbox 2057 470 2323 541; x_wconf 85' lang='lat' dir='ltr'><strong>subjectio</strong></span> <span class='ocrx_word' id='word_1_341' title='bbox 2358 473 2537 544; x_wconf 85' lang='lat' dir='ltr'><strong>populi</strong></span> <span class='ocrx_word' id='word_1_342' title='bbox 2571 474 2638 528; x_wconf 88' lang='lat' dir='ltr'><strong>ad</strong></span> <span class='ocrx_word' id='word_1_343' title='bbox 2677 476 2991 546; x_wconf 84' lang='lat' dir='ltr'><strong>episcopum</strong></span> <span class='ocrx_word' id='word_1_344' title='bbox 3028 487 3086 531; x_wconf 88' lang='lat' dir='ltr'><strong>ut</strong></span> <span class='ocrx_word' id='word_1_345' title='bbox 3122 479 3427 533; x_wconf 86' lang='lat' dir='ltr'><strong>necessaria</strong></span> <span class='ocrx_word' id='word_1_346' title='bbox 3473 494 3634 536; x_wconf 79' lang='lat' dir='ltr'><strong>coin-</strong></span> 
     </span>
    </p>
   </div>
   <div class='ocr_carea' id='block_1_49' title="bbox 2057 566 3634 642">
    <p class='ocr_par' dir='ltr' id='par_1_49' title="bbox 2057 566 3634 642">
     <span class='ocr_line' id='line_1_49' title="bbox 2057 566 3634 642; baseline 0.004 -25"><span class='ocrx_word' id='word_1_347' title='bbox 2057 566 2368 621; x_wconf 90' lang='lat' dir='ltr'><strong>mendatur.</strong></span> <span class='ocrx_word' id='word_1_348' title='bbox 2431 566 2688 623; x_wconf 80' lang='lat' dir='ltr'><strong>Indicabo</strong></span> <span class='ocrx_word' id='word_1_349' title='bbox 2743 570 2832 623; x_wconf 89' lang='lat' dir='ltr'><strong>hic</strong></span> <span class='ocrx_word' id='word_1_350' title='bbox 2864 570 3120 640; x_wconf 82' lang='lat' dir='ltr'><strong>,aliqnas.</strong></span> <span class='ocrx_word' id='word_1_351' title='bbox 3170 571 3225 625; x_wconf 87' lang='lat' dir='ltr'><strong>in</strong></span> <span class='ocrx_word' id='word_1_352' title='bbox 3286 571 3310 625; x_wconf 83' lang='lat' dir='ltr'><strong>l</strong></span> <span class='ocrx_word' id='word_1_353' title='bbox 3366 573 3531 642; x_wconf 85' lang='lat' dir='ltr'><strong>epist.</strong></span> <span class='ocrx_word' id='word_1_354' title='bbox 3566 574 3634 625; x_wconf 84' lang='lat' dir='ltr'><strong>ad</strong></span> 
     </span>
    </p>
   </div>
   <div class='ocr_carea' id='block_1_50' title="bbox 2057 653 3634 732">
    <p class='ocr_par' dir='ltr' id='par_1_50' title="bbox 2057 653 3634 732">
     <span class='ocr_line' id='line_1_50' title="bbox 2057 653 3634 732; baseline 0.006 -23"><span class='ocrx_word' id='word_1_355' title='bbox 2057 653 2406 728; x_wconf 70' lang='lat' dir='ltr'><strong>SmyrnseOs:</strong></span> <span class='ocrx_word' id='word_1_356' title='bbox 2463 660 2671 723; x_wconf 76' lang='grc' dir='ltr'><strong>Πάντες</strong></span> <span class='ocrx_word' id='word_1_357' title='bbox 2721 660 2800 731; x_wconf 81' lang='grc' dir='ltr'><strong>τῷ</strong></span> <span class='ocrx_word' id='word_1_358' title='bbox 2837 661 3122 732; x_wconf 62' lang='grc' dir='ltr'><strong>επισκόπῳ</strong></span> <span class='ocrx_word' id='word_1_359' title='bbox 3162 663 3507 718; x_wconf 74' lang='grc' dir='ltr'><strong>ἀκολουθεῖτε</strong></span> <span class='ocrx_word' id='word_1_360' title='bbox 3556 664 3634 729; x_wconf 77' lang='grc' dir='ltr'>ὡς</span> 
     </span>
    </p>
   </div>
   <div class='ocr_carea' id='block_1_51' title="bbox 2066 747 3635 828">
    <p class='ocr_par' dir='ltr' id='par_1_51' title="bbox 2066 747 3635 828">
     <span class='ocr_line' id='line_1_51' title="bbox 2066 747 3635 828; baseline 0.006 -28"><span class='ocrx_word' id='word_1_361' title='bbox 2066 747 2273 819; x_wconf 77' lang='grc' dir='ltr'><strong>Ἰησοῦς</strong></span> <span class='ocrx_word' id='word_1_362' title='bbox 2313 750 2547 821; x_wconf 73' lang='grc' dir='ltr'><strong>Χριστὸς</strong></span> <span class='ocrx_word' id='word_1_363' title='bbox 2569 750 2649 822; x_wconf 80' lang='grc' dir='ltr'>τῷ</span> <span class='ocrx_word' id='word_1_364' title='bbox 2683 753 2883 824; x_wconf 63' lang='lat' dir='ltr'><strong>&quot;arpi,</strong></span> <span class='ocrx_word' id='word_1_365' title='bbox 2920 754 3014 807; x_wconf 71' lang='grc' dir='ltr'><strong>καὶ</strong></span> <span class='ocrx_word' id='word_1_366' title='bbox 3037 753 3114 825; x_wconf 84' lang='grc' dir='ltr'><strong>τῷ</strong></span> <span class='ocrx_word' id='word_1_367' title='bbox 3144 756 3526 828; x_wconf 74' lang='grc' dir='ltr'><strong>πρεσϐυτερῐῳ</strong></span> <span class='ocrx_word' id='word_1_368' title='bbox 3557 750 3635 821; x_wconf 63' lang='grc' dir='ltr'><strong>ὡς</strong></span> 
     </span>
    </p>
   </div>
   <div class='ocr_carea' id='block_1_52' title="bbox 1998 839 3634 917">
    <p class='ocr_par' dir='ltr' id='par_1_52' title="bbox 1998 839 3634 917">
     <span class='ocr_line' id='line_1_52' title="bbox 1998 839 3634 917; baseline 0.002 -20"><span class='ocrx_word' id='word_1_369' title='bbox 1998 896 2001 897; x_wconf 30' lang='grc' dir='ltr'><strong>ν</strong></span> <span class='ocrx_word' id='word_1_370' title='bbox 2054 839 2376 903; x_wconf 77' lang='grc' dir='ltr'><strong>ἀποστόλοις</strong></span> <span class='ocrx_word' id='word_1_371' title='bbox 2404 881 2419 896; x_wconf 93' lang='grc'><strong>.</strong></span> <span class='ocrx_word' id='word_1_372' title='bbox 2454 880 2469 895; x_wconf 91' lang='grc'><strong>.</strong></span> <span class='ocrx_word' id='word_1_373' title='bbox 2508 879 2524 897; x_wconf 89' lang='lat'><strong>.</strong></span> <span class='ocrx_word' id='word_1_374' title='bbox 2554 882 2567 895; x_wconf 92' lang='lat'><strong>.</strong></span> <span class='ocrx_word' id='word_1_375' title='bbox 2604 843 2813 911; x_wconf 70' lang='grc' dir='ltr'><strong>Μηδεὶς</strong></span> <span class='ocrx_word' id='word_1_376' title='bbox 2842 846 3016 915; x_wconf 77' lang='grc' dir='ltr'>χωρὶς</span> <span class='ocrx_word' id='word_1_377' title='bbox 3053 846 3355 900; x_wconf 68' lang='grc' dir='ltr'><strong>ἐπισκόπου</strong></span> <span class='ocrx_word' id='word_1_378' title='bbox 3382 864 3435 899; x_wconf 81' lang='grc' dir='ltr'>τι</span> <span class='ocrx_word' id='word_1_379' title='bbox 3457 864 3634 917; x_wconf 68' lang='lat' dir='ltr'><strong>npu-</strong></span> 
     </span>
    </p>
   </div>
   <div class='ocr_carea' id='block_1_53' title="bbox 2054 931 3631 1010">
    <p class='ocr_par' dir='ltr' id='par_1_53' title="bbox 2054 931 3631 1010">
     <span class='ocr_line' id='line_1_53' title="bbox 2054 931 3631 1010; baseline 0.006 -25"><span class='ocrx_word' id='word_1_380' title='bbox 2054 931 2197 985; x_wconf 76' lang='grc' dir='ltr'><strong>σέτω</strong></span> <span class='ocrx_word' id='word_1_381' title='bbox 2221 934 2333 987; x_wconf 80' lang='grc' dir='ltr'><strong>τῶν</strong></span> <span class='ocrx_word' id='word_1_382' title='bbox 2380 935 2696 1004; x_wconf 80' lang='grc' dir='ltr'><strong>ἀνηκόντων</strong></span> <span class='ocrx_word' id='word_1_383' title='bbox 2725 938 2806 1001; x_wconf 79' lang='grc' dir='ltr'><strong>εἰς</strong></span> <span class='ocrx_word' id='word_1_384' title='bbox 2852 938 2952 1009; x_wconf 75' lang='grc' dir='ltr'><strong>τὴν</strong></span> <span class='ocrx_word' id='word_1_385' title='bbox 3009 937 3362 1008; x_wconf 77' lang='grc' dir='ltr'><strong>Ἐκκλησίαν.</strong></span> <span class='ocrx_word' id='word_1_386' title='bbox 3412 940 3631 1010; x_wconf 74' lang='grc' dir='ltr'>Ἐκεινη</span> 
     </span>
    </p>
   </div>
   <div class='ocr_carea' id='block_1_54' title="bbox 2056 1021 3634 1098">
    <p class='ocr_par' dir='ltr' id='par_1_54' title="bbox 2056 1021 3634 1098">
     <span class='ocr_line' id='line_1_54' title="bbox 2056 1021 3634 1098; baseline 0.005 -23"><span class='ocrx_word' id='word_1_387' title='bbox 2056 1021 2249 1093; x_wconf 67' lang='grc' dir='ltr'><strong>βεϐαία</strong></span> <span class='ocrx_word' id='word_1_388' title='bbox 2306 1024 2630 1096; x_wconf 75' lang='grc' dir='ltr'><strong>εὐχαριστία</strong></span> <span class='ocrx_word' id='word_1_389' title='bbox 2688 1028 2931 1098; x_wconf 77' lang='grc' dir='ltr'><strong>ἡγείσθω</strong></span> <span class='ocrx_word' id='word_1_390' title='bbox 2973 1030 3003 1098; x_wconf 74' lang='grc' dir='ltr'>ἡ</span> <span class='ocrx_word' id='word_1_391' title='bbox 3047 1029 3150 1082; x_wconf 81' lang='grc' dir='ltr'><strong>ὑπὸ</strong></span> <span class='ocrx_word' id='word_1_392' title='bbox 3193 1030 3286 1082; x_wconf 67' lang='grc' dir='ltr'>τὸν</span> <span class='ocrx_word' id='word_1_393' title='bbox 3332 1030 3634 1083; x_wconf 67' lang='grc' dir='ltr'>ἐπίσκοπον</span> 
     </span>
    </p>
   </div>
   <div class='ocr_carea' id='block_1_55' title="bbox 2050 1110 3636 1195">
    <p class='ocr_par' dir='ltr' id='par_1_55' title="bbox 2050 1110 3636 1195">
     <span class='ocr_line' id='line_1_55' title="bbox 2050 1110 3636 1195; baseline 0.005 -27"><span class='ocrx_word' id='word_1_394' title='bbox 2050 1112 2205 1182; x_wconf 74' lang='grc' dir='ltr'><strong>οὖσα,</strong></span> <span class='ocrx_word' id='word_1_395' title='bbox 2236 1116 2270 1186; x_wconf 79' lang='grc' dir='ltr'>ἦ</span> <span class='ocrx_word' id='word_1_396' title='bbox 2303 1110 2346 1185; x_wconf 81' lang='grc' dir='ltr'>ᾧ</span> <span class='ocrx_word' id='word_1_397' title='bbox 2389 1117 2455 1171; x_wconf 75' lang='grc' dir='ltr'><strong>ἂν</strong></span> <span class='ocrx_word' id='word_1_398' title='bbox 2486 1119 2646 1181; x_wconf 67' lang='grc' dir='ltr'><strong>αὐτὸς</strong></span> <span class='ocrx_word' id='word_1_399' title='bbox 2670 1121 2965 1192; x_wconf 62' lang='grc' dir='ltr'><strong>ἐπιτρέψῃ.</strong></span> <span class='ocrx_word' id='word_1_400' title='bbox 3004 1124 3177 1174; x_wconf 79' lang='grc' dir='ltr'><strong>Ὅπου</strong></span> <span class='ocrx_word' id='word_1_401' title='bbox 3209 1121 3275 1177; x_wconf 82' lang='grc' dir='ltr'>ἂν</span> <span class='ocrx_word' id='word_1_402' title='bbox 3300 1127 3441 1195; x_wconf 75' lang='grc' dir='ltr'>φανῇ</span> <span class='ocrx_word' id='word_1_403' title='bbox 3462 1127 3489 1177; x_wconf 81' lang='grc' dir='ltr'><strong>ὁ</strong></span> <span class='ocrx_word' id='word_1_404' title='bbox 3515 1123 3636 1176; x_wconf 71' lang='grc' dir='ltr'><strong>ἑπε-</strong></span> 
     </span>
    </p>
   </div>
   <div class='ocr_carea' id='block_1_56' title="bbox 2052 1210 3629 1289">
    <p class='ocr_par' dir='ltr' id='par_1_56' title="bbox 2052 1210 3629 1289">
     <span class='ocr_line' id='line_1_56' title="bbox 2052 1210 3629 1289; baseline 0.004 -27"><span class='ocrx_word' id='word_1_405' title='bbox 2052 1227 2272 1274; x_wconf 78' lang='grc' dir='ltr'><strong>σκοπος,</strong></span> <span class='ocrx_word' id='word_1_406' title='bbox 2307 1213 2424 1264; x_wconf 72' lang='grc' dir='ltr'><strong>ἐκεῖ</strong></span> <span class='ocrx_word' id='word_1_407' title='bbox 2442 1211 2501 1263; x_wconf 77' lang='grc' dir='ltr'>τὸ</span> <span class='ocrx_word' id='word_1_408' title='bbox 2534 1210 2735 1281; x_wconf 74' lang='grc' dir='ltr'><strong>πλῆθος</strong></span> <span class='ocrx_word' id='word_1_409' title='bbox 2764 1212 2923 1277; x_wconf 80' lang='grc' dir='ltr'><strong>ἔστω,</strong></span> <span class='ocrx_word' id='word_1_410' title='bbox 2954 1212 3145 1285; x_wconf 75' lang='grc' dir='ltr'><strong>ὥσπερ</strong></span> <span class='ocrx_word' id='word_1_411' title='bbox 3174 1216 3308 1268; x_wconf 79' lang='grc' dir='ltr'><strong>ὅπου</strong></span> <span class='ocrx_word' id='word_1_412' title='bbox 3333 1215 3399 1268; x_wconf 81' lang='grc' dir='ltr'><strong>ἂν</strong></span> <span class='ocrx_word' id='word_1_413' title='bbox 3488 1212 3629 1283; x_wconf 79' lang='grc' dir='ltr'><strong>Χρι-</strong></span> 
     </span>
    </p>
   </div>
   <div class='ocr_carea' id='block_1_57' title="bbox 2055 1301 3631 1377">
    <p class='ocr_par' dir='ltr' id='par_1_57' title="bbox 2055 1301 3631 1377">
     <span class='ocr_line' id='line_1_57' title="bbox 2055 1301 3631 1377; baseline 0.003 -22"><span class='ocrx_word' id='word_1_414' title='bbox 2055 1301 2177 1355; x_wconf 69' lang='grc' dir='ltr'><strong>στὸς</strong></span> <span class='ocrx_word' id='word_1_415' title='bbox 2200 1302 2433 1374; x_wconf 74' lang='grc' dir='ltr'><strong>Ἰησοῦς,</strong></span> <span class='ocrx_word' id='word_1_416' title='bbox 2466 1306 2580 1356; x_wconf 77' lang='grc' dir='ltr'><strong>ἐκεῖ</strong></span> <span class='ocrx_word' id='word_1_417' title='bbox 2612 1306 2641 1373; x_wconf 86' lang='grc' dir='ltr'>ὴ</span> <span class='ocrx_word' id='word_1_418' title='bbox 2677 1304 2939 1376; x_wconf 70' lang='grc' dir='ltr'><strong>καθολικὴ</strong></span> <span class='ocrx_word' id='word_1_419' title='bbox 2995 1306 3316 1377; x_wconf 73' lang='grc' dir='ltr'><strong>Ἐκκλησία.</strong></span> <span class='ocrx_word' id='word_1_420' title='bbox 3366 1308 3485 1361; x_wconf 75' lang='grc' dir='ltr'><strong>Οὐκ</strong></span> <span class='ocrx_word' id='word_1_421' title='bbox 3511 1308 3631 1373; x_wconf 67' lang='grc' dir='ltr'><strong>ἐξόν</strong></span> 
     </span>
    </p>
   </div>
   <div class='ocr_carea' id='block_1_58' title="bbox 2052 1397 3634 1469">
    <p class='ocr_par' dir='ltr' id='par_1_58' title="bbox 2052 1397 3634 1469">
     <span class='ocr_line' id='line_1_58' title="bbox 2052 1397 3634 1469; baseline 0.004 -22"><span class='ocrx_word' id='word_1_422' title='bbox 2052 1398 2166 1449; x_wconf 74' lang='grc' dir='ltr'>ἐστι</span> <span class='ocrx_word' id='word_1_423' title='bbox 2189 1400 2359 1467; x_wconf 58' lang='grc' dir='ltr'><strong>χωρὲς</strong></span> <span class='ocrx_word' id='word_1_424' title='bbox 2397 1397 2490 1450; x_wconf 79' lang='grc' dir='ltr'><strong>τοῦ</strong></span> <span class='ocrx_word' id='word_1_425' title='bbox 2529 1400 2833 1452; x_wconf 71' lang='grc' dir='ltr'><strong>ἐπισκόπου</strong></span> <span class='ocrx_word' id='word_1_426' title='bbox 2862 1398 2985 1452; x_wconf 71' lang='grc' dir='ltr'><strong>οὔτε</strong></span> <span class='ocrx_word' id='word_1_427' title='bbox 3028 1399 3311 1469; x_wconf 47' lang='lat' dir='ltr'><strong>sumam</strong></span> <span class='ocrx_word' id='word_1_428' title='bbox 3342 1401 3465 1455; x_wconf 79' lang='grc' dir='ltr'><strong>οὔτε</strong></span> <span class='ocrx_word' id='word_1_429' title='bbox 3497 1402 3634 1469; x_wconf 74' lang='grc' dir='ltr'><strong>ἁγά-</strong></span> 
     </span>
    </p>
   </div>
   <div class='ocr_carea' id='block_1_59' title="bbox 2053 1491 3632 1566">
    <p class='ocr_par' dir='ltr' id='par_1_59' title="bbox 2053 1491 3632 1566">
     <span class='ocr_line' id='line_1_59' title="bbox 2053 1491 3632 1566; baseline 0.004 -24"><span class='ocrx_word' id='word_1_430' title='bbox 2053 1507 2162 1561; x_wconf 86' lang='grc' dir='ltr'>πην</span> <span class='ocrx_word' id='word_1_431' title='bbox 2193 1493 2384 1555; x_wconf 79' lang='grc' dir='ltr'><strong>ποιεῖν,</strong></span> <span class='ocrx_word' id='word_1_432' title='bbox 2421 1491 2537 1543; x_wconf 78' lang='grc' dir='ltr'><strong>ἀλλ’</strong></span> <span class='ocrx_word' id='word_1_433' title='bbox 2566 1491 2594 1545; x_wconf 78' lang='grc' dir='ltr'><strong>ὃ</strong></span> <span class='ocrx_word' id='word_1_434' title='bbox 2620 1493 2684 1545; x_wconf 87' lang='grc' dir='ltr'><strong>ἂν</strong></span> <span class='ocrx_word' id='word_1_435' title='bbox 2713 1495 2917 1557; x_wconf 75' lang='grc' dir='ltr'>ἐκεῖνος</span> <span class='ocrx_word' id='word_1_436' title='bbox 2948 1494 3240 1566; x_wconf 76' lang='grc' dir='ltr'><strong>δοκιμάσῃ.</strong></span> <span class='ocrx_word' id='word_1_437' title='bbox 3276 1502 3383 1551; x_wconf 82' lang='lat' dir='ltr'><strong>etc.</strong></span> <span class='ocrx_word' id='word_1_438' title='bbox 3417 1494 3530 1550; x_wconf 83' lang='lat' dir='ltr'><strong>Hoc</strong></span> <span class='ocrx_word' id='word_1_439' title='bbox 3552 1507 3632 1549; x_wconf 81' lang='lat' dir='ltr'><strong>t-st</strong></span> 
     </span>
    </p>
   </div>
   <div class='ocr_carea' id='block_1_60' title="bbox 2052 1584 3635 1659">
    <p class='ocr_par' dir='ltr' id='par_1_60' title="bbox 2052 1584 3635 1659">
     <span class='ocr_line' id='line_1_60' title="bbox 2052 1584 3635 1659; baseline 0.005 -24"><span class='ocrx_word' id='word_1_440' title='bbox 2052 1598 2118 1637; x_wconf 76' lang='lat' dir='ltr'><strong>ex</strong></span> <span class='ocrx_word' id='word_1_441' title='bbox 2149 1584 2371 1650; x_wconf 72' lang='lat' dir='ltr'><strong>antiqua</strong></span> <span class='ocrx_word' id='word_1_442' title='bbox 2409 1584 2866 1654; x_wconf 74' lang='lat' dir='ltr'><strong>interpretatione</strong></span> <span class='ocrx_word' id='word_1_443' title='bbox 2896 1586 3084 1642; x_wconf 84' lang='lat' dir='ltr'><strong>Latina</strong></span> <span class='ocrx_word' id='word_1_444' title='bbox 3116 1606 3132 1643; x_wconf 85' lang='lat'><strong>:</strong></span> <span class='ocrx_word' id='word_1_445' title='bbox 3160 1587 3356 1643; x_wconf 71' lang='lat' dir='ltr'><strong>Nullus</strong></span> <span class='ocrx_word' id='word_1_446' title='bbox 3387 1592 3498 1644; x_wconf 48' lang='lat' dir='ltr'><strong>{ne</strong></span> <span class='ocrx_word' id='word_1_447' title='bbox 3522 1592 3635 1659; x_wconf 65' lang='grc' dir='ltr'>ιιιιέ-</span> 
     </span>
    </p>
   </div>
   <div class='ocr_carea' id='block_1_61' title="bbox 2052 1676 3632 1751">
    <p class='ocr_par' dir='ltr' id='par_1_61' title="bbox 2052 1676 3632 1751">
     <span class='ocr_line' id='line_1_61' title="bbox 2052 1676 3632 1751; baseline 0.005 -21"><span class='ocrx_word' id='word_1_448' title='bbox 2052 1692 2208 1744; x_wconf 85' lang='lat' dir='ltr'><strong>scopo</strong></span> <span class='ocrx_word' id='word_1_449' title='bbox 2234 1676 2437 1746; x_wconf 83' lang='lat' dir='ltr'><strong>aliquid</strong></span> <span class='ocrx_word' id='word_1_450' title='bbox 2466 1688 2711 1739; x_wconf 71' lang='lat' dir='ltr'><strong>oneretur</strong></span> <span class='ocrx_word' id='word_1_451' title='bbox 2740 1697 2919 1733; x_wconf 82' lang='lat' dir='ltr'><strong>eorum</strong></span> <span class='ocrx_word' id='word_1_452' title='bbox 2948 1697 3065 1751; x_wconf 80' lang='lat' dir='ltr'><strong>qua:</strong></span> <span class='ocrx_word' id='word_1_453' title='bbox 3102 1686 3413 1737; x_wconf 75' lang='lat' dir='ltr'><strong>conccuiuut</strong></span> <span class='ocrx_word' id='word_1_454' title='bbox 3447 1685 3499 1735; x_wconf 80' lang='lat' dir='ltr'><strong>in</strong></span> <span class='ocrx_word' id='word_1_455' title='bbox 3533 1683 3632 1738; x_wconf 72' lang='lat' dir='ltr'><strong>Ec-</strong></span> 
     </span>
    </p>
   </div>
   <div class='ocr_carea' id='block_1_62' title="bbox 2053 1767 3631 1844">
    <p class='ocr_par' dir='ltr' id='par_1_62' title="bbox 2053 1767 3631 1844">
     <span class='ocr_line' id='line_1_62' title="bbox 2053 1767 3631 1844; baseline 0.003 -22"><span class='ocrx_word' id='word_1_456' title='bbox 2053 1770 2290 1823; x_wconf 68' lang='lat' dir='ltr'><strong>clesium.</strong></span> <span class='ocrx_word' id='word_1_457' title='bbox 2324 1767 2425 1823; x_wconf 84' lang='lat' dir='ltr'><strong>Illa</strong></span> <span class='ocrx_word' id='word_1_458' title='bbox 2472 1769 2626 1838; x_wconf 81' lang='lat' dir='ltr'><strong>ﬁrma</strong></span> <span class='ocrx_word' id='word_1_459' title='bbox 2679 1773 2970 1839; x_wconf 80' lang='lat' dir='ltr'><strong>gratiarum</strong></span> <span class='ocrx_word' id='word_1_460' title='bbox 3021 1780 3163 1826; x_wconf 79' lang='lat' dir='ltr'><strong>actio</strong></span> <span class='ocrx_word' id='word_1_461' title='bbox 3193 1786 3484 1840; x_wconf 70' lang='lat' dir='ltr'><strong>reputatur,</strong></span> <span class='ocrx_word' id='word_1_462' title='bbox 3514 1792 3631 1844; x_wconf 67' lang='lat' dir='ltr'><strong>quae</strong></span> 
     </span>
    </p>
   </div>
   <div class='ocr_carea' id='block_1_63' title="bbox 2053 1861 3632 1932">
    <p class='ocr_par' dir='ltr' id='par_1_63' title="bbox 2053 1861 3632 1932">
     <span class='ocr_line' id='line_1_63' title="bbox 2053 1861 3632 1932; baseline 0.004 -17"><span class='ocrx_word' id='word_1_463' title='bbox 2053 1865 2147 1916; x_wconf 81' lang='lat' dir='ltr'><strong>sub</strong></span> <span class='ocrx_word' id='word_1_464' title='bbox 2188 1861 2301 1929; x_wconf 82' lang='lat' dir='ltr'><strong>ipso</strong></span> <span class='ocrx_word' id='word_1_465' title='bbox 2349 1873 2422 1913; x_wconf 75' lang='lat' dir='ltr'><strong>est</strong></span> <span class='ocrx_word' id='word_1_466' title='bbox 2455 1861 2531 1915; x_wconf 72' lang='lat' dir='ltr'><strong>vel</strong></span> <span class='ocrx_word' id='word_1_467' title='bbox 2560 1878 2714 1930; x_wconf 80' lang='lat' dir='ltr'><strong>quam</strong></span> <span class='ocrx_word' id='word_1_468' title='bbox 2762 1863 2947 1931; x_wconf 82' lang='lat' dir='ltr'><strong>utique</strong></span> <span class='ocrx_word' id='word_1_469' title='bbox 2996 1862 3105 1932; x_wconf 81' lang='lat' dir='ltr'><strong>ipse</strong></span> <span class='ocrx_word' id='word_1_470' title='bbox 3155 1867 3487 1920; x_wconf 74' lang='lat' dir='ltr'><strong>concesserit.</strong></span> <span class='ocrx_word' id='word_1_471' title='bbox 3532 1864 3632 1921; x_wconf 72' lang='lat' dir='ltr'><strong>Ubi</strong></span> 
     </span>
    </p>
   </div>
   <div class='ocr_carea' id='block_1_64' title="bbox 2052 1954 3635 2026">
    <p class='ocr_par' dir='ltr' id='par_1_64' title="bbox 2052 1954 3635 2026">
     <span class='ocr_line' id='line_1_64' title="bbox 2052 1954 3635 2026; baseline 0.003 -18"><span class='ocrx_word' id='word_1_472' title='bbox 2052 1955 2229 2025; x_wconf 73' lang='lat' dir='ltr'><strong>utique</strong></span> <span class='ocrx_word' id='word_1_473' title='bbox 2254 1960 2474 2023; x_wconf 75' lang='lat' dir='ltr'><strong>apparet</strong></span> <span class='ocrx_word' id='word_1_474' title='bbox 2504 1954 2793 2022; x_wconf 65' lang='lat' dir='ltr'><strong>cpiscopus.</strong></span> <span class='ocrx_word' id='word_1_475' title='bbox 2822 1954 2931 2007; x_wconf 79' lang='lat' dir='ltr'><strong>illic</strong></span> <span class='ocrx_word' id='word_1_476' title='bbox 2965 1956 3246 2010; x_wconf 79' lang='lat' dir='ltr'><strong>multitudo</strong></span> <span class='ocrx_word' id='word_1_477' title='bbox 3270 1958 3358 2015; x_wconf 84' lang='lat' dir='ltr'><strong>sit.</strong></span> <span class='ocrx_word' id='word_1_478' title='bbox 3382 1960 3635 2026; x_wconf 79' lang='lat' dir='ltr'><strong>quemad-</strong></span> 
     </span>
    </p>
   </div>
   <div class='ocr_carea' id='block_1_65' title="bbox 2051 2044 3633 2117">
    <p class='ocr_par' dir='ltr' id='par_1_65' title="bbox 2051 2044 3633 2117">
     <span class='ocr_line' id='line_1_65' title="bbox 2051 2044 3633 2117; baseline 0.004 -17"><span class='ocrx_word' id='word_1_479' title='bbox 2051 2049 2261 2102; x_wconf 80' lang='lat' dir='ltr'><strong>modum</strong></span> <span class='ocrx_word' id='word_1_480' title='bbox 2291 2048 2467 2117; x_wconf 82' lang='lat' dir='ltr'><strong>utique</strong></span> <span class='ocrx_word' id='word_1_481' title='bbox 2501 2044 2589 2100; x_wconf 75' lang='lat' dir='ltr'><strong>ultt&#39;</strong></span> <span class='ocrx_word' id='word_1_482' title='bbox 2613 2058 2687 2101; x_wconf 74' lang='lat' dir='ltr'><strong>est</strong></span> <span class='ocrx_word' id='word_1_483' title='bbox 2719 2046 2960 2101; x_wconf 75' lang='lat' dir='ltr'><strong>Christus</strong></span> <span class='ocrx_word' id='word_1_484' title='bbox 2994 2045 3174 2113; x_wconf 83' lang='lat' dir='ltr'><strong>Jestts,</strong></span> <span class='ocrx_word' id='word_1_485' title='bbox 3226 2048 3338 2102; x_wconf 78' lang='lat' dir='ltr'><strong>illic</strong></span> <span class='ocrx_word' id='word_1_486' title='bbox 3368 2050 3633 2106; x_wconf 69' lang='lat' dir='ltr'><strong>catholica</strong></span> 
     </span>
    </p>
   </div>
   <div class='ocr_carea' id='block_1_66' title="bbox 2051 2140 3631 2215">
    <p class='ocr_par' dir='ltr' id='par_1_66' title="bbox 2051 2140 3631 2215">
     <span class='ocr_line' id='line_1_66' title="bbox 2051 2140 3631 2215; baseline 0.001 -19"><span class='ocrx_word' id='word_1_487' title='bbox 2051 2142 2314 2197; x_wconf 78' lang='lat' dir='ltr'><strong>Ecclesia.</strong></span> <span class='ocrx_word' id='word_1_488' title='bbox 2345 2140 2468 2196; x_wconf 83' lang='lat' dir='ltr'><strong>Non</strong></span> <span class='ocrx_word' id='word_1_489' title='bbox 2507 2144 2709 2196; x_wconf 84' lang='lat' dir='ltr'><strong>licitum</strong></span> <span class='ocrx_word' id='word_1_490' title='bbox 2740 2154 2815 2197; x_wconf 86' lang='lat' dir='ltr'><strong>est</strong></span> <span class='ocrx_word' id='word_1_491' title='bbox 2845 2143 2957 2197; x_wconf 83' lang='lat' dir='ltr'><strong>sine</strong></span> <span class='ocrx_word' id='word_1_492' title='bbox 2984 2145 3228 2214; x_wconf 81' lang='lat' dir='ltr'><strong>episcopo</strong></span> <span class='ocrx_word' id='word_1_493' title='bbox 3260 2162 3422 2215; x_wconf 80' lang='lat' dir='ltr'><strong>neque</strong></span> <span class='ocrx_word' id='word_1_494' title='bbox 3458 2146 3631 2210; x_wconf 63' lang='lat' dir='ltr'><strong>(rapti-</strong></span> 
     </span>
    </p>
   </div>
   <div class='ocr_carea' id='block_1_67' title="bbox 2049 2235 3628 2309">
    <p class='ocr_par' dir='ltr' id='par_1_67' title="bbox 2049 2235 3628 2309">
     <span class='ocr_line' id='line_1_67' title="bbox 2049 2235 3628 2309; baseline 0.001 -18"><span class='ocrx_word' id='word_1_495' title='bbox 2049 2254 2175 2293; x_wconf 74' lang='lat' dir='ltr'><strong>zare</strong></span> <span class='ocrx_word' id='word_1_496' title='bbox 2192 2253 2357 2308; x_wconf 80' lang='lat' dir='ltr'><strong>neque</strong></span> <span class='ocrx_word' id='word_1_497' title='bbox 2383 2254 2582 2309; x_wconf 71' lang='lat' dir='ltr'><strong>agapen</strong></span> <span class='ocrx_word' id='word_1_498' title='bbox 2605 2235 2801 2305; x_wconf 62' lang='lat' dir='ltr'><strong>fateare.</strong></span> <span class='ocrx_word' id='word_1_499' title='bbox 2834 2238 2925 2293; x_wconf 80' lang='lat' dir='ltr'><strong>sed</strong></span> <span class='ocrx_word' id='word_1_500' title='bbox 2954 2239 3093 2309; x_wconf 83' lang='lat' dir='ltr'><strong>quod</strong></span> <span class='ocrx_word' id='word_1_501' title='bbox 3121 2242 3295 2305; x_wconf 83' lang='lat' dir='ltr'><strong>utique</strong></span> <span class='ocrx_word' id='word_1_502' title='bbox 3318 2240 3406 2294; x_wconf 77' lang='lat' dir='ltr'><strong>ille</strong></span> <span class='ocrx_word' id='word_1_503' title='bbox 3434 2242 3628 2309; x_wconf 83' lang='lat' dir='ltr'><strong>proba-</strong></span> 
     </span>
    </p>
   </div>
   <div class='ocr_carea' id='block_1_68' title="bbox 2049 2328 3630 2403">
    <p class='ocr_par' dir='ltr' id='par_1_68' title="bbox 2049 2328 3630 2403">
     <span class='ocr_line' id='line_1_68' title="bbox 2049 2328 3630 2403; baseline 0.003 -19"><span class='ocrx_word' id='word_1_504' title='bbox 2049 2330 2201 2394; x_wconf 76' lang='lat' dir='ltr'><strong>rcrit,</strong></span> <span class='ocrx_word' id='word_1_505' title='bbox 2236 2341 2346 2387; x_wconf 86' lang='lat' dir='ltr'><strong>etc.</strong></span> <span class='ocrx_word' id='word_1_506' title='bbox 2380 2329 2523 2386; x_wconf 86' lang='lat' dir='ltr'><strong>Idem</strong></span> <span class='ocrx_word' id='word_1_507' title='bbox 2550 2331 2712 2397; x_wconf 83' lang='lat' dir='ltr'><strong>epist.</strong></span> <span class='ocrx_word' id='word_1_508' title='bbox 2738 2328 2795 2396; x_wconf 72' lang='lat'><strong>2,</strong></span> <span class='ocrx_word' id='word_1_509' title='bbox 2832 2332 2898 2386; x_wconf 84' lang='lat' dir='ltr'><strong>ad</strong></span> <span class='ocrx_word' id='word_1_510' title='bbox 2931 2329 3290 2403; x_wconf 78' lang='lat' dir='ltr'><strong>Polycarpum</strong></span> <span class='ocrx_word' id='word_1_511' title='bbox 3323 2351 3339 2388; x_wconf 87' lang='lat'><strong>:</strong></span> <span class='ocrx_word' id='word_1_512' title='bbox 3380 2334 3471 2403; x_wconf 83' lang='grc' dir='ltr'><strong>τῷ</strong></span> <span class='ocrx_word' id='word_1_513' title='bbox 3504 2335 3630 2389; x_wconf 59' lang='grc' dir='ltr'>ἐπι.</span> 
     </span>
    </p>
   </div>
   <div class='ocr_carea' id='block_1_69' title="bbox 2049 2424 3625 2498">
    <p class='ocr_par' dir='ltr' id='par_1_69' title="bbox 2049 2424 3625 2498">
     <span class='ocr_line' id='line_1_69' title="bbox 2049 2424 3625 2498; baseline 0.001 -19"><span class='ocrx_word' id='word_1_514' title='bbox 2049 2424 2237 2498; x_wconf 81' lang='grc' dir='ltr'><strong>σκόπῳ</strong></span> <span class='ocrx_word' id='word_1_515' title='bbox 2266 2425 2591 2497; x_wconf 74' lang='grc' dir='ltr'><strong>προσέχετε,</strong></span> <span class='ocrx_word' id='word_1_516' title='bbox 2623 2426 2707 2479; x_wconf 77' lang='grc' dir='ltr'><strong>ἵνα</strong></span> <span class='ocrx_word' id='word_1_517' title='bbox 2759 2426 2853 2480; x_wconf 72' lang='grc' dir='ltr'><strong>καὶ</strong></span> <span class='ocrx_word' id='word_1_518' title='bbox 2885 2429 2913 2480; x_wconf 80' lang='grc' dir='ltr'>ὁ</span> <span class='ocrx_word' id='word_1_519' title='bbox 2947 2426 3077 2489; x_wconf 71' lang='grc' dir='ltr'><strong>Θεὸς,</strong></span> <span class='ocrx_word' id='word_1_520' title='bbox 3110 2426 3271 2497; x_wconf 67' lang='grc' dir='ltr'>ὑμῖν-</span> <span class='ocrx_word' id='word_1_521' title='bbox 3301 2428 3625 2498; x_wconf 51' lang='lat' dir='ltr'><strong>{Matth-sxa;</strong></span> 
     </span>
    </p>
   </div>
   <div class='ocr_carea' id='block_1_70' title="bbox 2047 2515 3627 2591">
    <p class='ocr_par' dir='ltr' id='par_1_70' title="bbox 2047 2515 3627 2591">
     <span class='ocr_line' id='line_1_70' title="bbox 2047 2515 3627 2591; baseline 0.002 -20"><span class='ocrx_word' id='word_1_522' title='bbox 2047 2517 2161 2585; x_wconf 61' lang='grc' dir='ltr'><strong>ἐγὼ</strong></span> <span class='ocrx_word' id='word_1_523' title='bbox 2191 2515 2301 2571; x_wconf 81' lang='grc' dir='ltr'><strong>τῶν</strong></span> <span class='ocrx_word' id='word_1_524' title='bbox 2342 2517 2802 2587; x_wconf 73' lang='grc' dir='ltr'><strong>ὑποτασσομένων</strong></span> <span class='ocrx_word' id='word_1_525' title='bbox 2847 2515 2929 2587; x_wconf 81' lang='grc' dir='ltr'><strong>τῷ</strong></span> <span class='ocrx_word' id='word_1_526' title='bbox 2975 2518 3297 2585; x_wconf 68' lang='grc' dir='ltr'><strong>ὶπισκόιτψο</strong></span> <span class='ocrx_word' id='word_1_527' title='bbox 3366 2519 3627 2591; x_wconf 78' lang='lat' dir='ltr'><strong>Episcopo</strong></span> 
     </span>
    </p>
   </div>
   <div class='ocr_carea' id='block_1_71' title="bbox 2046 2605 3629 2679">
    <p class='ocr_par' dir='ltr' id='par_1_71' title="bbox 2046 2605 3629 2679">
     <span class='ocr_line' id='line_1_71' title="bbox 2046 2605 3629 2679; baseline 0.004 -22"><span class='ocrx_word' id='word_1_528' title='bbox 2046 2607 2322 2673; x_wconf 69' lang='lat' dir='ltr'><strong>attendite,</strong></span> <span class='ocrx_word' id='word_1_529' title='bbox 2357 2619 2415 2661; x_wconf 79' lang='lat' dir='ltr'><strong>ut</strong></span> <span class='ocrx_word' id='word_1_530' title='bbox 2446 2617 2495 2662; x_wconf 86' lang='lat' dir='ltr'><strong>et</strong></span> <span class='ocrx_word' id='word_1_531' title='bbox 2532 2605 2672 2662; x_wconf 78' lang='lat' dir='ltr'><strong>Deus</strong></span> <span class='ocrx_word' id='word_1_532' title='bbox 2704 2608 2869 2664; x_wconf 79' lang='lat' dir='ltr'><strong>vobis.</strong></span> <span class='ocrx_word' id='word_1_533' title='bbox 2905 2605 3191 2665; x_wconf 79' lang='lat' dir='ltr'><strong>Unanimt&#39;s</strong></span> <span class='ocrx_word' id='word_1_534' title='bbox 3220 2627 3313 2679; x_wconf 74' lang='lat' dir='ltr'><strong>ego</strong></span> <span class='ocrx_word' id='word_1_535' title='bbox 3342 2629 3458 2666; x_wconf 82' lang='lat' dir='ltr'><strong>cum</strong></span> <span class='ocrx_word' id='word_1_536' title='bbox 3499 2612 3629 2665; x_wconf 72' lang='lat' dir='ltr'><strong>seb-</strong></span> 
     </span>
    </p>
   </div>
   <div class='ocr_carea' id='block_1_72' title="bbox 2036 2690 3626 2776">
    <p class='ocr_par' dir='ltr' id='par_1_72' title="bbox 2036 2690 3626 2776">
     <span class='ocr_line' id='line_1_72' title="bbox 2036 2690 3626 2776; baseline 0.003 -24"><span class='ocrx_word' id='word_1_537' title='bbox 2036 2697 2195 2768; x_wconf 81' lang='lat' dir='ltr'><strong>jem&#39;s</strong></span> <span class='ocrx_word' id='word_1_538' title='bbox 2247 2700 2513 2770; x_wconf 77' lang='lat' dir='ltr'><strong>episcopo.</strong></span> <span class='ocrx_word' id='word_1_539' title='bbox 2557 2700 2617 2755; x_wconf 88' lang='lat' dir='ltr'><strong>lu</strong></span> <span class='ocrx_word' id='word_1_540' title='bbox 2681 2700 2748 2755; x_wconf 88' lang='grc' dir='ltr'><strong>ΙΙΙ</strong></span> <span class='ocrx_word' id='word_1_541' title='bbox 2781 2703 2848 2756; x_wconf 87' lang='lat' dir='ltr'><strong>ad</strong></span> <span class='ocrx_word' id='word_1_542' title='bbox 2901 2700 3165 2769; x_wconf 77' lang='lat' dir='ltr'><strong>Ephesios</strong></span> <span class='ocrx_word' id='word_1_543' title='bbox 3199 2721 3214 2761; x_wconf 88' lang='lat'><strong>:</strong></span> <span class='ocrx_word' id='word_1_544' title='bbox 3248 2690 3461 2776; x_wconf 69' lang='grc' dir='ltr'><strong>Πρέπει</strong></span> <span class='ocrx_word' id='word_1_545' title='bbox 3495 2704 3626 2775; x_wconf 77' lang='grc' dir='ltr'>ὑμῖν</span> 
     </span>
    </p>
   </div>
   <div class='ocr_carea' id='block_1_73' title="bbox 2047 2792 3629 2869">
    <p class='ocr_par' dir='ltr' id='par_1_73' title="bbox 2047 2792 3629 2869">
     <span class='ocr_line' id='line_1_73' title="bbox 2047 2792 3629 2869; baseline 0.006 -26"><span class='ocrx_word' id='word_1_546' title='bbox 2047 2792 2365 2862; x_wconf 79' lang='grc' dir='ltr'><strong>συντρέχειν</strong></span> <span class='ocrx_word' id='word_1_547' title='bbox 2414 2796 2483 2864; x_wconf 77' lang='grc' dir='ltr'><strong>τῇ</strong></span> <span class='ocrx_word' id='word_1_548' title='bbox 2537 2794 2633 2848; x_wconf 78' lang='grc' dir='ltr'><strong>τοῦ</strong></span> <span class='ocrx_word' id='word_1_549' title='bbox 2693 2795 3002 2849; x_wconf 64' lang='grc' dir='ltr'><strong>ἐπισκόπου</strong></span> <span class='ocrx_word' id='word_1_550' title='bbox 3043 2797 3270 2869; x_wconf 77' lang='grc' dir='ltr'><strong>γνὼμῃο</strong></span> <span class='ocrx_word' id='word_1_551' title='bbox 3326 2796 3481 2853; x_wconf 79' lang='lat' dir='ltr'><strong>Decet</strong></span> <span class='ocrx_word' id='word_1_552' title='bbox 3537 2814 3629 2853; x_wconf 76' lang='lat' dir='ltr'><strong>vos</strong></span> 
     </span>
    </p>
   </div>
   <div class='ocr_carea' id='block_1_74' title="bbox 2044 2886 3627 2961">
    <p class='ocr_par' dir='ltr' id='par_1_74' title="bbox 2044 2886 3627 2961">
     <span class='ocr_line' id='line_1_74' title="bbox 2044 2886 3627 2961; baseline 0.004 -24"><span class='ocrx_word' id='word_1_553' title='bbox 2044 2900 2357 2941; x_wconf 77' lang='lat' dir='ltr'><strong>concurrere</strong></span> <span class='ocrx_word' id='word_1_554' title='bbox 2379 2886 2608 2955; x_wconf 70' lang='lat' dir='ltr'><strong>spissam</strong></span> <span class='ocrx_word' id='word_1_555' title='bbox 2632 2889 2923 2944; x_wconf 67' lang='lat' dir='ltr'><strong>sententiis.</strong></span> <span class='ocrx_word' id='word_1_556' title='bbox 2959 2889 3178 2956; x_wconf 69' lang='lat' dir='ltr'><strong>Quarta:</strong></span> <span class='ocrx_word' id='word_1_557' title='bbox 3199 2890 3268 2944; x_wconf 88' lang='lat' dir='ltr'><strong>ad</strong></span> <span class='ocrx_word' id='word_1_558' title='bbox 3318 2889 3627 2961; x_wconf 67' lang='lat' dir='ltr'><strong>Magne-sim</strong></span> 
     </span>
    </p>
   </div>
   <div class='ocr_carea' id='block_1_75' title="bbox 2046 2976 3627 3055">
    <p class='ocr_par' dir='ltr' id='par_1_75' title="bbox 2046 2976 3627 3055">
     <span class='ocr_line' id='line_1_75' title="bbox 2046 2976 3627 3055; baseline 0.006 -25"><span class='ocrx_word' id='word_1_559' title='bbox 2046 2976 2159 3030; x_wconf 74' lang='lat' dir='ltr'><strong>haec</strong></span> <span class='ocrx_word' id='word_1_560' title='bbox 2182 2986 2311 3032; x_wconf 89' lang='lat' dir='ltr'><strong>sunt</strong></span> <span class='ocrx_word' id='word_1_561' title='bbox 2338 2978 2393 3032; x_wconf 91' lang='lat' dir='ltr'><strong>in</strong></span> <span class='ocrx_word' id='word_1_562' title='bbox 2421 2977 2527 3033; x_wconf 88' lang='lat' dir='ltr'><strong>hoe</strong></span> <span class='ocrx_word' id='word_1_563' title='bbox 2557 2980 2893 3050; x_wconf 87' lang='lat' dir='ltr'><strong>propositum</strong></span> <span class='ocrx_word' id='word_1_564' title='bbox 2934 2981 3077 3037; x_wconf 88' lang='lat' dir='ltr'><strong>inter</strong></span> <span class='ocrx_word' id='word_1_565' title='bbox 3105 2982 3211 3037; x_wconf 86' lang='lat' dir='ltr'><strong>alia</strong></span> <span class='ocrx_word' id='word_1_566' title='bbox 3240 3000 3258 3037; x_wconf 89' lang='lat'><strong>:</strong></span> <span class='ocrx_word' id='word_1_567' title='bbox 3295 2986 3510 3055; x_wconf 79' lang='grc' dir='ltr'><strong>Πρέπον</strong></span> <span class='ocrx_word' id='word_1_568' title='bbox 3530 2985 3627 3039; x_wconf 66' lang='grc' dir='ltr'><strong>οὗ)</strong></span> 
     </span>
    </p>
   </div>
   <div class='ocr_carea' id='block_1_76' title="bbox 1966 3069 3624 3161">
    <p class='ocr_par' dir='ltr' id='par_1_76' title="bbox 1966 3069 3624 3161">
     <span class='ocr_line' id='line_1_76' title="bbox 1966 3069 3624 3161; baseline 0.007 -39"><span class='ocrx_word' id='word_1_569' title='bbox 1966 3103 2011 3161; x_wconf 75' lang='lat' dir='ltr'>c</span> <span class='ocrx_word' id='word_1_570' title='bbox 2043 3069 2163 3123; x_wconf 75' lang='grc' dir='ltr'>ἐστι</span> <span class='ocrx_word' id='word_1_571' title='bbox 2194 3070 2270 3142; x_wconf 77' lang='grc' dir='ltr'><strong>μὴ</strong></span> <span class='ocrx_word' id='word_1_572' title='bbox 2295 3070 2458 3142; x_wconf 81' lang='grc' dir='ltr'>μόνον</span> <span class='ocrx_word' id='word_1_573' title='bbox 2482 3073 2773 3128; x_wconf 71' lang='grc' dir='ltr'><strong>καλεῖσθαι</strong></span> <span class='ocrx_word' id='word_1_574' title='bbox 2792 3075 3178 3147; x_wconf 66' lang='grc' dir='ltr'><strong>Χριστιανοὺς,</strong></span> <span class='ocrx_word' id='word_1_575' title='bbox 3197 3075 3440 3132; x_wconf 73' lang='grc' dir='ltr'><strong>ἀλλὰκαὶ</strong></span> <span class='ocrx_word' id='word_1_576' title='bbox 3460 3074 3624 3146; x_wconf 63' lang='lat' dir='ltr'><strong>sint,</strong></span> 
     </span>
    </p>
   </div>
   <div class='ocr_carea' id='block_1_77' title="bbox 2048 3160 3627 3244">
    <p class='ocr_par' dir='ltr' id='par_1_77' title="bbox 2048 3160 3627 3244">
     <span class='ocr_line' id='line_1_77' title="bbox 2048 3160 3627 3244; baseline 0.007 -28"><span class='ocrx_word' id='word_1_577' title='bbox 2048 3160 2348 3233; x_wconf 74' lang='grc' dir='ltr'><strong>ὥσπερκαί</strong></span> <span class='ocrx_word' id='word_1_578' title='bbox 2370 3182 2517 3229; x_wconf 73' lang='grc' dir='ltr'>τινες</span> <span class='ocrx_word' id='word_1_579' title='bbox 2551 3165 2859 3222; x_wconf 64' lang='grc' dir='ltr'><strong>ἐπεσκοπον</strong></span> <span class='ocrx_word' id='word_1_580' title='bbox 2883 3170 2984 3239; x_wconf 66' lang='grc' dir='ltr'>μὲν</span> <span class='ocrx_word' id='word_1_581' title='bbox 3033 3168 3317 3235; x_wconf 73' lang='grc' dir='ltr'><strong>καλοῦσιν,</strong></span> <span class='ocrx_word' id='word_1_582' title='bbox 3359 3173 3530 3244; x_wconf 75' lang='grc' dir='ltr'><strong>χωρὶς</strong></span> <span class='ocrx_word' id='word_1_583' title='bbox 3567 3172 3627 3227; x_wconf 73' lang='grc' dir='ltr'>ει</span> 
     </span>
    </p>
   </div>
   <div class='ocr_carea' id='block_1_78' title="bbox 2045 3257 3625 3327">
    <p class='ocr_par' dir='ltr' id='par_1_78' title="bbox 2045 3257 3625 3327">
     <span class='ocr_line' id='line_1_78' title="bbox 2045 3257 3625 3327; baseline 0.006 -19"><span class='ocrx_word' id='word_1_584' title='bbox 2045 3257 2213 3311; x_wconf 76' lang='grc' dir='ltr'><strong>αὺτοῦ</strong></span> <span class='ocrx_word' id='word_1_585' title='bbox 2237 3258 2416 3311; x_wconf 79' lang='grc' dir='ltr'>πάντα</span> <span class='ocrx_word' id='word_1_586' title='bbox 2445 3258 2808 3327; x_wconf 69' lang='grc' dir='ltr'><strong>πράσσουσιν.</strong></span> <span class='ocrx_word' id='word_1_587' title='bbox 2831 3262 2897 3315; x_wconf 80' lang='lat' dir='ltr'><strong>0i</strong></span> <span class='ocrx_word' id='word_1_588' title='bbox 2917 3262 3153 3319; x_wconf 77' lang='grc' dir='ltr'><strong>τοιοῦτοι</strong></span> <span class='ocrx_word' id='word_1_589' title='bbox 3179 3264 3236 3319; x_wconf 66' lang='lat' dir='ltr'><strong>es</strong></span> <span class='ocrx_word' id='word_1_590' title='bbox 3260 3263 3363 3319; x_wconf 85' lang='grc' dir='ltr'>οὐκ</span> <span class='ocrx_word' id='word_1_591' title='bbox 3382 3263 3625 3320; x_wconf 67' lang='grc' dir='ltr'><strong>εὔθυνε(-</strong></span> 
     </span>
    </p>
   </div>
   <div class='ocr_carea' id='block_1_79' title="bbox 2043 3347 3624 3428">
    <p class='ocr_par' dir='ltr' id='par_1_79' title="bbox 2043 3347 3624 3428">
     <span class='ocr_line' id='line_1_79' title="bbox 2043 3347 3624 3428; baseline 0.008 -26"><span class='ocrx_word' id='word_1_592' title='bbox 2043 3350 2196 3419; x_wconf 73' lang='grc' dir='ltr'><strong>δητοί</strong></span> <span class='ocrx_word' id='word_1_593' title='bbox 2225 3351 2392 3423; x_wconf 73' lang='grc'><strong>768</strong></span> <span class='ocrx_word' id='word_1_594' title='bbox 2427 3370 2520 3421; x_wconf 74' lang='grc' dir='ltr'><strong>μοι</strong></span> <span class='ocrx_word' id='word_1_595' title='bbox 2553 3347 2696 3407; x_wconf 73' lang='grc' dir='ltr'><strong>εἶναι</strong></span> <span class='ocrx_word' id='word_1_596' title='bbox 2742 3354 3064 3424; x_wconf 69' lang='grc' dir='ltr'><strong>φαίνονταν</strong></span> <span class='ocrx_word' id='word_1_597' title='bbox 3104 3354 3304 3413; x_wconf 73' lang='lat' dir='ltr'><strong>Decem</strong></span> <span class='ocrx_word' id='word_1_598' title='bbox 3340 3359 3506 3428; x_wconf 56' lang='lat' dir='ltr'><strong>igitur</strong></span> <span class='ocrx_word' id='word_1_599' title='bbox 3545 3368 3624 3414; x_wconf 83' lang='lat' dir='ltr'><strong>est</strong></span> 
     </span>
    </p>
   </div>
   <div class='ocr_carea' id='block_1_80' title="bbox 2049 3443 3624 3522">
    <p class='ocr_par' dir='ltr' id='par_1_80' title="bbox 2049 3443 3624 3522">
     <span class='ocr_line' id='line_1_80' title="bbox 2049 3443 3624 3522; baseline 0.005 -25"><span class='ocrx_word' id='word_1_600' title='bbox 2049 3460 2151 3497; x_wconf 86' lang='lat' dir='ltr'><strong>mm</strong></span> <span class='ocrx_word' id='word_1_601' title='bbox 2181 3443 2354 3497; x_wconf 85' lang='lat' dir='ltr'><strong>solum</strong></span> <span class='ocrx_word' id='word_1_602' title='bbox 2406 3446 2584 3501; x_wconf 73' lang='lat' dir='ltr'><strong>vocari</strong></span> <span class='ocrx_word' id='word_1_603' title='bbox 2614 3446 2969 3513; x_wconf 78' lang='lat' dir='ltr'><strong>Christianos,</strong></span> <span class='ocrx_word' id='word_1_604' title='bbox 3000 3449 3092 3504; x_wconf 77' lang='lat' dir='ltr'><strong>sed</strong></span> <span class='ocrx_word' id='word_1_605' title='bbox 3126 3462 3175 3504; x_wconf 79' lang='lat' dir='ltr'><strong>et</strong></span> <span class='ocrx_word' id='word_1_606' title='bbox 3205 3467 3335 3513; x_wconf 44' lang='lat' dir='ltr'><strong>esse.</strong></span> <span class='ocrx_word' id='word_1_607' title='bbox 3371 3456 3624 3522; x_wconf 78' lang='lat' dir='ltr'><strong>quemad-</strong></span> 
     </span>
    </p>
   </div>
   <div class='ocr_carea' id='block_1_81' title="bbox 2046 3534 3622 3611">
    <p class='ocr_par' dir='ltr' id='par_1_81' title="bbox 2046 3534 3622 3611">
     <span class='ocr_line' id='line_1_81' title="bbox 2046 3534 3622 3611; baseline 0.004 -24"><span class='ocrx_word' id='word_1_608' title='bbox 2046 3534 2256 3589; x_wconf 85' lang='lat' dir='ltr'><strong>modum</strong></span> <span class='ocrx_word' id='word_1_609' title='bbox 2288 3537 2502 3607; x_wconf 84' lang='lat' dir='ltr'><strong>quidam</strong></span> <span class='ocrx_word' id='word_1_610' title='bbox 2530 3539 2830 3607; x_wconf 74' lang='lat' dir='ltr'><strong>episcopum</strong></span> <span class='ocrx_word' id='word_1_611' title='bbox 2867 3541 3081 3611; x_wconf 75' lang='lat' dir='ltr'><strong>quidem</strong></span> <span class='ocrx_word' id='word_1_612' title='bbox 3130 3553 3338 3606; x_wconf 76' lang='lat' dir='ltr'><strong>cacant,</strong></span> <span class='ocrx_word' id='word_1_613' title='bbox 3369 3542 3485 3598; x_wconf 77' lang='lat' dir='ltr'><strong>siue</strong></span> <span class='ocrx_word' id='word_1_614' title='bbox 3511 3542 3622 3609; x_wconf 75' lang='lat' dir='ltr'><strong>ipso</strong></span> 
     </span>
    </p>
   </div>
   <div class='ocr_carea' id='block_1_82' title="bbox 2044 3630 3623 3702">
    <p class='ocr_par' dir='ltr' id='par_1_82' title="bbox 2044 3630 3623 3702">
     <span class='ocr_line' id='line_1_82' title="bbox 2044 3630 3623 3702; baseline 0.006 -21"><span class='ocrx_word' id='word_1_615' title='bbox 2044 3641 2219 3684; x_wconf 82' lang='lat' dir='ltr'><strong>autem</strong></span> <span class='ocrx_word' id='word_1_616' title='bbox 2241 3630 2421 3686; x_wconf 86' lang='lat' dir='ltr'><strong>omnia</strong></span> <span class='ocrx_word' id='word_1_617' title='bbox 2446 3645 2754 3702; x_wconf 80' lang='lat' dir='ltr'><strong>operantur.</strong></span> <span class='ocrx_word' id='word_1_618' title='bbox 2787 3631 2943 3689; x_wconf 71' lang='lat' dir='ltr'><strong>Tales</strong></span> <span class='ocrx_word' id='word_1_619' title='bbox 2976 3646 3152 3690; x_wconf 79' lang='lat' dir='ltr'><strong>autem</strong></span> <span class='ocrx_word' id='word_1_620' title='bbox 3193 3653 3297 3691; x_wconf 82' lang='lat' dir='ltr'><strong>non</strong></span> <span class='ocrx_word' id='word_1_621' title='bbox 3317 3636 3464 3691; x_wconf 67' lang='lat' dir='ltr'><strong>bona</strong></span> <span class='ocrx_word' id='word_1_622' title='bbox 3490 3652 3623 3691; x_wconf 72' lang='lat' dir='ltr'><strong>cort-</strong></span> 
     </span>
    </p>
   </div>
   <div class='ocr_carea' id='block_1_83' title="bbox 2045 3725 3623 3785">
    <p class='ocr_par' dir='ltr' id='par_1_83' title="bbox 2045 3725 3623 3785">
     <span class='ocr_line' id='line_1_83' title="bbox 2045 3725 3623 3785; baseline 0.003 -9"><span class='ocrx_word' id='word_1_623' title='bbox 2045 3726 2280 3779; x_wconf 74' lang='lat' dir='ltr'><strong>scientia:</strong></span> <span class='ocrx_word' id='word_1_624' title='bbox 2329 3725 2459 3779; x_wconf 82' lang='lat' dir='ltr'><strong>mihi</strong></span> <span class='ocrx_word' id='word_1_625' title='bbox 2487 3740 2600 3781; x_wconf 78' lang='lat' dir='ltr'><strong>esse</strong></span> <span class='ocrx_word' id='word_1_626' title='bbox 2623 3727 2886 3783; x_wconf 78' lang='lat' dir='ltr'><strong>videntur.</strong></span> <span class='ocrx_word' id='word_1_627' title='bbox 2940 3728 2995 3782; x_wconf 91' lang='lat' dir='ltr'><strong>In</strong></span> <span class='ocrx_word' id='word_1_628' title='bbox 3036 3740 3188 3785; x_wconf 76' lang='lat' dir='ltr'><strong>sexta</strong></span> <span class='ocrx_word' id='word_1_629' title='bbox 3218 3730 3286 3785; x_wconf 81' lang='lat' dir='ltr'><strong>ad</strong></span> <span class='ocrx_word' id='word_1_630' title='bbox 3326 3728 3623 3785; x_wconf 64' lang='lat' dir='ltr'><strong>Trallesios</strong></span> 
     </span>
    </p>
   </div>
   <div class='ocr_carea' id='block_1_84' title="bbox 2047 3816 3623 3891">
    <p class='ocr_par' dir='ltr' id='par_1_84' title="bbox 2047 3816 3623 3891">
     <span class='ocr_line' id='line_1_84' title="bbox 2047 3816 3623 3891; baseline 0.003 -21"><span class='ocrx_word' id='word_1_631' title='bbox 2047 3816 2160 3871; x_wconf 65' lang='lat' dir='ltr'><strong>lucc</strong></span> <span class='ocrx_word' id='word_1_632' title='bbox 2190 3817 2351 3873; x_wconf 82' lang='lat' dir='ltr'><strong>habet</strong></span> <span class='ocrx_word' id='word_1_633' title='bbox 2381 3835 2398 3873; x_wconf 87' lang='lat'><strong>:</strong></span> <span class='ocrx_word' id='word_1_634' title='bbox 2456 3817 2632 3873; x_wconf 82' lang='grc' dir='ltr'>Ὅταν</span> <span class='ocrx_word' id='word_1_635' title='bbox 2683 3818 2763 3890; x_wconf 76' lang='grc' dir='ltr'><strong>τῷ</strong></span> <span class='ocrx_word' id='word_1_636' title='bbox 2793 3820 3085 3891; x_wconf 77' lang='grc' dir='ltr'><strong>ὲπισκόπῳ</strong></span> <span class='ocrx_word' id='word_1_637' title='bbox 3134 3820 3509 3876; x_wconf 73' lang='grc' dir='ltr'><strong>ὑποτάσσεσθε</strong></span> <span class='ocrx_word' id='word_1_638' title='bbox 3544 3821 3623 3882; x_wconf 79' lang='grc' dir='ltr'>ὡς</span> 
     </span>
    </p>
   </div>
   <div class='ocr_carea' id='block_1_85' title="bbox 2054 3908 3621 3985">
    <p class='ocr_par' dir='ltr' id='par_1_85' title="bbox 2054 3908 3621 3985">
     <span class='ocr_line' id='line_1_85' title="bbox 2054 3908 3621 3985; baseline 0.004 -23"><span class='ocrx_word' id='word_1_639' title='bbox 2054 3908 2232 3979; x_wconf 81' lang='grc' dir='ltr'><strong>Ἰησοῦ</strong></span> <span class='ocrx_word' id='word_1_640' title='bbox 2292 3910 2536 3981; x_wconf 81' lang='grc' dir='ltr'><strong>Χριστῷ,</strong></span> <span class='ocrx_word' id='word_1_641' title='bbox 2571 3910 2835 3978; x_wconf 60' lang='grc' dir='ltr'><strong>φαίνεσϐἑ,</strong></span> <span class='ocrx_word' id='word_1_642' title='bbox 2879 3930 2972 3983; x_wconf 75' lang='grc' dir='ltr'><strong>μοι</strong></span> <span class='ocrx_word' id='word_1_643' title='bbox 3013 3913 3076 3969; x_wconf 81' lang='grc' dir='ltr'><strong>οὐ</strong></span> <span class='ocrx_word' id='word_1_644' title='bbox 3108 3914 3251 3967; x_wconf 73' lang='grc' dir='ltr'>κατὰ</span> <span class='ocrx_word' id='word_1_645' title='bbox 3278 3913 3621 3985; x_wconf 79' lang='grc' dir='ltr'>ἀνθρώπινον</span> 
     </span>
    </p>
   </div>
   <div class='ocr_carea' id='block_1_86' title="bbox 2043 3998 3619 4075">
    <p class='ocr_par' dir='ltr' id='par_1_86' title="bbox 2043 3998 3619 4075">
     <span class='ocr_line' id='line_1_86' title="bbox 2043 3998 3619 4075; baseline 0.004 -25"><span class='ocrx_word' id='word_1_646' title='bbox 2043 3998 2266 4062; x_wconf 81' lang='grc' dir='ltr'><strong>ζῶντες,</strong></span> <span class='ocrx_word' id='word_1_647' title='bbox 2294 3999 2430 4053; x_wconf 76' lang='grc' dir='ltr'>ἀλλὰ</span> <span class='ocrx_word' id='word_1_648' title='bbox 2454 4000 2578 4053; x_wconf 71' lang='grc' dir='ltr'><strong>κατ’</strong></span> <span class='ocrx_word' id='word_1_649' title='bbox 2632 4000 2844 4072; x_wconf 80' lang='grc' dir='ltr'><strong>Ἰησοῦν</strong></span> <span class='ocrx_word' id='word_1_650' title='bbox 2873 4001 3141 4075; x_wconf 73' lang='grc' dir='ltr'><strong>Χριστόν·</strong></span> <span class='ocrx_word' id='word_1_651' title='bbox 3193 4002 3327 4057; x_wconf 80' lang='lat' dir='ltr'><strong>Cum</strong></span> <span class='ocrx_word' id='word_1_652' title='bbox 3377 4004 3619 4069; x_wconf 75' lang='lat' dir='ltr'><strong>euiscapo</strong></span> 
     </span>
    </p>
   </div>
   <div class='ocr_carea' id='block_1_87' title="bbox 2043 4091 3621 4159">
    <p class='ocr_par' dir='ltr' id='par_1_87' title="bbox 2043 4091 3621 4159">
     <span class='ocr_line' id='line_1_87' title="bbox 2043 4091 3621 4159; baseline 0.004 -14"><span class='ocrx_word' id='word_1_653' title='bbox 2043 4092 2272 4159; x_wconf 81' lang='lat' dir='ltr'><strong>subjecti</strong></span> <span class='ocrx_word' id='word_1_654' title='bbox 2306 4094 2430 4147; x_wconf 83' lang='lat' dir='ltr'><strong>estis</strong></span> <span class='ocrx_word' id='word_1_655' title='bbox 2463 4091 2671 4148; x_wconf 78' lang='lat' dir='ltr'><strong>utJestt</strong></span> <span class='ocrx_word' id='word_1_656' title='bbox 2696 4094 2933 4158; x_wconf 82' lang='lat' dir='ltr'><strong>Christo,</strong></span> <span class='ocrx_word' id='word_1_657' title='bbox 2961 4096 3214 4150; x_wconf 73' lang='lat' dir='ltr'><strong>videmini</strong></span> <span class='ocrx_word' id='word_1_658' title='bbox 3246 4096 3373 4151; x_wconf 74' lang='lat' dir='ltr'><strong>milii</strong></span> <span class='ocrx_word' id='word_1_659' title='bbox 3396 4112 3501 4151; x_wconf 79' lang='lat' dir='ltr'><strong>non</strong></span> <span class='ocrx_word' id='word_1_660' title='bbox 3539 4112 3621 4151; x_wconf 75' lang='lat' dir='ltr'><strong>se-</strong></span> 
     </span>
    </p>
   </div>
   <div class='ocr_carea' id='block_1_88' title="bbox 2043 4186 3620 4255">
    <p class='ocr_par' dir='ltr' id='par_1_88' title="bbox 2043 4186 3620 4255">
     <span class='ocr_line' id='line_1_88' title="bbox 2043 4186 3620 4255; baseline 0.003 -16"><span class='ocrx_word' id='word_1_661' title='bbox 2043 4186 2271 4241; x_wconf 81' lang='lat' dir='ltr'><strong>cundum</strong></span> <span class='ocrx_word' id='word_1_662' title='bbox 2300 4187 2532 4241; x_wconf 79' lang='lat' dir='ltr'><strong>homines</strong></span> <span class='ocrx_word' id='word_1_663' title='bbox 2563 4188 2809 4255; x_wconf 73' lang='lat' dir='ltr'><strong>viventes,</strong></span> <span class='ocrx_word' id='word_1_664' title='bbox 2843 4189 2935 4242; x_wconf 77' lang='lat' dir='ltr'><strong>sed</strong></span> <span class='ocrx_word' id='word_1_665' title='bbox 2954 4189 3242 4243; x_wconf 76' lang='lat' dir='ltr'><strong>secundum</strong></span> <span class='ocrx_word' id='word_1_666' title='bbox 3263 4187 3445 4245; x_wconf 71' lang='lat' dir='ltr'><strong>Iesum</strong></span> <span class='ocrx_word' id='word_1_667' title='bbox 3474 4189 3620 4248; x_wconf 78' lang='lat' dir='ltr'><strong>Citri-</strong></span> 
     </span>
    </p>
   </div>
   <div class='ocr_carea' id='block_1_89' title="bbox 2042 4274 3620 4347">
    <p class='ocr_par' dir='ltr' id='par_1_89' title="bbox 2042 4274 3620 4347">
     <span class='ocr_line' id='line_1_89' title="bbox 2042 4274 3620 4347; baseline 0.002 -17"><span class='ocrx_word' id='word_1_668' title='bbox 2042 4286 2201 4332; x_wconf 78' lang='lat' dir='ltr'><strong>stum.</strong></span> <span class='ocrx_word' id='word_1_669' title='bbox 2239 4274 2443 4331; x_wconf 82' lang='lat' dir='ltr'><strong>Horum</strong></span> <span class='ocrx_word' id='word_1_670' title='bbox 2474 4277 2677 4347; x_wconf 88' lang='lat' dir='ltr'><strong>aliqua,</strong></span> <span class='ocrx_word' id='word_1_671' title='bbox 2710 4277 2790 4331; x_wconf 90' lang='lat' dir='ltr'><strong>vel</strong></span> <span class='ocrx_word' id='word_1_672' title='bbox 2824 4275 2966 4332; x_wconf 72' lang='lat' dir='ltr'><strong>forte</strong></span> <span class='ocrx_word' id='word_1_673' title='bbox 2989 4277 3198 4342; x_wconf 83' lang='lat' dir='ltr'><strong>omnia,</strong></span> <span class='ocrx_word' id='word_1_674' title='bbox 3224 4283 3509 4332; x_wconf 85' lang='lat' dir='ltr'><strong>autetiam</strong></span> <span class='ocrx_word' id='word_1_675' title='bbox 3536 4278 3620 4333; x_wconf 83' lang='lat' dir='ltr'><strong>his</strong></span> 
     </span>
    </p>
   </div>
   <div class='ocr_carea' id='block_1_90' title="bbox 2045 4368 3622 4441">
    <p class='ocr_par' dir='ltr' id='par_1_90' title="bbox 2045 4368 3622 4441">
     <span class='ocr_line' id='line_1_90' title="bbox 2045 4368 3622 4441; baseline 0.004 -21"><span class='ocrx_word' id='word_1_676' title='bbox 2045 4372 2219 4438; x_wconf 79' lang='lat' dir='ltr'><strong>plura,</strong></span> <span class='ocrx_word' id='word_1_677' title='bbox 2249 4385 2371 4439; x_wconf 73' lang='lat' dir='ltr'><strong>qua:</strong></span> <span class='ocrx_word' id='word_1_678' title='bbox 2403 4368 2453 4422; x_wconf 87' lang='lat' dir='ltr'><strong>in</strong></span> <span class='ocrx_word' id='word_1_679' title='bbox 2480 4369 2775 4439; x_wconf 75' lang='lat' dir='ltr'><strong>lgnatlauis</strong></span> <span class='ocrx_word' id='word_1_680' title='bbox 2793 4368 3042 4437; x_wconf 83' lang='lat' dir='ltr'><strong>epistolis</strong></span> <span class='ocrx_word' id='word_1_681' title='bbox 3070 4370 3343 4441; x_wconf 76' lang='lat' dir='ltr'><strong>leguntur.</strong></span> <span class='ocrx_word' id='word_1_682' title='bbox 3377 4372 3622 4427; x_wconf 82' lang='lat' dir='ltr'><strong>credide-</strong></span> 
     </span>
    </p>
   </div>
   <div class='ocr_carea' id='block_1_91' title="bbox 347 4458 1942 4541">
    <p class='ocr_par' dir='ltr' id='par_1_91' title="bbox 347 4458 1936 4541">
     <span class='ocr_line' id='line_1_91' title="bbox 347 4458 1936 4541; baseline 0.008 -25"><span class='ocrx_word' id='word_1_683' title='bbox 347 4473 529 4516; x_wconf 85' lang='lat' dir='ltr'><strong>sorem</strong></span> <span class='ocrx_word' id='word_1_684' title='bbox 565 4458 792 4517; x_wconf 81' lang='lat' dir='ltr'><strong>Cassaui</strong></span> <span class='ocrx_word' id='word_1_685' title='bbox 820 4463 1045 4520; x_wconf 78' lang='lat' dir='ltr'><strong>fratrem</strong></span> <span class='ocrx_word' id='word_1_686' title='bbox 1078 4465 1277 4536; x_wconf 88' lang='lat' dir='ltr'><strong>ipsius,</strong></span> <span class='ocrx_word' id='word_1_687' title='bbox 1310 4468 1438 4523; x_wconf 88' lang='lat' dir='ltr'><strong>licet</strong></span> <span class='ocrx_word' id='word_1_688' title='bbox 1463 4467 1688 4528; x_wconf 82' lang='lat' dir='ltr'><strong>Bizarus</strong></span> <span class='ocrx_word' id='word_1_689' title='bbox 1724 4472 1808 4527; x_wconf 87' lang='lat' dir='ltr'><strong>his</strong></span> <span class='ocrx_word' id='word_1_690' title='bbox 1836 4486 1936 4541; x_wconf 89' lang='lat' dir='ltr'><strong>po-</strong></span> 
     </span>
    </p>
   </div>
   <div class='ocr_carea' id='block_1_92' title="bbox 2045 4458 3619 4541">
    <p class='ocr_par' dir='ltr' id='par_1_92' title="bbox 2046 4458 3619 4529">
     <span class='ocr_line' id='line_1_92' title="bbox 2046 4458 3619 4529; baseline 0.003 -17"><span class='ocrx_word' id='word_1_691' title='bbox 2046 4460 2145 4514; x_wconf 89' lang='lat' dir='ltr'><strong>rim</strong></span> <span class='ocrx_word' id='word_1_692' title='bbox 2171 4460 2406 4529; x_wconf 72' lang='lat' dir='ltr'><strong>iussisse</strong></span> <span class='ocrx_word' id='word_1_693' title='bbox 2430 4461 2519 4516; x_wconf 89' lang='lat' dir='ltr'><strong>hic</strong></span> <span class='ocrx_word' id='word_1_694' title='bbox 2551 4460 2775 4516; x_wconf 84' lang='lat' dir='ltr'><strong>recitari</strong></span> <span class='ocrx_word' id='word_1_695' title='bbox 2806 4460 3205 4518; x_wconf 80' lang='lat' dir='ltr'><strong>Andreuieum.</strong></span> <span class='ocrx_word' id='word_1_696' title='bbox 3251 4458 3425 4519; x_wconf 78' lang='lat' dir='ltr'><strong>Unice</strong></span> <span class='ocrx_word' id='word_1_697' title='bbox 3471 4464 3619 4517; x_wconf 86' lang='lat' dir='ltr'><strong>enim</strong></span> 
     </span>
    </p>
   </div>
   <div class='ocr_carea' id='block_1_93' title="bbox 347 4550 1937 4634">
    <p class='ocr_par' dir='ltr' id='par_1_93' title="bbox 347 4550 1937 4634">
     <span class='ocr_line' id='line_1_93' title="bbox 347 4550 1937 4634; baseline 0.009 -29"><span class='ocrx_word' id='word_1_698' title='bbox 347 4550 550 4608; x_wconf 84' lang='lat' dir='ltr'><strong>sterior</strong></span> <span class='ocrx_word' id='word_1_699' title='bbox 574 4564 631 4608; x_wconf 92' lang='lat' dir='ltr'><strong>et</strong></span> <span class='ocrx_word' id='word_1_700' title='bbox 660 4554 864 4620; x_wconf 85' lang='lat' dir='ltr'><strong>minus,</strong></span> <span class='ocrx_word' id='word_1_701' title='bbox 909 4557 999 4611; x_wconf 89' lang='lat' dir='ltr'><strong>ubi</strong></span> <span class='ocrx_word' id='word_1_702' title='bbox 1052 4557 1332 4625; x_wconf 88' lang='lat' dir='ltr'><strong>dissentit,</strong></span> <span class='ocrx_word' id='word_1_703' title='bbox 1370 4559 1476 4616; x_wconf 86' lang='lat' dir='ltr'><strong>fide</strong></span> <span class='ocrx_word' id='word_1_704' title='bbox 1518 4561 1737 4634; x_wconf 78' lang='lat' dir='ltr'><strong>dignus,</strong></span> <span class='ocrx_word' id='word_1_705' title='bbox 1767 4564 1937 4620; x_wconf 85' lang='lat' dir='ltr'><strong>lilium</strong></span> 
     </span>
    </p>
   </div>
   <div class='ocr_carea' id='block_1_94' title="bbox 347 4641 1939 4718">
    <p class='ocr_par' dir='ltr' id='par_1_94' title="bbox 347 4641 1939 4718">
     <span class='ocr_line' id='line_1_94' title="bbox 347 4641 1939 4718; baseline 0.006 -18"><span class='ocrx_word' id='word_1_706' title='bbox 347 4641 594 4701; x_wconf 83' lang='lat' dir='ltr'><strong>Cassano</strong></span> <span class='ocrx_word' id='word_1_707' title='bbox 623 4646 871 4703; x_wconf 73' lang='lat' dir='ltr'><strong>morienti</strong></span> <span class='ocrx_word' id='word_1_708' title='bbox 902 4650 1236 4705; x_wconf 84' lang='lat' dir='ltr'><strong>successisse</strong></span> <span class='ocrx_word' id='word_1_709' title='bbox 1272 4650 1512 4718; x_wconf 83' lang='lat' dir='ltr'><strong>scribat,</strong></span> <span class='ocrx_word' id='word_1_710' title='bbox 1542 4654 1583 4709; x_wconf 91' lang='lat' dir='ltr'><strong>l.</strong></span> <span class='ocrx_word' id='word_1_711' title='bbox 1615 4670 1712 4710; x_wconf 87' lang='lat' dir='ltr'><strong>vtn</strong></span> <span class='ocrx_word' id='word_1_712' title='bbox 1742 4654 1939 4711; x_wconf 81' lang='lat' dir='ltr'><strong>Rerum</strong></span> 
     </span>
    </p>
   </div>
   <div class='ocr_carea' id='block_1_95' title="bbox 350 4732 1939 4819">
    <p class='ocr_par' dir='ltr' id='par_1_95' title="bbox 350 4732 1939 4819">
     <span class='ocr_line' id='line_1_95' title="bbox 350 4732 1939 4819; baseline 0.011 -32"><span class='ocrx_word' id='word_1_713' title='bbox 350 4732 722 4791; x_wconf 68' lang='lat' dir='ltr'><strong>Perticarum.</strong></span> <span class='ocrx_word' id='word_1_714' title='bbox 781 4738 1099 4808; x_wconf 86' lang='lat' dir='ltr'><strong>Discrepaut</strong></span> <span class='ocrx_word' id='word_1_715' title='bbox 1136 4749 1319 4797; x_wconf 86' lang='lat' dir='ltr'><strong>tamen</strong></span> <span class='ocrx_word' id='word_1_716' title='bbox 1355 4741 1407 4798; x_wconf 89' lang='lat' dir='ltr'><strong>bi</strong></span> <span class='ocrx_word' id='word_1_717' title='bbox 1465 4760 1659 4802; x_wconf 86' lang='lat' dir='ltr'><strong>omnes</strong></span> <span class='ocrx_word' id='word_1_718' title='bbox 1688 4747 1741 4801; x_wconf 91' lang='lat' dir='ltr'><strong>in</strong></span> <span class='ocrx_word' id='word_1_719' title='bbox 1777 4748 1939 4819; x_wconf 81' lang='lat' dir='ltr'><strong>hujus</strong></span> 
     </span>
    </p>
   </div>
   <div class='ocr_carea' id='block_1_96' title="bbox 351 4828 1938 4904">
    <p class='ocr_par' dir='ltr' id='par_1_96' title="bbox 351 4828 1938 4904">
     <span class='ocr_line' id='line_1_96' title="bbox 351 4828 1938 4904; baseline 0.01 -22"><span class='ocrx_word' id='word_1_720' title='bbox 351 4829 571 4885; x_wconf 85' lang='lat' dir='ltr'><strong>nomine</strong></span> <span class='ocrx_word' id='word_1_721' title='bbox 599 4846 630 4885; x_wconf 86' lang='lat' dir='ltr'><strong>a</strong></span> <span class='ocrx_word' id='word_1_722' title='bbox 661 4828 1018 4904; x_wconf 85' lang='lat' dir='ltr'><strong>Pacbymere,</strong></span> <span class='ocrx_word' id='word_1_723' title='bbox 1046 4834 1176 4890; x_wconf 88' lang='lat' dir='ltr'><strong>dum</strong></span> <span class='ocrx_word' id='word_1_724' title='bbox 1232 4834 1571 4892; x_wconf 85' lang='lat' dir='ltr'><strong>Carbandam</strong></span> <span class='ocrx_word' id='word_1_725' title='bbox 1599 4854 1692 4895; x_wconf 87' lang='lat' dir='ltr'><strong>seu</strong></span> <span class='ocrx_word' id='word_1_726' title='bbox 1724 4840 1938 4897; x_wconf 88' lang='lat' dir='ltr'><strong>Carba-</strong></span> 
     </span>
    </p>
   </div>
   <div class='ocr_carea' id='block_1_97' title="bbox 350 4924 1934 5004">
    <p class='ocr_par' dir='ltr' id='par_1_97' title="bbox 350 4924 1934 5004">
     <span class='ocr_line' id='line_1_97' title="bbox 350 4924 1934 5004; baseline 0.008 -25"><span class='ocrx_word' id='word_1_727' title='bbox 350 4924 584 4995; x_wconf 75' lang='lat' dir='ltr'><strong>gaudam</strong></span> <span class='ocrx_word' id='word_1_728' title='bbox 623 4936 838 4992; x_wconf 85' lang='lat' dir='ltr'><strong>vocant,</strong></span> <span class='ocrx_word' id='word_1_729' title='bbox 864 4943 1027 4998; x_wconf 82' lang='lat' dir='ltr'><strong>quem</strong></span> <span class='ocrx_word' id='word_1_730' title='bbox 1058 4939 1244 4985; x_wconf 88' lang='lat' dir='ltr'><strong>noster</strong></span> <span class='ocrx_word' id='word_1_731' title='bbox 1269 4930 1785 5004; x_wconf 86' lang='lat' dir='ltr'><strong>hicCarmpantam,</strong></span> <span class='ocrx_word' id='word_1_732' title='bbox 1808 4935 1934 4993; x_wconf 89' lang='lat' dir='ltr'><strong>alibi</strong></span> 
     </span>
    </p>
   </div>
   <div class='ocr_carea' id='block_1_98' title="bbox 349 5016 1934 5090">
    <p class='ocr_par' dir='ltr' id='par_1_98' title="bbox 349 5016 1934 5090">
     <span class='ocr_line' id='line_1_98' title="bbox 349 5016 1934 5090; baseline 0.006 -17"><span class='ocrx_word' id='word_1_733' title='bbox 349 5016 808 5088; x_wconf 84' lang='lat' dir='ltr'><strong>Cartnpantanem</strong></span> <span class='ocrx_word' id='word_1_734' title='bbox 842 5018 1099 5090; x_wconf 83' lang='lat' dir='ltr'><strong>appellat.</strong></span> <span class='ocrx_word' id='word_1_735' title='bbox 1131 5018 1379 5079; x_wconf 84' lang='lat' dir='ltr'><strong>Tradunt</strong></span> <span class='ocrx_word' id='word_1_736' title='bbox 1406 5034 1586 5081; x_wconf 85' lang='lat' dir='ltr'><strong>autem</strong></span> <span class='ocrx_word' id='word_1_737' title='bbox 1623 5029 1782 5085; x_wconf 89' lang='lat' dir='ltr'><strong>modo</strong></span> <span class='ocrx_word' id='word_1_738' title='bbox 1818 5029 1934 5082; x_wconf 83' lang='lat' dir='ltr'><strong>lau-</strong></span> 
     </span>
    </p>
   </div>
   <div class='ocr_carea' id='block_1_99' title="bbox 350 5110 1933 5178">
    <p class='ocr_par' dir='ltr' id='par_1_99' title="bbox 350 5110 1933 5178">
     <span class='ocr_line' id='line_1_99' title="bbox 350 5110 1933 5178; baseline 0.009 -13"><span class='ocrx_word' id='word_1_739' title='bbox 350 5110 461 5165; x_wconf 84' lang='lat' dir='ltr'><strong>dati</strong></span> <span class='ocrx_word' id='word_1_740' title='bbox 509 5120 759 5168; x_wconf 84' lang='lat' dir='ltr'><strong>auctores</strong></span> <span class='ocrx_word' id='word_1_741' title='bbox 808 5112 971 5169; x_wconf 82' lang='lat' dir='ltr'><strong>istntn</strong></span> <span class='ocrx_word' id='word_1_742' title='bbox 1005 5115 1235 5172; x_wconf 88' lang='lat' dir='ltr'><strong>Cassani</strong></span> <span class='ocrx_word' id='word_1_743' title='bbox 1278 5117 1506 5176; x_wconf 80' lang='lat' dir='ltr'><strong>fratrem</strong></span> <span class='ocrx_word' id='word_1_744' title='bbox 1560 5134 1737 5176; x_wconf 87' lang='lat' dir='ltr'><strong>matre</strong></span> <span class='ocrx_word' id='word_1_745' title='bbox 1770 5121 1933 5178; x_wconf 84' lang='lat' dir='ltr'><strong>Chri-</strong></span> 
     </span>
    </p>
   </div>
   <div class='ocr_carea' id='block_1_100' title="bbox 349 5203 1933 5279">
    <p class='ocr_par' dir='ltr' id='par_1_100' title="bbox 349 5203 1933 5279">
     <span class='ocr_line' id='line_1_100' title="bbox 349 5203 1933 5279; baseline 0.009 -23"><span class='ocrx_word' id='word_1_746' title='bbox 349 5203 524 5257; x_wconf 86' lang='lat' dir='ltr'><strong>stiana</strong></span> <span class='ocrx_word' id='word_1_747' title='bbox 554 5203 781 5269; x_wconf 85' lang='lat' dir='ltr'><strong>editum,</strong></span> <span class='ocrx_word' id='word_1_748' title='bbox 803 5215 858 5261; x_wconf 90' lang='lat' dir='ltr'><strong>et</strong></span> <span class='ocrx_word' id='word_1_749' title='bbox 886 5206 1062 5277; x_wconf 88' lang='lat' dir='ltr'><strong>ipsum</strong></span> <span class='ocrx_word' id='word_1_750' title='bbox 1080 5206 1478 5279; x_wconf 86' lang='lat' dir='ltr'><strong>Christianum,</strong></span> <span class='ocrx_word' id='word_1_751' title='bbox 1504 5210 1711 5270; x_wconf 83' lang='lat' dir='ltr'><strong>Nicolai</strong></span> <span class='ocrx_word' id='word_1_752' title='bbox 1738 5230 1933 5271; x_wconf 88' lang='lat' dir='ltr'><strong>nomen</strong></span> 
     </span>
    </p>
   </div>
   <div class='ocr_carea' id='block_1_101' title="bbox 351 5293 1930 5376">
    <p class='ocr_par' dir='ltr' id='par_1_101' title="bbox 351 5293 1930 5376">
     <span class='ocr_line' id='line_1_101' title="bbox 351 5293 1930 5376; baseline 0.011 -28"><span class='ocrx_word' id='word_1_753' title='bbox 351 5293 405 5350; x_wconf 89' lang='lat' dir='ltr'><strong>in</strong></span> <span class='ocrx_word' id='word_1_754' title='bbox 430 5296 701 5365; x_wconf 80' lang='lat' dir='ltr'><strong>baptismo</strong></span> <span class='ocrx_word' id='word_1_755' title='bbox 728 5299 1031 5371; x_wconf 84' lang='lat' dir='ltr'><strong>accepisse,</strong></span> <span class='ocrx_word' id='word_1_756' title='bbox 1060 5316 1553 5376; x_wconf 83' lang='lat' dir='ltr'><strong>perseverasseqne</strong></span> <span class='ocrx_word' id='word_1_757' title='bbox 1592 5306 1645 5362; x_wconf 84' lang='lat' dir='ltr'><strong>in</strong></span> <span class='ocrx_word' id='word_1_758' title='bbox 1676 5323 1805 5364; x_wconf 84' lang='lat' dir='ltr'><strong>vera</strong></span> <span class='ocrx_word' id='word_1_759' title='bbox 1843 5324 1930 5364; x_wconf 89' lang='lat' dir='ltr'><strong>re-</strong></span> 
     </span>
    </p>
   </div>
   <div class='ocr_carea' id='block_1_102' title="bbox 348 5386 1932 5474">
    <p class='ocr_par' dir='ltr' id='par_1_102' title="bbox 348 5386 1932 5474">
     <span class='ocr_line' id='line_1_102' title="bbox 348 5386 1932 5474; baseline 0.009 -30"><span class='ocrx_word' id='word_1_760' title='bbox 348 5386 570 5460; x_wconf 74' lang='lat' dir='ltr'><strong>ligione,</strong></span> <span class='ocrx_word' id='word_1_761' title='bbox 611 5392 789 5460; x_wconf 87' lang='lat' dir='ltr'><strong>quoad</strong></span> <span class='ocrx_word' id='word_1_762' title='bbox 835 5393 972 5449; x_wconf 80' lang='lat' dir='ltr'><strong>vixit</strong></span> <span class='ocrx_word' id='word_1_763' title='bbox 1026 5406 1221 5461; x_wconf 85' lang='lat' dir='ltr'><strong>mater,</strong></span> <span class='ocrx_word' id='word_1_764' title='bbox 1273 5399 1369 5453; x_wconf 87' lang='lat' dir='ltr'><strong>sed</strong></span> <span class='ocrx_word' id='word_1_765' title='bbox 1426 5414 1490 5454; x_wconf 88' lang='lat' dir='ltr'><strong>ea</strong></span> <span class='ocrx_word' id='word_1_766' title='bbox 1524 5411 1762 5472; x_wconf 81' lang='lat' dir='ltr'><strong>mortus,</strong></span> <span class='ocrx_word' id='word_1_767' title='bbox 1789 5404 1932 5474; x_wconf 90' lang='lat' dir='ltr'><strong>quod</strong></span> 
     </span>
    </p>
   </div>
   <div class='ocr_carea' id='block_1_103' title="bbox 350 5488 1931 5561">
    <p class='ocr_par' dir='ltr' id='par_1_103' title="bbox 350 5488 1931 5561">
     <span class='ocr_line' id='line_1_103' title="bbox 350 5488 1931 5561; baseline 0.008 -21"><span class='ocrx_word' id='word_1_768' title='bbox 350 5494 473 5554; x_wconf 84' lang='lat' dir='ltr'><strong>post</strong></span> <span class='ocrx_word' id='word_1_769' title='bbox 502 5500 680 5543; x_wconf 82' lang='lat' dir='ltr'><strong>annos</strong></span> <span class='ocrx_word' id='word_1_770' title='bbox 704 5501 799 5544; x_wconf 73' lang='lat' dir='ltr'><strong>se:</strong></span> <span class='ocrx_word' id='word_1_771' title='bbox 846 5488 1097 5561; x_wconf 72' lang='lat' dir='ltr'><strong>contigit,</strong></span> <span class='ocrx_word' id='word_1_772' title='bbox 1147 5490 1217 5547; x_wconf 89' lang='lat' dir='ltr'><strong>ad</strong></span> <span class='ocrx_word' id='word_1_773' title='bbox 1270 5490 1744 5551; x_wconf 76' lang='lat' dir='ltr'><strong>Iabometismutn</strong></span> <span class='ocrx_word' id='word_1_774' title='bbox 1781 5495 1931 5553; x_wconf 84' lang='lat' dir='ltr'><strong>defe-</strong></span> 
     </span>
    </p>
   </div>
   <div class='ocr_carea' id='block_1_104' title="bbox 351 5580 712 5638">
    <p class='ocr_par' dir='ltr' id='par_1_104' title="bbox 351 5580 712 5638">
     <span class='ocr_line' id='line_1_104' title="bbox 351 5580 712 5638; baseline 0.008 -2"><span class='ocrx_word' id='word_1_775' title='bbox 351 5580 509 5638; x_wconf 83' lang='lat' dir='ltr'><strong>cisse.</strong></span> <span class='ocrx_word' id='word_1_776' title='bbox 708 5583 712 5587; x_wconf 78' lang='grc'><strong><em>’</em></strong></span> 
     </span>
    </p>
   </div>
   <div class='ocr_carea' id='block_1_105' title="bbox 418 5672 1927 5752">
    <p class='ocr_par' dir='ltr' id='par_1_105' title="bbox 418 5672 1927 5752">
     <span class='ocr_line' id='line_1_105' title="bbox 418 5672 1927 5752; baseline 0.007 -23"><span class='ocrx_word' id='word_1_777' title='bbox 418 5675 479 5730; x_wconf 76' lang='grc'><strong>1³.</strong></span> <span class='ocrx_word' id='word_1_778' title='bbox 512 5673 637 5731; x_wconf 63' lang='grc'><strong>461.</strong></span> <span class='ocrx_word' id='word_1_779' title='bbox 668 5672 898 5744; x_wconf 77' lang='grc' dir='ltr'><strong>Χρῆσις</strong></span> <span class='ocrx_word' id='word_1_780' title='bbox 920 5675 979 5731; x_wconf 80' lang='lat' dir='ltr'><strong>S.</strong></span> <span class='ocrx_word' id='word_1_781' title='bbox 1001 5678 1256 5752; x_wconf 84' lang='lat' dir='ltr'><strong>martyris</strong></span> <span class='ocrx_word' id='word_1_782' title='bbox 1282 5676 1477 5750; x_wconf 76' lang='lat' dir='ltr'><strong>lgnatii</strong></span> <span class='ocrx_word' id='word_1_783' title='bbox 1510 5680 1616 5738; x_wconf 89' lang='lat' dir='ltr'><strong>hoc</strong></span> <span class='ocrx_word' id='word_1_784' title='bbox 1645 5681 1766 5739; x_wconf 91' lang='lat' dir='ltr'><strong>loco</strong></span> <span class='ocrx_word' id='word_1_785' title='bbox 1792 5682 1927 5741; x_wconf 89' lang='lat' dir='ltr'><strong>lecta</strong></span> 
     </span>
    </p>
   </div>
   <div class='ocr_carea' id='block_1_106' title="bbox 352 5768 1930 5847">
    <p class='ocr_par' dir='ltr' id='par_1_106' title="bbox 352 5768 1930 5847">
     <span class='ocr_line' id='line_1_106' title="bbox 352 5768 1930 5847; baseline 0.006 -21"><span class='ocrx_word' id='word_1_786' title='bbox 352 5784 596 5840; x_wconf 57' lang='lat' dir='ltr'><strong>quanam</strong></span> <span class='ocrx_word' id='word_1_787' title='bbox 623 5770 809 5837; x_wconf 89' lang='lat' dir='ltr'><strong>fuerit,</strong></span> <span class='ocrx_word' id='word_1_788' title='bbox 839 5785 945 5827; x_wconf 92' lang='lat' dir='ltr'><strong>non</strong></span> <span class='ocrx_word' id='word_1_789' title='bbox 976 5768 1136 5829; x_wconf 80' lang='lat' dir='ltr'><strong>facile</strong></span> <span class='ocrx_word' id='word_1_790' title='bbox 1165 5772 1409 5829; x_wconf 83' lang='lat' dir='ltr'><strong>divinato</strong></span> <span class='ocrx_word' id='word_1_791' title='bbox 1443 5780 1551 5845; x_wconf 78' lang='lat' dir='ltr'><strong>est,</strong></span> <span class='ocrx_word' id='word_1_792' title='bbox 1574 5775 1716 5847; x_wconf 90' lang='lat' dir='ltr'><strong>quod</strong></span> <span class='ocrx_word' id='word_1_793' title='bbox 1744 5777 1930 5835; x_wconf 74' lang='lat' dir='ltr'><strong>multa:</strong></span> 
     </span>
    </p>
   </div>
   <div class='ocr_carea' id='block_1_107' title="bbox 2048 4552 3620 4626">
    <p class='ocr_par' dir='ltr' id='par_1_107' title="bbox 2048 4552 3620 4626">
     <span class='ocr_line' id='line_1_107' title="bbox 2048 4552 3620 4626; baseline 0.004 -19"><span class='ocrx_word' id='word_1_794' title='bbox 2048 4552 2318 4609; x_wconf 83' lang='lat' dir='ltr'><strong>faciebant</strong></span> <span class='ocrx_word' id='word_1_795' title='bbox 2352 4554 2419 4608; x_wconf 82' lang='lat' dir='ltr'><strong>ad</strong></span> <span class='ocrx_word' id='word_1_796' title='bbox 2452 4568 2681 4623; x_wconf 88' lang='lat' dir='ltr'><strong>scopum</strong></span> <span class='ocrx_word' id='word_1_797' title='bbox 2738 4553 2817 4609; x_wconf 88' lang='lat' dir='ltr'><strong>illi</strong></span> <span class='ocrx_word' id='word_1_798' title='bbox 2881 4555 3221 4626; x_wconf 77' lang='lat' dir='ltr'><strong>propositum</strong></span> <span class='ocrx_word' id='word_1_799' title='bbox 3259 4555 3620 4624; x_wconf 84' lang='lat' dir='ltr'><strong>persuadendi</strong></span> 
     </span>
    </p>
   </div>
   <div class='ocr_carea' id='block_1_108' title="bbox 2042 4646 3617 4717">
    <p class='ocr_par' dir='ltr' id='par_1_108' title="bbox 2042 4646 3617 4717">
     <span class='ocr_line' id='line_1_108' title="bbox 2042 4646 3617 4717; baseline 0.001 -15"><span class='ocrx_word' id='word_1_800' title='bbox 2042 4646 2362 4702; x_wconf 82' lang='lat' dir='ltr'><strong>Arsenianis</strong></span> <span class='ocrx_word' id='word_1_801' title='bbox 2388 4657 2448 4703; x_wconf 92' lang='lat' dir='ltr'><strong>ut</strong></span> <span class='ocrx_word' id='word_1_802' title='bbox 2481 4648 2776 4704; x_wconf 80' lang='lat' dir='ltr'><strong>Athanasio</strong></span> <span class='ocrx_word' id='word_1_803' title='bbox 2808 4648 3142 4717; x_wconf 65' lang='lat' dir='ltr'><strong>patriarcha</strong></span> <span class='ocrx_word' id='word_1_804' title='bbox 3175 4664 3236 4705; x_wconf 87' lang='lat' dir='ltr'><strong>se</strong></span> <span class='ocrx_word' id='word_1_805' title='bbox 3282 4650 3617 4716; x_wconf 88' lang='lat' dir='ltr'><strong>subderent;</strong></span> 
     </span>
    </p>
   </div>
   <div class='ocr_carea' id='block_1_109' title="bbox 2042 4741 3599 4813">
    <p class='ocr_par' dir='ltr' id='par_1_109' title="bbox 2042 4741 3599 4813">
     <span class='ocr_line' id='line_1_109' title="bbox 2042 4741 3599 4813; baseline 0.003 -16"><span class='ocrx_word' id='word_1_806' title='bbox 2042 4753 2095 4797; x_wconf 89' lang='lat' dir='ltr'><strong>et</strong></span> <span class='ocrx_word' id='word_1_807' title='bbox 2118 4758 2244 4797; x_wconf 88' lang='lat' dir='ltr'><strong>eum</strong></span> <span class='ocrx_word' id='word_1_808' title='bbox 2279 4758 2345 4797; x_wconf 82' lang='lat' dir='ltr'><strong>ex</strong></span> <span class='ocrx_word' id='word_1_809' title='bbox 2388 4741 2630 4811; x_wconf 82' lang='lat' dir='ltr'><strong>pluribus</strong></span> <span class='ocrx_word' id='word_1_810' title='bbox 2672 4741 2866 4813; x_wconf 76' lang='lat' dir='ltr'><strong>lgnatii</strong></span> <span class='ocrx_word' id='word_1_811' title='bbox 2912 4743 3160 4812; x_wconf 82' lang='lat' dir='ltr'><strong>epistolis</strong></span> <span class='ocrx_word' id='word_1_812' title='bbox 3213 4747 3459 4812; x_wconf 67' lang='lat' dir='ltr'><strong>quantam</strong></span> <span class='ocrx_word' id='word_1_813' title='bbox 3491 4745 3599 4801; x_wconf 89' lang='lat' dir='ltr'><strong>alle</strong></span> 
     </span>
    </p>
   </div>
   <div class='ocr_carea' id='block_1_110' title="bbox 2041 4838 3620 4909">
    <p class='ocr_par' dir='ltr' id='par_1_110' title="bbox 2041 4838 3620 4909">
     <span class='ocr_line' id='line_1_110' title="bbox 2041 4838 3620 4909; baseline 0.001 -18"><span class='ocrx_word' id='word_1_814' title='bbox 2041 4853 2220 4908; x_wconf 74' lang='lat' dir='ltr'><strong>gasse,</strong></span> <span class='ocrx_word' id='word_1_815' title='bbox 2264 4846 2586 4908; x_wconf 72' lang='lat' dir='ltr'><strong>argumento</strong></span> <span class='ocrx_word' id='word_1_816' title='bbox 2617 4851 2739 4892; x_wconf 86' lang='lat' dir='ltr'><strong>esse</strong></span> <span class='ocrx_word' id='word_1_817' title='bbox 2769 4846 2946 4909; x_wconf 87' lang='lat' dir='ltr'><strong>potest</strong></span> <span class='ocrx_word' id='word_1_818' title='bbox 2966 4838 3110 4905; x_wconf 81' lang='lat' dir='ltr'><strong>quod</strong></span> <span class='ocrx_word' id='word_1_819' title='bbox 3139 4838 3341 4893; x_wconf 81' lang='lat' dir='ltr'><strong>nullam</strong></span> <span class='ocrx_word' id='word_1_820' title='bbox 3366 4838 3620 4894; x_wconf 82' lang='lat' dir='ltr'><strong>nomina-</strong></span> 
     </span>
    </p>
   </div>
   <div class='ocr_carea' id='block_1_111' title="bbox 2040 4932 3618 5004">
    <p class='ocr_par' dir='ltr' id='par_1_111' title="bbox 2040 4932 3618 5004">
     <span class='ocr_line' id='line_1_111' title="bbox 2040 4932 3618 5004; baseline 0.002 -19"><span class='ocrx_word' id='word_1_821' title='bbox 2040 4936 2135 4985; x_wconf 83' lang='lat' dir='ltr'><strong>tim</strong></span> <span class='ocrx_word' id='word_1_822' title='bbox 2197 4932 2520 5004; x_wconf 74' lang='lat' dir='ltr'><strong>designavit,</strong></span> <span class='ocrx_word' id='word_1_823' title='bbox 2556 4947 2624 4987; x_wconf 78' lang='lat' dir='ltr'><strong>ex</strong></span> <span class='ocrx_word' id='word_1_824' title='bbox 2679 4946 2785 5002; x_wconf 85' lang='lat' dir='ltr'><strong>qua</strong></span> <span class='ocrx_word' id='word_1_825' title='bbox 2840 4933 3004 4987; x_wconf 87' lang='lat' dir='ltr'><strong>verba</strong></span> <span class='ocrx_word' id='word_1_826' title='bbox 3049 4947 3169 5003; x_wconf 69' lang='lat' dir='ltr'><strong>quae</strong></span> <span class='ocrx_word' id='word_1_827' title='bbox 3216 4932 3394 4987; x_wconf 86' lang='lat' dir='ltr'><strong>audiri</strong></span> <span class='ocrx_word' id='word_1_828' title='bbox 3447 4932 3618 4988; x_wconf 87' lang='lat' dir='ltr'><strong>voluit</strong></span> 
     </span>
    </p>
   </div>
   <div class='ocr_carea' id='block_1_112' title="bbox 2039 5034 2277 5082">
    <p class='ocr_par' dir='ltr' id='par_1_112' title="bbox 2039 5034 2277 5082">
     <span class='ocr_line' id='line_1_112' title="bbox 2039 5034 2277 5082; baseline -0.004 0"><span class='ocrx_word' id='word_1_829' title='bbox 2039 5034 2277 5082; x_wconf 85' lang='lat' dir='ltr'><strong>erueret.</strong></span> 
     </span>
    </p>
   </div>
   <div class='ocr_carea' id='block_1_113' title="bbox 2108 5098 3619 5194">
    <p class='ocr_par' dir='ltr' id='par_1_113' title="bbox 2108 5098 3619 5194">
     <span class='ocr_line' id='line_1_113' title="bbox 2108 5098 3619 5194; baseline 0.002 -21"><span class='ocrx_word' id='word_1_830' title='bbox 2108 5117 2171 5174; x_wconf 78' lang='grc' dir='ltr'><strong>Ρ.</strong></span> <span class='ocrx_word' id='word_1_831' title='bbox 2200 5116 2327 5174; x_wconf 73' lang='grc'><strong>465.</strong></span> <span class='ocrx_word' id='word_1_832' title='bbox 2355 5098 2429 5173; x_wconf 77' lang='lat' dir='ltr'><strong>Ut</strong></span> <span class='ocrx_word' id='word_1_833' title='bbox 2456 5117 2709 5189; x_wconf 86' lang='lat' dir='ltr'><strong>superius</strong></span> <span class='ocrx_word' id='word_1_834' title='bbox 2748 5117 3137 5175; x_wconf 86' lang='lat' dir='ltr'><strong>schismaticus</strong></span> <span class='ocrx_word' id='word_1_835' title='bbox 3168 5117 3472 5189; x_wconf 88' lang='lat' dir='ltr'><strong>imperator</strong></span> <span class='ocrx_word' id='word_1_836' title='bbox 3493 5131 3619 5194; x_wconf 66' lang='lat' dir='ltr'><strong>pcr-</strong></span> 
     </span>
    </p>
   </div>
   <div class='ocr_carea' id='block_1_114' title="bbox 2034 5208 3618 5285">
    <p class='ocr_par' dir='ltr' id='par_1_114' title="bbox 2034 5208 3618 5285">
     <span class='ocr_line' id='line_1_114' title="bbox 2034 5208 3618 5285; baseline -0.001 -19"><span class='ocrx_word' id='word_1_837' title='bbox 2034 5212 2267 5267; x_wconf 78' lang='lat' dir='ltr'><strong>suadere</strong></span> <span class='ocrx_word' id='word_1_838' title='bbox 2296 5209 2468 5267; x_wconf 87' lang='lat' dir='ltr'><strong>voluit</strong></span> <span class='ocrx_word' id='word_1_839' title='bbox 2525 5209 2611 5283; x_wconf 87' lang='lat' dir='ltr'><strong>[P.</strong></span> <span class='ocrx_word' id='word_1_840' title='bbox 2638 5208 2767 5285; x_wconf 73' lang='lat'><strong>553]</strong></span> <span class='ocrx_word' id='word_1_841' title='bbox 2799 5226 2826 5264; x_wconf 87' lang='lat' dir='ltr'><strong>a</strong></span> <span class='ocrx_word' id='word_1_842' title='bbox 2866 5221 3109 5280; x_wconf 83' lang='lat' dir='ltr'><strong>tempore</strong></span> <span class='ocrx_word' id='word_1_843' title='bbox 3160 5226 3367 5280; x_wconf 64' lang='lat' dir='ltr'><strong>magna!</strong></span> <span class='ocrx_word' id='word_1_844' title='bbox 3395 5212 3618 5282; x_wconf 82' lang='lat' dir='ltr'><strong>synodi,</strong></span> 
     </span>
    </p>
   </div>
   <div class='ocr_carea' id='block_1_115' title="bbox 2038 5304 3618 5377">
    <p class='ocr_par' dir='ltr' id='par_1_115' title="bbox 2038 5304 3618 5377">
     <span class='ocr_line' id='line_1_115' title="bbox 2038 5304 3618 5377; baseline -0.001 -17"><span class='ocrx_word' id='word_1_845' title='bbox 2038 5306 2140 5360; x_wconf 90' lang='lat' dir='ltr'><strong>hoc</strong></span> <span class='ocrx_word' id='word_1_846' title='bbox 2168 5312 2253 5361; x_wconf 83' lang='lat' dir='ltr'><strong>est</strong></span> <span class='ocrx_word' id='word_1_847' title='bbox 2269 5305 2626 5361; x_wconf 66' lang='lat' dir='ltr'><strong>meumenicc</strong></span> <span class='ocrx_word' id='word_1_848' title='bbox 2642 5314 2850 5361; x_wconf 70' lang='lat' dir='ltr'><strong>octavae</strong></span> <span class='ocrx_word' id='word_1_849' title='bbox 2872 5309 2987 5376; x_wconf 77' lang='lat' dir='ltr'><strong>(aut</strong></span> <span class='ocrx_word' id='word_1_850' title='bbox 3016 5304 3196 5376; x_wconf 88' lang='lat' dir='ltr'><strong>potius</strong></span> <span class='ocrx_word' id='word_1_851' title='bbox 3212 5304 3618 5377; x_wconf 75' lang='lat' dir='ltr'><strong>pseudosynodi</strong></span> 
     </span>
    </p>
   </div>
   <div class='ocr_carea' id='block_1_116' title="bbox 2033 5396 3613 5471">
    <p class='ocr_par' dir='ltr' id='par_1_116' title="bbox 2033 5396 3613 5471">
     <span class='ocr_line' id='line_1_116' title="bbox 2033 5396 3613 5471; baseline -0.001 -19"><span class='ocrx_word' id='word_1_852' title='bbox 2033 5399 2327 5471; x_wconf 73' lang='lat' dir='ltr'><strong>suppositae</strong></span> <span class='ocrx_word' id='word_1_853' title='bbox 2384 5413 2416 5453; x_wconf 70' lang='grc' dir='ltr'><strong><em>ι</em></strong></span> <span class='ocrx_word' id='word_1_854' title='bbox 2479 5396 2767 5454; x_wconf 84' lang='lat' dir='ltr'><strong>notissimo</strong></span> <span class='ocrx_word' id='word_1_855' title='bbox 2825 5396 3119 5467; x_wconf 80' lang='lat' dir='ltr'><strong>impostore</strong></span> <span class='ocrx_word' id='word_1_856' title='bbox 3176 5396 3396 5462; x_wconf 83' lang='lat' dir='ltr'><strong>I’hotio,</strong></span> <span class='ocrx_word' id='word_1_857' title='bbox 3446 5411 3613 5468; x_wconf 77' lang='lat' dir='ltr'><strong>quam</strong></span> 
     </span>
    </p>
   </div>
   <div class='ocr_carea' id='block_1_117' title="bbox 2035 5490 3615 5562">
    <p class='ocr_par' dir='ltr' id='par_1_117' title="bbox 2035 5490 3615 5562">
     <span class='ocr_line' id='line_1_117' title="bbox 2035 5490 3615 5562; baseline -0.002 -16"><span class='ocrx_word' id='word_1_858' title='bbox 2035 5491 2288 5547; x_wconf 77' lang='lat' dir='ltr'><strong>l’hotiani</strong></span> <span class='ocrx_word' id='word_1_859' title='bbox 2320 5507 2418 5562; x_wconf 87' lang='lat' dir='ltr'><strong>pro</strong></span> <span class='ocrx_word' id='word_1_860' title='bbox 2444 5490 2788 5547; x_wconf 75' lang='lat' dir='ltr'><strong>tecumenica</strong></span> <span class='ocrx_word' id='word_1_861' title='bbox 2824 5500 3017 5545; x_wconf 81' lang='lat' dir='ltr'><strong>octava</strong></span> <span class='ocrx_word' id='word_1_862' title='bbox 3050 5497 3335 5545; x_wconf 79' lang='lat' dir='ltr'><strong>ostentant</strong></span> <span class='ocrx_word' id='word_1_863' title='bbox 3365 5496 3421 5544; x_wconf 86' lang='lat' dir='ltr'><strong>et</strong></span> <span class='ocrx_word' id='word_1_864' title='bbox 3448 5504 3615 5545; x_wconf 80' lang='lat' dir='ltr'><strong>vene-</strong></span> 
     </span>
    </p>
   </div>
   <div class='ocr_carea' id='block_1_118' title="bbox 2038 5582 3610 5657">
    <p class='ocr_par' dir='ltr' id='par_1_118' title="bbox 2038 5582 3610 5657">
     <span class='ocr_line' id='line_1_118' title="bbox 2038 5582 3610 5657; baseline -0.003 -16"><span class='ocrx_word' id='word_1_865' title='bbox 2038 5585 2252 5657; x_wconf 84' lang='lat' dir='ltr'><strong>rantur)</strong></span> <span class='ocrx_word' id='word_1_866' title='bbox 2273 5584 2545 5642; x_wconf 83' lang='lat' dir='ltr'><strong>defecisse</strong></span> <span class='ocrx_word' id='word_1_867' title='bbox 2575 5583 2630 5639; x_wconf 91' lang='lat' dir='ltr'><strong>in</strong></span> <span class='ocrx_word' id='word_1_868' title='bbox 2660 5582 2954 5640; x_wconf 87' lang='lat' dir='ltr'><strong>Occidente</strong></span> <span class='ocrx_word' id='word_1_869' title='bbox 2987 5598 3168 5639; x_wconf 80' lang='lat' dir='ltr'><strong>veram</strong></span> <span class='ocrx_word' id='word_1_870' title='bbox 3202 5582 3610 5637; x_wconf 85' lang='lat' dir='ltr'><strong>successionem</strong></span> 
     </span>
    </p>
   </div>
   <div class='ocr_carea' id='block_1_119' title="bbox 2035 5672 3611 5753">
    <p class='ocr_par' dir='ltr' id='par_1_119' title="bbox 2035 5672 3611 5753">
     <span class='ocr_line' id='line_1_119' title="bbox 2035 5672 3611 5753; baseline -0.006 -18"><span class='ocrx_word' id='word_1_871' title='bbox 2035 5680 2403 5753; x_wconf 75' lang='lat' dir='ltr'><strong>legitimorum</strong></span> <span class='ocrx_word' id='word_1_872' title='bbox 2430 5679 2751 5750; x_wconf 54' lang='lat' dir='ltr'><strong>praesulem,</strong></span> <span class='ocrx_word' id='word_1_873' title='bbox 2783 5680 2927 5750; x_wconf 89' lang='lat' dir='ltr'><strong>quod</strong></span> <span class='ocrx_word' id='word_1_874' title='bbox 2960 5678 3106 5733; x_wconf 90' lang='lat' dir='ltr'><strong>notis</strong></span> <span class='ocrx_word' id='word_1_875' title='bbox 3164 5676 3299 5745; x_wconf 85' lang='lat' dir='ltr'><strong>adp.</strong></span> <span class='ocrx_word' id='word_1_876' title='bbox 3332 5673 3436 5731; x_wconf 82' lang='lat'><strong>556</strong></span> <span class='ocrx_word' id='word_1_877' title='bbox 3467 5672 3611 5729; x_wconf 83' lang='lat' dir='ltr'><strong>refu-</strong></span> 
     </span>
    </p>
   </div>
   <div class='ocr_carea' id='block_1_120' title="bbox 2034 5766 3621 5847">
    <p class='ocr_par' dir='ltr' id='par_1_120' title="bbox 2034 5766 3621 5847">
     <span class='ocr_line' id='line_1_120' title="bbox 2034 5766 3621 5847; baseline -0.007 -16"><span class='ocrx_word' id='word_1_878' title='bbox 2034 5777 2294 5843; x_wconf 83' lang='lat' dir='ltr'><strong>tavimus,</strong></span> <span class='ocrx_word' id='word_1_879' title='bbox 2314 5774 2389 5830; x_wconf 85' lang='lat' dir='ltr'><strong>ita</strong></span> <span class='ocrx_word' id='word_1_880' title='bbox 2415 5788 2555 5832; x_wconf 88' lang='lat' dir='ltr'><strong>nunc</strong></span> <span class='ocrx_word' id='word_1_881' title='bbox 2574 5771 2691 5847; x_wconf 84' lang='lat' dir='ltr'><strong>pari</strong></span> <span class='ocrx_word' id='word_1_882' title='bbox 2722 5773 2957 5832; x_wconf 81' lang='lat' dir='ltr'><strong>vanitate</strong></span> <span class='ocrx_word' id='word_1_883' title='bbox 2982 5772 3058 5828; x_wconf 87' lang='lat' dir='ltr'><strong>ait</strong></span> <span class='ocrx_word' id='word_1_884' title='bbox 3077 5772 3258 5827; x_wconf 82' lang='lat' dir='ltr'><strong>sedem</strong></span> <span class='ocrx_word' id='word_1_885' title='bbox 3283 5766 3621 5839; x_wconf 75' lang='lat' dir='ltr'><strong>Romanam,</strong></span> 
     </span>
    </p>
   </div>
  </div>
