4004 6234
456 214 562 281 831

1197 218 1261 280 Ρ.
1303 218 1608 282 POSSINI
1649 210 2300 284 OBSERVATlONUM
2341 219 2488 282 LIB.
2534 214 2959 303 Il.f-NOT.~E.

3611 206 3724 271 832

464 307 716 407 Quinque
747 336 927 405 priora
957 337 1122 410 hujus
1167 342 1457 394 commatis
1487 341 1650 396 verba
1689 342 2027 396 notissimum
2058 350 2108 410 Α
2134 340 2286 406 Quod
2315 340 2456 392 idem
2490 301 2722 392 amrmat
2758 336 2999 406 Fuglieta
3036 335 3088 386 in
3148 293 3371 402 Elogiis.
3417 325 3562 384 etin
3603 325 3724 382 Tri-

466 440 594 484 sunt
659 439 713 483 et
760 431 1259 485 decantatissimum
1309 431 1620 487 Aristotelis
1667 432 1910 502 ell‘atum,
1968 451 2037 491 ex
2084 487 2090 499 ,

470 526 626 578 initio
686 524 845 594 primi
903 523 1024 592 elus
1071 523 1558 594 Hetnpltysicorum
1615 525 1738 580 librai
1799 524 1866 598 IP
1908 525 2049 601 557]-

469 616 600 682 Quze
620 625 797 671 autem
828 616 1086 670 continue
1109 627 1442 671 memoratur
1475 633 1504 671 a
1528 618 1860 689 Pachymere
1897 619 2037 687 ἀγάο

471 725 637 780 πησις
701 709 812 763 τῶν
852 710 1162 780 αἰσθήσεων
1205 725 1309 764 non
1368 724 1488 764 eam
1544 710 1715 764 solum
1775 726 1936 779 quam
1981 711 2036 766 in

473 803 922 872 interpretatione
951 804 1196 872 expressi
1226 801 1636 858 delectationem
1698 804 1751 857 in
1785 821 1884 858 usu
1917 820 2037 874 pcr-

471 895 707 964 cipieudi
734 895 944 965 objecta
973 909 1067 964 pcr
1091 910 1288 948 sensus
1316 893 1585 964 designat,
1618 895 1711 947 sed
1753 905 2034 962 praeterea,

468 987 620 1058 juxta
647 986 919 1040 notionem
948 985 1221 1055 propriam
1253 985 1428 1042 (ἕτερὶ
1475 985 1622 1039 verbi
1673 981 1919 1057 ἀγαπᾷν,
1953 1001 2039 1039 sa.

475 1077 834 1131 tiam-tionem
887 1086 941 1130 ct
991 1080 1146 1147 quasl
1195 1077 1404 1146 plenam
1454 1077 1759 1132 satietatem
1801 1079 2037 1132 hominis

473 1170 737 1230 contenti,
773 1168 1076 1223 desiderare
1109 1170 1225 1238 plus
1261 1185 1369 1224 non
1407 1170 1657 1234 valentis,
1692 1171 1814 1224 dum
1845 1169 2040 1225 fruitur

476 1270 658 1328 vegeta
690 1259 943 1316 facultate
1005 1277 1224 1315 suorum
1281 1264 1520 1316 omnium
1576 1278 1853 1318 sensuum.
1888 1262 2038 1318 lianc

471 1355 705 1422 quietem
744 1356 989 1407 humanm
1021 1352 1357 1407 curiositatis
1415 1354 1467 1406 in
1497 1368 1594 1406 usu
1638 1353 1889 1422 exprdito
1916 1369 2038 1407 sen—

472 1461 629 1499 suum
663 1445 934 1514 eleganter
968 1445 1205 1497 declarat
1248 1445 1460 1509 Cicero,
1496 1446 1530 1500 Ι.
1566 1462 1600 1501 ll
1673 1444 2038 1512 Qua'stionum

477 1540 905 1592 Academicorum
953 1539 1037 1592 his
1082 1538 1258 1591 verbis
1291 1554 1306 1591 :
1345 1538 1634 1593 Ordiamur
1661 1579 1677 1594 .
1700 1581 1714 1594 .
1743 1578 1758 1593 .
1805 1557 1834 1592 τι
1866 1540 2034 1594 sensi-

475 1633 610 1691 lms:
640 1646 861 1700 quarunt
915 1630 990 1681 ita
1019 1631 1163 1682 clara
1193 1624 1406 1698 judicia
1439 1641 1484 1683 et
1518 1640 1662 1683 certa
1696 1639 1838 1693 sunt,
1876 1640 1954 1694 ut,
1991 1630 2036 1684 si

2146 442 2301 487 stano
2331 430 2515 497 Caico,
2548 432 2582 487 Ι.
2620 446 2733 495 tux,
2766 444 2818 485 c.
2850 427 2976 492 ιρι,
3004 428 3097 497 qui
3128 435 3182 479 et
3216 425 3292 478 ait
3321 424 3390 477 ob
3420 421 3725 492 potentiam

2143 525 2318 594 Opicii
2352 538 2544 579 omnes
2578 522 2748 577 italiae
2794 522 3044 575 civitates
3087 518 3141 573 in
3175 533 3241 574 eo
3287 515 3472 569 oculos
3514 513 3726 569 ﬁxisse.

2217 613 2359 670 Ibid.
2394 613 2535 668 Data
2567 614 2623 667 in
2657 612 3046 668 matrimonium
3077 609 3213 677 filia.
3257 605 3379 661 Haec
3406 605 3517 661 lilia
3551 605 3728 675 Opieii

2145 708 2382 775 Spiuolc
2430 706 2722 762 Theodoro
2778 703 3083 770 Pais-ologo
3117 699 3516 758 Montisl'errati
3585 713 3733 753 mm-

2144 802 2327 857 chioui
2356 808 2520 869 nupta
2561 797 2857 868 Argentius
2882 795 3198 849 vocabatur.

2220 872 2364 945 Ibid.
2399 888 2524 956 Agit
2557 890 2622 944 de
2655 885 2964 942 Theodoro.
3011 881 3215 939 Vocem
3265 882 3517 938 Grmcam
3554 879 3735 941 ἄπαις

2145 997 2251 1036 non
2287 981 2446 1036 debui
2496 988 2711 1033 vertere
2754 977 2868 1031 sine
2913 975 3092 1029 liberis
3129 975 3224 1029 sed
3261 976 3372 1028 sine
3408 971 3561 1042 prole
3592 987 3735 1026 mos-

2144 1076 2263 1130 rnla
2293 1091 2313 1130 :
2345 1075 2605 1144 quoniam
2659 1071 2903 1127 historici
2943 1069 3062 1124 lIali
3116 1069 3390 1122 allirmant
3426 1077 3619 1121 natam
3666 1080 3734 1120 ex

2146 1167 2456 1236 Argentius:
2502 1165 2737 1226 Suinolte
2784 1179 2910 1220 cum
2945 1161 3233 1217 Theodoro
3267 1159 3573 1226 l’alteulngo
3606 1173 3739 1211 ren-

2138 1258 2289 1326 jugio
2311 1258 2475 1310 tiliam
2510 1255 2765 1310 Jolanten
2820 1255 3048 1315 dictam,
3081 1250 3165 1324 [P.
3195 1249 3326 1323 5518]
3365 1267 3485 1316 quae
3537 1257 3734 1320 postea

2147 1349 2328 1418 nupsit
2361 1348 2586 1419 Aymoni
2619 1347 2808 1402 comiti
2839 1347 3152 1402 Sabaudize.
3189 1343 3415 1399 Videtur
3444 1344 3533 1397 hic
3563 1341 3740 1396 fuisse

2149 1441 2294 1495 ﬁlius
2323 1441 2552 1495 Amadei
2587 1439 2678 1503 IV,
2722 1441 2808 1494 cui
2843 1450 3024 1508 postea
3063 1435 3315 1491 morienti
3381 1437 3434 1488 in
3463 1435 3737 1488 comitatu

2145 1535 2432 1599 successit,
2493 1535 2726 1602 quando.
2783 1533 2937 1602 quasi
2969 1543 3026 1585 ut
3065 1514 3376 1586 ostenderet
3409 1543 3579 1597 quam
3627 1542 3737 1579 non

2144 1644 2267 1682 eum
2331 1628 2622 1695 pmniteret
2679 1625 2960 1680 affinitatis
3012 1639 3135 1678 cum
3198 1623 3358 1677 domo
3421 1619 3736 1688 Palmologa

471 1724 614 1790 optio
665 1731 872 1776 natura:
930 1733 1125 1777 nostra
1160 1722 1343 1789 detur,
1390 1732 1437 1776 et
1465 1721 1531 1776 ab
1579 1738 1640 1777 ea
1689 1723 1815 1776 deus
1846 1721 2038 1792 aliquis
2067 1716 2116 1774 B
2143 1731 2455 1783 contractzc,
2489 1718 2852 1776 libentissime
2875 1718 3152 1773 consensit
3177 1717 3228 1770 in
3263 1715 3610 1786 propositam
3633 1713 3738 1779 ipsi

476 1815 705 1883 requirat
736 1824 1046 1868 contentane
1075 1817 1143 1869 sit
1186 1814 1300 1868 suis
1344 1813 1568 1884 integris
1623 1815 2040 1885 incorruptisque

473 1907 732 1971 sensibus,
793 1923 862 1960 an
893 1908 1121 1975 postulet
1168 1907 1354 1960 melius
1413 1907 1639 1977 aliquid,
1675 1925 1779 1964 non
1837 1910 2040 1964 rideam

473 2002 600 2074 quid
617 2011 834 2069 .qarrrat
857 2001 1102 2069 amplius.
1134 2000 1408 2057 "actenus
1440 2001 1666 2058 Tullius.

549 2094 814 2152 Caeterum
857 2097 944 2165 (de
980 2110 1087 2165 quo
1143 2096 1309 2151 semel
1338 2098 1706 2152 admonendus
1737 2097 1823 2153 hic
1874 2095 2043 2162 lector

479 2187 583 2260 est)
618 2187 785 2242 codex
837 2188 1078 2250 optimus
1132 2187 1456 2241 Barln-rinus
1507 2187 1596 2242 hic
1648 2189 1894 2243 deserere
1943 2202 2043 2244 nos

480 2279 688 2349 iuc‘pit,
721 2279 929 2333 crebris
967 2278 1017 2330 in
1052 2277 1257 2347 reliquo
1280 2278 1441 2348 773
1469 2278 1590 2333 libri
1639 2277 1801 2347 hujus
1837 2278 2044 2336 lacunis

477 2371 656 2434 hians,
686 2379 736 2424 et
779 2368 869 2422 ubi
902 2368 1184 2422 continuat
1222 2379 1498 2437 utcunque
1548 2367 1926 2437 scriptionem,
1956 2368 2043 2424 in-

477 2465 686 2517 terdum
722 2462 1154 2526 irreparabiliter
1179 2472 1491 2531 corruptus.
1530 2459 1683 2517 Unde
1726 2461 1931 2538 assntis
1964 2463 2043 2517 illi

478 2555 544 2607 ad
564 2555 766 2609 calcem
802 2553 1189 2623 supplementis
1217 2570 1283 2608 ex
1315 2553 1436 2609 aliis
1488 2553 1913 2623 exemplaribus,
1945 2555 2044 2608 de-

475 2647 704 2717 ligentes
753 2649 1050 2704 attentione
1122 2662 1310 2717 magna
1370 2663 1490 2718 quae
1534 2648 1904 2718 probabiliora
1969 2649 2050 2701 vi-

478 2740 763 2806 debantur,
797 2739 877 2794 usi
931 2754 1074 2807 sape
1121 2754 1343 2804 sumus;
1377 2755 1441 2794 ex
1477 2739 1665 2795 codice
1721 2743 1848 2809 quin
1881 2739 2043 2794 etiam

480 2833 571 2886 illo
614 2832 894 2894 Vaticano,
917 2831 1020 2885 etsi
1040 2831 1258 2900 evagari
1283 2834 1350 2886 ab
1395 2831 1636 2885 auctoris
1666 2830 2048 2909 verbis-libere

477 2927 660 2988 sorite.
691 2925 780 2981 ubi
803 2925 994 2982 melias
1022 2939 1126 2980 non
1169 2924 1429 2992 occurrit,
1478 2935 1855 2994 excerpeutes,
1904 2927 2050 2981 unde

479 3021 801 3079 sententiam
839 3019 1175 3076 tolerabilem
1224 3017 1584 3075 elllceremus.

551 3110 610 3167 P.
643 3111 768 3169 585.
798 3111 977 3168 Saltus
1000 3120 1050 3167 et
1070 3111 1206 3181 juga
1229 3119 1495 3182 prterupta
1539 3113 1727 3166 montis
1754 3107 1890 3166 Cani
1919 3112 2049 3165 vali-

479 3208 561 3263 dis
592 3224 804 3263 suorum
830 3208 1032 3262 insessa
1078 3207 1339 3276 praesidiis
1370 3209 1563 3260 nostris
1610 3207 1755 3260 itwia
1793 3207 2050 3276 fecerunt.

480 3298 772 3369 Postquam
804 3301 917 3356 hac
943 3310 1101 3354 erant
1147 3301 1311 3369 edita,
1343 3300 1586 3355 dubitavi
1617 3317 1681 3354 an
1711 3318 1816 3355 non
1866 3301 2052 3357 Grzeca

483 3393 567 3447 liis
593 3392 992 3460 respondentia,
1025 3392 1120 3446 καὶ
1149 3393 1248 3456 τὰς
1293 3392 1391 3463 μὲν
1415 3392 1725 3464 δυσχωρίας
1752 3392 1846 3446 τοῦ
1877 3393 2052 3446 Γάνον

485 3486 582 3536 καὶ
624 3482 748 3537 λίαν
797 3483 1238 3551 διεφυλάττοντο,
1272 3487 1453 3552 potius
1505 3484 1879 3554 signiﬁcarent
1928 3485 2050 3556 iuga

484 3587 753 3646 pra'rupta
785 3573 1126 3654 Ganiadhue
1157 3595 1184 3629 a
1236 3575 1495 3632 Romanis
1543 3576 1712 3632 fuisse
1762 3578 2050 3634 custodita.

485 3671 665 3736 Quare
699 3671 911 3727 barbari
942 3681 1067 3726 tunc
1089 3681 1296 3727 tantum
1333 3675 1605 3741 potuerint
1634 3674 2056 3741 incursarequa:

485 3765 633 3822 circa
660 3761 875 3822 Canum
926 3775 1078 3820 sunt.
1119 3765 1212 3819 Cui
1247 3765 1486 3835 opinioni
1523 3764 1666 3819 favet
1711 3764 1854 3834 quod
1889 3763 2052 3830 inira,

395 3895 398 3898 η
483 3875 538 3914 c.
582 3857 673 3925 ΩΙ,
719 3868 976 3924 tanquam
1022 3870 1276 3912 eventum
1343 3858 1427 3912 bis
1478 3857 1748 3925 posterius
1798 3856 2051 3924 refertur,

484 3933 633 4006 artas
683 3951 868 4007 lances
924 3951 1059 4007 Gani
1114 3952 1312 4006 montis
1357 3951 1426 4006 ab
1479 3951 1830 4020 Amogabaris
1885 3950 2055 4005 fuisse

486 4054 795 4109 peuetratas
822 4053 874 4096 et
904 4043 1081 4097 a‘rcem
1118 4044 1169 4097 in
1203 4043 1334 4114 jugo
1362 4045 1598 4112 positam
1629 4055 1865 4111 captam.
1893 4040 2053 4096 Juxta

486 4137 645 4191 istam
679 4137 1004 4192 sententiam
1036 4134 1220 4204 relingi
1257 4137 1416 4191 debet
1444 4151 1558 4190 mea
1591 4135 1967 4205 interpretatio
1998 4134 2052 4188 in

486 4228 631 4281 hunc
664 4226 880 4280 modum
919 4243 934 4280 :
975 4226 1139 4279 Duces
1173 4228 1318 4281 illius
1379 4227 1570 4297 gentis,
1613 4242 1732 4279 cum
1783 4225 1949 4278 saltus
2002 4236 2051 4280 et

477 4321 611 4392 jnga
645 4329 913 4390 pret-apta
949 4317 1085 4374 Cani
1131 4321 1321 4374 montis
1354 4321 1529 4375 valide
1568 4319 1741 4373 adhuc
1791 4318 2055 4372 custodita

2142 1813 2510 1868 conditionem
2536 1812 2701 1885 774
2722 1813 2927 1867 sororis
2958 1827 3068 1866 sua:
3092 1809 3314 1866 Joannae
3336 1811 3523 1881 (quam
3555 1806 3742 1864 Cra-ci

2143 1907 2354 1963 Annam
2393 1909 2754 1976 vocaverunt)
2791 1905 3103 1960 Andronico
3151 1900 3388 1968 Juniori,
3447 1899 3740 1975 Michaelis

2142 2002 2342 2071 saepius
2398 2003 2500 2056 hoc
2532 2014 2698 2069 opere
2734 1996 3013 2060 memorati
3055 1995 3188 2061 lilio,
3225 1993 3278 2048 in
3334 1993 3556 2076 imperii
3610 2007 3746 2045 cou-

2145 2097 2373 2151 sortium
2401 2096 2593 2161 ascito,
2632 2091 2983 2160 collocandae,
3015 2100 3176 2163 prout
3209 2088 3331 2146 fuse
3368 2097 3567 2144 narrat
3592 2089 3742 2145 Can-

2147 2199 2479 2254 tacuzeuus,
2510 2187 2552 2243 1.
2591 2203 2636 2252 t.
2672 2202 2722 2243 c.
2753 2186 2841 2242 ιθ.

2214 2279 2278 2335 Ρ.
2308 2280 2434 2336 6H.
2464 2278 2632 2334 Filius
2655 2278 2861 2334 Chalau
2891 2280 3122 2350 Apagas,
3160 2294 3265 2333 non
3288 2275 3458 2332 frater
3498 2282 3651 2334 erat.
3685 2283 3746 2330 ut

2144 2375 2390 2443 agnoscit
2423 2373 2536 2443 ipse
2565 2372 2948 2442 Pacbymerrs.
2975 2372 3082 2428 vol.
3112 2372 3156 2435 l,
3187 2388 3239 2438 p.
3272 2371 3401 2433 l75,
3436 2381 3489 2425 et
3541 2373 3598 2425 in
3634 2371 3746 2424 hac

2143 2468 2382 2524 secunda
2416 2477 2591 2534 parte,
2630 2481 2682 2532 p.
2716 2464 2846 2530 262,
2873 2465 3126 2534 idemque
3159 2474 3487 2521 attestantnr
3507 2479 3737 2518 summo

2119 2574 2416 2613 consensu
2471 2559 2716 2613 historici
2754 2560 2978 2613 Arabes.
3014 2556 3150 2613 Vide
3185 2557 3379 2612 librum
3429 2572 3484 2611 Ill
3542 2557 3742 2610 harum

2105 2636 2630 2715 VObservationnm,
2663 2665 2716 2706 c.
2770 2649 2822 2715 7,
2861 2668 2915 2704 η.
2975 2650 3064 2704 l2.
3125 2650 3516 2719 lgnoscendum
3573 2649 3747 2718 igitur

2151 2746 2250 2799 hoc
2276 2745 2398 2798 loco
2427 2752 2508 2799 est
2541 2743 2880 2813 μνημονικὸν
2910 2742 3136 2814 σφάλμα
3173 2742 3519 2813 Pachymeri.

2220 2832 2280 2889 P.
2318 2832 2444 2890 69.0.
2483 2820 2721 2903 Μαρίαν
2755 2826 2872 2903 τὴὸρ
2902 2833 3243 2889 δέσποιναν
3295 2831 3419 2888 τῶν
3460 2837 3746 2903 Maurae-

2149 2925 2302 2982 ,κίων
2354 2926 2844 2998 θρυλλουμένην.
2909 2920 3180 2981 Similiter
3222 2925 3450 2980 inferius
3480 2943 3535 2995 p.
3579 2926 3685 2982 637
3721 2944 3735 2980 τ

2151 3019 2473 3091 Δὺταδέλφη
2517 3019 2612 3075 τοῦ
2649 3019 2921 3090 βασιλέως
2955 3018 3166 3092 Μαρία.
3203 3020 3299 3074 καὶ
3338 3020 3445 3074 τῶν
3472 3021 3735 3090 Men-you-

2154 3114 2282 3169 λῐων
2305 3112 2446 3168 suam
2479 3130 2599 3178 πως
2623 3115 2881 3168 δέσποινα
2919 3113 3320 3184 ὀνομαζομένη.
3344 3113 3741 3183 Carmpantani

2156 3212 2458 3266 successori
2496 3210 2726 3266 Cazauis
2753 3221 2807 3264 et
2839 3225 2977 3265 noro
3010 3210 3145 3266 Kani
3178 3198 3548 3266 Toch'arorum
3578 3209 3743 3265 obtu-

2156 3304 2288 3357 lerat
2329 3303 2381 3358 in
2433 3319 2690 3372 sponsam
2747 3303 3092 3363 Andronicus
3145 3304 3423 3374 Augustus
3486 3319 3738 3359 sororem

2154 3398 2428 3466 propriam
2463 3394 2710 3460 Mariam,
2741 3394 2825 3467 [Ρ.
2861 3393 2990 3468 559]
3018 3407 3069 3451 et
3107 3395 3200 3450 illo
3232 3407 3557 3466 acceptante
3587 3413 3740 3450 eam-

2155 3489 2277 3542 tlem
2339 3503 2462 3543 cum
2510 3490 2659 3553 regio
2702 3490 2962 3544 comitatu
3017 3488 3248 3543 Nicaeam
3305 3490 3552 3546 miserat.
3589 3487 3741 3543 llaec

2155 3584 2229 3636 ait
2256 3581 2544 3636 historicus
2573 3583 2732 3650 vulgo
2746 3584 2923 3655 luisse
2954 3584 3284 3638 nominatam
3310 3581 3594 3637 dominam
3625 3579 3742 3635 llu-

2154 3675 2444 3743 guliorum.
2469 3675 2561 3729 Sic
2586 3675 2730 3730 enim
2756 3674 3094 3746 llogulenses
3118 3676 3389 3744 principes
3416 3674 3736 3742 primariam

2153 3782 2204 3824 et
2246 3785 2355 3838 pne
2384 3769 2596 3824 caeteris
2628 3769 2862 3824 nobilem
2902 3784 3124 3823 uxorem
3159 3753 3406 3822 solebant
3446 3783 3476 3821 a
3512 3757 3738 3823 caeteris

2151 3861 2488 3931 distinguere
2546 3863 2737 3918 addito
2787 3863 2835 3918 ei
2892 3863 3124 3916 domina
3175 3861 3354 3917 titulo.
3416 3855 3470 3915 Id
3525 3863 3737 3929 diserte

2157 3964 2390 4009 testatur
2418 3953 2882 4024 Abulpharagius,
2931 3971 2986 4025 p.
3025 3953 3133 4010 429
3172 3954 3257 4009 sui
3290 3953 3549 4009 Chronici
3595 3957 3736 4010 Ara-

2156 4046 2276 4110 biri,
2308 4062 2474 4117 agens
2506 4047 2574 4103 de
2604 4046 2987 4118 Gingizchano
3037 4049 3213 4118 primo
3260 4048 3593 4118 imperatore
3622 4049 3736 4104 Mo-

2155 4140 2482 4208 gulcnsium,
2515 4140 2676 4211 cujus
2721 4155 2952 4214 uxorem
2989 4140 3305 4210 primariam
3350 4152 3405 4196 et
3458 4142 3739 4198 nobilissi-

2157 4249 2339 4298 mam,
2383 4234 2601 4290 arabice
2630 4233 2700 4288 Al
2742 4232 2978 4300 Chatuu,
3039 4234 3140 4289 hoc
3178 4243 3261 4288 est
3304 4232 3578 4289 dominam
3640 4248 3736 4287 vo-

2155 4333 2356 4391 catam,
2390 4326 2612 4394 proprio
2644 4325 2863 4380 nomine
2896 4335 3259 4394 nuncupatam
3291 4324 3457 4379 fuisse
3489 4326 3563 4378 ait
3609 4322 3734 4378 Ovi-

485 4426 687 4469 tcntare
720 4430 822 4467 non
867 4414 1142 4474 auderent.
1199 4413 1374 4467 varias
1427 4428 1492 4467 ex
1538 4415 1838 4466 abundante
1897 4415 2052 4467 turba
2089 4415 2129 4470 ο
2162 4418 2338 4471 suniin
2369 4417 2516 4488 Begi.
2551 4417 2820 4474 Similiter
2859 4418 2911 4472 in
2966 4417 3089 4473 aliis
3123 4432 3355 4488 quorum
3389 4416 3583 4473 ordine
3619 4431 3736 4470 mc-

484 4509 746 4576 conﬂatas
775 4522 961 4560 titanas
999 4523 1409 4577 quoquoversum
1445 4507 1756 4572 eminentes,
1799 4516 1905 4562 etc.
1939 4505 2053 4561 Hoc

488 4606 730 4660 indicare
760 4605 928 4669 volui,
958 4604 1059 4658 etsi
1083 4604 1259 4659 adhuc
1285 4602 1514 4658 sentiam
1542 4619 1646 4658 non
1674 4617 1866 4658 carere
1899 4602 2052 4671 peni.

489 4710 576 4752 tus
607 4699 1073 4753 verisimilitudine
1099 4715 1259 4769 quam
1284 4699 1523 4768 expressi
1551 4699 1602 4752 in
1639 4699 1799 4753 editis
1832 4707 2056 4753 senten-

487 4794 637 4847 tiam.
658 4791 957 4848 l'otuerunt
975 4793 1116 4847 enim
1148 4793 1490 4861 Amogabari,
1524 4809 1589 4846 ne
1614 4808 1642 4846 a
1668 4802 1820 4860 tergo
1853 4792 2053 4846 irrum-

484 4886 740 4956 prnlibus
771 4885 1098 4955 praesidariis
1123 4891 1262 4940 arcis
1293 4884 1425 4940 G.mi
1470 4887 1829 4948 mederentur,
1867 4893 2054 4937 custo-

487 4984 584 5035 des
619 4981 747 5046 ipsis
776 4987 1128 5049 angustarnm
1165 4977 1402 5034 faucium
1435 4994 1464 5034 e
1491 4980 1604 5035 Suis
1637 4993 1928 5048 opponere.

560 5069 624 5126 Ρ.
653 5071 775 5127 598.
825 5070 901 5126 Ex
933 5075 1297 5127 monumentis
1334 5071 1697 5127 Genuensinm
1734 5075 1904 5127 habeo
1958 5087 2056 5124 vo-

485 5175 666 5220 catum
692 5166 835 5222 hunc
865 5164 1112 5237 Opirium
1150 5167 1453 5236 Spinolam,
1484 5167 1919 5237 potentissinum
1953 5169 2055 5224 du-

485 5274 602 5314 cem
658 5259 1074 5328 Gibcllinorum,
1131 5275 1389 5332 generum
1438 5261 1699 5331 prinrlpis
1749 5261 2053 5318 Antiochia:

484 5350 580 5406 ﬂhi
608 5350 867 5406 Friderici
885 5353 930 5408 ll
952 5353 1314 5423 imperatoris,
1338 5363 1392 5406 ut
1418 5351 1650 5407 allirmat
1676 5353 2050 5419 Constantius.

481 5459 538 5500 c.
575 5444 704 5512 258,
733 5444 787 5501 in
821 5445 1064 5502 historiis
1099 5446 1322 5502 Siciliae.
1381 5447 1549 5501 Porro
1595 5447 1781 5502 Zurita
1816 5458 1947 5503 tom.
1984 5449 2050 5514 ll,

485 5549 538 5588 c.
570 5534 657 5600 l2,
692 5545 747 5590 et
776 5535 991 5601 Corius,
1019 5551 1070 5591 e.
1107 5537 1230 5605 l65,
1263 5538 1412 5593 aiunt
1457 5538 1782 5610 l’aitcologos
1814 5541 2056 5603 exquisi-

484 5629 630 5682 visse
664 5627 978 5684 alliuita'cm
1010 5645 1132 5685 cum
1170 5633 1329 5685 modo
1377 5643 1674 5687 memorato
1697 5634 1888 5704 Upicio
1932 5635 2055 5703 Spi-

490 5723 638 5789 nola,
682 5734 740 5777 ut
793 5737 890 5794 per
956 5724 1101 5779 illum
1157 5724 1452 5782 Gibelliuos
1510 5726 1611 5782 sibi
1679 5728 2049 5800 adjungcrent.

2166 4510 2318 4564 minit
2347 4510 2770 4580 imperatoribus
2801 4510 2918 4580 ejus
2957 4510 3134 4580 gentis
3177 4509 3497 4580 plerumque
3530 4525 3735 4565 memo-

2165 4616 2245 4656 rat
2277 4605 2604 4674 praecipuae:
2646 4603 2909 4673 cujusque
2942 4603 3256 4672 eonjugem,
3283 4618 3501 4673 semper
3528 4603 3606 4658 illi
3643 4603 3732 4657 uni

2165 4700 2404 4753 tribuens
2432 4697 2643 4752 titulum
2679 4697 2891 4751 Chatun
2921 4696 3037 4750 sive
3070 4694 3360 4765 praeposito
3399 4695 3634 4760 articulo
3663 4697 3732 4749 At

2163 4790 2413 4854 Chatun;
2445 4805 2607 4858 quem
2643 4789 2859 4843 titulum
2912 4788 3202 4845 Eduardus
3231 4786 3556 4851 Poeockins,
3589 4789 3734 4843 Lati-

2164 4899 2266 4938 nus
2301 4885 2417 4954 ejus
2446 4883 2698 4937 Chronici
2744 4882 3036 4952 interpres,
3069 4882 3203 4937 solet
3236 4882 3548 4949 exprimere
3581 4899 3732 4938 voca-

2163 4979 2290 5034 bulo
2317 4979 2560 5033 dominre.
2595 4978 2758 5032 .‘llnria
2794 4979 2952 5046 igitur
2980 4975 3299 5046 Palmologa.
3334 4975 3410 5029 uti
3441 4975 3550 5045 jam
3590 4992 3731 5031 nunc

2162 5072 2422 5140 primaria
2451 5087 2585 5126 uxor
2634 5070 3049 5139 Carmpautanis
3079 5068 3245 5123 Kanis
3281 5069 3664 5138 lluguliorum,
3702 5086 3727 5122 ει

2163 5165 2277 5220 suis
2313 5163 2519 5221 Graecis
2574 5165 2785 5218 titulum
2816 5163 3024 5218 Chatnn
3052 5163 3101 5218 ei
3131 5179 3160 5218 a
3203 5161 3606 5232 Mogulensibus
3638 5163 3731 5216 tri-

2163 5259 2351 5314 butum
2403 5274 2498 5314 sua
2547 5259 2725 5330 lingua
2787 5259 3142 5314 reddentibus
3197 5257 3454 5310 δέσποινα
3520 5256 3726 5312 donnna

2165 5351 2527 5424 lluguliorum
2585 5353 2946 5416 recitabatur,
2999 5361 3159 5421 prout
3210 5350 3293 5406 his
3340 5349 3554 5406 duobus
3605 5351 3728 5404 lacis

2167 5447 2529 5518 Paehymeres
2557 5446 2811 5499 aﬂirmat.

2240 5539 2301 5596 P.
2333 5539 2458 5594 629.
2490 5538 2708 5612 ﬂizyam
2745 5539 2915 5593 fuisse
2951 5539 3004 5593 in
3051 5538 3463 5593 mediterraneis
3492 5535 3727 5590 Thracia:

2174 5636 2378 5690 dudum
2412 5634 2712 5687 docuerunt
2751 5632 3076 5687 Ptolomaeus
3106 5642 3160 5684 et
3193 5631 3524 5700 Stephanus.
3578 5628 3726 5681 Πόλιν

2175 5737 2356 5783 autem
2376 5725 2644 5795 eamdem,
2662 5741 2765 5782 non
2785 5723 2980 5797 κώμην
3004 5723 3299 5791 exstitisse,
3321 5722 3602 5789 ciuitatem,
3629 5735 3722 5774 non
