4004 6234
384 350 490 416 837

1688 344 2378 409 CHRONOLOGICUS.

3546 345 3656 412 838

387 462 924 539 Pentecostesmure
961 466 1156 523 incidit
1185 463 1278 523 illo
1306 481 1450 523 anno
1483 465 1535 524 in
1585 467 1727 522 diem
1778 479 1976 523 secun—
2006 470 2263 525 Astatim
2325 485 2354 522 a
2418 466 2576 524 Vecci
2627 465 2974 524 revocatione
3032 460 3563 535 Constantinopolim
3619 481 3654 522 ο

387 563 510 615 dam
551 558 719 616 Junii.
767 557 846 615 De
895 557 1060 632 hujus
1109 561 1140 616 e
1195 561 1395 616 throno
1443 558 1750 628 dejectione
1781 569 1972 614 narrat

387 666 573 712 noster
610 653 715 713 hoc
766 665 917 711 tomo
948 641 1213 721 secondo,
1245 669 1301 725 p.
1335 654 1424 720 19,
1461 651 1694 709 Veecum
1725 653 1972 710 animad-

387 741 541 805 versa
560 739 880 805 mutatione
927 765 1109 805 rerum
1148 760 1205 806 et
1248 750 1614 821 propensioue
1645 752 1769 806 novi
1823 751 1974 822 prin-

388 844 533 917 cipis
565 844 634 900 ad
666 845 1068 900 restituendum
1125 845 1389 913 schisma,
1431 845 1518 900 cui
1561 846 1829 902 ol.si5Iere
1875 860 1972 900 nc-

385 940 588 1009 quiret,
620 938 767 994 ultro
800 938 953 993 abire
977 939 1311 1007 patriarchio
1337 951 1585 1010 paratum
1616 953 1970 1011 expectasse

378 1020 567 1088 tamen
594 1030 725 1087 dum
752 1047 782 1086 a
832 1031 1161 1088 satellitibus
1194 1032 1262 1087 ab
1297 1031 1628 1104 imperatore
1660 1035 1854 1089 missis
1875 1034 1971 1089 ab-

384 1126 718 1192 duceretur;
773 1139 914 1196 quos
962 1123 1142 1182 libens
1187 1137 1409 1182 secutus
1454 1137 1542 1184 est
1593 1143 1737 1182 arum
1771 1125 1890 1196 ipso
1915 1136 1970 1181 et

384 1229 575 1276 mense
611 1232 723 1292 quo
760 1225 882 1273 erat
919 1227 1171 1273 mortuus
1211 1215 1463 1284 Michael,
1510 1219 1810 1275 concordia!
1845 1235 1968 1272 cum

384 1309 601 1367 L‘atinis
647 1320 848 1368 auctor
881 1319 938 1368 et
985 1322 1161 1382 usque
1210 1310 1278 1367 ad
1330 1310 1538 1368 obitum
1592 1311 1870 1384 defensor.
1912 1312 1970 1368 td

384 1417 600 1476 gestum
632 1405 893 1477 postridie
945 1403 1157 1474 Natalis
1204 1404 1417 1461 Domini
1453 1403 1616 1462 tradit
1645 1401 1847 1462 ibidem
1885 1403 1968 1462 bi—

384 1499 653 1558 storicus.
709 1497 1022 1556 Decembris
1081 1500 1250 1574 igitur
1306 1497 1397 1556 die
1440 1498 1512 1556 28
1565 1517 1710 1555 anno
1764 1500 1967 1558 Christi

385 1590 535 1646 1282
597 1591 764 1646 desiit
821 1591 1029 1647 Veccus
1096 1609 1157 1648 se
1222 1608 1320 1661 pro
1383 1593 1689 1662 patriarcha
1756 1609 1967 1664 gerere.

383 1684 572 1752 Quare
635 1673 844 1756 septem
910 1685 1104 1742 solidis
1165 1686 1324 1743 annis
1386 1697 1440 1742 et
1483 1671 1706 1745 tetidem
1739 1689 1966 1759 integris

383 1773 676 1836 mensibus
741 1777 795 1835 in
848 1779 968 1851 ejus
1011 1779 1296 1851 dignitatis
1348 1783 1694 1852 possessione
1754 1782 1967 1839 Veccus

381 1873 649 1942 perstitit.
688 1871 782 1930 Sic
812 1872 979 1947 igitur
1014 1869 1363 1945 intelligenda
1418 1887 1547 1930 sunt
1583 1872 1670 1930 illa
1715 1873 1966 1949 Gregorii

379 1967 573 2047 Cyprii
625 1967 790 2024 verba
830 1968 897 2044 de
926 1965 1132 2024 -\'ecco
1187 1969 1254 2024 ab
1311 1969 1390 2024 lll.
1428 1969 1610 2027 Leone
1639 1971 1837 2028 Allatio
1869 1975 1967 2028 de~

378 2061 590 2134 scripta
613 2063 722 2116 col.
758 2059 1076 2133 766'operis
1098 2063 1162 2118 de
1193 2061 1349 2138 Pejrp.
1383 2059 1549 2120 Cons.
1574 2083 1589 2118 :
1610 2061 1758 2136 Πλὴν
1781 2065 1969 2133 ὃγδοον

381 2157 483 2228 μὲν
505 2155 922 2230 τῷκακῷτὸδι
945 2150 948 2152 ’
971 2157 1163 2228 σχεδὸν
1203 2150 1401 2230 ἠνύετο
1436 2157 1586 2222 ἔτος·
1629 2161 1688 2224 ἐς
1711 2160 1969 2216 τοσοῦτον

377 2252 442 2320 δὴ
474 2245 850 2317 κάκεῖνος’τδν
876 2252 1277 2322 «captant.be
1314 2250 1507 2322 θρόνον
1539 2252 1642 2325 τῆς
1681 2253 1743 2306 οὐ
1788 2253 1968 2324 καλῆς

366 2343 735 2414 ἐπικαρπίας
779 2337 929 2416 εἶχεν
957 2342 1265 2416 ἱνίδρυσιν·
1305 2357 1366 2400 ut
1415 2363 1523 2402 non
1579 2347 1742 2417 plane
1782 2347 1969 2404 absol-

376 2435 520 2490 verit
565 2433 770 2490 Veccus
806 2434 858 2490 in
900 2434 1273 2506 patriarchatu
1319 2446 1574 2492 octavum
1607 2452 1839 2508 annum,
1868 2439 1969 2495 sed

374 2530 425 2586 is
462 2530 521 2587 in
561 2545 729 2588 cursu
779 2530 944 2586 fuerit
989 2539 1044 2586 et
1092 2529 1300 2601 majore
1345 2547 1412 2586 cx
1451 2543 1606 2603 parte
1636 2539 1966 2602 transactus.

376 2640 502 2680 cum
543 2625 622 2681 est
650 2625 850 2680 throno
879 2623 1146 2692 deiectus.

449 2716 527 2774 ll.
565 2717 754 2779 Docet.
782 2733 839 2790 p.
870 2716 960 2786 l9,
1000 2710 1362 2792 Pachymeres
1403 2715 1702 2792 Josephum
1738 2719 1826 2778 die
1861 2721 1965 2777 De-

363 2811 625 2868 cembris
673 2811 953 2869 tricesima
980 2854 998 2879 ,
1038 2813 1230 2872 eodem
1285 2830 1452 2879 anno,
1491 2814 1689 2871 iterum
1739 2816 1792 2870 in
1821 2816 1966 2873 ωιιρε

379 2903 775 2974 patriarchalea
821 2917 1184 2976 reportatum.
1220 2903 1446 2963 Ostendi
1495 2907 1604 2964 vol.
1651 2907 1693 2974 l,
1749 2924 1802 2979 p.
1836 2907 1963 2975 732,

375 2997 684 3070 Joseplntm
741 3012 775 3056 e
829 2998 1167 3069 patriarchio
1216 3000 1519 3067 secessisse
1551 2999 1639 3058 die
1681 3003 1965 3057 undecima

373 3092 627 3151 Januarii
663 3108 810 3150 anno
849 3087 1056 3150 Christi
1093 3093 1255 3150 1271.
1285 3093 1456 3150 Annis
1487 3095 1654 3166 igitur
1682 3111 1738 3151 οι
1752 3105 1834 3162 ιο,
1864 3096 1966 3152 tni-

2077 560 2254 628 Prusa
2303 570 2390 616 est
2442 561 2648 624 habita,
2686 562 2831 617 unde
2874 559 3302 629 intelligeretnus
3332 572 3441 629 quo
3471 552 3659 616 mense

2076 651 2201 712 talis
2257 657 2311 711 in
2369 658 2558 711 urbem
2607 654 2769 712 Vcch
2819 654 3024 709 reditus
3057 652 3368 725 contigerit.
3407 650 3538 718 Sed,
3593 663 3655 708 ιιι

2073 750 2329 806 observat
2373 750 2726 821 Spondanus.
2781 750 2972 804 titulus
3026 746 3239 820 synodi,
3279 743 3333 800 in
3369 760 3477 817 quo
3518 755 3656 801 tetu-

2074 861 2175 914 pus
2193 843 2308 910 eius
2337 853 2391 899 et
2416 843 2566 899 locus
2591 840 2962 899 verisimilitvr
2990 851 3172 896 notata
3199 840 3435 906 [ειμι-θυι,
3460 854 3654 911 magna

2071 953 2137 995 ex
2183 947 2341 1005 parte
2368 935 2656 992 obliterata
2688 936 2740 990 in
2766 951 2831 992 eo
2862 936 3049 991 codice
3087 935 3258 991 fuere.

2144 1024 2232 1087 IV.
2266 1028 2451 1085 Restat
2477 1046 2606 1107 ergo
2648 1031 2731 1085 via
2761 1027 2920 1086 unica
2973 1027 3265 1098 indagandi
3297 1025 3422 1083 ﬁnis
3444 1026 3652 1090 exsilii,

2072 1123 2215 1194 quod
2251 1122 2459 1179 Veccus
2490 1123 2630 1196 apud
2658 1122 2844 1178 urbem
2877 1122 3103 1180 Prusam
3139 1123 3381 1195 pertulit.
3411 1137 3477 1177 ex
3509 1121 3652 1176 serie

2073 1223 2396 1285 rerumqurc
2428 1219 2572 1273 inter
2601 1217 2723 1289 ejus
2751 1217 3130 1274 abductioncm
3158 1216 3287 1272 illuc
3308 1227 3360 1273 et
3379 1215 3651 1288 postlimi-

2074 1312 2167 1367 nio
2195 1312 2581 1368 retractioncm
2631 1311 2996 1368 intervenisse.
3031 1312 3098 1366 ab
3130 1312 3398 1367 biStorEco
3458 1318 3651 1366 nostro

2070 1416 2470 1462 memorantur.
2504 1406 2642 1461 Sunt
2682 1423 2758 1462 ore
2782 1422 2933 1463 mors
2961 1406 3210 1476 Jusnphi,
3239 1423 3290 1462 c.
3328 1404 3416 1468 l5.
3440 1407 3651 1463 erectio

2073 1502 2125 1558 in
2161 1501 2589 1570 patriam-Iratum
2613 1499 2828 1572 Georgii
2854 1502 2967 1555 sive
2989 1497 3237 1572 Gregorii
3269 1499 3472 1571 Cyprii,
3506 1517 3555 1555 c.
3583 1500 3654 1554 11

2071 1603 2128 1650 et
2162 1593 2252 1656 l5,
2284 1591 2547 1664 profectio
2587 1587 2937 1660 imperatoris
2971 1591 3024 1648 in
3057 1587 3361 1655 Orientem,
3394 1607 3444 1646 c.
3476 1589 3569 1658 2|,
3595 1603 3649 1645 t-t

2070 1691 2456 1744 coniventioncs
2495 1686 2796 1759 Adramytii
2832 1702 2928 1757 per
2979 1683 3156 1762 ignem
3189 1687 3385 1743 habitat
3410 1686 3654 1742 Sabbato

2070 1785 2191 1851 ipso
2221 1791 2411 1840 sancto
2444 1781 2615 1852 pridie
2659 1778 2901 1838 Pascitur.
2936 1793 2993 1834 ut
3021 1797 3072 1850 p.
3108 1775 3180 1836 σε
3218 1796 3477 1848 expresse
3508 1778 3652 1837 «1τοί-

2073 1889 2185 1935 tur.
2213 1876 2337 1933 Fuit
2366 1877 2454 1939 hic
2489 1891 2664 1930 annus
2693 1875 2897 1930 Christi
2925 1874 3064 1930 l285
3097 1874 3149 1929 in
3183 1873 3401 1945 periodo
3435 1872 3593 1928 Julia:
3619 1891 3654 1929 a

2071 1971 2233 2029 5996.
2277 1969 2596 2026 Numeravit
2641 1969 2855 2041 cyclum
2890 1967 3024 2023 solis
3050 1968 3106 2034 1,
3163 1966 3300 2023 lunm
3343 1978 3524 2022 autem
3559 1969 3650 2038 ll,

2071 2064 2162 2131 qui
2186 2059 2392 2117 Pascha
2413 2061 2700 2132 assignant
2725 2059 2925 2132 Aprilis
2950 2057 3036 2118 l8.
3064 2057 3188 2116 Fuit
3218 2075 3348 2131 ergo
3377 2057 3515 2123 dies.
3543 2076 3650 2132 qua

2067 2157 2501 2214 Arseuianorutn
2542 2165 2599 2212 et
2654 2153 3235 2212 Anti-Arseuianorum
3295 2166 3654 2226 utrorumque

2069 2266 2139 2308 ex
2164 2265 2319 2320 aequo
2345 2248 2843 2314 schismaticorum,
2865 2249 3068 2319 scripta
3102 2249 3440 2327 probationis
3466 2253 3642 2323 gratia

2071 2345 2127 2402 in
2156 2345 2334 2417 ignem
2366 2341 2565 2413 injecta
2612 2344 2820 2416 pariter
2853 2355 3134 2410 arserunt.
3166 2347 3377 2403 decima
3412 2347 3649 2417 septima

2069 2441 2276 2498 mensis
2316 2440 2540 2514 Aprilis,
2575 2454 2737 2512 quem
2764 2450 2820 2496 et
2848 2438 3147 2497 Sabbatum
3183 2441 3350 2498 fuisse
3382 2441 3648 2514 oportuit,

2070 2535 2332 2605 quoniam
2378 2517 2416 2590 ι
2447 2532 2585 2606 cyt-li
2618 2531 2814 2590 solaris
2853 2548 3030 2590 annus
3068 2533 3308 2589 litteram
3359 2535 3655 2592 Doni-iniere

2071 2627 2305 2685 indicem
2356 2625 2521 2684 habet
2560 2624 2625 2690 C,
2659 2639 2780 2696 qua
2813 2625 3060 2682 cernitur
3088 2627 3141 2680 in
3167 2625 3498 2684 Kalendario
3545 2643 3650 2682 no-

2073 2733 2186 2780 tata
2216 2722 2281 2776 ad
2307 2723 2447 2777 diem
2481 2729 2803 2791 sequentem
2835 2731 3081 2777 octavam
3112 2717 3377 2776 decimam
3406 2718 3655 2792 ejusdem

2069 2815 2294 2888 Aprilis.
2326 2811 2704 2870 Memorantur
2727 2811 2854 2868 inde
2880 2819 3156 2869 ostentum
3189 2811 3390 2882 pluvia:
3427 2814 3652 2884 sangui-

2072 2924 2187 2965 nea:
2231 2923 2417 2964 mense
2448 2905 2593 2964 Maio
2624 2923 2678 2978 ρ.
2719 2906 2812 2975 51,
2845 2907 3120 2980 expeditio
3153 2902 3562 2979 protovestiarii
3591 2907 3645 2962 iu

2071 3002 2343 3062 Occiduos
2402 3009 2613 3056 tractus
2652 3015 2706 3055 c.
2758 2999 2853 3063 ξε.
2883 3001 3159 3058 exercitus
3209 3009 3421 3072 strages
3463 3017 3527 3057 ex
3562 3001 3656 3057 lae

2071 3107 2127 3150 et
2176 3095 2327 3150 ducis
2376 3093 2546 3164 ipsius
2590 3093 2992 3166 protovestlarii
3035 3108 3202 3160 mors,
3234 3109 3285 3151 c.
3322 3093 3415 3160 27,
3447 3109 3652 3152 consc-

377 3203 481 3241 nus
515 3185 809 3242 duodecim
846 3183 1063 3255 diebus,
1112 3199 1266 3243 extra
1301 3188 1561 3258 palatium
1594 3188 1968 3260 patriarchale
1992 3186 2040 3258 C
2073 3188 2211 3246 crati
2237 3190 2399 3261 panis
2445 3188 2497 3243 in
2556 3203 2712 3245 sacra
2745 3187 2945 3261 pyxide
2992 3186 3336 3258 deprehensa
3373 3191 3653 3260 t'ortuptio

375 3296 501 3335 cum
538 3277 806 3350 privatam
860 3281 1067 3353 egisst-t
1101 3281 1290 3347 vitam,
1326 3282 1378 3337 iu
1415 3278 1579 3339 id'est
1605 3283 1783 3340 denuo
1813 3285 1970 3340 rula-

375 3385 492 3432 tus.
554 3365 640 3434 ibi
699 3389 806 3430 non
889 3372 1048 3431 totis
1090 3373 1308 3452 duobus
1370 3377 1650 3452 mensibus
1723 3377 1964 3449 patriar-

374 3459 541 3541 ritatn
587 3468 718 3540 egit.
767 3461 905 3522 Natu
958 3459 1192 3523 aﬂlrtuat
1247 3463 1313 3541 [Ρ
1345 3467 1476 3543 561]
1528 3483 1817 3543 noster,p.
1870 3471 1962 3542 58,

376 3570 655 3637 mortuam
714 3552 884 3616 fuisse
937 3554 1088 3616 illum
1150 3557 1377 3621 ineunte
1415 3560 1612 3620 Martio
1661 3567 1791 3622 anni
1841 3564 1963 3624 sine

373 3655 548 3717 dubio
587 3645 744 3710 l98'5.
782 3648 1003 3716 Dixerat
1036 3663 1220 3710 autem
1270 3656 1447 3723 capite
1485 3659 1808 3728 praecedenti
1836 3677 1961 3717 eum

377 3749 575 3805 morbo
606 3747 660 3804 et'
692 3740 848 3804 senio
875 3759 1158 3820 gravatum
1187 3749 1348 3817 paulo
1372 3757 1497 3804 ante
1530 3753 1981 3819 patriarcbatum

376 3839 691 3905 abdicasse,
729 3840 886 3913 cujus
916 3836 1282 3901 abdicationis
1327 3843 1589 3908 scriptum
1623 3844 1724 3900 rite
1760 3844 1964 3902 forma-

380 3947 496 3991 tum
525 3927 809 4007 prodierit.
844 3926 1103 4004 Oportuit
1128 3933 1186 3989 id
1210 3930 1414 3990 factum
1443 3950 1630 3992 mense
1661 3934 1959 3994 Februario

376 4031 622 4099 ejusdem
678 4029 830 4086 anni.
881 4024 1061 4096 Quare
1119 4029 1339 4085 brevior
1385 4029 1634 4086 bimestri
1685 4037 1960 4090 secundus

373 4122 598 4193 Josephi
629 4121 1037 4196 potriarchatus
1064 4113 1188 4187 fuit,
1241 4112 1400 4192 quem
1439 4124 1565 4179 vitae
1616 4123 1736 4178 linis
1765 4137 1848 4181 est
1874 4142 1962 4183 se-

372 4231 537 4276 cmus
573 4231 874 4288 paucorum
918 4215 1130 4272 dierum
1163 4216 1472 4272 intervallo.

445 4311 538 4370 ill.
592 4311 672 4365 Ad
709 4303 940 4365 Vit-ccum
1003 4311 1311 4366 redeamus.
1375 4309 1424 4365 ls
1478 4326 1666 4368 mense
1698 4309 1957 4371 Januario

378 4406 506 4463 anui
535 4403 674 4462 1285
705 4405 870 4461 variis
895 4403 1379 4461 scbismaticorum
1410 4407 1723 4477 exagitatus
1753 4408 1959 4465 calum-

375 4499 514 4564 niis.‘
542 4510 596 4556 et
621 4500 765 4572 quod
815 4516 868 4555 c.
909 4498 974 4553 10
1022 4511 1294 4561 narratur.
1330 4501 1527 4555 citatus
1572 4501 1637 4556 ad
1667 4505 1954 4574 synodum,

377 4600 531 4659 brevi
556 4609 680 4670 post
721 4597 789 4653 ab
843 4598 1173 4670 imperatore
1206 4598 1436 4653 Prusam
1470 4598 1764 4669 relegatur.
1795 4601 1961 4673 780

378 4694 549 4750 Docet
572 4690 626 4747 id
660 4697 850 4746 noster
884 4706 935 4745 c.
979 4688 1068 4750 ll.
1103 4699 1316 4758 tempus
1348 4704 1452 4742 non
1486 4691 1797 4761 exprimens
1825 4709 1839 4746 :
1863 4693 1959 4751 sed

373 4787 652 4857 colligitur
688 4799 752 4840 ex
791 4783 936 4840 serie
991 4766 1236 4837 actorum
1274 4781 1328 4836 id
1362 4789 1541 4836 actum
1587 4784 1690 4838 sub
1733 4783 1951 4840 initium

377 4859 687 4936 Februarii.
735 4876 1035 4932 Revoratin
1070 4874 1231 4931 Vecci
1283 4889 1315 4927 e
1368 4873 1541 4929 l’rusa
1594 4877 1646 4929 in
1679 4875 1868 4931 urbem
1905 4892 1956 4933 c.

377 4974 501 5045 libri
537 4973 782 5044 ejusdem
815 4971 977 5044 primi
1011 4970 1082 5026 54
1123 4965 1378 5028 refertur.
1417 4972 1525 5025 Sed
1579 4971 1701 5043 ejus
1743 4983 1959 5042 tempus

379 5067 729 5122 divinandum
764 5074 868 5120 est.
924 5059 982 5119 Si
1035 5064 1206 5121 codex
1261 5065 1523 5134 antiquus
1574 5081 1640 5120 cx
1687 5082 1794 5135 quo
1842 5063 1962 5121 Sir-

380 5161 610 5216 mondus
645 5169 830 5216 noster
877 5161 1014 5214 Acta
1063 5158 1505 5230 pseudosynodi,
1563 5176 1665 5230 qua
1700 5171 1779 5215 est
1835 5172 1959 5230 post

379 5255 711 5323 colloquium
746 5253 924 5324 capite
976 5249 1133 5330 hujus
1177 5252 1346 5308 libril
1384 5254 1486 5314 55.
1528 5258 1752 5310 relatum
1803 5257 1958 5313 dam-

381 5351 541 5405 natus
579 5347 808 5413 Vercus.
851 5362 1081 5418 Quorum
1122 5347 1382 5401 Actorum
1445 5353 1750 5420 apograpba
1808 5352 1958 5407 misit

380 5448 448 5504 ad
485 5445 778 5502 Benricum
809 5442 1160 5512 Spondauum
1198 5449 1251 5496 ct
1285 5443 1349 5495 ad
1387 5440 1677 5498 Oduricam
1719 5446 1957 5515 Raynal-

382 5540 970 5599 dum.continuatores
1021 5536 1312 5591 Annalium
1359 5537 1600 5603 Baronii,
1639 5549 1695 5593 ut
1738 5541 1955 5599 illorum

383 5641 610 5705 uterque
652 5642 905 5698 testatur,
959 5630 1110 5701 prior
1156 5646 1297 5686 anno
1329 5630 1537 5686 CitriSli
1575 5631 1737 5700 1285,
1773 5651 1827 5690 n.
1865 5636 1953 5703 10,

382 5728 650 5798 posterior
692 5742 784 5782 an.
835 5739 954 5796 seq.
982 5741 1037 5786 ιι,
1071 5725 1162 5786 «18.
1193 5756 1258 5768 --
1282 5725 1327 5780 si
1355 5725 1550 5792 codex,
1592 5727 1833 5797 inquam,
1866 5730 1956 5801 ille

383 5821 584 5893 integer
631 5819 850 5887 luisset,
886 5818 1214 5875 haberemus
1246 5834 1310 5873 ex
1344 5835 1410 5875 eo
1441 5827 1678 5890 tempus,
1716 5823 1817 5878 hoc
1870 5835 1956 5880 est

384 5919 520 5993 diem
576 5926 632 5975 ct
697 5930 965 5983 mensem,
1021 5913 1310 5971 celebrata:
1363 5911 1521 5972 istius
1573 5918 1788 5988 synodi,
1837 5935 1956 5992 qua:

2073 3283 2355 3340 llominica
2399 3281 2594 3355 Tyriae
2629 3291 2844 3347 vocata,
2875 3297 2928 3337 c.
2965 3280 3060 3348 28,
3091 3281 3204 3348 ubi,
3247 3299 3300 3354 p.
3331 3280 3421 3348 7t),
3445 3283 3653 3340 diserte

2069 3379 2306 3435 traditur
2359 3393 2480 3435 eam
2539 3377 2860 3449 particulam
2921 3375 3283 3448 putrefactam
3333 3377 3504 3436 fuisse
3536 3378 3652 3435 illic

2067 3474 2372 3546 depositam
2403 3487 2546 3529 anno
2571 3469 2837 3539 superiori
2886 3470 3024 3528 feria
3057 3469 3647 3546 quartahebdomadz

2069 3566 2312 3640 majoris.
2344 3565 2537 3622 Annus
2562 3565 2652 3622 ille
2673 3565 2926 3636 superior
2964 3566 3083 3622 sine
3117 3564 3285 3619 dubio
3309 3563 3408 3621 fuit
3444 3563 3648 3623 Christi

2067 3661 2228 3729 1285,
2259 3676 2366 3732 quo
2413 3675 2559 3726 cum,
2619 3669 2677 3714 ut
2722 3659 2984 3737 diximus,
3033 3657 3241 3737 Pascha
3290 3657 3544 3714 inciderit
3591 3658 3647 3714 in

2067 3758 2209 3812 diem
2245 3756 2314 3810 18
2340 3754 2565 3826 Aprilis,
2604 3752 2735 3808 l'eria
2773 3733 2968 3824 quarta
3019 3733 3244 3818 majoris
3296 3748 3648 3804 hebdomadm

2065 3853 2228 3910 fuerit
2258 3850 2482 3908 omnino
2513 3851 2579 3904 14
2603 3847 2845 3919 ejusdem
2880 3847 3106 3904 mensis.
3130 3845 3317 3900 Annus
3348 3856 3468 3915 post
3501 3845 3647 3900 lnmc

2063 3964 2299 4019 sentiens
2328 3946 2532 4006 Christi
2582 3943 2722 4000 1Ξ81
2757 3943 2972 4015 cyclum
3017 3941 3152 3998 solis
3183 3941 3488 3996 numeravit
3522 3940 3554 3993 5
3592 3950 3649 3996 et

2065 4056 2292 4097 aureum
2341 4054 2626 4095 numerum
2662 4037 2751 4092 l2.
2821 4036 2916 4090 liae
2949 4045 3092 4091 notat
3124 4033 3650 4090 Paschaconl'crun't

2065 4137 2122 4192 in
2150 4135 2290 4190 diem
2324 4148 2524 4190 nonum
2555 4131 2777 4202 Aprilis.
2817 4127 2972 4186 Unde
3001 4144 3126 4183 cum
3160 4125 3436 4181 Dominica
3488 4125 3647 4199 Tyri-

2061 4245 2147 4289 ιω.
2185 4229 2374 4283 eadem
2408 4241 2534 4282 cum
2563 4239 2627 4281 ea
2659 4238 2820 4294 quam
2854 4239 2954 4279 uos
2993 4221 3326 4277 Doniinicam
3367 4218 3650 4291 Quinqua-

2062 4325 2284 4397 gesimar
2312 4334 2596 4383 vocamus,
2632 4317 2727 4374 illo
2768 4332 2913 4374 anno
2939 4316 3213 4372 bissextili
3241 4315 3296 4369 in
3333 4316 3475 4369 diem
3508 4329 3646 4369 con-

2062 4419 2270 4476 venerit
2320 4415 2386 4472 l9
2444 4411 2752 4477 Februarii,
2801 4426 2910 4480 quo
2944 4424 3131 4464 mense
3161 4407 3468 4478 superioris
3511 4408 3642 4461 anni

2067 4515 2362 4583 relegatum
2414 4507 2641 4562 Prusam
2685 4503 2922 4560 Veccnm
2962 4503 3124 4575 781
3181 4501 3439 4569 vidimus,
3477 4501 3646 4572 liquet

2068 4603 2214 4663 istud
2236 4604 2354 4672 ejus
2405 4600 2658 4657 exsilium
2693 4614 2875 4653 annuo
2899 4596 3208 4652 diuturnius
3242 4596 3432 4661 fuisse,
3473 4594 3645 4666 siqui-

2067 4698 2189 4755 dem
2229 4707 2348 4767 post
2383 4695 2531 4752 illam
2587 4693 2894 4750 consecrati
2955 4692 3113 4762 panis
3162 4689 3405 4758 corrupti
3442 4703 3537 4760 rep
3573 4688 3642 4744 rti

2066 4791 2395 4848 mentionem
2425 4827 2446 4857 ,
2488 4803 2610 4860 quae
2660 4796 2787 4842 ante
2849 4783 3227 4839 narrationem
3278 4781 3646 4837 revocationis

2067 4883 2250 4948 Vecci,
2283 4884 2556 4946 ordinem,
2605 4890 2661 4935 ut
2701 4887 2952 4951 apparet,
2998 4886 3275 4948 gestarum
3335 4889 3513 4929 rerum
3553 4891 3644 4926 ειυ-

2062 4994 2259 5052 quens,
2312 4975 2596 5032 interserit
2655 4973 2984 5036 historicus,
3025 4969 3236 5041 aliquot
3275 4966 3433 5022 facile
3487 4981 3644 5020 men-

2059 5075 2200 5130 sium
2237 5080 2447 5139 tempus
2474 5067 2832 5139 expleverint,
2864 5079 3063 5134 nempe
3093 5061 3380 5119 debellatio
3413 5058 3647 5132 Scytha-

2062 5183 2204 5233 rum.
2255 5181 2309 5222 c.
2341 5163 2434 5230 29,
2473 5172 2706 5219 conatus
2741 5157 3098 5232 imperatoris
3142 5157 3210 5212 ad
3247 5154 3512 5211 factiones
3542 5151 3645 5208 Ec-

2060 5261 2243 5320 clrsim
2294 5259 2726 5329 componendas,
2775 5272 2829 5312 c.
2860 5254 2980 5322 '30,
3011 5249 3316 5324 reportatio
3359 5237 3414 5305 in
3447 5249 3638 5304 urbem

2062 5357 2419 5427 reliquiarum
2475 5352 2802 5423 patriarchae
2855 5347 3096 5416 Arseuii,
3127 5361 3182 5403 c.
3229 5345 3329 5416 5i,
3395 5341 3460 5417 [Ρ
3513 5340 3640 5415 565]

2059 5451 2244 5506 clades
2278 5447 2721 5504 Christianorum
2777 5444 2833 5501 in
2874 5440 3033 5516 Syria
3064 5457 3159 5498 seu
3201 5437 3415 5496 initium
3452 5436 3579 5492 belli
3611 5454 3640 5490 a

2059 5541 2270 5599 sultane
2300 5539 2593 5611 Babylonis
2628 5539 2839 5595 Latinis
2865 5536 3238 5605 Antiochiam,
3275 5532 3540 5605 Tripolim
3587 5542 3642 5586 et

2058 5637 2452 5697 Ptolemaidem
2489 5636 2802 5691 tenentibus
2829 5631 2988 5701 illati,
3035 5631 3190 5702 cujus
3237 5628 3410 5685 secuti
3462 5635 3643 5698 poste-

2061 5738 2176 5790 rius
2214 5731 2389 5791 ultimi
2425 5741 2650 5788 erentus
2675 5744 2708 5785 a
2739 5739 2929 5785 nostro
2963 5741 3060 5799 per
3085 5724 3503 5797 occupationem
3527 5734 3644 5775 nte-

2061 5839 2370 5892 morantur,
2410 5842 2460 5884 c.
2507 5825 2598 5892 δε,
2627 5825 2865 5896 denique
2894 5821 3193 5878 secundum
3229 5815 3640 5874 matrimonium

2059 5923 2360 5982 Andronici
2414 5919 2786 5996 imperatoris,
2815 5919 2882 5976 de
2912 5933 3020 5990 quo
3067 5931 3123 5973 c.
3171 5913 3258 5968 35.
3293 5911 3387 5974 llLs
3425 5909 3641 5966 cunctis
