4004 6234
379 323 494 387 83')

1269 318 1341 380 Ρ.
1379 317 1680 378 ΡΟΞΞΙΝΙ
1724 315 2374 377 OBSERVATIONUM
2405 317 2532 376 LIB
2592 315 2710 376 IlI.

3488 316 3590 382 840

355 429 786 501 circumspectis,
846 428 989 482 haud
1044 437 1250 482 temere
1304 429 1605 482 videbimur
1657 426 1925 480 allirmare
1957 436 2000 486 Α
2029 425 2282 480 Octobris
2323 427 2375 479 in
2410 425 2606 494 templo
2658 427 2761 479 rite
2795 424 2961 480 fuisse
2987 423 3324 484 ordinatum.
3352 423 3606 484 Procedit

357 523 732 575 evoCationem
773 517 929 572 Vecci
986 519 1150 571 Prnsa
1188 517 1506 587 Byzantium
1544 532 1689 569 anno
1724 517 1930 570 Christi

363 615 506 669 1284
559 613 702 668 circa
756 628 997 666 mensem
1042 611 1241 663 3i..inm
1300 609 1588 663 Juniumve
1618 610 1931 676 contigisse,

364 707 540 774 ipsum
568 717 696 756 vero
729 702 937 773 synodo
970 713 1099 754 tunc
1149 700 1332 753 habita
1368 700 1707 759 damnatum,
1737 698 1804 751 ab
1836 697 1934 751 im-
1991 745 2008 766 ί

361 807 612 866 peratore
639 799 840 851 frustra
878 793 969 848 diu
1008 803 1204 847 conato
1229 807 1350 844 eum
1385 791 1451 842 ad
1486 801 1665 859 partes
1691 790 1933 854 trahere,

362 894 418 945 in
459 891 762 944 custodiam
804 889 945 942 arcis
1002 903 1030 940 a
1094 898 1287 940 saneto
1327 884 1588 951 Gregorio
1643 881 1933 939 nominata:

363 985 645 1048 traditum,
683 985 824 1050 quod
856 982 955 1035 sub
989 983 1146 1033 linem
1178 997 1227 1033 r.
1260 978 1330 1032 35
1357 979 1515 1032 decet
1548 976 1930 1046 Pacbymeres.

365 1077 487 1132 lla-c
515 1076 717 1131 faciunt
745 1091 812 1128 ne
848 1074 1100 1129 assentiri
1130 1072 1328 1142 possim
1357 1069 1590 1125 Henrico
1619 1069 1932 1137 Spondano.

361 1173 489 1223 dum
549 1169 702 1222 Vecci
739 1167 1166 1224 damnationem.
1224 1166 1323 1216 sub
1376 1179 1535 1228 quam
1596 1161 1934 1230 mancipatus

362 1277 443 1318 est
475 1263 715 1328 carceri,
753 1277 894 1316 anno
927 1259 1126 1315 Christi
1165 1259 1302 1312 1283
1338 1258 1543 1312 tribuit.

437 1358 500 1413 Υ.
541 1353 787 1409 Perstitit
831 1354 1044 1421 quidem
1081 1350 1288 1406 Vccrus
1320 1366 1489 1420 usque
1519 1349 1583 1402 ad
1618 1359 1844 1404 mortem
1876 1348 1931 1403 in

365 1467 428 1506 ea
481 1451 627 1504 arcis
659 1445 1162 1513 San-Gregorianz
1193 1444 1464 1504 custodia,
1497 1443 1589 1495 sed
1622 1442 1932 1496 conditioae

367 1558 473 1596 non
525 1555 738 1608 semper
769 1541 982 1593 eadem.
1026 1537 1159 1591 Nam
1203 1537 1358 1589 initio
1389 1535 1680 1590 durissime
1715 1534 1931 1588 habitus

367 1643 452 1688 est
494 1633 547 1688 in
594 1649 802 1686 summa
844 1631 1052 1700 inepia,
1084 1629 1202 1685 sine
1256 1629 1359 1682 ulla
1398 1628 1705 1696 prmisimte
1743 1643 1933 1680 neres-

367 1729 639 1782 sarinrnm
664 1726 730 1780 ad
780 1725 1002 1779 vietum.
1043 1722 1176 1788 Ejus
1204 1719 1528 1774 incommodi
1557 1721 1927 1774 laxamentum

367 1821 580 1889 aliquod
609 1819 824 1888 quando
858 1827 910 1870 et
935 1816 1204 1885 queinodo
1241 1814 1532 1881 acceperit,
1577 1814 1779 1868 indicat
1811 1814 1929 1865 obi-

369 1924 452 1968 ter
484 1913 602 1967 loco
655 1925 760 1963 non
809 1924 911 1964 suo
972 1906 1350 1977 Pacbymeres,
1402 1907 1466 1956 ad
1518 1905 1721 1960 calcem
1772 1907 1931 1959 modo

368 2001 651 2056 memorati
701 2015 750 2055 c.
794 1999 886 2062 35,
915 2015 1036 2054 cum
1067 1999 1142 2051 ait
1174 2014 1202 2050 a
1254 1996 1629 2068 proliciscente
1659 1999 1709 2051 in
1738 1995 1934 2051 OrTen-

368 2109 476 2150 tem
515 2093 809 2149 Athanasio
835 2093 946 2163 jam
979 2102 1164 2147 creato
1201 2091 1530 2160 patriarcha,
1554 2103 1608 2145 et
1637 2089 1832 2145 lretnm
1864 2092 1930 2145 ad

368 2185 748 2255 Helenopolim
799 2183 1128 2252 trajiciente,
1162 2182 1385 2236 missum
1418 2197 1482 2234 ex
1517 2181 1712 2236 itinere
1758 2182 1809 2234 in
1839 2197 1930 2235 ar-

369 2296 487 2333 cem
521 2280 578 2332 S.
613 2277 856 2346 Gregorii
899 2291 1150 2345 magnum
1216 2274 1566 2344 logothetam,
1629 2272 1720 2342 qui
1757 2273 1932 2328 Vecco

369 2384 586 2430 centum
627 2387 839 2435 aureos,
895 2369 1235 2424 llelitenioue
1269 2368 1659 2437 quinquaginta
1694 2369 1931 2422 donave-

374 2465 466 2526 rit,
507 2462 798 2518 Metochita
856 2461 1126 2516 sociorum
1167 2459 1321 2514 νε·οαί
1371 2459 1543 2512 altero
1597 2460 1707 2528 jam
1774 2470 1933 2511 antea

371 2567 589 2625 propter
627 2551 874 2608 morbum
920 2551 975 2606 in
1007 2552 1225 2606 donnnn
1267 2552 1535 2619 propriam
1575 2551 1767 2606 relato.
1796 2550 1940 2605 luve-

368 2650 649 2719 stigemus,
694 2648 738 2702 si
781 2663 884 2717 qua
937 2660 1244 2716 possnnms,
1276 2645 1438 2699 istius
1485 2654 1654 2714 gestae
1687 2644 1762 2697 rei
1796 2653 1934 2699 tetu.

367 2758 494 2814 pus.
527 2738 803 2796 Successit
834 2737 1095 2806 Gregorio
1125 2735 1322 2808 Cyprio
1375 2737 1428 2791 in
1477 2735 1937 2805 Constantinopo-

370 2835 538 2888 litano
567 2829 937 2902 patriarchatu
973 2827 1324 2888 Athanasius.
1353 2842 1450 2882 nec
1480 2829 1662 2881 statim
1695 2842 1758 2883 ac
1795 2829 1937 2880 nullo

379 2928 693 2993 interregno
742 2923 920 2977 medio
969 2919 1254 2976 successit.
1293 2919 1528 2974 Primum
1563 2919 1725 2986 igitur
1753 2920 1938 2975 viden-

373 3021 500 3074 dum
538 3015 781 3086 quandin
831 3013 1126 3082 Gregorius
1172 3013 1226 3068 in
1278 3013 1406 3067 sede
1461 3013 1779 3083 perstiterit.
1825 3023 1936 3068 tum

2034 535 2163 587 ergo
2195 521 2346 586 prior
2379 520 2782 588 patriarchatns
2813 518 3096 572 Athanasii
3125 534 3152 570 a
3197 517 3376 584 pridie
3416 518 3602 574 Iduum

2033 612 2279 666 Octobris
2327 611 2453 664 anni
2497 625 2616 662 πίητε
2657 609 2854 662 Christi
2891 608 3126 676 vulgaris
3159 606 3321 662 1289.

2106 704 2195 758 Ἡ.
2227 705 2397 758 Paulo
2422 713 2547 757 ante
2574 713 2930 756 tneinoratam
2962 702 3243 755 Athanasii
3279 700 3606 772 patriarchas

2036 796 2500 850 transmissionem
2537 795 2660 849 freti
2694 797 2759 849 ad
2800 793 3170 863 Helenopolim
3217 804 3267 848 et
3311 793 3605 864 profectio-

2036 905 2157 944 nem
2209 890 2260 943 in
2310 887 2590 944 Orientem
2645 902 2988 942 communem
3025 887 3102 940 illi
3133 886 3302 941 fuisse
3336 901 3461 938 cum
3495 886 3610 938 An-

2037 982 2261 1038 dronico
2294 981 2622 1049 imperatore
2649 981 2806 1034 docet
2839 991 3025 1033 noster
3051 980 3154 1033 hoc
3181 979 3322 1033 libro
3345 993 3406 1038 ιι.
3436 992 3490 1032 c.
3520 976 3608 1037 18.

2036 1077 2162 1131 dum
2184 1075 2564 1143 imperatorem
2593 1088 2653 1128 se
2682 1073 2979 1127 contulisse
3017 1070 3370 1145 Nymphaeum
3400 1077 3608 1133 narrat,

2034 1180 2090 1224 et
2119 1185 2184 1222 eo
2216 1170 2407 1222 itinere
2439 1179 2622 1236 partes
2665 1165 2930 1236 Bithynia:
2958 1175 3362 1233 transgressum
3391 1162 3464 1217 ibi
3491 1161 3612 1216 obi-

2036 1273 2118 1314 ter
2149 1260 2326 1331 egisse
2370 1260 2518 1315 circa
2552 1257 2874 1314 V’eccum'et
2916 1257 3036 1326 ejus
3064 1256 3268 1318 serios,
3296 1268 3418 1324 quae
3449 1254 3610 1324 paulo

2035 1364 2160 1408 ante
2192 1354 2472 1424 (nimirum
2504 1368 2556 1408 c.
2589 1351 2681 1416 35,
2722 1351 2758 1404 l.
2788 1350 2826 1420 ι)
2861 1365 2922 1404 se
2978 1361 3314 1404 memorasse
3345 1347 3442 1401 ait.
3477 1346 3611 1412 Qui-

2036 1449 2136 1502 bus
2193 1447 2371 1501 verbis
2439 1444 2618 1500 innuit
2674 1444 2954 1500 Athanasii
3006 1444 3224 1513 quidem
3280 1442 3610 1512 patriarcha:

2037 1543 2274 1605 ttouiinc,
2298 1540 2683 1610 imperatorem
2714 1537 3085 1592 Andronicum
3114 1536 3454 1598 comitantis,
3479 1537 3610 1588 mis-

2035 1652 2153 1690 sum
2196 1649 2447 1704 magnum
2505 1631 2592 1704 [P.
2640 1630 2765 1703 566]
2817 1630 3149 1698 logothetam
3198 1631 3265 1684 ad
3315 1626 3551 1684 Veceum
3591 1645 3606 1684 :

2034 1739 2287 1782 ca'terum
2343 1726 2394 1781 id
2441 1736 2612 1780 totum
2647 1739 2768 1778 esse
2820 1733 3002 1778 actum
3038 1723 3298 1778 instinctu
3350 1732 3404 1775 et
3449 1721 3610 1790 jussu

2037 1821 2402 1888 imperatoris.
2434 1818 2542 1873 Nec
2566 1820 2709 1873 enim
2742 1828 2860 1871 erat
2890 1816 3185 1871 verisimile
3216 1815 3610 1885 patriarcham,

2033 1925 2309 1967 austerum
2339 1912 2610 1966 hominem
2659 1928 2723 1964 ac
2771 1909 2964 1976 (erum,
2991 1919 3184 1973 sponte
3220 1909 3481 1964 initurum
3513 1923 3612 1962 co-

2033 2007 2352 2076 gnationem
2383 2004 2544 2059 V’ecei
2604 2015 2658 2060 et
2715 2005 2988 2060 sociorum
3031 2003 3171 2070 ejus,
3204 2017 3343 2072 quos
3373 2002 3613 2070 pessime

2036 2100 2228 2154 oderat
2259 2099 2418 2154 homo
2457 2097 2736 2153 schismati
2770 2098 3200 2160 addictissimns,
3231 2094 3606 2150 sublevando-

2038 2210 2178 2248 rum.
2212 2191 2390 2247 Unum
2435 2193 2522 2245 hic
2570 2192 2866 2261 quamdam
2900 2188 3038 2244 male
3065 2185 3392 2242 coluerentis
3424 2195 3479 2240 et
3521 2202 3614 2240 se-

2035 2301 2158 2335 cum
2209 2287 2324 2351 ipsa
2381 2283 2582 2336 collisze
2639 2279 2970 2335 narrationis
3018 2279 3257 2349 speciem
3317 2277 3502 2339 habet,
3539 2276 3615 2328 si-

2036 2381 2254 2447 quidem
2288 2377 2381 2431 illo
2411 2376 2580 2444 priori
2624 2377 2762 2438 loro,
2795 2390 2848 2442 p.
2890 2373 3010 2437 l0'5,
3038 2373 3272 2427 atlirmat
3316 2371 3612 2426 historicus

2040 2488 2292 2541 maguum
2325 2471 2680 2541 lcgotbetam,
2712 2469 2801 2537 qui
2833 2468 2896 2522 ad
2937 2467 3166 2522 Vecentn
3208 2466 3276 2522 ab
3311 2465 3612 2520 Athanasio

2039 2567 2240 2622 missus
2273 2575 2377 2626 est.
2420 2567 2654 2620 nondum
2694 2567 2858 2619 fuisse
2891 2562 3387 2633 protorestiarium,
3423 2576 3475 2629 p.
3507 2575 3610 2614 an-

2040 2671 2145 2714 tem
2184 2660 2306 2722 ιὲὅ,
2333 2658 2536 2714 diserte
2568 2660 2753 2714 scribit
2786 2656 3156 2713 Andronicum
3197 2656 3609 2727 imperatorem.

2038 2755 2106 2810 iis
2150 2756 2323 2809 obiter
2374 2770 2493 2808 eum
2559 2752 2735 2809 Vecco
2776 2754 3071 2809 transactis
3105 2767 3224 2821 qua:
3277 2750 3436 2822 paulo
3483 2760 3612 2803 ante

2038 2847 2298 2909 diximus,
2340 2847 2690 2916 Nymphaeum
2726 2849 3033 2916 pervenisse
3069 2847 3269 2902 comite
3299 2861 3484 2900 secum
3515 2847 3610 2898 dn-

2038 2955 2125 2999 cto
2160 2943 2458 3004 .‘ilnzalone,
2488 2958 2651 3010 super
2680 2942 2959 3009 antiquum
3001 2941 3260 2994 honorem
3309 2939 3485 3009 magni
3529 2938 3611 2994 lo-

2041 3040 2277 3105 gotbetze
2307 3051 2442 3090 nova
2473 3035 2876 3106 prtitorestiarii
2911 3034 3173 3104 dignitate
3198 3033 3472 3089 decorate.
3505 3033 3612 3088 Sed

371 3125 480 3180 quo
515 3107 642 3163 inde
695 3105 982 3160 intervallo
1035 3103 1296 3160 snlIectus
1337 3105 1436 3172 ipsi
1497 3103 1662 3159 fuerit
1694 3105 1935 3160 Athana-

2044 3132 2157 3185 baec
2192 3129 2406 3183 facilem
2441 3127 2883 3184 conciliationem
2924 3127 3147 3191 habent,
3178 3126 3221 3181 si
3255 3127 3467 3178 dicatur
3503 3135 3613 3179 sta-

369 3203 482 3256 sius
520 3240 538 3267 ,
594 3209 869 3269 postremo
921 3196 1280 3269 profectionis
1337 3198 1498 3266 hujus
1548 3198 1604 3252 in
1657 3198 1934 3254 Orientem

371 3305 608 3364 tempus.
640 3291 880 3347 Primum
934 3292 1075 3360 ιιιιοά
1108 3292 1324 3356 attinet,
1371 3291 1662 3362 Gregorius
1696 3293 1751 3348 in
1787 3295 1940 3349 abdi-

369 3392 588 3443 catione
621 3384 800 3442 throni
856 3386 1061 3454 scripto
1115 3401 1394 3454 expressa,
1427 3403 1544 3454 quae
1576 3389 1834 3440 recitatur
1882 3405 1935 3459 p.

374 3482 495 3541 150.
525 3479 600 3534 ait
631 3493 690 3534 se
724 3494 894 3533 attnos
938 3491 1033 3532 ses
1065 3487 1118 3532 et
1171 3481 1315 3547 quod
1367 3478 1610 3535 excurrit
1647 3481 1696 3534 in
1730 3495 1945 3548 posses-

367 3577 522 3629 sione
581 3572 988 3644 patriarcbatus
1030 3571 1373 3640 perduraSse.
1422 3570 1637 3626 Creatio
1675 3573 1835 3641 hujus
1885 3585 1940 3632 et

373 3666 741 3736 inauguratio.
800 3665 1070 3734 capitibus
1118 3664 1240 3718 libri
1298 3665 1494 3734 prioris
1529 3667 1594 3722 Η
1629 3675 1681 3721 et
1714 3666 1780 3722 ίῦ
1809 3685 1940 3722 nar-

373 3773 513 3822 rata,
554 3760 801 3830 contigit,
833 3770 890 3814 ut
923 3759 1032 3814 illic
1061 3758 1331 3821 innititur,
1361 3759 1518 3829 paulo
1553 3769 1672 3830 pOst
1708 3760 1933 3831 .Iosephi

374 3865 601 3909 mortem
631 3893 646 3918 ,
693 3869 856 3921 quam
912 3853 1179 3922 superiori
1225 3854 1400 3923 capite
1446 3855 1941 3910 demonstravimus

371 3945 472 3998 sul)
517 3943 729 3997 initium
795 3942 972 3997 Martii
1039 3957 1182 3997 anno
1236 3944 1438 3997 Christi
1493 3944 1630 3998 1283
1665 3949 1937 4003 evenisse.

375 4037 575 4089 Initum
627 4052 790 4105 porro
844 4051 870 4088 τι
904 4036 1164 4102 Gregorio
1207 4037 1631 4105 patriarcbatum
1667 4047 1791 4091 ante
1825 4053 1940 4093 me-

370 4131 518 4183 dium
555 4131 756 4198 Aprilis
780 4170 795 4193 ,
844 4130 991 4196 cogit
1018 4127 1313 4191 aﬂirmare,
1365 4129 1511 4198 quod
1563 4130 1858 4186 historicus
1885 4149 1939 4201 p.

372 4225 440 4277 48
473 4233 759 4287 memorat,
805 4222 940 4276 feria
969 4223 1078 4291 jam
1115 4231 1227 4274 tum
1284 4225 1519 4275 secunda
1555 4222 1776 4292 majoris
1811 4227 1942 4280 beb-

371 4317 616 4372 domada:
647 4315 814 4370 fuisse
864 4315 1122 4385 Cyprium
1172 4315 1222 4368 in
1267 4316 1423 4386 plena
1472 4317 1813 4385 possessione
1845 4334 1941 4386 pa-

373 4407 682 4464 triarcbalis
711 4409 872 4477 782
896 4409 1200 4476 potestatis.
1229 4409 1348 4462 Fuit
1377 4410 1520 4463 enim
1566 4409 1654 4464 illo
1683 4425 1849 4476 anno,
1881 4421 1938 4464 ut

2043 3224 2164 3286 tim,
2222 3236 2509 3293 p05tqnam
2562 3238 2590 3275 a
2632 3223 2946 3290 praescripta
2994 3222 3097 3275 sibi
3144 3220 3482 3290 profectione.
3543 3219 3610 3272 ad

2045 3315 2276 3370 Versum
2331 3315 2542 3372 lluzalo
2574 3316 2790 3373 rediens
2840 3317 3189 3387 imperatorio
3237 3317 3516 3372 comitatui
3552 3331 3612 3372 se

2037 3414 2232 3467 iterum
2265 3413 2537 3482 adjunxit,
2565 3416 2632 3468 ab
2673 3414 2915 3482 Angusto
2955 3414 3006 3467 in
3046 3415 3162 3479 ipso
3201 3414 3415 3478 itinere,
3458 3413 3610 3484 prius

2039 3521 2201 3574 quam
2241 3505 2595 3576 Nympbmum
2651 3507 2983 3576 perveniret,
3035 3504 3204 3561 luisse
3249 3507 3600 3573 protovestia-

2041 3595 2182 3650 rium
2232 3595 2564 3651 declaratus.
2621 3594 2764 3649 Nihil
2799 3613 2929 3665 ergo
2969 3613 3160 3653 causa:
3199 3604 3284 3652 est
3334 3613 3434 3652 cur
3465 3597 3608 3651 istud

2040 3690 2410 3745 laxamentum
2450 3706 2814 3746 :crnmnarum
2864 3689 3023 3745 \‘erci
3069 3707 3173 3745 non
3224 3692 3288 3745 ad
3319 3690 3449 3745 illud
3486 3705 3609 3757 per-

2043 3781 2214 3838 tinere
2246 3781 2574 3838 aﬁirmcmus
2608 3794 2822 3853 tempus
2854 3798 2960 3852 quo
3000 3783 3346 3839 Andronicus
3372 3799 3440 3837 ex
3476 3784 3608 3838 urbe

2041 3877 2187 3945 regia
2227 3875 2576 3947 Nymphaeum
2636 3892 2692 3929 se
2723 3877 2995 3943 contulit,
3027 3886 3188 3945 prout
3243 3876 3279 3932 Ι.
3335 3892 3395 3940 ιι,
3450 3892 3505 3933 c.
3539 3864 3618 3930 lii.

2042 3978 2394 4025 memoratur.
2432 3968 2835 4038 Eaplorandnm
2887 3984 3014 4038 ergo
3057 3971 3212 4024 nonis
3257 3984 3340 4024 εει
3386 3968 3606 4038 quando

2043 4062 2329 4132 contigerit
2381 4063 2480 4115 ista
2538 4061 2820 4132 profectio.
2870 4061 3068 4116 Narrat
3110 4062 3291 4131 capite
3337 4062 3605 4131 superiori

2039 4167 2228 4210 noster
2275 4156 2566 4210 historicus
2613 4167 2840 4209 mortem
2895 4154 3286 4225 expatriarchte
3332 4153 3511 4225 Cyprii
3555 4163 3608 4208 et

2041 4249 2186 4301 circa
2243 4249 2362 4317 ejus
2419 4248 2710 4317 sepultura-
2764 4248 2991 4301 formam
3043 4250 3487 4319 praescriptiones
3541 4249 3608 4301 ab

2043 4340 2157 4410 ipso
2201 4343 2439 4410 Angusto
2485 4341 2548 4392 ad
2607 4339 2812 4394 funeris
2855 4342 3015 4411 783
3062 4352 3343 4396 curatores
3392 4345 3605 4405 missas,

2039 4449 2159 4504 quae
2190 4436 2324 4488 satis
2351 4433 2592 4488 imlicant
2627 4449 2731 4489 non
2765 4435 3004 4490 abfuisse
3027 4447 3153 4490 tunc
3185 4437 3331 4490 illmn
3359 4436 3426 4490 ab
3453 4438 3602 4502 urbe;

368 4505 547 4572 Capite
579 4504 842 4570 superiori
872 4503 1230 4564 omendimus,
1258 4501 1463 4557 Pascha
1491 4504 1579 4558 die
1607 4505 1804 4572 Aprilis
1840 4505 1934 4567 l8;
1970 4533 2019 4593 Β
2049 4501 2168 4580 {mm
2218 4526 2260 4576 si
2287 4526 2396 4596 iam
2464 4534 2591 4578 "me
2648 4527 3107 4595 ροηδεηηπειυτ,
3172 4543 3275 4582 "on
3342 4537 3447 4582 lam
3501 4501 3605 4581 ciu,

371 4596 513 4650 unde
541 4596 762 4662 majoris
789 4594 1135 4648 hebdomada-
1167 4593 1297 4648 feria
1324 4597 1564 4649 secunda
1609 4597 1745 4649 diem
1782 4597 1940 4662 Apri.

372 4691 438 4744 lis
479 4689 546 4744 12
595 4689 877 4743 insederit.
935 4689 1052 4755 Quo
1097 4690 1426 4742 anteriorem
1473 4689 1937 4758 inangttrationem

372 4782 623 4852 Gregorii
681 4784 838 4836 fateri
895 4798 1121 4837 necesse
1161 4783 1230 4837 sit
1266 4797 1282 4835 :
1321 4799 1385 4836 ex
1417 4796 1523 4852 qua
1581 4785 1624 4838 si
1679 4799 1771 4837 se:
1813 4785 1938 4838 anni

374 4878 517 4946 pleni
565 4886 621 4931 et
653 4877 853 4944 aliquid
889 4886 1146 4945 praeterea
1182 4877 1520 4930 excurrentia
1555 4877 1811 4942 temporis
1844 4894 1941 4929 nn-

374 4983 674 5031 merentnr.
711 4970 1044 5037 reperienms
1075 4967 1190 5035 ejus
1224 4969 1621 5023 abdicationem
1658 4970 1707 5023 in
1738 4987 1938 5023 annmn

372 5061 577 5117 Christi
622 5061 758 5114 128⁸)
788 5069 909 5128 post
961 5061 1198 5113 medium
1244 5061 1483 5129 Aprilem
1517 5063 1750 5117 conferri
1783 5080 1942 5131 Opor-

376 5165 508 5207 lere.
565 5151 840 5206 Ponamns
881 5167 1012 5222 ergo
1048 5152 1173 5207 licet
1205 5153 1598 5208 abdicationem
1651 5156 1831 5228 Cyprii
1887 5169 1942 5210 et

373 5261 648 5300 scr-essum
682 5246 801 5314 ejus
831 5246 882 5299 in
918 5248 1302 5301 monasterium
1344 5249 1592 5303 Aristiuze
1624 5267 1674 5306 c.
1724 5251 1810 5316 l0,
1838 5252 1871 5305 Ι.
1905 5269 1942 5308 ιι

375 5349 676 5404 narratum,
732 5355 916 5394 mense
963 5339 1104 5395 Maio
1133 5351 1224 5394 aut
1281 5340 1619 5398 .lunioanni
1653 5347 1811 5400 modo
1840 5363 1946 5401 ine-

377 5432 570 5485 morati
621 5447 648 5486 a
697 5430 921 5488 Christo
984 5444 1109 5488 nato
1168 5434 1307 5490 1289
1356 5438 1644 5492 accidisse.
1675 5438 1810 5495 Hinc
1838 5443 1942 5496 duo

376 5533 552 5580 tresve
613 5541 824 5582 menses
877 5527 1128 5582 lltixerint
1179 5529 1230 5583 in
1262 5529 1709 5588 altercationibus
1748 5544 1802 5588 et
1827 5535 1944 5589 disc

375 5619 760 5686 qnisitionibus
819 5637 848 5675 a
893 5633 1082 5676 nostro
1117 5622 1378 5678 bismrico
1449 5625 1630 5679 relatis
1678 5642 1707 5681 a
1763 5630 1944 5697 capite

379 5711 437 5766 ll
477 5712 596 5767 libri
622 5729 658 5768 ιι
689 5715 755 5770 ad
789 5714 874 5778 l5,
907 5729 1015 5783 quo
1044 5718 1258 5771 tandem
1304 5720 1562 5774 scribitur
1591 5723 1939 5778 Athanasium

375 5802 488 5875 jam
536 5815 698 5860 antea
746 5807 975 5860 elccmm
1033 5808 1392 5876 patriarcbam
1423 5854 1436 5879 ,
1494 5815 1576 5868 die
1616 5814 1682 5868 ll
1743 5817 1943 5872 mensis

2044 4615 2266 4685 perferri
2298 4618 2362 4668 ad
2388 4632 2508 4670 eum
2535 4619 2706 4670 nUntii
2742 4621 2929 4672 mortis
2979 4620 3159 4690 Cyprii
3199 4623 3518 4688 potuissent,
3551 4631 3606 4676 ut

2041 4706 2236 4774 exiguo
2263 4707 2352 4760 illo
2387 4711 2581 4776 spatio,
2621 4711 2758 4776 quod
2794 4710 2859 4761 ab
2887 4712 3033 4763 obitu
3068 4711 3134 4764 ad
3173 4712 3334 4766 funus
3359 4715 3601 4778 interest,

2042 4812 2137 4866 per
2164 4800 2380 4851 crebros
2410 4802 2635 4855 subinde
2671 4803 2865 4854 missos
2925 4814 3030 4855 tam
3084 4804 3332 4860 distinete
3393 4817 3606 4860 caveret

2043 4905 2107 4942 nc
2145 4891 2337 4944 modus
2368 4893 2718 4946 excederetnr
2746 4895 3126 4961 sepulcralium
3157 4896 3354 4966 privati
3378 4899 3606 4952 hominis

2044 4983 2332 5039 honorum.
2371 4984 2498 5038 Erat
2544 5002 2672 5056 ergo
2726 4988 3192 5058 Constantinopoli
3234 4994 3601 5056 Andronicus,

2044 5075 2262 5141 quando
2287 5093 2528 5132 mortuus
2558 5092 2606 5132 et
2637 5081 2881 5149 sepultus
2914 5095 2992 5136 est
3027 5084 3285 5154 Cyprius;
3322 5099 3373 5141 et
3405 5091 3605 5156 primus
3644 5072 3647 5074 ’

2045 5180 2159 5235 post
2186 5170 2343 5224 istum
2372 5172 2623 5226 notabilis
2652 5187 2878 5226 eventus
2910 5173 3072 5229 fuerit
3120 5179 3392 5234 dist-es‘sus
3441 5183 3605 5248 impe-

2047 5263 2244 5315 ratoris
2277 5260 2516 5329 ejusdem
2549 5279 2612 5316 ex
2648 5265 2803 5330 urbe,
2858 5279 3141 5336 propterea
3203 5273 3445 5340 sequenti
3486 5288 3602 5328 mox

2043 5354 2219 5422 capite
2243 5369 2270 5406 a
2297 5354 2626 5425 Paehymere
2661 5369 2933 5412 narratus.
2968 5357 3224 5416 Cesserat
3281 5363 3604 5429 patriarcbio

2042 5447 2452 5518 Cypriusjuxta
2479 5451 2851 5505 verisimiliter
2894 5469 2921 5503 a
2956 5453 3110 5507 nobis
3155 5457 3315 5524 paulo
3361 5463 3605 5526 superius

2044 5552 2248 5596 statuta
2298 5543 2441 5596 circa
2479 5559 2715 5598 mensem
2769 5542 2987 5599 .luninm
3034 5548 3159 5602 anni
3206 5548 3407 5604 Christi
3454 5551 3603 5607 1259.

2045 5635 2168 5690 Post
2206 5645 2313 5690 tres
2339 5649 2432 5690 aut
2463 5638 2622 5706 paulo
2663 5639 2784 5708 plus
2812 5657 3051 5708 menses,
3085 5643 3256 5714 pridie
3303 5646 3427 5700 ldus
3454 5646 3600 5700 Octo-

2046 5729 2158 5783 bris
2185 5729 2511 5786 Atbanasius
2541 5733 2590 5786 in
2625 5736 2872 5787 tlu'onnm
2904 5746 3127 5791 evectus
3156 5749 3264 5792 est.
3299 5737 3605 5801 Nos-embri,

2051 5820 2374 5888 Deccmbri,
2436 5820 2695 5879 Januario
2773 5825 3184 5896 insequentibus
3253 5832 3607 5888 verisimilitcr
