4012 6236
228 309 312 374 8H

1505 294 2173 361 CHRONOLOGICUS.

3356 290 3466 358 8‘2

227 420 508 486 acciderit,
563 417 707 490 quod
763 415 938 487 capite
983 414 1105 470 libri
1153 413 1241 479 ιι,
1299 427 1349 467 c.
1378 389 1488 476 i7,
1544 409 1797 474 refertur,
1829 409 1870 465 A
1902 405 2130 476 praecise
2157 405 2316 476 spatii
2357 405 2779 462 intercesserit:
2826 403 2986 460 modo
3019 413 3312 460 memorata
3373 420 3464 458 re-

225 530 408 587 nempe
445 513 704 585 Cyprium
744 510 928 580 glorise
966 507 1182 563 avidum
1216 506 1515 566 hominem,
1562 517 1684 558 cum
1727 513 1788 555 se

226 621 326 664 tam
354 607 442 660 diu
479 603 781 674 neglectum
807 602 864 656 in
890 614 1105 656 secessu
1140 613 1203 652 ac
1243 596 1535 651 solitudine
1560 592 1786 656 doleret,

225 700 354 770 ringi
391 711 455 753 ac
497 696 694 752 contlci
726 692 1044 763 aegritudine
1072 690 1338 760 coepisse;
1370 704 1437 744 ex
1484 703 1594 758 quo
1618 683 1669 739 ei
1701 693 1791 738 tae-

222 794 309 848 dio
344 789 702 861 languor'ille
740 786 1030 842 multorum
1068 785 1278 857 dierum
1325 781 1619 845 exstiterit,
1681 792 1790 848 quo

224 894 575 953 consumptus
599 884 814 938 demum
873 889 957 942 est
999 878 1218 934 circiter
1270 890 1535 940 mensem,
1584 880 1646 928 ut
1690 886 1794 940 ap-

225 987 394 1049 paret,
420 976 698 1030 Martium.
731 973 902 1043 Aprili
943 987 1068 1027 mox
1108 970 1444 1036 insequente,
1479 975 1601 1034 apta
1631 961 1795 1032 regiis

226 1067 659 1140 expeditionibus
719 1073 1062 1138 tempestate,
1120 1062 1467 1116 Andronicus
1518 1057 1797 1124 Augustus

226 1179 286 1219 ex
316 1165 444 1218 urbe
479 1175 728 1222 movens.
765 1173 995 1214 ammnte
1023 1170 1089 1211 ac
1119 1152 1504 1210 circumductae
1550 1146 1794 1220 peregri-

230 1257 457 1311 nationis
489 1261 666 1309 metas
698 1250 977 1323 Nymplttei
1013 1248 1251 1330 denique
1280 1243 1547 1307 detixerit,
1582 1257 1647 1295 eo
1678 1254 1800 1308 per—

229 1349 444 1404 veniens
467 1349 571 1402 sub
607 1360 847 1400 mensem
889 1343 1136 1398 Junium.
1187 1340 1342 1397 Circa
1371 1337 1574 1392 Maium
1635 1333 1801 1404 igitur

230 1439 592 1496 anniCbristi
651 1438 790 1494 1290
851 1437 1032 1491 laxata
1087 1433 1333 1492 custodia
1390 1431 1562 1485 Vecco
1618 1424 1800 1490 fuerit.

231 1545 507 1603 postquam
537 1533 800 1603 egestatis
839 1547 960 1586 cum
997 1528 1318 1598 captivitate
1341 1525 1558 1594 juncta.
1594 1517 1804 1573 incom-

234 1623 379 1676 moda
412 1622 699 1677 tolerasset
740 1622 895 1675 annis
951 1634 1046 1676 sex
1082 1616 1329 1688 integris.
1373 1629 1405 1668 a
1431 1623 1615 1665 mense
1657 1607 1805 1660 vide-

234 1712 352 1768 licet
381 1713 524 1768 Maio
559 1724 651 1767 aut
677 1711 839 1767 Junio
866 1712 990 1765 anni
1017 1709 1218 1765 Christi
1265 1706 1404 1763 1284
1450 1705 1606 1776 juxta
1652 1701 1803 1770 prius

234 1803 444 1858 deﬁnita
490 1819 547 1860 n.
581 1802 616 1858 5
651 1803 811 1874 hujus
833 1801 1051 1870 capitis.

309 1897 414 1952 Vll.
451 1897 571 1951 Hac
601 1897 792 1950 eadem
822 1896 874 1948 in
905 1893 1221 1956 Orientales
1259 1901 1467 1948 tractus
1493 1891 1812 1962 peregrinae

239 1989 378 2043 tione
401 1989 702 2044 Andronici
740 1986 1034 2058 contigisse
1081 1996 1341 2056 praeterea
1370 1985 1608 2054 oportuit
1632 1997 1818 2038 acces-

240 2095 353 2136 sum
393 2080 510 2150 ejus
549 2079 879 2149 Dacibyzam
904 2120 919 2143 ,
951 2077 1040 2132 ubi
1098 2079 1199 2132 sub
1243 2078 1488 2132 custodia
1532 2076 1819 2131 tenebatur

239 2171 494 2238 Joannes,
516 2171 789 2228 Theodori
812 2168 1063 2224 Lascaris
1083 2168 1248 2231 ﬁlius,
1269 2184 1432 2239 quem
1465 2168 1818 2224 MichaelAn-

243 2262 440 2322 dronici
473 2276 632 2335 pater
661 2265 884 2318 immani
914 2262 1107 2317 fraude
1131 2261 1610 2331 circumscriptum
1654 2261 1822 2326 impe-

249 2359 328 2414 rio
350 2359 550 2428 deiecit
576 2369 632 2412 et
649 2356 966 2412 excaecavit.
989 2353 1103 2410 Huc
1123 2354 1422 2425 profectum
1448 2353 1819 2408 Andronicum

243 2444 426 2507 narrat
480 2452 872 2522 Pacbytueres,
909 2450 948 2504 l.
980 2464 1021 2514 ι,
1054 2464 1106 2504 c.
1137 2448 1232 2513 56,
1271 2445 1498 2517 petiisse
1547 2462 1573 2502 a
1603 2446 1818 2502 Joanne

237 2560 381 2601 ceco
413 2547 630 2601 veniam
664 2543 875 2613 injuriae
911 2544 1015 2612 ipsi
1040 2558 1067 2596 a
1097 2540 1372 2597 Michaele
1401 2553 1555 2611 patre
1583 2553 1683 2596 suo
1707 2538 1826 2594 illa-

247 2647 329 2704 ιε,
359 2648 411 2694 et
449 2639 639 2692 multis
688 2636 1081 2691 benevolentia
1111 2633 1604 2703 signiﬁcationibus
1631 2646 1695 2687 ac
1723 2633 1822 2687 do-

242 2731 329 2786 nis
365 2729 699 2786 eblanditum
729 2731 796 2786 ab
821 2745 888 2784 eo
922 2728 1089 2784 fuisse
1122 2727 1422 2782 cessionem
1451 2724 1588 2794 juris
1623 2723 1691 2778 ad
1719 2717 1830 2777 im-’

247 2824 453 2891 perium
481 2825 586 2880 sui.
629 2823 813 2888 Ratio,
841 2838 960 2890 quo:
994 2820 1141 2891 cogit
1168 2820 1352 2874 dicere
1382 2827 1510 2872 tunc
1540 2815 1591 2871 id
1617 2823 1819 2878 actum,

247 2916 358 2972 haec
377 2928 480 2972 est.
511 2915 714 2973 Noster
741 2916 832 2970 illo
859 2915 1040 2985 capite
1067 2916 1274 2969 diserte
1310 2912 1508 2967 asserit
1544 2919 1667 2979 post
1695 2922 1826 2964 con-

253 3021 464 3064 ventum
498 3012 568 3066 ab
600 3008 914 3064 Andronico
962 3005 1228 3062 Joannem
1268 3004 1492 3059 missum
1546 3003 1715 3057 fuisse
1757 3008 1824 3056 ab

1896 499 2167 555 laxationc
2195 499 2507 556 acerbitatis
2549 499 2600 553 in
2628 497 2787 554 Veccl
2821 513 3042 554 carcere
3070 497 3135 553 ad
3169 497 3465 568 perfet'inttt

1897 593 2036 663 ejus.
2069 610 2189 663 qua:
2215 594 2353 648 felici
2381 594 2594 648 demum
2621 592 2770 648 obitu
2810 594 2857 645 ci
2916 592 3126 663 obtigit,
3195 592 3461 645 liberatio-

1896 702 2020 740 nem
2063 688 2130 741 ab
2187 687 2443 742 aerumnis
2488 670 2766 743 omnibus.
2839 686 3076 741 Primum
3131 693 3339 740 certum
3387 694 3468 740 est

1896 781 2266 840 Andronicum
2287 784 2663 855 imperatorem
2681 785 2958 857 Nymphsei
2979 786 3276 855 perstitisse
3295 787 3469 854 spatio

1899 879 2022 948 plus
2045 895 2245 934 annuo.
2272 879 2461 934 Refert
2489 881 2633 934 enim
2668 893 2875 946 noster,
2911 897 2963 950 p.
2997 882 3121 942 £51,
3154 880 3323 934 fuisse
3346 895 3466 932 t-nttt

1899 970 2012 1026 illic
2045 969 2446 1026 undetricesimo
2482 974 2673 1027 mensis
2703 969 2854 1026 Junii
2905 975 2989 1025 die
3028 989 3130 1042 quo
3165 983 3472 1025 sanctorum

1902 1063 2269 1133 apostolorum
2317 1065 2510 1138 (Petri
2552 1081 2746 1137 nempe
2780 1078 2836 1121 et
2864 1067 3013 1121 Pauli
3044 1067 3060 1138 )
3104 1067 3294 1136 festum
3340 1067 3476 1120 cele-

1905 1159 2109 1221 bratur,
2144 1157 2310 1211 a'ttcro
2352 1169 2592 1212 currente
2646 1177 2784 1214 anno
2817 1172 2886 1214 ea:
2913 1176 3011 1230 quo
3068 1160 3356 1228 imperator
3385 1174 3477 1212 ca-

1904 1249 2160 1303 stra'illic
2198 1249 2422 1305 habebat
2451 1266 2483 1305 1:
2513 1250 2760 1313 Διετιίας
2807 1250 3108 1322 τρεχούσης
3151 1252 3483 1320 ἐστρατοπε-

1904 1336 2149 1410 δευμένῳ
2181 1339 2258 1410 τῷ
2293 1341 2522 1412 βασιλεῖ.
2575 1341 2711 1396 Cum
2765 1357 2896 1409 ergo
2943 1355 3166 1396 numero
3215 1340 3480 1409 superiori

1907 1431 2275 1486 verisimiliter
2342 1434 2696 1487 statuerimus
2755 1432 3128 1488 Andronicum
3184 1436 3483 1501 Augustum

1908 1526 2226 1594 pervenisse
2277 1525 2629 1600 Nymphaeum
2666 1527 2840 1583 'circa
2886 1527 3097 1581 initium
3151 1523 3293 1581 Junii
3343 1542 3486 1580 anno

1909 1615 2112 1672 Christi
2181 1617 2359 1683 1290,
2413 1619 2554 1689 quod
2607 1619 2698 1673 illo
2756 1634 2806 1674 c.
2864 1620 2898 1674 9
2955 1617 3313 1689 Pachymercs
3373 1633 3479 1673 meo

1916 1718 2091 1765 morat
2111 1711 2389 1766 dissidium
2415 1712 2719 1782 principum
2751 1725 3118 1767 matronarum
3145 1722 3484 1765 contractum

1918 1805 2206 1859 occasione
2236 1805 2522 1876 panegyris
2557 1804 2955 1876 apostatarum,
2989 1805 3277 1873 contigerit
3306 1803 3376 1858 ‘29
3402 1802 3489 1857 die

1916 1897 2063 1955 Junii
2103 1898 2230 1953 anni
2259 1896 2460 1952 Christi
2491 1897 2650 1964 1291,
2683 1899 2900 1967 quando
2944 1898 3056 1966 jam
3101 1911 3300 1951 annum
3355 1896 3492 1950 alte-

1919 1991 2037 2045 rum
2072 2005 2183 2046 suae
2222 1990 2361 2060 apud
2381 1988 2742 2060 Nymphaeum
2797 1988 3242 2044 commorationis
3283 1989 3493 2042 Andro-

1921 2085 2075 2139 nicus
2131 2084 2504 2138 inchoaverat.
2574 2082 2800 2138 Reditus
2851 2084 2968 2152 ejus
3010 2083 3133 2136 inde
3191 2081 3240 2134 in
3303 2081 3490 2136 urbem

1920 2184 2140 2231 notatur
2175 2175 2386 2246 p.165,
2427 2185 2482 2231 et
2509 2176 2815 2246 assignatur
2866 2175 2967 2229 diei
3026 2174 3494 2229 duodetricesimre

1920 2267 2089 2330 Junii,
2128 2268 2255 2322 anni
2299 2267 2552 2323 videlicet
2583 2269 2767 2322 statim
2813 2266 3096 2336 sequentis
3136 2283 3256 2321 narrt:
3289 2266 3495 2323 Christi

1922 2361 2163 2431 vulgaris
2191 2360 2349 2425 1293,
2391 2374 2512 2415 cum
2553 2357 2666 2428 jam
2722 2369 2968 2429 reparata
3020 2358 3248 2414 fuissent
3297 2360 3492 2414 damna

1924 2453 2205 2518 incendii,
2257 2467 2362 2523 quo
2412 2452 2630 2507 biennio
2678 2461 2803 2506 ante
2859 2451 3248 2506 abdicatiooem
3327 2453 3498 2506 Atha-

1925 2545 2082 2611 nasii,
2129 2556 2184 2598 ut
2218 2545 2418 2600 diserte
2452 2547 2684 2601 traditur
2738 2544 2949 2615 p.178,
3003 2545 3197 2598 Forum
3240 2561 3495 2616 magnum

1923 2635 2376 2703 conﬂagraverat.

1999 2725 2094 2783 IX.
2149 2729 2522 2784 Abdicationis
2580 2744 2742 2799 porro
2776 2731 2933 2782 modo
2985 2739 3296 2785 memoratae
3327 2731 3497 2787 Atho-

1925 2819 2064 2874 nasii
2096 2830 2307 2889 tempus
2350 2822 2485 2876 satis
2528 2822 2734 2876 diserte
2795 2820 3160 2894 Pacltymeres
3218 2823 3493 2892 exprinit,

1925 2913 2052 2969 dum
2083 2930 2136 2985 ι).
2173 2914 2277 2968 177
2325 2915 2512 2970 scribit
2540 2916 2712 2984 ipsum
2744 2925 2929 2970 exacte
2979 2917 3385 2986 quadriennium
3435 2919 3490 2972 iit

1924 3008 2284 3074 patriarchatu
2312 3008 2618 3078 explevisse,
2667 3011 2738 3062 ita
2796 3017 2852 3061 ut
2885 3011 3004 3062 initi
3045 3009 3315 3080 relictique
3356 3013 3501 3081 regiv

250 3103 544 3159 Athanasio
578 3103 692 3174 jam
733 3101 1042 3173 patriarcha
1085 3092 1557 3186 protovestiarinm
1605 3096 1670 3150 ad
1692 3093 1827 3150 Vec-
1853 3129 1894 3186 α
1929 3104 2086 3157 minis
2143 3101 2393 3159 Ecclesiae
2437 3105 2674 3160 eamdem
2727 3104 2892 3176 ferme
2949 3108 3298 3161 numeraverit
3359 3108 3502 3161 diem

250 3209 399 3262 cum;
421 3197 564 3266 quod
601 3196 743 3250 idem
770 3193 897 3248 alibi
922 3192 1121 3248 factum
1141 3192 1376 3246 atIirmat
1403 3183 1470 3245 eo
1497 3187 1692 3242 itinere
1717 3201 1825 3256 quo

253 3285 597 3361 Nymphaeum
649 3303 712 3343 se
754 3288 1026 3356 denique,
1060 3284 1172 3340 illic
1216 3286 1306 3340 diu
1371 3290 1822 3344 commoraturus,

257 3381 551 3450 imperator
580 3382 838 3438 contulit.
857 3381 1026 3452 igitur
1055 3390 1111 3436 et
1134 3382 1249 3435 haec
1269 3379 1457 3434 eadem
1493 3377 1575 3432 via
1599 3391 1695 3442 per
1724 3375 1824 3428 Da-

257 3475 489 3545 cibyzam
513 3475 830 3530 Andronico
852 3473 1011 3529 ducta
1038 3482 1141 3528 est.
1165 3472 1280 3527 Non
1311 3471 1454 3524 enim
1481 3468 1567 3525 bis
1598 3468 1827 3538 patriar-

255 3566 350 3621 cha
372 3567 702 3624 Athanasius
730 3567 1201 3638 protovestiariunt
1222 3563 1306 3636 [P.
1329 3561 1467 3635 567]
1496 3562 1565 3617 ad
1593 3561 1821 3615 Veccum

259 3660 417 3714 misit.
451 3659 620 3716 Recte
651 3661 835 3730 itaque
861 3659 1115 3714 admonet
1152 3659 1254 3713 sub
1293 3656 1453 3710 linem
1499 3652 1693 3721 capitis
1739 3652 1825 3706 bi-

253 3753 482 3807 storicus
506 3753 623 3808 haec
643 3768 702 3808 se
725 3753 780 3806 in
806 3762 1148 3806 antecessum
1177 3750 1278 3805 hoc
1302 3749 1418 3803 loco
1447 3764 1513 3802 ex
1544 3746 1709 3801 multo
1731 3760 1826 3816 po-

250 3844 460 3900 steriori
499 3845 759 3901 memoria
799 3843 1126 3913 pradibasse.
1173 3844 1321 3896 Dicet
1360 3841 1558 3912 aliquis
1592 3859 1607 3895 :
1644 3839 1824 3906 Quare

253 3930 412 4000 igitur
436 3934 806 4003 Pacbymeres
828 3931 945 4001 ipso
976 3929 1134 3984 initio
1157 3929 1325 3985 istius
1353 3928 1574 3996 capitis,
1611 3927 1820 3999 p.105,

258 4023 333 4078 sic
357 4026 632 4097 loquitur:
671 4021 774 4080 Sed
803 4039 881 4078 me
910 4023 1243 4093 pt'aaterierot
1287 4021 1426 4091 quod
1472 4021 1633 4092 paulo
1673 4021 1823 4088 prius

261 4120 495 4189 contigit,
529 4122 900 4188 imperatorem
925 4117 1165 4171 videlicet
1203 4131 1265 4171 ea:
1301 4116 1428 4169 urbe
1462 4133 1516 4170 se
1544 4115 1826 4169 contulisse

264 4209 573 4284 Docibyzant
596 4213 622 4267 1’
647 4220 752 4267 etc.
792 4210 957 4281 784
977 4209 1294 4278 Iiespondeo
1322 4227 1335 4261 :
1367 4206 1484 4262 Non
1529 4208 1643 4261 haec
1687 4206 1828 4260 refe—

262 4304 419 4358 renda
448 4313 576 4360 sunt
609 4304 675 4357 ad
732 4303 1058 4369 colloquium
1120 4299 1277 4354 Vecci
1327 4316 1448 4354 cuin
1514 4298 1821 4368 patriarcha

259 4390 511 4465 Gregorio
541 4394 956 4458 babitmn,toto
1003 4391 1325 4461 praecedenti
1385 4391 1562 4458 capite
1609 4390 1678 4444 35
1732 4390 1826 4443 dc-

1928 3203 2130 3248 seztam
2164 3195 2422 3250 decimam
2460 3195 2724 3252 Octobris.
2784 3196 3043 3252 Alludunt
3083 3197 3199 3253 haec
3254 3199 3316 3254 ad
3352 3201 3502 3270 prius

1928 3287 2129 3358 scripta
2172 3305 2226 3359 p.
2262 3286 2387 3353 ΗΒ,
2423 3289 2512 3343 ubi
2543 3282 2741 3343 dicitur
2764 3299 3012 3360 quartam
3042 3291 3302 3344 decimam
3334 3291 3504 3348 Octo-

1927 3377 2041 3433 bris
2097 3379 2240 3433 d‘iem
2308 3380 2538 3449 primam
2586 3380 2881 3435 Athanasio
2929 3381 3329 3451 patriarcltatns
3373 3366 3497 3445 initi

1926 3471 2114 3528 fuisse.
2154 3472 2398 3528 Pertinet
2447 3473 2571 3541 hoc,
2627 3484 2686 3528 ut
2733 3474 2844 3528 dixi
2887 3491 3046 3528 nunt.
3085 3473 3141 3537 5.
3182 3476 3248 3530 ad
3298 3485 3504 3536 annum

1927 3566 2127 3623 Christi
2183 3566 2343 3631 1289.
2403 3582 2470 3622 es
2513 3582 2624 3637 quo
2668 3568 2792 3622 anni
2837 3577 3115 3624 vertentes
3163 3577 3397 3638 quatuor
3444 3571 3502 3628 in

1927 3659 2072 3716 diem
2126 3660 2191 3715 14
2245 3659 2442 3715 Octob.
2498 3659 2629 3714 anni
2673 3659 2809 3715 {€93
2862 3659 3093 3716 desiero.
3171 3661 3340 3717 Biduo
3382 3669 3506 3732 post

1930 3753 2123 3808 throno
2152 3753 2319 3809 cessit
2348 3752 2706 3816 Athanasius,
2752 3762 2904 3823 gesta
2941 3754 3292 3823 patriarcbali
3319 3753 3500 3825 digiti-

1930 3856 2038 3902 tate
2077 3847 2235 3902 annis
2280 3846 2505 3902 omnino
2562 3856 2795 3917 quatuor
2849 3856 2896 3903 et
2977 3849 3183 3902 duolms
3240 3859 3500 3918 praterca

1926 3939 2136 3996 diebus.
2178 3938 2485 3992 incendium
2515 3953 2644 4009 ergo
2677 3939 2854 4009 magni
2883 3938 3004 3992 Fori
3041 3954 3184 3993 anno
3229 3939 3356 3995 1291
3393 3941 3500 3993 sub

1927 4033 2163 4088 medium
2213 4030 2570 4088 Novembrem
2619 4034 2837 4101 evenit,
2895 4033 3052 4100 Cujus
3105 4035 3271 4087 ruinrc
3323 4033 3499 4103 spatio

1929 4125 2193 4179 mensium
2219 4124 2328 4179 fere
2357 4123 2522 4196 785
2554 4135 2677 4179 octo
2707 4125 2843 4180 adeo
2867 4137 3085 4181 strenue
3119 4142 3144 4178 λ
3175 4126 3384 4179 civibus
3421 4141 3503 4178 re-

1928 4227 2136 4284 paratas
2184 4227 2330 4282 sunt,
2382 4226 2440 4270 ut
2495 4217 2712 4271 rediens
2769 4217 2820 4270 in
2867 4217 3051 4272 urbem
3087 4219 3382 4287 imperator
3405 4232 3503 4270 ex-

1927 4313 2100 4357 tremo
2125 4303 2285 4358 Junio
2308 4304 2434 4358 anui
2463 4303 2605 4360 1292
2629 4306 3019 4374 gratularetur,
3047 4307 3186 4372 qunti
3211 4304 3504 4359 historicus

1928 4396 2002 4448 ait
2038 4394 2388 4463 p.'180,solo
2443 4396 2544 4449 sibi
2590 4397 2801 4448 aurium
2877 4396 3072 4448 indicio
3127 4409 3361 4449 constare
3407 4413 3505 4450 no-

258 4487 534 4554 scriptum,
568 4489 665 4542 sed
696 4486 764 4540 ad
793 4484 968 4539 obiter
1000 4491 1288 4538 .attextam
1354 4481 1418 4536 ad
1448 4480 1648 4534 calcent
1681 4481 1823 4534 illius
1852 4476 1906 4536 D
1933 4486 2109 4539 titiam
2141 4487 2392 4550 incendii,
2429 4487 2574 4540 nullo
2601 4488 2716 4557 jam
2741 4488 2901 4540 oculis
2927 4489 3204 4552 superstite
3234 4491 3316 4542 sui
3345 4492 3506 4544 vesti-

263 4579 446 4647 capitis
481 4580 812 4635 mentionem
874 4577 1069 4632 laxata
1122 4577 1294 4630 multo
1343 4574 1615 4643 posterius
1663 4571 1821 4628 Vecci

266 4673 536 4738 custodite,
571 4674 623 4726 in
657 4687 817 4742 quam
856 4679 998 4742 post
1025 4666 1075 4724 id
1107 4669 1436 4738 colloquium
1499 4675 1583 4721 est
1639 4666 1824 4733 conje-

264 4769 397 4818 ctus.
428 4761 483 4817 Id
518 4779 647 4833 ergo
673 4739 900 4815 tantum
933 4739 1022 4813 illa
1072 4759 1271 4829 capitis
1322 4757 1389 4811 56
1440 4756 1610 4826 prima
1663 4754 1822 4808 verba

267 4854 580 4925 signiﬁcant,
614 4856 777 4928 paulo
814 4865 1123 4922 antequam
1186 4853 1239 4905 in
1293 4850 1492 4918 sacpius
1528 4859 1824 4904 memorata

269 4944 597 5016 imperatoris
645 4947 939 5002 Andronici
1017 4945 1352 5014 profectione
1409 4943 1461 4995 in
1521 4940 1824 5007 Orientem,

270 5052 355 5103 per
388 5045 606 5100 missum
639 5043 690 5096 in
726 5057 903 5096 arcem
938 5040 996 5095 S.
1029 5039 1279 5110 Gregorii
1330 5039 1823 5106 protovestiarium,

269 5124 537 5190 Veccusin
581 5133 741 5206 paulo
795 5133 1208 5187 tolerabiliorem
1236 5131 1594 5184 conditionem
1646 5142 1825 5183 trans-

274 5218 510 5290 ferretur,
570 5229 771 5282 aditum
811 5226 1092 5294 Dacibyztc
1121 5225 1188 5276 ab
1226 5221 1536 5276 Andronico
1561 5219 1822 5276 Joannem

271 5307 518 5372 Theodori
551 5317 800 5374 Lascaris
832 5317 1055 5386 Augusti
1085 5314 1283 5387 filium.

341 5388 472 5462 Vl'll.
509 5409 650 5463 Mors
680 5409 806 5463 inde
831 5407 996 5482 Vccci
1025 5415 1281 5460 narratur
1321 5421 1372 5476 p.
1410 5404 1540 5472 9.70,
1583 5420 1676 5460 sca
1718 5420 1826 5474 quo

276 5510 407 5553 anno
433 5503 721 5574 contigerit
753 5500 1165 5571 disquirendum
1200 5501 1354 5556 nobis
1393 5500 1685 5553 historicus
1743 5512 1826 5552 re-

278 5587 476 5660 !inquit.
501 5596 861 5667 Experiamur
893 5611 1024 5666 ergo
1065 5595 1285 5664 ecquid,
1330 5595 1621 5665 sequennis
1660 5591 1828 5648 vesti-

279 5683 373 5751 giis
397 5701 567 5744 rerum
599 5691 781 5746 abillo
820 5691 959 5746 serie
998 5690 1282 5758 continua,
1317 5703 1419 5757 qua
1478 5698 1642 5757 gestae
1677 5696 1824 5752 sunt,

279 5785 624 5844 oarratarum,
655 5780 925 5850 possimus
955 5789 1105 5834 certo
1132 5777 1536 5847 deprehendere
1564 5787 1822 5848 quantum

572 5879 846 5940 PATBOL.
891 5878 1007 5942 Gtt.
1041 5877 1304 5941 CXLIV.

1935 4577 2018 4646 gio
2065 4578 2322 4632 sensibili.
2359 4578 2440 4631 Ab
2467 4580 2570 4631 hoc
2625 4580 2742 4633 loco
2780 4594 2895 4645 qua:
2930 4589 3220 4630 narrantur
3249 4594 3274 4630 a
3320 4591 3509 4633 nostro

1935 4671 2196 4724 historico
2227 4671 2366 4724 serie
2406 4670 2690 4734 continua,
2733 4685 2820 4722 res
2856 4680 3012 4738 prout
3043 4683 3271 4724 evenere
3323 4669 3506 4724 decla-

1933 4773 2107 4826 rante,
2140 4779 2309 4831 usque
2341 4763 2408 4818 ad
2442 4779 2489 4816 c.
2528 4762 2622 4826 ‘29,
2649 4761 2799 4824 LIII,
2833 4762 3074 4829 quinque
3103 4761 3214 4816 fere
3242 4777 3505 4817 annorum

1931 4856 2154 4924 explent
2234 4856 2488 4926 spatium.
2557 4853 2715 4909 Unde
2763 4853 2925 4920 quod.
2966 4853 3222 4908 scribitur
3275 4869 3328 4923 p.
3374 4854 3507 4922 270,

1933 4957 2201 5000 mortuum
2228 4961 2348 5001 esse
2381 4946 2612 5002 Veccnm
2645 4946 2748 5000 sub
2775 4949 2932 5000 linem
2964 4947 3170 5014 Martii,
3207 4948 3272 5002 ad
3305 4963 3507 5003 annum

1930 5039 2050 5092 sine
2072 5038 2233 5092 dubio
2260 5040 2495 5108 pertinet
2519 5038 2722 5093 Christi
2764 5038 2923 5094 H98.
2983 5038 3120 5094 Octo
3154 5040 3320 5109 igitur
3349 5039 3509 5096 annis

1934 5140 2054 5199 post
2081 5130 2314 5185 laxatam
2349 5130 2740 5199 aliquantulum
2768 5132 3096 5196 custodiam,
3137 5141 3386 5199 perstans
3425 5133 3514 5187 ni-

1932 5224 2228 5279 hilominus
2251 5221 2490 5279 Joannes
2521 5220 2732 5278 .Veccus
2758 5225 2811 5277 in
2843 5237 3088 5288 carcere,
3119 5225 3379 5294 quoniam
3406 5225 3509 5279 im-

1927 5317 2173 5384 peratori
2217 5315 2468 5392 assentiri
2503 5316 2565 5369 ad
2593 5313 2832 5370 schisina
2871 5316 3144 5369 rei-oranti
3180 5316 3511 5371 constantis-

1921 5411 2070 5464 sime
2095 5423 2312 5478 semper
2341 5407 2535 5470 renuit,
2589 5408 2654 5460 ad
2687 5423 2934 5474 suorum,
2985 5419 3043 5463 ut
3087 5424 3309 5480 sperare
3336 5409 3507 5475 licet,
3568 5430 3569 5433 ‘

1930 5501 2155 5569 praemia
2194 5499 2438 5554 laborum
2476 5513 2502 5550 a
2545 5497 2655 5552 Deo
2701 5508 2922 5554 vocatus
2963 5498 3017 5554 in
3070 5502 3264 5556 ccelum
3302 5511 3406 5557 est.
3439 5501 3514 5555 At

1933 5591 2312 5657 Melzteniotes,
2345 5590 2482 5645 alter
2504 5590 2621 5659 ejus
2647 5589 2944 5653 sociorum,
3003 5605 3109 5643 non
3141 5592 3292 5661 prius
3346 5606 3507 5658 quant

1931 5695 2054 5756 post
2086 5686 2271 5738 decem
2337 5681 2584 5738 evolutos
2634 5681 2759 5736 inde
2810 5696 3004 5746 annos,
3057 5680 3334 5760 [b.5681
3393 5681 3512 5751 pari

1931 5778 2096 5834 laude
2128 5776 2537 5832 commendatus
2563 5774 2774 5830 invictae
2830 5774 2884 5828 in
2930 5773 3034 5828 iide
3080 5775 3317 5828 Romana
3373 5787 3512 5827 cou-

2997 5869 3070 5934 27
